4080 6220
315 294 423 353 “5

1136 293 1369 355 LIBER
1411 290 2104 353 SACRAMENTORUM
2152 288 2545 350 ECCLESIE
2590 290 2963 352 ROMAN/E.

3635 289 3754 351 146

313 425 654 497 majestatis
690 429 803 481 tua
831 424 1201 481 confessione
1224 425 1537 498 magniﬁca
1556 424 1711 481 beati
1736 423 1979 495 apostoli
2011 426 2064 490 Α
2170 422 2261 477 IV.
2296 424 2601 491 Itemfatia.
2634 455 2703 466 —
2734 424 2811 496 (rt)
2838 425 3202 497 Majestatem
3251 428 3440 492 tuam,
3485 421 3745 491 Domine,

311 515 399 571 tui
426 515 677 570 Andrea
710 532 877 570 sacer
928 514 1141 570 natalis
1194 513 1404 584 illuxit,
1438 513 1771 586 pariterque
1804 512 1975 568 nobis

314 603 647 660 devotionis
680 605 856 676 hujus
888 609 1155 676 tempora
1185 604 1438 676 largiora
1467 602 1691 657 tribuas
1737 605 1794 657 et
1843 618 1973 673 pro-

312 694 558 750 fectum.
594 698 727 765 Per,
764 699 873 750 etc.

382 783 460 853 (a)
488 784 855 839 Sacrandum
878 782 1512 855 tibi,Domine,munus
1532 779 1975 851 oﬂ‘erimus,quo

314 872 470 927 beati
505 874 750 928 Andreas
804 872 1091 927 solemnia
1132 870 1474 935 recolentes,
1508 869 1972 941 puriﬁcationem

311 978 550 1034 quoque
583 962 801 1017 nostris
832 961 1131 1018 mentibus
1164 959 1572 1032 imploramus.
1598 961 1722 1022 Per,
1756 961 1864 1013 etc.

379 1052 528 1107 Vere
560 1051 833 1123 dignum.
882 1051 945 1105 In
999 1050 1314 1105 festivitate
1344 1049 1638 1121 praesenti,
1672 1063 1790 1120 qua
1819 1046 1975 1102 beati

306 1141 553 1196 Andreae
599 1140 850 1211 apostoli
903 1139 991 1195 tui
1036 1140 1406 1195 venerandus
1454 1138 1695 1209 sanguis
1750 1138 1971 1193 eIl‘usus

308 1234 417 1285 est.
444 1229 554 1295 Qui
587 1229 826 1301 gloriosi
860 1228 1110 1301 apostoli
1132 1229 1218 1283 tui
1244 1230 1394 1284 147
1423 1228 1578 1283 Petri
1604 1227 1818 1299 pariter
1848 1243 1970 1281 sor-

308 1324 361 1374 te
392 1319 701 1389 nascendi,
735 1318 1031 1375 consortio
1064 1317 1223 1385 fidei,
1254 1318 1334 1389 (ὁ)
1367 1316 1699 1389 apostolicae
1726 1315 1968 1387 collegio

309 1398 639 1481 dignitatis,
672 1412 733 1464 et
762 1407 1026 1480 martyrii
1085 1410 1175 1463 est
1221 1406 1485 1462 claritate
1537 1422 1873 1477 germanus,
1907 1408 1971 1459 ut

308 1514 456 1569 quos
490 1498 551 1553 in
607 1498 789 1569 huius
832 1496 961 1552 vitae
1015 1513 1190 1553 cursu
1239 1495 1423 1568 gratia
1450 1500 1555 1550 tua
1604 1498 1687 1550 tot
1722 1493 1969 1549 vinculis

310 1585 547 1657 pietatis
577 1587 970 1656 obstruxerat,
996 1585 1211 1641 similis
1231 1585 1290 1641 in
1323 1601 1502 1657 regno
1534 1584 1811 1639 oculorum
1843 1599 1969 1639 nec-

310 1677 458 1730 teret
487 1679 544 1730 et
576 1690 811 1731 corona.
845 1676 971 1746 Per,
1003 1678 1112 1730 etc.

378 1764 574 1819 Prosit
606 1763 790 1831 nobis,
824 1780 1185 1835 quaesumus,
1218 1762 1473 1831 Domine;
1508 1764 1858 1819 sacramenti
1880 1762 1963 1817 tui

308 1852 606 1925 perceptio
647 1852 927 1909 salutaris
978 1870 1083 1925 pro
1135 1858 1371 1908 tuorum
1412 1852 1967 1908 commemoratione

308 1946 672 2012 sanctorum,
698 1946 763 1997 ut
796 1960 901 1999 nos
932 1945 989 1998 et
1018 1960 1053 1998 a
1083 1942 1239 1997 vitiis
1272 1942 1646 1998 mortalitatis
1677 1942 1964 2013 expediat,

309 2036 361 2087 et
388 2037 683 2104 perpetuae
714 2032 905 2088 socios
938 2031 1343 2087 miserationis
1373 2032 1606 2087 efficiat.
1642 2037 1764 2098 Per,
1795 2036 1904 2087 etc.

375 2120 513 2175 Esto
546 2125 864 2193 protector,
897 2120 1162 2191 Domine,
1188 2120 1387 2192 populi
1421 2121 1507 2176 tui
1535 2120 1886 2193 propitiatus
1908 2125 1965 2176 et

317 2214 519 2281 rector,
555 2211 746 2281 eique,
789 2210 1243 2281 deprecantibus
1273 2209 1493 2265 sanctis
1524 2210 1630 2277 tui,
1664 2211 1965 2266 remissio-

319 2315 443 2354 nem
474 2300 673 2355 tribue
699 2302 1073 2371 peccatorum
1107 2315 1121 2365 ;
1156 2302 1367 2370 praesta
1395 2298 1521 2353 vita:
1554 2298 1812 2355 melioris
1836 2302 1967 2355 clie-

319 2392 470 2444 ctum
501 2408 514 2458 ;
549 2388 902 2461 temporalia
930 2388 1218 2461 benignus
1249 2390 1440 2460 praebe
1474 2388 1698 2457 solatia,
1724 2400 1781 2444 et
1809 2394 1967 2446 aeter-

320 2478 518 2534 nitatis
550 2478 847 2550 promissa
873 2478 1028 2534 dona
1055 2478 1288 2549 largire.
1322 2477 1446 2545 Per,
1480 2482 1591 2533 etc.

386 2567 479 2622 III.
512 2570 650 2623 Item
674 2569 812 2622 alia.
844 2597 915 2608 —
944 2566 1222 2622 Omnium
1251 2567 1558 2635 virtutum,
1585 2569 1753 2636 Deus,
1776 2569 1965 2625 bono-

319 2674 564 2730 rumque
593 2657 860 2729 largitor,
892 2657 987 2725 da,
1020 2674 1386 2729 quaesumus,
1420 2660 1483 2711 ut
1529 2656 1683 2711 beati
1716 2658 1963 2730 apostoli

315 2748 393 2801 tui
423 2748 680 2802 Andreas
710 2762 942 2818 semper
980 2745 1149 2801 uobis
1180 2747 1377 2801 adsint
1403 2750 1460 2801 et
1498 2746 1839 2803 honoranda
1870 2766 1961 2804 so-

312 2836 544 2904 lemnia,
576 2840 633 2891 et
663 2836 996 2891 desiderata
1026 2836 1326 2908 praesidia.
1366 2840 1496 2900 Per,
1530 2840 1638 2892 etc.

377 2924 601 2981 Oblatis
634 2923 1447 2997 muneribus,Domine,plebs
1470 2924 1659 2980 ﬁdelis
1690 2927 1960 2997 exsultet,

300 3015 441 3089 quia
469 3014 692 3087 pariter
719 3013 1052 3085 apostolicae
1076 3014 1293 3085 gaudia
1318 3014 1612 3085 passionis
1630 3014 1698 3087 (c)
1723 3020 1778 3070 et
1798 3015 1857 3071 in
1875 3017 1961 3072 eis

305 3112 363 3161 te
392 3104 710 3177 prazdicare
738 3102 1066 3159 mirabilem
1118 3102 1363 3158 conﬁdit
1394 3104 1466 3158 ad
1521 3120 1642 3160 suae
1671 3107 1960 3176 pertinere

302 3194 517 3251 salutis
549 3196 888 3265 augmenta.
930 3192 1055 3247 Per.
1088 3197 1202 3248 etc.

377 3284 518 3341 Vere
552 3283 823 3355 dignum.
853 3281 961 3345 Qui
984 3298 1088 3354 per
1116 3281 1343 3338 cultum
1372 3282 1629 3338 nominis
1659 3284 1764 3350 tui,
1788 3301 1957 3340 vene-

294 3374 707 3444 rationemque
737 3370 1275 3439 sanctorum,nobis
1306 3371 1564 3426 remedia
1582 3371 1959 3428 mirabiliter-

297 3463 584 3536 operaris.
612 3463 729 3517 Hoc
750 3460 879 3533 ipso
902 3460 1769 3531 namquejejunio,quod,beati
1791 3479 1956 3533 apos-

298 3553 435 3609 tolis
450 3553 539 3608 tui
559 3551 684 3606 And
695 3568 803 3606 reae
824 3551 974 3606 festa
990 3549 1627 3622 praevenientes,oculis
1649 3553 1763 3606 tuae
1781 3553 1956 3623 maje-

298 3644 469 3701 statis
490 3640 1003 3711 oﬁ‘erimus,simul
1020 3645 1077 3696 et
1095 3641 1512 3697 continentiam
1531 3641 1848 3698 salutarem
1869 3660 1954 3698 ca-

300 3735 536 3806 piamus
562 3732 778 3787 mentis
799 3733 856 3785 et
878 3730 1223 3801 corporis,et
1244 3729 1550 3801 profutura
1577 3730 1743 3787 nobis
1765 3732 1956 3787 obser-

296 3824 529 3879 vatione
553 3820 954 3892 proficiamus,
973 3823 1031 3874 et
1060 3819 1347 3891 mitigatis
1371 3820 1643 3876 sensibus
1674 3822 1953 3893 corporis,

298 3913 565 3985 puriores
596 3910 781 3966 tantis
812 3909 1103 3965 natalitiis
1134 3926 1550 3982 praeparemur.
1584 3911 1710 3981 Per,
1735 3917 1843 3967 etc.

365 4001 753 4067 Erudiamur,
784 4000 1047 4067 Domine,
1083 4016 1445 4070 quaesumus,
1482 4000 1574 4055 bis
1597 4002 1955 4057 celebritati-

300 4093 406 4148 bus
437 4095 496 4146 et
519 4092 823 4161 juvemur,
856 4088 1073 4159 quibus
1106 4089 1258 4143 beati
1288 4089 1536 4159 apostoli
1568 4091 1810 4145 Δηὼ-θῶ
1843 4108 1954 4147 οω-

295 4181 504 4238 lestem
536 4178 708 4234 nobis
739 4177 1002 4233 tribuant
1034 4177 1319 4249 martyria
1346 4182 1640 4247 praeventa
1668 4178 1951 4237 laetitiam.

297 4269 426 4337 Per,
458 4271 571 4324 etc.

368 4358 624 4420 Referat,
660 4353 923 4417 Domine,
955 4353 1209 4426 populus
1257 4354 1650 4423 Christianus,
1681 4373 1831 4428 quos
1862 4358 1958 4429 pia

300 4447 607 4505 devotione
637 4442 1039 4516 praasumpsit,
1070 4446 1284 4499 sanctis
1332 4443 1747 4516 gratulationis
1788 4446 1957 4503 effec-

2089 512 2437 584 suppliciter
2462 513 2613 567 I48
2671 531 2980 569 exoramus
3029 520 3093 569 ut
3140 515 3292 570 sicut
3323 513 3589 569 Ecclesia!
3628 516 3745 569 tua)

2084 604 2328 657 sanctus
2376 604 2637 659 Andreas
2687 604 2984 675 apostolus
3028 604 3249 660 exstitit
3299 603 3638 675 praedicator
3684 606 3741 659 et

2086 694 2290 756 rector,
2325 690 2406 745 ita
2437 691 2513 745 sit
2547 696 2865 764 perpetuus
2897 694 3271 765 sutl'ragator.
3306 697 3433 758 Per,
3465 697 3574 749 etc.

2160 778 2315 833 Beati
2347 779 2593 850 apostoii
2623 782 2882 851 Andreae,
2918 782 3181 847 Domine,
3218 780 3503 837 solemnia
3533 797 3737 837 recen-

2086 882 2306 931 semus,
2333 874 2397 922 ut
2426 869 2552 938 ejus
2584 869 2798 925 auxilio
2835 876 2933 926 tua
2964 871 3250 927 beneficia
3282 870 3606 942 capiamus,
3630 886 3733 942 pro

2084 970 2199 1025 quo
2229 956 2333 1010 tibi
2369 957 2593 1013 hostias
2626 958 2817 1015 laudis
2849 960 3166 1015 offerimus.
3202 961 3330 1027 Per,
3362 964 3471 1015 etc.

2157 1048 2228 1115 (ε)
2258 1046 2404 1101 Vere
2429 1047 2687 1118 dignum.
2722 1050 2901 1103 Adest
2929 1050 3085 1105 enim
3118 1050 3242 1105 dies
3276 1048 3573 1121 magnifici
3594 1049 3734 1104 voti-

2083 1150 2153 1187 va
2182 1135 2467 1207 martyrii,
2503 1153 2617 1207 quo
2667 1140 3037 1194 venerandus
3078 1140 3341 1194 Andreas
3386 1154 3732 1210 germanum

2084 1239 2145 1278 se
2177 1225 2329 1279 beati
2360 1225 2607 1296 apostoli
2632 1228 2781 1281 Petri
2816 1232 2937 1281 tam
2970 1228 3379 1300 praedicatione
3402 1227 3616 1283 Christi
3650 1228 3735 1283 tui

2084 1329 2261 1384 quam
2294 1314 2654 1370 confessione
2687 1318 3052 1387 monstravit,
3077 1323 3134 1373 et
3163 1317 3495 1389 apostolicae
3528 1333 3731 1372 nume-

2083 1419 2213 1457 run:
2248 1404 2555 1475 dignitatis
2587 1404 2763 1459 simul
2800 1406 3072 1477 passione
3102 1406 3399 1479 supplevit
3422 1411 3481 1462 et
3508 1406 3690 1478 gloria
3715 1425 3729 1476 ;

2081 1490 2147 1562 (Γ)
2181 1496 2243 1546 ut
2273 1494 2489 1565 quibus
2520 1503 2641 1549 erat
2671 1512 2789 1550 una
2820 1512 2998 1551 causa
3029 1496 3387 1564 certaminis,
3413 1512 3530 1551 una
3562 1496 3729 1551 retri~

2078 1580 2242 1637 butio
2276 1587 2431 1637 esset
2460 1587 2517 1638 ct
2549 1584 2790 1655 praemii.
2825 1586 2949 1650 Per,
2984 1590 3095 1641 etc.

2148 1670 2512 1740 Quaesumus,
2547 1674 2915 1745 omnipotens
2950 1679 3118 1742 Deus,
3154 1691 3224 1730 ne
3257 1690 3363 1731 nos
3409 1674 3726 1731 mundanis

2077 1760 2325 1815 sauciari
2377 1762 2619 1834 patiaris
2664 1763 3024 1829 incursibus,
3060 1780 3207 1835 quos
3258 1768 3367 1819 tua)
3419 1764 3723 1837 providen-

2076 1848 2167 1904 tiae
2199 1851 2552 1921 constitutis,
2576 1852 2895 1924 apostolica
2916 1853 3189 1925 praesidia
3214 1870 3329 1909 non
3360 1852 3720 1927 relinquunt.

2077 1939 2202 2009 Per,
2235 1944 2343 1995 etc.

2147 2033 2381 2098 Praesta,
2410 2031 2674 2099 Domine,
2700 2049 3061 2105 quaesumus,
3086 2032 3403 2089 Ecclesiam
3426 2038 3588 2090 tuam
3613 2035 3723 2089 sub

2072 2118 2254 2174 tantis
2270 2120 2523 2191 gaudere
2542 2121 2994 2193 principibus,et
3013 2122 3312 2178 intellectu
3336 2122 3724 2194 capere,quod

2075 2207 2376 2265 devotione
2407 2214 2682 2281 sectatur,
2716 2216 2780 2267 ut
2826 2211 2943 2267 tuis
2992 2212 3483 2284 dispositionibus
3514 2212 3723 2284 guber-

2075 2303 2231 2363 nata,
2264 2316 2412 2369 quos
2444 2301 2713 2371 praesenti
2748 2306 3060 2357 veneratur
3081 2301 3382 2373 obsequio,
3417 2301 3727 2372 participa-

2073 2386 2230 2442 tione
2262 2393 2545 2460 perpetua
2575 2391 2915 2463 contingere
2943 2395 3253 2446 mereatur.
3288 2395 3415 2458 Per,
3451 2394 3561 2446 etc.

2833 2515 2948 2569 XL.

2568 2620 2800 2675 MENSE
2842 2620 3223 2677 DECEMBRI.

2533 2744 2611 2784 VII
2664 2744 2952 2783 KALENDAS
2999 2745 3263 2783 JANUARII
3275 2772 3286 2783 .

2072 2834 2262 2889 Natale
2292 2834 2528 2899 Domini,
2562 2842 2613 2889 et
2642 2838 2972 2906 martyrum,
3004 2835 3083 2906 (g)
3114 2837 3387 2899 Pastoris,
3422 2837 3647 2907 Basilei,
3670 2847 3721 2892 et

2139 2908 2464 3032 ﬁoviatni,“
2498 2906 2779 2977 Victorini,
2813 2911 2865 2962 et
2909 2908 3189 2977 Eugeniz,
3220 2916 3271 2963 et
3318 2906 3640 2980 Felicitatis,
3672 2912 3722 2965 et

2186 2994 2285 3033 nas
2312 2995 2463 3033 aszas.
3308 2998 3311 3001 -

2143 3102 2219 3175 (ἡ)
2255 3103 2424 3169 Deus,
2462 3102 2560 3173 qui
2595 3102 2867 3157 humana:
2901 3103 3244 3159 substantiae
3279 3104 3625 3176 dignitatem
3657 3108 3714 3161 et

1990 3175 2032 3241 C
2074 3190 2420 3246 mirabiliter
2451 3191 2768 3247 condidisti
2799 3196 2855 3247 et
2885 3191 3214 3248 mirabilius
3246 3175 3599 3261 reformasti,
3623 3194 3718 3261 da,

2071 3296 2428 3352 quesumus,
2456 3280 2624 3336 nobis
2648 3282 2703 3349 (i)
2738 3282 2898 3351 (Jesu
2930 3281 3145 3337 Christi
3176 3281 3302 3337 Filii
3336 3282 3443 3354 tui)
3473 3285 3601 3353 ejus
3628 3281 3720 3336 Di-

2065 3373 2323 3427 vinitatis
2364 3388 2491 3427 esse
2541 3378 2861 3439 consortes,
2909 3374 3009 3443 qui
3060 3373 3446 3429 humanitatis
3504 3377 3718 3430 nostra

2064 3462 2187 3517 ﬁeri
2222 3462 2503 3532 dignatus
2532 3466 2620 3517 est
2652 3462 2963 3533 particeps.
2997 3461 3123 3531 Per,
3157 3466 3264 3517 etc.

2135 3552 2197 3622 (i)
2231 3551 2313 3605 Da
2344 3551 2531 3621 nobis,
2566 3567 2929 3623 qumsumus,
2982 3551 3355 3623 omnipotens
3387 3555 3443 3608 et
3482 3552 3711 3608 miseri-

2063 3657 2193 3696 cors
2218 3640 2372 3696 Deus
2403 3644 2458 3696 et
2487 3640 2838 3712 sempiterno
2860 3641 3044 3707 Pater,
3071 3644 3134 3695 ut
3162 3640 3492 3697 Nativitatis
3512 3641 3708 3697 Domi-

2064 3731 2123 3785 ni
2156 3732 2336 3787 nostri
2377 3731 2515 3786 Jesu
2564 3730 2777 3787 Christi
2812 3730 3120 3797 solemnia,
3154 3747 3285 3802 qua:
3324 3733 3712 3804 praesentibus

2063 3820 2269 3876 officiis
2301 3820 2709 3892 pravenimus,
2762 3822 2844 3876 sic
2889 3838 3035 3875 nova
3066 3821 3186 3876 sint
3218 3821 3408 3890 nobis;
3440 3826 3497 3878 et
3526 3824 3712 3878 conti-

2063 3915 2243 3965 nuata
2288 3916 2691 3982 permaneant,
2743 3910 2827 3965 sic
2878 3915 3159 3981 perpetua
3207 3917 3597 3981 perseverent,
3650 3916 3714 3968 ut

2064 4016 2167 4070 pro
2200 4000 2293 4055 sui
2329 4000 2611 4055 miraculo
2646 4017 2795 4055 nova
2825 4015 3058 4069 semper
3086 3999 3358 4054 existant.
3393 4004 3518 4055 Per.
3553 4004 3663 4056 etc.

2134 4093 2279 4144 Vere
2311 4089 2880 4160 dignum.Quoniam
2906 4088 3194 4159 quidquid
3218 4089 3558 4144 Christianae
3590 4106 3717 4161 pro-

2064 4177 2338 4233 fessionis
2388 4177 2691 4232 devotione
2741 4177 3089 4247 celebratur,
3121 4178 3191 4231 de
3214 4178 3365 4233 149
3399 4178 3508 4234 hac
3531 4179 3715 4234 sumit

2063 4265 2434 4321 solemnitate
2454 4265 2833 4336 principium,
2853 4267 2984 4321 etin
3014 4266 3188 4335 hujus
3220 4267 3485 4323 muneris
3508 4273 3717 4340 myste-

2064 4355 2149 4410 rio
2171 4354 2519 4410 continetur.
2552 4355 2664 4409 lloc
2690 4355 2747 4408 in
2771 4354 2918 4425 ipsis
2941 4354 3171 4426 generis
3196 4354 3437 4410 humani
3460 4357 3711 4426 parenti-

2064 4445 2176 4499 bus
2205 4442 2565 4498 declaratum
2615 4448 2723 4512 est,
2758 4442 3034 4513 Apostolo
3067 4448 3445 4514 protestante,
3475 4460 3609 4499 cum
3642 4446 3713 4499 de

302 4542 420 4603 tus,
443 4539 510 4591 ut
539 4534 698 4590 beati
721 4532 970 4605 apostoli
996 4531 1082 4587 tui
1107 4533 1347 4587 Andreas
1374 4532 1553 4588 simul
1578 4534 1677 4589 ﬁat
1702 4539 1759 4590 et
1788 4552 1955 4591 vene-
1985 4554 2031 4618 Ι)
2064 4530 2271 4603 primis
2294 4529 2630 4586 hominibus
2654 4531 3016 4602 loqueretur:
3050 4530 3462 4586 Sacramentum
3478 4533 3576 4587 hoc
3593 4550 3714 4590 ma-

304 4626 529 4682 ratione
548 4623 851 4696 iucundus
880 4626 937 4678 et
966 4621 1384 4678 intercessione
1405 4639 1667 4679 securus.
1696 4625 1819 4692 Per,
1844 4629 1953 4681 etc.

2066 4638 2238 4691 gnum
2266 4625 2363 4676 cst.
2395 4623 2502 4691 Ego
2534 4629 2715 4677 autem
2746 4622 2871 4675 dico
2912 4621 2971 4675 in
3004 4620 3229 4675 Christo
3267 4628 3316 4675 et
3362 4622 3422 4675 in
3451 4622 3712 4679 Ecclesia.

370 4748 450 4819 (a)
482 4749 584 4803 Est
613 4747 673 4819 in
704 4745 915 4819 iisdem
965 4744 1133 4800 codd.
1181 4748 1347 4819 Greg.
1399 4764 1465 4803 ac
1513 4748 1571 4803 in
1624 4749 1846 4806 Missali
1890 4751 1949 4806 in
2057 4745 2641 4802 venimus.Similiter
2663 4744 3017 4800 Muratorius
3036 4746 3717 4819 to_m.IIAnecdot.Lati-

298 4816 479 4876 Missa
505 4817 716 4889 vigilia:
748 4817 1012 4889 ejusdem
1044 4816 1311 4889 apostoli;

370 4892 424 4963 (b
476 4888 622 4946 Vide
654 4888 979 4945 Pamelium
1012 4888 1155 4943 tom.
1190 4890 1234 4955 Ι,
1272 4906 1327 4960 ρ.
1363 4890 1484 4943 436.

375 4895 449 5033 (cl
477 4961 605 5017 Haec
636 4960 821 5017 oratio
850 4960 1081 5015 videtur
1111 4961 1415 5031 mendosa,
1448 4979 1481 5015 ιι

375 4967 423 5032 (c

299 5035 690 5089 desideratur.

368 5107 455 5177 (ά)
488 5104 783 5161 Invenitur
812 5100 1188 5177 apud_Gelas_.
1223 5100 1327 5177 li_b_._
1358 5120 1420 5170 ιι,
1441 5121 1510 5177 _n.
1544 5106 1633 5171 89,
1668 5104 1724 5159 in
1757 5106 1951 5161 omni-

294 5172 410 5232 bus
436 5172 611 5233 codd.
643 5172 1222 5247 Gregorianis,_et_in
1253 5174 1479 5229 Missali
1512 5180 1678 5230 Rom.

367 5244 887 5327 (elAConferthanc
926 5244 1325 5327 praii‘ationein
1374 5248 1755 5327 cum_fusiori
1784 5246 1953 5327 99di_.

298 5316 386 5376 eis
408 5319 681 5376 Ottobon.
710 5316 1053 5391 Gregoriani
1083 5318 1237 5387 apud
1261 5317 1645 5375 Muratorium
1668 5320 1760 5375 die
1782 5321 1815 5374 3
1837 5318 1953 5374 kal.

299 5392 661 5448 Decembris.

299 5392 661 5448 Decembris.

372 5464 444 5535 (f)
475 5464 579 5518 Hic
610 5462 879 5535 quaedam
904 5460 1091 5535 desse
1119 5459 1411 5535 videntur.
1457 5462 1601 5516 Vide
1635 5462 1955 5535 Pamelium

303 5530 453 5617 tom.
488 5535 538 5617 _I,
567 5530 789 5617 p.136,
804 5535 872 5617 et
904 5530 1208 5587 laudatum
1241 5534 1368 5588 cod.
1402 5535 1672 5589 Ottobon.
1716 5541 1861 5590 tom.
1912 5533 1958 5588 ll

308 5603 634 5671 Muratorii,
668 5623 724 5678 p.

373 5680 459 5747 (g)
484 5674 747 5748 Quatu—or
776 5674 1261 5748 prioressanotos
1297 5679 1579 5748 martyres
1601 5676 1710 5733 hac
1732 5679 1825 5733 die
1858 5693 1959 5732 vui

308 5743 594 5823 kaIQ'Jan.
624 5749 688 5813 in
717 5743 897 5811 nullis
925 5743 1283 5833 kalendaria
1313 5752 1414 5807 aut
1451 5743 1862 5824 Martyrologis
1901 5748 1961 5807 in

2061 4835 2271 4875 norum
2305 4834 2435 4889 pag.
2488 4819 2604 4883 191,
2640 4834 2669 4871 e
2720 4832 3039 4888 papyraceo
3073 4817 3422 4875 documento
3455 4820 3713 4878 indicem

2060 4890 2318 4975 prodidit
2338 4889 2597 4971 oleorum
2620 4894 2959 4975 sanctorum
2983 4905 3116 4975 cum
3135 4890 3360 4975 aliquot
3384 4897 3716 4950 sanctorum

477 4961 605 5017 Haec
636 4960 821 5017 oratio
850 4960 1081 5015 videtur
1111 4961 1415 5031 mendosa,
1448 4978 1513 5016 ac
1540 4961 1601 5015 in
1633 4977 1700 5018 ea
1729 4963 1951 5034 aliquid
2064 4960 2387 5033 martyrum
2420 4960 2780 5034 nominibus,
2814 4976 2942 5034 gum
2966 4960 3212 5034 aliunde
3234 4960 3451 5034 ignota
3478 4971 3639 5022 sunt.

2132 5031 2556 5104 (hlLegiturin
2589 5032 2713 5085 cod.
2738 5031 2930 5087 Gelas.
2965 5031 3065 5088 lib.
3100 5052 3142 5100 ι,
3174 5052 3232 5090 n.
3263 5031 3318 5102 5,
3351 5041 3407 5091 et
3436 5036 3493 5091 in
3526 5038 3716 5092 omni-

2063 5103 2200 5160 bus
2228 5103 2395 5159 cod'd.
2432 5103 2805 5174 Cregorianis
2856 5105 3008 5160 inter
3065 5107 3358 5162 orationes
3405 5108 3474 5163 de
3522 5109 3716 5165 Natali

2067 5175 2311 5231 Domini.
2348 5176 2410 5229 In
2444 5175 2662 5231 Missali
2708 5177 2967 5233 Romano
3013 5179 3215 5248 paucis
3247 5178 3461 5235 additis
3493 5180 3711 5237 descri-

2066 5248 2302 5323 biturin
2326 5248 2529 5323 ordine
2548 5249 2734 5323 Missae
2759 5249 3025 5323 dicenda,
3045 5250 3185 5305 dum
3211 5250 3481 5306 sacerdos
3499 5267 3713 5323 aquam

2066 5322 2125 5376 in
2157 5320 2333 5376 calice
2368 5320 2730 5375 miscendam
2764 5321 3074 5377 benedicit.

2133 5394 2201 5464 (i)
2234 5395 2415 5447 Voces
2443 5394 2571 5447 Iesu
2604 5392 2809 5447 Christi
2850 5394 2990 5449 Filii
3036 5395 3123 5448 tui
3154 5396 3293 5449 sunt
3316 5392 3549 5450 varians
3594 5394 3711 5453 lec-

2066 5463 2166 5519 tio.
2201 5464 2554 5520 Muratorius
2585 5465 2785 5521 omisit
2814 5465 2950 5535 ejus.

2139 5538 2201 5606 (jl
2234 5538 2433 5591 Exstat
2461 5538 2520 5592 in
2562 5539 2689 5593 cod.
2724 5535 2916 5592 Gelas.
2951 5535 3052 5589 lib.
3095 5552 3135 5605 1,
3177 5551 3235 5589 n.
3268 5535 3319 5590 3.
3370 5536 3498 5592 Mox
3546 5555 3715 5596 voces

2070 5610 2117 5734 ft
2151 5611 2480 5734 stcmpitcrnc
2524 5611 2691 5666 Pater
2742 5607 3035 5663 abundare
3067 5606 3341 5663 videntur
3369 5624 3437 5666 ex
3467 5611 3714 5668 varianti

2096 5696 2156 5734 ec
2188 5697 2338 5734 ione.

2096 5680 2338 5736 ectione.
