4080 6220
440 361 555 420 HJ

1354 416 1361 427 ,
1400 356 1661 417 OPERA
1710 357 1772 416 S.
1823 352 2053 416 LEONI
2102 350 2379 412 MAGNO
2426 350 2900 413 ATTRIBU'I‘A.

3707 350 3808 410 “8

439 493 557 549 Hoc
580 492 922 565 patriarchae
942 492 1189 549 diversis
1211 489 1536 547 actionibus
1556 494 1614 544 et
1633 489 1873 545 vocibus
1893 488 2088 561 eigna-
2124 486 2175 554 Α
2206 483 2459 539 νὶσονάἰεε
2489 488 2620 551 tuae,
2655 487 2719 541 in
2747 487 2945 558 quibus
2972 484 3220 541 uisitauit
3247 499 3342 540 nos
3386 483 3572 539 Oriens
3597 498 3661 538 eo:
3685 483 3805 540 alto.

437 585 663 638 verunt.
691 581 808 638 Hoc
835 580 935 636 illa
954 581 1099 653 legis
1129 578 1498 635 observantia
1520 577 1779 649 ﬁguralie
1812 578 2080 634 asseruit.

442 671 561 727 Hoc
602 671 996 743 praedixerunt
1043 673 1385 724 cunctorum
1439 667 1729 739 praeconia
1771 666 2084 740 propheta-

443 776 597 815 rum.
626 759 688 815 In
723 759 829 814 hoc
858 746 1335 813 curemoniarum
1361 760 1620 812 veterum
1646 754 1949 827 plenitudo
1971 758 2079 810 est.

443 852 509 903 In
554 847 662 904 hoc
694 862 949 919 praesens
982 845 1305 901 ccelestium
1355 844 1708 900 ministratio
1740 844 2082 916 gratiarum.

446 937 510 992 In
539 936 650 992 hoc
671 938 955 992 bonorum
983 934 1328 1006 pollicitatio
1351 933 1771 989 futurorum.In
1799 933 2084 1005 quo,dum

442 1024 920 1081 manifestissime
950 1023 1406 1096 comprobantur
1435 1039 1560 1094 quae
1591 1022 1821 1077 fuerant
1851 1022 2089 1094 praedic-

442 1118 500 1171 ta
531 1113 809 1187 compleri
852 1112 1279 1169 rationabiliter
1324 1112 1620 1167 credimus
1672 1115 1729 1165 et
1768 1113 2088 1183 prudenter

437 1220 567 1277 quas
598 1203 1026 1276 promittuntur
1050 1219 1178 1258 esse
1199 1205 1461 1257 ventura.
1494 1204 1620 1265 Per,
1652 1203 1765 1255 etc.

509 1294 594 1366 (a)
628 1298 707 1349 Da
735 1292 927 1359 nobis,
948 1308 1306 1363 quaesumus,
1332 1288 1577 1346 Domine
1603 1294 1751 1344 Deus
1782 1293 1998 1347 noster.
2021 1293 2088 1344 ut

439 1383 537 1456 qui
571 1383 946 1439 Nativitatem
980 1380 1207 1436 Domini
1241 1378 1419 1434 nostri
1443 1379 1585 1434 Jeeu
1609 1378 1819 1435 Christi
1854 1396 1959 1433 nos
1979 1379 2086 1434 fre-

439 1474 724 1546 quentare
768 1470 1120 1543 gaudemus,
1172 1469 1369 1542 dignis
1421 1468 1962 1524 conversationibue
2012 1470 2082 1525 ad

440 1562 569 1634 ejus
600 1576 931 1616 mereamur
960 1559 1251 1631 pertinere
1280 1558 1660 1613 consortium.
1705 1559 1830 1624 Per,
1864 1562 1974 1614 etc.

513 1650 589 1721 (b)
625 1645 1764 1722 Largire,quaasumus,Domine,famulis
1786 1647 1905 1702 tuis
1929 1647 2082 1715 ﬁdei,

443 1738 566 1812 spei
598 1742 655 1795 et
683 1738 988 1793 charitatis
1019 1741 1424 1809 augmentum,
1448 1740 1515 1791 ut
1539 1736 1637 1808 qui
1672 1736 1744 1790 de
1772 1736 2084 1792 Nativitate

445 1826 673 1883 Domini
695 1827 878 1882 nostri
900 1827 985 1882 tui
1009 1826 1135 1881 Filii
1156 1825 1501 1898 gloriantur,
1521 1828 1577 1880 et
1593 1826 1833 1881 adversa
1856 1824 2080 1893 mundi,
2114 1855 2161 1920 B

439 1919 497 1972 te
526 1916 913 1989 gubernante,
948 1932 1061 1970 non
1107 1914 1385 1979 sentiant,
1417 1918 1475 1969 et
1514 1930 1642 1985 quae
1687 1914 2084 1987 temporaliter

439 2004 732 2061 celebrare
762 2003 1115 2073 desiderant,
1149 2003 1275 2059 sine
1308 2004 1419 2059 ﬁne
1448 2002 1790 2075 percipiant.
1826 2008 1947 2074 Per,
1970 2008 2078 2058 etc.

510 2095 581 2151 II.
615 2099 753 2151 Item
780 2096 922 2150 alia.
954 2124 1023 2135 —-
1055 2093 1128 2165 (e)
1160 2094 1333 2159 Deus,
1368 2092 1465 2164 qui
1499 2094 1677 2147 beata
1727 2092 1832 2165 (Αι.
1884 2096 2080 2163 sacrae)

434 2183 692 2257 Virginis
722 2188 977 2257 partum,
1009 2182 1135 2239 sine
1165 2183 1425 2237 humana
1455 2182 1925 2254 concupiscentia
1945 2199 2082 2255 pro-

437 2276 722 2337 creatum,
754 2271 814 2325 in
850 2270 978 2326 Filii
1009 2270 1094 2325 tui
1136 2271 1403 2326 membra
1449 2272 1777 2326 venientem
1823 2271 2082 2344 paternis

440 2360 629 2416 fecisti
662 2359 1018 2431 pra-.judiciis
1052 2376 1164 2414 non
1198 2361 1406 2430 teneri,
1439 2364 1671 2431 praesta,
1719 2377 2080 2432 quaesumus,

438 2452 503 2504 ut
530 2448 710 2520 hujus
741 2452 1015 2504 creaturae
1047 2449 1297 2503 novitate
1327 2452 1622 2520 suscepta,
1648 2449 1955 2504 vetustatis
1986 2466 2082 2505 an-

438 2537 613 2610 tiquae
640 2536 926 2609 contagiis
956 2553 1257 2592 exuamur.
1289 2541 1416 2607 Per,
1449 2540 1557 2592 etc.

505 2625 654 2682 Vere
683 2626 949 2698 dignum.
968 2627 1100 2681 Ecce
1123 2628 1292 2692 enim,
1314 2626 1469 2681 sicut
1493 2642 1593 2697 per
1614 2641 1713 2682 eos
1743 2625 1974 2682 locutus
1994 2630 2084 2681 est

436 2715 877 2787 prophetarum,
915 2717 1069 2786 Virgo
1097 2718 1155 2770 in
1203 2718 1363 2770 utero
1409 2716 1641 2786 accepit,
1671 2725 1724 2771 et
1752 2717 1963 2787 peperit
1994 2717 2080 2771 Fi-

436 2804 600 2870 lium,
623 2809 676 2860 et
700 2807 951 2860 vocatum
982 2820 1176 2860 nomen
1209 2804 1326 2875 ejus
1357 2804 1696 2871 Emmanuel,
1728 2808 1778 2859 et
1802 2801 2110 2861 nobiscum'

434 2898 585 2949 Deus
612 2896 725 2959 est;
757 2895 891 2966 quia
926 2893 1167 2948 Verbum
1200 2910 1328 2950 caro
1356 2894 1565 2965 factum
1596 2893 1863 2950 habitavit
1896 2898 1951 2949 in
1981 2912 2081 2950 no-

435 2982 536 3039 bis.
554 2984 686 3039 Ecce
708 2998 848 3054 puer
876 2982 1046 3038 natus
1065 2986 1149 3038 est
1168 2983 1327 3038 hodie
1345 2999 1366 3043 ,ο
1395 2984 1657 3054 parvulus
1684 2984 1846 3039 datus
1874 2992 1953 3040 est
1978 3003 2079 3039 no-

436 3071 538 3140 bis,
561 3080 614 3127 et
642 3072 824 3145 factus
854 3076 933 3127 est
958 3072 1328 3143 principatus,
1350 3073 1506 3144 cujus
1527 3076 1763 3143 potestas
1786 3090 1954 3144 super
1982 3075 2083 3130 hu-

433 3175 613 3217 meros
654 3161 811 3234 ejus;
852 3168 903 3217 et
943 3162 1226 3216 vocabitur
1270 3161 1654 3227 admirabilis,
1704 3163 2078 3234 consiliarius,

433 3250 575 3307 Deus
600 3226 785 3322 fortis,
814 3253 982 3322 pater
1007 3251 1196 3321 futuri
1221 3249 1440 3319 saeculi,
1460 3254 1715 3323 princeps
1744 3253 1915 3321 pacis.
1945 3226 2080 3309 Mul-
2111 3226 2154 3293 C

435 3339 782 3411 tiplicabitur
809 3341 928 3412 ejus
956 3342 1274 3411 imperium,
1300 3348 1354 3395 et
1371 3342 1519 3411 pacis
1546 3357 1656 3397 non
1687 3344 1791 3398 erit
1819 3344 1965 3412 ﬁnis,
1985 3361 2079 3399 su-

431 3445 534 3501 per
559 3431 760 3486 solium
789 3429 963 3485 David
1004 3434 1054 3485 et
1082 3446 1244 3501 super
1272 3447 1502 3502 regnum
1531 3433 1670 3504 ejus,
1701 3440 1761 3487 ut
1789 3432 2080 3503 conﬁrmet

435 3518 575 3576 illud
603 3527 653 3576 et
680 3520 986 3576 corroboret
1016 3519 1212 3576 amodo
1260 3526 1314 3575 et
1360 3536 1531 3592 usque
1575 3522 1635 3575 in
1663 3522 2076 3593 sernpiternum.

433 3612 501 3664 In
533 3607 750 3680 quibus
778 3608 1056 3664 omnibus
1095 3607 1389 3663 evidenter
1434 3608 1617 3663 Deum
1665 3608 2081 3683 hominemque

435 3697 865 3769 cognoscimus,
900 3695 998 3767 qui
1041 3695 1414 3766 suscipiendo
1455 3696 1607 3767 quod
1657 3702 1925 3753 nostrum
1968 3704 2076 3771 est,

435 3784 714 3857 dignatus
744 3787 835 3840 est
866 3783 1036 3839 nobis
1079 3784 1338 3839 conferre
1377 3786 1527 3857 quod
1572 3801 1747 3842 suum
1777 3792 1881 3842 est.
1916 3790 2079 3845 Unde

436 3873 693 3946 profusis
722 3873 973 3947 gaudiis,
1004 3877 1114 3928 etc.
1593 3889 1597 3894 ’

503 3962 660 4020 I50
690 3963 789 4018 III.
822 3964 955 4018 Item
984 3962 1118 4018 alia.
1151 3993 1221 4002 -—
1252 3962 1465 4018 Munus
1495 3963 1690 4035 populi
1735 3964 1845 4035 tui,
1874 3967 2078 4022 Domi-

436 4067 530 4121 ne,
562 4051 826 4124 placatus
856 4050 1117 4115 intende,
1152 4067 1267 4122 quo
1318 4068 1429 4106 non
1465 4050 1747 4108 altaribus
1776 4054 1896 4110 tuis
1922 4054 2079 4127 ignis

435 4139 684 4211 alienus,
717 4154 821 4195 nec
852 4139 1346 4195 irrationabilium
1392 4157 1566 4196 cruor
1603 4143 1923 4198 effunditur
1953 4143 2076 4199 ani-

434 4231 723 4296 mantum,
756 4230 857 4285 sed
889 4229 1072 4284 sancti
1122 4229 1371 4301 Spiritus
1401 4235 1677 4302 operante
1715 4232 1946 4304 virtute,
1983 4250 2075 4289 sa-

432 4316 720 4375 criﬁcium
745 4317 871 4388 jam
907 4322 1198 4389 nostrum,
1232 4335 1446 4391 corpus
1475 4324 1533 4376 et
1576 4320 1816 4394 sanguis
1863 4327 1953 4378 est
1985 4323 2075 4395 ip-

431 4407 559 4464 sius
590 4405 932 4464 sacerdotis.
968 4406 1094 4471 Per,
1126 4411 1237 4462 etc.

498 4497 644 4553 Vere
672 4495 938 4569 dignum.
966 4497 1078 4551 Hoc
1108 4495 1429 4568 praesertim
1456 4498 1548 4553 die
1569 4514 1680 4569 quo
1708 4500 1899 4572 ipsum
1925 4501 2076 4556 salu-

2194 571 2517 629 Benedictus
2538 576 2636 645 qui
2653 575 2800 629 venit
2824 577 2878 629 in
2903 575 3124 630 nomine
3156 574 3409 639 Domini;
3438 572 3529 642 qui
3556 580 3804 642 tamquam

2192 678 2423 734 sponsus
2451 663 2744 734 procedens
2769 664 2843 718 de
2875 662 3120 719 thalamo
3149 679 3265 732 suo,
3315 666 3454 716 Deus
3494 661 3735 716 Dominus
3761 668 3804 715 et

2193 752 2387 807 illuxit
2418 752 2596 819 nobis,
2629 755 2694 806 ut
2730 769 2836 807 nos
2869 752 2938 807 de
2969 751 3224 808 tenebris
3255 755 3312 807 et
3340 752 3410 807 de
3439 749 3641 805 umbra
3668 765 3805 806 mor-

2197 841 2294 907 tis,
2329 856 2573 913 regnum
2608 845 2897 913 perpetua:
2945 842 3052 914 (Al.
3086 840 3330 913 mternaa)
3368 839 3512 895 lucis
3559 837 3805 893 efﬁceret.

2197 930 2361 985 Unde
2393 929 2670 1002 profusis,
2704 934 2816 987 etc.

2267 1019 2347 1091 (ά)
2378 1020 2762 1092 Omnipotens
2794 1019 3148 1091 sempiterne
3171 1019 3347 1085 Deus,
3387 1017 3484 1090 qui
3516 1017 3573 1073 in
3602 1015 3812 1072 Domini

2196 1109 2379 1164 nostri
2403 1110 2433 1164 J
2441 1124 2542 1165 esu
2566 1109 2776 1165 Christi
2799 1109 2927 1164 Filii
2950 1110 3037 1164 tui
3059 1108 3366 1164 Nativitate
3382 1106 3634 1162 tribuisti
3654 1105 3817 1160 totius

2197 1197 2497 1270 religionis
2515 1197 2748 1254 initium
2775 1198 3306 1269 perfectionemque
3339 1201 3621 1265 constare,
3644 1195 3713 1250 da
3731 1210 3817 1248 no-

2196 1286 2310 1351 bis,
2334 1304 2698 1359 quaesumus,
2720 1288 2779 1341 in
2810 1288 2939 1357 ejus
2963 1287 3228 1359 portione
3258 1284 3584 1354 censeri,in
3613 1300 3724 1355 quo
3741 1287 3819 1339 to-

2194 1376 2312 1431 tius
2344 1376 2556 1431 salutis
2588 1376 2856 1432 humanae
2889 1393 3125 1432 summa
3158 1374 3446 1432 consistit.
3478 1375 3605 1442 Per,
3636 1380 3739 1428 etc.

2269 1465 2358 1520 IV.
2389 1467 2522 1521 Item
2551 1466 2684 1521 alia.
2718 1496 2786 1506 —
2817 1466 2888 1537 (e)
2921 1465 3099 1520 Grata
3125 1465 3231 1520 tibi
3267 1465 3361 1521 sit.
3398 1462 3661 1530 Domine,
3687 1477 3825 1533 qna-

2195 1567 2425 1616 sumus,
2459 1551 2756 1607 hodiernae
2787 1550 3118 1607 festivitatis
3157 1550 3401 1617 oblatio,
3432 1552 3500 1604 ut
3528 1553 3631 1604 tua
3654 1547 3825 1620 gratia

2193 1639 2498 1711 largiente,
2527 1658 2629 1713 per
2659 1642 2777 1696 haec
2808 1645 3182 1697 sacrosancta
3212 1638 3567 1696 commercia
3595 1637 3649 1691 in
3679 1635 3824 1691 illius

2192 1727 2563 1784 inveniamur
2592 1729 2798 1797 forma,
2831 1731 2886 1785 in
2936 1746 3051 1802 quo
3080 1734 3275 1786 tecum
3309 1733 3400 1784 est
3442 1731 3641 1783 nostra
3667 1726 3823 1782 subs-

2193 1819 2395 1874 tantia.
2432 1823 2557 1888 Per,
2586 1823 2699 1874 etc.

2264 1907 2327 1979 (Ῐ)
2356 1907 2502 1963 Vere
2531 1908 2797 1980 dignum.
2825 1909 2965 1963 Ture
2995 1906 3187 1964 laudis
3217 1907 3476 1963 hostiam
3495 1904 3712 1977 jugiter
3736 1904 3829 1959 im-

2193 1995 2498 2065 molantes,
2523 1998 2691 2067 cuius
2715 1997 2959 2070 ﬁguram
2980 1995 3120 2052 Abel
3135 1997 3342 2067 justus
3364 1993 3644 2060 instituit,
3661 2009 3832 2066 agnus

2192 2101 2426 2158 quoque
2456 2085 2660 2158 legalis
2690 2086 2967 2156 ostendit,
3013 2085 3330 2141 celebravit
3362 2083 3678 2154 Abraham,
3706 2081 3835 2138 Mel-

2191 2174 2501 2230 chisedech
2552 2176 2824 2231 sacerdos
2872 2175 3172 2242 exhibuit;
3226 2175 3332 2229 sed
3375 2190 3549 2230 verus
3580 2189 3759 2245 agnus
3788 2174 3838 2226 et

2191 2269 2443 2320 aeternus
2478 2265 2761 2332 Pontifex,
2805 2265 2974 2320 hodie
3026 2268 3222 2332 natus,
3256 2263 3535 2319 Christus
3567 2260 3835 2335 implevit.

2192 2354 2355 2410 Unde
2385 2352 2663 2425 profusis,
2695 2359 2805 2409 etc.

2262 2444 2543 2509 Concede,
2570 2460 2933 2513 quaesumus,
2962 2443 3202 2498 nomine
3233 2442 3395 2499 Dens
3427 2438 3840 2511 noster,ntqui

2193 2531 2264 2587 ad
2297 2531 2760 2587 destructionem
2787 2531 3024 2599 diaboli,
3045 2535 3101 2586 et
3122 2531 3540 2588 remissionem
3576 2534 3741 2585 natus
3762 2531 3843 2583 est

2193 2620 2367 2675 hodie
2398 2624 2787 2691 peccatorum,
2814 2624 2871 2677 et
2900 2638 2934 2675 a
2959 2620 3191 2691 culpam
3224 2621 3611 2693 subreptione
3641 2634 3743 2674 nos
3761 2633 3845 2673 ex-

2192 2711 2332 2782 piet,
2366 2714 2423 2765 et
2452 2710 2523 2765 ab
2554 2710 2816 2765 hostium
2866 2710 3204 2765 incursione
3245 2710 3560 2766 defendat.
3596 2710 3719 2775 Per,
3745 2710 3848 2762 etc.

2266 2799 2342 2871 (g)
2379 2801 2477 2865 Da,
2510 2815 2874 2870 quaesumus,
2912 2800 3171 2865 Domine,
3207 2799 3442 2871 populo
3489 2804 3595 2853 tuo
3624 2795 3854 2853 inviola-

2192 2889 2368 2945 bilem
2398 2890 2531 2945 fidei
2565 2890 2919 2957 firmilalem,
2946 2896 3012 2946 ut
3041 2891 3142 2963 qui
3175 2891 3575 2963 Unigenitum
3605 2895 3769 2945 tuum
3799 2886 3851 2940 in

2192 2983 2294 3034 tua
2322 2984 2513 3034 tecum
2548 2980 2731 3051 gloria
2782 2981 3228 3053 sempiternum,
3263 2980 3323 3034 in
3387 2981 3634 3037 veritate
3681 2976 3855 3034 nostri

2191 3067 2452 3139 corporis
2485 3074 2686 3123 natum
2720 3070 2792 3124 de
2825 3075 3011 3124 matre
3045 3068 3286 3141 Virgine
3319 3070 3715 3132 conﬁtentur,
3744 3071 3799 3122 et
3823 3083 3854 3121 a

2191 3156 2579 3228 praesentibus
2607 3157 2933 3213 liberentur
2961 3157 3242 3229 adversis,
3274 3163 3333 3213 et
3384 3158 3689 3215 mansuris
3719 3171 3853 3228 gau-

2194 3244 2307 3300 diis
2341 3244 2696 3301 inserantur.
2730 3251 2859 3315 Per,
2882 3251 2990 3302 etc.

2258 3336 2405 3391 151
2443 3335 2511 3390 V.
2550 3336 2679 3390 Item
2705 3337 2844 3391 alia.
2878 3366 2947 3376 —
2977 3336 3061 3409 (li)
3104 3336 3187 3391 Da
3238 3338 3445 3408 nobis,
3481 3338 3855 3407 omnipotens

2188 3424 2364 3491 Deus,
2386 3429 2449 3480 ut
2480 3424 2633 3479 sicut
2654 3425 2954 3480 adoranda
2988 3424 3114 3480 Filii
3145 3425 3229 3481 tui
3259 3426 3557 3483 Natalitia
3591 3424 3856 3500 praeveni-

2189 3529 2343 3583 mus,
2377 3513 2461 3569 sic
2490 3515 2617 3584 ejus
2671 3530 2914 3569 munera
2961 3514 3266 3587 capiamus
3311 3517 3690 3589 sempiterna
3720 3529 3855 3588 gau-

2187 3603 2359 3658 dente
2396 3603 2522 3670 Per,
2557 3607 2667 3659 etc.

2261 3692 2321 3761 (i)
2350 3691 2538 3746 Tanto
2570 3691 3317 3765 nos,Domine,quaesumus
3340 3695 3722 3768 promptiore
3753 3708 3863 3749 eer-

2186 3780 2326 3835 vitio
2358 3780 2479 3835 haec
2507 3797 2859 3852 praecurrere
2889 3782 3139 3837 concede
3178 3780 3504 3851 solemnia,
3550 3788 3780 3854 quanto
3808 3780 3867 3836 in

2189 3869 2278 3925 his
2302 3876 2569 3926 constare
2595 3870 2946 3943 principium
2974 3877 3184 3927 nostra;
3208 3872 3658 3945 redemptionis
3684 3876 3875 3928 osten'

2188 3958 2299 4013 dis.
2333 3958 2459 4029 Per,
2492 3963 2605 4015 etc.

2260 4047 2402 4101 Vere
2433 4047 2699 4119 dignum.
2717 4047 3072 4103 Solemnitas
3096 4048 3277 4117 enim,
3301 4047 3595 4121 Domine,
3614 4047 3874 4106 caelestis

2188 4134 2348 4206 pacis
2368 4135 3077 4206 ingreditur.Quaaeumns
3100 4141 3162 4191 ut
3180 4152 3282 4208 per
3302 4153 3436 4193 eam
3472 4139 3744 4211 gratiam
3756 4150 3875 4209 ,per

2187 4240 2365 4295 quam
2417 4225 2522 4279 tibi
2578 4225 2988 4281 reconciliatus
3037 4230 3127 4281 est
3174 4227 3441 4283 mundus
3481 4233 3871 4299 peccatorum

2186 4313 2533 4369 remissione
2566 4319 2934 4385 cunctorum,
2969 4331 3078 4371 nos
3123 4331 3358 4387 quoque
3388 4315 3643 4372 delictis
3675 4314 3874 4374 omni-

2185 4404 2295 4458 bus
2326 4403 2561 4474 expiati,
2597 4403 2872 4459 remediis
2894 4409 3009 4460 tuae
3040 4404 3278 4475 pietatis
3300 4412 3621 4478 aptemur,
3641 4411 3704 4463 et
3736 4421 3889 4477 mys-

2183 4491 2392 4547 terium
2454 4493 2607 4564 quod
2653 4493 2872 4548 exstitit
2923 4493 3143 4548 mundo
3183 4493 3475 4565 salutare,
3518 4493 3886 4568 principalis

424 4586 503 4643 tis
533 4590 746 4644 nostrae
776 4590 1209 4642 sacramentum
1234 4587 1292 4641 in
1317 4584 1506 4642 lucem
1532 4589 1795 4658 gentium
1830 4592 2077 4648 revelas-
2116 4586 2157 4648 D
2189 4582 2589 4637 recordatione
2620 4582 2882 4638 muneris
2915 4600 3319 4655 assequamur.
3352 4584 3492 4651 P9P.
3532 4591 3660 4642 etc-

424 4676 491 4745 ti,
523 4679 581 4731 et
610 4676 683 4730 ab
714 4676 862 4732 uteri
894 4674 1197 4749 virginalis
1248 4692 1457 4732 arcano
1503 4675 1781 4732 ineffabili
1823 4679 2076 4736 editione

422 4764 744 4835 promisisti
773 4781 785 4818 :
820 4766 1047 4833 Erigens
1077 4766 1233 4821 nobis
1258 4781 1427 4821 cornu
1455 4766 1650 4821 salutis
1681 4767 1740 4822 in
1771 4768 1938 4824 domo
1967 4770 2066 4825 Da-

418 4850 513 4908 vid
537 4853 704 4922 pueri
730 4854 837 4921 tui,
860 4853 928 4907 art
956 4854 1195 4910 dandam
1222 4857 1509 4911 scientiam
1538 4856 1735 4913 salutis
1755 4858 1948 4928 populo
1977 4863 2069 4915 tuo

422 4942 485 4997 in
512 4941 897 4996 remissionem
921 4953 1273 5014 peccatorum
1302 4960 1511 5013 eorum,
1541 4961 1639 5017 per
1665 4947 1874 5002 viscera
1903 4949 2068 5004 mise-

490 5141 570 5213 (a)
600 5139 780 5213 Codd.
815 5140 1052 5213 Gregor.
1086 5146 1143 5196 et
1171 5141 1408 5198 Missale
1456 5145 1618 5200 Rom.
1670 5143 1823 5200 hanc
1853 5145 2067 5201 oratio-

419 5212 556 5271 nem
581 5212 858 5268 exhibent
889 5212 947 5267 in
980 5212 1160 5268 Missa
1188 5214 1300 5267 diei
1333 5214 1555 5271 Natalis
1586 5216 1840 5272 Domini.

487 5285 564 5412 jb)
598 5283 973 5367 Eet'ibidem,
1005 5288 1062 5338 et
1084 5286 1237 5366 apud
1270 5285 1460 5341 Gelae.
1496 5287 1599 5370 lib.
1632 5305 1669 5355 ι,
1703 5305 1758 5343 n.
1788 5291 1843 5344 5.

510 5372 556 5412 cl
589 5356 820 5412 Legitur
852 5372 907 5411 in
937 5356 1127 5412 Gelae.
1160 5355 1262 5411 llb.
1290 5374 1327 5412 ι.
1362 5375 1417 5412 n.
1440 5360 1473 5411 2
1500 5363 1556 5412 et
1584 5376 1644 5412 1n
1678 5376 1817 5412 mss.

493 5355 560 5431 [cl
589 5356 820 5431 Legitur
852 5355 1262 5431 in_Gelae._lib.
1290 5374 1327 5421 ι,
1362 5375 1417 5412 n.
1440 5360 1473 5411 2
1500 5363 1556 5413 et
1584 5359 1644 5414 in
1678 5376 1817 5414 mss.
1853 5363 2065 5431 Grego-

420 5429 600 5483 riunie
649 5428 853 5483 eodem
906 5428 1074 5483 festo.
1124 5428 1242 5483 Mox
1293 5444 1461 5484 sacra:
1494 5435 1581 5484 est
1613 5432 1841 5486 varians
1874 5428 2063 5498 lectio,

417 5501 502 5555 vel
534 5500 955 5569 supplendum,
990 5504 1053 5555 ut
1096 5501 1251 5571 apud
1302 5500 1619 5571 Gelasium,
1656 5505 1825 5559 beatae
1877 5503 2067 5561 Mariae

413 5587 587 5643 sacrae
626 5572 864 5637 Virginis
890 5578 1139 5643 partum.

486 5642 769 5770 gd‘iagozid.
801 5641 970 5715 Creg.
1007 5645 1155 5699 hanc
1185 5641 1509 5699 orationem
1546 5643 1650 5699 hoc
1681 5647 1883 5705 eodem
1920 5647 2065 5703 festo

529 5729 544 5768 ι
628 5728 664 5767 n
697 5751 711 5768 .

413 5713 711 5771 exhibent.

488 5787 554 5862 (e)
585 5784 689 5844 Est
707 5783 769 5843 in
788 5784 1010 5848 Missali
1033 5784 1274 5846 Gothico
1293 5786 1449 5844 card.
1473 5784 1774 5851 Thomaeii
1803 5787 1865 5850 in
1888 5788 2068 5850 Missa

2256 4671 2435 4737 Deus,
2457 4671 2555 4741 qui
2591 4689 2696 4726 nos
2730 4674 3086 4728 sacramenti
3116 4672 3203 4728 tui
3230 4672 3713 4744 participatione
3746 4688 3883 4729 con-

2182 4758 2381 4828 tingis,
2428 4760 2660 4815 virtutis
2708 4762 2836 4830 ejus
2890 4761 3131 4816 effectus
3177 4759 3236 4815 in
3287 4762 3520 4818 nostris
3586 4762 3887 4819 cordibus

2176 4864 2435 4919 operare,
2474 4853 2538 4903 ut
2566 4848 2937 4921 suscipiendo
2966 4850 3195 4905 muneri
3224 4854 3325 4906 tuo
3356 4866 3467 4923 per
3484 4849 3715 4925 ipsum
3748 4865 3889 4906 mu-

2179 4953 2291 4992 nus
2325 4939 2614 5008 aptemur.
2650 4938 2777 5009 Per,
2811 4943 2921 4995 etc.

2178 5150 2757 5279 illigiliai8lgativitatis
2784 5152 3032 5219 Domini,
3059 5159 3116 5209 et
3145 5155 3299 5226 apud
3332 5153 3698 5215 Pamelium
3734 5164 3891 5217 tom.

2239 5268 2254 5279 .
2286 5241 2340 5279 ι).
2483 5265 2493 5277 .

2238 5268 2254 5293 ,
2286 5241 2340 5293 p.
2375 5241 2493 5277 wn.

2258 5297 2265 5305 ν

2250 5296 2313 5365 (f)
2350 5295 2557 5351 Confer
2585 5294 2776 5351 Gelae.
2809 5294 2911 5351 lib.
2949 5313 2986 5364 ι,
3022 5314 3081 5353 n.
3113 5297 3170 5365 4,
3194 5299 3251 5353 et
3281 5295 3636 5357 l’amelium
3676 5302 3897 5361 eodem

2176 5368 2321 5439 tom.
2357 5366 2425 5439 ΙΙ,
2461 5384 2516 5437 p.
2754 5437 2761 5439 _
2900 5430 2912 5439 ι

2250 5437 2321 5513 (q)
2358 5438 2731 5513 Describitur
2751 5437 2810 5493 in
2842 5437 3012 5495 codd.
3065 5442 3301 5513 Gregor.
3336 5439 3501 5495 inter
3556 5445 3896 5502 orationes

2176 5507 2247 5561 de
2281 5508 2467 5563 Natali
2502 5507 2755 5563 Domini.

2245 5578 2324 5647 (h)
2354 5580 2452 5634 Est
2479 5579 2659 5636 Missa
2691 5580 2895 5653 vigilia:
2920 5581 3250 5638 Nativitatie
3275 5581 3545 5653 Domini.
3577 5584 3734 5642 Hac
3767 5605 3905 5644 ora-

2174 5649 2254 5731 tio
2286 5659 2376 5707 est
2407 5649 2887 5731 apudCelasium
2910 5655 3019 5731 lib.
3052 5672 3092 5731 ξ,
3118 5671 3175 5731 ρ.
3212 5656 3266 5723 1,
3294 5660 3353 5710 et
3382 5655 3438 5710 in
3474 5652 3901 5731 Gregoriano

2173 5723 2653 5794 Sacramentario,
2686 5742 2752 5782 ac
2781 5726 2841 5781 in
2870 5723 3092 5785 Missali
3123 5726 3291 5786 Rom.

2241 5793 2310 5869 (ί)
2339 5796 2505 5869 Apud
2534 5796 2725 5874 Gelae,
2756 5796 3006 5877 ibidem,
