4080 6220
274 310 382 374 149

1062 309 1291 371 LIBER
1334 309 1920 373 SACRAMENTOR'

2076 312 2476 374 ECCLESIE
2525 307 2900 372 ΡιΟΜΛΝιΕ.

3570 304 3687 365 150

339 441 680 499 Benedictio
707 446 831 509 tua,
865 442 1132 513 Domine,
1168 460 1346 515 super
1376 444 1657 516 populum
1700 443 1923 516 suppli-
1956 447 2010 513 Α
2040 446 2203 513 tudo,
2238 451 2295 501 et
2325 446 2416 501 via
2444 443 2708 499 veritatis
2767 446 2825 497 et
2852 442 2970 497 vita
3013 437 3178 511 regni
3225 438 3477 494 caelestis
3508 454 3685 510 appa-

267 538 500 589 cantem
532 532 777 603 copiosa
796 532 1129 596 descendat,
1166 536 1229 585 ut
1257 532 1377 603 qui,
1404 538 1458 586 te
1484 533 1696 588 factore
1719 532 1922 588 condi-

263 630 380 682 tus.
413 629 472 676 te
505 627 597 676 est
627 625 938 692 reparatus
987 625 1244 689 auctore,
1276 625 1331 675 te
1376 622 1601 692 jugiter
1647 626 1923 693 operante

266 714 547 768 salvetur.
587 711 711 774 Per,
746 714 853 766 etc.

328 800 424 855 Vl.
460 801 596 854 Item
626 799 764 854 alia.
791 829 857 840 —
880 803 1057 859 Deus.
1080 798 1182 869 qui
1206 800 1697 853 restaurationem
1727 801 1924 855 condi-

263 890 440 945 tionis
473 888 749 943 humance
782 887 1112 942 mirabilius
1135 890 1415 958 operaris,
1441 905 1620 959 quam
1646 890 1918 944 substan-

262 978 403 1033 tiam
425 976 772 1044 condidisti,
788 976 1005 1039 tribue,
1025 992 1366 1048 quaesumus
1386 983 1449 1031 ut
1466 978 1643 1032 simul
1666 979 1921 1049 perﬁcia-

263 1072 358 1123 tur
377 1067 440 1121 in
463 1066 638 1121 nobis
662 1070 718 1121 et
743 1065 898 1137 quod
920 1065 1137 1120 creavit
1165 1066 1335 1120 Verbi
1360 1065 1445 1120 tui
1468 1066 1668 1121 divina
1688 1083 1923 1135 genera-

257 1156 358 1219 tio,
391 1160 451 1210 et
482 1155 639 1221 quod
667 1156 795 1221 ejus
840 1154 1099 1209 hominis
1148 1154 1281 1208 facti
1330 1154 1589 1225 gloriosa
1638 1155 1920 1211 Nativitas

264 1245 630 1300 reformavit.
665 1244 787 1309 Per,
818 1248 930 1298 etc.

321 1334 432 1389 Tot
455 1333 741 1389 sensibus
764 1331 1135 1398 hodiernum,
1164 1333 1425 1398 Domine,
1450 1332 1805 1389 sacriﬁcium
1828 1351 1918 1389 ce-

258 1422 583 1488 lebramus,
620 1438 735 1492 quo
766 1421 937 1476 nobis
968 1421 1155 1492 ipsius
1186 1421 1455 1478 sacriﬁcii
1480 1427 1621 1477 sunt
1643 1427 1779 1477 nata
1801 1424 1919 1494 pri-

257 1512 511 1567 mordia.
546 1511 677 1576 Per,
712 1515 823 1566 etc.

320 1605 467 1656 Vere
499 1600 777 1671 dignum-
804 1600 1090 1664 Quoniam
1116 1600 1497 1671 magniﬁcum
1522 1605 1732 1655 nostra;
1756 1617 1915 1656 com-

254 1690 538 1747 mercium
562 1687 952 1760 reparationis
975 1688 1213 1757 effulsit,
1234 1705 1366 1743 cum
1386 1689 1457 1745 de
1480 1688 1716 1745 homine
1736 1690 1914 1745 veteri

257 1780 427 1835 homo
449 1793 642 1833 novus
667 1779 746 1850 (a)
774 1782 1012 1832 curatus
1034 1779 1256 1843 existit;
1292 1794 1424 1833 cum
1456 1779 1526 1833 de
1558 1779 1915 1834 mortalitate

260 1867 614 1935 mortalitas,
636 1882 773 1921 cum
795 1866 1056 1921 humana
1077 1867 1332 1921 conditio
1351 1867 1423 1921 de
1445 1868 1630 1938 ipsius
1646 1868 1916 1923 humanae

257 1956 611 2013 conditionis
641 1956 903 2011 confecta
926 1955 1315 2010 medicatione
1339 1960 1599 2022 sanatur,
1635 1961 1693 2010 et
1722 1957 1793 2011 de
1815 1958 1916 2012 ob-

260 2046 428 2102 noxia
451 2045 835 2117 generatione
848 2048 1106 2116 peccato,
1128 2044 1308 2099 totius
1326 2045 1543 2115 peccati
1567 2046 1763 2100 nescia
1785 2062 1914 2117 pro-

262 2134 336 2191 les
361 2136 657 2199 exoritur;
680 2150 746 2188 ac
770 2150 887 2187 non
912 2132 1101 2187 solum
1121 2138 1321 2188 nostra
1337 2150 1370 2187 a
1394 2133 1580 2188 Verbo
1598 2138 1698 2188 tuo
1717 2149 1915 2189 susce-

268 2230 359 2296 pta
392 2223 689 2296 fragilitas
715 2223 979 2294 perpetui
1013 2222 1090 2277 sit
1119 2222 1381 2287 honoris,
1416 2224 1515 2277 sed
1546 2240 1652 2277 nos
1682 2238 1917 2294 quoque

272 2313 532 2368 mirando
567 2312 863 2367 consortio
897 2311 1092 2366 reddis
1122 2316 1390 2366 mternos.
1431 2312 1557 2374 Per,
1590 2318 1700 2366 etc.

335 2403 485 2458 152
510 2401 634 2457 VII.
659 2403 796 2456 Item
818 2402 953 2456 alia.
978 2430 1046 2440 ——
1070 2400 1459 2467 Exsultantes,
1484 2401 1747 2469 Domine,
1782 2417 1916 2456 cum

266 2492 611 2547 muneribus
643 2491 717 2546 ad
741 2489 951 2545 altaria
972 2490 1307 2545 veneranda
1327 2492 1754 2556 concurrimus,
1780 2491 1919 2560 quia

262 2586 321 2636 et
347 2579 619 2637 omnium
654 2579 823 2634 nobis
855 2579 1028 2633 hodie
1059 2595 1293 2634 summa
1323 2584 1611 2647 votorum,
1653 2584 1710 2634 et
1740 2595 1917 2634 causa

262 2674 480 2725 nostra:
510 2667 937 2739 redemptionis
967 2672 1166 2722 exorta
1195 2673 1302 2722 est.
1339 2668 1463 2737 Per,
1492 2673 1603 2723 etc.

332 2758 479 2813 Vere
502 2758 775 2827 dignum.
803 2756 1090 2822 Quoniam
1121 2772 1253 2811 vere
1286 2773 1587 2829 magnum,
1612 2759 1766 2828 quod
1792 2757 1919 2814 sine

258 2847 523 2918 exemplo
545 2851 637 2901 est
658 2846 978 2917 singulare,
1004 2846 1157 2917 quod
1185 2846 1311 2901 sine
1337 2846 1593 2901 humana
1614 2847 1920 2903 ratiocina-

259 2937 418 2992 tione
451 2934 745 3004 mirabile,
777 2938 890 2989 tuaa
923 2934 1154 3005 pietatis
1186 2936 1407 2989 editum
1457 2941 1915 2993 sacramentum.

256 3032 448 3097 Atque
470 3025 605 3079 ideo
630 3025 787 3080 sicut
806 3024 1015 3095 primis
1044 3022 1317 3079 ﬁdelibus
1343 3024 1569 3079 exstitit
1589 3026 1647 3079 in
1673 3025 1763 3080 sui
1794 3042 1914 3081 cre-

256 3114 508 3170 dulitate
522 3112 1202 3186 pretiosum,ita(b)nunc
1216 3112 1606 3169 excusabilem
1624 3116 1919 3171 conscien-

256 3206 401 3260 tiam
420 3220 537 3258 non
554 3201 859 3274 relinquit,
875 3218 1003 3273 qum
1021 3201 1296 3257 salutaris
1312 3202 1573 3275 mysterii
1592 3205 1915 3273 veritatem,
1948 3186 1991 3253 C

256 3298 381 3365 toto
397 3295 579 3349 etiam
601 3291 823 3347 mundo
842 3290 1215 3357 testiﬁcante,
1238 3308 1350 3346 non
1371 3292 1658 3361 sequitur.
1676 3293 1914 3349 Utenim

258 3383 316 3439 in
357 3381 653 3454 principio
685 3379 925 3437 difﬁcile
954 3380 1270 3449 videretur,
1302 3396 1433 3435 cum
1466 3382 1535 3436 ad
1585 3382 1690 3436 hoc
1721 3399 1917 3439 sacra-

261 3476 534 3527 mentum
560 3487 746 3540 genus
770 3468 1099 3524 humanum
1122 3469 1413 3525 diceretur
1432 3486 1561 3525 esse
1584 3475 1915 3540 venturum,

262 3561 341 3617 sic
375 3577 532 3633 opus
565 3558 896 3629 majestatis
918 3558 1221 3612 immense
1246 3559 1446 3629 negari
1470 3560 1633 3614 nefas
1650 3564 1757 3626 est,
1783 3577 1917 3615 cum

262 3651 528 3705 cernitur
557 3648 780 3719 ubique
812 3646 1219 3718 conspicuum.
1268 3645 1432 3701 Unde
1482 3648 1758 3718 profusis,
1806 3653 1915 3703 etc.

331 3737 601 3794 Concede
632 3734 824 3801 nobis,
876 3734 1140 3803 Domine,
1192 3751 1556 3805 quaesumus,
1607 3742 1672 3791 ut
1719 3742 1922 3794 sancta

260 3832 360 3883 tua
388 3826 503 3881 tibi
533 3824 752 3898 placito
773 3824 945 3879 corde
966 3840 1296 3891 sumamus,
1319 3830 1377 3879 et
1398 3826 1684 3896 quidquid
1711 3828 1767 3881 in
1794 3845 1922 3883 nos-

260 3920 348 3972 tra
376 3920 583 3972 mente
608 3914 885 3969 vitiosum
910 3917 1014 3981 est,
1042 3912 1230 3983 ipsius
1254 3912 1390 3968 doni
1412 3914 1793 3970 medicatione
1813 3932 1918 3971 ou-

262 4010 447 4062 retur.
482 4004 612 4068 Per,
636 4007 747 4059 etc.

332 4094 489 4149 VllI.
524 4094 664 4147 Item
693 4092 829 4145 alia.
864 4122 929 4131 —
964 4091 1131 4157 Deus,
1167 4090 1267 4161 qui
1298 4090 1624 4147 humanum
1659 4109 1865 4164 genus,
1890 4111 1924 4149 a

259 4200 366 4239 suo
392 4180 665 4255 principe
684 4178 977 4235 lethaliter
997 4180 1349 4249 sauciatum,
1374 4181 1585 4237 Christi
1608 4182 1692 4237 tui
1711 4183 1919 4238 nativi-

261 4277 377 4327 tate
400 4271 635 4327 salvere
651 4268 939 4339 dignaris,
958 4273 1189 4339 praesta,
1212 4286 1573 4340 quaesumus,
1591 4277 1658 4326 ut
1675 4288 1788 4326 non
1810 4273 1920 4327 hie-

261 4377 500 4417 reamus
532 4360 591 4413 in
625 4358 980 4430 perditionis
1010 4364 1268 4427 auctore,
1294 4360 1394 4413 sed
1420 4360 1490 4413 ad
1516 4360 1923 4432 Redemptoris

266 4450 452 4505 nostri
484 4447 789 4503 consortia
814 4447 1261 4501 transteramur.
1302 4452 1422 4513 Per,
1457 4454 1566 4503 etc.

2032 536 2167 589 ruit.
2198 522 2329 601 Per,
2362 540 2468 589 etc.

2098 626 2170 695 (ι’)
2194 624 2337 679 Vere
2366 625 2632 695 dignum.
2660 622 2806 685 Quia
2829 619 3010 674 nostri
3038 617 3357 673 Salvatoris
3383 617 3555 673 hodie
3582 616 3683 672 lux

2030 729 2163 767 vera
2188 713 2494 782 processit,
2525 729 2651 782 qua:
2686 710 2843 764 clara
2875 708 3043 762 nobis
3075 708 3271 761 omnia
3302 710 3359 760 et
3384 705 3678 760 intellectu

2032 800 2424 856 manifestavit
2454 805 2510 855 et
2540 801 2689 853 visu.
2720 799 2941 863 Quibus
2974 812 3088 850 non
3121 795 3311 851 solum
3338 800 3680 867 praesentem

2029 891 2208 945 vitam
2244 908 2350 944 suo
2384 889 2695 962 splendore
2736 887 3031 957 dirigeret,
3084 885 3181 939 sed
3234 886 3305 939 ad
3356 885 3546 955 ipsam
3576 902 3682 940 nos

2032 980 2359 1049 maiestatis
2404 980 2704 1033 immensa)
2756 976 3001 1048 gloriam
3054 974 3395 1045 perduceret
3441 974 3682 1029 intuen-

2030 1070 2186 1124 dam.
2214 1071 2347 1137 Per,
2382 1072 2491 1124 etc.

2102 1158 2178 1229 id)
2209 1159 2290 1213 Da
2323 1157 2514 1226 nobis,
2549 1154 2815 1220 Domine,
2850 1169 3217 1225 quaesumus,
3260 1153 3448 1224 ipsius
3481 1169 3680 1208 recen-

2030 1248 2142 1302 sita
2168 1248 2470 1303 nativitate
2502 1244 2781 1316 vegetari,
2814 1244 2984 1314 cujus
3006 1242 3220 1297 scelesti
3246 1242 3523 1313 mysterio
3546 1259 3679 1314 pas-

2030 1339 2220 1391 cimur
2250 1342 2307 1391 et
2338 1342 2632 1407 potamur.
2675 1334 2801 1399 Per,
2830 1338 2938 1387 etc.
3408 1348 3411 1357 ν

2101 1428 2253 1482 153
2289 1425 2377 1479 IX.
2411 1427 2540 1481 Item
2574 1425 2709 1479 alia.
2744 1454 2811 1463 —
2844 1422 2917 1477 Ut
2948 1422 3017 1475 ad
3059 1419 3333 1475 salutaris
3382 1419 3675 1475 hodiernaa

2026 1514 2423 1583 generationis
2454 1513 2757 1568 exordium
2813 1512 3100 1583 pertinere
3151 1524 3502 1579 mereamur,
3536 1524 3673 1580 apo-

2026 1603 2247 1659 stolicis
2276 1603 2466 1657 tribue
2508 1619 2636 1669 nos,
2668 1601 2932 1669 Domine,
2992 1614 3354 1671 quaesumus,
3404 1597 3675 1669 precibus

2026 1693 2316 1764 adjuvari.
2360 1696 2487 1758 Per,
2519 1696 2626 1746 etc.

2096 1782 2374 1837 Praesenti
2408 1780 2715 1845 sacriﬁcio,
2751 1779 3018 1845 Domine,
3050 1782 3150 1832 tua
3198 1776 3549 1849 generaliter
3578 1792 3671 1831 ex-

2027 1872 2203 1927 sultet
2235 1871 2508 1935 Ecclesia.
2539 1886 2654 1941 quo
2686 1868 3048 1924 inﬁrmitatis
3077 1868 3207 1939 ejus
3238 1871 3379 1922 sunt
3409 1883 3675 1938 assump-

2026 1965 2097 2015 tae
2132 1960 2431 2032 primitiis,
2462 1963 2525 2013 ut
2556 1958 2761 2013 divina:
2795 1956 3090 2029 particeps
3121 1958 3282 2011 ﬁeret
3311 1954 3442 2026 ipsa
3473 1960 3672 2025 poten-

2025 2050 2137 2105 tiae.
2173 2049 2300 2115 Per,
2334 2052 2441 2102 etc.

2097 2138 2244 2193 Vere
2276 2138 2540 2209 dignum.
2579 2138 2641 2191 ln
2675 2136 2769 2192 die
2800 2134 3187 2191 solemnitatis
3220 2135 3531 2200 hodiernae,
3558 2150 3673 2204 quo

2025 2226 2161 2281 licet
2194 2226 2511 2289 ineffabile,
2546 2230 2738 2281 tamen
2768 2229 3085 2294 utrumque
3108 2223 3457 2278 conveniens
3481 2223 3673 2277 editur

2026 2320 2484 2380 sacramentum,
2520 2314 2659 2385 quia
2690 2318 2746 2368 et
2780 2318 2966 2368 mater
2992 2312 3172 2379 Virgo
3196 2329 3306 2366 non
3336 2317 3535 2383 posset
3558 2311 3671 2367 nisi

2026 2404 2287 2461 sobolem
2325 2404 2580 2475 proferre
2630 2402 2914 2471 divinam,
2968 2406 3024 2457 et
3072 2406 3244 2464 Deus,
3293 2401 3465 2456 homo
3509 2400 3671 2456 nasci

2029 2495 2326 2566 dignatus,
2358 2491 2781 2563 congruentius
2828 2508 2943 2545 nun
2994 2490 3230 2545 deberet
3275 2489 3386 2543 nisi
3435 2489 3670 2560 Virgine

2029 2586 2213 2636 matre
2243 2582 2529 2654 generari.
2566 2582 2895 2652 Propterea,
2938 2585 3047 2635 etc.

2098 2671 2171 2741 (ρ)
2196 2671 2428 2741 Praesta,
2454 2670 2787 2725 misericors
2813 2673 2984 2737 Deus,
3008 2673 3070 2722 ut
3094 2671 3266 2721 natus
3288 2665 3669 2721 hodieSalva-

2026 2764 2119 2815 tor
2141 2760 2365 2825 mundi,
2392 2760 2545 2814 sicut
2566 2759 2773 2813 divinas
2797 2758 2968 2813 nobis
2990 2756 3384 2829 generationis
3413 2758 3500 2809 est
3524 2771 3671 2810 nuc-

2027 2853 2136 2915 tor,
2171 2848 2253 2903 ita
2283 2854 2339 2904 et
2369 2846 2832 2903 immortalitatis
2861 2847 2937 2899 sit
2966 2846 3091 2918 ipsc
3118 2844 3375 2913 largitor.
3407 2844 3532 2914 Per,
3556 2848 3666 2899 etc.

2099 2937 2274 3008 Deus,
2306 2938 2405 3009 qui
2431 2936 2782 2993 creationem
2804 2934 3158 2991 conditionis
3181 2934 3453 2989 humanas
3475 2932 3674 2988 diabo-

2028 3026 2158 3082 licis
2189 3043 2302 3082 non
2336 3042 2398 3082 es
2428 3043 2640 3089 passus
2671 3024 2859 3097 perire
2906 3023 3202 3095 nequitiis,
3256 3022 3509 3077 remedia
3559 3027 3674 3075 tum

2028 3116 2463 3189 propitiationis
2493 3130 2831 3187 exsequere,
2865 3118 2929 3167 ut
2966 3113 3023 3166 in
3055 3113 3253 3168 eadem
3308 3128 3421 3165 non
3457 3127 3673 3182 prava-

2032 3204 2146 3260 leat
2174 3205 2415 3259 inimica
2445 3203 2769 3275 subreptio,
2803 3203 2900 3257 sed
2937 3202 3259 3272 redemptio
3293 3205 3402 3255 tuae
3437 3200 3675 3254 misera-

2027 3294 2204 3349 tionis
2235 3294 2339 3364 (Al.
2377 3292 2631 3363 pietatis)
2666 3292 2948 3357 obtineat,
2986 3291 3087 3345 Per
3114 3295 3224 3345 etc.

2134 3382 2275 3436 XLI.
2316 3383 2383 3453 (Ῑ)
2418 3382 2474 3434 In
2506 3382 2691 3436 Natali
2709 3382 2892 3434 sancti
2918 3380 3153 3436 Joannis
3182 3379 3561 3448 Evangelistte.

2101 3471 2142 3525 Ι.
2172 3472 2334 3541 —(g)
2358 3470 2738 3541 Omnipotens
2771 3469 3121 3540 sempiterne
3151 3467 3322 3535 Deus,
3357 3467 3454 3535 qui
3490 3466 3668 3535 hujus

2030 3560 2142 3615 diei
2164 3560 2555 3614 venerandam
2580 3562 2957 3627 sanctamque
2974 3556 3230 3610 laetitiam
3256 3553 3405 3610 beati
3424 3554 3672 3625 apostoli

2028 3649 2113 3704 tui
2144 3649 2389 3704 Joannis
2420 3646 2797 3719 Evangelistaa
2830 3645 3137 3700 festivitate
3156 3643 3545 3709 tribulsti;Da
3563 3644 3671 3698 Ec-

2030 3738 2219 3793 clesiae
2254 3742 2389 3801 tuas,
2424 3752 2785 3807 quaesumus,
2821 3739 2878 3789 et
2907 3750 3103 3789 amare
3136 3735 3290 3805 quod
3319 3732 3585 3799 credidit,
3619 3736 3676 3787 et

2032 3828 2348 3899 praedicare
2380 3826 2533 3897 quod
2564 3825 2781 3880 docuit.
2811 3825 2937 3893 Per,
2971 3827 3082 3878 etc.

2103 3918 2176 3987 (ἡ)
2209 3916 2385 3983 Deus,
2420 3915 2519 3986 qui
2554 3932 2655 3985 per
2684 3931 2749 3968 os
2799 3913 2949 3967 beati
3002 3911 3248 3983 apostoli
3299 3910 3384 3965 tui
3432 3911 3678 3966 Joannis

2034 4004 2405 4074 Evangelistsa
2435 4004 2602 4057 Verbi
2639 4004 2724 4056 tui
2762 4002 2931 4056 nobis
2964 4018 3176 4055 arcana
3198 4000 3484 4065 reserasti,
3508 4017 3682 4070 praes-

2032 4099 2113 4159 ta,
2145 4112 2505 4166 quaesumus,
2538 4098 2605 4148 ut
2635 4093 2787 4163 quod
2823 4091 2921 4145 ille
2955 4091 3171 4145 nostris
3221 4090 3459 4145 auribus
3490 4088 3681 4144 excel-

2030 4184 2217 4239 lenter
2246 4184 2481 4246 infudit,
2516 4180 2917 4251 intelligentiae
2941 4179 3324 4249 competentia
3349 4177 3681 4233 eruditione

2030 4274 2355 4344 capiamus.
2389 4272 2513 4337 Per,
2540 4276 2647 4324 etc.

2105 4363 2320 4417 Munus
2352 4360 2548 4432 populi
2574 4359 2681 4423 tui,
2707 4358 2974 4422 Domine,
2999 4374 3341 4429 quresumus
3362 4355 3683 4428 apostolica

2036 4450 2442 4522 deprecatione
2470 4450 2545 4504 sit
2567 4454 2821 4517 gratum,
2843 4452 2905 4501 ut
2928 4447 3175 4501 Ecclesia
3198 4451 3295 4499 tua
3314 4461 3512 4499 eorum
3534 4459 3684 4497 sem-

336 4536 571 4592 Oblatio
594 4536 701 4590 tibi
726 4534 825 4599 sit,
850 4534 1114 4603 Domine,
1144 4535 1438 4589 hodierne
1472 4538 1801 4595 festivitatis
1826 4557 1919 4595 ac-
1950 4546 1996 4611 D
2028 4558 2128 4612 per
2156 4538 2681 4595 intercessionibus
2714 4538 3041 4607 adjuvetur,
3078 4550 3327 4605 quorum
3351 4532 3571 4603 jugiter
3594 4532 3683 4586 in-

266 4630 459 4698 cepta,
485 4641 600 4697 qua
623 4630 681 4681 et
710 4629 924 4680 nostra:
956 4623 1448 4679 reconciliationis
1481 4628 1765 4696 processit
1796 4645 1923 4700 per-

266 4714 420 4771 fecta
446 4714 721 4788 placatio,
748 4718 805 4770 et
828 4713 1007 4769 divini
1030 4711 1225 4768 cultus
1245 4712 1411 4767 nobis
1430 4719 1519 4769 est
1538 4714 1723 4771 indita
1741 4717 1922 4788 pleni-

335 4858 418 4925 (a)
440 4856 656 4921 Codex,
677 4858 948 4913 Existeret
969 4858 1216 4920 curatus,
1234 4857 1575 4913 mortalitate
1591 4861 1922 4915 mortalitas.

268 4927 350 4983 Ex
369 4934 652 4983 contextu
674 4930 1078 4983 emendatum.
1104 4932 1282 4983 atque
1304 4930 1642 4983 sunuletum
1667 4937 1795 4983 est:
1824 4950 1922 4983 nec

269 4930 350 4983 Ex
369 4934 652 4983 contextu
674 4930 1078 4994 emendatum,
1104 4932 1282 4998 atque
1304 4930 1642 5000 suppletum
1667 4937 1757 4987 est
1783 4958 1796 4999 ς
1824 4950 1927 4988 nec

269 5001 537 5073 oportuit
565 5003 853 5073 corrigere
883 5001 1299 5073 immortalitas,
1351 5002 1569 5073 quippe
1616 5004 1927 5059 mortalitas

271 5018 537 5127 osortuu
565 5018 853 5073 corrigere
883 5018 1299 5066 immortalitas,

271 5089 301 5127 ι
372 5074 618 5127 verbum
649 5078 884 5128 sanatur
914 5072 1214 5127 referenda
1244 5075 1350 5125 est.

307 5143 422 5225 “(a)
458 5144 587 5225 Haec
618 5145 674 5199 in
709 5143 1678 5225 Eutychianpsscripto_vitientur,
1709 5147 1928 5225 qui_ve-

274 5214 515 5269 ritatem
554 5214 970 5272 incarnationis
1000 5214 1172 5269 Verbi
1222 5216 1531 5286 negabant.
1580 5214 1791 5272 Contra
1822 5219 1929 5273 hos

273 5301 409 5361 vero
432 5286 833 5361 catholici(uti
860 5287 1393 5361 traditurioratione
1420 5288 1628 5343 ultima
1646 5290 1835 5345 Missa:
1854 5293 1928 5361 IV)

281 5358 651 5430 unigenitum
684 5360 784 5414 Dei
820 5359 1005 5413 Patris
1030 5358 1239 5413 Filium
1270 5361 1328 5413 in
1354 5364 1591 5416 veritate
1609 5365 1785 5417 nostri
1806 5358 1928 5417 cor;

278 5431 431 5498 poris
456 5434 651 5484 natum
680 5432 744 5486 de
772 5441 945 5487 matre
981 5431 1215 5499 Virgine
1244 5432 1590 5502 conﬁtentur.
1645 5437 1689 5488 A
1723 5435 1931 5489 Leonis

283 5500 432 5555 stvlo
468 5518 590 5555 non
619 5503 816 5555 distat.

283 5503 432 5573 stylo
468 5518 590 5555 non
619 5503 816 5557 distat.

353 5574 422 5654 (ε)
450 5572 604 5654 Vide
632 5573 949 5654 Damelium
980 5576 1123 5654 tom:
1153 5572 1225 5640 lI,
1257 5590 1317 5654 p._

375 5590 422 5643 ε)
460 5590 604 5628 Viue
632 5590 949 5635 rameuum
980 5590 1123 5628 tom.
1153 5590 1225 5640 ιι,
1302 5614 1313 5628 .
1344 5590 1469 5630 anu.

375 5645 432 5718 ά)
456 5646 887 5704 Ιονθηὶιυτὶιωο
905 5643 1161 5701 oratioin
1175 5590 1344 5700 corrd.
1371 5647 1535 5719 Greg.
1558 5664 1623 5703 ac
1640 5648 1696 5703 in
1715 5648 1934 5705 Misali

2036 4629 2285 4686 struitur
2315 4626 2666 4699 disciplinis.
2704 4627 2825 4692 Per,
2861 4630 2971 4679 etc.

2107 4722 2173 4788 (ἱ)
2194 4719 2617 4789 Veredignum.
2638 4716 2793 4769 Beati
2813 4712 3061 4784 apostoli
3080 4710 3422 4767 tuiJoannis
3434 4712 3685 4783 Evange-

2038 4864 2300 4918 Romano
2332 4860 2393 4915 in
2422 4858 2621 4930 vigilia
2643 4852 2981 4930 Nativitatis
3013 4852 3264 4930 Domini.

2108 4936 2177 5003 (θ)
2213 4934 2379 5003 Apud
2414 4922 2615 5003 Gevlas.
2638 4928 2809 5003 libLI,
2846 4943 2904 5003 ῃ,
2941 4926 2994 4993 4,
3023 4929 3079 5003 e_t
3101 4925 3159 4979 in
3184 4922 3682 5003 codd._(_}regoria-

2038 4996 2168 5061 niss
2190 4996 2515 5058 ln'laudato
2546 4998 2767 5054 Missali
2802 4996 3006 5053 ultimo
3044 4996 3170 5053 loco
3200 4996 3552 5053 describitur
3577 4996 3686 5052 hoc

2036 5079 2130 5131 die
2169 5076 2333 5130 festo.

2108 5151 2178 5216 (f)
2213 5148 2394 5200 Missae
2427 5145 2485 5197 S.
2518 5140 3302 5216 stephaniprotomartyris,
3338 5158 3463 5211 quas
3494 5137 3684 5216 Missis

2040 5208 2395 5275 die'I'Natalis
2420 5208 2647 5269 Domini
2672 5208 3050 5281 subjicienda
3074 5208 3257 5281 erant,
3282 5208 3681 5283 legunturini-

2039 5291 2118 5347 tio
2152 5291 2371 5344 mensis
2400 5286 2671 5355 Augusti,
2707 5286 2960 5355 indeque
2992 5284 3332 5355 repetendas.

2114 5364 2183 5433 (g)
2220 5363 2315 5417 Est
2363 5361 2421 5415 in
2454 5350 2621 5413 codd.
2652 5350 2891 5433 Cregor.
2926 5350 3179 5433 h_oc_loco
3206 5355 3301 5433 :_in
3326 5350 3547 5406 Missali
3580 5368 3684 5406 au-

2038 5426 2354 5489 tem'Rom.
2384 5433 2477 5486 die
2508 5429 2687 5483 natali
2722 5426 2791 5482 Sf
2820 5426 3247 5483 Bartholomaei.

2114 5506 2188 5575 (ἡ)
2221 5506 2463 5576 Legitur
2487 5503 2639 5572 apud
2674 5500 2861 5576 Gelas.
2896 5500 2996 5576 lib.
3041 5516 3086 5576 Δι,
3142 5515 3198 5551 n.
3231 5496 3287 5559 7,
3338 5500 3396 5550 et
3443 5495 3500 5548 in
3534 5513 3683 5555 mss.

2044 5569 2279 5648 Gregor.
2301 5569 2387 5632 ad
2422 5569 2705 5648 Vcs-peras
2736 5572 2914 5648 hujus
2948 5569 3097 5648 festi.

2114 5638 2190 5723 (1'),
2213 5650 2342 5707 Haec
2373 5638 2633 5720 praefatio
2664 5638 2865 5719 paucis
2898 5639 3144 5697 mutatis
3194 5639 3447 5696 refertur
3469 5638 3532 5696 in
3559 5643 3691 5702 cod.
