4120 6236
516 413 624 472 151

1480 411 1736 472 OPEBA
1783 410 1844 470 S.
1887 409 2119 470 LEONI
2164 407 2442 470 MAGNO
2485 410 2957 472 ATTRIBUTA.

3803 409 3909 468 152

513 544 665 601 listae
693 543 967 600 Natalitia
987 550 1356 602 venerantes.
1390 546 1499 612 Qui
1532 545 1765 602 Domini
1797 545 1984 601 nostri
2015 545 2155 600 Jesu
2191 544 2244 608 Α
2344 543 2492 601 155
2521 542 2926 616 (c)Ecclesiam
2947 542 3417 610 tuam,Domine,
3438 541 3730 615 benignus
3753 539 3912 597 illus-

515 633 733 691 Christi
753 633 883 690 Filii
903 635 1302 691 tuivocatione
1315 640 1606 707 suscepta,
1622 639 1921 691 terrenum
1937 633 2161 706 respuit
2269 635 2381 703 tra,
2411 637 2474 687 ut
2493 633 2833 704 apostolicis
2855 633 3010 689 beati
3029 632 3277 688 Joannis
3299 629 3679 704 Evangelistae
3702 629 3911 686 illumi-

517 727 766 798 patrem,
799 728 864 778 ut
905 729 1104 796 posset
1133 724 1392 781 invenire
1422 724 1733 794 caelestem,
1769 725 1912 780 retia
1943 723 2160 790 saculi,

2272 725 2411 776 nata
2441 722 2743 789 doctrinis,
2779 723 2848 777 ad
2882 722 3037 778 dona
3065 721 3382 794 perveniat,
3416 738 3543 793 quae
3567 721 3636 776 de
3658 726 3762 776 tua
3778 720 3915 777 ﬁde-

519 813 734 885 quibus
759 811 1200 883 implicabatur,
1234 813 1464 884 abjecit,
1511 817 1577 869 ut
1623 814 1967 869 aeternitatis
2011 814 2164 868 dona
2273 811 2429 867 libus
2463 813 2842 868 retributione
2871 812 3160 884 promisit.
3197 813 3324 879 Per,
3355 815 3464 866 etc.

523 906 718 959 mente
737 901 922 958 libera
942 907 1295 971 sectaretur;
1321 907 1625 958 nutantem
1650 903 1927 959 fluctibus
1960 918 2164 958 navem

523 991 781 1063 reliquit,
797 991 931 1046 utin
945 990 1351 1048 ecclesiasticae
1370 994 1407 1046 1
1423 993 1465 1049 5
1478 996 1526 1047 4
1543 993 1988 1065 gubernationis
2001 997 2165 1047 tran-

525 1079 817 1153 quillitate
847 1079 1226 1149 consisteret;
1260 1097 1292 1135 a
1323 1081 1574 1152 piscium
1607 1081 1873 1153 captione
1897 1081 2166 1147 cessavit,

525 1174 591 1226 ut
621 1169 869 1236 animas,
900 1169 1216 1224 mundanis
1237 1170 1569 1241 gurgitibus
1587 1170 1919 1240 immersae,
1944 1170 2169 1226 calamo

528 1257 810 1315 doctrinas
835 1257 1113 1314 salutaris
1141 1258 1540 1327 abstraheret;
1569 1259 1792 1315 destitit
1813 1258 2002 1331 pelagi
2038 1276 2171 1330 pro-

530 1349 712 1404 fundo
744 1347 916 1414 mari,
948 1351 1304 1402 secretorum
1339 1352 1631 1402 scrutator
1658 1349 1924 1403 redditus
1946 1349 2173 1404 divino-

531 1453 686 1493 rum.
714 1436 792 1492 Eo
824 1452 1012 1507 usque
1042 1437 1388 1507 procedens,
1421 1440 1487 1491 ut
1515 1441 1573 1492 et
1602 1437 1661 1491 in
1709 1454 1884 1493 coenae
1919 1439 2174 1510 mysticae

532 1529 906 1582 sacrosancto
936 1525 1196 1582 convivio
1230 1526 1288 1581 in
1323 1526 1510 1599 ipsius
1554 1527 1920 1582 recumberet
1950 1533 2179 1599 pectore

533 1615 876 1682 Salvatoris,
900 1620 956 1671 et
972 1632 1105 1671 eum
1130 1617 1188 1671 in
1212 1632 1380 1672 cruce
1396 1617 1681 1672 Dominus
1699 1618 2075 1685 constitutus,
2095 1617 2181 1670 vi-

536 1705 760 1762 carium
794 1705 907 1772 sui,
941 1706 1110 1760 matri
1141 1705 1390 1778 Virgini,
1424 1706 1608 1762 filium
1637 1707 2004 1779 subrogaret,
2036 1713 2093 1763 et
2121 1708 2183 1762 in

533 1796 810 1868 principio
845 1794 1093 1864 Verbum,
1126 1795 1264 1866 quod
1302 1797 1441 1851 Deus
1488 1805 1606 1852 erat
1651 1797 1798 1868 apud
1843 1798 2033 1866 Deum,
2068 1814 2182 1869 prae

540 1885 764 1941 caeteris
795 1885 1128 1940 ostenderet
1158 1885 1618 1957 praedicandum.
1650 1887 1776 1953 Per,
1807 1890 1919 1943 etc.

612 1973 832 2029 Praesta
852 1973 1322 2043 nobis,Domine,
1345 1991 1708 2045 quaesumus,
1731 1975 2067 2047 apostolicis
2088 1975 2185 2030 do-

537 2062 743 2119 ctrinis
772 2066 831 2117 et
862 2061 1132 2134 precibus
1164 2063 1450 2134 adjuvari,
1486 2068 1552 2119 ut
1590 2065 1744 2136 quod
1796 2065 2183 2136 praesentibus

537 2151 906 2208 celebramus
932 2151 1162 2218 officiis,
1197 2156 1494 2224 perpetua
1545 2153 1884 2210 salvationis
1931 2155 2037 2224 (Al.
2090 2172 2183 2211 re-

537 2240 919 2314 demptionis)
952 2241 1186 2314 gaudiis
1219 2258 1628 2315 assequamur.
1663 2243 1788 2312 Per,
1823 2247 1934 2301 etc.

605 2332 984 2402 Prosequere,
1005 2329 1270 2401 Domine,
1296 2331 1580 2404 populum
1599 2335 1791 2401 tuum,
1814 2341 1875 2388 ul
1892 2332 2184 2405 apostolo-

533 2438 666 2477 rum
698 2419 978 2477 Natalitia
1007 2421 1179 2477 beata
1209 2425 1548 2478 sanctorum
1572 2426 1628 2477 et
1649 2423 1957 2494 temporali
1978 2439 2183 2479 conso-

527 2509 748 2567 latione
777 2511 963 2566 fultus
996 2527 1229 2582 semper
1257 2515 1544 2583 exerceat,
1577 2517 1636 2567 et
1684 2517 1901 2568 aeterna
1943 2513 2186 2568 misera-

525 2600 687 2656 tione
719 2600 1057 2671 redemptus
1088 2605 1389 2671 agnoscat.
1426 2600 1550 2667 Per,
1584 2605 1694 2657 etc.

601 2691 672 2746 II.
704 2689 1002 2747 ltemalia.
1027 2722 1096 2730 —
1120 2689 1396 2746 Natalitia
1419 2691 1608 2746 sancti
1638 2691 1885 2746 Joannis
1916 2692 2185 2763 apostoli,

534 2795 899 2852 quaesumus,
924 2779 1192 2848 Domine,
1217 2796 1459 2835 munera
1481 2780 1808 2852 capiamus,
1831 2785 1894 2836 ut
1915 2782 2040 2836 suis
2062 2799 2188 2853 pre-

532 2868 705 2924 cibus
725 2866 1026 2941 gloriosis,
1045 2872 1102 2923 et
1119 2869 1476 2923 credendum
1493 2868 1891 2941 nobisjugiter
1907 2872 2186 2942 postulet,

529 2962 586 3016 et
598 2957 1708 3031 sequendumbeatusEvangelistaquod
1723 2959 2188 3028 docuit.Per,etc.

607 3047 1228 3120 (a)Supplicationibus
1241 3046 1580 3118 apostolicis
1593 3048 1746 3104 beati
1761 3049 2188 3107 JoannisEvan-

533 3134 776 3210 gelistte,
808 3152 1171 3208 quaesumus,
1219 3135 1486 3192 Ecclesiae
1524 3140 1660 3206 tua,
1709 3131 1976 3209 Domine,
2028 3157 2186 3197 coms

535 3225 848 3281 mandetur
871 3224 1114 3292 oblatio,
1147 3226 1318 3297 cujus
1370 3225 1702 3299 magniﬁcis
1752 3229 2179 3299 praedicationi-

530 3314 642 3371 bus
672 3315 958 3371 eruditur.
989 3315 1116 3384 Per,
1143 3318 1252 3371 etc.

3021 947 3190 1003 XLII.

2774 1039 2837 1092 In
2865 1037 3042 1092 natali
3077 1038 3445 1092 Innocentum.

2353 1173 2396 1226 Ι.
2422 1203 2488 1211 -
2509 1170 2589 1243 (d)
2612 1177 2786 1241 Deus,
2812 1171 2911 1242 qui
2931 1171 3102 1226 bonis
3121 1171 3242 1226 tuis
3267 1170 3559 1226 infantum
3586 1187 3827 1242 quoque
3847 1170 3932 1227 tui

2282 1259 2481 1315 nescia
2507 1259 2860 1315 sacramenti
2892 1260 3069 1315 corda
3099 1259 3401 1330 praecedis,
3447 1259 3662 1325 tribue,
3694 1275 3927 1330 quaesu-

2286 1365 2438 1416 mus,
2470 1355 2534 1403 ut
2559 1353 2769 1404 nostra:
2793 1348 3160 1404 conscientiae
3184 1348 3459 1404 ﬁduciam
3484 1365 3598 1404 non
3621 1349 3932 1416 habentes,

2285 1437 2654 1508 indulgentia
2686 1452 2915 1508 semper
2945 1437 3181 1510 copiosa
3211 1438 3544 1510 prmveniat,
3589 1437 3719 1504 Per,
3753 1445 3865 1494 etc.

2356 1525 2622 1596 Suscipe,
2654 1525 2918 1594 Domine,
2943 1543 3302 1597 quaesumus,
3325 1527 3664 1582 devotorum
3687 1543 3937 1582 munera

2291 1613 2670 1685 famulorum,
2701 1619 2757 1670 et
2786 1615 2906 1670 tuis
2935 1615 3149 1670 divinis
3181 1615 3426 1687 puriﬁca
3463 1615 3786 1671 servientes
3821 1616 3938 1688 pie-

2289 1708 2409 1760 tate
2441 1703 2751 1776 mysteriis,
2786 1705 3003 1776 quibus
3031 1704 3207 1761 etiam
3233 1705 3526 1776 justificas
3572 1705 3937 1777 ignorantes.

2289 1797 2418 1861 Per,
2452 1797 2540 1848 etc
2553 1833 2565 1849 .
3437 1815 3447 1824 ·

2363 1882 2430 1955 (e)
2457 1883 2594 1938 Vere
2611 1882 2877 1955 dignum.
2903 1883 3175 1939 Pretiosis
3192 1883 3348 1940 enim
3367 1883 3655 1940 mortibus
3671 1884 3944 1956 parvulo-

2293 1989 2445 2043 rum,
2471 1989 2640 2043 quos,
2665 1977 2904 2044 propter
2924 1972 3052 2028 Filii
3087 1972 3168 2027 tui
3193 1973 3418 2028 Domini
3443 1974 3626 2029 nostri
3647 1979 3705 2030 et
3733 1973 3943 2030 Salva-

2291 2061 2436 2117 toris
2467 2061 2800 2130 infantiam,
2831 2061 3064 2117 bestiali
3094 2062 3315 2117 saevitia
3363 2063 3616 2120 Herodes
3663 2064 3942 2120 funestus

2293 2151 2527 2221 occidit,
2549 2149 2842 2206 immensa
2862 2150 3182 2207 clementiae
3203 2156 3320 2208 tuae
3339 2153 3484 2208 dona
3499 2154 3947 2225 cognoscimus.

2296 2240 2496 2312 Fulget
2514 2256 2771 2313 namque
2797 2242 2988 2314 magis
3007 2241 3132 2298 sola
3153 2242 3342 2314 gratia
3363 2258 3537 2314 quam
3559 2242 3861 2311 voluntas,
3895 2247 3952 2298 et

2295 2329 2453 2385 clara
2474 2334 2564 2385 est
2583 2331 2746 2402 prius
2774 2331 3068 2386 confessio
3091 2347 3271 2402 quam
3298 2331 3564 2404 loquela;
3592 2336 3726 2387 ante
3751 2332 3952 2404 passio

2297 2436 2470 2491 quam
2505 2421 2769 2475 membra
2795 2420 3088 2490 passionis
3119 2421 3472 2488 exislerent;
3504 2425 3683 2477 testes
3705 2422 3955 2493 Christi,

2295 2507 2397 2580 qui
2419 2510 2548 2579 ejus
2573 2510 2833 2564 nondum
2853 2510 3086 2565 fuerant
3103 2511 3416 2582 agnitores.
3439 2511 3482 2566 Ο
3500 2510 3732 2566 inﬁnita
3750 2511 3958 2584 benig-

2297 2597 2451 2654 nitas
2475 2600 2488 2655 l
2525 2615 2657 2653 cum
2693 2616 2793 2670 pro
2827 2615 2933 2654 suo
2953 2599 3022 2671 (Γ)
3044 2600 3272 2656 nomine
3290 2600 3619 2671 trucidatis,
3641 2601 3839 2657 etiam
3862 2619 3962 2658 ne-

2297 2686 2641 2754 scientibus,
2669 2689 2939 2743 merilum
2963 2688 3160 2761 gloriae
3195 2689 3384 2760 perire
3415 2706 3529 2744 non
3561 2690 3834 2761 patitur;
3861 2692 3962 2748 sed

2297 2777 2532 2846 proprio
2582 2792 2787 2832 cruore
2835 2777 3111 2848 perfusis,
3165 2783 3222 2833 et
3269 2778 3431 2833 salus
3486 2779 3965 2851 regenerationis

2297 2865 2581 2936 expletur,
2613 2871 2670 2921 et
2701 2866 3030 2938 imputatur
3067 2883 3282 2923 corona
3333 2868 3618 2940 martyrii.
3669 2868 3809 2938 Per,
3849 2874 3961 2926 etc.

2367 2957 2446 3028 (g)
2481 2957 2782 3012 Hodierna:
2815 2957 3207 3014 solemnitatis
3237 2959 3508 3014 effectum
3549 2960 3961 3031 sumpsimus,

2297 3046 2562 3117 Domine,
2597 3045 2813 3117 gaudia
2845 3063 3059 3118 magna
3089 3048 3159 3103 de
3189 3047 3403 3118 parvis,
3437 3047 3786 3120 suppliciter
3821 3066 3960 3106 exo-

2297 3140 2494 3191 rantes
2525 3140 2589 3190 ut
2619 3135 2770 3192 hanc
2799 3136 3221 3192 abundantiam
3255 3137 3313 3192 in
3348 3142 3548 3194 nostra
3567 3153 3815 3208 quoque
3843 3139 3966 3196 sal-

2293 3225 2526 3281 vatione
2557 3225 2856 3282 defendas.
2887 3226 2990 3283 Per
3011 3230 3119 3282 etc.

2363 3315 2442 3387 (Ii)
2479 3316 2720 3370 Laetetur
2742 3331 2970 3386 semper
2991 3315 3248 3371 Ecclesia
3267 3319 3387 3384 tua,
3412 3315 3676 3385 Domine,
3697 3320 3965 3374 tuorum

599 3404 745 3461 Vere
766 3404 1036 3478 dignum.
1058 3405 1221 3460 Beati
1251 3405 1492 3462 Joannis
1525 3406 1773 3478 apostoli
1806 3406 2052 3479 gloriam
2087 3425 2175 3465 re-

528 3498 855 3550 censentes.
890 3494 994 3558 Qui
1031 3494 1102 3550 ab
1135 3494 1444 3566 Unigenito
1474 3499 1575 3552 tuo
1598 3496 1682 3551 sic
1708 3496 2070 3553 familiariter
2090 3503 2180 3554 est

526 3582 800 3652 dilectus,
820 3588 877 3638 et
896 3584 1200 3639 immensae
1220 3585 1423 3654 gratiae
1449 3583 1903 3640 revelationibus
1927 3585 2177 3658 inspira-

526 3674 644 3742 tus,
681 3675 745 3727 ut
773 3688 1009 3727 omnem
1057 3672 1502 3743 transgrediens
1549 3675 1902 3740 creaturam,
1951 3675 2177 3732 excelsa

529 3762 724 3815 mente
737 3760 1122 3830 conspiceret,
1138 3764 1196 3816 et
1209 3759 1545 3833 evangelica
1559 3778 1694 3817 voce
1711 3763 2016 3834 proferret,
2037 3765 2177 3836 quia

528 3850 590 3903 in
608 3849 881 3920 principio
903 3856 1020 3904 erat
1050 3850 1296 3916 Verbum,
1321 3855 1372 3905 et
1392 3852 1531 3906 Deus
1548 3855 1672 3906 erat
1695 3853 1940 3924 Verbum,
1976 3854 2049 3925 (ὁ)
2080 3859 2178 3925 qui

528 3937 628 3993 hoc
641 3939 835 3993 eratin
848 3939 1132 4011 principio
1148 3939 1296 4008 apud
1316 3941 1505 3995 Deum.
1531 3940 1784 3996 Dicendo
1803 3942 2018 4014 quippe
2034 3950 2173 4013 erat,

528 4028 975 4101 perpetuitatem
1009 4027 1137 4084 sine
1187 4029 1354 4085 inilio
1399 4029 1838 4086 demonstravit.
1891 4033 2172 4089 Addendo

525 4125 578 4174 οι
604 4119 744 4174 Deus
773 4121 889 4174 erat
923 4118 1172 4186 Verbum,
1215 4127 1267 4174 et
1307 4119 1404 4175 hoc
1433 4123 1552 4175 erat
1600 4121 1661 4174 in
1705 4121 1981 4192 principio
2024 4123 2173 4191 apud

523 4211 719 4275 Deum,
736 4210 793 4263 et
806 4207 1241 4263 distinctionem
1258 4207 1501 4279 protulit
1513 4209 1900 4280 personalem,
1916 4215 1973 4266 et
1991 4228 2169 4267 unam

521 4300 580 4352 te
601 4311 736 4351 cum
760 4295 903 4352 Filio
927 4299 1029 4352 tuo
1050 4297 1320 4368 patefecit
1340 4297 1554 4354 habere
1576 4298 1879 4355 Deitatem.
1905 4302 2028 4366 Qua
2049 4317 2169 4358 ma-

515 4385 751 4459 jestatis
769 4389 993 4441 internae
1013 4385 1278 4442 claritate
1296 4387 1663 4460 deprompta,
1688 4405 1934 4444 summae
1956 4389 2170 4446 Divini-

522 4473 693 4532 nitati
707 4475 939 4531 cederet
951 4478 1150 4530 vocata
1163 4474 1957 4547 gentilitas,ethaereticorum
1972 4480 2171 4535 confu-

2291 3403 2626 3460 celehritate
2657 3409 3023 3470 sanctorum,
3049 3409 3106 3461 et
3131 3405 3549 3462 misericordiae
3578 3410 3689 3462 tuae
3716 3407 3968 3481 jugiter

2288 3493 2618 3564 experiatur
2647 3493 2943 3563 effectum,
2976 3511 3092 3565 quo
3124 3499 3182 3550 et
3213 3495 3499 3566 fragilitas
3520 3495 3787 3551 humana
3816 3499 3968 3553 sub-

2287 3583 2476 3649 sistat,
2509 3587 2567 3638 et
2597 3583 2794 3640 divina
2826 3582 3080 3656 supplici
3130 3585 3457 3656 redemptio
3505 3602 3618 3640 non
3670 3592 3964 3659 negetur.

2287 3672 2411 3739 Per,
2447 3678 2554 3727 etc.

2357 3763 2427 3818 II.
2459 3766 2597 3817 Item
2628 3763 2770 3817 alia.
2795 3794 2861 3802 —
2885 3763 2945 3834 (ἰ)
2977 3764 3152 3834 Deus,
3185 3763 3283 3835 qui
3310 3763 3446 3819 licet
3476 3763 3559 3820 sis
3590 3780 3864 3836 magnus
3901 3768 3964 3823 in

2285 3851 2538 3923 magnis,
2559 3851 2855 3906 mirabilia
2871 3857 3065 3907 tamen
3086 3853 3399 3924 gloriosius
3415 3853 3746 3925 operarisin
3764 3857 3967 3912 mini-

2285 3941 2418 4007 mis,
2443 3941 2514 3994 da
2535 3940 2726 4008 nobis,
2746 3957 3106 4011 quasumus,
3129 3942 3186 3995 in
3210 3959 3410 3997 eorum
3432 3942 3766 3998 celebritate
3785 3962 3963 4017 gau-

2281 4030 2438 4096 dere,
2459 4029 2558 4100 qui
2582 4028 2720 4085 Filio
2737 4034 2836 4086 tuo
2855 4030 3101 4086 Domino
3125 4036 3324 4087 nostro
3345 4031 3754 4087 testimonium
3777 4051 3963 4106 prae-

2282 4118 2534 4174 buerunt
2568 4119 2743 4174 etiam
2779 4137 2891 4176 non
2923 4119 3251 4192 loquentes.
3283 4122 3406 4190 Per,
3440 4128 3548 4178 etc.

2353 4209 2414 4281 (ί)
2430 4209 2664 4276 Adesto,
2701 4210 2964 4279 Domine,
2985 4211 3348 4276 muneribus,
3369 4211 3750 4268 innocentum
3771 4213 3970 4273 festi-

2278 4297 2454 4354 vitate
2485 4300 2813 4366 sacrandis,
2844 4304 2900 4355 et
2941 4305 3176 4372 praesta,
3209 4317 3572 4373 quaesumus,
3614 4306 3679 4357 ut
3725 4319 3968 4364 eorum

2278 4387 2674 4444 sinceritatem
2706 4388 3006 4460 possimus
3037 4390 3278 4456 imitari,
3320 4391 3474 4447 156
3519 4408 3780 4462 quorum
3835 4397 3966 4452 tibi

2277 4477 2528 4532 dicatam
2560 4494 2908 4532 veneramur
2936 4477 3269 4535 infantiam.
3302 4485 3430 4551 Per,
3462 4486 3572 4536 etc.

520 4569 646 4622 tata
663 4563 942 4634 versutia,
967 4580 1070 4619 nec
1090 4565 1492 4621 confusionem
1511 4567 1893 4638 praetenderet
1909 4567 2166 4634 unionis,
2348 4570 2492 4621 Vere
2510 4565 2776 4638 dignum.
2803 4567 3149 4624 Audivimus
3171 4568 3327 4624 enim
3350 4570 3696 4642 prophetam
3724 4573 3966 4631 dicen-

520 4671 628 4710 nec
646 4652 1244 4725 consempiternitatis
1265 4655 1553 4710 minueret
1567 4655 1891 4711 veritatem.
1913 4656 2034 4724 Per,
2055 4662 2164 4714 etc.
2200 4662 2243 4726 D
2277 4659 2391 4710 tem
2423 4658 2577 4726 quod
2611 4658 2816 4712 Rachel
2843 4659 3068 4729 plorans
3095 4659 3242 4730 ﬁlios
3271 4676 3420 4729 suos,
3468 4661 3711 4716 noluerit
3740 4678 3970 4723 como-

591 4742 1314 4800 Miseratoretmisericors
1329 4743 1592 4811 Domine,
1618 4744 1719 4814 qui
1746 4761 1850 4800 nos
1868 4746 2163 4803 continuis
2275 4746 2408 4814 lari,
2439 4748 2573 4818 quia
2601 4762 2713 4802 non
2741 4757 2888 4803 sunt.
2923 4749 3195 4803 Maerebat
3223 4765 3360 4820 ergo
3392 4750 3548 4822 quod
3581 4750 3651 4805 de
3672 4751 3809 4822 ejus
3839 4771 3964 4812 so-

519 4830 842 4887 coalestium
867 4835 1193 4903 martyrum
1216 4848 1331 4888 non
1354 4832 1574 4888 deseris
1599 4832 2000 4900 sacramentis,
2026 4851 2163 4905 prae-
2271 4833 2400 4890 bole
2433 4852 2548 4890 non
2569 4835 2860 4907 venirent,
2885 4836 2986 4908 qui
3015 4841 3179 4893 tanto
3199 4842 3341 4894 sunt
3362 4855 3604 4894 munere
3628 4845 3962 4902 coronati.

517 4925 630 4988 sta,
661 4936 1022 4992 quaesumus,
1057 4924 1122 4976 ut
1152 4938 1280 4993 quae
1314 4921 1517 4978 sedulo
1539 4919 1905 4979 celebramus
1926 4925 2156 4995 affectu,
2268 4923 2348 4978 De
2373 4923 2485 4979 Liae
2510 4925 2728 4997 quippe
2753 4930 2892 4981 sunt
2912 4925 3094 4998 stirpe
3113 4927 3422 5000 progeniti,
3440 4945 3693 4999 quorum
3716 4931 3966 4992 divina

511 5015 679 5084 grato
735 5008 840 5065 tibi
871 5010 1265 5082 percipiamus
1293 5011 1596 5082 obsequio.
1622 5011 1747 5076 Per,
1777 5016 1885 5067 etc.
2267 5014 2457 5084 gratia
2487 5014 2764 5086 praevenit
2783 5020 2840 5069 et
2860 5030 3101 5070 sensum
3131 5032 3144 5081 ;
3170 5014 3615 5088 intelligentiam
3635 5019 3856 5088 passio
3884 5028 3963 5078 et

506 5173 679 5243 Greg.
699 5169 974 5226 Ottobon.
995 5169 1317 5243 Muratorii,
1344 5170 1498 5242 apud
1522 5170 1866 5226 Menardum
1890 5175 2032 5228 tom.
2058 5175 2152 5231 III.

504 5239 747 5320 σορῷ).
772 5250 826 5320 et
858 5241 1011 5320 apud
1042 5239 1538 5320 P_a_melium'tom.
1573 5243 1642 5320 l1,
1679 5245 1900 5320 p.__551.
1940 5319 1943 5320 ν
2111 5319 2125 5320 7
2265 5239 2587 5311 me'ntariis',
2621 5246 3184 5320 quae_prazfationem
3225 5253 3516 5320 repetunt.

573 5313 825 5395 (a)AVinde
856 5313 1045 5395 Gelae.
1080 5312 1180 5395 lib.
1212 5329 1254 5379 ι,
1287 5329 1343 5368 n.
1369 5314 1456 5395 1,
1475 5319 1531 5370 et
1577 5312 1898 5371 Pamelium
1931 5319 2072 5372 tom.
2106 5319 2150 5390 Ι,
2332 5320 2405 5395 (gl
2442 5319 2540 5395 [43st
2571 5312 3255 5395 ap:ud_Pamelium_tom.
3291 5312 3367 5390 ll,
3400 5337 3534 5395 pag.
3567 5321 3692 5375 309.

499 5385 642 5514 pag).
667 5387 794 5453 308,
826 5391 883 5440 et
912 5389 1056 5439 tom.
1091 5385 1160 5450 II,
1196 5401 1327 5466 pag.
1361 5386 1481 5439 190.
2133 5385 2144 5390 ⁷
2340 5385 2410 5460 Ἱι)
2444 5385 2875 5458 Idem—ibidem,
2908 5407 3040 5463 pag.
3073 5393 3198 5446 308.

570 5462 586 5533 (_
629 5455 2142 5533 )liroquilegendumv1detureILMuratorius,etgquia.
2329 5393 2393 5533 gi)
2425 5461 2526 5533 Est
2554 5461 2612 5515 in
2645 5461 2812 5518 codd.
2847 5463 3010 5533 Creg.
3061 5464 3198 5519 Men.

2334 5174 2720 5258 (fiqupleta
2751 5178 2841 5230 est
2870 5177 3246 5258 Vpamomine
3292 5192 3377 5258 ex‘
3409 5176 3665 5258 laudatis
3707 5180 3964 5242 Sacra-

629 5455 2142 5540 )liroquilegendamvideturetzMuratorius,etquis:
2261 5536 2291 5540 λ
2329 5455 2402 5533 (il
2425 5461 2526 5540 Est
2554 5461 2612 5515 in
2645 5461 2812 5518 codd.
2847 5455 3017 5535 Creg:
3061 5464 3345 5532 Menardi,
3389 5465 3694 5521 Muratorii
3727 5470 3959 5540 atque

592 5533 638 5601 ε)
673 5527 812 5584 Fere
841 5527 1040 5584 eadem
1077 5533 1165 5583 est
1195 5528 1254 5582 in
1287 5529 1455 5584 codd.
1489 5530 1657 5601 Grcg.
1704 5547 1767 5586 ac
1819 5527 2144 5589 in'Mi'ssali
2256 5527 2520 5587 Pa'melii.

497 5602 777 5658 Romano.

566 5672 644 5744 (ά)
676 5670 884 5744 gonfer
913 5667 1103 5744 Gelae.
1137 5668 1239 5726 lib.
1275 5687 1336 5744 1,
1360 5687 1425 5744 n.
1449 5670 1502 5724 8.

572 5741 642 5817 (ο)
674 5742 777 5800 Est
801 5741 861 5798 in
892 5741 1166 5800 omnibus
1199 5743 1365 5801 codd.
1401 5742 1792 5815 Gregorianis.

2326 5605 2393 5680 (j)
2420 5605 2656 5677 Legitur
2685 5605 2838 5680 apud
2872 5603 3065 5680 Gelae.
3097 5604 3194 5662 lib.
3232 5623 3273 5678 1,
3306 5625 3363 5664 n.
3391 5609 3444 5676 8,
3496 5611 3553 5664 et
3598 5609 3754 5680 apud
3785 5613 3953 5672 Me-

2254 5679 2504 5733 nardum
2538 5681 2680 5734 tom.
2716 5677 2812 5748 III,
2845 5693 2974 5750 pag.
3013 5678 3098 5734 12.
