4080 6220
468 327 582 388 155

536 460 681 517 Vere
709 461 980 534 dignum.
1030 465 1316 532 Quoniam
1366 461 1588 518 salubri
1642 461 1971 517 mendicate
2012 461 2101 531 je-
2130 459 2185 524 Α

456 552 646 623 junio,
681 556 1015 610 necessaria
1041 554 1325 609 curationi
1353 557 1762 621 tractamus,et
1785 568 1886 624 per
1907 551 2110 606 obser—

459 641 666 695 vantiae
699 643 1081 714 competentia
1113 642 1464 713 obsequium
1498 642 1569 698 de
1625 640 1915 713 perceptis
1962 637 2112 712 grati

461 731 809 786 muneribus
840 732 912 787 de
945 731 1337 803 percipiendis
1368 730 1660 787 efficimur
1691 730 1997 801 gratiores,
2050 733 2114 784 ut

464 836 581 875 non
614 820 808 876 solum
841 825 1071 876 terrena
1094 819 1394 875 fertilitate
1417 820 1702 889 laetemur,
1723 819 1819 873 sed
1844 818 2113 873 nativita-

460 910 580 962 tem
613 908 779 978 panis
811 910 1013 964 aeterni
1045 908 1370 980 puriﬁcatis
1394 908 1793 980 suscipiamus
1818 907 2114 962 mentibus

462 995 890 1053 honorandam.
927 998 1053 1068 Per,
1086 1002 1195 1054 etc.

534 1085 612 1157 (a)
640 1086 1042 1159 Sumpsimus,
1075 1088 1340 1159 Domine,
1372 1087 1731 1143 celebritatis
1758 1104 1966 1143 annuae
2014 1103 2113 1141 vo-

456 1175 574 1231 tiva
596 1184 999 1232 sacramenta.
1029 1177 1633 1249 Pressta,quzesumus,
1662 1182 1726 1231 ut
1748 1182 1803 1231 et
1827 1182 2116 1248 tempora-

461 1262 536 1319 lis
564 1265 692 1319 vitae
714 1266 882 1319 nobis
906 1267 1166 1321 remedia
1192 1267 1484 1337 praebeant
1500 1272 1558 1321 et
1581 1272 1824 1321 aeternis.
1853 1267 1977 1334 Per,
2001 1271 2111 1321 etc.

535 1353 743 1422 Tuere,
777 1354 1044 1420 Domine,
1078 1353 1299 1425 plebem
1329 1359 1516 1423 tuam,
1547 1360 1602 1409 et
1628 1371 1795 1409 sacra
1824 1353 2115 1409 solemnia

465 1442 817 1498 recolentem
850 1441 1104 1498 caelestis
1135 1443 1334 1515 gratias
1359 1442 1628 1516 largitate
1651 1459 2024 1515 prosequere,
2050 1449 2115 1499 ut

463 1530 801 1588 visibilibus
860 1532 1063 1601 adjuta
1121 1531 1371 1596 solatiis,
1430 1533 1501 1587 ad
1556 1532 1876 1589 invisibilia
1963 1534 2115 1589 bona

468 1619 801 1693 promptius
832 1620 1129 1676 incitetur.
1162 1622 1292 1692 Per,
1326 1628 1436 1677 etc.

537 1708 632 1762 IV.
664 1710 797 1763 Item
826 1709 1146 1780 alim—((3)
1172 1709 1708 1781 Respice,Domine,
1734 1709 2025 1782 propitius
2042 1710 2112 1764 ad

462 1796 692 1868 plebem
724 1803 911 1864 tuam,
943 1801 998 1852 et
1029 1814 1201 1869 quam
1234 1798 1449 1854 divinis
1472 1799 1688 1855 tribuis
1722 1800 1999 1871 prolicere
2020 1816 2112 1854 sa-

463 1886 802 1957 cramentis,
835 1887 905 1941 ab
939 1887 1212 1943 omnibus
1242 1887 1475 1944 absolve
1506 1888 1781 1960 peccatis.
1806 1888 1930 1957 Per,
1957 1893 2067 1943 etc.

534 1976 842 2045 Succurre,
880 1976 1140 2045 Domine,
1198 1993 1565 2048 quaesumus,
1611 1976 1825 2049 populo
1876 1982 1998 2046 tuo,
2050 1982 2109 2032 et

461 2063 692 2120 nullum
720 2063 886 2135 sequi
919 2064 1161 2137 patiaris
1193 2080 1471 2133 errorem,
1506 2083 1681 2138 quem
1708 2071 1824 2121 tuas
1841 2067 1932 2122 vis
1952 2083 2107 2121 com-

462 2150 673 2225 plicem
706 2152 831 2208 ﬁeri
862 2153 1146 2209 veritatis.
1179 2154 1306 2222 Per,
1340 2161 1450 2210 etc.

535 2243 906 2313 Quaesumus,
962 2244 1337 2314 omnipotens
1394 2249 1572 2313 Deus,
1648 2243 1917 2300 Ecclesiae
1992 2248 2105 2300 tum

462 2335 728 2402 tempora
757 2332 1029 2387 clementi
1064 2335 1488 2404 gubernatione
1520 2335 1818 2406 dispensa,
1854 2340 1916 2390 ut
1971 2352 2105 2389 cum

464 2419 901 2476 solemnitatum
931 2421 1419 2493 multiplicatione
1450 2429 1815 2488 sanctarum,
1849 2428 1905 2479 et
1936 2424 2106 2479 intel-

461 2507 680 2565 lectum
712 2525 906 2565 rerum
939 2509 1260 2566 cmlestium
1293 2511 1483 2583 capiat
1512 2515 1568 2565 et
1598 2511 1942 2584 profectum.
1979 2516 2104 2580 Per,

464 2602 575 2653 etc.

534 2688 769 2754 Praesta,
804 2704 1166 2759 quesumus,
1190 2689 1455 2759 Domine,
1483 2690 1855 2762 spiritalibus
1874 2691 2108 2762 gaudiis

463 2793 571 2831 nos
597 2776 827 2847 repleri,
861 2784 926 2833 ut
956 2794 1083 2849 quas
1115 2784 1248 2833 actu
1280 2781 1539 2848 gerimus
1572 2784 1766 2835 mente
1793 2785 2104 2836 sectemur.

462 2868 594 2930 Per,
624 2870 732 2920 etc.

535 2953 849 3009 Oll‘erimus
879 2954 1006 3019 tibi,
1041 2954 1305 3026 Domine,
1331 2973 1598 3025 munera,
1624 2958 2024 3031 supplicantes
2048 2964 2111 3014 ut

468 3058 598 3113 quas
629 3042 882 3098 subditis
912 3043 1159 3115 (ALpiis)
1191 3044 1555 3103 celebramus
1586 3048 2003 3120 olﬁciis,plinis
2032 3049 2111 3104 af-

466 3131 721 3187 fectibus
759 3148 1172 3204 exsequamur.
1210 3135 1331 3200 Per,
1363 3141 1476 3192 etc.

534 3218 682 3276 Vere
709 3220 977 3294 dignum.
1006 3222 1112 3289 Qui
1145 3241 1259 3278 non
1294 3224 1484 3280 solum
1516 3225 1831 3283 ineﬁabilis
1867 3228 2015 3285 159
2048 3227 2107 3282 in

465 3308 731 3381 excelsis,
754 3311 856 3366 sed
890 3311 1066 3366 etiam
1100 3311 1428 3369 immensus
1450 3315 1716 3386 probaris
1739 3315 1797 3372 in
1823 3316 2110 3373 minimis.

468 3397 614 3454 Nam
647 3416 780 3454 cum
813 3400 993 3456 Filius
1026 3407 1188 3470 tuus,
1208 3403 1494 3459 Dominus
1518 3410 1737 3472 noster,
1760 3407 1932 3462 Jesus
1955 3406 2113 3462 Chri-

470 3491 622 3556 stus,
659 3489 945 3544 mundum
980 3490 1200 3546 diceret
1231 3492 1564 3548 universum
1599 3495 1658 3548 in
1690 3511 1863 3549 suum
1898 3511 2111 3550 nomen

470 3595 599 3635 esse
622 3595 951 3647 cessurum,
986 3580 1120 3650 quis
1150 3596 1263 3635 non
1284 3580 1460 3636 veluti
1490 3586 1721 3653 putaret
1742 3583 2063 3638 absurdum
2087 3584 2115 3637 ‘?

468 3666 619 3737 quis,
653 3684 784 3722 cum
817 3668 942 3722 ﬁeri
977 3668 1186 3734 videat,
1236 3674 1409 3741 neget
1455 3687 1583 3726 esse
1633 3670 1893 3726 divinum
1925 3673 1953 3727 ?
1996 3688 2117 3728 cer-

467 3772 736 3825 nensque
765 3756 1053 3827 promissa
1073 3757 1370 3829 compleri,
1394 3760 1600 3815 merito
1621 3767 1889 3816 securata
1906 3762 1974 3833 (ε)
1998 3779 2113 3817 non

467 3843 697 3898 dubitet
728 3860 855 3915 quae
889 3845 1112 3916 pariter
1143 3847 1457 3917 praedicata
1486 3853 1628 3903 sunt
1656 3865 1784 3905 esse
1829 3856 2112 3907 ventura?

465 3932 629 3988 Sicut
655 3937 850 3988 autem
906 3934 1186 3989 beatiores
1217 3934 1301 3989 illi
1335 3936 1431 4007 qui
1464 3938 1722 3993 nondum
1774 3941 2115 4011 apparentia

467 4020 862 4091 crediderunt,
898 4022 981 4079 ita
1036 4040 1143 4079 nos
1201 4028 1259 4081 et
1317 4025 1857 4096 inexcusabiliores,
1909 4028 1960 4083 si
2009 4046 2113 4085 nec

467 4115 703 4183 experta
734 4112 1041 4179 fateamur,
1072 4117 1129 4169 et
1173 4113 1559 4171 nihilominus
1601 4118 1882 4189 gratiores
1912 4118 2112 4174 existi-

468 4216 624 4266 mus,
659 4202 707 4255 si
740 4218 870 4271 qua:
901 4203 1215 4259 manifesta
1244 4222 1359 4261 non
1392 4212 1533 4262 sunt
1562 4208 1916 4263 conﬁdimus
1947 4209 2112 4265 adfu-

468 4292 622 4345 tura.
652 4290 781 4359 Per,
813 4295 921 4346 etc.

535 4443 849 4524 (al-Ernstat
876 4442 936 4498 in
968 4443 1189 4524 Missali
1222 4446 1480 4524 Rom._et
1509 4448 1571 4504 in
1602 4450 1770 4524 codd.
1805 4451 2111 4524 Gregoria-

469 4516 688 4591 nis_di_e
718 4516 787 4569 28
814 4515 1081 4591 Januarii
1106 4517 1177 4591 _S:
1205 4520 1444 4591 Agnetis
1470 4522 1751 4577 secundo.

536 4588 611 4659 (ὑ)
644 4588 1120 4663 Inveniturapud
1146 4588 1336 4646 Gelae.
1371 4591 1479 4647 loc.
1514 4593 1635 4663 cit.,
1668 4609 1735 4647 ex
1765 4609 1879 4663 quo
1911 4609 2107 4650 emen-

464 4659 669 4714 datum
704 4660 811 4714 luit
839 4660 1007 4729 proﬁc

465 4729 680 4801 legitur
704 4733 974 4800 proﬁteri.

532 4805 604 4876 (ei
636 4803 716 4876 Ita
747 4804 946 4876 codex,
978 4808 1035 4858 et
1064 4809 1255 4873 recte;
1294 4821 1399 4862 nec
1457 4811 1791 4876 opportuna
1843 4813 1933 4864 est
1983 4826 2109 4865 cor-

466 4872 644 4927 rectio
664 4872 789 4940 jam
808 4875 1034 4929 dubitet.

468 5014 480 5025 _
534 4943 607 5025 (ιζ)
638 4944 874 5027 Legitur
897 4946 1054 5027 apud
1077 4945 1275 5027 .Gelas.
1312 4946 1413 5027 li_b_.
1448 4966 1509 5027 ρ,
1547 4966 1603 5006 n.
1630 4949 1719 5016 85,
1760 4950 1925 5027 πει·ζὸ
1958 4951 2111 5025 inje-

455 5016 628 5141 1ἷὲιιιίο
646 5016 868 5072 mensis
881 5016 1177 5082 decimi,et
1193 5020 1251 5075 in
1266 5020 1755 5094 codd.Gregor.ac
1772 5023 1831 5077 in
1852 5016 2111 5081 Romano

526 5086 688 5141 issali
712 5088 816 5141 fer.
835 5090 870 5141 5
894 5089 949 5141 in
973 5089 1147 5141 Ccena
1173 5093 1420 5141 Dumini:
1442 5110 1506 5141 ex
1530 5096 1747 5141 nnthis
1774 5096 2107 5141 nnnnlntnm

526 5086 816 5170 issalifer.
835 5090 870 5142 5
894 5089 949 5142 in
973 5089 1147 5170 Ccena
1173 5093 1509 5170 Dominiiex
1530 5086 1747 5170 quibus
1772 5096 2109 5170 suppletum

463 5158 574 5215 fuit
599 5159 840 5216 verbum
874 5164 1250 5233 cxsequimur,
1285 5158 1435 5237 quod
1470 5166 1529 5221 in
1551 5158 1748 5224 codice
1770 5158 1966 5225 luxato
1997 5187 2108 5225 non

1010 4677 1098 4715 ere
1130 4678 1233 4732 pro
1265 4680 1331 4719 eo
1364 4664 1517 4734 quod
1549 4664 1608 4719 in
1657 4666 1787 4720 cod.
1832 4669 2112 4723 mendose

1426 327 1686 391 OPERA
1730 328 1797 389 S.
1842 327 2074 389 LEONI
2119 327 2392 390 MAGNO
2433 329 2911 394 ATTRIBUTA.

3762 332 3878 393 156

2287 462 2370 533 (d)
2405 462 2620 519 Refecti
2652 462 2928 519 vitalibus
2959 461 3278 530 alimentis,
3298 463 3866 534 quaesumus,Domi-

2221 567 2315 617 ne,
2345 554 2500 623 quod
2530 558 2794 624 tempore
2826 557 3036 608 nostras
3074 550 3455 607 mortalitatis
3502 555 3876 623 exsequimur,

2223 640 2686 697 immortalitatis
2717 647 2829 696 tua;
2863 658 3106 697 munere
3137 656 3594 711 consequamur.
3630 645 3876 711 Per,etc.

2294 730 2482 801 Super
2512 730 2795 802 populum
2826 735 3017 798 tuum,
3043 729 3683 801 Domine,quaasumus,
3704 732 3873 788 bene-

2225 818 2400 875 dictio
2431 820 2667 891 copiosa
2698 821 3036 889 descendat,
3078 818 3449 890 indulgentia
3485 820 3703 890 veniat,
3736 838 3876 877 con-

2223 908 2431 963 solatio
2464 910 2778 979 tribuatur,
2813 908 2958 964 ﬁdes
2989 913 3191 964 sancta
3221 913 3575 976 succrescat,
3600 910 3874 982 redemp-

2223 996 2305 1053 tio
2338 998 2695 1069 sempiterna
2717 998 2999 1053 firmetur.
3037 998 3164 1062 Per,
3192 1001 3300 1052 etc.

2295 1087 2363 1141 V.
2410 1089 2549 1143 Item
2577 1088 2720 1144 alia.
2759 1116 2818 1128 —
2858 1087 3014 1153 Esto,
3062 1085 3331 1153 Domine,
3379 1087 3673 1158 propitius
3722 1086 3880 1160 plebi

2224 1180 2358 1244 tuae,
2391 1179 2449 1231 et
2478 1174 2786 1247 temporali
2817 1173 3213 1230 consolatione
3254 1192 3369 1230 non
3402 1176 3662 1244 deseras,
3700 1193 3879 1247 quam

2223 1264 2310 1320 vis
2337 1267 2408 1320 ad
2440 1269 2655 1320 aeterna
2684 1265 3058 1319 contendere.
3089 1264 3218 1329 Per,
3250 1269 3361 1320 etc.

2299 1354 2373 1426 (e)
2404 1353 2719 1408 Sacrificiis
2751 1354 3163 1425 praesentibus,
3194 1352 3459 1417 Domine,
3510 1370 3879 1425 quaesumus,

2226 1443 2465 1499 intende
2497 1441 2783 1513 placatus,
2819 1446 2883 1497 ut
2912 1445 2969 1497 et
3001 1441 3288 1496 devotioni
3323 1446 3533 1498 nostris
3561 1443 3880 1514 proﬁciant

2226 1537 2284 1589 et
2313 1531 2509 1588 saluti.
2544 1532 2673 1597 Per,
2705 1535 2815 1587 etc.

2296 1622 2441 1677 Vere
2469 1619 2852 1693 dignum.0ui
2878 1636 2989 1674 non
3014 1618 3207 1675 solum
3230 1624 3470 1691 peccata
3489 1619 3875 1688 dimittis,sed

2224 1710 2385 1783 ipsos
2416 1710 2596 1765 etiam
2621 1708 2917 1781 justiﬁcas
2949 1712 3302 1780 peccatores,
3336 1710 3490 1764 160
3521 1713 3578 1764 et
3608 1709 3724 1764 reis
3757 1726 3875 1765 non

2225 1803 2457 1854 tantum
2492 1814 2719 1870 pinnam
2754 1796 3002 1862 relaxas,
3036 1797 3136 1851 sed
3169 1797 3354 1853 donas
3386 1803 3443 1852 et
3465 1798 3721 1870 praemia.
3749 1803 3879 1868 Per,

2223 1893 2333 1944 etc.

2285 1981 2351 2049 (ﬁ
2387 1978 2625 2045 Praesta,
2659 1991 3045 2047 quaesumus”
3079 1974 3323 2031 Domine
3354 1975 3510 2032 Deus
3536 1980 3882 2044 noster,sa-

2217 2072 2583 2122 cramentum
2608 2064 2792 2119 hocin
2818 2063 3093 2118 Ecclesiis
3125 2064 3245 2119 tuis
3268 2064 3670 2120 indifferenter
3695 2064 3884 2120 intel-

2216 2155 2339 2228 ligi,
2375 2159 2438 2209 ut
2468 2170 2622 2209 unus
2652 2151 2921 2208 Christus
2955 2152 3013 2206 in
3045 2152 3151 2205 Dei
3189 2157 3366 2225 atque
3423 2152 3681 2208 hominis
3724 2155 3882 2209 veri-

2216 2249 2467 2313 tate,nec
2483 2261 2516 2298 a
2539 2246 2740 2297 nostra
2760 2239 2984 2296 divisus
3007 2243 3239 2310 natura,
3271 2258 3377 2297 nec
3401 2260 3435 2297 a
3455 2246 3558 2297 tua
3581 2241 3878 2298 discretus

2216 2331 2893 2389 adoreturessentia.Per
2911 2329 3205 2384 Christum
3231 2330 3546 2386 Dominum
3571 2336 3871 2400 nostrum,

2290 2422 2555 2478 Laudent
2582 2426 2658 2487 te,
2698 2418 2957 2480 Domine.
2988 2435 3089 2474 ora
3118 2424 3337 2489 nostra,
3394 2420 3592 2476 laudet
3640 2422 3868 2492 anima,

2214 2512 2417 2567 laudet
2443 2516 2500 2567 et
2520 2510 2633 2564 vita
2659 2534 2673 2575 ;
2705 2513 2763 2563 et
2783 2507 2922 2580 quia
2940 2508 3025 2563 tui
3056 2510 3318 2565 muneris
3341 2515 3429 2565 est
3449 2511 3604 2581 quod
3628 2526 3868 2577 sumus,

2216 2606 2387 2657 tuum
2419 2600 2497 2656 sit
2536 2614 2710 2655 omne
2753 2598 2909 2668 quod
2958 2598 3038 2669 (g)
3083 2597 3358 2655 vivimus.
3412 2600 3517 2655 Per
3562 2598 3869 2654 Christum

2219 2692 2531 2747 Dominum
2566 2692 2860 2744 nostrum.

2896 2783 2931 2836 h

2289 2783 3411 2942 Suscipite,venerabi(l’;)striti-certa
3438 2866 3663 2939 indigni
3687 2866 3880 2923 culto-

2220 2958 2300 3014 ris
2330 2959 2586 3015 oﬂ‘er.....
2617 2965 2751 3016 vota
2779 2961 2960 3017 totius
2991 2958 3189 3033 populi
3213 2974 3437 3030 pro.....
3461 2955 3779 3024 attendite;
3806 2961 3879 3012 ut

2220 3049 2320 3121 qui
2352 3050 2424 3105 de
2452 3053 2780 3106 vestrorum
2825 3054 3169 3106 meritorum
3202 3047 3346 3104 estis
3395 3044 3878 3102 remuneratione

2138 3141 2181 3208 C
2220 3138 2432 3208 securi,
2470 3138 2601 3195 sitis
2632 3140 2702 3194 de
2764 3145 3099 3197 nostrorum
3148 3136 3468 3193 criminum
3517 3134 3878 3192 remissione

2222 3226 2476 3283 solliciti.

2672 3319 2871 3391 Incipit
2901 3316 3197 3374 benedictio
3223 3314 3411 3387 fontis.

2294 3408 2530 3463 Precem
2562 3405 2669 3462 tibi
2702 3408 3033 3473 fundimus,
3074 3404 3317 3461 Domine
3364 3418 3585 3469 rerum,
3637 3401 3885 3475 genitor

2222 3502 2457 3561 eterna,
2490 3496 2859 3568 omnipotens
2891 3496 3065 3561 Deus,
3097 3495 3269 3566 cujus
3299 3492 3554 3565 Spiritus
3578 3491 3885 3547 ferebatur

2223 3602 2401 3657 super
2440 3602 2646 3657 aquas,
2680 3586 2850 3656 cujus
2880 3584 3032 3640 oculi
3063 3582 3275 3640 excelsi
3307 3586 3665 3654 aspexerunt
3693 3597 3887 3650 super

2220 3674 2535 3731 Jordanem
2560 3674 2828 3744 ﬂuvium,
2852 3674 2993 3729 dum
3018 3673 3269 3745 tingeret
3292 3672 3551 3729 Joannes
3578 3671 3637 3725 in
3677 3670 3885 3742 paeni-

2222 3764 2466 3821 tentiam
2497 3763 2841 3819 confitentes
2873 3768 3111 3835 peccata
3140 3779 3269 3818 sua.
3311 3761 3567 3832 Ideoque
3607 3760 3883 3831 petimus

2223 3858 2489 3910 sanctam
2513 3852 2759 3925 gloriam
2781 3857 2945 3908 tuam
2971 3855 3034 3907 ut
3056 3852 3134 3906 sit
3153 3852 3442 3907 absconsa
3458 3866 3669 3905 manus
3694 3850 3890 3905 tuain

2222 3943 2371 3998 hanc
2395 3958 2631 4014 aquam,
2680 3946 2745 3996 ut
2795 3942 3079 3996 emundes
3118 3944 3177 3994 et
3215 3938 3489 4010 purifices
3523 3936 3890 3994 deteriorem

2223 4031 2544 4098 hominem,
2578 4029 2677 4103 qui
2710 4029 3101 4102 baptizabitur
3130 4046 3198 4084 ex
3228 4043 3317 4094 ea,
3350 4031 3407 4083 et
3436 4026 3759 4081 mortiferis
3782 4026 3894 4083 de-

2220 4121 2377 4178 lictis
2404 4124 2748 4177 renascatur
2773 4136 2839 4175 ae
2866 4117 3169 4174 reviviscat
3191 4134 3290 4189 per
3310 4116 3610 4172 hominem
3635 4132 3890 4186 novum,

2221 4216 2493 4267 renatum
2524 4210 2582 4265 in
2615 4210 2843 4265 Christo
2873 4209 3043 4275 Jesu,
3065 4224 3200 4263 cum
3233 4223 3349 4278 quo
3402 4206 3546 4261 vivis
3579 4209 3637 4261 et
3665 4220 3892 4277 regnas

2223 4300 2283 4355 in
2316 4300 2543 4357 unitate
2572 4298 2824 4372 Spiritus
2856 4297 3047 4353 sancti
3077 4297 3137 4352 in
3169 4295 3383 4352 saecula
3413 4294 3784 4351 seculorum.

2225 4452 2546 4526 legebatur.

2291 4516 2361 4595 (ο)
2394 4524 2492 4579 Est
2521 4522 2581 4576 in
2620 4537 2774 4595 mss.
2809 4520 2983 4595 Greg.
3029 4518 3357 4595 Muratorii,
3404 4533 3471 4573 ao
3495 4516 3893 4595 Δἱιι-Μὶειγειιιί

2218 4589 2359 4651 Rom
2417 4595 2479 4649 in
2499 4594 2673 4647 Missa
2695 4589 3081 4663 sabbati'posl
3103 4591 3470 4646 Dominicam
3492 4590 3526 4643 3
3545 4589 3882 4645 Adventus.

2287 4668 2379 4739 (Ι).
2414 4667 2543 4721 Haec
2575 4664 2759 4739 oratio
2798 4670 3002 4739 contra
3031 4664 3528 4739 Eutychianorum
3555 4677 3813 4718 errorem
3852 4680 3898 4719 α

2221 4735 2427 4795 Leonis
2459 4736 2733 4793 sensibus
2762 4740 2821 4789 et
2850 4736 2997 4808 stylo
3031 4735 3477 4805 non'discrepat.

2290 4812 2363 4879 (g)
2395 4809 2561 4875 Cod.,
2588 4810 2854 4863 vivemus.

2290 4876 2370 4953 (h)
2404 4882 2503 4962 Hie
2529 4876 3894 4962 tresneruees,’quis_postﬂpraeoedentemnora-

2222 4944 2437 5028 tionem
2473 4944 2970 5028 descgribunturin-
2986 4944 3669 5028 codice,Sacramentarii
3702 4944 3897 5028 linem

2219 5025 2478 5081 indicare
2525 5024 2818 5089 videntur,
2868 5022 2951 5077 ita
2995 5026 3061 5078 ut
3106 5018 3414 5093 sequentia
3455 5018 3741 5076 additioni
3790 5033 3907 5074 ex-

2221 5104 2434 5154 traneas
2463 5096 2778 5152 tribuenda
2810 5094 2951 5151 sint.

464 5292 3891 5345 Μ

1987 5423 2343 5481 MONITUM.

533 5520 613 5602 βξ
642 5522 831 5602 tribus
862 5523 1214 5602 Pontiﬁcalis
1247 5527 1491 5583 Romani
1515 5529 1975 5599 prisfationibus,
1998 5545 2145 5602 quas
2168 5529 2375 5602 Leonis
2401 5526 2617 5599 stylum
2640 5526 2955 5602 referentes
2974 5525 3102 5602 ejus
3123 5522 3504 5602 sermonibus
3527 5520 3899 5602 Que__sp_ellua

462 5591 733 5683 prﬁjrecit,
767 5596 891 5677 duas
923 5596 981 5653 in
1016 5599 1316 5683 praemisso
1338 5591 2179 5683 Sacrainentpriqeditmisunt.
2199 5591 2632 5683 Tertiam'yero,
2652 5615 2832 5683 quam
2854 5597 2914 5654 in
2936 5591 3141 5654 eodem
3162 5596 3467 5683 inventum
3488 5594 3566 5650 iri
3588 5593 3901 5683 nihilum.»

462 5662 743 5735 bigimus,
775 5667 827 5726 si
858 5685 973 5727 non
1006 5662 1234 5729 deesset
1261 5688 1330 5731 ea
1348 5689 1484 5745 pars
1504 5690 1631 5747 quae
1656 5674 2129 5747 Quadrugesims
2147 5679 2404 5747 tempore
2425 5672 2499 5733 ad
2518 5662 2932 5748 pcnhitentium
2947 5667 3484 5733 reconciliationem
3503 5667 3900 5744 pertinet,hio
