  <div class='ocr_page' id='page_1' title='image "/cluster/home/n/w/nwhite01/storage/ocr_20150623/55/hvd.32044054758644/088.png"; bbox 0 0 4080 6220; ppageno 0'>
   <div class='ocr_carea' id='block_1_1' title="bbox 196 318 288 382">
    <p class='ocr_par' dir='ltr' id='par_1_1' title="bbox 196 318 288 382">
     <span class='ocr_line' id='line_1_1' title="bbox 196 318 288 382; baseline -0.022 0"><span class='ocrx_word' id='word_1_1' title='bbox 196 318 288 382; x_wconf 73' lang='grc'><strong>168</strong></span> 
     </span>
    </p>
   </div>
   <div class='ocr_carea' id='block_1_2' title="bbox 1288 312 2494 381">
    <p class='ocr_par' dir='ltr' id='par_1_2' title="bbox 1288 312 2494 381">
     <span class='ocr_line' id='line_1_2' title="bbox 1288 312 2494 381; baseline -0.002 -1"><span class='ocrx_word' id='word_1_2' title='bbox 1288 312 1666 381; x_wconf 82' lang='lat' dir='ltr'><strong>EPISTOLA</strong></span> <span class='ocrx_word' id='word_1_3' title='bbox 1708 318 1812 379; x_wconf 88' lang='lat' dir='ltr'><strong>AD</strong></span> <span class='ocrx_word' id='word_1_4' title='bbox 1857 314 2494 379; x_wconf 78' lang='lat' dir='ltr'><strong>DEMETRIADEM.’</strong></span> 
     </span>
    </p>
   </div>
   <div class='ocr_carea' id='block_1_3' title="bbox 3464 319 3581 381">
    <p class='ocr_par' dir='ltr' id='par_1_3' title="bbox 3464 319 3581 381">
     <span class='ocr_line' id='line_1_3' title="bbox 3464 319 3581 381; baseline 0.009 -1"><span class='ocrx_word' id='word_1_5' title='bbox 3464 319 3581 381; x_wconf 73' lang='grc'><strong>166</strong></span> 
     </span>
    </p>
   </div>
   <div class='ocr_carea' id='block_1_4' title="bbox 188 451 3578 525">
    <p class='ocr_par' dir='ltr' id='par_1_4' title="bbox 188 451 3578 525">
     <span class='ocr_line' id='line_1_4' title="bbox 188 451 3578 525; baseline 0 -17"><span class='ocrx_word' id='word_1_6' title='bbox 188 468 465 509; x_wconf 84' lang='lat' dir='ltr'><strong>versarum</strong></span> <span class='ocrx_word' id='word_1_7' title='bbox 482 453 874 525; x_wconf 77' lang='lat' dir='ltr'><strong>cupiditatum</strong></span> <span class='ocrx_word' id='word_1_8' title='bbox 892 451 1147 509; x_wconf 77' lang='lat' dir='ltr'><strong>materia:</strong></span> <span class='ocrx_word' id='word_1_9' title='bbox 1161 452 1571 523; x_wconf 88' lang='lat' dir='ltr'><strong>refundantur,</strong></span> <span class='ocrx_word' id='word_1_10' title='bbox 1586 456 1816 508; x_wconf 84' lang='lat' dir='ltr'><strong>etsanc-</strong></span> <span class='ocrx_word' id='word_1_11' title='bbox 1850 454 1909 519; x_wconf 85' lang='grc' dir='ltr'><strong>Α</strong></span> <span class='ocrx_word' id='word_1_12' title='bbox 1940 456 2162 522; x_wconf 84' lang='lat' dir='ltr'><strong>eratque</strong></span> <span class='ocrx_word' id='word_1_13' title='bbox 2192 453 2281 505; x_wconf 90' lang='lat' dir='ltr'><strong>vir</strong></span> <span class='ocrx_word' id='word_1_14' title='bbox 2310 452 2405 507; x_wconf 78' lang='lat' dir='ltr'><strong>ille</strong></span> <span class='ocrx_word' id='word_1_15' title='bbox 2426 468 2660 521; x_wconf 84' lang='lat' dir='ltr'><strong>magnus</strong></span> <span class='ocrx_word' id='word_1_16' title='bbox 2692 452 2836 507; x_wconf 86' lang='lat' dir='ltr'><strong>inter</strong></span> <span class='ocrx_word' id='word_1_17' title='bbox 2864 466 3050 507; x_wconf 87' lang='lat' dir='ltr'><strong>omnes</strong></span> <span class='ocrx_word' id='word_1_18' title='bbox 3082 452 3389 508; x_wconf 75' lang='lat' dir='ltr'><strong><em>Orientales</em></strong></span> <span class='ocrx_word' id='word_1_19' title='bbox 3415 454 3510 509; x_wconf 84' lang='lat' dir='ltr'><strong>Job</strong></span> <span class='ocrx_word' id='word_1_20' title='bbox 3541 469 3578 521; x_wconf 82' lang='grc' dir='ltr'><strong>ι,</strong></span> 
     </span>
    </p>
   </div>
   <div class='ocr_carea' id='block_1_5' title="bbox 186 540 1815 614">
    <p class='ocr_par' dir='ltr' id='par_1_5' title="bbox 186 540 1815 614">
     <span class='ocr_line' id='line_1_5' title="bbox 186 540 1815 614; baseline -0.001 -17"><span class='ocrx_word' id='word_1_21' title='bbox 186 546 234 598; x_wconf 87' lang='lat' dir='ltr'><strong>to</strong></span> <span class='ocrx_word' id='word_1_22' title='bbox 256 543 543 614; x_wconf 83' lang='lat' dir='ltr'><strong>beateque</strong></span> <span class='ocrx_word' id='word_1_23' title='bbox 572 542 921 598; x_wconf 89' lang='lat' dir='ltr'><strong>commercio</strong></span> <span class='ocrx_word' id='word_1_24' title='bbox 951 545 1183 596; x_wconf 85' lang='lat' dir='ltr'><strong>ematur</strong></span> <span class='ocrx_word' id='word_1_25' title='bbox 1202 540 1535 597; x_wconf 86' lang='lat' dir='ltr'><strong>Christiana</strong></span> <span class='ocrx_word' id='word_1_26' title='bbox 1553 540 1815 609; x_wconf 87' lang='lat' dir='ltr'><strong>libertas,</strong></span> 
     </span>
    </p>
   </div>
   <div class='ocr_carea' id='block_1_6' title="bbox 187 629 1820 704">
    <p class='ocr_par' dir='ltr' id='par_1_6' title="bbox 187 629 1820 704">
     <span class='ocr_line' id='line_1_6' title="bbox 187 629 1820 704; baseline -0.002 -18"><span class='ocrx_word' id='word_1_27' title='bbox 187 632 423 703; x_wconf 81' lang='lat' dir='ltr'><strong>ﬁantque</strong></span> <span class='ocrx_word' id='word_1_28' title='bbox 454 632 561 687; x_wconf 85' lang='lat' dir='ltr'><strong>ﬁlii</strong></span> <span class='ocrx_word' id='word_1_29' title='bbox 596 632 691 688; x_wconf 87' lang='lat' dir='ltr'><strong>Dei</strong></span> <span class='ocrx_word' id='word_1_30' title='bbox 716 633 787 686; x_wconf 91' lang='lat' dir='ltr'><strong>de</strong></span> <span class='ocrx_word' id='word_1_31' title='bbox 815 635 1159 704; x_wconf 82' lang='lat' dir='ltr'><strong>paupertate</strong></span> <span class='ocrx_word' id='word_1_32' title='bbox 1188 630 1415 698; x_wconf 80' lang='lat' dir='ltr'><strong>divites,</strong></span> <span class='ocrx_word' id='word_1_33' title='bbox 1441 631 1510 685; x_wconf 92' lang='lat' dir='ltr'><strong>de</strong></span> <span class='ocrx_word' id='word_1_34' title='bbox 1542 629 1820 702; x_wconf 79' lang='lat' dir='ltr'><strong>patientia</strong></span> 
     </span>
    </p>
   </div>
   <div class='ocr_carea' id='block_1_7' title="bbox 185 718 1818 790">
    <p class='ocr_par' dir='ltr' id='par_1_7' title="bbox 185 718 1818 790">
     <span class='ocr_line' id='line_1_7' title="bbox 185 718 1818 790; baseline -0.001 -14"><span class='ocrx_word' id='word_1_35' title='bbox 185 720 363 785; x_wconf 82' lang='lat' dir='ltr'><strong>fortes,</strong></span> <span class='ocrx_word' id='word_1_36' title='bbox 387 721 461 777; x_wconf 89' lang='lat' dir='ltr'><strong>de</strong></span> <span class='ocrx_word' id='word_1_37' title='bbox 493 719 832 776; x_wconf 86' lang='lat' dir='ltr'><strong>humilitate</strong></span> <span class='ocrx_word' id='word_1_38' title='bbox 849 720 1138 776; x_wconf 91' lang='lat' dir='ltr'><strong>sublimes</strong></span> <span class='ocrx_word' id='word_1_39' title='bbox 1158 719 1186 773; x_wconf 85' lang='lat'><strong>?</strong></span> <span class='ocrx_word' id='word_1_40' title='bbox 1216 719 1339 775; x_wconf 85' lang='lat' dir='ltr'><strong>Non</strong></span> <span class='ocrx_word' id='word_1_41' title='bbox 1373 720 1549 790; x_wconf 89' lang='lat' dir='ltr'><strong>enim,</strong></span> <span class='ocrx_word' id='word_1_42' title='bbox 1582 724 1648 774; x_wconf 90' lang='lat' dir='ltr'><strong>ut</strong></span> <span class='ocrx_word' id='word_1_43' title='bbox 1677 718 1818 774; x_wconf 86' lang='lat' dir='ltr'><strong>dile-</strong></span> 
     </span>
    </p>
   </div>
   <div class='ocr_carea' id='block_1_8' title="bbox 184 807 1820 883">
    <p class='ocr_par' dir='ltr' id='par_1_8' title="bbox 184 807 1820 883">
     <span class='ocr_line' id='line_1_8' title="bbox 184 807 1820 883; baseline -0.002 -17"><span class='ocrx_word' id='word_1_44' title='bbox 184 815 350 866; x_wconf 88' lang='lat' dir='ltr'><strong>ctores</strong></span> <span class='ocrx_word' id='word_1_45' title='bbox 382 811 569 878; x_wconf 71' lang='lat' dir='ltr'><strong>huius</strong></span> <span class='ocrx_word' id='word_1_46' title='bbox 598 810 793 867; x_wconf 69' lang='lat' dir='ltr'><strong>saeculi</strong></span> <span class='ocrx_word' id='word_1_47' title='bbox 816 814 1044 883; x_wconf 84' lang='lat' dir='ltr'><strong>putant,</strong></span> <span class='ocrx_word' id='word_1_48' title='bbox 1077 809 1238 880; x_wconf 85' lang='lat' dir='ltr'><strong>pravi</strong></span> <span class='ocrx_word' id='word_1_49' title='bbox 1270 808 1463 865; x_wconf 90' lang='lat' dir='ltr'><strong>cordis</strong></span> <span class='ocrx_word' id='word_1_50' title='bbox 1494 813 1595 865; x_wconf 91' lang='lat' dir='ltr'><strong>aut</strong></span> <span class='ocrx_word' id='word_1_51' title='bbox 1623 807 1820 881; x_wconf 88' lang='lat' dir='ltr'><strong>segnis</strong></span> 
     </span>
    </p>
   </div>
   <div class='ocr_carea' id='block_1_9' title="bbox 184 897 1820 971">
    <p class='ocr_par' dir='ltr' id='par_1_9' title="bbox 184 897 1820 971">
     <span class='ocr_line' id='line_1_9' title="bbox 184 897 1820 971; baseline -0.002 -15"><span class='ocrx_word' id='word_1_52' title='bbox 184 905 259 956; x_wconf 86' lang='lat' dir='ltr'><strong>est</strong></span> <span class='ocrx_word' id='word_1_53' title='bbox 283 900 469 956; x_wconf 88' lang='lat' dir='ltr'><strong>animi</strong></span> <span class='ocrx_word' id='word_1_54' title='bbox 492 904 756 956; x_wconf 89' lang='lat' dir='ltr'><strong>terrenas</strong></span> <span class='ocrx_word' id='word_1_55' title='bbox 777 916 915 971; x_wconf 87' lang='lat' dir='ltr'><strong>opes</strong></span> <span class='ocrx_word' id='word_1_56' title='bbox 947 915 1240 971; x_wconf 86' lang='lat' dir='ltr'><strong>spernere,</strong></span> <span class='ocrx_word' id='word_1_57' title='bbox 1270 898 1517 954; x_wconf 90' lang='lat' dir='ltr'><strong>honores</strong></span> <span class='ocrx_word' id='word_1_58' title='bbox 1548 897 1820 954; x_wconf 85' lang='lat' dir='ltr'><strong>occiduos</strong></span> 
     </span>
    </p>
   </div>
   <div class='ocr_carea' id='block_1_10' title="bbox 182 987 1820 1062">
    <p class='ocr_par' dir='ltr' id='par_1_10' title="bbox 182 987 1820 1062">
     <span class='ocr_line' id='line_1_10' title="bbox 182 987 1820 1062; baseline -0.002 -17"><span class='ocrx_word' id='word_1_59' title='bbox 182 990 451 1061; x_wconf 72' lang='lat' dir='ltr'><strong>fastidire,</strong></span> <span class='ocrx_word' id='word_1_60' title='bbox 487 1006 593 1045; x_wconf 88' lang='lat' dir='ltr'><strong>nec</strong></span> <span class='ocrx_word' id='word_1_61' title='bbox 617 988 697 1045; x_wconf 89' lang='lat' dir='ltr'><strong>ibi</strong></span> <span class='ocrx_word' id='word_1_62' title='bbox 728 987 976 1062; x_wconf 80' lang='lat' dir='ltr'><strong>gloriam</strong></span> <span class='ocrx_word' id='word_1_63' title='bbox 1006 1003 1262 1060; x_wconf 73' lang='lat' dir='ltr'><strong>quaerere</strong></span> <span class='ocrx_word' id='word_1_64' title='bbox 1296 987 1394 1042; x_wconf 90' lang='lat' dir='ltr'><strong>ubi</strong></span> <span class='ocrx_word' id='word_1_65' title='bbox 1428 987 1820 1057; x_wconf 85' lang='lat' dir='ltr'><strong>laudaturpee-</strong></span> 
     </span>
    </p>
   </div>
   <div class='ocr_carea' id='block_1_11' title="bbox 183 1078 1825 1148">
    <p class='ocr_par' dir='ltr' id='par_1_11' title="bbox 183 1078 1825 1148">
     <span class='ocr_line' id='line_1_11' title="bbox 183 1078 1825 1148; baseline -0.002 -13"><span class='ocrx_word' id='word_1_66' title='bbox 183 1085 315 1135; x_wconf 83' lang='lat' dir='ltr'><strong>calor</strong></span> <span class='ocrx_word' id='word_1_67' title='bbox 334 1081 395 1134; x_wconf 88' lang='lat' dir='ltr'><strong>in</strong></span> <span class='ocrx_word' id='word_1_68' title='bbox 418 1078 709 1135; x_wconf 68' lang='lat' dir='ltr'><strong>desideriis</strong></span> <span class='ocrx_word' id='word_1_69' title='bbox 728 1080 937 1135; x_wconf 67' lang='lat' dir='ltr'><strong>animae</strong></span> <span class='ocrx_word' id='word_1_70' title='bbox 950 1093 1092 1147; x_wconf 78' lang='lat' dir='ltr'><strong>suae,</strong></span> <span class='ocrx_word' id='word_1_71' title='bbox 1113 1088 1165 1133; x_wconf 89' lang='lat' dir='ltr'><strong>et</strong></span> <span class='ocrx_word' id='word_1_72' title='bbox 1187 1078 1283 1148; x_wconf 87' lang='lat' dir='ltr'><strong>qui</strong></span> <span class='ocrx_word' id='word_1_73' title='bbox 1295 1078 1489 1148; x_wconf 84' lang='lat' dir='ltr'><strong>iniqua</strong></span> <span class='ocrx_word' id='word_1_74' title='bbox 1509 1082 1650 1145; x_wconf 86' lang='lat' dir='ltr'><strong>gerit</strong></span> <span class='ocrx_word' id='word_1_75' title='bbox 1668 1079 1825 1131; x_wconf 85' lang='lat' dir='ltr'><strong>bene-</strong></span> 
     </span>
    </p>
   </div>
   <div class='ocr_carea' id='block_1_12' title="bbox 182 1166 1822 1241">
    <p class='ocr_par' dir='ltr' id='par_1_12' title="bbox 182 1166 1822 1241">
     <span class='ocr_line' id='line_1_12' title="bbox 182 1166 1822 1241; baseline -0.004 -17"><span class='ocrx_word' id='word_1_76' title='bbox 182 1170 369 1225; x_wconf 80' lang='lat' dir='ltr'><strong>dicitur</strong></span> <span class='ocrx_word' id='word_1_77' title='bbox 390 1168 506 1241; x_wconf 89' lang='lat' dir='ltr'><strong>(Ps.</strong></span> <span class='ocrx_word' id='word_1_78' title='bbox 542 1186 620 1236; x_wconf 83' lang='lat' dir='ltr'><strong>1x,</strong></span> <span class='ocrx_word' id='word_1_79' title='bbox 651 1169 764 1233; x_wconf 83' lang='lat'><strong>&#39;23).</strong></span> <span class='ocrx_word' id='word_1_80' title='bbox 798 1167 963 1223; x_wconf 87' lang='lat' dir='ltr'><strong>Unde</strong></span> <span class='ocrx_word' id='word_1_81' title='bbox 1006 1166 1056 1222; x_wconf 89' lang='lat' dir='ltr'><strong>si</strong></span> <span class='ocrx_word' id='word_1_82' title='bbox 1110 1181 1239 1221; x_wconf 87' lang='lat' dir='ltr'><strong>vere</strong></span> <span class='ocrx_word' id='word_1_83' title='bbox 1270 1166 1652 1237; x_wconf 82' lang='lat' dir='ltr'><strong>intelligatur,</strong></span> <span class='ocrx_word' id='word_1_84' title='bbox 1685 1180 1822 1221; x_wconf 91' lang='lat' dir='ltr'><strong>con-</strong></span> 
     </span>
    </p>
   </div>
   <div class='ocr_carea' id='block_1_13' title="bbox 183 1255 1826 1329">
    <p class='ocr_par' dir='ltr' id='par_1_13' title="bbox 183 1255 1826 1329">
     <span class='ocr_line' id='line_1_13' title="bbox 183 1255 1826 1329; baseline -0.004 -14"><span class='ocrx_word' id='word_1_85' title='bbox 183 1263 428 1329; x_wconf 84' lang='lat' dir='ltr'><strong>temptus</strong></span> <span class='ocrx_word' id='word_1_86' title='bbox 460 1260 572 1315; x_wconf 85' lang='lat' dir='ltr'><strong>iste</strong></span> <span class='ocrx_word' id='word_1_87' title='bbox 630 1274 824 1313; x_wconf 86' lang='lat' dir='ltr'><strong>rerum</strong></span> <span class='ocrx_word' id='word_1_88' title='bbox 855 1256 1231 1328; x_wconf 77' lang='lat' dir='ltr'><strong>prtesentium</strong></span> <span class='ocrx_word' id='word_1_89' title='bbox 1264 1256 1335 1311; x_wconf 89' lang='lat' dir='ltr'><strong>ad</strong></span> <span class='ocrx_word' id='word_1_90' title='bbox 1369 1272 1495 1326; x_wconf 80' lang='lat' dir='ltr'><strong>quae</strong></span> <span class='ocrx_word' id='word_1_91' title='bbox 1526 1255 1745 1321; x_wconf 80' lang='lat' dir='ltr'><strong>tendat,</strong></span> <span class='ocrx_word' id='word_1_92' title='bbox 1770 1259 1826 1309; x_wconf 91' lang='lat' dir='ltr'><strong>et</strong></span> 
     </span>
    </p>
   </div>
   <div class='ocr_carea' id='block_1_14' title="bbox 182 1344 1822 1419">
    <p class='ocr_par' dir='ltr' id='par_1_14' title="bbox 182 1344 1822 1419">
     <span class='ocr_line' id='line_1_14' title="bbox 182 1344 1822 1419; baseline -0.003 -16"><span class='ocrx_word' id='word_1_93' title='bbox 182 1350 361 1419; x_wconf 82' lang='lat' dir='ltr'><strong>qualia</strong></span> <span class='ocrx_word' id='word_1_94' title='bbox 393 1347 797 1419; x_wconf 81' lang='lat' dir='ltr'><strong>concupiscat,</strong></span> <span class='ocrx_word' id='word_1_95' title='bbox 830 1346 973 1401; x_wconf 87' lang='lat' dir='ltr'><strong>nihil</strong></span> <span class='ocrx_word' id='word_1_96' title='bbox 1011 1345 1355 1415; x_wconf 80' lang='lat' dir='ltr'><strong>huiusmodi</strong></span> <span class='ocrx_word' id='word_1_97' title='bbox 1394 1344 1691 1399; x_wconf 89' lang='lat' dir='ltr'><strong>mentibus</strong></span> <span class='ocrx_word' id='word_1_98' title='bbox 1732 1360 1822 1398; x_wconf 91' lang='lat' dir='ltr'><strong>re-</strong></span> 
     </span>
    </p>
   </div>
   <div class='ocr_carea' id='block_1_15' title="bbox 179 1431 1823 1504">
    <p class='ocr_par' dir='ltr' id='par_1_15' title="bbox 179 1431 1823 1504">
     <span class='ocr_line' id='line_1_15' title="bbox 179 1431 1823 1504; baseline -0.003 -13"><span class='ocrx_word' id='word_1_99' title='bbox 179 1438 335 1500; x_wconf 86' lang='lat' dir='ltr'><strong>ctius,</strong></span> <span class='ocrx_word' id='word_1_100' title='bbox 353 1436 506 1491; x_wconf 88' lang='lat' dir='ltr'><strong>nihil</strong></span> <span class='ocrx_word' id='word_1_101' title='bbox 524 1435 858 1490; x_wconf 81' lang='lat' dir='ltr'><strong>invenietur</strong></span> <span class='ocrx_word' id='word_1_102' title='bbox 873 1434 1238 1504; x_wconf 88' lang='lat' dir='ltr'><strong>(a)erectius,</strong></span> <span class='ocrx_word' id='word_1_103' title='bbox 1263 1449 1391 1503; x_wconf 65' lang='lat' dir='ltr'><strong>quas</strong></span> <span class='ocrx_word' id='word_1_104' title='bbox 1406 1431 1823 1487; x_wconf 84' lang='lat' dir='ltr'><strong>sacratissimis</strong></span> 
     </span>
    </p>
   </div>
   <div class='ocr_carea' id='block_1_16' title="bbox 180 1519 1824 1593">
    <p class='ocr_par' dir='ltr' id='par_1_16' title="bbox 180 1519 1824 1593">
     <span class='ocr_line' id='line_1_16' title="bbox 180 1519 1824 1593; baseline -0.002 -14"><span class='ocrx_word' id='word_1_105' title='bbox 180 1524 479 1579; x_wconf 85' lang='lat' dir='ltr'><strong>desideriis</strong></span> <span class='ocrx_word' id='word_1_106' title='bbox 533 1523 809 1578; x_wconf 90' lang='lat' dir='ltr'><strong>universa</strong></span> <span class='ocrx_word' id='word_1_107' title='bbox 837 1523 1290 1591; x_wconf 88' lang='lat' dir='ltr'><strong>transcendunt,</strong></span> <span class='ocrx_word' id='word_1_108' title='bbox 1323 1537 1511 1593; x_wconf 89' lang='lat' dir='ltr'><strong>neque</strong></span> <span class='ocrx_word' id='word_1_109' title='bbox 1540 1522 1609 1576; x_wconf 89' lang='lat' dir='ltr'><strong>ad</strong></span> <span class='ocrx_word' id='word_1_110' title='bbox 1642 1519 1824 1575; x_wconf 91' lang='lat' dir='ltr'><strong>ullam</strong></span> 
     </span>
    </p>
   </div>
   <div class='ocr_carea' id='block_1_17' title="bbox 182 1608 1825 1683">
    <p class='ocr_par' dir='ltr' id='par_1_17' title="bbox 182 1608 1825 1683">
     <span class='ocr_line' id='line_1_17' title="bbox 182 1608 1825 1683; baseline -0.004 -14"><span class='ocrx_word' id='word_1_111' title='bbox 182 1618 499 1669; x_wconf 89' lang='lat' dir='ltr'><strong>creaturam</strong></span> <span class='ocrx_word' id='word_1_112' title='bbox 519 1611 790 1683; x_wconf 85' lang='lat' dir='ltr'><strong>quamvis</strong></span> <span class='ocrx_word' id='word_1_113' title='bbox 823 1615 1116 1683; x_wconf 88' lang='lat' dir='ltr'><strong>potentem</strong></span> <span class='ocrx_word' id='word_1_114' title='bbox 1151 1616 1324 1681; x_wconf 88' lang='lat' dir='ltr'><strong>atque</strong></span> <span class='ocrx_word' id='word_1_115' title='bbox 1348 1608 1700 1680; x_wconf 88' lang='lat' dir='ltr'><strong>mirabilem,</strong></span> <span class='ocrx_word' id='word_1_116' title='bbox 1723 1608 1825 1664; x_wconf 89' lang='lat' dir='ltr'><strong>sed</strong></span> 
     </span>
    </p>
   </div>
   <div class='ocr_carea' id='block_1_18' title="bbox 182 1698 1822 1773">
    <p class='ocr_par' dir='ltr' id='par_1_18' title="bbox 182 1698 1822 1773">
     <span class='ocr_line' id='line_1_18' title="bbox 182 1698 1822 1773; baseline -0.003 -15"><span class='ocrx_word' id='word_1_117' title='bbox 182 1704 246 1759; x_wconf 88' lang='lat' dir='ltr'><strong>ad</strong></span> <span class='ocrx_word' id='word_1_118' title='bbox 271 1703 462 1773; x_wconf 86' lang='lat' dir='ltr'><strong>ipsam</strong></span> <span class='ocrx_word' id='word_1_119' title='bbox 486 1701 757 1757; x_wconf 90' lang='lat' dir='ltr'><strong>omnium</strong></span> <span class='ocrx_word' id='word_1_120' title='bbox 777 1699 1095 1755; x_wconf 87' lang='lat' dir='ltr'><strong>visibilium</strong></span> <span class='ocrx_word' id='word_1_121' title='bbox 1118 1705 1174 1755; x_wconf 90' lang='lat' dir='ltr'><strong>et</strong></span> <span class='ocrx_word' id='word_1_122' title='bbox 1193 1698 1578 1754; x_wconf 87' lang='lat' dir='ltr'><strong>invisibilium</strong></span> <span class='ocrx_word' id='word_1_123' title='bbox 1607 1699 1681 1769; x_wconf 87' lang='lat' dir='ltr'><strong>(b)</strong></span> <span class='ocrx_word' id='word_1_124' title='bbox 1700 1714 1822 1753; x_wconf 81' lang='lat' dir='ltr'><strong>am-</strong></span> 
     </span>
    </p>
   </div>
   <div class='ocr_carea' id='block_1_19' title="bbox 185 1786 1824 1858">
    <p class='ocr_par' dir='ltr' id='par_1_19' title="bbox 185 1786 1824 1858">
     <span class='ocr_line' id='line_1_19' title="bbox 185 1786 1824 1858; baseline -0.004 -12"><span class='ocrx_word' id='word_1_125' title='bbox 185 1792 340 1846; x_wconf 85' lang='lat' dir='ltr'><strong>biunt</strong></span> <span class='ocrx_word' id='word_1_126' title='bbox 369 1795 695 1845; x_wconf 86' lang='lat' dir='ltr'><strong>creatorem</strong></span> <span class='ocrx_word' id='word_1_127' title='bbox 721 1805 736 1856; x_wconf 88' lang='lat'><strong>;</strong></span> <span class='ocrx_word' id='word_1_128' title='bbox 760 1787 853 1843; x_wconf 92' lang='lat' dir='ltr'><strong>cui</strong></span> <span class='ocrx_word' id='word_1_129' title='bbox 875 1786 1344 1858; x_wconf 80' lang='lat' dir='ltr'><strong>apprOpinquare</strong></span> <span class='ocrx_word' id='word_1_130' title='bbox 1376 1788 1690 1841; x_wconf 86' lang='lat' dir='ltr'><strong>clarescere</strong></span> <span class='ocrx_word' id='word_1_131' title='bbox 1715 1789 1824 1852; x_wconf 86' lang='lat' dir='ltr'><strong>est,</strong></span> 
     </span>
    </p>
   </div>
   <div class='ocr_carea' id='block_1_20' title="bbox 187 1874 1759 1951">
    <p class='ocr_par' dir='ltr' id='par_1_20' title="bbox 187 1874 1759 1951">
     <span class='ocr_line' id='line_1_20' title="bbox 187 1874 1759 1951; baseline -0.004 -17"><span class='ocrx_word' id='word_1_132' title='bbox 187 1896 340 1951; x_wconf 88' lang='lat' dir='ltr'><strong>quem</strong></span> <span class='ocrx_word' id='word_1_133' title='bbox 361 1880 578 1933; x_wconf 86' lang='lat' dir='ltr'><strong>timere</strong></span> <span class='ocrx_word' id='word_1_134' title='bbox 596 1877 853 1949; x_wconf 87' lang='lat' dir='ltr'><strong>gaudere</strong></span> <span class='ocrx_word' id='word_1_135' title='bbox 884 1880 994 1946; x_wconf 89' lang='lat' dir='ltr'><strong>est,</strong></span> <span class='ocrx_word' id='word_1_136' title='bbox 1028 1874 1121 1930; x_wconf 90' lang='lat' dir='ltr'><strong>cui</strong></span> <span class='ocrx_word' id='word_1_137' title='bbox 1144 1874 1359 1929; x_wconf 85' lang='lat' dir='ltr'><strong>servire</strong></span> <span class='ocrx_word' id='word_1_138' title='bbox 1383 1890 1625 1947; x_wconf 88' lang='lat' dir='ltr'><strong>regnare</strong></span> <span class='ocrx_word' id='word_1_139' title='bbox 1650 1879 1759 1928; x_wconf 89' lang='lat' dir='ltr'><strong>est.</strong></span> 
     </span>
    </p>
   </div>
   <div class='ocr_carea' id='block_1_21' title="bbox 247 1962 1838 2036">
    <p class='ocr_par' dir='ltr' id='par_1_21' title="bbox 247 1962 1838 2036">
     <span class='ocr_line' id='line_1_21' title="bbox 247 1962 1838 2036; baseline -0.006 -12"><span class='ocrx_word' id='word_1_140' title='bbox 247 1970 376 2024; x_wconf 73' lang='grc' dir='ltr'><strong>ω.</strong></span> <span class='ocrx_word' id='word_1_141' title='bbox 396 1966 465 2020; x_wconf 84' lang='grc' dir='ltr'><strong>ν.</strong></span> <span class='ocrx_word' id='word_1_142' title='bbox 490 1967 633 2021; x_wconf 83' lang='lat' dir='ltr'><strong>Nam</strong></span> <span class='ocrx_word' id='word_1_143' title='bbox 653 1966 791 2021; x_wconf 88' lang='lat' dir='ltr'><strong>solos</strong></span> <span class='ocrx_word' id='word_1_144' title='bbox 806 1980 1093 2036; x_wconf 75' lang='lat' dir='ltr'><strong>pauperes,</strong></span> <span class='ocrx_word' id='word_1_145' title='bbox 1112 1963 1204 2018; x_wconf 88' lang='lat' dir='ltr'><strong>sed</strong></span> <span class='ocrx_word' id='word_1_146' title='bbox 1232 1965 1407 2018; x_wconf 86' lang='lat' dir='ltr'><strong>etiam</strong></span> <span class='ocrx_word' id='word_1_147' title='bbox 1429 1963 1622 2017; x_wconf 83' lang='lat' dir='ltr'><strong>divites</strong></span> <span class='ocrx_word' id='word_1_148' title='bbox 1652 1962 1838 2016; x_wconf 80' lang='lat' dir='ltr'><strong>humi-</strong></span> 
     </span>
    </p>
   </div>
   <div class='ocr_carea' id='block_1_22' title="bbox 192 2051 1837 2121">
    <p class='ocr_par' dir='ltr' id='par_1_22' title="bbox 192 2051 1837 2121">
     <span class='ocr_line' id='line_1_22' title="bbox 192 2051 1837 2121; baseline -0.004 -10"><span class='ocrx_word' id='word_1_149' title='bbox 192 2059 325 2112; x_wconf 77' lang='lat' dir='ltr'><strong>litate</strong></span> <span class='ocrx_word' id='word_1_150' title='bbox 354 2057 677 2111; x_wconf 85' lang='lat' dir='ltr'><strong>Christiana</strong></span> <span class='ocrx_word' id='word_1_151' title='bbox 702 2055 902 2110; x_wconf 85' lang='lat' dir='ltr'><strong>ornari</strong></span> <span class='ocrx_word' id='word_1_152' title='bbox 920 2069 1094 2121; x_wconf 86' lang='lat' dir='ltr'><strong>posse.</strong></span> <span class='ocrx_word' id='word_1_153' title='bbox 1130 2083 1194 2091; x_wconf 90' lang='lat'><strong>—</strong></span> <span class='ocrx_word' id='word_1_154' title='bbox 1219 2052 1329 2106; x_wconf 85' lang='lat' dir='ltr'><strong>Sed</strong></span> <span class='ocrx_word' id='word_1_155' title='bbox 1353 2051 1474 2106; x_wconf 70' lang='lat' dir='ltr'><strong>haec</strong></span> <span class='ocrx_word' id='word_1_156' title='bbox 1499 2051 1683 2106; x_wconf 89' lang='lat' dir='ltr'><strong>virtus</strong></span> <span class='ocrx_word' id='word_1_157' title='bbox 1708 2067 1837 2121; x_wconf 65' lang='lat' dir='ltr'><strong>quae</strong></span> 
     </span>
    </p>
   </div>
   <div class='ocr_carea' id='block_1_23' title="bbox 190 2140 1831 2218">
    <p class='ocr_par' dir='ltr' id='par_1_23' title="bbox 190 2140 1831 2218">
     <span class='ocr_line' id='line_1_23' title="bbox 190 2140 1831 2218; baseline -0.005 -17"><span class='ocrx_word' id='word_1_158' title='bbox 190 2144 514 2218; x_wconf 87' lang='lat' dir='ltr'><strong>temporalis</strong></span> <span class='ocrx_word' id='word_1_159' title='bbox 538 2145 718 2214; x_wconf 70' lang='lat' dir='ltr'><strong>copias</strong></span> <span class='ocrx_word' id='word_1_160' title='bbox 752 2148 811 2198; x_wconf 91' lang='lat' dir='ltr'><strong>et</strong></span> <span class='ocrx_word' id='word_1_161' title='bbox 840 2143 909 2215; x_wconf 91' lang='lat' dir='ltr'><strong>(c)</strong></span> <span class='ocrx_word' id='word_1_162' title='bbox 938 2142 1205 2212; x_wconf 65' lang='lat' dir='ltr'><strong>potentias</strong></span> <span class='ocrx_word' id='word_1_163' title='bbox 1230 2141 1531 2212; x_wconf 85' lang='lat' dir='ltr'><strong>negligens</strong></span> <span class='ocrx_word' id='word_1_164' title='bbox 1557 2141 1628 2195; x_wconf 90' lang='lat' dir='ltr'><strong>ad</strong></span> <span class='ocrx_word' id='word_1_165' title='bbox 1657 2140 1831 2194; x_wconf 90' lang='lat' dir='ltr'><strong>vitam</strong></span> 
     </span>
    </p>
   </div>
   <div class='ocr_carea' id='block_1_24' title="bbox 196 2229 1838 2306">
    <p class='ocr_par' dir='ltr' id='par_1_24' title="bbox 196 2229 1838 2306">
     <span class='ocr_line' id='line_1_24' title="bbox 196 2229 1838 2306; baseline -0.004 -16"><span class='ocrx_word' id='word_1_166' title='bbox 196 2241 449 2290; x_wconf 71' lang='lat' dir='ltr'><strong>aeternam</strong></span> <span class='ocrx_word' id='word_1_167' title='bbox 471 2234 562 2305; x_wconf 89' lang='lat' dir='ltr'><strong>(d)</strong></span> <span class='ocrx_word' id='word_1_168' title='bbox 585 2237 841 2306; x_wconf 88' lang='lat' dir='ltr'><strong>angusta</strong></span> <span class='ocrx_word' id='word_1_169' title='bbox 860 2232 953 2286; x_wconf 87' lang='lat' dir='ltr'><strong>via</strong></span> <span class='ocrx_word' id='word_1_170' title='bbox 970 2236 1028 2285; x_wconf 90' lang='lat' dir='ltr'><strong>et</strong></span> <span class='ocrx_word' id='word_1_171' title='bbox 1049 2231 1231 2285; x_wconf 89' lang='lat' dir='ltr'><strong>ardua</strong></span> <span class='ocrx_word' id='word_1_172' title='bbox 1245 2230 1506 2295; x_wconf 78' lang='lat' dir='ltr'><strong>enititur,</strong></span> <span class='ocrx_word' id='word_1_173' title='bbox 1536 2245 1651 2284; x_wconf 92' lang='lat' dir='ltr'><strong>non</strong></span> <span class='ocrx_word' id='word_1_174' title='bbox 1666 2229 1838 2283; x_wconf 90' lang='lat' dir='ltr'><strong>debet</strong></span> 
     </span>
    </p>
   </div>
   <div class='ocr_carea' id='block_1_25' title="bbox 198 2316 1840 2393">
    <p class='ocr_par' dir='ltr' id='par_1_25' title="bbox 198 2316 1840 2393">
     <span class='ocr_line' id='line_1_25' title="bbox 198 2316 1840 2393; baseline -0.004 -16"><span class='ocrx_word' id='word_1_175' title='bbox 198 2323 537 2379; x_wconf 85' lang='lat' dir='ltr'><strong>voluntarios</strong></span> <span class='ocrx_word' id='word_1_176' title='bbox 548 2337 837 2393; x_wconf 85' lang='lat' dir='ltr'><strong>pauperes</strong></span> <span class='ocrx_word' id='word_1_177' title='bbox 851 2320 909 2374; x_wconf 90' lang='lat' dir='ltr'><strong>in</strong></span> <span class='ocrx_word' id='word_1_178' title='bbox 924 2318 1284 2374; x_wconf 90' lang='lat' dir='ltr'><strong>consortium</strong></span> <span class='ocrx_word' id='word_1_179' title='bbox 1299 2317 1635 2373; x_wconf 64' lang='lat' dir='ltr'><strong>Christiana:</strong></span> <span class='ocrx_word' id='word_1_180' title='bbox 1649 2316 1840 2372; x_wconf 90' lang='lat' dir='ltr'><strong>humi-</strong></span> 
     </span>
    </p>
   </div>
   <div class='ocr_carea' id='block_1_26' title="bbox 201 2407 1837 2477">
    <p class='ocr_par' dir='ltr' id='par_1_26' title="bbox 201 2407 1837 2477">
     <span class='ocr_line' id='line_1_26' title="bbox 201 2407 1837 2477; baseline -0.004 -10"><span class='ocrx_word' id='word_1_181' title='bbox 201 2414 360 2469; x_wconf 85' lang='lat' dir='ltr'><strong>litatis</strong></span> <span class='ocrx_word' id='word_1_182' title='bbox 389 2414 701 2468; x_wconf 83' lang='lat' dir='ltr'><strong>admittere</strong></span> <span class='ocrx_word' id='word_1_183' title='bbox 730 2428 745 2477; x_wconf 85' lang='lat'><strong>;</strong></span> <span class='ocrx_word' id='word_1_184' title='bbox 779 2427 877 2466; x_wconf 87' lang='lat' dir='ltr'><strong>eos</strong></span> <span class='ocrx_word' id='word_1_185' title='bbox 902 2415 1100 2463; x_wconf 91' lang='lat' dir='ltr'><strong>autem</strong></span> <span class='ocrx_word' id='word_1_186' title='bbox 1125 2425 1157 2462; x_wconf 92' lang='lat' dir='ltr'><strong>a</strong></span> <span class='ocrx_word' id='word_1_187' title='bbox 1179 2408 1458 2463; x_wconf 86' lang='lat' dir='ltr'><strong>societate</strong></span> <span class='ocrx_word' id='word_1_188' title='bbox 1491 2408 1628 2462; x_wconf 91' lang='lat' dir='ltr'><strong>boni</strong></span> <span class='ocrx_word' id='word_1_189' title='bbox 1658 2407 1837 2477; x_wconf 89' lang='lat' dir='ltr'><strong>hujus</strong></span> 
     </span>
    </p>
   </div>
   <div class='ocr_carea' id='block_1_27' title="bbox 202 2496 1835 2572">
    <p class='ocr_par' dir='ltr' id='par_1_27' title="bbox 202 2496 1835 2572">
     <span class='ocr_line' id='line_1_27' title="bbox 202 2496 1835 2572; baseline -0.004 -15"><span class='ocrx_word' id='word_1_190' title='bbox 202 2500 506 2567; x_wconf 77' lang='lat' dir='ltr'><strong>excludere,</strong></span> <span class='ocrx_word' id='word_1_191' title='bbox 531 2500 632 2572; x_wconf 91' lang='lat' dir='ltr'><strong>qui</strong></span> <span class='ocrx_word' id='word_1_192' title='bbox 658 2498 859 2571; x_wconf 89' lang='lat' dir='ltr'><strong>ampla</strong></span> <span class='ocrx_word' id='word_1_193' title='bbox 872 2498 1108 2570; x_wconf 64' lang='lat' dir='ltr'><strong>prsidia,</strong></span> <span class='ocrx_word' id='word_1_194' title='bbox 1136 2496 1451 2569; x_wconf 77' lang='lat' dir='ltr'><strong>magnifica</strong></span> <span class='ocrx_word' id='word_1_195' title='bbox 1465 2496 1835 2567; x_wconf 88' lang='lat' dir='ltr'><strong>patrimonia,</strong></span> 
     </span>
    </p>
   </div>
   <div class='ocr_carea' id='block_1_28' title="bbox 205 2585 1837 2658">
    <p class='ocr_par' dir='ltr' id='par_1_28' title="bbox 205 2585 1837 2658">
     <span class='ocr_line' id='line_1_28' title="bbox 205 2585 1837 2658; baseline -0.003 -12"><span class='ocrx_word' id='word_1_196' title='bbox 205 2598 251 2646; x_wconf 88' lang='lat' dir='ltr'><strong>et</strong></span> <span class='ocrx_word' id='word_1_197' title='bbox 268 2591 477 2645; x_wconf 84' lang='lat' dir='ltr'><strong>multas</strong></span> <span class='ocrx_word' id='word_1_198' title='bbox 492 2591 550 2645; x_wconf 88' lang='lat' dir='ltr'><strong>in</strong></span> <span class='ocrx_word' id='word_1_199' title='bbox 577 2591 682 2644; x_wconf 89' lang='lat' dir='ltr'><strong>hoc</strong></span> <span class='ocrx_word' id='word_1_200' title='bbox 701 2587 915 2644; x_wconf 57' lang='lat' dir='ltr'><strong>saeculo</strong></span> <span class='ocrx_word' id='word_1_201' title='bbox 935 2586 1242 2658; x_wconf 88' lang='lat' dir='ltr'><strong>possident</strong></span> <span class='ocrx_word' id='word_1_202' title='bbox 1264 2585 1602 2641; x_wconf 82' lang='lat' dir='ltr'><strong>facultates:</strong></span> <span class='ocrx_word' id='word_1_203' title='bbox 1624 2602 1757 2641; x_wconf 90' lang='lat' dir='ltr'><strong>cum</strong></span> <span class='ocrx_word' id='word_1_204' title='bbox 1777 2586 1837 2641; x_wconf 90' lang='lat' dir='ltr'><strong>in</strong></span> 
     </span>
    </p>
   </div>
   <div class='ocr_carea' id='block_1_29' title="bbox 207 2676 1841 2751">
    <p class='ocr_par' dir='ltr' id='par_1_29' title="bbox 207 2676 1841 2751">
     <span class='ocr_line' id='line_1_29' title="bbox 207 2676 1841 2751; baseline -0.004 -16"><span class='ocrx_word' id='word_1_205' title='bbox 207 2680 397 2751; x_wconf 88' lang='lat' dir='ltr'><strong>populo</strong></span> <span class='ocrx_word' id='word_1_206' title='bbox 418 2677 708 2734; x_wconf 88' lang='lat' dir='ltr'><strong>Deimulti</strong></span> <span class='ocrx_word' id='word_1_207' title='bbox 733 2693 969 2748; x_wconf 88' lang='lat' dir='ltr'><strong>semper</strong></span> <span class='ocrx_word' id='word_1_208' title='bbox 984 2676 1083 2747; x_wconf 94' lang='lat' dir='ltr'><strong>qui</strong></span> <span class='ocrx_word' id='word_1_209' title='bbox 1107 2676 1329 2730; x_wconf 87' lang='lat' dir='ltr'><strong>divitiis</strong></span> <span class='ocrx_word' id='word_1_210' title='bbox 1360 2677 1504 2731; x_wconf 86' lang='lat' dir='ltr'><strong>bene</strong></span> <span class='ocrx_word' id='word_1_211' title='bbox 1539 2680 1841 2731; x_wconf 82' lang='lat' dir='ltr'><strong>uterentur</strong></span> 
     </span>
    </p>
   </div>
   <div class='ocr_carea' id='block_1_30' title="bbox 207 2764 1841 2836">
    <p class='ocr_par' dir='ltr' id='par_1_30' title="bbox 207 2764 1841 2836">
     <span class='ocr_line' id='line_1_30' title="bbox 207 2764 1841 2836; baseline -0.003 -13"><span class='ocrx_word' id='word_1_212' title='bbox 207 2769 540 2834; x_wconf 78' lang='lat' dir='ltr'><strong>exstiterint,</strong></span> <span class='ocrx_word' id='word_1_213' title='bbox 561 2783 667 2822; x_wconf 86' lang='lat' dir='ltr'><strong>nec</strong></span> <span class='ocrx_word' id='word_1_214' title='bbox 692 2766 809 2821; x_wconf 90' lang='lat' dir='ltr'><strong>ullo</strong></span> <span class='ocrx_word' id='word_1_215' title='bbox 833 2766 1008 2819; x_wconf 84' lang='lat' dir='ltr'><strong>modo</strong></span> <span class='ocrx_word' id='word_1_216' title='bbox 1027 2765 1116 2819; x_wconf 90' lang='lat' dir='ltr'><strong>vel</strong></span> <span class='ocrx_word' id='word_1_217' title='bbox 1148 2764 1263 2819; x_wconf 90' lang='lat' dir='ltr'><strong>dici</strong></span> <span class='ocrx_word' id='word_1_218' title='bbox 1287 2764 1373 2819; x_wconf 91' lang='lat' dir='ltr'><strong>vel</strong></span> <span class='ocrx_word' id='word_1_219' title='bbox 1396 2764 1635 2836; x_wconf 89' lang='lat' dir='ltr'><strong>cogitari</strong></span> <span class='ocrx_word' id='word_1_220' title='bbox 1667 2764 1841 2818; x_wconf 90' lang='lat' dir='ltr'><strong>liceat</strong></span> 
     </span>
    </p>
   </div>
   <div class='ocr_carea' id='block_1_31' title="bbox 209 2853 1838 2928">
    <p class='ocr_par' dir='ltr' id='par_1_31' title="bbox 209 2853 1838 2928">
     <span class='ocr_line' id='line_1_31' title="bbox 209 2853 1838 2928; baseline -0.003 -16"><span class='ocrx_word' id='word_1_221' title='bbox 209 2859 340 2928; x_wconf 84' lang='lat' dir='ltr'><strong>quod</strong></span> <span class='ocrx_word' id='word_1_222' title='bbox 370 2855 694 2924; x_wconf 82' lang='lat' dir='ltr'><strong>Abraham,</strong></span> <span class='ocrx_word' id='word_1_223' title='bbox 726 2860 783 2909; x_wconf 91' lang='lat' dir='ltr'><strong>et</strong></span> <span class='ocrx_word' id='word_1_224' title='bbox 814 2855 993 2920; x_wconf 85' lang='lat' dir='ltr'><strong>Isaac,</strong></span> <span class='ocrx_word' id='word_1_225' title='bbox 1029 2859 1086 2908; x_wconf 87' lang='lat' dir='ltr'><strong>et</strong></span> <span class='ocrx_word' id='word_1_226' title='bbox 1112 2853 1313 2918; x_wconf 84' lang='lat' dir='ltr'><strong>Jacob,</strong></span> <span class='ocrx_word' id='word_1_227' title='bbox 1347 2869 1596 2923; x_wconf 90' lang='lat' dir='ltr'><strong>quorum</strong></span> <span class='ocrx_word' id='word_1_228' title='bbox 1619 2868 1681 2908; x_wconf 90' lang='lat' dir='ltr'><strong>se</strong></span> <span class='ocrx_word' id='word_1_229' title='bbox 1710 2868 1838 2907; x_wconf 89' lang='lat' dir='ltr'><strong>esse</strong></span> 
     </span>
    </p>
   </div>
   <div class='ocr_carea' id='block_1_32' title="bbox 207 2942 1839 3015">
    <p class='ocr_par' dir='ltr' id='par_1_32' title="bbox 207 2942 1839 3015">
     <span class='ocr_line' id='line_1_32' title="bbox 207 2942 1839 3015; baseline -0.002 -14"><span class='ocrx_word' id='word_1_230' title='bbox 207 2947 367 3001; x_wconf 88' lang='lat' dir='ltr'><strong>Deum</strong></span> <span class='ocrx_word' id='word_1_231' title='bbox 402 2945 692 3001; x_wconf 86' lang='lat' dir='ltr'><strong>Dominus</strong></span> <span class='ocrx_word' id='word_1_232' title='bbox 741 2948 1098 3015; x_wconf 87' lang='lat' dir='ltr'><strong>protestatus</strong></span> <span class='ocrx_word' id='word_1_233' title='bbox 1146 2946 1235 2997; x_wconf 90' lang='lat' dir='ltr'><strong>est</strong></span> <span class='ocrx_word' id='word_1_234' title='bbox 1264 2942 1456 3012; x_wconf 76' lang='lat' dir='ltr'><strong>(Exod.</strong></span> <span class='ocrx_word' id='word_1_235' title='bbox 1490 2958 1575 3008; x_wconf 80' lang='grc' dir='ltr'>ιιι,</span> <span class='ocrx_word' id='word_1_236' title='bbox 1607 2943 1681 3012; x_wconf 88' lang='grc'><strong>6),</strong></span> <span class='ocrx_word' id='word_1_237' title='bbox 1710 2942 1839 2997; x_wconf 90' lang='lat' dir='ltr'><strong>ideo</strong></span> 
     </span>
    </p>
   </div>
   <div class='ocr_carea' id='block_1_33' title="bbox 206 3030 1839 3101">
    <p class='ocr_par' dir='ltr' id='par_1_33' title="bbox 206 3030 1839 3101">
     <span class='ocr_line' id='line_1_33' title="bbox 206 3030 1839 3101; baseline -0.002 -14"><span class='ocrx_word' id='word_1_238' title='bbox 206 3052 326 3089; x_wconf 80' lang='lat' dir='ltr'><strong>vera</strong></span> <span class='ocrx_word' id='word_1_239' title='bbox 352 3034 691 3089; x_wconf 88' lang='lat' dir='ltr'><strong>humilitate</strong></span> <span class='ocrx_word' id='word_1_240' title='bbox 723 3031 1038 3100; x_wconf 86' lang='lat' dir='ltr'><strong>caruerint,</strong></span> <span class='ocrx_word' id='word_1_241' title='bbox 1071 3030 1209 3095; x_wconf 88' lang='lat' dir='ltr'><strong>quia</strong></span> <span class='ocrx_word' id='word_1_242' title='bbox 1257 3046 1543 3101; x_wconf 86' lang='lat' dir='ltr'><strong>pauperes</strong></span> <span class='ocrx_word' id='word_1_243' title='bbox 1575 3047 1690 3085; x_wconf 88' lang='lat' dir='ltr'><strong>non</strong></span> <span class='ocrx_word' id='word_1_244' title='bbox 1723 3031 1839 3085; x_wconf 85' lang='lat' dir='ltr'><strong>fue-</strong></span> 
     </span>
    </p>
   </div>
   <div class='ocr_carea' id='block_1_34' title="bbox 206 3118 1840 3193">
    <p class='ocr_par' dir='ltr' id='par_1_34' title="bbox 206 3118 1840 3193">
     <span class='ocr_line' id='line_1_34' title="bbox 206 3118 1840 3193; baseline -0.002 -16"><span class='ocrx_word' id='word_1_245' title='bbox 206 3128 345 3177; x_wconf 84' lang='lat' dir='ltr'><strong>runt.</strong></span> <span class='ocrx_word' id='word_1_246' title='bbox 368 3128 487 3177; x_wconf 87' lang='lat' dir='ltr'><strong>Aut</strong></span> <span class='ocrx_word' id='word_1_247' title='bbox 508 3122 665 3193; x_wconf 89' lang='lat' dir='ltr'><strong>quod</strong></span> <span class='ocrx_word' id='word_1_248' title='bbox 683 3122 772 3174; x_wconf 90' lang='lat' dir='ltr'><strong>vir</strong></span> <span class='ocrx_word' id='word_1_249' title='bbox 789 3120 1226 3176; x_wconf 89' lang='lat' dir='ltr'><strong>sacratissimus</strong></span> <span class='ocrx_word' id='word_1_250' title='bbox 1261 3118 1703 3187; x_wconf 85' lang='lat' dir='ltr'><strong>Melchisedech,</strong></span> <span class='ocrx_word' id='word_1_251' title='bbox 1733 3120 1840 3174; x_wconf 90' lang='lat' dir='ltr'><strong>Do-</strong></span> 
     </span>
    </p>
   </div>
   <div class='ocr_carea' id='block_1_35' title="bbox 1926 538 3577 613">
    <p class='ocr_par' dir='ltr' id='par_1_35' title="bbox 1926 538 3577 613">
     <span class='ocr_line' id='line_1_35' title="bbox 1926 538 3577 613; baseline 0.001 -18"><span class='ocrx_word' id='word_1_252' title='bbox 1926 540 2003 611; x_wconf 89' lang='lat'><strong>3).</strong></span> <span class='ocrx_word' id='word_1_253' title='bbox 2035 540 2109 611; x_wconf 80' lang='grc' dir='ltr'><strong>(θ)</strong></span> <span class='ocrx_word' id='word_1_254' title='bbox 2136 539 2243 603; x_wconf 91' lang='lat' dir='ltr'><strong>Qui</strong></span> <span class='ocrx_word' id='word_1_255' title='bbox 2266 540 2315 595; x_wconf 84' lang='lat' dir='ltr'><strong>si</strong></span> <span class='ocrx_word' id='word_1_256' title='bbox 2348 544 2489 595; x_wconf 90' lang='lat' dir='ltr'><strong>tunc</strong></span> <span class='ocrx_word' id='word_1_257' title='bbox 2512 541 2683 597; x_wconf 89' lang='lat' dir='ltr'><strong>istius</strong></span> <span class='ocrx_word' id='word_1_258' title='bbox 2717 540 2915 612; x_wconf 69' lang='lat' dir='ltr'><strong>gratiae</strong></span> <span class='ocrx_word' id='word_1_259' title='bbox 2938 538 3230 613; x_wconf 88' lang='lat' dir='ltr'><strong>particeps</strong></span> <span class='ocrx_word' id='word_1_260' title='bbox 3264 541 3577 610; x_wconf 84' lang='lat' dir='ltr'><strong>factusest,</strong></span> 
     </span>
    </p>
   </div>
   <div class='ocr_carea' id='block_1_36' title="bbox 1928 629 3583 702">
    <p class='ocr_par' dir='ltr' id='par_1_36' title="bbox 1928 629 3583 702">
     <span class='ocr_line' id='line_1_36' title="bbox 1928 629 3583 702; baseline 0.001 -18"><span class='ocrx_word' id='word_1_261' title='bbox 1928 629 2164 702; x_wconf 82' lang='lat' dir='ltr'><strong>quando</strong></span> <span class='ocrx_word' id='word_1_262' title='bbox 2188 629 2464 683; x_wconf 84' lang='lat' dir='ltr'><strong>omnibus</strong></span> <span class='ocrx_word' id='word_1_263' title='bbox 2480 630 2857 685; x_wconf 82' lang='lat' dir='ltr'><strong>facultatibus</strong></span> <span class='ocrx_word' id='word_1_264' title='bbox 2875 630 3139 701; x_wconf 89' lang='lat' dir='ltr'><strong>perditis,</strong></span> <span class='ocrx_word' id='word_1_265' title='bbox 3159 630 3430 686; x_wconf 89' lang='lat' dir='ltr'><strong>universa</strong></span> <span class='ocrx_word' id='word_1_266' title='bbox 3444 647 3583 701; x_wconf 89' lang='lat' dir='ltr'><strong>quo-</strong></span> 
     </span>
    </p>
   </div>
   <div class='ocr_carea' id='block_1_37' title="bbox 1927 717 3585 791">
    <p class='ocr_par' dir='ltr' id='par_1_37' title="bbox 1927 717 3585 791">
     <span class='ocr_line' id='line_1_37' title="bbox 1927 717 3585 791; baseline 0.002 -18"><span class='ocrx_word' id='word_1_267' title='bbox 1927 735 2037 790; x_wconf 91' lang='lat' dir='ltr'><strong>que</strong></span> <span class='ocrx_word' id='word_1_268' title='bbox 2070 717 2292 773; x_wconf 84' lang='lat' dir='ltr'><strong>familia</strong></span> <span class='ocrx_word' id='word_1_269' title='bbox 2322 718 2577 789; x_wconf 86' lang='lat' dir='ltr'><strong>ﬁliisque</strong></span> <span class='ocrx_word' id='word_1_270' title='bbox 2609 719 2893 791; x_wconf 89' lang='lat' dir='ltr'><strong>privatus,</strong></span> <span class='ocrx_word' id='word_1_271' title='bbox 2917 726 2972 775; x_wconf 89' lang='lat' dir='ltr'><strong>et</strong></span> <span class='ocrx_word' id='word_1_272' title='bbox 3015 736 3299 791; x_wconf 87' lang='lat' dir='ltr'><strong>percussus</strong></span> <span class='ocrx_word' id='word_1_273' title='bbox 3355 724 3585 777; x_wconf 78' lang='lat' dir='ltr'><strong>vulnere</strong></span> 
     </span>
    </p>
   </div>
   <div class='ocr_carea' id='block_1_38' title="bbox 1927 807 3588 882">
    <p class='ocr_par' dir='ltr' id='par_1_38' title="bbox 1927 807 3588 882">
     <span class='ocr_line' id='line_1_38' title="bbox 1927 807 3588 882; baseline 0.002 -19"><span class='ocrx_word' id='word_1_274' title='bbox 1927 807 2166 878; x_wconf 84' lang='lat' dir='ltr'><strong>pessimo</strong></span> <span class='ocrx_word' id='word_1_275' title='bbox 2188 824 2223 863; x_wconf 90' lang='lat' dir='ltr'><strong>a</strong></span> <span class='ocrx_word' id='word_1_276' title='bbox 2248 807 2444 878; x_wconf 83' lang='lat' dir='ltr'><strong>planta</strong></span> <span class='ocrx_word' id='word_1_277' title='bbox 2458 808 2613 879; x_wconf 90' lang='lat' dir='ltr'><strong>pedis</strong></span> <span class='ocrx_word' id='word_1_278' title='bbox 2632 824 2804 879; x_wconf 86' lang='lat' dir='ltr'><strong>usque</strong></span> <span class='ocrx_word' id='word_1_279' title='bbox 2845 807 2916 863; x_wconf 91' lang='lat' dir='ltr'><strong>ad</strong></span> <span class='ocrx_word' id='word_1_280' title='bbox 2943 811 3197 865; x_wconf 82' lang='lat' dir='ltr'><strong>verticem</strong></span> <span class='ocrx_word' id='word_1_281' title='bbox 3226 812 3421 882; x_wconf 79' lang='lat' dir='ltr'><strong>capitis</strong></span> <span class='ocrx_word' id='word_1_282' title='bbox 3451 819 3588 867; x_wconf 86' lang='lat' dir='ltr'><strong>testa</strong></span> 
     </span>
    </p>
   </div>
   <div class='ocr_carea' id='block_1_39' title="bbox 1928 896 3585 972">
    <p class='ocr_par' dir='ltr' id='par_1_39' title="bbox 1928 896 3585 972">
     <span class='ocr_line' id='line_1_39' title="bbox 1928 896 3585 972; baseline 0.002 -20"><span class='ocrx_word' id='word_1_283' title='bbox 1928 899 2143 952; x_wconf 86' lang='lat' dir='ltr'><strong>saniem</strong></span> <span class='ocrx_word' id='word_1_284' title='bbox 2182 896 2427 965; x_wconf 85' lang='lat' dir='ltr'><strong>radebat,</strong></span> <span class='ocrx_word' id='word_1_285' title='bbox 2460 896 2649 951; x_wconf 82' lang='lat' dir='ltr'><strong>sedens</strong></span> <span class='ocrx_word' id='word_1_286' title='bbox 2683 900 2739 951; x_wconf 85' lang='lat' dir='ltr'><strong>in</strong></span> <span class='ocrx_word' id='word_1_287' title='bbox 2789 904 3025 953; x_wconf 79' lang='lat' dir='ltr'><strong>stercore</strong></span> <span class='ocrx_word' id='word_1_288' title='bbox 3053 898 3169 969; x_wconf 87' lang='lat' dir='ltr'><strong>(Job</strong></span> <span class='ocrx_word' id='word_1_289' title='bbox 3206 915 3271 963; x_wconf 79' lang='grc' dir='ltr'><strong>ιι,</strong></span> <span class='ocrx_word' id='word_1_290' title='bbox 3314 900 3393 971; x_wconf 84' lang='grc'><strong>7),</strong></span> <span class='ocrx_word' id='word_1_291' title='bbox 3418 901 3482 972; x_wconf 74' lang='grc' dir='ltr'><strong>(Ι)</strong></span> <span class='ocrx_word' id='word_1_292' title='bbox 3514 900 3585 955; x_wconf 89' lang='lat' dir='ltr'><strong>ad</strong></span> 
     </span>
    </p>
   </div>
   <div class='ocr_carea' id='block_1_40' title="bbox 1930 985 3590 1058">
    <p class='ocr_par' dir='ltr' id='par_1_40' title="bbox 1930 985 3590 1058">
     <span class='ocr_line' id='line_1_40' title="bbox 1930 985 3590 1058; baseline 0.002 -18"><span class='ocrx_word' id='word_1_293' title='bbox 1930 986 2251 1057; x_wconf 80' lang='lat' dir='ltr'><strong>imaginem</strong></span> <span class='ocrx_word' id='word_1_294' title='bbox 2275 985 2544 1043; x_wconf 86' lang='lat' dir='ltr'><strong>elationis</strong></span> <span class='ocrx_word' id='word_1_295' title='bbox 2562 986 3020 1057; x_wconf 89' lang='lat' dir='ltr'><strong>tentationisque</strong></span> <span class='ocrx_word' id='word_1_296' title='bbox 3038 988 3414 1058; x_wconf 88' lang='lat' dir='ltr'><strong>postmodum</strong></span> <span class='ocrx_word' id='word_1_297' title='bbox 3436 1006 3590 1044; x_wconf 82' lang='lat' dir='ltr'><strong>revo-</strong></span> 
     </span>
    </p>
   </div>
   <div class='ocr_carea' id='block_1_41' title="bbox 1932 1076 3590 1149">
    <p class='ocr_par' dir='ltr' id='par_1_41' title="bbox 1932 1076 3590 1149">
     <span class='ocr_line' id='line_1_41' title="bbox 1932 1076 3590 1149; baseline 0.001 -18"><span class='ocrx_word' id='word_1_298' title='bbox 1932 1083 2100 1131; x_wconf 87' lang='lat' dir='ltr'><strong>catus</strong></span> <span class='ocrx_word' id='word_1_299' title='bbox 2123 1080 2231 1143; x_wconf 89' lang='lat' dir='ltr'><strong>est,</strong></span> <span class='ocrx_word' id='word_1_300' title='bbox 2285 1076 2520 1147; x_wconf 90' lang='lat' dir='ltr'><strong>quando</strong></span> <span class='ocrx_word' id='word_1_301' title='bbox 2554 1076 2813 1146; x_wconf 86' lang='lat' dir='ltr'><strong>corporis</strong></span> <span class='ocrx_word' id='word_1_302' title='bbox 2857 1076 3261 1132; x_wconf 85' lang='lat' dir='ltr'><strong>incolumitate</strong></span> <span class='ocrx_word' id='word_1_303' title='bbox 3292 1084 3590 1149; x_wconf 87' lang='lat' dir='ltr'><strong>renovata,</strong></span> 
     </span>
    </p>
   </div>
   <div class='ocr_carea' id='block_1_42' title="bbox 1931 1164 3589 1239">
    <p class='ocr_par' dir='ltr' id='par_1_42' title="bbox 1931 1164 3589 1239">
     <span class='ocr_line' id='line_1_42' title="bbox 1931 1164 3589 1239; baseline 0.002 -19"><span class='ocrx_word' id='word_1_304' title='bbox 1931 1172 2135 1236; x_wconf 85' lang='lat' dir='ltr'><strong>septem</strong></span> <span class='ocrx_word' id='word_1_305' title='bbox 2152 1181 2360 1220; x_wconf 87' lang='lat' dir='ltr'><strong>rursus</strong></span> <span class='ocrx_word' id='word_1_306' title='bbox 2375 1165 2625 1233; x_wconf 80' lang='lat' dir='ltr'><strong>ﬁliorum</strong></span> <span class='ocrx_word' id='word_1_307' title='bbox 2648 1166 2923 1234; x_wconf 84' lang='lat' dir='ltr'><strong>triumque</strong></span> <span class='ocrx_word' id='word_1_308' title='bbox 2942 1164 3189 1233; x_wconf 84' lang='lat' dir='ltr'><strong>ﬁliarum</strong></span> <span class='ocrx_word' id='word_1_309' title='bbox 3202 1167 3381 1234; x_wconf 80' lang='lat' dir='ltr'><strong>factus</strong></span> <span class='ocrx_word' id='word_1_310' title='bbox 3396 1176 3478 1223; x_wconf 83' lang='lat' dir='ltr'><strong>est</strong></span> <span class='ocrx_word' id='word_1_311' title='bbox 3493 1184 3589 1239; x_wconf 89' lang='lat' dir='ltr'><strong>pa-</strong></span> 
     </span>
    </p>
   </div>
   <div class='ocr_carea' id='block_1_43' title="bbox 1934 1254 3592 1329">
    <p class='ocr_par' dir='ltr' id='par_1_43' title="bbox 1934 1254 3592 1329">
     <span class='ocr_line' id='line_1_43' title="bbox 1934 1254 3592 1329; baseline 0.002 -20"><span class='ocrx_word' id='word_1_312' title='bbox 1934 1265 2038 1324; x_wconf 81' lang='lat' dir='ltr'><strong>ter,</strong></span> <span class='ocrx_word' id='word_1_313' title='bbox 2069 1255 2231 1326; x_wconf 87' lang='lat' dir='ltr'><strong>duplo</strong></span> <span class='ocrx_word' id='word_1_314' title='bbox 2262 1256 2320 1309; x_wconf 79' lang='lat' dir='ltr'><strong>in</strong></span> <span class='ocrx_word' id='word_1_315' title='bbox 2356 1255 2670 1309; x_wconf 78' lang='lat' dir='ltr'><strong>universam</strong></span> <span class='ocrx_word' id='word_1_316' title='bbox 2700 1254 3066 1309; x_wconf 77' lang='lat' dir='ltr'><strong>substantiam</strong></span> <span class='ocrx_word' id='word_1_317' title='bbox 3111 1264 3194 1310; x_wconf 75' lang='lat' dir='ltr'><strong>est</strong></span> <span class='ocrx_word' id='word_1_318' title='bbox 3221 1257 3431 1312; x_wconf 83' lang='lat' dir='ltr'><strong>ditatus</strong></span> <span class='ocrx_word' id='word_1_319' title='bbox 3457 1274 3592 1329; x_wconf 80' lang='lat' dir='ltr'><strong>aug-</strong></span> 
     </span>
    </p>
   </div>
   <div class='ocr_carea' id='block_1_44' title="bbox 1934 1343 3595 1415">
    <p class='ocr_par' dir='ltr' id='par_1_44' title="bbox 1934 1343 3595 1415">
     <span class='ocr_line' id='line_1_44' title="bbox 1934 1343 3595 1415; baseline 0.002 -17"><span class='ocrx_word' id='word_1_320' title='bbox 1934 1348 2115 1399; x_wconf 87' lang='lat' dir='ltr'><strong>mento</strong></span> <span class='ocrx_word' id='word_1_321' title='bbox 2137 1344 2251 1415; x_wconf 86' lang='lat' dir='ltr'><strong>(Job</strong></span> <span class='ocrx_word' id='word_1_322' title='bbox 2280 1360 2416 1403; x_wconf 82' lang='lat' dir='ltr'><strong>XLII,</strong></span> <span class='ocrx_word' id='word_1_323' title='bbox 2452 1343 2672 1413; x_wconf 71' lang='lat'><strong>10,13).</strong></span> <span class='ocrx_word' id='word_1_324' title='bbox 2700 1343 2867 1397; x_wconf 80' lang='lat' dir='ltr'><strong>Absit</strong></span> <span class='ocrx_word' id='word_1_325' title='bbox 2889 1348 3080 1397; x_wconf 87' lang='lat' dir='ltr'><strong>autem</strong></span> <span class='ocrx_word' id='word_1_326' title='bbox 3109 1345 3180 1398; x_wconf 90' lang='lat' dir='ltr'><strong>ab</strong></span> <span class='ocrx_word' id='word_1_327' title='bbox 3206 1344 3421 1400; x_wconf 88' lang='lat' dir='ltr'><strong>animis</strong></span> <span class='ocrx_word' id='word_1_328' title='bbox 3453 1347 3595 1401; x_wconf 83' lang='lat' dir='ltr'><strong>fide-</strong></span> 
     </span>
    </p>
   </div>
   <div class='ocr_carea' id='block_1_45' title="bbox 1936 1432 3591 1504">
    <p class='ocr_par' dir='ltr' id='par_1_45' title="bbox 1936 1432 3591 1504">
     <span class='ocr_line' id='line_1_45' title="bbox 1936 1432 3591 1504; baseline 0.002 -18"><span class='ocrx_word' id='word_1_329' title='bbox 1936 1433 2079 1488; x_wconf 92' lang='lat' dir='ltr'><strong>lium</strong></span> <span class='ocrx_word' id='word_1_330' title='bbox 2114 1439 2233 1487; x_wconf 87' lang='lat' dir='ltr'><strong>tam</strong></span> <span class='ocrx_word' id='word_1_331' title='bbox 2268 1432 2590 1503; x_wconf 86' lang='lat' dir='ltr'><strong>irreligiosa</strong></span> <span class='ocrx_word' id='word_1_332' title='bbox 2615 1434 2941 1503; x_wconf 86' lang='lat' dir='ltr'><strong>persuasio,</strong></span> <span class='ocrx_word' id='word_1_333' title='bbox 2966 1442 3029 1486; x_wconf 88' lang='lat' dir='ltr'><strong>ut</strong></span> <span class='ocrx_word' id='word_1_334' title='bbox 3061 1434 3333 1504; x_wconf 88' lang='lat' dir='ltr'><strong>cuiquam</strong></span> <span class='ocrx_word' id='word_1_335' title='bbox 3370 1440 3591 1490; x_wconf 88' lang='lat' dir='ltr'><strong>sancto-</strong></span> 
     </span>
    </p>
   </div>
   <div class='ocr_carea' id='block_1_46' title="bbox 1937 1522 3599 1593">
    <p class='ocr_par' dir='ltr' id='par_1_46' title="bbox 1937 1522 3599 1593">
     <span class='ocr_line' id='line_1_46' title="bbox 1937 1522 3599 1593; baseline 0.002 -17"><span class='ocrx_word' id='word_1_336' title='bbox 1937 1539 2091 1591; x_wconf 88' lang='lat' dir='ltr'><strong>rum,</strong></span> <span class='ocrx_word' id='word_1_337' title='bbox 2117 1522 2333 1593; x_wconf 90' lang='lat' dir='ltr'><strong>quibus</strong></span> <span class='ocrx_word' id='word_1_338' title='bbox 2354 1522 2508 1576; x_wconf 89' lang='lat' dir='ltr'><strong>Deus</strong></span> <span class='ocrx_word' id='word_1_339' title='bbox 2530 1527 2588 1576; x_wconf 91' lang='lat' dir='ltr'><strong>et</strong></span> <span class='ocrx_word' id='word_1_340' title='bbox 2617 1522 2849 1576; x_wconf 87' lang='lat' dir='ltr'><strong>divitias</strong></span> <span class='ocrx_word' id='word_1_341' title='bbox 2880 1528 2968 1575; x_wconf 85' lang='lat' dir='ltr'><strong>est</strong></span> <span class='ocrx_word' id='word_1_342' title='bbox 2994 1522 3241 1591; x_wconf 80' lang='lat' dir='ltr'><strong>largitus</strong></span> <span class='ocrx_word' id='word_1_343' title='bbox 3266 1529 3322 1578; x_wconf 87' lang='lat' dir='ltr'><strong>et</strong></span> <span class='ocrx_word' id='word_1_344' title='bbox 3344 1526 3599 1580; x_wconf 86' lang='lat' dir='ltr'><strong>honores</strong></span> 
     </span>
    </p>
   </div>
   <div class='ocr_carea' id='block_1_47' title="bbox 1937 1608 3600 1681">
    <p class='ocr_par' dir='ltr' id='par_1_47' title="bbox 1937 1608 3600 1681">
     <span class='ocr_line' id='line_1_47' title="bbox 1937 1608 3600 1681; baseline 0.001 -14"><span class='ocrx_word' id='word_1_345' title='bbox 1937 1612 2008 1668; x_wconf 87' lang='lat' dir='ltr'><strong>ad</strong></span> <span class='ocrx_word' id='word_1_346' title='bbox 2041 1611 2393 1681; x_wconf 87' lang='lat' dir='ltr'><strong>capiendum</strong></span> <span class='ocrx_word' id='word_1_347' title='bbox 2442 1626 2588 1665; x_wconf 78' lang='lat' dir='ltr'><strong>verae</strong></span> <span class='ocrx_word' id='word_1_348' title='bbox 2624 1608 2971 1664; x_wconf 85' lang='lat' dir='ltr'><strong>humilitatis</strong></span> <span class='ocrx_word' id='word_1_349' title='bbox 3010 1610 3283 1666; x_wconf 90' lang='lat' dir='ltr'><strong>meritum</strong></span> <span class='ocrx_word' id='word_1_350' title='bbox 3329 1613 3600 1669; x_wconf 87' lang='lat' dir='ltr'><strong>credatur</strong></span> 
     </span>
    </p>
   </div>
   <div class='ocr_carea' id='block_1_48' title="bbox 1937 1699 3598 1773">
    <p class='ocr_par' dir='ltr' id='par_1_48' title="bbox 1937 1699 3598 1773">
     <span class='ocr_line' id='line_1_48' title="bbox 1937 1699 3598 1773; baseline 0.002 -19"><span class='ocrx_word' id='word_1_351' title='bbox 1937 1700 2113 1773; x_wconf 83' lang='lat' dir='ltr'><strong>(g)vel</strong></span> <span class='ocrx_word' id='word_1_352' title='bbox 2139 1700 2438 1771; x_wconf 83' lang='lat' dir='ltr'><strong>epulantia</strong></span> <span class='ocrx_word' id='word_1_353' title='bbox 2456 1700 2832 1766; x_wconf 83' lang='lat' dir='ltr'><strong>obfuisse,vel</strong></span> <span class='ocrx_word' id='word_1_354' title='bbox 2854 1699 3275 1770; x_wconf 80' lang='lat' dir='ltr'><strong>digmtas;cum</strong></span> <span class='ocrx_word' id='word_1_355' title='bbox 3296 1702 3380 1757; x_wconf 89' lang='lat' dir='ltr'><strong>eis</strong></span> <span class='ocrx_word' id='word_1_356' title='bbox 3399 1702 3469 1757; x_wconf 86' lang='lat' dir='ltr'><strong>ad</strong></span> <span class='ocrx_word' id='word_1_357' title='bbox 3492 1702 3598 1758; x_wconf 85' lang='lat' dir='ltr'><strong>hu-</strong></span> 
     </span>
    </p>
   </div>
   <div class='ocr_carea' id='block_1_49' title="bbox 1933 1788 3601 1859">
    <p class='ocr_par' dir='ltr' id='par_1_49' title="bbox 1933 1788 3601 1859">
     <span class='ocr_line' id='line_1_49' title="bbox 1933 1788 3601 1859; baseline 0.002 -16"><span class='ocrx_word' id='word_1_358' title='bbox 1933 1790 2034 1859; x_wconf 85' lang='lat' dir='ltr'><strong>jus</strong></span> <span class='ocrx_word' id='word_1_359' title='bbox 2056 1788 2293 1843; x_wconf 87' lang='lat' dir='ltr'><strong>virtutis</strong></span> <span class='ocrx_word' id='word_1_360' title='bbox 2316 1793 2654 1858; x_wconf 90' lang='lat' dir='ltr'><strong>provectum</strong></span> <span class='ocrx_word' id='word_1_361' title='bbox 2681 1793 2927 1857; x_wconf 83' lang='lat' dir='ltr'><strong>utraque</strong></span> <span class='ocrx_word' id='word_1_362' title='bbox 2954 1788 3298 1857; x_wconf 83' lang='lat' dir='ltr'><strong>profuerint.</strong></span> <span class='ocrx_word' id='word_1_363' title='bbox 3322 1790 3601 1855; x_wconf 84' lang='lat' dir='ltr'><strong>Quamvis</strong></span> 
     </span>
    </p>
   </div>
   <div class='ocr_carea' id='block_1_50' title="bbox 1946 1878 3603 1953">
    <p class='ocr_par' dir='ltr' id='par_1_50' title="bbox 1946 1878 3603 1953">
     <span class='ocr_line' id='line_1_50' title="bbox 1946 1878 3603 1953; baseline 0.002 -20"><span class='ocrx_word' id='word_1_364' title='bbox 1946 1878 2104 1933; x_wconf 89' lang='lat' dir='ltr'><strong>enim</strong></span> <span class='ocrx_word' id='word_1_365' title='bbox 2137 1882 2261 1933; x_wconf 89' lang='lat' dir='ltr'><strong>tota</strong></span> <span class='ocrx_word' id='word_1_366' title='bbox 2288 1880 2402 1932; x_wconf 84' lang='lat' dir='ltr'><strong>vita</strong></span> <span class='ocrx_word' id='word_1_367' title='bbox 2432 1878 2668 1932; x_wconf 82' lang='lat' dir='ltr'><strong>hominis</strong></span> <span class='ocrx_word' id='word_1_368' title='bbox 2697 1879 2923 1931; x_wconf 85' lang='lat' dir='ltr'><strong>tentatio</strong></span> <span class='ocrx_word' id='word_1_369' title='bbox 2952 1879 3021 1931; x_wconf 85' lang='lat' dir='ltr'><strong>sit</strong></span> <span class='ocrx_word' id='word_1_370' title='bbox 3055 1894 3219 1949; x_wconf 84' lang='lat' dir='ltr'><strong>super</strong></span> <span class='ocrx_word' id='word_1_371' title='bbox 3247 1884 3455 1936; x_wconf 78' lang='lat' dir='ltr'><strong>terram</strong></span> <span class='ocrx_word' id='word_1_372' title='bbox 3485 1882 3603 1953; x_wconf 86' lang='lat' dir='ltr'><strong>(Job</strong></span> 
     </span>
    </p>
   </div>
   <div class='ocr_carea' id='block_1_51' title="bbox 1946 1966 3603 2042">
    <p class='ocr_par' dir='ltr' id='par_1_51' title="bbox 1946 1966 3603 2042">
     <span class='ocr_line' id='line_1_51' title="bbox 1946 1966 3603 2042; baseline 0.002 -20"><span class='ocrx_word' id='word_1_373' title='bbox 1946 1983 2045 2033; x_wconf 84' lang='lat' dir='ltr'><strong>vu,</strong></span> <span class='ocrx_word' id='word_1_374' title='bbox 2083 1967 2133 2030; x_wconf 85' lang='lat'><strong>1,</strong></span> <span class='ocrx_word' id='word_1_375' title='bbox 2159 1966 2329 2036; x_wconf 73' lang='lat' dir='ltr'><strong>juxta</strong></span> <span class='ocrx_word' id='word_1_376' title='bbox 2352 1967 2519 2035; x_wconf 84' lang='lat' dir='ltr'><strong>LXX),</strong></span> <span class='ocrx_word' id='word_1_377' title='bbox 2542 1971 2598 2021; x_wconf 85' lang='lat' dir='ltr'><strong>et</strong></span> <span class='ocrx_word' id='word_1_378' title='bbox 2625 1970 2743 2020; x_wconf 88' lang='lat' dir='ltr'><strong>tam</strong></span> <span class='ocrx_word' id='word_1_379' title='bbox 2787 1966 3148 2020; x_wconf 82' lang='lat' dir='ltr'><strong>abundantia</strong></span> <span class='ocrx_word' id='word_1_380' title='bbox 3179 1984 3356 2038; x_wconf 81' lang='lat' dir='ltr'><strong>quam</strong></span> <span class='ocrx_word' id='word_1_381' title='bbox 3384 1969 3603 2042; x_wconf 86' lang='lat' dir='ltr'><strong>inepia,</strong></span> 
     </span>
    </p>
   </div>
   <div class='ocr_carea' id='block_1_52' title="bbox 1947 2053 3606 2125">
    <p class='ocr_par' dir='ltr' id='par_1_52' title="bbox 1947 2053 3606 2125">
     <span class='ocr_line' id='line_1_52' title="bbox 1947 2053 3606 2125; baseline 0.003 -16"><span class='ocrx_word' id='word_1_382' title='bbox 1947 2053 2196 2109; x_wconf 87' lang='lat' dir='ltr'><strong>materia</strong></span> <span class='ocrx_word' id='word_1_383' title='bbox 2227 2053 2413 2109; x_wconf 80' lang='lat' dir='ltr'><strong>soleat</strong></span> <span class='ocrx_word' id='word_1_384' title='bbox 2429 2071 2557 2109; x_wconf 89' lang='lat' dir='ltr'><strong>esse</strong></span> <span class='ocrx_word' id='word_1_385' title='bbox 2590 2054 2833 2125; x_wconf 87' lang='lat' dir='ltr'><strong>peccati,</strong></span> <span class='ocrx_word' id='word_1_386' title='bbox 2856 2070 2987 2109; x_wconf 88' lang='lat' dir='ltr'><strong>cum</strong></span> <span class='ocrx_word' id='word_1_387' title='bbox 3016 2055 3100 2110; x_wconf 79' lang='lat' dir='ltr'><strong>vel</strong></span> <span class='ocrx_word' id='word_1_388' title='bbox 3129 2056 3287 2111; x_wconf 90' lang='lat' dir='ltr'><strong>dives</strong></span> <span class='ocrx_word' id='word_1_389' title='bbox 3310 2058 3606 2114; x_wconf 85' lang='lat' dir='ltr'><strong>extollitur</strong></span> 
     </span>
    </p>
   </div>
   <div class='ocr_carea' id='block_1_53' title="bbox 1947 2142 3601 2218">
    <p class='ocr_par' dir='ltr' id='par_1_53' title="bbox 1947 2142 3601 2218">
     <span class='ocr_line' id='line_1_53' title="bbox 1947 2142 3601 2218; baseline 0.002 -20"><span class='ocrx_word' id='word_1_390' title='bbox 1947 2144 2021 2198; x_wconf 92' lang='lat' dir='ltr'><strong>ad</strong></span> <span class='ocrx_word' id='word_1_391' title='bbox 2080 2142 2440 2214; x_wconf 89' lang='lat' dir='ltr'><strong>superbiam,</strong></span> <span class='ocrx_word' id='word_1_392' title='bbox 2472 2142 2561 2197; x_wconf 92' lang='lat' dir='ltr'><strong>vel</strong></span> <span class='ocrx_word' id='word_1_393' title='bbox 2595 2159 2818 2214; x_wconf 87' lang='lat' dir='ltr'><strong>pauper</strong></span> <span class='ocrx_word' id='word_1_394' title='bbox 2866 2143 3097 2214; x_wconf 80' lang='lat' dir='ltr'><strong>prosilit</strong></span> <span class='ocrx_word' id='word_1_395' title='bbox 3148 2146 3217 2199; x_wconf 88' lang='lat' dir='ltr'><strong>ad</strong></span> <span class='ocrx_word' id='word_1_396' title='bbox 3279 2146 3601 2218; x_wconf 88' lang='lat' dir='ltr'><strong>querelam,</strong></span> 
     </span>
    </p>
   </div>
   <div class='ocr_carea' id='block_1_54' title="bbox 1946 2231 3605 2305">
    <p class='ocr_par' dir='ltr' id='par_1_54' title="bbox 1946 2231 3605 2305">
     <span class='ocr_line' id='line_1_54' title="bbox 1946 2231 3605 2305; baseline 0.001 -16"><span class='ocrx_word' id='word_1_397' title='bbox 1946 2234 2297 2289; x_wconf 84' lang='lat' dir='ltr'><strong>exstiterunt</strong></span> <span class='ocrx_word' id='word_1_398' title='bbox 2326 2238 2523 2289; x_wconf 88' lang='lat' dir='ltr'><strong>tamen</strong></span> <span class='ocrx_word' id='word_1_399' title='bbox 2584 2231 2644 2286; x_wconf 90' lang='lat' dir='ltr'><strong>in</strong></span> <span class='ocrx_word' id='word_1_400' title='bbox 2702 2234 2861 2287; x_wconf 80' lang='lat' dir='ltr'><strong>omni</strong></span> <span class='ocrx_word' id='word_1_401' title='bbox 2895 2238 3176 2305; x_wconf 88' lang='lat' dir='ltr'><strong>tempore,</strong></span> <span class='ocrx_word' id='word_1_402' title='bbox 3227 2239 3283 2289; x_wconf 92' lang='lat' dir='ltr'><strong>et</strong></span> <span class='ocrx_word' id='word_1_403' title='bbox 3312 2235 3372 2290; x_wconf 90' lang='lat' dir='ltr'><strong>in</strong></span> <span class='ocrx_word' id='word_1_404' title='bbox 3406 2240 3605 2293; x_wconf 90' lang='lat' dir='ltr'><strong>nostra</strong></span> 
     </span>
    </p>
   </div>
   <div class='ocr_carea' id='block_1_55' title="bbox 1948 2322 3602 2397">
    <p class='ocr_par' dir='ltr' id='par_1_55' title="bbox 1948 2322 3602 2397">
     <span class='ocr_line' id='line_1_55' title="bbox 1948 2322 3602 2397; baseline 0.003 -21"><span class='ocrx_word' id='word_1_405' title='bbox 1948 2338 2181 2394; x_wconf 91' lang='lat' dir='ltr'><strong>quoque</strong></span> <span class='ocrx_word' id='word_1_406' title='bbox 2211 2326 2377 2376; x_wconf 79' lang='lat' dir='ltr'><strong>aetate</strong></span> <span class='ocrx_word' id='word_1_407' title='bbox 2410 2338 2523 2376; x_wconf 91' lang='lat' dir='ltr'><strong>non</strong></span> <span class='ocrx_word' id='word_1_408' title='bbox 2573 2324 2808 2386; x_wconf 90' lang='lat' dir='ltr'><strong>desunt,</strong></span> <span class='ocrx_word' id='word_1_409' title='bbox 2841 2322 2991 2376; x_wconf 89' lang='lat' dir='ltr'><strong>sicut</strong></span> <span class='ocrx_word' id='word_1_410' title='bbox 3040 2328 3096 2378; x_wconf 90' lang='lat' dir='ltr'><strong>et</strong></span> <span class='ocrx_word' id='word_1_411' title='bbox 3130 2323 3261 2379; x_wconf 85' lang='lat' dir='ltr'><strong>boni</strong></span> <span class='ocrx_word' id='word_1_412' title='bbox 3297 2341 3602 2397; x_wconf 88' lang='lat' dir='ltr'><strong>pauperes,</strong></span> 
     </span>
    </p>
   </div>
   <div class='ocr_carea' id='block_1_56' title="bbox 1948 2407 3605 2486">
    <p class='ocr_par' dir='ltr' id='par_1_56' title="bbox 1948 2407 3605 2486">
     <span class='ocr_line' id='line_1_56' title="bbox 1948 2407 3605 2486; baseline 0.004 -22"><span class='ocrx_word' id='word_1_413' title='bbox 1948 2412 2029 2466; x_wconf 89' lang='lat' dir='ltr'><strong>ita</strong></span> <span class='ocrx_word' id='word_1_414' title='bbox 2083 2416 2140 2464; x_wconf 89' lang='lat' dir='ltr'><strong>et</strong></span> <span class='ocrx_word' id='word_1_415' title='bbox 2197 2410 2331 2464; x_wconf 88' lang='lat' dir='ltr'><strong>boni</strong></span> <span class='ocrx_word' id='word_1_416' title='bbox 2381 2408 2610 2463; x_wconf 90' lang='lat' dir='ltr'><strong>divites.</strong></span> <span class='ocrx_word' id='word_1_417' title='bbox 2674 2407 2789 2463; x_wconf 89' lang='lat' dir='ltr'><strong>Nec</strong></span> <span class='ocrx_word' id='word_1_418' title='bbox 2849 2410 3035 2465; x_wconf 86' lang='lat' dir='ltr'><strong>frusta</strong></span> <span class='ocrx_word' id='word_1_419' title='bbox 3107 2411 3314 2468; x_wconf 89' lang='lat' dir='ltr'><strong>beatus</strong></span> <span class='ocrx_word' id='word_1_420' title='bbox 3371 2419 3605 2486; x_wconf 79' lang='lat' dir='ltr'><strong>aposto-</strong></span> 
     </span>
    </p>
   </div>
   <div class='ocr_carea' id='block_1_57' title="bbox 1947 2497 3605 2569">
    <p class='ocr_par' dir='ltr' id='par_1_57' title="bbox 1947 2497 3605 2569">
     <span class='ocr_line' id='line_1_57' title="bbox 1947 2497 3605 2569; baseline 0.003 -15"><span class='ocrx_word' id='word_1_421' title='bbox 1947 2501 2039 2554; x_wconf 92' lang='lat' dir='ltr'><strong>lus</strong></span> <span class='ocrx_word' id='word_1_422' title='bbox 2096 2497 2315 2553; x_wconf 90' lang='lat' dir='ltr'><strong>Paulus</strong></span> <span class='ocrx_word' id='word_1_423' title='bbox 2370 2497 2744 2552; x_wconf 88' lang='lat' dir='ltr'><strong>Timotheum</strong></span> <span class='ocrx_word' id='word_1_424' title='bbox 2803 2498 3102 2569; x_wconf 89' lang='lat' dir='ltr'><strong>admonet,</strong></span> <span class='ocrx_word' id='word_1_425' title='bbox 3159 2500 3411 2557; x_wconf 82' lang='lat' dir='ltr'><strong>dicens:</strong></span> <span class='ocrx_word' id='word_1_426' title='bbox 3449 2504 3605 2559; x_wconf 89' lang='lat' dir='ltr'><strong>Divi-</strong></span> 
     </span>
    </p>
   </div>
   <div class='ocr_carea' id='block_1_58' title="bbox 1946 2587 3610 2661">
    <p class='ocr_par' dir='ltr' id='par_1_58' title="bbox 1946 2587 3610 2661">
     <span class='ocr_line' id='line_1_58' title="bbox 1946 2587 3610 2661; baseline 0.003 -18"><span class='ocrx_word' id='word_1_427' title='bbox 1946 2588 2091 2643; x_wconf 84' lang='lat' dir='ltr'><strong>tibus</strong></span> <span class='ocrx_word' id='word_1_428' title='bbox 2121 2588 2287 2657; x_wconf 85' lang='lat' dir='ltr'><strong>hujus</strong></span> <span class='ocrx_word' id='word_1_429' title='bbox 2334 2587 2521 2642; x_wconf 64' lang='grc' dir='ltr'><strong>,ςκεπιὶ</strong></span> <span class='ocrx_word' id='word_1_430' title='bbox 2548 2588 2785 2657; x_wconf 66' lang='grc' dir='ltr'><strong>ρνκείρθ</strong></span> <span class='ocrx_word' id='word_1_431' title='bbox 2841 2602 2951 2641; x_wconf 87' lang='lat' dir='ltr'><strong>non</strong></span> <span class='ocrx_word' id='word_1_432' title='bbox 3003 2588 3229 2657; x_wconf 85' lang='lat' dir='ltr'><strong>superbe</strong></span> <span class='ocrx_word' id='word_1_433' title='bbox 3257 2606 3463 2661; x_wconf 87' lang='lat' dir='ltr'><strong>sapere,</strong></span> <span class='ocrx_word' id='word_1_434' title='bbox 3510 2608 3610 2648; x_wconf 88' lang='lat' dir='ltr'><strong>nec</strong></span> 
     </span>
    </p>
   </div>
   <div class='ocr_carea' id='block_1_59' title="bbox 1946 2675 3611 2753">
    <p class='ocr_par' dir='ltr' id='par_1_59' title="bbox 1946 2675 3611 2753">
     <span class='ocr_line' id='line_1_59' title="bbox 1946 2675 3611 2753; baseline 0.005 -23"><span class='ocrx_word' id='word_1_435' title='bbox 1946 2692 2171 2748; x_wconf 88' lang='lat' dir='ltr'><strong>sperare</strong></span> <span class='ocrx_word' id='word_1_436' title='bbox 2203 2680 2263 2731; x_wconf 85' lang='lat' dir='ltr'><strong>in</strong></span> <span class='ocrx_word' id='word_1_437' title='bbox 2284 2678 2489 2731; x_wconf 86' lang='lat' dir='ltr'><strong>incerto</strong></span> <span class='ocrx_word' id='word_1_438' title='bbox 2518 2676 2861 2743; x_wconf 86' lang='lat' dir='ltr'><strong>divitiarum,</strong></span> <span class='ocrx_word' id='word_1_439' title='bbox 2892 2675 2986 2731; x_wconf 87' lang='lat' dir='ltr'><strong>sed</strong></span> <span class='ocrx_word' id='word_1_440' title='bbox 3016 2678 3074 2731; x_wconf 89' lang='lat' dir='ltr'><strong>in</strong></span> <span class='ocrx_word' id='word_1_441' title='bbox 3106 2678 3229 2746; x_wconf 89' lang='lat' dir='ltr'><strong>Deo,</strong></span> <span class='ocrx_word' id='word_1_442' title='bbox 3261 2680 3358 2749; x_wconf 87' lang='lat' dir='ltr'><strong>qui</strong></span> <span class='ocrx_word' id='word_1_443' title='bbox 3382 2688 3611 2753; x_wconf 63' lang='lat' dir='ltr'><strong>praesta;</strong></span> 
     </span>
    </p>
   </div>
   <div class='ocr_carea' id='block_1_60' title="bbox 1946 2764 3606 2838">
    <p class='ocr_par' dir='ltr' id='par_1_60' title="bbox 1946 2764 3606 2838">
     <span class='ocr_line' id='line_1_60' title="bbox 1946 2764 3606 2838; baseline 0.004 -19"><span class='ocrx_word' id='word_1_444' title='bbox 1946 2766 2103 2821; x_wconf 84' lang='lat' dir='ltr'><strong>nobis</strong></span> <span class='ocrx_word' id='word_1_445' title='bbox 2135 2767 2322 2820; x_wconf 86' lang='lat' dir='ltr'><strong>omnia</strong></span> <span class='ocrx_word' id='word_1_446' title='bbox 2349 2764 2567 2819; x_wconf 83' lang='lat' dir='ltr'><strong>abunde</strong></span> <span class='ocrx_word' id='word_1_447' title='bbox 2614 2765 2683 2819; x_wconf 87' lang='lat' dir='ltr'><strong>ad</strong></span> <span class='ocrx_word' id='word_1_448' title='bbox 2713 2766 3056 2834; x_wconf 81' lang='lat' dir='ltr'><strong>fruendum;</strong></span> <span class='ocrx_word' id='word_1_449' title='bbox 3091 2765 3222 2821; x_wconf 86' lang='lat' dir='ltr'><strong>bene</strong></span> <span class='ocrx_word' id='word_1_450' title='bbox 3252 2782 3435 2838; x_wconf 84' lang='lat' dir='ltr'><strong>agere.</strong></span> <span class='ocrx_word' id='word_1_451' title='bbox 3465 2769 3606 2825; x_wconf 87' lang='lat' dir='ltr'><strong>divi-</strong></span> 
     </span>
    </p>
   </div>
   <div class='ocr_carea' id='block_1_61' title="bbox 1947 2853 3605 2925">
    <p class='ocr_par' dir='ltr' id='par_1_61' title="bbox 1947 2853 3605 2925">
     <span class='ocr_line' id='line_1_61' title="bbox 1947 2853 3605 2925; baseline 0.002 -15"><span class='ocrx_word' id='word_1_452' title='bbox 1947 2860 2025 2910; x_wconf 88' lang='lat' dir='ltr'><strong>tes</strong></span> <span class='ocrx_word' id='word_1_453' title='bbox 2071 2856 2197 2925; x_wconf 69' lang='grc' dir='ltr'><strong>[ἱενὶ</strong></span> <span class='ocrx_word' id='word_1_454' title='bbox 2254 2856 2313 2909; x_wconf 87' lang='lat' dir='ltr'><strong>in</strong></span> <span class='ocrx_word' id='word_1_455' title='bbox 2371 2853 2624 2923; x_wconf 83' lang='lat' dir='ltr'><strong>operibus</strong></span> <span class='ocrx_word' id='word_1_456' title='bbox 2667 2854 2820 2908; x_wconf 83' lang='lat' dir='ltr'><strong>bonis</strong></span> <span class='ocrx_word' id='word_1_457' title='bbox 2846 2855 3011 2925; x_wconf 73' lang='lat' dir='ltr'><strong>facile</strong></span> <span class='ocrx_word' id='word_1_458' title='bbox 3069 2854 3330 2924; x_wconf 86' lang='lat' dir='ltr'><strong>tribuere,</strong></span> <span class='ocrx_word' id='word_1_459' title='bbox 3362 2873 3605 2914; x_wconf 88' lang='lat' dir='ltr'><strong>commu-</strong></span> 
     </span>
    </p>
   </div>
   <div class='ocr_carea' id='block_1_62' title="bbox 1948 2941 3614 3018">
    <p class='ocr_par' dir='ltr' id='par_1_62' title="bbox 1948 2941 3614 3018">
     <span class='ocr_line' id='line_1_62' title="bbox 1948 2941 3614 3018; baseline 0.002 -21"><span class='ocrx_word' id='word_1_460' title='bbox 1948 2946 2158 3010; x_wconf 88' lang='lat' dir='ltr'><strong>nicare,</strong></span> <span class='ocrx_word' id='word_1_461' title='bbox 2180 2943 2568 2997; x_wconf 84' lang='lat' dir='ltr'><strong>thesaurizare</strong></span> <span class='ocrx_word' id='word_1_462' title='bbox 2585 2941 2692 2997; x_wconf 85' lang='lat' dir='ltr'><strong>sibi</strong></span> <span class='ocrx_word' id='word_1_463' title='bbox 2708 2942 3134 3013; x_wconf 79' lang='lat' dir='ltr'><strong>fundamentum</strong></span> <span class='ocrx_word' id='word_1_464' title='bbox 3157 2944 3357 2999; x_wconf 88' lang='lat' dir='ltr'><strong>bonum</strong></span> <span class='ocrx_word' id='word_1_465' title='bbox 3379 2948 3439 3000; x_wconf 88' lang='lat' dir='ltr'><strong>in</strong></span> <span class='ocrx_word' id='word_1_466' title='bbox 3457 2951 3614 3018; x_wconf 87' lang='lat' dir='ltr'><strong>/utu-</strong></span> 
     </span>
    </p>
   </div>
   <div class='ocr_carea' id='block_1_63' title="bbox 1948 3030 3608 3106">
    <p class='ocr_par' dir='ltr' id='par_1_63' title="bbox 1948 3030 3608 3106">
     <span class='ocr_line' id='line_1_63' title="bbox 1948 3030 3608 3106; baseline 0.002 -19"><span class='ocrx_word' id='word_1_467' title='bbox 1948 3049 2074 3087; x_wconf 87' lang='lat' dir='ltr'><strong>rum</strong></span> <span class='ocrx_word' id='word_1_468' title='bbox 2094 3050 2112 3086; x_wconf 89' lang='lat'><strong><em>:</em></strong></span> <span class='ocrx_word' id='word_1_469' title='bbox 2156 3037 2218 3086; x_wconf 87' lang='lat' dir='ltr'><strong>ut</strong></span> <span class='ocrx_word' id='word_1_470' title='bbox 2246 3030 2654 3102; x_wconf 81' lang='lat' dir='ltr'><strong>apprehendant</strong></span> <span class='ocrx_word' id='word_1_471' title='bbox 2710 3046 2897 3085; x_wconf 86' lang='lat' dir='ltr'><strong>veram</strong></span> <span class='ocrx_word' id='word_1_472' title='bbox 2930 3032 3100 3086; x_wconf 86' lang='lat' dir='ltr'><strong>vitam</strong></span> <span class='ocrx_word' id='word_1_473' title='bbox 3131 3032 3175 3103; x_wconf 94' lang='grc' dir='ltr'><strong>(Ι</strong></span> <span class='ocrx_word' id='word_1_474' title='bbox 3226 3034 3358 3088; x_wconf 90' lang='lat' dir='ltr'><strong>Tim.</strong></span> <span class='ocrx_word' id='word_1_475' title='bbox 3389 3051 3469 3103; x_wconf 78' lang='lat' dir='ltr'><strong>vx,</strong></span> <span class='ocrx_word' id='word_1_476' title='bbox 3518 3038 3608 3106; x_wconf 84' lang='grc'><strong>17,</strong></span> 
     </span>
    </p>
   </div>
   <div class='ocr_carea' id='block_1_64' title="bbox 1958 3120 3617 3197">
    <p class='ocr_par' dir='ltr' id='par_1_64' title="bbox 1958 3120 3617 3197">
     <span class='ocr_line' id='line_1_64' title="bbox 1958 3120 3617 3197; baseline 0.004 -22"><span class='ocrx_word' id='word_1_477' title='bbox 1958 3123 2067 3191; x_wconf 87' lang='grc'><strong>19).</strong></span> <span class='ocrx_word' id='word_1_478' title='bbox 2100 3120 2263 3187; x_wconf 85' lang='lat' dir='ltr'><strong>Quod</strong></span> <span class='ocrx_word' id='word_1_479' title='bbox 2287 3120 2491 3190; x_wconf 90' lang='lat' dir='ltr'><strong>utique</strong></span> <span class='ocrx_word' id='word_1_480' title='bbox 2516 3120 2637 3174; x_wconf 85' lang='lat' dir='ltr'><strong>fieri</strong></span> <span class='ocrx_word' id='word_1_481' title='bbox 2664 3120 2721 3173; x_wconf 89' lang='lat' dir='ltr'><strong>in</strong></span> <span class='ocrx_word' id='word_1_482' title='bbox 2747 3121 3019 3175; x_wconf 88' lang='lat' dir='ltr'><strong>universa</strong></span> <span class='ocrx_word' id='word_1_483' title='bbox 3047 3121 3327 3192; x_wconf 84' lang='lat' dir='ltr'><strong>Ecclesia,</strong></span> <span class='ocrx_word' id='word_1_484' title='bbox 3363 3140 3491 3196; x_wconf 70' lang='lat' dir='ltr'><strong>qua:</strong></span> <span class='ocrx_word' id='word_1_485' title='bbox 3513 3142 3617 3197; x_wconf 87' lang='lat' dir='ltr'><strong>per</strong></span> 
     </span>
    </p>
   </div>
   <div class='ocr_carea' id='block_1_65' title="bbox 210 3194 3614 3287">
    <p class='ocr_par' dir='ltr' id='par_1_65' title="bbox 210 3194 3614 3287">
     <span class='ocr_line' id='line_1_65' title="bbox 210 3194 3614 3287; baseline 0.002 -22"><span class='ocrx_word' id='word_1_486' title='bbox 210 3212 335 3266; x_wconf 89' lang='lat' dir='ltr'><strong>mini</strong></span> <span class='ocrx_word' id='word_1_487' title='bbox 366 3217 425 3267; x_wconf 87' lang='lat' dir='ltr'><strong>et</strong></span> <span class='ocrx_word' id='word_1_488' title='bbox 454 3209 775 3266; x_wconf 84' lang='lat' dir='ltr'><strong>Salvatoris</strong></span> <span class='ocrx_word' id='word_1_489' title='bbox 826 3209 1009 3263; x_wconf 88' lang='lat' dir='ltr'><strong>nostri</strong></span> <span class='ocrx_word' id='word_1_490' title='bbox 1040 3209 1353 3279; x_wconf 80' lang='lat' dir='ltr'><strong>praeferens</strong></span> <span class='ocrx_word' id='word_1_491' title='bbox 1384 3208 1630 3263; x_wconf 90' lang='lat' dir='ltr'><strong>formam</strong></span> <span class='ocrx_word' id='word_1_492' title='bbox 1665 3208 1842 3277; x_wconf 87' lang='lat' dir='ltr'><strong>(Hebr.</strong></span> <span class='ocrx_word' id='word_1_493' title='bbox 1876 3194 1919 3260; x_wconf 85' lang='lat' dir='ltr'>C</span> <span class='ocrx_word' id='word_1_494' title='bbox 1958 3216 2145 3265; x_wconf 91' lang='lat' dir='ltr'><strong>totum</strong></span> <span class='ocrx_word' id='word_1_495' title='bbox 2171 3209 2458 3263; x_wconf 89' lang='lat' dir='ltr'><strong>mundum</strong></span> <span class='ocrx_word' id='word_1_496' title='bbox 2475 3216 2564 3263; x_wconf 89' lang='lat' dir='ltr'><strong>est</strong></span> <span class='ocrx_word' id='word_1_497' title='bbox 2595 3209 2832 3278; x_wconf 76' lang='lat' dir='ltr'><strong>diﬂ&#39;usa,</strong></span> <span class='ocrx_word' id='word_1_498' title='bbox 2857 3225 2970 3264; x_wconf 90' lang='lat' dir='ltr'><strong>non</strong></span> <span class='ocrx_word' id='word_1_499' title='bbox 2989 3210 3235 3266; x_wconf 88' lang='lat' dir='ltr'><strong>dubium</strong></span> <span class='ocrx_word' id='word_1_500' title='bbox 3262 3194 3450 3283; x_wconf 36' lang='lat' dir='ltr'><strong>est,_et</strong></span> <span class='ocrx_word' id='word_1_501' title='bbox 3468 3194 3614 3287; x_wconf 79' lang='lat' dir='ltr'><strong>pau-</strong></span> 
     </span>
    </p>
   </div>
   <div class='ocr_carea' id='block_1_66' title="bbox 206 3295 1845 3371">
    <p class='ocr_par' dir='ltr' id='par_1_66' title="bbox 206 3295 1845 3371">
     <span class='ocr_line' id='line_1_66' title="bbox 206 3295 1845 3371; baseline -0.004 -16"><span class='ocrx_word' id='word_1_502' title='bbox 206 3317 296 3366; x_wconf 84' lang='lat' dir='ltr'><strong>vn,</strong></span> <span class='ocrx_word' id='word_1_503' title='bbox 314 3302 390 3371; x_wconf 88' lang='lat'><strong>3),</strong></span> <span class='ocrx_word' id='word_1_504' title='bbox 424 3316 542 3353; x_wconf 90' lang='lat' dir='ltr'><strong>non</strong></span> <span class='ocrx_word' id='word_1_505' title='bbox 576 3297 749 3353; x_wconf 90' lang='lat' dir='ltr'><strong>fuerit</strong></span> <span class='ocrx_word' id='word_1_506' title='bbox 768 3296 1018 3367; x_wconf 85' lang='lat' dir='ltr'><strong>perfecte</strong></span> <span class='ocrx_word' id='word_1_507' title='bbox 1040 3295 1304 3363; x_wconf 87' lang='lat' dir='ltr'><strong>humilis,</strong></span> <span class='ocrx_word' id='word_1_508' title='bbox 1328 3295 1468 3367; x_wconf 90' lang='lat' dir='ltr'><strong>quia</strong></span> <span class='ocrx_word' id='word_1_509' title='bbox 1485 3300 1543 3350; x_wconf 91' lang='lat' dir='ltr'><strong>et</strong></span> <span class='ocrx_word' id='word_1_510' title='bbox 1573 3297 1845 3350; x_wconf 90' lang='lat' dir='ltr'><strong>sacerdo-</strong></span> 
     </span>
    </p>
   </div>
   <div class='ocr_carea' id='block_1_67' title="bbox 206 3384 1850 3458">
    <p class='ocr_par' dir='ltr' id='par_1_67' title="bbox 206 3384 1850 3458">
     <span class='ocr_line' id='line_1_67' title="bbox 206 3384 1850 3458; baseline -0.003 -15"><span class='ocrx_word' id='word_1_511' title='bbox 206 3391 279 3444; x_wconf 86' lang='lat' dir='ltr'><strong>tio</strong></span> <span class='ocrx_word' id='word_1_512' title='bbox 308 3388 607 3444; x_wconf 85' lang='lat' dir='ltr'><strong>eminebat</strong></span> <span class='ocrx_word' id='word_1_513' title='bbox 639 3392 695 3441; x_wconf 89' lang='lat' dir='ltr'><strong>et</strong></span> <span class='ocrx_word' id='word_1_514' title='bbox 727 3384 1044 3458; x_wconf 87' lang='lat' dir='ltr'><strong>regno.Vel</strong></span> <span class='ocrx_word' id='word_1_515' title='bbox 1078 3384 1232 3456; x_wconf 90' lang='lat' dir='ltr'><strong>quod</strong></span> <span class='ocrx_word' id='word_1_516' title='bbox 1264 3385 1434 3439; x_wconf 89' lang='lat' dir='ltr'><strong>beato</strong></span> <span class='ocrx_word' id='word_1_517' title='bbox 1463 3384 1757 3452; x_wconf 70' lang='lat' dir='ltr'><strong>Job,265</strong></span> <span class='ocrx_word' id='word_1_518' title='bbox 1778 3384 1850 3438; x_wconf 90' lang='lat' dir='ltr'><strong>de</strong></span> 
     </span>
    </p>
   </div>
   <div class='ocr_carea' id='block_1_68' title="bbox 210 3473 1851 3549">
    <p class='ocr_par' dir='ltr' id='par_1_68' title="bbox 210 3473 1851 3549">
     <span class='ocr_line' id='line_1_68' title="bbox 210 3473 1851 3549; baseline -0.003 -17"><span class='ocrx_word' id='word_1_519' title='bbox 210 3494 313 3549; x_wconf 87' lang='lat' dir='ltr'><strong>quo</strong></span> <span class='ocrx_word' id='word_1_520' title='bbox 345 3479 499 3534; x_wconf 86' lang='lat' dir='ltr'><strong>Deus</strong></span> <span class='ocrx_word' id='word_1_521' title='bbox 520 3476 887 3548; x_wconf 88' lang='lat' dir='ltr'><strong>pronuntiat,</strong></span> <span class='ocrx_word' id='word_1_522' title='bbox 919 3475 1154 3530; x_wconf 88' lang='lat' dir='ltr'><strong>dicens:</strong></span> <span class='ocrx_word' id='word_1_523' title='bbox 1186 3473 1466 3545; x_wconf 85' lang='lat' dir='ltr'><strong>Numquid</strong></span> <span class='ocrx_word' id='word_1_524' title='bbox 1492 3476 1851 3529; x_wconf 76' lang='lat' dir='ltr'><strong>considerasti</strong></span> 
     </span>
    </p>
   </div>
   <div class='ocr_carea' id='block_1_69' title="bbox 209 3562 1852 3634">
    <p class='ocr_par' dir='ltr' id='par_1_69' title="bbox 209 3562 1852 3634">
     <span class='ocr_line' id='line_1_69' title="bbox 209 3562 1852 3634; baseline -0.002 -12"><span class='ocrx_word' id='word_1_525' title='bbox 209 3583 412 3622; x_wconf 83' lang='lat' dir='ltr'><strong>servum</strong></span> <span class='ocrx_word' id='word_1_526' title='bbox 431 3582 619 3621; x_wconf 88' lang='lat' dir='ltr'><strong>meum</strong></span> <span class='ocrx_word' id='word_1_527' title='bbox 631 3565 746 3631; x_wconf 85' lang='lat' dir='ltr'><strong>Job,</strong></span> <span class='ocrx_word' id='word_1_528' title='bbox 775 3564 920 3634; x_wconf 87' lang='lat' dir='ltr'><strong>quod</strong></span> <span class='ocrx_word' id='word_1_529' title='bbox 938 3580 1053 3617; x_wconf 89' lang='lat' dir='ltr'><strong>non</strong></span> <span class='ocrx_word' id='word_1_530' title='bbox 1071 3564 1143 3617; x_wconf 87' lang='lat' dir='ltr'><strong>sit</strong></span> <span class='ocrx_word' id='word_1_531' title='bbox 1160 3565 1215 3618; x_wconf 88' lang='lat' dir='ltr'><strong>ei</strong></span> <span class='ocrx_word' id='word_1_532' title='bbox 1240 3563 1442 3617; x_wconf 88' lang='lat' dir='ltr'><strong>similis</strong></span> <span class='ocrx_word' id='word_1_533' title='bbox 1470 3564 1535 3617; x_wconf 83' lang='lat' dir='ltr'><strong>in</strong></span> <span class='ocrx_word' id='word_1_534' title='bbox 1562 3567 1733 3630; x_wconf 86' lang='lat' dir='ltr'><strong>terra,</strong></span> <span class='ocrx_word' id='word_1_535' title='bbox 1756 3562 1852 3618; x_wconf 87' lang='lat' dir='ltr'><strong>ho-</strong></span> 
     </span>
    </p>
   </div>
   <div class='ocr_carea' id='block_1_70' title="bbox 212 3651 1857 3726">
    <p class='ocr_par' dir='ltr' id='par_1_70' title="bbox 212 3651 1857 3726">
     <span class='ocr_line' id='line_1_70' title="bbox 212 3651 1857 3726; baseline -0.004 -15"><span class='ocrx_word' id='word_1_536' title='bbox 212 3673 290 3711; x_wconf 87' lang='lat' dir='ltr'><strong>mo</strong></span> <span class='ocrx_word' id='word_1_537' title='bbox 315 3656 557 3726; x_wconf 75' lang='lat' dir='ltr'><strong>simplex</strong></span> <span class='ocrx_word' id='word_1_538' title='bbox 610 3664 662 3709; x_wconf 87' lang='lat' dir='ltr'><strong>et</strong></span> <span class='ocrx_word' id='word_1_539' title='bbox 707 3656 886 3707; x_wconf 86' lang='lat' dir='ltr'><strong>rectus</strong></span> <span class='ocrx_word' id='word_1_540' title='bbox 914 3657 967 3707; x_wconf 87' lang='lat' dir='ltr'><strong>et</strong></span> <span class='ocrx_word' id='word_1_541' title='bbox 1005 3653 1205 3706; x_wconf 85' lang='lat' dir='ltr'><strong>timens</strong></span> <span class='ocrx_word' id='word_1_542' title='bbox 1236 3652 1404 3705; x_wconf 90' lang='lat' dir='ltr'><strong>Deum</strong></span> <span class='ocrx_word' id='word_1_543' title='bbox 1431 3658 1484 3706; x_wconf 87' lang='lat' dir='ltr'><strong>et</strong></span> <span class='ocrx_word' id='word_1_544' title='bbox 1530 3651 1793 3707; x_wconf 89' lang='lat' dir='ltr'><strong>recedens</strong></span> <span class='ocrx_word' id='word_1_545' title='bbox 1821 3667 1857 3705; x_wconf 87' lang='lat' dir='ltr'><strong>a</strong></span> 
     </span>
    </p>
   </div>
   <div class='ocr_carea' id='block_1_71' title="bbox 213 3739 1858 3816">
    <p class='ocr_par' dir='ltr' id='par_1_71' title="bbox 213 3739 1858 3816">
     <span class='ocr_line' id='line_1_71' title="bbox 213 3739 1858 3816; baseline -0.002 -17"><span class='ocrx_word' id='word_1_546' title='bbox 213 3746 353 3799; x_wconf 86' lang='lat' dir='ltr'><strong>malo</strong></span> <span class='ocrx_word' id='word_1_547' title='bbox 371 3745 486 3816; x_wconf 90' lang='lat' dir='ltr'><strong>(Job</strong></span> <span class='ocrx_word' id='word_1_548' title='bbox 500 3760 565 3810; x_wconf 83' lang='grc' dir='ltr'><strong>ιι,</strong></span> <span class='ocrx_word' id='word_1_549' title='bbox 588 3744 644 3813; x_wconf 91' lang='lat'><strong>3)</strong></span> <span class='ocrx_word' id='word_1_550' title='bbox 671 3742 699 3796; x_wconf 75' lang='lat' dir='ltr'><strong>‘I</strong></span> <span class='ocrx_word' id='word_1_551' title='bbox 730 3742 863 3796; x_wconf 91' lang='lat' dir='ltr'><strong>Ideo</strong></span> <span class='ocrx_word' id='word_1_552' title='bbox 885 3741 1074 3796; x_wconf 90' lang='lat' dir='ltr'><strong>virtus</strong></span> <span class='ocrx_word' id='word_1_553' title='bbox 1098 3739 1493 3809; x_wconf 88' lang='lat' dir='ltr'><strong>istadefuerit,</strong></span> <span class='ocrx_word' id='word_1_554' title='bbox 1527 3741 1666 3811; x_wconf 91' lang='lat' dir='ltr'><strong>quia</strong></span> <span class='ocrx_word' id='word_1_555' title='bbox 1696 3744 1858 3796; x_wconf 88' lang='lat' dir='ltr'><strong>erant</strong></span> 
     </span>
    </p>
   </div>
   <div class='ocr_carea' id='block_1_72' title="bbox 218 3830 1860 3903">
    <p class='ocr_par' dir='ltr' id='par_1_72' title="bbox 218 3830 1860 3903">
     <span class='ocr_line' id='line_1_72' title="bbox 218 3830 1860 3903; baseline -0.004 -14"><span class='ocrx_word' id='word_1_556' title='bbox 218 3834 382 3902; x_wconf 89' lang='lat' dir='ltr'><strong>(sicut</strong></span> <span class='ocrx_word' id='word_1_557' title='bbox 412 3832 701 3903; x_wconf 88' lang='lat' dir='ltr'><strong>scriptum</strong></span> <span class='ocrx_word' id='word_1_558' title='bbox 724 3832 832 3900; x_wconf 90' lang='lat' dir='ltr'><strong>est)</strong></span> <span class='ocrx_word' id='word_1_559' title='bbox 849 3832 909 3884; x_wconf 88' lang='lat' dir='ltr'><strong>in</strong></span> <span class='ocrx_word' id='word_1_560' title='bbox 936 3830 1269 3901; x_wconf 89' lang='lat' dir='ltr'><strong>possessione</strong></span> <span class='ocrx_word' id='word_1_561' title='bbox 1297 3830 1416 3899; x_wconf 86' lang='lat' dir='ltr'><strong>ejus</strong></span> <span class='ocrx_word' id='word_1_562' title='bbox 1438 3838 1641 3901; x_wconf 86' lang='lat' dir='ltr'><strong>septem</strong></span> <span class='ocrx_word' id='word_1_563' title='bbox 1669 3830 1860 3884; x_wconf 83' lang='lat' dir='ltr'><strong>millia</strong></span> 
     </span>
    </p>
   </div>
   <div class='ocr_carea' id='block_1_73' title="bbox 218 3919 1858 3992">
    <p class='ocr_par' dir='ltr' id='par_1_73' title="bbox 218 3919 1858 3992">
     <span class='ocr_line' id='line_1_73' title="bbox 218 3919 1858 3992; baseline -0.002 -17"><span class='ocrx_word' id='word_1_564' title='bbox 218 3925 412 3992; x_wconf 86' lang='lat' dir='ltr'><strong>ovium,</strong></span> <span class='ocrx_word' id='word_1_565' title='bbox 437 3937 490 3976; x_wconf 82' lang='lat' dir='ltr'><strong>et</strong></span> <span class='ocrx_word' id='word_1_566' title='bbox 518 3923 632 3975; x_wconf 90' lang='lat' dir='ltr'><strong>tria</strong></span> <span class='ocrx_word' id='word_1_567' title='bbox 650 3919 833 3973; x_wconf 81' lang='lat' dir='ltr'><strong>millia</strong></span> <span class='ocrx_word' id='word_1_568' title='bbox 848 3919 1187 3973; x_wconf 87' lang='lat' dir='ltr'><strong>camelorum</strong></span> <span class='ocrx_word' id='word_1_569' title='bbox 1210 3919 1515 3988; x_wconf 85' lang='lat' dir='ltr'><strong>quingenta</strong></span> <span class='ocrx_word' id='word_1_570' title='bbox 1536 3934 1744 3990; x_wconf 88' lang='lat' dir='ltr'><strong>quoque</strong></span> <span class='ocrx_word' id='word_1_571' title='bbox 1774 3920 1858 3987; x_wconf 77' lang='lat' dir='ltr'><strong>iu-</strong></span> 
     </span>
    </p>
   </div>
   <div class='ocr_carea' id='block_1_74' title="bbox 217 4009 1860 4081">
    <p class='ocr_par' dir='ltr' id='par_1_74' title="bbox 217 4009 1860 4081">
     <span class='ocr_line' id='line_1_74' title="bbox 217 4009 1860 4081; baseline -0.003 -14"><span class='ocrx_word' id='word_1_572' title='bbox 217 4028 280 4081; x_wconf 79' lang='lat' dir='ltr'><strong>ga</strong></span> <span class='ocrx_word' id='word_1_573' title='bbox 300 4013 477 4079; x_wconf 88' lang='lat' dir='ltr'><strong>boum,</strong></span> <span class='ocrx_word' id='word_1_574' title='bbox 499 4020 551 4065; x_wconf 90' lang='lat' dir='ltr'><strong>et</strong></span> <span class='ocrx_word' id='word_1_575' title='bbox 571 4011 887 4081; x_wconf 73' lang='lat' dir='ltr'><strong>quingenta:</strong></span> <span class='ocrx_word' id='word_1_576' title='bbox 904 4010 1103 4076; x_wconf 62' lang='lat' dir='ltr'><strong>asinx,</strong></span> <span class='ocrx_word' id='word_1_577' title='bbox 1121 4023 1186 4062; x_wconf 91' lang='lat' dir='ltr'><strong>ac</strong></span> <span class='ocrx_word' id='word_1_578' title='bbox 1212 4009 1436 4076; x_wconf 81' lang='lat' dir='ltr'><strong>familia</strong></span> <span class='ocrx_word' id='word_1_579' title='bbox 1454 4009 1633 4063; x_wconf 89' lang='lat' dir='ltr'><strong>multa</strong></span> <span class='ocrx_word' id='word_1_580' title='bbox 1650 4010 1820 4063; x_wconf 88' lang='lat' dir='ltr'><strong>nimis</strong></span> <span class='ocrx_word' id='word_1_581' title='bbox 1845 4025 1860 4076; x_wconf 89' lang='lat'><strong>;</strong></span> 
     </span>
    </p>
   </div>
   <div class='ocr_carea' id='block_1_75' title="bbox 284 4148 1863 4223">
    <p class='ocr_par' dir='ltr' id='par_1_75' title="bbox 284 4148 1863 4223">
     <span class='ocr_line' id='line_1_75' title="bbox 284 4148 1863 4223; baseline 0.001 -17"><span class='ocrx_word' id='word_1_582' title='bbox 284 4152 357 4223; x_wconf 89' lang='lat' dir='ltr'><strong>(a)</strong></span> <span class='ocrx_word' id='word_1_583' title='bbox 391 4154 517 4206; x_wconf 63' lang='lat' dir='ltr'><strong>Haec</strong></span> <span class='ocrx_word' id='word_1_584' title='bbox 546 4154 885 4205; x_wconf 90' lang='lat' dir='ltr'><strong>nostrorum</strong></span> <span class='ocrx_word' id='word_1_585' title='bbox 917 4150 1185 4205; x_wconf 91' lang='lat' dir='ltr'><strong>codicum</strong></span> <span class='ocrx_word' id='word_1_586' title='bbox 1218 4148 1392 4205; x_wconf 90' lang='lat' dir='ltr'><strong>lectio</strong></span> <span class='ocrx_word' id='word_1_587' title='bbox 1426 4150 1649 4217; x_wconf 92' lang='lat' dir='ltr'><strong>melior,</strong></span> <span class='ocrx_word' id='word_1_588' title='bbox 1684 4167 1863 4221; x_wconf 82' lang='lat' dir='ltr'><strong>quam</strong></span> 
     </span>
    </p>
   </div>
   <div class='ocr_carea' id='block_1_76' title="bbox 226 4224 719 4293">
    <p class='ocr_par' dir='ltr' id='par_1_76' title="bbox 226 4224 719 4293">
     <span class='ocr_line' id='line_1_76' title="bbox 226 4224 719 4293; baseline -0.002 -17"><span class='ocrx_word' id='word_1_589' title='bbox 226 4224 447 4293; x_wconf 76' lang='lat' dir='ltr'><strong>vulgata</strong></span> <span class='ocrx_word' id='word_1_590' title='bbox 474 4225 719 4279; x_wconf 85' lang='lat' dir='ltr'><strong>electius.</strong></span> 
     </span>
    </p>
   </div>
   <div class='ocr_carea' id='block_1_77' title="bbox 231 4291 1769 4429">
    <p class='ocr_par' dir='ltr' id='par_1_77' title="bbox 231 4291 1769 4429">
     <span class='ocr_line' id='line_1_77' title="bbox 231 4291 1769 4429; baseline -0.005 -80"><span class='ocrx_word' id='word_1_591' title='bbox 231 4291 357 4429; x_wconf 77' lang='lat' dir='ltr'><strong>Q(b)</strong></span> <span class='ocrx_word' id='word_1_592' title='bbox 382 4317 410 4344; x_wconf 77' lang='grc' dir='ltr'><strong>«ι</strong></span> <span class='ocrx_word' id='word_1_593' title='bbox 444 4295 503 4349; x_wconf 86' lang='grc' dir='ltr'><strong>Ρ.</strong></span> <span class='ocrx_word' id='word_1_594' title='bbox 538 4293 806 4349; x_wconf 89' lang='lat' dir='ltr'><strong>Nannius</strong></span> <span class='ocrx_word' id='word_1_595' title='bbox 837 4292 959 4348; x_wconf 93' lang='lat' dir='ltr'><strong>vult</strong></span> <span class='ocrx_word' id='word_1_596' title='bbox 981 4291 1295 4365; x_wconf 84' lang='lat' dir='ltr'><strong>legendum</strong></span> <span class='ocrx_word' id='word_1_597' title='bbox 1330 4308 1457 4348; x_wconf 87' lang='lat' dir='ltr'><strong>esse</strong></span> <span class='ocrx_word' id='word_1_598' title='bbox 1488 4292 1704 4348; x_wconf 89' lang='lat' dir='ltr'><strong>abeunt.</strong></span> <span class='ocrx_word' id='word_1_599' title='bbox 1741 4315 1769 4343; x_wconf 86' lang='grc'><strong>››</strong></span> 
     </span>
     <span class='ocr_line' id='line_1_78' title="bbox 272 4384 431 4422; baseline -0.006 0"><span class='ocrx_word' id='word_1_600' title='bbox 272 4384 431 4422; x_wconf 63' lang='lat' dir='ltr'><strong>uasa.</strong></span> 
     </span>
    </p>
   </div>
   <div class='ocr_carea' id='block_1_78' title="bbox 272 4384 431 4422">
    <p class='ocr_par' dir='ltr' id='par_1_78' title="bbox 272 4384 431 4422">
     <span class='ocr_line' id='line_1_79' title="bbox 272 4384 431 4422; baseline -0.006 0"><span class='ocrx_word' id='word_1_601' title='bbox 272 4384 431 4422; x_wconf 73' lang='lat' dir='ltr'><strong>UESN.</strong></span> 
     </span>
    </p>
   </div>
   <div class='ocr_carea' id='block_1_79' title="bbox 295 4434 1869 4508">
    <p class='ocr_par' dir='ltr' id='par_1_79' title="bbox 295 4434 1869 4508">
     <span class='ocr_line' id='line_1_80' title="bbox 295 4434 1869 4508; baseline -0.001 -16"><span class='ocrx_word' id='word_1_602' title='bbox 295 4440 360 4508; x_wconf 80' lang='grc' dir='ltr'><strong>(ε)</strong></span> <span class='ocrx_word' id='word_1_603' title='bbox 392 4437 540 4492; x_wconf 82' lang='lat' dir='ltr'><strong>Editi</strong></span> <span class='ocrx_word' id='word_1_604' title='bbox 564 4436 859 4508; x_wconf 85' lang='lat' dir='ltr'><strong>habebant</strong></span> <span class='ocrx_word' id='word_1_605' title='bbox 876 4435 1178 4508; x_wconf 77' lang='lat' dir='ltr'><strong>patientiae.</strong></span> <span class='ocrx_word' id='word_1_606' title='bbox 1205 4434 1550 4508; x_wconf 86' lang='lat' dir='ltr'><strong>Quesncllus</strong></span> <span class='ocrx_word' id='word_1_607' title='bbox 1577 4436 1869 4508; x_wconf 67' lang='lat' dir='ltr'><strong>sapientiae</strong></span> 
     </span>
    </p>
   </div>
   <div class='ocr_carea' id='block_1_80' title="bbox 229 4506 1866 4581">
    <p class='ocr_par' dir='ltr' id='par_1_80' title="bbox 229 4506 1866 4581">
     <span class='ocr_line' id='line_1_81' title="bbox 229 4506 1866 4581; baseline -0.002 -18"><span class='ocrx_word' id='word_1_608' title='bbox 229 4524 289 4565; x_wconf 80' lang='lat' dir='ltr'><strong>ex</strong></span> <span class='ocrx_word' id='word_1_609' title='bbox 306 4506 540 4581; x_wconf 82' lang='lat' dir='ltr'><strong>ingenio</strong></span> <span class='ocrx_word' id='word_1_610' title='bbox 572 4507 857 4581; x_wconf 84' lang='lat' dir='ltr'><strong>reposuit,</strong></span> <span class='ocrx_word' id='word_1_611' title='bbox 882 4522 949 4560; x_wconf 83' lang='lat' dir='ltr'><strong>ea</strong></span> <span class='ocrx_word' id='word_1_612' title='bbox 972 4506 1191 4581; x_wconf 79' lang='lat' dir='ltr'><strong>ratione</strong></span> <span class='ocrx_word' id='word_1_613' title='bbox 1213 4510 1424 4561; x_wconf 87' lang='lat' dir='ltr'><strong>ductus</strong></span> <span class='ocrx_word' id='word_1_614' title='bbox 1447 4507 1587 4581; x_wconf 89' lang='lat' dir='ltr'><strong>quia</strong></span> <span class='ocrx_word' id='word_1_615' title='bbox 1609 4507 1733 4581; x_wconf 78' lang='lat' dir='ltr'><strong>voci</strong></span> <span class='ocrx_word' id='word_1_616' title='bbox 1763 4523 1866 4576; x_wconf 89' lang='lat' dir='ltr'><strong>pa-</strong></span> 
     </span>
    </p>
   </div>
   <div class='ocr_carea' id='block_1_81' title="bbox 236 4577 1870 4648">
    <p class='ocr_par' dir='ltr' id='par_1_81' title="bbox 236 4577 1870 4648">
     <span class='ocr_line' id='line_1_82' title="bbox 236 4577 1870 4648; baseline -0.002 -12"><span class='ocrx_word' id='word_1_617' title='bbox 236 4577 426 4635; x_wconf 53' lang='lat' dir='ltr'><strong>tienti}:</strong></span> <span class='ocrx_word' id='word_1_618' title='bbox 455 4577 669 4635; x_wconf 84' lang='lat' dir='ltr'><strong>sensus</strong></span> <span class='ocrx_word' id='word_1_619' title='bbox 701 4578 1039 4645; x_wconf 87' lang='lat' dir='ltr'><strong>reluctatur,</strong></span> <span class='ocrx_word' id='word_1_620' title='bbox 1064 4578 1202 4631; x_wconf 91' lang='lat' dir='ltr'><strong>utin</strong></span> <span class='ocrx_word' id='word_1_621' title='bbox 1234 4577 1717 4633; x_wconf 86' lang='lat' dir='ltr'><strong>annotatiuncula</strong></span> <span class='ocrx_word' id='word_1_622' title='bbox 1741 4594 1870 4648; x_wconf 90' lang='lat' dir='ltr'><strong>pro-</strong></span> 
     </span>
    </p>
   </div>
   <div class='ocr_carea' id='block_1_82' title="bbox 236 4649 1874 4720">
    <p class='ocr_par' dir='ltr' id='par_1_82' title="bbox 236 4649 1874 4720">
     <span class='ocr_line' id='line_1_83' title="bbox 236 4649 1874 4720; baseline -0.001 -15"><span class='ocrx_word' id='word_1_623' title='bbox 236 4652 414 4707; x_wconf 85' lang='lat' dir='ltr'><strong>fessus</strong></span> <span class='ocrx_word' id='word_1_624' title='bbox 434 4657 559 4717; x_wconf 86' lang='lat' dir='ltr'><strong>est;</strong></span> <span class='ocrx_word' id='word_1_625' title='bbox 583 4658 642 4705; x_wconf 88' lang='lat' dir='ltr'><strong>et</strong></span> <span class='ocrx_word' id='word_1_626' title='bbox 666 4651 819 4704; x_wconf 88' lang='lat' dir='ltr'><strong>hanc</strong></span> <span class='ocrx_word' id='word_1_627' title='bbox 839 4649 1144 4704; x_wconf 89' lang='lat' dir='ltr'><strong>lectionem</strong></span> <span class='ocrx_word' id='word_1_628' title='bbox 1167 4656 1500 4720; x_wconf 91' lang='lat' dir='ltr'><strong>postremus</strong></span> <span class='ocrx_word' id='word_1_629' title='bbox 1523 4650 1711 4703; x_wconf 89' lang='lat' dir='ltr'><strong>editor</strong></span> <span class='ocrx_word' id='word_1_630' title='bbox 1730 4654 1874 4704; x_wconf 89' lang='lat' dir='ltr'><strong>Pro-</strong></span> 
     </span>
    </p>
   </div>
   <div class='ocr_carea' id='block_1_83' title="bbox 239 4720 1874 4793">
    <p class='ocr_par' dir='ltr' id='par_1_83' title="bbox 239 4720 1874 4793">
     <span class='ocr_line' id='line_1_84' title="bbox 239 4720 1874 4793; baseline -0.002 -15"><span class='ocrx_word' id='word_1_631' title='bbox 239 4725 382 4793; x_wconf 84' lang='lat' dir='ltr'><strong>speri</strong></span> <span class='ocrx_word' id='word_1_632' title='bbox 412 4722 688 4793; x_wconf 87' lang='lat' dir='ltr'><strong>suscepit.</strong></span> <span class='ocrx_word' id='word_1_633' title='bbox 724 4720 833 4776; x_wconf 90' lang='lat' dir='ltr'><strong>Sed</strong></span> <span class='ocrx_word' id='word_1_634' title='bbox 875 4738 1068 4775; x_wconf 89' lang='lat' dir='ltr'><strong>veram</strong></span> <span class='ocrx_word' id='word_1_635' title='bbox 1101 4720 1407 4776; x_wconf 88' lang='lat' dir='ltr'><strong>lectionem</strong></span> <span class='ocrx_word' id='word_1_636' title='bbox 1438 4724 1712 4793; x_wconf 68' lang='lat' dir='ltr'><strong>potentiae,</strong></span> <span class='ocrx_word' id='word_1_637' title='bbox 1747 4738 1874 4792; x_wconf 62' lang='lat' dir='ltr'><strong>qua</strong></span> 
     </span>
    </p>
   </div>
   <div class='ocr_carea' id='block_1_84' title="bbox 239 4792 1875 4865">
    <p class='ocr_par' dir='ltr' id='par_1_84' title="bbox 239 4792 1875 4865">
     <span class='ocr_line' id='line_1_85' title="bbox 239 4792 1875 4865; baseline 0 -18"><span class='ocrx_word' id='word_1_638' title='bbox 239 4792 703 4850; x_wconf 83' lang='lat' dir='ltr'><strong>antecedentibus</strong></span> <span class='ocrx_word' id='word_1_639' title='bbox 728 4795 979 4847; x_wconf 87' lang='lat' dir='ltr'><strong>maxime</strong></span> <span class='ocrx_word' id='word_1_640' title='bbox 999 4793 1287 4864; x_wconf 86' lang='lat' dir='ltr'><strong>congruit,</strong></span> <span class='ocrx_word' id='word_1_641' title='bbox 1304 4794 1486 4849; x_wconf 89' lang='lat' dir='ltr'><strong>nostri</strong></span> <span class='ocrx_word' id='word_1_642' title='bbox 1503 4792 1730 4848; x_wconf 88' lang='lat' dir='ltr'><strong>codices</strong></span> <span class='ocrx_word' id='word_1_643' title='bbox 1742 4809 1875 4865; x_wconf 87' lang='lat' dir='ltr'><strong>sup-</strong></span> 
     </span>
    </p>
   </div>
   <div class='ocr_carea' id='block_1_85' title="bbox 275 4867 581 4921">
    <p class='ocr_par' dir='ltr' id='par_1_85' title="bbox 275 4867 581 4921">
     <span class='ocr_line' id='line_1_86' title="bbox 275 4867 581 4921; baseline 0 -2"><span class='ocrx_word' id='word_1_644' title='bbox 275 4867 581 4921; x_wconf 89' lang='lat' dir='ltr'><strong>editarunt.</strong></span> 
     </span>
    </p>
   </div>
   <div class='ocr_carea' id='block_1_86' title="bbox 242 4882 1876 5007">
    <p class='ocr_par' dir='ltr' id='par_1_86' title="bbox 242 4882 1876 5007">
     <span class='ocr_line' id='line_1_87' title="bbox 242 4882 581 4935; baseline 0 -16"><span class='ocrx_word' id='word_1_645' title='bbox 242 4882 581 4935; x_wconf 84' lang='lat' dir='ltr'><strong>pemtarunt.</strong></span> 
     </span>
     <span class='ocr_line' id='line_1_88' title="bbox 305 4934 1876 5007; baseline -0.001 -16"><span class='ocrx_word' id='word_1_646' title='bbox 305 4940 378 5007; x_wconf 77' lang='grc' dir='ltr'><strong>(ά)</strong></span> <span class='ocrx_word' id='word_1_647' title='bbox 398 4961 424 4988; x_wconf 73' lang='grc' dir='ltr'><strong>α</strong></span> <span class='ocrx_word' id='word_1_648' title='bbox 452 4938 616 4991; x_wconf 88' lang='lat' dir='ltr'><strong>Prius</strong></span> <span class='ocrx_word' id='word_1_649' title='bbox 647 4937 726 4990; x_wconf 90' lang='lat' dir='ltr'><strong>ita</strong></span> <span class='ocrx_word' id='word_1_650' title='bbox 748 4934 963 4989; x_wconf 90' lang='lat' dir='ltr'><strong>lectum</strong></span> <span class='ocrx_word' id='word_1_651' title='bbox 981 4940 1097 4990; x_wconf 89' lang='lat' dir='ltr'><strong>est:</strong></span> <span class='ocrx_word' id='word_1_652' title='bbox 1120 4936 1202 4989; x_wconf 86' lang='lat' dir='ltr'><strong>Ad</strong></span> <span class='ocrx_word' id='word_1_653' title='bbox 1216 4937 1384 4990; x_wconf 86' lang='lat' dir='ltr'><strong>vitam</strong></span> <span class='ocrx_word' id='word_1_654' title='bbox 1404 4938 1672 4991; x_wconf 54' lang='lat' dir='ltr'><strong>mternam</strong></span> <span class='ocrx_word' id='word_1_655' title='bbox 1687 4951 1876 5007; x_wconf 85' lang='lat' dir='ltr'><strong>angu-</strong></span> 
     </span>
    </p>
   </div>
   <div class='ocr_carea' id='block_1_87' title="bbox 244 5005 1877 5076">
    <p class='ocr_par' dir='ltr' id='par_1_87' title="bbox 244 5005 1877 5076">
     <span class='ocr_line' id='line_1_89' title="bbox 244 5005 1877 5076; baseline 0.001 -16"><span class='ocrx_word' id='word_1_656' title='bbox 244 5011 319 5061; x_wconf 88' lang='lat' dir='ltr'><strong>sta</strong></span> <span class='ocrx_word' id='word_1_657' title='bbox 344 5005 393 5063; x_wconf 85' lang='lat' dir='ltr'><strong>et</strong></span> <span class='ocrx_word' id='word_1_658' title='bbox 422 5009 597 5064; x_wconf 86' lang='lat' dir='ltr'><strong>ardua</strong></span> <span class='ocrx_word' id='word_1_659' title='bbox 620 5010 903 5072; x_wconf 87' lang='lat' dir='ltr'><strong>mittitur;</strong></span> <span class='ocrx_word' id='word_1_660' title='bbox 936 5007 994 5060; x_wconf 91' lang='lat' dir='ltr'><strong>in</strong></span> <span class='ocrx_word' id='word_1_661' title='bbox 1037 5006 1213 5076; x_wconf 85' lang='lat' dir='ltr'><strong>hujus</strong></span> <span class='ocrx_word' id='word_1_662' title='bbox 1246 5006 1465 5061; x_wconf 70' lang='lat' dir='ltr'><strong>ultimas</strong></span> <span class='ocrx_word' id='word_1_663' title='bbox 1494 5006 1651 5061; x_wconf 89' lang='lat' dir='ltr'><strong>vocis</strong></span> <span class='ocrx_word' id='word_1_664' title='bbox 1683 5005 1877 5061; x_wconf 88' lang='lat' dir='ltr'><strong>locum</strong></span> 
     </span>
    </p>
   </div>
   <div class='ocr_carea' id='block_1_88' title="bbox 246 5078 1878 5148">
    <p class='ocr_par' dir='ltr' id='par_1_88' title="bbox 246 5078 1878 5148">
     <span class='ocr_line' id='line_1_90' title="bbox 246 5078 1878 5148; baseline 0 -15"><span class='ocrx_word' id='word_1_665' title='bbox 246 5080 712 5135; x_wconf 87' lang='lat' dir='ltr'><strong>substituendum</strong></span> <span class='ocrx_word' id='word_1_666' title='bbox 743 5094 872 5133; x_wconf 89' lang='lat' dir='ltr'><strong>esse</strong></span> <span class='ocrx_word' id='word_1_667' title='bbox 897 5080 1129 5133; x_wconf 86' lang='lat' dir='ltr'><strong>enititur</strong></span> <span class='ocrx_word' id='word_1_668' title='bbox 1158 5084 1293 5133; x_wconf 90' lang='lat' dir='ltr'><strong>ante</strong></span> <span class='ocrx_word' id='word_1_669' title='bbox 1318 5095 1423 5133; x_wconf 90' lang='lat' dir='ltr'><strong>nos</strong></span> <span class='ocrx_word' id='word_1_670' title='bbox 1453 5078 1699 5148; x_wconf 78' lang='lat' dir='ltr'><strong>conjecit</strong></span> <span class='ocrx_word' id='word_1_671' title='bbox 1730 5095 1878 5133; x_wconf 88' lang='lat' dir='ltr'><strong>non-</strong></span> 
     </span>
    </p>
   </div>
   <div class='ocr_carea' id='block_1_89' title="bbox 248 5149 1878 5208">
    <p class='ocr_par' dir='ltr' id='par_1_89' title="bbox 248 5149 1878 5208">
     <span class='ocr_line' id='line_1_91' title="bbox 248 5149 1878 5208; baseline 0.001 -5"><span class='ocrx_word' id='word_1_672' title='bbox 248 5152 450 5208; x_wconf 91' lang='lat' dir='ltr'><strong>nullus.</strong></span> <span class='ocrx_word' id='word_1_673' title='bbox 486 5157 688 5207; x_wconf 88' lang='lat' dir='ltr'><strong>Petrus</strong></span> <span class='ocrx_word' id='word_1_674' title='bbox 718 5149 983 5203; x_wconf 86' lang='lat' dir='ltr'><strong>Nannius</strong></span> <span class='ocrx_word' id='word_1_675' title='bbox 1030 5150 1434 5205; x_wconf 87' lang='lat' dir='ltr'><strong>Alcmarianus</strong></span> <span class='ocrx_word' id='word_1_676' title='bbox 1456 5150 1514 5204; x_wconf 93' lang='lat' dir='ltr'><strong>in</strong></span> <span class='ocrx_word' id='word_1_677' title='bbox 1548 5149 1788 5205; x_wconf 89' lang='lat' dir='ltr'><strong>scholiis</strong></span> <span class='ocrx_word' id='word_1_678' title='bbox 1806 5150 1878 5205; x_wconf 81' lang='lat' dir='ltr'><strong>ad</strong></span> 
     </span>
    </p>
   </div>
   <div class='ocr_carea' id='block_1_90' title="bbox 249 5220 1880 5292">
    <p class='ocr_par' dir='ltr' id='par_1_90' title="bbox 249 5220 1880 5292">
     <span class='ocr_line' id='line_1_92' title="bbox 249 5220 1880 5292; baseline 0 -17"><span class='ocrx_word' id='word_1_679' title='bbox 249 5222 298 5275; x_wconf 82' lang='lat' dir='ltr'><strong>S.</strong></span> <span class='ocrx_word' id='word_1_680' title='bbox 327 5226 692 5279; x_wconf 83' lang='lat' dir='ltr'><strong>Ambrosium</strong></span> <span class='ocrx_word' id='word_1_681' title='bbox 719 5220 957 5275; x_wconf 67' lang='lat' dir='ltr'><strong>Basileaa</strong></span> <span class='ocrx_word' id='word_1_682' title='bbox 982 5238 1076 5275; x_wconf 89' lang='lat' dir='ltr'><strong>an.</strong></span> <span class='ocrx_word' id='word_1_683' title='bbox 1105 5221 1234 5276; x_wconf 74' lang='grc'><strong>4551</strong></span> <span class='ocrx_word' id='word_1_684' title='bbox 1267 5222 1520 5292; x_wconf 90' lang='lat' dir='ltr'><strong>primum</strong></span> <span class='ocrx_word' id='word_1_685' title='bbox 1541 5223 1739 5281; x_wconf 87' lang='lat' dir='ltr'><strong>editis.</strong></span> <span class='ocrx_word' id='word_1_686' title='bbox 1773 5238 1880 5292; x_wconf 90' lang='lat' dir='ltr'><strong>pu-</strong></span> 
     </span>
    </p>
   </div>
   <div class='ocr_carea' id='block_1_91' title="bbox 253 5293 1879 5375">
    <p class='ocr_par' dir='ltr' id='par_1_91' title="bbox 253 5293 1879 5375">
     <span class='ocr_line' id='line_1_93' title="bbox 253 5293 1879 5375; baseline 0 -28"><span class='ocrx_word' id='word_1_687' title='bbox 253 5299 329 5375; x_wconf 71' lang='lat' dir='ltr'><strong>tat</strong></span> <span class='ocrx_word' id='word_1_688' title='bbox 347 5296 403 5350; x_wconf 89' lang='lat' dir='ltr'><strong>in</strong></span> <span class='ocrx_word' id='word_1_689' title='bbox 434 5298 588 5375; x_wconf 78' lang='lat' dir='ltr'><strong>hunc</strong></span> <span class='ocrx_word' id='word_1_690' title='bbox 610 5294 846 5375; x_wconf 75' lang='lat' dir='ltr'><strong>modum</strong></span> <span class='ocrx_word' id='word_1_691' title='bbox 866 5308 1046 5375; x_wconf 73' lang='lat' dir='ltr'><strong>posse</strong></span> <span class='ocrx_word' id='word_1_692' title='bbox 1067 5293 1301 5375; x_wconf 80' lang='lat' dir='ltr'><strong>corrigi,</strong></span> <span class='ocrx_word' id='word_1_693' title='bbox 1330 5310 1428 5363; x_wconf 90' lang='lat' dir='ltr'><strong>per</strong></span> <span class='ocrx_word' id='word_1_694' title='bbox 1446 5299 1684 5375; x_wconf 68' lang='lat' dir='ltr'><strong>angusta</strong></span> <span class='ocrx_word' id='word_1_695' title='bbox 1708 5302 1759 5375; x_wconf 81' lang='lat' dir='ltr'><strong>et</strong></span> <span class='ocrx_word' id='word_1_696' title='bbox 1788 5309 1879 5375; x_wconf 36' lang='lat' dir='ltr'><strong>ar:</strong></span> 
     </span>
    </p>
   </div>
   <div class='ocr_carea' id='block_1_92' title="bbox 256 5309 1886 5436">
    <p class='ocr_par' dir='ltr' id='par_1_92' title="bbox 256 5309 1886 5436">
     <span class='ocr_line' id='line_1_94' title="bbox 256 5309 1879 5417; baseline 0 -70"><span class='ocrx_word' id='word_1_697' title='bbox 256 5309 329 5347; x_wconf 76' lang='lat' dir='ltr'><strong>tat</strong></span> <span class='ocrx_word' id='word_1_698' title='bbox 347 5312 403 5350; x_wconf 79' lang='lat' dir='ltr'><strong>in</strong></span> <span class='ocrx_word' id='word_1_699' title='bbox 434 5309 588 5350; x_wconf 88' lang='lat' dir='ltr'><strong>nunc</strong></span> <span class='ocrx_word' id='word_1_700' title='bbox 610 5309 1041 5417; x_wconf 76' lang='lat' dir='ltr'><strong>moaumdposse</strong></span> <span class='ocrx_word' id='word_1_701' title='bbox 1067 5309 1301 5375; x_wconf 78' lang='lat' dir='ltr'><strong>corrigi,</strong></span> <span class='ocrx_word' id='word_1_702' title='bbox 1330 5310 1428 5363; x_wconf 91' lang='lat' dir='ltr'><strong>per</strong></span> <span class='ocrx_word' id='word_1_703' title='bbox 1446 5309 1684 5363; x_wconf 77' lang='lat' dir='ltr'><strong>angusta</strong></span> <span class='ocrx_word' id='word_1_704' title='bbox 1708 5309 1759 5348; x_wconf 79' lang='lat' dir='ltr'><strong>et</strong></span> <span class='ocrx_word' id='word_1_705' title='bbox 1788 5309 1879 5347; x_wconf 87' lang='lat' dir='ltr'><strong>ar-</strong></span> 
     </span>
     <span class='ocr_line' id='line_1_95' title="bbox 256 5364 1886 5436; baseline 0.002 -20"><span class='ocrx_word' id='word_1_706' title='bbox 256 5364 351 5418; x_wconf 83' lang='lat' dir='ltr'><strong>dua</strong></span> <span class='ocrx_word' id='word_1_707' title='bbox 370 5370 527 5422; x_wconf 82' lang='lat' dir='ltr'><strong>mittit</strong></span> <span class='ocrx_word' id='word_1_708' title='bbox 553 5385 565 5431; x_wconf 86' lang='lat'><strong>;</strong></span> <span class='ocrx_word' id='word_1_709' title='bbox 589 5367 843 5436; x_wconf 79' lang='lat' dir='ltr'><strong>optimel</strong></span> <span class='ocrx_word' id='word_1_710' title='bbox 910 5364 1168 5434; x_wconf 77' lang='lat' dir='ltr'><strong>quidem,</strong></span> <span class='ocrx_word' id='word_1_711' title='bbox 1189 5381 1238 5419; x_wconf 84' lang='lat' dir='ltr'><strong>s1</strong></span> <span class='ocrx_word' id='word_1_712' title='bbox 1264 5382 1366 5435; x_wconf 93' lang='lat' dir='ltr'><strong>pro</strong></span> <span class='ocrx_word' id='word_1_713' title='bbox 1399 5365 1886 5436; x_wconf 87' lang='lat' dir='ltr'><strong>mittitposuisset</strong></span> 
     </span>
    </p>
   </div>
   <div class='ocr_carea' id='block_1_93' title="bbox 261 5435 1881 5507">
    <p class='ocr_par' dir='ltr' id='par_1_93' title="bbox 261 5435 1881 5507">
     <span class='ocr_line' id='line_1_96' title="bbox 261 5435 1881 5507; baseline 0.002 -20"><span class='ocrx_word' id='word_1_714' title='bbox 261 5435 722 5493; x_wconf 78' lang='lat' dir='ltr'><strong>enititur.similis</strong></span> <span class='ocrx_word' id='word_1_715' title='bbox 752 5435 1027 5507; x_wconf 89' lang='lat' dir='ltr'><strong>loquendi</strong></span> <span class='ocrx_word' id='word_1_716' title='bbox 1062 5436 1272 5492; x_wconf 89' lang='lat' dir='ltr'><strong>modus</strong></span> <span class='ocrx_word' id='word_1_717' title='bbox 1312 5437 1369 5491; x_wconf 90' lang='lat' dir='ltr'><strong>in</strong></span> <span class='ocrx_word' id='word_1_718' title='bbox 1398 5435 1644 5492; x_wconf 53' lang='lat' dir='ltr'><strong>sermf2</strong></span> <span class='ocrx_word' id='word_1_719' title='bbox 1674 5437 1745 5491; x_wconf 91' lang='lat' dir='ltr'><strong>de</strong></span> <span class='ocrx_word' id='word_1_720' title='bbox 1773 5438 1881 5507; x_wconf 89' lang='lat' dir='ltr'><strong>Jej.</strong></span> 
     </span>
    </p>
   </div>
   <div class='ocr_carea' id='block_1_94' title="bbox 263 5508 1883 5579">
    <p class='ocr_par' dir='ltr' id='par_1_94' title="bbox 263 5508 1883 5579">
     <span class='ocr_line' id='line_1_97' title="bbox 263 5508 1883 5579; baseline 0.001 -19"><span class='ocrx_word' id='word_1_721' title='bbox 263 5510 407 5563; x_wconf 84' lang='lat' dir='ltr'><strong>Pent.</strong></span> <span class='ocrx_word' id='word_1_722' title='bbox 426 5527 473 5565; x_wconf 91' lang='lat' dir='ltr'><strong>c.</strong></span> <span class='ocrx_word' id='word_1_723' title='bbox 498 5513 521 5565; x_wconf 92' lang='grc'><strong>1</strong></span> <span class='ocrx_word' id='word_1_724' title='bbox 545 5526 561 5566; x_wconf 89' lang='lat'><strong>:</strong></span> <span class='ocrx_word' id='word_1_725' title='bbox 584 5514 727 5565; x_wconf 83' lang='lat' dir='ltr'><strong>Nam</strong></span> <span class='ocrx_word' id='word_1_726' title='bbox 746 5510 873 5579; x_wconf 82' lang='lat' dir='ltr'><strong>quia</strong></span> <span class='ocrx_word' id='word_1_727' title='bbox 894 5511 1125 5578; x_wconf 87' lang='lat' dir='ltr'><strong>angusta</strong></span> <span class='ocrx_word' id='word_1_728' title='bbox 1146 5518 1195 5562; x_wconf 87' lang='lat' dir='ltr'><strong>et</strong></span> <span class='ocrx_word' id='word_1_729' title='bbox 1213 5508 1393 5563; x_wconf 86' lang='lat' dir='ltr'><strong>ardua</strong></span> <span class='ocrx_word' id='word_1_730' title='bbox 1408 5508 1883 5573; x_wconf 87' lang='lat' dir='ltr'><strong>declinantes,etc.</strong></span> 
     </span>
    </p>
   </div>
   <div class='ocr_carea' id='block_1_95' title="bbox 263 5579 1889 5651">
    <p class='ocr_par' dir='ltr' id='par_1_95' title="bbox 263 5579 1889 5651">
     <span class='ocr_line' id='line_1_98' title="bbox 263 5579 1889 5651; baseline 0.001 -18"><span class='ocrx_word' id='word_1_731' title='bbox 263 5582 347 5648; x_wconf 87' lang='lat' dir='ltr'><strong>qui</strong></span> <span class='ocrx_word' id='word_1_732' title='bbox 374 5589 459 5637; x_wconf 85' lang='lat' dir='ltr'><strong>est</strong></span> <span class='ocrx_word' id='word_1_733' title='bbox 486 5582 698 5637; x_wconf 84' lang='lat' dir='ltr'><strong>Matth.</strong></span> <span class='ocrx_word' id='word_1_734' title='bbox 747 5596 847 5651; x_wconf 72' lang='lat' dir='ltr'><strong>vii,</strong></span> <span class='ocrx_word' id='word_1_735' title='bbox 874 5595 931 5633; x_wconf 90' lang='lat' dir='ltr'><strong>v.</strong></span> <span class='ocrx_word' id='word_1_736' title='bbox 967 5580 1071 5633; x_wconf 77' lang='grc' dir='ltr'><strong>14ε</strong></span> <span class='ocrx_word' id='word_1_737' title='bbox 1108 5579 1283 5646; x_wconf 84' lang='lat' dir='ltr'><strong>Quam</strong></span> <span class='ocrx_word' id='word_1_738' title='bbox 1328 5585 1563 5648; x_wconf 84' lang='lat' dir='ltr'><strong>angusta</strong></span> <span class='ocrx_word' id='word_1_739' title='bbox 1616 5588 1778 5651; x_wconf 87' lang='lat' dir='ltr'><strong>porta</strong></span> <span class='ocrx_word' id='word_1_740' title='bbox 1833 5584 1889 5635; x_wconf 90' lang='lat' dir='ltr'><strong>et</strong></span> 
     </span>
    </p>
   </div>
   <div class='ocr_carea' id='block_1_96' title="bbox 263 5650 1890 5726">
    <p class='ocr_par' dir='ltr' id='par_1_96' title="bbox 263 5650 1890 5726">
     <span class='ocr_line' id='line_1_99' title="bbox 263 5650 1890 5726; baseline 0.001 -19"><span class='ocrx_word' id='word_1_741' title='bbox 263 5661 399 5709; x_wconf 83' lang='lat' dir='ltr'><strong>arcta</strong></span> <span class='ocrx_word' id='word_1_742' title='bbox 413 5657 502 5710; x_wconf 84' lang='lat' dir='ltr'><strong>via</strong></span> <span class='ocrx_word' id='word_1_743' title='bbox 518 5662 601 5711; x_wconf 77' lang='lat' dir='ltr'><strong>est</strong></span> <span class='ocrx_word' id='word_1_744' title='bbox 618 5666 747 5726; x_wconf 67' lang='lat' dir='ltr'><strong>quae</strong></span> <span class='ocrx_word' id='word_1_745' title='bbox 764 5650 912 5707; x_wconf 86' lang='lat' dir='ltr'><strong>ducit</strong></span> <span class='ocrx_word' id='word_1_746' title='bbox 931 5651 1005 5705; x_wconf 86' lang='lat' dir='ltr'><strong>ad</strong></span> <span class='ocrx_word' id='word_1_747' title='bbox 1023 5652 1199 5706; x_wconf 82' lang='lat' dir='ltr'><strong>vitam</strong></span> <span class='ocrx_word' id='word_1_748' title='bbox 1221 5668 1235 5719; x_wconf 90' lang='lat'><strong>;</strong></span> <span class='ocrx_word' id='word_1_749' title='bbox 1258 5666 1433 5721; x_wconf 90' lang='lat' dir='ltr'><strong>quem</strong></span> <span class='ocrx_word' id='word_1_750' title='bbox 1460 5656 1569 5707; x_wconf 88' lang='lat' dir='ltr'><strong>Leo</strong></span> <span class='ocrx_word' id='word_1_751' title='bbox 1589 5650 1789 5707; x_wconf 85' lang='lat' dir='ltr'><strong>noster</strong></span> <span class='ocrx_word' id='word_1_752' title='bbox 1808 5651 1890 5708; x_wconf 85' lang='lat' dir='ltr'><strong>ita</strong></span> 
     </span>
    </p>
   </div>
   <div class='ocr_carea' id='block_1_97' title="bbox 1956 3297 3614 3371">
    <p class='ocr_par' dir='ltr' id='par_1_97' title="bbox 1956 3297 3614 3371">
     <span class='ocr_line' id='line_1_100' title="bbox 1956 3297 3614 3371; baseline 0.003 -18"><span class='ocrx_word' id='word_1_753' title='bbox 1956 3314 2122 3371; x_wconf 90' lang='lat' dir='ltr'><strong>peres</strong></span> <span class='ocrx_word' id='word_1_754' title='bbox 2151 3297 2365 3353; x_wconf 82' lang='lat' dir='ltr'><strong>Christi</strong></span> <span class='ocrx_word' id='word_1_755' title='bbox 2398 3314 2513 3351; x_wconf 92' lang='lat' dir='ltr'><strong>non</strong></span> <span class='ocrx_word' id='word_1_756' title='bbox 2545 3313 2747 3351; x_wconf 90' lang='lat' dir='ltr'><strong>eorum</strong></span> <span class='ocrx_word' id='word_1_757' title='bbox 2767 3302 2999 3352; x_wconf 89' lang='lat' dir='ltr'><strong>tantum</strong></span> <span class='ocrx_word' id='word_1_758' title='bbox 3020 3298 3400 3356; x_wconf 87' lang='lat' dir='ltr'><strong>facultatibus</strong></span> <span class='ocrx_word' id='word_1_759' title='bbox 3433 3303 3614 3358; x_wconf 88' lang='lat' dir='ltr'><strong>susti-</strong></span> 
     </span>
    </p>
   </div>
   <div class='ocr_carea' id='block_1_98' title="bbox 1960 3383 3613 3461">
    <p class='ocr_par' dir='ltr' id='par_1_98' title="bbox 1960 3383 3613 3461">
     <span class='ocr_line' id='line_1_101' title="bbox 1960 3383 3613 3461; baseline 0.002 -19"><span class='ocrx_word' id='word_1_760' title='bbox 1960 3386 2105 3452; x_wconf 89' lang='lat' dir='ltr'><strong>neri,</strong></span> <span class='ocrx_word' id='word_1_761' title='bbox 2138 3386 2239 3457; x_wconf 90' lang='lat' dir='ltr'><strong>qui</strong></span> <span class='ocrx_word' id='word_1_762' title='bbox 2266 3390 2331 3439; x_wconf 90' lang='lat' dir='ltr'><strong>ut</strong></span> <span class='ocrx_word' id='word_1_763' title='bbox 2350 3383 2737 3456; x_wconf 81' lang='lat' dir='ltr'><strong>expeditiores</strong></span> <span class='ocrx_word' id='word_1_764' title='bbox 2759 3386 3072 3440; x_wconf 90' lang='lat' dir='ltr'><strong>Dominum</strong></span> <span class='ocrx_word' id='word_1_765' title='bbox 3100 3394 3505 3461; x_wconf 89' lang='lat' dir='ltr'><strong>sequerentur,</strong></span> <span class='ocrx_word' id='word_1_766' title='bbox 3533 3390 3613 3447; x_wconf 86' lang='lat' dir='ltr'><strong>si-</strong></span> 
     </span>
    </p>
   </div>
   <div class='ocr_carea' id='block_1_99' title="bbox 1962 3472 3610 3544">
    <p class='ocr_par' dir='ltr' id='par_1_99' title="bbox 1962 3472 3610 3544">
     <span class='ocr_line' id='line_1_102' title="bbox 1962 3472 3610 3544; baseline 0.004 -14"><span class='ocrx_word' id='word_1_767' title='bbox 1962 3474 2083 3530; x_wconf 92' lang='lat' dir='ltr'><strong>mul</strong></span> <span class='ocrx_word' id='word_1_768' title='bbox 2115 3492 2178 3529; x_wconf 90' lang='lat' dir='ltr'><strong>se</strong></span> <span class='ocrx_word' id='word_1_769' title='bbox 2221 3474 2497 3529; x_wconf 91' lang='lat' dir='ltr'><strong>omnibus</strong></span> <span class='ocrx_word' id='word_1_770' title='bbox 2527 3472 2652 3528; x_wconf 89' lang='lat' dir='ltr'><strong>suis</strong></span> <span class='ocrx_word' id='word_1_771' title='bbox 2691 3473 2903 3543; x_wconf 91' lang='lat' dir='ltr'><strong>opibus</strong></span> <span class='ocrx_word' id='word_1_772' title='bbox 2934 3482 3259 3544; x_wconf 84' lang='lat' dir='ltr'><strong>exuerunt;</strong></span> <span class='ocrx_word' id='word_1_773' title='bbox 3285 3479 3386 3533; x_wconf 90' lang='lat' dir='ltr'><strong>sed</strong></span> <span class='ocrx_word' id='word_1_774' title='bbox 3418 3480 3610 3535; x_wconf 89' lang='lat' dir='ltr'><strong>eidem</strong></span> 
     </span>
    </p>
   </div>
   <div class='ocr_carea' id='block_1_100' title="bbox 1962 3561 3621 3640">
    <p class='ocr_par' dir='ltr' id='par_1_100' title="bbox 1962 3561 3621 3640">
     <span class='ocr_line' id='line_1_103' title="bbox 1962 3561 3621 3640; baseline 0.002 -20"><span class='ocrx_word' id='word_1_775' title='bbox 1962 3564 2121 3635; x_wconf 89' lang='lat' dir='ltr'><strong>operi</strong></span> <span class='ocrx_word' id='word_1_776' title='bbox 2151 3564 2329 3618; x_wconf 90' lang='lat' dir='ltr'><strong>etiam</strong></span> <span class='ocrx_word' id='word_1_777' title='bbox 2362 3561 2595 3618; x_wconf 90' lang='lat' dir='ltr'><strong>illorum</strong></span> <span class='ocrx_word' id='word_1_778' title='bbox 2619 3562 2980 3618; x_wconf 88' lang='lat' dir='ltr'><strong>substantias</strong></span> <span class='ocrx_word' id='word_1_779' title='bbox 3002 3563 3313 3635; x_wconf 87' lang='lat' dir='ltr'><strong>deservire,</strong></span> <span class='ocrx_word' id='word_1_780' title='bbox 3345 3567 3443 3639; x_wconf 91' lang='lat' dir='ltr'><strong>qui</strong></span> <span class='ocrx_word' id='word_1_781' title='bbox 3478 3585 3621 3640; x_wconf 62' lang='lat' dir='ltr'><strong>pos-~</strong></span> 
     </span>
    </p>
   </div>
   <div class='ocr_carea' id='block_1_101' title="bbox 1965 3650 3620 3728">
    <p class='ocr_par' dir='ltr' id='par_1_101' title="bbox 1965 3650 3620 3728">
     <span class='ocr_line' id='line_1_104' title="bbox 1965 3650 3620 3728; baseline 0.003 -19"><span class='ocrx_word' id='word_1_782' title='bbox 1965 3652 2329 3709; x_wconf 86' lang='lat' dir='ltr'><strong>sessionibus</strong></span> <span class='ocrx_word' id='word_1_783' title='bbox 2357 3652 2483 3707; x_wconf 90' lang='lat' dir='ltr'><strong>suis</strong></span> <span class='ocrx_word' id='word_1_784' title='bbox 2516 3668 2627 3706; x_wconf 91' lang='lat' dir='ltr'><strong>non</strong></span> <span class='ocrx_word' id='word_1_785' title='bbox 2677 3650 2849 3706; x_wconf 89' lang='lat' dir='ltr'><strong>aliter</strong></span> <span class='ocrx_word' id='word_1_786' title='bbox 2877 3667 3054 3721; x_wconf 88' lang='lat' dir='ltr'><strong>quam</strong></span> <span class='ocrx_word' id='word_1_787' title='bbox 3086 3654 3260 3709; x_wconf 91' lang='lat' dir='ltr'><strong>rebus</strong></span> <span class='ocrx_word' id='word_1_788' title='bbox 3292 3672 3620 3728; x_wconf 90' lang='lat' dir='ltr'><strong>pauperum</strong></span> 
     </span>
    </p>
   </div>
   <div class='ocr_carea' id='block_1_102' title="bbox 1969 3737 3626 3816">
    <p class='ocr_par' dir='ltr' id='par_1_102' title="bbox 1969 3737 3626 3816">
     <span class='ocr_line' id='line_1_105' title="bbox 1969 3737 3626 3816; baseline 0.004 -20"><span class='ocrx_word' id='word_1_789' title='bbox 1969 3745 2247 3816; x_wconf 67' lang='lat' dir='ltr'><strong>praesunt,</strong></span> <span class='ocrx_word' id='word_1_790' title='bbox 2281 3741 2357 3810; x_wconf 87' lang='lat' dir='ltr'><strong>(h)</strong></span> <span class='ocrx_word' id='word_1_791' title='bbox 2383 3744 2439 3795; x_wconf 88' lang='lat' dir='ltr'><strong>et</strong></span> <span class='ocrx_word' id='word_1_792' title='bbox 2474 3737 2881 3795; x_wconf 68' lang='lat' dir='ltr'><strong>ecclesiasticae</strong></span> <span class='ocrx_word' id='word_1_793' title='bbox 2929 3741 3168 3796; x_wconf 90' lang='lat' dir='ltr'><strong>utilitati</strong></span> <span class='ocrx_word' id='word_1_794' title='bbox 3212 3744 3324 3799; x_wconf 87' lang='lat' dir='ltr'><strong>sub</strong></span> <span class='ocrx_word' id='word_1_795' title='bbox 3369 3746 3626 3816; x_wconf 88' lang='lat' dir='ltr'><strong>quadam</strong></span> 
     </span>
    </p>
   </div>
   <div class='ocr_carea' id='block_1_103' title="bbox 1970 3826 3630 3907">
    <p class='ocr_par' dir='ltr' id='par_1_103' title="bbox 1970 3826 3630 3907">
     <span class='ocr_line' id='line_1_106' title="bbox 1970 3826 3630 3907; baseline 0.004 -22"><span class='ocrx_word' id='word_1_796' title='bbox 1970 3829 2373 3903; x_wconf 88' lang='lat' dir='ltr'><strong>procuratione</strong></span> <span class='ocrx_word' id='word_1_797' title='bbox 2423 3827 2801 3895; x_wconf 84' lang='lat' dir='ltr'><strong>famulantur,</strong></span> <span class='ocrx_word' id='word_1_798' title='bbox 2835 3826 3201 3887; x_wconf 86' lang='lat' dir='ltr'><strong>elaborantes</strong></span> <span class='ocrx_word' id='word_1_799' title='bbox 3259 3831 3485 3905; x_wconf 82' lang='lat' dir='ltr'><strong>singuli</strong></span> <span class='ocrx_word' id='word_1_800' title='bbox 3528 3851 3630 3907; x_wconf 87' lang='lat' dir='ltr'><strong>pro</strong></span> 
     </span>
    </p>
   </div>
   <div class='ocr_carea' id='block_1_104' title="bbox 1969 3918 3629 3992">
    <p class='ocr_par' dir='ltr' id='par_1_104' title="bbox 1969 3918 3629 3992">
     <span class='ocr_line' id='line_1_107' title="bbox 1969 3918 3629 3992; baseline 0.002 -16"><span class='ocrx_word' id='word_1_801' title='bbox 1969 3936 2211 3976; x_wconf 90' lang='lat' dir='ltr'><strong>suarum</strong></span> <span class='ocrx_word' id='word_1_802' title='bbox 2229 3918 2440 3972; x_wconf 91' lang='lat' dir='ltr'><strong>virium</strong></span> <span class='ocrx_word' id='word_1_803' title='bbox 2461 3918 2817 3989; x_wconf 88' lang='lat' dir='ltr'><strong>portione,ut</strong></span> <span class='ocrx_word' id='word_1_804' title='bbox 2833 3918 2901 3972; x_wconf 88' lang='lat' dir='ltr'><strong>ad</strong></span> <span class='ocrx_word' id='word_1_805' title='bbox 2919 3918 3136 3975; x_wconf 91' lang='lat' dir='ltr'><strong>victum</strong></span> <span class='ocrx_word' id='word_1_806' title='bbox 3158 3926 3334 3992; x_wconf 89' lang='lat' dir='ltr'><strong>atque</strong></span> <span class='ocrx_word' id='word_1_807' title='bbox 3351 3923 3629 3980; x_wconf 89' lang='lat' dir='ltr'><strong>vestitum</strong></span> 
     </span>
    </p>
   </div>
   <div class='ocr_carea' id='block_1_105' title="bbox 1972 4006 3628 4084">
    <p class='ocr_par' dir='ltr' id='par_1_105' title="bbox 1972 4006 3628 4084">
     <span class='ocr_line' id='line_1_108' title="bbox 1972 4006 3628 4084; baseline 0.002 -20"><span class='ocrx_word' id='word_1_808' title='bbox 1972 4008 2203 4065; x_wconf 76' lang='lat' dir='ltr'><strong>familiae</strong></span> <span class='ocrx_word' id='word_1_809' title='bbox 2226 4006 2327 4062; x_wconf 90' lang='lat' dir='ltr'><strong>Dei</strong></span> <span class='ocrx_word' id='word_1_810' title='bbox 2350 4006 2681 4061; x_wconf 88' lang='lat' dir='ltr'><strong>necessaria</strong></span> <span class='ocrx_word' id='word_1_811' title='bbox 2705 4006 3102 4075; x_wconf 82' lang='lat' dir='ltr'><strong>conferantur,</strong></span> <span class='ocrx_word' id='word_1_812' title='bbox 3126 4014 3184 4064; x_wconf 91' lang='lat' dir='ltr'><strong>et</strong></span> <span class='ocrx_word' id='word_1_813' title='bbox 3204 4010 3381 4065; x_wconf 87' lang='lat' dir='ltr'><strong>simul</strong></span> <span class='ocrx_word' id='word_1_814' title='bbox 3404 4012 3628 4084; x_wconf 90' lang='lat' dir='ltr'><strong>prospi-</strong></span> 
     </span>
    </p>
   </div>
   <div class='ocr_carea' id='block_1_106' title="bbox 1973 4150 3635 4224">
    <p class='ocr_par' dir='ltr' id='par_1_106' title="bbox 1973 4150 3635 4224">
     <span class='ocr_line' id='line_1_109' title="bbox 1973 4150 3635 4224; baseline 0.002 -18"><span class='ocrx_word' id='word_1_815' title='bbox 1973 4167 2207 4222; x_wconf 89' lang='lat' dir='ltr'><strong>semper</strong></span> <span class='ocrx_word' id='word_1_816' title='bbox 2236 4154 2648 4224; x_wconf 71' lang='lat' dir='ltr'><strong>repraesentat:</strong></span> <span class='ocrx_word' id='word_1_817' title='bbox 2676 4150 2923 4224; x_wconf 75' lang='lat' dir='ltr'><strong>Angusta</strong></span> <span class='ocrx_word' id='word_1_818' title='bbox 2943 4155 2993 4206; x_wconf 89' lang='lat' dir='ltr'><strong>et</strong></span> <span class='ocrx_word' id='word_1_819' title='bbox 3022 4152 3196 4207; x_wconf 86' lang='lat' dir='ltr'><strong>ardua</strong></span> <span class='ocrx_word' id='word_1_820' title='bbox 3212 4154 3302 4208; x_wconf 91' lang='lat' dir='ltr'><strong>via</strong></span> <span class='ocrx_word' id='word_1_821' title='bbox 3330 4168 3456 4224; x_wconf 74' lang='lat' dir='ltr'><strong>quae</strong></span> <span class='ocrx_word' id='word_1_822' title='bbox 3482 4152 3635 4210; x_wconf 85' lang='lat' dir='ltr'><strong>ducit</strong></span> 
     </span>
    </p>
   </div>
   <div class='ocr_carea' id='block_1_107' title="bbox 1973 4221 3634 4297">
    <p class='ocr_par' dir='ltr' id='par_1_107' title="bbox 1973 4221 3634 4297">
     <span class='ocr_line' id='line_1_110' title="bbox 1973 4221 3634 4297; baseline 0.002 -19"><span class='ocrx_word' id='word_1_823' title='bbox 1973 4224 2042 4279; x_wconf 88' lang='lat' dir='ltr'><strong>ad</strong></span> <span class='ocrx_word' id='word_1_824' title='bbox 2070 4221 2261 4297; x_wconf 77' lang='lat' dir='ltr'><strong>vitam,</strong></span> <span class='ocrx_word' id='word_1_825' title='bbox 2294 4228 2358 4275; x_wconf 92' lang='lat' dir='ltr'><strong>ut</strong></span> <span class='ocrx_word' id='word_1_826' title='bbox 2380 4237 2555 4297; x_wconf 87' lang='lat' dir='ltr'><strong>serm.</strong></span> <span class='ocrx_word' id='word_1_827' title='bbox 2577 4223 2613 4275; x_wconf 86' lang='lat'>5</span> <span class='ocrx_word' id='word_1_828' title='bbox 2633 4224 2703 4275; x_wconf 92' lang='lat' dir='ltr'><strong>de</strong></span> <span class='ocrx_word' id='word_1_829' title='bbox 2729 4221 2917 4276; x_wconf 89' lang='lat' dir='ltr'><strong>Nativ.</strong></span> <span class='ocrx_word' id='word_1_830' title='bbox 2948 4224 3108 4278; x_wconf 85' lang='lat' dir='ltr'><strong>Dom.</strong></span> <span class='ocrx_word' id='word_1_831' title='bbox 3134 4240 3185 4297; x_wconf 80' lang='lat' dir='ltr'><strong>c.</strong></span> <span class='ocrx_word' id='word_1_832' title='bbox 3215 4228 3264 4290; x_wconf 85' lang='grc'><strong>1,</strong></span> <span class='ocrx_word' id='word_1_833' title='bbox 3286 4221 3537 4297; x_wconf 82' lang='lat' dir='ltr'><strong>septimo</strong></span> <span class='ocrx_word' id='word_1_834' title='bbox 3560 4226 3634 4280; x_wconf 87' lang='lat' dir='ltr'><strong>de</strong></span> 
     </span>
    </p>
   </div>
   <div class='ocr_carea' id='block_1_108' title="bbox 1974 4294 3631 4367">
    <p class='ocr_par' dir='ltr' id='par_1_108' title="bbox 1974 4294 3631 4367">
     <span class='ocr_line' id='line_1_111' title="bbox 1974 4294 3631 4367; baseline 0.002 -19"><span class='ocrx_word' id='word_1_835' title='bbox 1974 4296 2266 4367; x_wconf 84' lang='lat' dir='ltr'><strong>Quadrag.</strong></span> <span class='ocrx_word' id='word_1_836' title='bbox 2294 4310 2344 4348; x_wconf 93' lang='lat' dir='ltr'><strong>c.</strong></span> <span class='ocrx_word' id='word_1_837' title='bbox 2380 4294 2433 4359; x_wconf 85' lang='grc'><strong>1,</strong></span> <span class='ocrx_word' id='word_1_838' title='bbox 2456 4300 2591 4362; x_wconf 88' lang='lat' dir='ltr'><strong>etc.,</strong></span> <span class='ocrx_word' id='word_1_839' title='bbox 2616 4308 2822 4367; x_wconf 72' lang='lat' dir='ltr'><strong>exque</strong></span> <span class='ocrx_word' id='word_1_840' title='bbox 2848 4300 2905 4347; x_wconf 90' lang='lat' dir='ltr'><strong>et</strong></span> <span class='ocrx_word' id='word_1_841' title='bbox 2929 4295 3215 4350; x_wconf 88' lang='lat' dir='ltr'><strong>nonnulla</strong></span> <span class='ocrx_word' id='word_1_842' title='bbox 3243 4294 3508 4367; x_wconf 70' lang='lat' dir='ltr'><strong>probatio</strong></span> <span class='ocrx_word' id='word_1_843' title='bbox 3532 4296 3631 4351; x_wconf 85' lang='lat' dir='ltr'><strong>eli-</strong></span> 
     </span>
    </p>
   </div>
   <div class='ocr_carea' id='block_1_109' title="bbox 1976 4310 3625 4429">
    <p class='ocr_par' dir='ltr' id='par_1_109' title="bbox 1976 4310 3625 4429">
     <span class='ocr_line' id='line_1_112' title="bbox 1976 4310 3625 4429; baseline -0.004 -81"><span class='ocrx_word' id='word_1_844' title='bbox 1976 4310 2266 4429; x_wconf 58' lang='lat' dir='ltr'><strong>Quaera%.</strong></span> <span class='ocrx_word' id='word_1_845' title='bbox 2294 4310 2344 4348; x_wconf 93' lang='lat' dir='ltr'><strong>c.</strong></span> <span class='ocrx_word' id='word_1_846' title='bbox 2380 4310 2433 4359; x_wconf 85' lang='lat'><strong>1,</strong></span> <span class='ocrx_word' id='word_1_847' title='bbox 2456 4310 2591 4362; x_wconf 79' lang='lat' dir='ltr'><strong>etc.,</strong></span> <span class='ocrx_word' id='word_1_848' title='bbox 2616 4310 2822 4418; x_wconf 62' lang='lat' dir='ltr'><strong>eXﬂuo</strong></span> <span class='ocrx_word' id='word_1_849' title='bbox 2848 4310 2905 4347; x_wconf 81' lang='lat' dir='ltr'><strong>et</strong></span> <span class='ocrx_word' id='word_1_850' title='bbox 2929 4310 3215 4350; x_wconf 89' lang='lat' dir='ltr'><strong>nonnuua</strong></span> <span class='ocrx_word' id='word_1_851' title='bbox 3243 4310 3508 4367; x_wconf 76' lang='lat' dir='ltr'><strong>pronatio</strong></span> <span class='ocrx_word' id='word_1_852' title='bbox 3532 4310 3625 4351; x_wconf 75' lang='lat' dir='ltr'><strong>eti.</strong></span> 
     </span>
     <span class='ocr_line' id='line_1_113' title="bbox 1976 4368 3625 4424; baseline 0.001 -4"><span class='ocrx_word' id='word_1_853' title='bbox 1976 4370 2187 4421; x_wconf 80' lang='lat' dir='ltr'><strong>citur.»</strong></span> <span class='ocrx_word' id='word_1_854' title='bbox 2270 4380 2688 4419; x_wconf 73' lang='lat' dir='ltr'><strong>uesnsts.—</strong></span> <span class='ocrx_word' id='word_1_855' title='bbox 2746 4381 2842 4419; x_wconf 81' lang='lat' dir='ltr'><strong>inc</strong></span> <span class='ocrx_word' id='word_1_856' title='bbox 2869 4373 3062 4421; x_wconf 88' lang='lat' dir='ltr'><strong>autem</strong></span> <span class='ocrx_word' id='word_1_857' title='bbox 3096 4368 3318 4423; x_wconf 87' lang='lat' dir='ltr'><strong>edidit:</strong></span> <span class='ocrx_word' id='word_1_858' title='bbox 3347 4368 3424 4423; x_wconf 84' lang='lat' dir='ltr'><strong>Ad</strong></span> <span class='ocrx_word' id='word_1_859' title='bbox 3453 4371 3625 4424; x_wconf 84' lang='lat' dir='ltr'><strong>vitam</strong></span> 
     </span>
    </p>
   </div>
   <div class='ocr_carea' id='block_1_110' title="bbox 1973 4437 3636 4507">
    <p class='ocr_par' dir='ltr' id='par_1_110' title="bbox 1973 4437 3636 4507">
     <span class='ocr_line' id='line_1_114' title="bbox 1973 4437 3636 4507; baseline -0.001 -12"><span class='ocrx_word' id='word_1_860' title='bbox 1973 4442 2240 4495; x_wconf 50' lang='lat' dir='ltr'><strong>mtemam</strong></span> <span class='ocrx_word' id='word_1_861' title='bbox 2267 4452 2365 4507; x_wconf 87' lang='lat' dir='ltr'><strong>per</strong></span> <span class='ocrx_word' id='word_1_862' title='bbox 2383 4445 2615 4503; x_wconf 76' lang='lat' dir='ltr'><strong>angusta</strong></span> <span class='ocrx_word' id='word_1_863' title='bbox 2636 4444 2686 4490; x_wconf 90' lang='lat' dir='ltr'><strong>et</strong></span> <span class='ocrx_word' id='word_1_864' title='bbox 2713 4437 2894 4490; x_wconf 85' lang='lat' dir='ltr'><strong>ardua</strong></span> <span class='ocrx_word' id='word_1_865' title='bbox 2919 4439 3287 4494; x_wconf 86' lang='lat' dir='ltr'><strong>enititur.Sed</strong></span> <span class='ocrx_word' id='word_1_866' title='bbox 3316 4439 3450 4493; x_wconf 91' lang='lat' dir='ltr'><strong>huic</strong></span> <span class='ocrx_word' id='word_1_867' title='bbox 3482 4439 3636 4494; x_wconf 88' lang='lat' dir='ltr'><strong>arbi-</strong></span> 
     </span>
    </p>
   </div>
   <div class='ocr_carea' id='block_1_111' title="bbox 1977 4508 3629 4566">
    <p class='ocr_par' dir='ltr' id='par_1_111' title="bbox 1977 4508 3629 4566">
     <span class='ocr_line' id='line_1_115' title="bbox 1977 4508 3629 4566; baseline 0.001 -2"><span class='ocrx_word' id='word_1_868' title='bbox 1977 4508 2168 4564; x_wconf 66' lang='lat' dir='ltr'><strong>trariae</strong></span> <span class='ocrx_word' id='word_1_869' title='bbox 2199 4508 2592 4562; x_wconf 88' lang='lat' dir='ltr'><strong>emendationi</strong></span> <span class='ocrx_word' id='word_1_870' title='bbox 2620 4508 2929 4563; x_wconf 85' lang='lat' dir='ltr'><strong>lectionem</strong></span> <span class='ocrx_word' id='word_1_871' title='bbox 2954 4521 3289 4566; x_wconf 87' lang='lat' dir='ltr'><strong>nostrorum</strong></span> <span class='ocrx_word' id='word_1_872' title='bbox 3321 4526 3464 4565; x_wconf 89' lang='lat' dir='ltr'><strong>mss.</strong></span> <span class='ocrx_word' id='word_1_873' title='bbox 3495 4509 3629 4566; x_wconf 88' lang='lat' dir='ltr'><strong>Vat.</strong></span> 
     </span>
    </p>
   </div>
   <div class='ocr_carea' id='block_1_112' title="bbox 1902 4560 2903 4649">
    <p class='ocr_par' dir='ltr' id='par_1_112' title="bbox 1902 4560 2903 4649">
     <span class='ocr_line' id='line_1_116' title="bbox 1902 4560 2903 4649; baseline -0.003 -12"><span class='ocrx_word' id='word_1_874' title='bbox 1902 4560 1947 4624; x_wconf 87' lang='grc' dir='ltr'><strong>Ι)</strong></span> <span class='ocrx_word' id='word_1_875' title='bbox 1983 4560 2163 4637; x_wconf 62' lang='grc' dir='ltr'><strong>ἱὲῖιῶ</strong></span> <span class='ocrx_word' id='word_1_876' title='bbox 2200 4560 2903 4649; x_wconf 45' lang='lat' dir='ltr'><strong>{nassampraesumus;</strong></span> 
     </span>
    </p>
   </div>
   <div class='ocr_carea' id='block_1_113' title="bbox 2053 4649 3631 4723">
    <p class='ocr_par' dir='ltr' id='par_1_113' title="bbox 2053 4649 3631 4723">
     <span class='ocr_line' id='line_1_117' title="bbox 2053 4649 3631 4723; baseline 0 -17"><span class='ocrx_word' id='word_1_877' title='bbox 2053 4653 2126 4723; x_wconf 84' lang='lat' dir='ltr'><strong>(e)</strong></span> <span class='ocrx_word' id='word_1_878' title='bbox 2148 4652 2299 4705; x_wconf 88' lang='lat' dir='ltr'><strong>Editi</strong></span> <span class='ocrx_word' id='word_1_879' title='bbox 2326 4669 2338 4704; x_wconf 93' lang='lat'>:</span> <span class='ocrx_word' id='word_1_880' title='bbox 2370 4651 2543 4717; x_wconf 86' lang='lat' dir='ltr'><strong>Quasi</strong></span> <span class='ocrx_word' id='word_1_881' title='bbox 2563 4654 2691 4704; x_wconf 88' lang='lat' dir='ltr'><strong>tunc</strong></span> <span class='ocrx_word' id='word_1_882' title='bbox 2714 4668 2726 4717; x_wconf 86' lang='lat'><strong>;</strong></span> <span class='ocrx_word' id='word_1_883' title='bbox 2753 4657 2959 4723; x_wconf 84' lang='lat' dir='ltr'><strong>etpost</strong></span> <span class='ocrx_word' id='word_1_884' title='bbox 2986 4651 3265 4705; x_wconf 89' lang='lat' dir='ltr'><strong>nonnulla</strong></span> <span class='ocrx_word' id='word_1_885' title='bbox 3285 4649 3631 4715; x_wconf 82' lang='lat' dir='ltr'><strong>Quesnellus</strong></span> 
     </span>
    </p>
   </div>
   <div class='ocr_carea' id='block_1_114' title="bbox 1985 4722 3633 4794">
    <p class='ocr_par' dir='ltr' id='par_1_114' title="bbox 1985 4722 3633 4794">
     <span class='ocr_line' id='line_1_118' title="bbox 1985 4722 3633 4794; baseline -0.001 -16"><span class='ocrx_word' id='word_1_886' title='bbox 1985 4732 2120 4778; x_wconf 88' lang='lat' dir='ltr'><strong>ante</strong></span> <span class='ocrx_word' id='word_1_887' title='bbox 2141 4739 2309 4777; x_wconf 87' lang='lat' dir='ltr'><strong>voces</strong></span> <span class='ocrx_word' id='word_1_888' title='bbox 2329 4722 2402 4777; x_wconf 89' lang='lat' dir='ltr'><strong>ad</strong></span> <span class='ocrx_word' id='word_1_889' title='bbox 2424 4723 2717 4794; x_wconf 80' lang='lat' dir='ltr'><strong>imaginem</strong></span> <span class='ocrx_word' id='word_1_890' title='bbox 2741 4722 2997 4776; x_wconf 81' lang='lat' dir='ltr'><strong>elationis</strong></span> <span class='ocrx_word' id='word_1_891' title='bbox 3010 4723 3237 4777; x_wconf 90' lang='lat' dir='ltr'><strong>addidit</strong></span> <span class='ocrx_word' id='word_1_892' title='bbox 3258 4727 3372 4788; x_wconf 85' lang='lat' dir='ltr'><strong>aut,</strong></span> <span class='ocrx_word' id='word_1_893' title='bbox 3396 4724 3551 4794; x_wconf 91' lang='lat' dir='ltr'><strong>quod</strong></span> <span class='ocrx_word' id='word_1_894' title='bbox 3574 4723 3633 4777; x_wconf 92' lang='lat' dir='ltr'><strong>in</strong></span> 
     </span>
    </p>
   </div>
   <div class='ocr_carea' id='block_1_115' title="bbox 1983 4793 3635 4867">
    <p class='ocr_par' dir='ltr' id='par_1_115' title="bbox 1983 4793 3635 4867">
     <span class='ocr_line' id='line_1_119' title="bbox 1983 4793 3635 4867; baseline 0.001 -18"><span class='ocrx_word' id='word_1_895' title='bbox 1983 4795 2158 4851; x_wconf 89' lang='lat' dir='ltr'><strong>editis</strong></span> <span class='ocrx_word' id='word_1_896' title='bbox 2190 4796 2408 4849; x_wconf 90' lang='lat' dir='ltr'><strong>deerat.</strong></span> <span class='ocrx_word' id='word_1_897' title='bbox 2444 4793 2697 4867; x_wconf 68' lang='lat' dir='ltr'><strong>Utroque</strong></span> <span class='ocrx_word' id='word_1_898' title='bbox 2727 4800 2921 4867; x_wconf 89' lang='lat' dir='ltr'><strong>autem</strong></span> <span class='ocrx_word' id='word_1_899' title='bbox 2948 4795 3119 4867; x_wconf 85' lang='lat' dir='ltr'><strong>modo</strong></span> <span class='ocrx_word' id='word_1_900' title='bbox 3142 4795 3310 4849; x_wconf 89' lang='lat' dir='ltr'><strong>lectio</strong></span> <span class='ocrx_word' id='word_1_901' title='bbox 3333 4793 3635 4867; x_wconf 82' lang='lat' dir='ltr'><strong>corrupta,</strong></span> 
     </span>
    </p>
   </div>
   <div class='ocr_carea' id='block_1_116' title="bbox 1985 4865 3633 4937">
    <p class='ocr_par' dir='ltr' id='par_1_116' title="bbox 1985 4865 3633 4937">
     <span class='ocr_line' id='line_1_120' title="bbox 1985 4865 3633 4937; baseline -0.001 -15"><span class='ocrx_word' id='word_1_902' title='bbox 1985 4869 2055 4922; x_wconf 91' lang='lat' dir='ltr'><strong>de</strong></span> <span class='ocrx_word' id='word_1_903' title='bbox 2085 4883 2202 4937; x_wconf 90' lang='lat' dir='ltr'><strong>qua</strong></span> <span class='ocrx_word' id='word_1_904' title='bbox 2232 4866 2588 4922; x_wconf 90' lang='lat' dir='ltr'><strong>novissimus</strong></span> <span class='ocrx_word' id='word_1_905' title='bbox 2620 4865 2883 4937; x_wconf 88' lang='lat' dir='ltr'><strong>Prosperi</strong></span> <span class='ocrx_word' id='word_1_906' title='bbox 2916 4865 3103 4920; x_wconf 86' lang='lat' dir='ltr'><strong>editor</strong></span> <span class='ocrx_word' id='word_1_907' title='bbox 3134 4866 3399 4922; x_wconf 90' lang='lat' dir='ltr'><strong>nonnihil</strong></span> <span class='ocrx_word' id='word_1_908' title='bbox 3432 4865 3633 4937; x_wconf 84' lang='lat' dir='ltr'><strong>conje-</strong></span> 
     </span>
    </p>
   </div>
   <div class='ocr_carea' id='block_1_117' title="bbox 1986 4936 3635 5004">
    <p class='ocr_par' dir='ltr' id='par_1_117' title="bbox 1986 4936 3635 5004">
     <span class='ocr_line' id='line_1_121' title="bbox 1986 4936 3635 5004; baseline 0 -11"><span class='ocrx_word' id='word_1_909' title='bbox 1986 4940 2083 5004; x_wconf 86' lang='lat' dir='ltr'><strong>cit;</strong></span> <span class='ocrx_word' id='word_1_910' title='bbox 2104 4936 2209 4993; x_wconf 80' lang='lat' dir='ltr'><strong>sed</strong></span> <span class='ocrx_word' id='word_1_911' title='bbox 2234 4937 2534 4993; x_wconf 89' lang='lat' dir='ltr'><strong>codicibus</strong></span> <span class='ocrx_word' id='word_1_912' title='bbox 2553 4936 3193 5001; x_wconf 86' lang='lat' dir='ltr'><strong>destitutus.Quesnelli</strong></span> <span class='ocrx_word' id='word_1_913' title='bbox 3211 4939 3517 4994; x_wconf 89' lang='lat' dir='ltr'><strong>lectionem</strong></span> <span class='ocrx_word' id='word_1_914' title='bbox 3545 4936 3635 4993; x_wconf 82' lang='lat' dir='ltr'><strong>ee-</strong></span> 
     </span>
    </p>
   </div>
   <div class='ocr_carea' id='block_1_118' title="bbox 1986 5008 3642 5083">
    <p class='ocr_par' dir='ltr' id='par_1_118' title="bbox 1986 5008 3642 5083">
     <span class='ocr_line' id='line_1_122' title="bbox 1986 5008 3642 5083; baseline -0.001 -18"><span class='ocrx_word' id='word_1_915' title='bbox 1986 5018 2157 5083; x_wconf 87' lang='lat' dir='ltr'><strong>cutus</strong></span> <span class='ocrx_word' id='word_1_916' title='bbox 2171 5008 2477 5083; x_wconf 84' lang='lat' dir='ltr'><strong>est.Nostri</strong></span> <span class='ocrx_word' id='word_1_917' title='bbox 2494 5009 2719 5083; x_wconf 77' lang='lat' dir='ltr'><strong>codices</strong></span> <span class='ocrx_word' id='word_1_918' title='bbox 2735 5024 2923 5083; x_wconf 79' lang='lat' dir='ltr'><strong>veram</strong></span> <span class='ocrx_word' id='word_1_919' title='bbox 2942 5009 3249 5083; x_wconf 83' lang='lat' dir='ltr'><strong>lectionem</strong></span> <span class='ocrx_word' id='word_1_920' title='bbox 3269 5012 3642 5083; x_wconf 73' lang='lat' dir='ltr'><strong>praebuerunt</strong></span> 
     </span>
    </p>
   </div>
   <div class='ocr_carea' id='block_1_119' title="bbox 2058 5078 3636 5151">
    <p class='ocr_par' dir='ltr' id='par_1_119' title="bbox 2058 5078 3636 5151">
     <span class='ocr_line' id='line_1_123' title="bbox 2058 5078 3636 5151; baseline -0.002 -14"><span class='ocrx_word' id='word_1_921' title='bbox 2058 5082 2126 5151; x_wconf 73' lang='grc' dir='ltr'><strong>(Γ)</strong></span> <span class='ocrx_word' id='word_1_922' title='bbox 2154 5082 2236 5137; x_wconf 91' lang='lat' dir='ltr'><strong>Ob</strong></span> <span class='ocrx_word' id='word_1_923' title='bbox 2260 5084 2593 5149; x_wconf 87' lang='lat' dir='ltr'><strong>corruptam</strong></span> <span class='ocrx_word' id='word_1_924' title='bbox 2644 5078 2948 5134; x_wconf 88' lang='lat' dir='ltr'><strong>lectionem</strong></span> <span class='ocrx_word' id='word_1_925' title='bbox 2980 5080 3142 5148; x_wconf 79' lang='lat' dir='ltr'><strong>Quasi</strong></span> <span class='ocrx_word' id='word_1_926' title='bbox 3165 5078 3512 5146; x_wconf 80' lang='lat' dir='ltr'><strong>Quesnellus</strong></span> <span class='ocrx_word' id='word_1_927' title='bbox 3534 5081 3636 5135; x_wconf 84' lang='lat' dir='ltr'><strong>ad-</strong></span> 
     </span>
    </p>
   </div>
   <div class='ocr_carea' id='block_1_120' title="bbox 1988 5150 3636 5221">
    <p class='ocr_par' dir='ltr' id='par_1_120' title="bbox 1988 5150 3636 5221">
     <span class='ocr_line' id='line_1_124' title="bbox 1988 5150 3636 5221; baseline 0 -15"><span class='ocrx_word' id='word_1_928' title='bbox 1988 5152 2136 5207; x_wconf 89' lang='lat' dir='ltr'><strong>didit</strong></span> <span class='ocrx_word' id='word_1_929' title='bbox 2164 5160 2280 5221; x_wconf 88' lang='lat' dir='ltr'><strong>aut,</strong></span> <span class='ocrx_word' id='word_1_930' title='bbox 2304 5150 2668 5205; x_wconf 83' lang='lat' dir='ltr'><strong>antecedenti</strong></span> <span class='ocrx_word' id='word_1_931' title='bbox 2702 5154 3077 5209; x_wconf 85' lang='lat' dir='ltr'><strong>annotatione</strong></span> <span class='ocrx_word' id='word_1_932' title='bbox 3102 5156 3461 5209; x_wconf 88' lang='lat' dir='ltr'><strong>monuimus.</strong></span> <span class='ocrx_word' id='word_1_933' title='bbox 3490 5153 3636 5206; x_wconf 79' lang='lat' dir='ltr'><strong>Vera</strong></span> 
     </span>
    </p>
   </div>
   <div class='ocr_carea' id='block_1_121' title="bbox 1990 5222 3637 5296">
    <p class='ocr_par' dir='ltr' id='par_1_121' title="bbox 1990 5222 3637 5296">
     <span class='ocr_line' id='line_1_125' title="bbox 1990 5222 3637 5296; baseline -0.001 -17"><span class='ocrx_word' id='word_1_934' title='bbox 1990 5231 2180 5279; x_wconf 89' lang='lat' dir='ltr'><strong>autem</strong></span> <span class='ocrx_word' id='word_1_935' title='bbox 2216 5224 2464 5296; x_wconf 88' lang='lat' dir='ltr'><strong>lectione</strong></span> <span class='ocrx_word' id='word_1_936' title='bbox 2494 5222 2737 5277; x_wconf 84' lang='lat' dir='ltr'><strong>inducta</strong></span> <span class='ocrx_word' id='word_1_937' title='bbox 2793 5231 3127 5280; x_wconf 89' lang='lat' dir='ltr'><strong>nostrorum</strong></span> <span class='ocrx_word' id='word_1_938' title='bbox 3172 5243 3313 5280; x_wconf 88' lang='lat' dir='ltr'><strong>mss.</strong></span> <span class='ocrx_word' id='word_1_939' title='bbox 3348 5223 3637 5296; x_wconf 69' lang='lat' dir='ltr'><strong>prmeidio,</strong></span> 
     </span>
    </p>
   </div>
   <div class='ocr_carea' id='block_1_122' title="bbox 1988 5295 3638 5365">
    <p class='ocr_par' dir='ltr' id='par_1_122' title="bbox 1988 5295 3638 5365">
     <span class='ocr_line' id='line_1_126' title="bbox 1988 5295 3638 5365; baseline -0.001 -14"><span class='ocrx_word' id='word_1_940' title='bbox 1988 5296 2096 5351; x_wconf 91' lang='lat' dir='ltr'><strong>hoc</strong></span> <span class='ocrx_word' id='word_1_941' title='bbox 2129 5295 2528 5351; x_wconf 88' lang='lat' dir='ltr'><strong>additamento</strong></span> <span class='ocrx_word' id='word_1_942' title='bbox 2559 5311 2706 5365; x_wconf 85' lang='lat' dir='ltr'><strong>Opus</strong></span> <span class='ocrx_word' id='word_1_943' title='bbox 2740 5311 2855 5349; x_wconf 91' lang='lat' dir='ltr'><strong>non</strong></span> <span class='ocrx_word' id='word_1_944' title='bbox 2888 5302 2995 5351; x_wconf 88' lang='lat' dir='ltr'><strong>est.</strong></span> <span class='ocrx_word' id='word_1_945' title='bbox 3034 5298 3158 5353; x_wconf 83' lang='lat' dir='ltr'><strong>Mox</strong></span> <span class='ocrx_word' id='word_1_946' title='bbox 3205 5295 3638 5365; x_wconf 80' lang='lat' dir='ltr'><strong>tentationisque</strong></span> 
     </span>
    </p>
   </div>
   <div class='ocr_carea' id='block_1_123' title="bbox 1991 5366 2853 5423">
    <p class='ocr_par' dir='ltr' id='par_1_123' title="bbox 1991 5366 2853 5423">
     <span class='ocr_line' id='line_1_127' title="bbox 1991 5366 2853 5423; baseline -0.003 0"><span class='ocrx_word' id='word_1_947' title='bbox 1991 5385 2058 5423; x_wconf 83' lang='lat' dir='ltr'><strong>ex</strong></span> <span class='ocrx_word' id='word_1_948' title='bbox 2084 5367 2289 5422; x_wconf 89' lang='lat' dir='ltr'><strong>iisdem</strong></span> <span class='ocrx_word' id='word_1_949' title='bbox 2316 5383 2460 5422; x_wconf 89' lang='lat' dir='ltr'><strong>mss.</strong></span> <span class='ocrx_word' id='word_1_950' title='bbox 2495 5366 2853 5420; x_wconf 90' lang='lat' dir='ltr'><strong>addidimus.</strong></span> 
     </span>
    </p>
   </div>
   <div class='ocr_carea' id='block_1_124' title="bbox 2061 5434 3644 5509">
    <p class='ocr_par' dir='ltr' id='par_1_124' title="bbox 2061 5434 3644 5509">
     <span class='ocr_line' id='line_1_128' title="bbox 2061 5434 3644 5509; baseline 0.003 -18"><span class='ocrx_word' id='word_1_951' title='bbox 2061 5439 2138 5509; x_wconf 85' lang='lat' dir='ltr'><strong>(g)</strong></span> <span class='ocrx_word' id='word_1_952' title='bbox 2170 5438 2406 5507; x_wconf 88' lang='lat' dir='ltr'><strong>Quesn.,</strong></span> <span class='ocrx_word' id='word_1_953' title='bbox 2467 5446 2520 5491; x_wconf 88' lang='lat' dir='ltr'><strong>et</strong></span> <span class='ocrx_word' id='word_1_954' title='bbox 2576 5439 2883 5507; x_wconf 82' lang='lat' dir='ltr'><strong>opulentia.</strong></span> <span class='ocrx_word' id='word_1_955' title='bbox 2945 5438 3313 5493; x_wconf 88' lang='lat' dir='ltr'><strong>Correximus</strong></span> <span class='ocrx_word' id='word_1_956' title='bbox 3359 5452 3431 5491; x_wconf 86' lang='lat' dir='ltr'><strong>ex</strong></span> <span class='ocrx_word' id='word_1_957' title='bbox 3468 5434 3644 5496; x_wconf 86' lang='lat' dir='ltr'><strong>editis</strong></span> 
     </span>
    </p>
   </div>
   <div class='ocr_carea' id='block_1_125' title="bbox 1993 5509 2958 5582">
    <p class='ocr_par' dir='ltr' id='par_1_125' title="bbox 1993 5509 2958 5582">
     <span class='ocr_line' id='line_1_129' title="bbox 1993 5509 2958 5582; baseline -0.004 -17"><span class='ocrx_word' id='word_1_958' title='bbox 1993 5510 2261 5582; x_wconf 87' lang='lat' dir='ltr'><strong>Prosperi</strong></span> <span class='ocrx_word' id='word_1_959' title='bbox 2298 5509 2631 5582; x_wconf 82' lang='lat' dir='ltr'><strong>nostrisque</strong></span> <span class='ocrx_word' id='word_1_960' title='bbox 2663 5509 2958 5582; x_wconf 71' lang='lat' dir='ltr'><strong>codicibus</strong></span> 
     </span>
    </p>
   </div>
   <div class='ocr_carea' id='block_1_126' title="bbox 2064 5578 3652 5652">
    <p class='ocr_par' dir='ltr' id='par_1_126' title="bbox 2064 5578 3652 5652">
     <span class='ocr_line' id='line_1_130' title="bbox 2064 5578 3652 5652; baseline 0.004 -17"><span class='ocrx_word' id='word_1_961' title='bbox 2064 5578 2262 5652; x_wconf 56' lang='lat' dir='ltr'><strong>(h)&#39;lta</strong></span> <span class='ocrx_word' id='word_1_962' title='bbox 2289 5596 2356 5635; x_wconf 89' lang='lat' dir='ltr'><strong>ex</strong></span> <span class='ocrx_word' id='word_1_963' title='bbox 2404 5597 2545 5636; x_wconf 90' lang='lat' dir='ltr'><strong>mss.</strong></span> <span class='ocrx_word' id='word_1_964' title='bbox 2580 5581 2706 5635; x_wconf 90' lang='lat' dir='ltr'><strong>Vat.</strong></span> <span class='ocrx_word' id='word_1_965' title='bbox 2742 5580 2929 5635; x_wconf 86' lang='lat' dir='ltr'><strong>Editi:</strong></span> <span class='ocrx_word' id='word_1_966' title='bbox 2966 5578 3038 5633; x_wconf 89' lang='lat' dir='ltr'><strong>Ut</strong></span> <span class='ocrx_word' id='word_1_967' title='bbox 3087 5578 3475 5639; x_wconf 55' lang='lat' dir='ltr'><strong>ecclesiastica</strong></span> <span class='ocrx_word' id='word_1_968' title='bbox 3530 5587 3652 5644; x_wconf 87' lang='lat' dir='ltr'><strong>uti-</strong></span> 
     </span>
    </p>
   </div>
   <div class='ocr_carea' id='block_1_127' title="bbox 1992 5652 2601 5727">
    <p class='ocr_par' dir='ltr' id='par_1_127' title="bbox 1992 5652 2601 5727">
     <span class='ocr_line' id='line_1_131' title="bbox 1992 5652 2601 5727; baseline -0.002 -20"><span class='ocrx_word' id='word_1_969' title='bbox 1992 5652 2207 5710; x_wconf 86' lang='lat' dir='ltr'><strong>litati...</strong></span> <span class='ocrx_word' id='word_1_970' title='bbox 2239 5652 2601 5727; x_wconf 77' lang='lat' dir='ltr'><strong>famulentur.</strong></span> 
     </span>
    </p>
   </div>
  </div>
