4080 6220
368 303 482 363 167

1337 285 1595 351 OPERA
1639 284 1704 344 S.
1751 278 1983 342 LEONI
2025 273 2304 338 MAGNO
2346 270 2816 336 ATTRIBUTA.

3635 270 3740 330 168

371 435 591 492 cientes
614 436 682 490 ut
711 431 771 486 in
793 427 1062 486 domibus
1092 424 1358 498 ipsorum
1380 418 1672 489 subjusto
1695 416 2018 483 sanctoque
2045 411 2102 478 Α
2126 407 2490 482 prudentium
2534 403 2854 478 reprobabo.
2883 400 2982 458 Ubi
3009 399 3270 471 sapiens?
3314 398 3409 453 ubi
3435 398 3742 456 scribatubi

369 520 772 581 moderamine
793 533 997 575 omnes
1019 520 1076 571 et
1097 509 1425 583 benignitas
1447 509 1658 574 foveat,
1677 507 1734 560 et
1756 498 2018 574 discipli-

369 630 446 670 na
476 610 772 669 contineat
797 625 811 664 :
845 606 1071 664 dicente
1101 598 1374 674 Apostolo
1401 616 1414 655 :
1440 599 1505 654 Si
1540 596 1666 669 quis
1695 595 1879 649 autem
1901 605 2020 646 suo-

370 719 500 759 rum
519 705 569 758 et
599 700 754 757 266
776 697 1019 753 maxime
1038 691 1453 748 domesticarum
1471 700 1669 742 curam
1696 698 1807 739 non
1833 679 2019 750 habet,

371 791 534 865 ﬁdem
560 789 778 861 negavit
807 790 860 842 et
887 793 967 841 est
995 780 1213 854 inﬁdeli
1240 778 1474 835 deterior
1503 775 1691 848 (lTim.
1717 789 1772 840 ν,
1803 773 1876 841 8).

442 881 578 938 CAP.
608 859 703 933 VI.
739 869 934 932 Omne's
979 878 1192 928 sanctos
1235 865 1492 924 Ecclesia
1521 862 1670 936 ﬁlios
1699 861 1833 916 aliis
1863 859 2024 914 rebus

372 971 648 1043 dispares,
672 967 786 1023 sola
818 963 1140 1020 humilitate
1164 974 1328 1030 pares
1356 956 1522 1028 e/ﬁci.
1555 984 1622 994 —
1652 955 1794 1006 Cum
1826 949 2024 1019 itaque

371 1035 630 1118 Ecclesia
655 1054 778 1124 Dei,
811 1070 940 1126 quis
972 1054 1063 1108 est
1089 1063 1304 1121 corpus
1334 1041 1570 1113 Christi,
1600 1041 1683 1097 ita
1714 1041 1793 1096 sit
1822 1035 2021 1093 multi-

372 1149 549 1207 moda
566 1145 849 1203 varietate
869 1142 1156 1209 contexta,
1178 1135 1321 1192 utin
1343 1148 1531 1190 unum
1554 1131 1822 1186 decorem
1845 1126 2024 1182 etiam

371 1252 501 1308 qua
531 1250 649 1290 non
681 1234 823 1289 sunt
853 1227 1018 1302 paria
1050 1226 1419 1290 concurrant,
1451 1225 1509 1276 et
1537 1220 1608 1276 de
1629 1216 1791 1275 omni
1819 1230 2027 1287 genere

371 1325 704 1391 hominum,
725 1321 797 1376 de
817 1317 978 1376 omni
999 1315 1183 1390 gradu
1202 1313 1554 1377 ofﬁciorum,
1578 1310 1648 1364 de
1675 1305 1835 1364 omni
1866 1321 2028 1360 men-

373 1431 515 1472 sura
539 1427 808 1484 operum,
839 1408 910 1463 de
931 1405 1091 1463 omni
1114 1403 1400 1475 qualitate
1417 1401 1701 1456 virtutum
1723 1395 1825 1452 ﬁat
1845 1392 2029 1450 totius

376 1498 781 1560 rediﬁcationis
833 1492 1242 1568 inseparabilis
1291 1488 1574 1547 connexio
1605 1491 1661 1542 et
1688 1483 2030 1540 indiﬁ'erens

375 1589 776 1665 pulchritudo,
805 1602 910 1642 nec
951 1583 1102 1640 desit
1126 1580 1410 1639 soliditati
1442 1578 1598 1650 quod
1631 1592 1749 1631 non
1781 1569 2032 1629 defuerit

372 1661 650 1754 portioni,
683 1681 963 1747 tantaque
986 1673 1071 1754 ibi
1095 1671 1308 1754 sitan
1326 1673 1604 1754 tantaque
1626 1661 1938 1754 concordia
1967 1662 2034 1714 ut

2127 500 2463 570 conquisitor
2493 497 2664 568 hujus
2710 493 2953 552 saeculi?
2982 496 3173 550 Nonne
3201 490 3425 545 stultam
3471 491 3593 560 fecit
3622 489 3742 545 Deus

2128 590 2464 660 sapientiam
2512 587 2674 659 hujus
2701 584 2900 641 mundi
2928 583 2973 653 (Ι
3007 583 3131 638 Cor.
3185 599 3224 650 ι,
3263 580 3389 649 19)?
3441 579 3744 635 Secundum

2132 696 2331 752 quam,
2356 678 2509 735 sicut
2530 677 2612 733 ait
2633 673 2968 747 Apostolus,
2992 671 3230 744 quidam
3252 685 3382 725 cum
3403 670 3748 740 cognovissent

2130 770 2320 836 Deum,
2350 784 2459 824 non
2489 768 2628 822 sicut
2649 767 2818 822 Deum
2839 762 3286 836 gloriﬁcaverunt
3305 763 3400 814 aut
3420 759 3619 830 gratias
3645 773 3750 828 ege-

2130 866 2296 921 runt;
2328 856 2420 913 sed
2448 857 2788 913 evanuerunt
2818 855 2879 908 in
2896 850 3326 921 cogitationibus
3347 849 3480 918 suis,
3509 851 3557 902 et
3585 847 3754 902 obseu-

2131 952 2320 1003 ratum
2347 951 2425 1002 est
2455 961 2547 1002 cor
2586 945 2852 1016 insipiens
2885 958 3099 998 eorum.
3132 939 3382 994 Dicentes
3426 937 3571 992 enim
3590 951 3642 991 se
3662 951 3760 990 esse

2131 1038 2428 1108 sapientes,
2450 1035 2608 1091 stulti
2627 1034 2766 1107 faeti
2793 1040 2938 1112 sunt.
2962 1032 3143 1100 (Rom.
3169 1046 3209 1097 ι,
3237 1027 3350 1098 21).
3377 1025 3611 1083 Videsne
3631 1041 3761 1095 qua-

2133 1124 2206 1181 lis
2237 1124 2506 1197 superbis
2553 1122 2859 1179 retributio
2909 1120 3211 1187 debeatur,
3245 1121 3302 1173 et
3333 1114 3487 1188 quali
3519 1113 3763 1170 mercede

2134 1215 2489 1287 repleantur,
2511 1213 2609 1286 qui
2632 1212 2682 1268 si
2703 1227 2820 1283 quo
2837 1210 3009 1266 modo
3033 1209 3105 1265 ad
3127 1206 3513 1280 cognitionem
3524 1201 3764 1260 veritatis

2137 1303 2511 1371 accesserint,
2537 1319 2658 1358 suae
2682 1301 2792 1358 hoc
2814 1297 3113 1373 sapientiae
3135 1297 3426 1365 tribuunt,
3449 1300 3505 1350 et
3532 1294 3600 1349 ds
3620 1296 3769 1348 natu-

2138 1393 2247 1450 rali
2277 1393 2510 1465 ingenio
2541 1391 2868 1464 gloriantur
2895 1407 2910 1459 ;
2940 1396 3245 1460 tamquam
3289 1391 3490 1451 Deum,
3525 1399 3634 1438 non
3678 1379 3770 1437 Dei

2139 1497 2407 1553 munere,
2437 1483 2540 1538 sed
2587 1479 2808 1554 proprii
2839 1477 3170 1535 intellectus
3203 1475 3478 1532 facultate
3506 1486 3773 1545 cognove-

2139 1571 2306 1628 rint?
2328 1571 2538 1627 Omnia
2566 1569 2806 1642 quidem
2837 1567 3126 1625 elementa
3166 1565 3396 1635 mundi,
3429 1566 3484 1619 et
3512 1561 3773 1617 universae

2140 1665 2544 1716 creaturarum
2565 1662 2808 1725 naturae,
2831 1657 2941 1712 hoc
2964 1656 3093 1728 ipsa
3115 1653 3206 1710 sui
3227 1653 3472 1723 exigunt
3491 1645 3693 1720 specie,
3722 1648 3778 1699 ut

371 1741 491 1818 non
522 1741 710 1833 possit
733 1741 999 1813 esse-nisi
1031 1741 1298 1809 omnium
1323 1749 1480 1821 quod
1501 1751 1591 1803 est
1619 1745 1800 1801 etiam
1833 1741 2032 1813 singu-

2151 1752 2453 1807 invisibilia
2481 1752 2583 1806 Dei
2608 1767 2711 1818 per
2731 1766 2798 1806 ea
2815 1765 2935 1821 qum
2963 1750 3111 1819 facta
3138 1747 3292 1814 sunt,
3326 1741 3609 1798 intellecta
3631 1752 3774 1793 cons-

2190 1843 2200 1852 .
2244 1843 2253 1852 .
2341 1849 2349 1852 -
2444 1841 2500 1852 ιιιι
2688 1839 2774 1852 νυν
2879 1842 2888 1852 .
2918 1836 2929 1848 ο
3074 1834 3157 1852 1,1,
3209 1832 3432 1852 24,,32..-
3462 1827 3580 1852 -..ιε
3603 1830 3750 1852 ,ιδμ-

372 1851 586 1922 lorum,
616 1846 1024 1904 indubitanter
1083 1846 1328 1916 apparet
1374 1834 1794 1910 copulatricem
1822 1846 2030 1903 quam-

375 1943 512 1998 dam
541 1955 671 1996 esse
701 1936 977 1992 virtutem
1001 1949 1119 2007 qua
1149 1930 1262 1988 sibi
1291 1926 1720 1986 confmderatur
1739 1927 1798 1979 et
1831 1918 2029 1977 conci-

374 2030 464 2088 nit
483 2026 789 2100 multiplex
817 2028 1155 2082 sanctorum
1178 2019 1376 2076 unitas
1402 2021 1460 2074 et
1489 2015 1754 2087 speciosa
1785 2007 2031 2067 diversi-

370 2124 486 2178 tas.
518 2099 874 2175 Heeciautem
908 2112 1097 2169 virtus
1125 2127 1264 2166 vera
1291 2106 1597 2164 humilitas
1618 2107 1707 2160 est
1727 2118 1853 2173 quae
1880 2099 2036 2154 inter

375 2207 670 2282 quoslibet
715 2203 1060 2261 meritorum
1091 2200 1305 2272 gradus
1339 2211 1665 2267 numquam
1717 2191 1808 2248 sui
1843 2190 2036 2261 potest

379 2317 513 2358 esse
543 2296 876 2356 dissimilis.
908 2293 1056 2350 Nam
1088 2297 1145 2348 et
1166 2290 1227 2346 in
1251 2287 1578 2344 ofﬁciorum
1601 2280 2033 2347 vicissitudine,

379 2396 436 2448 et
464 2390 524 2446 in
557 2384 1031 2445 mansuetudinis
1055 2381 1316 2449 lenitate,
1349 2381 1406 2434 et
1436 2378 1496 2432 in
1525 2371 1867 2431 voluntariae
1897 2381 2040 2441 pau'

379 2478 623 2554 portatis
637 2475 939 2540 electione,
957 2465 1455 2526 inveniturmulta
1477 2461 1782 2527 distantia,
1808 2462 1864 2514 et
1892 2457 2039 2513 alter

381 2570 563 2626 altero
593 2569 654 2623 in
687 2561 969 2639 propositi
1001 2561 1094 2617 sui
1112 2557 1418 2614 devotione
1448 2557 1551 2610 aut
1580 2552 1766 2622 major
1796 2552 1896 2604 aut
1925 2546 2038 2601 mi-

379 2676 486 2716 nor
515 2661 636 2714 est:
667 2655 728 2711 in
750 2669 887 2709 vera
907 2654 1104 2706 autem
1124 2645 1455 2704 humilitate
1473 2641 1620 2698 nihil
1643 2639 1922 2704 divisum,
1949 2633 2038 2690 ni-

380 2747 606 2820 hilique
625 2762 742 2801 non
793 2741 1050 2799 solidum
1081 2742 1204 2804 est;
1237 2741 1294 2791 et
1311 2733 1461 2799 ideo,
1496 2746 1699 2787 omnes
1722 2725 2038 2799 participes

382 2812 529 2895 suos
538 2850 723 2892 unum
743 2828 1047 2901 facit,quia
1065 2823 1520 2897 inaequalitatem
1539 2820 1669 2891 ipsa
1680 2833 1793 2872 non
1809 2812 2036 2886 recipit.

453 2928 588 2982 CAP.
621 2922 712 2979 Vl.
748 2921 942 2977 Veram
969 2915 1342 2972 humilitatem
1365 2913 1422 2966 in
1467 2909 1714 2982 perfecta
1740 2909 1793 2962 et
1822 2907 2039 2974 integra

382 3014 577 3086 gratis:
597 3009 934 3082 confessione
950 3005 1262 3062 consistere.
1277 3033 1345 3042 -—
1365 2999 1555 3071 Hujus
1571 2997 1752 3070 igitur
1764 2993 1893 3050 boni
1910 3009 2042 3064 pro-

385 3103 607 3176 prietes
637 3099 700 3155 in
733 3095 1099 3154 confessione
1128 3097 1218 3148 est
1245 3089 1442 3163 gratiae
1488 3087 1609 3157 Dei,
1642 3103 1767 3157 qua:
1795 3090 1918 3140 tota
1947 3098 2033 3138 re-

2133 1843 2422 1913 piciantur
2437 1841 2611 1914 (Rom.
2628 1855 2668 1908 ι,
2688 1839 2779 1908 20)
2806 1857 2819 1908 ;
2840 1842 2898 1894 et
2915 1836 2974 1892 in
2992 1832 3438 1908 pulchritudine
3459 1827 3583 1884 coeli
3600 1832 3656 1883 et
3670 1830 3776 1881 ter-

2141 1948 2220 1988 rae
2242 1932 2507 2004 quaedam
2529 1930 2606 2002 (b)
2625 1933 2767 1985 sunt
2790 1927 3013 2000 paginae
3039 1925 3109 1981 ad
3130 1923 3398 1980 omnium
3423 1916 3620 1976 oculos
3643 1932 3778 1972 sem-

2142 2038 2246 2094 per
2261 2024 2551 2093 patentes,
2574 2024 2630 2074 et
2651 2022 2948 2074 auctorem
2970 2031 3146 2072 suum
3165 2025 3496 2085 numquam
3519 2010 3784 2073 tacentes,

2143 2127 2394 2182 quarum
2412 2109 2750 2182 protestatio
2763 2105 3089 2163 doctrinam
3104 2103 3376 2159 imitatur
3389 2096 3786 2169 magistrorum

2145 2204 2201 2257 et
2221 2199 2454 2271 eloquia
2472 2198 2930 2270 Scripturarum.
2953 2195 3062 2251 Sed
3090 2190 3386 2265 quidquid
3409 2187 3560 2244 illud
3580 2187 3665 2241 est
3687 2197 3788 2254 quo

2146 2305 2557 2362 corporeorum
2587 2303 2870 2343 sensuum
2893 2283 3178 2340 exteriora
3206 2279 3548 2353 pulsantur,
3578 2275 3636 2329 in
3665 2287 3790 2344 agro

2149 2378 2341 2434 cordis
2372 2378 2465 2435 cui
2498 2376 2817 2448 impeditur
2846 2375 2958 2430 ista
2988 2372 3240 2440 cultura,
3274 2385 3390 2426 nec
3421 2365 3671 2422 radicem
3704 2377 3789 2434 po-

2147 2470 2263 2520 test
2283 2466 2479 2538 tigere,
2505 2480 2611 2519 nec
2641 2479 2879 2534 germen
2937 2461 3226 2527 emittere,
3248 2458 3369 2514 nisi
3412 2454 3509 2511 ille
3540 2463 3794 2509 summus

2147 2558 2204 2610 et
2232 2570 2407 2610 verus
2446 2552 2701 2625 agricola
2743 2550 3060 2624 potentiam
3094 2548 3186 2606 sui
3217 2545 3422 2619 operis
3456 2537 3794 2606 adhibuerit,

2149 2648 2207 2699 et
2231 2645 2303 2699 ad
2336 2644 2570 2700 vitalem
2603 2641 2924 2714 profectum
2957 2657 3025 2696 ea
3055 2655 3182 2710 quas
3214 2641 3363 2693 sunt
3393 2635 3655 2708 plantata
3685 2644 3802 2700 per-

2147 2732 2397 2788 duxerit.
2431 2732 2561 2787 Sive
2590 2730 2747 2787 enim
2781 2727 3196 2800 contemplatio
3222 2730 3655 2788 creaturarum,
3688 2717 3799 2773 sive

2149 2836 2449 2876 sacrorum
2481 2819 2661 2876 series
2680 2817 3065 2887 voluminum,
3089 2815 3208 2872 sive
3226 2814 3485 2871 scientia
3513 2811 3798 2868 disseren-

2146 2909 2316 2980 tium,
2344 2909 2570 2965 sincero
2595 2915 2653 2964 et
2670 2907 2906 2964 assiduo
2927 2903 3262 2961 testimonio
3288 2901 3570 2976 praedicet
3599 2895 3797 2954 verita-

2145 3003 2286 3067 tem,
2316 3015 2488 3076 neque
2517 2997 2614 3070 qui
2654 2998 2879 3065 plantat
2907 2999 2987 3052 est
3013 2993 3248 3067 aliquid,
3299 3008 3484 3065 neque
3514 2989 3609 3063 qui
3637 2988 3794 3058 rigat,

2143 3087 2237 3144 sed
2268 3090 2364 3161 qui
2393 3089 2793 3143 incrementum
2819 3085 2915 3142 dat
2943 3089 3091 3141 Deus
3120 3083 3164 3156 (Ι
3200 3082 3324 3138 Cor.
3361 3099 3449 3150 ιιι,
3482 3079 3564 3151 7.)

386 3159 625 3265 pellitur
653 3187 900 3244 nisitota
915 3159 1275 3255 suscipitur.—
1283 3179 1445 3234 Sicut
1463 3177 1620 3233 enim
1635 3175 1861 3265 alienus
1883 3176 1972 3228 est
1999 3188 2033 3227 a
2063 3159 2105 3225 C
2214 3159 2346 3234 cA—p.
2387 3177 2500 3233 v11,
2533 3178 2898 3248 superborum
2917 3177 3139 3230 ruinam
3158 3174 3423 3230 omnium
3453 3184 3571 3226 ωδε
3600 3166 3801 3239 gravis-

388 3295 632 3336 numero
652 3277 912 3332 ﬁdelium
926 3275 1194 3329 etasorte
1225 3271 1563 3325 sanctorum
1579 3262 1677 3336 qui
1697 3263 1756 3317 in
1783 3259 1980 3332 aliquo
2002 3275 2036 3314 a

387 3367 674 3427 catholica
701 3367 943 3422 veritate
959 3360 1251 3427 dissentit,
1276 3359 1360 3414 ita
1389 3359 1550 3413 extra
1578 3352 1825 3426 gratiam
1857 3347 2035 3406 efﬁci-

385 3465 502 3531 tur,
519 3456 621 3530 qui
651 3454 876 3528 aliquid
908 3454 980 3508 de
1011 3451 1139 3522 ejus
1154 3445 1520 3520 plenitudine
1551 3442 1856 3505 difﬁtetur,
1871 3436 2039 3510 quasi

387 3549 564 3606 homo
582 3545 798 3603 auxilio
815 3543 912 3600 Dei
937 3542 997 3596 in
1011 3540 1267 3613 quadam
1299 3535 1598 3592 actionum
1623 3545 1864 3587 suarum
1880 3530 2042 3599 parte

388 3641 573 3709 egeat,
605 3636 667 3690 in
722 3633 978 3704 quadam
1011 3633 1207 3683 autem
1260 3627 1425 3700 parte
1454 3638 1570 3677 non
1629 3622 1816 3690 egeat,
1850 3615 2042 3686 sitque

391 3725 581 3782 ullum
613 3728 849 3792 tempus
895 3717 1156 3773 ullumve
1204 3714 1572 3769 momentum
1604 3724 1719 3781 quo
1750 3705 2043 3778 pernicio-

391 3829 526 3870 sum
561 3810 646 3866 illi
702 3825 834 3864 esse
891 3823 1008 3861 non
1067 3802 1255 3875 possit
1311 3800 1363 3856 si
1421 3799 1492 3855 ab
1525 3815 1591 3853 eo
1621 3795 1874 3867 Spiritus
1905 3810 2045 3848 san-

389 3907 522 3958 ctus
555 3898 845 3966 defuerit;
875 3894 974 3967 qui
1007 3893 1206 3963 utique
1265 3889 1593 3946 secundum
1622 3901 1770 3941 vera:
1801 3880 2046 3938 Deitatis

391 3989 710 4048 essentiam
736 3985 956 4057 ubique
977 3988 1134 4038 totus
1154 3984 1263 4046 est,
1287 3983 1344 4036 et
1363 3976 1562 4034 omnia
1582 3969 2044 4045 comprehendit;

391 4081 494 4137 sed
517 4079 589 4133 ab
606 4076 726 4134 illis
748 4075 920 4130 modo
943 4072 1199 4144 quodam
1221 4065 1569 4139 intelligitur
1589 4063 1876 4128 recedere,
1901 4075 2048 4132 quos

392 4166 683 4226 destiterit
702 4157 1308 4236 gubernare.Cessatio
1329 4156 1549 4228 quippe
1570 4150 1769 4208 auxilii
1792 4151 1920 4221 ejus
1946 4164 2049 4220 pro

393 4255 662 4315 absentia
680 4253 1164 4325 accipitur,quam
1188 4247 1303 4304 sibi
1325 4242 1700 4301 insanissime
1719 4239 1918 4296 utilem
1943 4253 2051 4309 pu-

396 4353 479 4406 tat
499 4344 680 4419 quiin
703 4341 777 4398 iis
801 4357 929 4413 quae
949 4342 1102 4395 recte
1123 4334 1371 4409 gesserit
1393 4349 1455 4390 se
1481 4331 1666 4404 magis
1683 4344 1857 4400 quam
1896 4325 2046 4382 267

395 4418 577 4494 Deum
599 4432 811 4507 gaudet
831 4432 1154 4502 operatum.
1183 4425 1352 4480 Plene
1372 4438 1509 4495 ergo
1531 4427 1588 4476 et
1605 4418 1886 4474 veraciter
1915 4432 2051 4471 con-

397 4525 615 4582 ﬁtenda
633 4527 723 4580 est
742 4519 934 4594 gratia
955 4516 1076 4584 Dei,
1099 4516 1172 4571 de
1203 4514 1372 4584 cujus
1397 4511 1506 4567 hoc
1527 4509 1784 4582 primum
1810 4520 2055 4560 munere

397 4621 487 4672 est
519 4620 581 4670 ut
609 4592 894 4670 auxilium
918 4606 1108 4680 ipsius
1130 4601 1435 4660 sentiatur.
1459 4601 1702 4670 Propter
1731 4595 1884 4668 quod
1916 4592 2059 4651 dicit

400 4702 723 4775 Apostolus
747 4718 760 4756 :
783 4700 888 4755 Nos
907 4705 1089 4752 autem
1109 4709 1222 4749 non
1237 4692 1495 4763 spiritum
1520 4685 1715 4742 mundi
1727 4685 2054 4755 accepimus,

400 4774 495 4848 sed
539 4791 803 4863 spiritum
850 4786 952 4856 qui
993 4799 1063 4840 ea:
1091 4783 1198 4838 Deo
1239 4783 1338 4847 est,
1371 4782 1430 4833 ut
1457 4777 1693 4832 sciamus
1722 4789 1846 4846 quae
1869 4790 1903 4828 a
1952 4774 2058 4829 Deo

403 4859 605 4938 donata
624 4878 701 4950 (a)
715 4883 840 4932 sunt
860 4874 1013 4930 nobis
1029 4872 1077 4943 (ι
1099 4871 1290 4934 Cor.11,
1316 4865 1596 4938 l2).Undu
1620 4865 1667 4919 si
1694 4863 1826 4936 quis
1847 4866 1938 4918 est
1957 4859 2060 4934 qui

403 4969 602 5039 aliqua
628 4982 690 5022 se
718 4965 931 5020 habere
959 4959 1253 5016 existimat
1281 4958 1455 5023 bona,
1480 4970 1729 5026 quorum
1761 4969 1876 5007 non
1903 4942 2068 5006 Deus'

403 5059 650 5131 largitor
678 5055 774 5124 sit,
807 5053 907 5108 sed
929 5051 1057 5122 ipse
1087 5055 1290 5104 auctor
1318 5047 1548 5111 existat;
1573 5042 1949 5097 manifestum
1972 5043 2062 5094 est

404 5127 564 5205 hunc
583 5161 700 5200 non
729 5141 830 5199 Dei
849 5139 1126 5212 spiritum
1150 5136 1384 5202 habere,
1407 5137 1508 5190 sed
1532 5131 1758 5198 mundi,
1783 5136 1839 5186 et
1869 5131 1941 5184 de
1959 5127 2061 5183 illa

407 5233 706 5296 saecularis
727 5229 1025 5302 sapientiai
1042 5232 1268 5282 tumere
1289 5221 1651 5292 doctrina,de
1669 5237 1786 5292 qua
1802 5218 1942 5274 dicit
1959 5223 2060 5272 Do-

409 5327 610 5382 minus
634 5340 648 5379 :
671 5319 906 5379 Perdam
925 5317 1254 5389 sapientiam
1273 5313 1628 5384 sapientium,
1647 5319 1696 5366 et
1710 5307 2060 5380 prudentiam

486 5485 563 5555 (a)
593 5484 687 5555 Sic
717 5477 904 5555 nostri
929 5475 1101 5555 codd.
1133 5470 1333 5555 Vulg”
1355 5470 1487 5526 sint.

485 5548 562 5626 (ὁ)
596 5554 757 5611 Unus
769 5553 898 5626 cod.
923 5549 1082 5626 Yet,
1111 5548 1244 5602 sint.

487 5620 557 5701 (ej
587 5627 777 5695 Forte,
805 5620 1169 5682 sublimitate.

2141 3270 2359 3324 simam.
2379 3299 2446 3309 -—
2465 3269 2622 3322 Inter
2636 3282 2841 3322 omnes
2869 3263 3263 3337 igiturlapsus
3295 3260 3640 3325 hominum,
3664 3256 3806 3310 inter

2145 3357 2345 3414 omnia
2359 3356 2677 3414 commissa
2695 3350 3254 3427 peccantium,nulla
3270 3355 3364 3406 est
3381 3348 3621 3423 gravior
3634 3357 3808 3418 quam

2148 3447 2535 3520 superborum
2569 3444 2777 3512 ruina;
2810 3443 3064 3498 maxime
3085 3457 3219 3496 cum
3255 3439 3394 3511 ipsa
3424 3437 3605 3496 elatio
3634 3435 3694 3490 in
3721 3429 3812 3487 Dei

2148 3535 2336 3592 tendit
2364 3534 2663 3605 injuriam.
2697 3532 2843 3587 Nam
2864 3530 3029 3586 aliter
3053 3529 3364 3599 inﬂantur,
3381 3522 3819 3598 quicupiditate

2151 3624 2494 3681 extollentiae
2526 3620 2844 3693 singularis
2877 3619 3154 3675 omnibus
3182 3621 3487 3689 appetunt
3521 3608 3816 3674 anteferri;

2153 3713 2305 3770 268
2323 3712 2492 3768 aliter
2505 3727 2640 3766 vero
2662 3711 3084 3777 intumescunt,
3110 3707 3210 3778 qui
3230 3704 3333 3760 Dei
3360 3703 3656 3760 auxilium
3681 3697 3821 3754 refu-

2154 3807 2366 3872 tantes,
2396 3817 2521 3870 quze
2553 3799 2675 3854 ﬁeri
2707 3797 2832 3854 sine
2864 3797 3053 3869 ipsius
3075 3811 3248 3868 opere
3278 3810 3404 3850 non
3447 3794 3727 3865 possunt,
3759 3802 3826 3842 ex

2154 3909 2260 3946 sua
2291 3889 2490 3962 perﬁci
2523 3890 2734 3944 virtute
2765 3885 3148 3951 contendunt,
3170 3887 3227 3940 et
3257 3900 3433 3956 spem
3469 3897 3699 3939 suama
3722 3882 3822 3931 Do-

2156 3981 2316 4036 mino
2333 3979 2626 4048 auferunt,
2645 3980 2815 4047 atque
2832 3977 2904 4031 ad
2927 3991 2988 4030 se
3000 3973 3388 4030 transferunt:
3415 3976 3486 4028 ut
3504 3967 3829 4040 adimplea-

2157 4073 2255 4124 tur
2293 4069 2352 4123 in
2395 4067 2481 4123 eis
2511 4067 2668 4138 quod
2700 4065 2988 4136 scriptum
3019 4067 3146 4120 est:
3179 4061 3514 4118 Maledictus
3547 4063 3711 4116 homo
3741 4053 3832 4126 qui

2159 4175 2306 4231 spem
2324 4157 2483 4214 habet
2514 4159 2573 4211 in
2605 4155 2843 4223 homine,
2860 4157 2914 4209 et
2939 4153 3124 4224 ﬁrmat
3151 4166 3375 4207 carnem
3398 4150 3629 4206 brachii
3657 4147 3770 4214 sui,
3789 4149 3836 4200 et

2159 4265 2200 4304 α
2229 4249 2458 4303 Domino
2488 4244 2725 4301 discedet
2753 4259 2850 4300 cor
2869 4243 2985 4311 eius
3003 4242 3139 4311 (Jer.
3172 4256 3312 4304 xvu,
3342 4239 3429 4312 5).
3466 4239 3607 4296 Haec
3636 4249 3838 4307 super-

2159 4337 2258 4394 bia
2284 4355 2316 4392 a
2348 4334 2577 4392 diabolo
2607 4333 2862 4405 sumpsit
2882 4329 3216 4388 exordium:
3251 4329 3351 4400 qui
3384 4327 3687 4399 quoniam
3715 4339 3842 4390 sua,

2162 4443 2340 4498 quam
2359 4443 2393 4481 a
2406 4425 2672 4481 Creatore
2683 4425 3005 4493 acceperat,
3044 4418 3309 4491 potentia
3324 4423 3383 4473 et
3402 4417 3711 4490 dignitate
3732 4409 3840 4469 sibi

2085 4529 2133 4595 D
2165 4515 2405 4589 placuit,
2437 4530 2616 4586 seque
2646 4510 2900 4569 auctoris
2917 4509 3006 4566 sui
3040 4508 3232 4579 glorise
3265 4507 3675 4580 comparavit,
3709 4516 3846 4560 cum

2165 4605 2238 4660 iis
2271 4603 2496 4676 angelis
2511 4618 2658 4675 quos
2691 4601 2749 4656 in
2770 4597 3472 4668 consensumimpietatis
3505 4613 3635 4652 sum
3653 4601 3845 4650 traxe-

2166 4699 2277 4766 rat,
2295 4712 2330 4750 a
2361 4692 2584 4749 cmlesti
2614 4693 2680 4764 (e)
2704 4690 3036 4746 humilitate
3054 4689 3314 4759 dejectus
3335 4691 3449 4743 est.
3471 4687 3549 4742 Et
3566 4686 3707 4742 ideo
3726 4679 3843 4756 pri-

2168 4784 2280 4840 mis
2298 4780 2636 4839 hominibus
2655 4795 2858 4835 nocere
2874 4778 3087 4850 potuit,
3107 4776 3244 4847 quia
3260 4775 3377 4831 illis
3395 4775 3564 4831 male
3581 4770 3848 4831 credulis

2167 4891 2270 4946 per
2299 4869 2606 4928 mendacia
2620 4871 2903 4924 venenata
2933 4865 3224 4938 persuasit
3257 4863 3636 4919 utmeliores
3669 4879 3734 4918 se
3759 4861 3848 4916 fu-

2167 4966 2331 5017 turos
2349 4962 2641 5032 putarent,
2661 4956 2708 5012 si
2729 4955 2807 5026 (ά)
2827 4955 2884 5009 in
2903 4953 3232 5010 libertatem
3267 4952 3358 5007 sui
3379 4951 3631 5007 arbitrii
3657 4947 3850 5023 prosi-

2170 5052 2363 5120 lirent,
2384 5067 2560 5124 quam
2579 5047 2630 5105 si
2687 5048 2744 5103 in
2774 5044 2921 5118 legis
2938 5044 3086 5100 datis
3106 5042 3370 5099 custodia
3389 5041 3855 5112 permanerent.

2241 5141 2375 5198 CAP.
2408 5140 2495 5196 IX.
2553 5137 2906 5209 Superbiam,
2957 5150 3073 5205 qua
3115 5134 3236 5204 quis
3293 5147 3538 5186 suorum
3591 5133 3712 5187 sibi
3743 5128 3865 5185 vult

2168 5233 2357 5286 auctor
2383 5244 2497 5285 esse
2527 5230 2815 5294 bonorum,
2846 5225 3028 5280 omnis
3056 5238 3169 5278 esse
3211 5222 3418 5292 peccati
3479 5222 3755 5277 initium.
3792 5246 3860 5258 -—

2170 5319 2300 5377 Sive
2331 5321 2528 5390 itaque
2545 5317 2601 5370 in
2634 5316 2805 5387 lapsu
2835 5311 3074 5383 diaboli,
3098 5313 3218 5367 sive
3247 5311 3305 5366 in
3340 5309 3860 5384 praevaricatione

2242 5464 2316 5532 (tl)
2333 5462 2423 5517 Sic
2453 5455 2800 5532 Quesnellus
2820 5452 3592 5532 cumeditione‘Parisiensi
3628 5454 3691 5508 S.
3717 5454 3861 5532 13m-

2168 5525 2350 5591 brosii
2383 5551 2477 5589 an.
2510 5530 2841 5597 1569,sicut
2869 5534 2927 5584 et
2956 5529 3016 5583 in
3046 5527 3368 5586 novissima
3397 5525 3687 5597 editione
3718 5526 3863 5581 Pro-

2167 5605 2344 5683 speri,
2375 5604 2484 5678 AL,
2514 5606 2578 5662 in
2607 5595 2899 5670 libertate;
2928 5604 2986 5657 et
3011 5599 3094 5658 ita
3121 5598 3307 5657 nostri
3337 5595 3612 5655 codices.
