4120 6236
274 345 375 405 169

1378 345 1761 409 EPISTOLA
1806 347 1908 406 AD
1956 346 2549 410 DEMETRIADEM.

3549 352 3667 413 HO

268 475 778 543 hominis,initium
794 476 1013 548 peccati
1030 477 1307 548 superbia
1322 482 1565 550 est,quae
1588 495 1911 551 congruen-
1938 480 1993 546 Α
2024 478 2279 535 mitteret
2310 479 2501 535 laudis
2531 479 2950 552 cupiditatem;
2985 481 3059 552 (ά)
3092 486 3147 537 et
3177 482 3314 538 inde
3347 482 3669 539 novissima

267 570 341 621 ter
379 572 435 620 et
473 565 720 620 avaritia
754 567 1115 633 nominatur,
1152 568 1288 636 quia
1321 574 1571 639 utraque
1603 568 1915 639 appellatio

267 672 378 713 eum
393 654 689 727 signiﬁcat
710 655 1031 725 appetitum
1054 655 1150 726 qui
1170 660 1225 711 et
1239 673 1407 710 suam
1429 673 1761 711 mensuram
1779 673 1913 711 con-

269 746 519 816 cupiscat
556 743 849 807 excedere,
883 748 937 796 et
969 760 1084 797 non
1117 744 1395 815 dignetur
1428 746 1588 799 dives
1618 761 1766 812 esse,
1801 745 1914 800 nisi

272 834 551 905 propriis:
582 840 880 901 tamquam
906 831 1116 887 habeat
1139 833 1249 888 hoc
1272 833 1467 888 simile
1494 835 1623 897 Deo,
1646 838 1709 888 ut
1728 835 1911 889 hono-

272 939 385 977 rum
410 938 651 976 suorum
678 920 804 991 ipse
828 919 935 974 sibi
953 920 1027 990 (a)
1047 922 1194 989 fons,
1212 923 1335 992 ipse
1358 923 1466 976 sibi
1494 923 1569 976 sit
1590 922 1913 992 copia.li£ec

270 1020 450 1067 autem
475 1010 647 1065 elatio
671 1010 741 1064 de
764 1026 1035 1079 perverso
1065 1027 1171 1064 usu
1198 1012 1484 1066 donorum
1510 1012 1609 1066 Dei
1636 1012 1909 1066 nascitur.

270 1100 399 1156 Nam
432 1098 483 1153 si
533 1098 801 1153 conditor
850 1103 1198 1151 naturarum
1250 1101 1413 1153 nulla
1447 1099 1716 1170 pulchra,
1751 1098 1913 1155 nulla

269 1188 537 1243 sublimia
568 1186 792 1241 naturis
817 1186 1265 1242 rationabilibus
1290 1188 1657 1253 contulisset,
1680 1190 1833 1243 unde
1851 1205 1912 1243 se

270 1277 599 1332 extollerent
630 1294 743 1330 non
778 1276 1080 1330 haberent.
1108 1276 1191 1347 (b)
1212 1277 1390 1331 Nemo
1417 1276 1571 1331 enim
1598 1278 1668 1331 de
1689 1278 1762 1332 iis
1784 1294 1910 1348 quas

270 1383 370 1421 non
407 1365 635 1436 accepit
666 1365 949 1435 superbit,
984 1381 1087 1419 nec
1128 1365 1315 1419 inﬂari
1352 1366 1669 1437 quisquam
1722 1367 1792 1421 de
1843 1382 1910 1421 eo

265 1459 465 1529 potest,
488 1455 640 1525 quod
663 1471 695 1509 a
718 1454 1161 1525 participatione
1184 1457 1311 1525 ejus
1335 1454 1592 1510 alienum
1624 1455 1911 1510 est.Num-

266 1560 430 1616 quam
465 1542 754 1614 gloriatur
786 1542 855 1595 de
879 1543 1193 1598 sobrietate
1218 1544 1599 1613 temulentus,
1630 1561 1817 1615 neque
1840 1546 1911 1599 de

266 1632 662 1688 benevolentia
695 1632 949 1700 invidus,
983 1637 1083 1685 aut
1108 1632 1179 1696 de
1212 1632 1450 1687 lenitate
1484 1650 1693 1699 srevus,
1724 1633 1807 1687 vel
1842 1634 1911 1687 de

264 1722 528 1779 castitate
556 1720 857 1776 extollitur
890 1720 1243 1792 impudicus.
1280 1723 1410 1794 Ipsa
1446 1739 1506 1776 se
1538 1740 1570 1776 a
1599 1723 1911 1777 virtutibus

264 1811 395 1869 vitia
418 1814 757 1876 secernunt,
776 1816 985 1865 etcum
1010 1811 1066 1865 in
1097 1812 1347 1882 peccatis
1374 1811 1711 1881 agitur,non
1736 1812 1911 1866 insita

268 1918 358 1973 per
386 1906 681 1967 naturam,
708 1900 807 1955 sed
843 1917 910 1955 ex
944 1900 1098 1954 mala
1129 1900 1423 1955 voluntate
1456 1905 1736 1972 concepta
1759 1904 1824 1969 (ε)
1848 1906 1911 1955 ut

263 1990 491 2062 propria
510 1988 876 2060 diliguntur:
904 1988 1225 2060 quia,sicut
1248 1989 1533 2060 scriptum
1557 1989 1913 2055 est,mendax

264 2079 321 2134 de
348 2080 571 2149 proprio
602 2081 850 2149 loquitur
898 2080 1077 2141 (Joan.
1129 2095 1251 2143 VIII,
1296 2080 1400 2149 44).
1448 2079 1591 2133 Cum
1626 2084 1817 2134 autem
1852 2082 1909 2133 in

262 2167 424 2223 bonis
458 2171 517 2221 et
548 2165 719 2221 rectis
772 2167 1004 2221 actibus
1035 2166 1348 2221 laudabilis
1379 2168 1494 2221 vita
1527 2169 1781 2233 ducitur,
1814 2168 1910 2223 Dei

264 2257 513 2329 estquod
537 2254 881 2325 geritur,Dei
919 2260 1006 2309 est
1028 2255 1182 2326 quod
1205 2256 1793 2311 amatur.llmneenim
1813 2256 1914 2311 da-

271 2354 381 2399 tum
402 2347 674 2414 optimum
695 2347 745 2397 et
787 2358 947 2397 omne
966 2344 1169 2398 donum
1186 2346 1486 2415 per/colum
1506 2343 1790 2399 desursum
1813 2349 1913 2407 est,

269 2432 591 2487 descendens
621 2450 651 2485 a
681 2433 851 2486 Patre
882 2434 1160 2487 luminum
1192 2433 1334 2503 (Jac.
1372 2450 1411 2499 ι,
1447 2434 1554 2503 17).
1584 2433 1747 2489 Unde
1779 2434 1917 2505 quia

270 2522 416 2575 inter
437 2520 575 2574 vitia
608 2525 710 2575 aut
742 2520 905 2574 nulla
936 2525 1025 2575 est
1056 2526 1158 2575 aut
1184 2538 1315 2576 rara
1336 2522 1643 2592 jactantia,
1668 2527 1722 2577 et
1753 2521 1917 2576 facile

268 2610 565 2681 spernitur
614 2611 717 2680 qui
762 2611 832 2665 de
880 2610 1192 2682 opprobrio
1224 2611 1527 2682 gloriatur,
1561 2612 1784 2666 malum
1817 2629 1917 2665 su—

266 2698 477 2772 perbiai
506 2697 762 2753 maxime
784 2698 1104 2755 virtutibus
1130 2704 1221 2755 est
1265 2700 1611 2765 cavendum,
1636 2700 1774 2771 quia
1798 2698 1923 2753 nul-

268 2785 336 2841 lis
366 2786 759 2858 opportunius
792 2786 1126 2859 insidiatur,
1152 2806 1330 2860 quam
1356 2789 1573 2859 quibus
1606 2788 1734 2843 laus
1758 2789 1923 2859 justa

272 2876 530 2931 debetur.
1438 2874 1441 2875 ⁷

340 2966 489 3021 269
524 2965 839 3020 CAP.X.EJI
869 2966 1023 3020 bonis
1051 2966 1307 3037 aperibus
1331 2968 1649 3036 superbiam
1681 2972 1729 3021 et
1762 2967 1922 3022 Pela-

274 3056 490 3125 gianam
516 3056 773 3111 hmresim
796 3070 911 3109 esse
932 3064 1151 3116 natam;
1174 3072 1272 3109 nec
1298 3072 1405 3111 non
1427 3062 1477 3111 et
1500 3058 1927 3127 Pelagianorum

278 3144 780 3214 reliquias—Cum
799 3160 936 3213 ergo
957 3161 1058 3215 per
1080 3144 1433 3198 ineffabilem
1460 3146 1924 3200 misericordiam

1943 1852 1989 1917 B

2026 565 2413 620 instrueretur
2443 568 2707 631 tentatio,
2730 570 2885 622 unde
2915 570 3113 623 nocuit
3134 568 3325 641 prima
3355 570 3620 641 deceptio
3641 570 3669 624 ‘l

2023 654 2147 707 Non
2184 655 2380 724 itaque
2418 654 2728 710 desidiosis
2776 660 2833 711 et
2878 657 3110 729 tepidis,
3144 674 3333 730 neque
3383 658 3667 715 inertibus

2022 747 2079 795 et
2108 742 2365 805 incultis,
2408 744 2509 798 sed
2556 744 2744 815 magis
2794 745 3151 815 quibusdam
3200 746 3412 803 animis
3444 746 3667 804 sedulis

2023 835 2080 883 et
2112 832 2397 884 bonorum
2430 837 2665 886 actuum
2700 834 2983 903 probitate
3028 834 3343 890 luculentis
3387 852 3491 907 per
3536 836 3667 907 glo-

2022 918 2164 972 riam
2198 919 2433 989 irrepsit
2473 920 2789 975 humanam
2820 940 2831 987 ;
2884 928 2939 976 et
2987 940 3132 993 quos
3164 923 3518 995 impulsione
3550 941 3665 980 non

2021 1009 2223 1075 movit,
2248 1009 2497 1063 elatione
2519 1011 2745 1079 dejecit.
2774 1013 2997 1076 Quanto
3019 1013 3175 1066 enim
3202 1012 3479 1068 clariores
3500 1017 3668 1068 erant

2022 1097 2265 1161 meritis,
2297 1101 2462 1152 tanto
2493 1114 2591 1152 eos
2622 1098 2877 1170 aptiores
2909 1100 3031 1154 suis
3065 1102 3283 1156 invenit
3313 1101 3565 1157 insidiis.
3606 1103 3665 1156 In

2021 1186 2293 1257 paradiso
2323 1203 2576 1256 namque
2600 1187 2864 1242 Ecclesiae
2897 1190 3269 1256 constitutos,
3296 1195 3353 1245 et
3383 1191 3666 1245 virtutum

2021 1273 2249 1328 deliciis
2280 1276 2747 1341 abundantes,ad
2779 1278 3193 1333 confidentiam
3216 1278 3381 1334 liberi
3404 1279 3669 1335 incitavit

2021 1361 2267 1427 arbitrii,
2302 1369 2367 1416 ut
2399 1364 2692 1431 profectus
2725 1382 2865 1419 suos
2895 1365 2952 1419 in
2986 1382 3047 1422 se
3079 1366 3476 1435 constitueret,
3509 1373 3567 1423 et
3596 1368 3666 1422 ad

2021 1452 2286 1505 arborem
2320 1452 2563 1523 propria:
2584 1453 2903 1509 voluntatis
2926 1472 3166 1510 manum
3194 1456 3666 1527 praesumptionis

2020 1539 2415 1593 extenderent.
2442 1540 2803 1596 Restiterunt
2825 1542 3062 1614 quidem
3086 1542 3223 1599 huic
3245 1544 3666 1615 impietatirec-

2020 1631 2080 1680 ta
2100 1627 2170 1697 (ε)
2196 1627 2722 1683 innumerabilium
2755 1633 2933 1685 corda
2964 1639 3320 1701 sanctorum,
3345 1638 3403 1687 et
3432 1649 3550 1688 non
3573 1647 3665 1687 so-

2020 1714 2144 1769 lum
2177 1716 2331 1770 docti
2363 1718 2579 1787 quique
2612 1720 2934 1789 pontiﬁces,
2967 1737 3167 1776 verum
3221 1722 3395 1776 etiam
3444 1720 3669 1777 univer-

2021 1802 2175 1858 sales
2206 1804 2472 1859 Ecclesiaa
2504 1806 2723 1876 plebes,
2748 1808 3076 1879 apostolicae
3108 1809 3265 1863 sedis
3286 1809 3354 1881 (Γ)
3379 1808 3667 1880 exemplo,

2018 1891 2310 1947 insaniam
2337 1894 2465 1948 novi
2490 1896 2784 1965 dogmatis
2805 1897 3298 1953 horruerunt.Sed
3324 1898 3673 1953 invenerunt

2020 1979 2096 2050 (g)
2126 1981 2365 2051 quidam
2399 1983 2661 2053 viperina
2693 1986 2960 2049 consilia,
2994 1986 3208 2058 quibus
3243 1986 3517 2042 doctrinae
3549 2002 3669 2041 suis

2018 2068 2179 2124 virus
2211 2069 2668 2140 infunderent,et
2688 2090 2940 2144 quorum
2973 2074 3233 2145 linguam
3257 2092 3358 2147 per
3384 2075 3550 2132 dolos
3571 2074 3672 2131 fal-

2021 2174 2095 2211 sa:
2128 2159 2370 2214 rationis
2402 2166 2719 2217 armarent.
2751 2164 2896 2218 Hinc
2929 2163 3030 2219 illa
3059 2170 3182 2220 erat
3214 2170 3433 2220 natura:
3466 2164 3672 2219 huma-

2023 2262 2108 2301 nae
2140 2248 2508 2303 fraudulenta
2539 2249 2895 2315 laudatio,et
2915 2252 3104 2308 illaesa:
3121 2270 3223 2323 per
3243 2268 3448 2308 omnes
3479 2251 3670 2308 homi-

2024 2351 2126 2389 nes
2157 2335 2458 2407 originalis
2481 2338 2739 2393 defensio
2762 2339 3065 2411 dignitatis
3090 2358 3103 2404 ;
3140 2342 3292 2397 270
3316 2343 3447 2397 Ades
3473 2356 3675 2413 pecca-

2024 2428 2148 2477 tum
2164 2425 2426 2495 exemplo
2449 2428 2698 2497 posteris
2712 2430 3505 2497 asserebaturnocuisse,non
3522 2436 3678 2487 tran-

2026 2514 2178 2579 situ;
2213 2524 2266 2567 et
2294 2530 2470 2585 quam
2502 2515 2587 2569 illi
2616 2516 2895 2587 possibile
2919 2519 3105 2573 fuerat
3127 2536 3241 2573 non
3274 2518 3486 2575 violare
3506 2535 3676 2573 man—

2028 2603 2379 2671 datum,tam
2412 2603 2659 2659 liberum
2687 2622 2815 2660 esse
2849 2606 3164 2678 unicuique
3184 2606 3477 2662 declinare
3499 2607 3678 2663 delic-

2028 2691 2321 2757 tum;hinc
2336 2695 2632 2748 evacuatio
2646 2694 3018 2765 baptismatis
3033 2695 3541 2768 parvulorum,qui
3558 2695 3684 2751 sola

2027 2781 2540 2851 adeptionedonari
2556 2783 2633 2853 (h)
2652 2783 2807 2837 nullo
2822 2789 3010 2838 autem
3025 2788 3187 2839 reatu
3201 2784 3689 2841 dicereturabsol-

2031 2871 2085 2924 vi
2114 2888 2125 2937 ;
2162 2872 2293 2926 hinc
2327 2878 2620 2943 postremo
2642 2873 2849 2927 divinas
2871 2873 3071 2944 gratias
3103 2874 3379 2929 simulata
3409 2879 3465 2929 et
3493 2874 3682 2929 insin-

2034 2975 2165 3014 cera
2193 2962 2499 3027 confessio,
2527 2977 2653 3031 quze
2684 2964 3008 3016 secundum
3038 2964 3246 3017 merita
3275 2965 3533 3032 daretur,
3570 2979 3685 3017 non

2035 3065 2101 3103 ex
2132 3067 2245 3119 qua
2270 3049 2475 3104 merita
2507 3058 2904 3105 nascerentur.
2931 3050 3113 3114 Quam
3143 3051 3209 3122 (ἰ)
3234 3057 3453 3123 partem
3480 3066 3687 3123 super-

2040 3137 2121 3191 bae
2156 3138 2585 3208 praedicationis
2616 3140 2857 3208 quidam
2892 3140 3027 3206 sibi,
3056 3157 3187 3195 cum
3220 3146 3432 3196 caetera
3461 3141 3687 3196 abnue-

278 3232 371 3287 Dei
402 3234 649 3304 captivis
684 3233 943 3299 libertas,
977 3232 1221 3303 perditis
1275 3233 1457 3294 salus,
1510 3234 1756 3289 mortuis
1805 3234 1924 3288 vita
1956 3217 1996 3283 C
2036 3231 2183 3295 rent,
2218 3233 2613 3282 servaverunt.
2660 3229 2769 3282 Sed
2803 3228 2913 3282 hoc
2943 3246 3042 3283 eos
3073 3236 3175 3285 aut
3203 3231 3381 3285 nimis
3413 3229 3685 3302 imperite

283 3328 598 3392 reparatur,
629 3338 765 3375 cum
799 3322 856 3374 in
909 3328 1278 3376 sacramento
1312 3322 1501 3377 crucis
1534 3330 1588 3377 et
1633 3339 1927 3377 resurrec-

281 3410 449 3463 tionis
478 3409 696 3464 Christi
744 3410 814 3463 ad
881 3412 1199 3464 novitatem
1280 3411 1428 3465 redit
1465 3415 1743 3476 vetustas,
1772 3415 1827 3465 et
1858 3410 1929 3465 ad

285 3495 672 3552 innocentiam
706 3504 1087 3564 regenarntur
1116 3498 1407 3569 impietas,
1432 3500 1713 3569 antiquus
1744 3498 1931 3553 hostis

292 3585 599 3658 malignius
630 3587 824 3641 fremit
855 3592 909 3641 et
943 3588 1136 3641 acrius
1169 3587 1506 3656 inardescit,
1531 3592 1737 3642 etcum
1764 3587 1933 3641 innu-

295 3676 457 3729 meris
477 3675 723 3730 nocendi
748 3677 974 3729 artibus
996 3677 1321 3729 humanum
1340 3693 1525 3746 genus
1542 3676 1760 3730 nitatur
1782 3693 1934 3731 ever-

294 3766 421 3829 tere,
453 3782 651 3819 serens
686 3764 1030 3833 discordias,
1066 3764 1318 3819 incitans
1352 3764 1489 3828 iras,
1526 3781 1740 3819 acuens
1768 3765 1931 3835 cupi-

297 3850 511 3917 ditates,
540 3854 797 3907 suadens
830 3851 1043 3923 turpia,
1081 3852 1227 3907 falsa
1258 3858 1665 3907 commentans
1697 3860 1753 3908 et
1783 3869 1936 3907 erro-

300 3955 414 3994 rum
429 3942 665 4012 laqueos
684 3957 780 4011 per
798 3941 1137 4011 opinionum
1157 3946 1488 3995 commenta
1513 3941 1932 4013 multiplicans,

300 4026 420 4097 plus
449 4031 639 4084 uritur
671 4030 741 4082 de
774 4029 985 4083 virtute
1026 4029 1314 4083 stantium
1367 4047 1541 4100 quam
1588 4030 1814 4084 lactetur
1865 4031 1935 4085 de

302 4116 596 4188 fragilitate
628 4118 975 4172 labentium.
1012 4117 1173 4172 Multi
1201 4119 1357 4172 enim
1389 4119 1705 4174 servientes
1737 4120 1938 4183 Deo,et

300 4201 354 4258 in
385 4204 498 4275 lege
526 4208 653 4277 ejus
689 4206 780 4260 die
811 4222 877 4259 ac
910 4211 1076 4260 nocte
1131 4207 1501 4275 meditantes,
1545 4208 1937 4265 cruciﬁxerunt

301 4308 502 4350 carnem
532 4312 696 4350 suam
741 4311 865 4349 cum
895 4294 1191 4349 desideriis
1222 4305 1271 4349 et.
1301 4297 1775 4366 concupiscentiis,
1812 4313 1933 4350 om-

301 4381 564 4455 niumque
596 4384 1005 4438 illece'nrarum
1059 4382 1353 4438 incentiva
1402 4386 1787 4451 domuerunt;
1824 4402 1935 4440 non

300 4470 520 4528 damnis
548 4472 709 4537 victi,
735 4488 849 4527 non
877 4472 1381 4542 persecutionibus
1416 4473 1601 4538 fracti,
1630 4490 1739 4528 non
1776 4490 1937 4543 pros-

2039 3320 2140 3370 aut
2168 3316 2331 3370 valde
2364 3317 2631 3386 nequiter
2659 3318 2863 3371 fecisse
2894 3335 3009 3372 non
3043 3319 3289 3373 dubium
3316 3326 3427 3386 est,
3460 3327 3527 3374 ut
3556 3336 3687 3374 om-

2042 3405 2203 3457 nium
2238 3404 2543 3459 hominum
2577 3406 2905 3475 generalem
2939 3406 3169 3461 ruinam
3202 3408 3544 3463 meritorum
3572 3410 3688 3479 pri-

2040 3492 2249 3565 vilegio
2281 3493 2691 3562 sublevarent;
2725 3500 2782 3550 et
2828 3512 2958 3549 cum
2990 3497 3140 3550 inter
3172 3500 3404 3551 nostros
3435 3496 3695 3568 origine»

2042 3582 2114 3637 lis
2150 3583 2365 3654 peccati
2398 3584 2636 3638 vulnera
2662 3585 3169 3654 faterentur,inter
3190 3602 3329 3641 suos
3354 3590 3552 3641 tamen
3586 3585 3696 3642 hoc

2042 3678 2236 3727 tenere
2266 3673 2662 3740 ostenderent,
2688 3674 2841 3743 quod
2867 3674 3191 3745 primorum
3215 3674 3525 3729 hominum
3552 3692 3699 3746 pras-

2043 3761 2316 3816 varicatio
2356 3761 2496 3816 solis
2546 3762 2941 3817 imitatoribus
2993 3764 3315 3832 obfuisset;
3368 3764 3696 3819 naturalem

2044 3856 2237 3905 autem
2302 3850 2639 3906 facultatem
2712 3852 2857 3906 nihil
2917 3852 3007 3907 sui
3067 3853 3123 3907 in
3183 3852 3373 3909 alieno
3430 3854 3701 3909 amisisse

2046 3944 2300 4010 peccato,
2335 3940 2427 3993 cui
2476 3946 2533 3994 et
2576 3940 2852 4011 possibile
2883 3946 3039 3996 esset
3082 3947 3139 3997 et
3181 3943 3429 3998 liberum
3463 3958 3567 4014 per
3594 3960 3696 3998 vo-

2046 4028 2363 4084 luntariam
2413 4031 2773 4085 devotionem
2826 4033 3143 4101 promereri
3202 4032 3391 4102 gratia
3451 4032 3692 4104 largita-

2046 4122 2183 4173 tem.

2117 4208 2231 4262 CAP
2263 4207 2357 4261 XI.
2391 4211 2594 4263 Omnes
2626 4209 2683 4262 in
2726 4211 2943 4278 peccato
2991 4213 3168 4279 natos,
3200 4227 3235 4264 α
3280 4211 3458 4267 salute
3485 4212 3697 4267 alienos

2045 4298 2294 4367 €836,nisi
2320 4298 2377 4351 in
2402 4296 2616 4351 C/irzsto
2632 4298 3309 4355 renascantur.——Verum
3335 4300 3508 4356 istam
3531 4302 3701 4357 dam-

2047 4387 2169 4441 nati
2193 4386 2484 4456 dogmatis
2509 4385 2835 4456 portionem
2863 4387 3156 4443 catholicae
3181 4396 3405 4444 mentes
3429 4389 3702 4445 facilein-

2045 4475 2401 4546 telligunt,et
2424 4474 2628 4529 merito
2647 4474 3272 4534 detestantur.Dicente
3289 4478 3445 4533 enim
3459 4477 3707 4533 Domino

299 4562 632 4629 peritatibus
664 4561 984 4633 depravati,
1020 4561 1305 4616 mundum
1340 4564 1516 4616 istum
1554 4578 1656 4617 nec
1689 4562 1939 4617 dilexere
1975 4592 2021 4653 Β
2050 4568 2186 4619 Jesu
2216 4579 2226 4617 :
2252 4564 2367 4617 Non
2388 4570 2467 4617 est
2484 4578 2618 4633 opus
2640 4567 2796 4620 sanis
2815 4565 3178 4630 medicus,sed
3196 4566 3341 4620 male
3362 4565 3709 4633 habentibus;

302 4649 731 4722 obsequentem,
765 4666 870 4704 nec
914 4650 1161 4705 timuere
1191 4654 1522 4705 terrentem.
1558 4652 1802 4706 Tantam
1836 4652 1942 4707 ita-

302 4752 411 4808 que
454 4740 804 4807 firmitatem,
838 4743 895 4792 et
942 4743 1058 4793 tam
1113 4738 1367 4795 sublime
1417 4741 1784 4812 propositum
1833 4759 1947 4813 qua

302 4825 731 4900 impugnatione
766 4826 1037 4882 diabolus
1073 4833 1270 4899 posset
1301 4829 1537 4893 adoriri,
1575 4830 1685 4885 nisi
1722 4834 1784 4884 ut
1816 4831 1947 4902 qui-

304 4914 413 4971 bus
442 4934 548 4972 non
583 4921 854 4990 potuerat
875 4918 1225 4988 persuadere
1251 4918 1524 4972 vitiorum
1559 4920 1950 4989 amorem,im-

380 5021 449 5093 (α)
481 5024 667 5078 Editio
697 5022 925 5093 Prosp.,
956 5026 1029 5078 sil
1059 5027 1203 5093 fons.

384 5096 453 5163 (b)
480 5095 647 5166 Vulg.
676 5101 935 5165 correpte
960 5113 972 5149 ε
999 5096 1112 5150 Non
1135 5097 1303 5152 enim.
1325 5094 1519 5150 Nostri
1549 5097 1718 5151 codd.
1751 5114 1949 5154 emen-

313 5164 581 5221 ditionem
598 5164 935 5234 praebuere.

385 5238 448 5305 (c)
477 5237 566 5293 Sic
612 5238 828 5302 Quesn.
866 5239 1046 5309 probe
1090 5237 1357 5303 correxit,
1400 5252 1530 5292 cum
1570 5240 1625 5293 in
1680 5240 1853 5295 editis
1899 5247 1955 5296 et

310 5310 517 5381 nostris
547 5310 724 5364 etiam
762 5326 907 5363 mss.
943 5312 1222 5364 mendose
1248 5309 1494 5379 legatur,
1520 5314 1569 5365 et
1599 5315 1844 5381 propria.

383 5380 446 5447 td)
469 5380 551 5436 Ita
570 5382 753 5435 nostri
773 5381 1005 5435 codd.et
1025 5382 1163 5436 editi
1190 5380 1787 5450 Prosperiuue’anut
1806 5386 1952 5440 inde.

382 5452 445 5522 (ε)
479 5454 739 5524 Antiquae
773 5453 913 5507 edit.
948 5453 1148 5523 Prosp.
1174 5454 1636 5509 innumerabilia.
1674 5456 1953 5513 Emenda-

308 5520 515 5578 tionem
551 5520 768 5587 Qu'esn.
804 5524 987 5579 nostri
1020 5520 1249 5579 codices
1278 5528 1625 5595 approbant.

379 5596 439 5663 Ui
470 5596 670 5668 Carpit
707 5598 857 5649 hunc
892 5596 1080 5649 locum
1110 5596 1458 5661 Quesnellus
1490 5599 1725 5653 dissert.
1748 5601 1799 5667 4,
1825 5617 1871 5653 c.
1901 5601 1953 5668 6,

309 5670 446 5740 εις-5,
483 5686 547 5723 ac
579 5668 629 5722 si
678 5671 895 5721 Auctor
924 5684 1175 5740 romanae
1208 5668 1367 5740 sedis
1396 5670 1643 5740 gloriam
1671 5672 1955 5731 claturus.

312 5735 487 5795 eidem
522 5740 767 5803 tribuat,
806 5739 954 5806 quod
989 5746 1018 5789 Α
1035 5739 1269 5795 tricenis
1304 5735 1551 5813 Pro'sper
1581 5744 1812 5799 asserit.
1845 5744 1955 5798 Sed

622 5867 885 5927 PATROL.
936 5866 1058 5927 LV.

2059 4669 2168 4708 non
2193 4654 2346 4706 enim
2365 4653 2488 4706 veni
2515 4653 3007 4723 vocarejuslos,sed
3025 4663 3333 4724 peccatores
3350 4655 3500 4724 (Luc.
3525 4671 3579 4721 v,
3596 4655 3706 4727 3t):

2059 4742 2491 4799 convincuntur
2523 4742 2618 4796 isti
2651 4742 2710 4796 in
2745 4743 3021 4813 superbia
3050 4743 3227 4798 etiam
3255 4743 3385 4799 sine
3422 4760 3563 4801 voce
3594 4744 3712 4802 cla-

2059 4846 2219 4884 mare
2243 4846 2254 4884 :
2281 4830 2416 4883 Sani
2440 4846 2669 4893 sumus,
2697 4847 2845 4900 opus
2868 4830 3090 4885 medico
3111 4848 3221 4885 non
3252 4832 3559 4901 habemus;
3578 4851 3707 4906 qua!

2059 4918 2227 4973 nobis
2258 4918 2611 4987 expectanda
2642 4924 2780 4972 sunt
2812 4920 3080 4989 praesidia
3114 4920 3182 4975 de
3205 4937 3312 4993 cpe
3335 4922 3556 4993 gratiae,
3577 4925 3709 4995 qui-

2062 5042 2178 5095 quo
2211 5042 2387 5101 sensu
2422 5030 2478 5078 et
2508 5040 2684 5101 quam
2710 5041 2839 5078 vere
2867 5028 3081 5101 Auctor
3111 5029 3433 5101 scripserit.
3456 5048 3526 5085 ex
3556 5032 3710 5100 ipso-

2064 5103 2183 5152 met
2214 5096 2494 5164 Prospero
2528 5097 3068 5154 demonstrabimus
3118 5100 3178 5154 in
3210 5096 3436 5158 observ.
3470 5104 3541 5157 ad
3572 5096 3711 5156 cita-

2062 5173 2183 5243 tam
2219 5166 2685 5243 dissertationem
2722 5185 2885 5239 num,
2918 5172 2950 5223 8
2982 5177 3038 5224 et
3067 5188 3225 5243 seqq.

2133 5240 2211 5311 (g)
2243 5239 2327 5315 Ita
2358 5254 2487 5291 cum
2522 5240 2738 5315 Quesn.
2762 5244 2946 5296 nostri
2972 5239 3225 5299 coddfln
3268 5247 3563 5315 postrema
3592 5242 3715 5297 edit

2066 5312 2353 5381 Prusperi,
2387 5312 2665 5379 quosdam.

2136 5385 2215 5451 (ἡ)
2246 5383 2339 5438 Sic
2372 5385 2542 5436 iidem
2579 5400 2720 5438 mss.
2758 5382 2916 5439 libri.
2959 5386 3133 5451 Editi;
3187 5392 3393 5441 tamen.

2137 5456 2205 5525 (ί)
2240 5456 2335 5509 His
2371 5454 3005 5523 postillam.Qesnellus
3027 5457 3212 5512 at'ﬁxit
3239 5475 3251 5512 :
3282 5457 3724 5524 Pelagianorum

2066 5529 2317 5600 reliquiae
2340 5527 2790 5600 Semlpclagiuni,
2824 5545 2889 5600 ac
2923 5529 2968 5581 si
3003 5529 3071 5581 ad
3105 5528 3600 5600 Semipelagianos
3631 5547 3722 5586 se-

2067 5598 2310 5672 quentia
2342 5599 2708 5672 pertineant.
2745 5599 2853 5652 Sed
2893 5600 3015 5652 haec
3045 5598 3305 5672 spectare
3338 5598 3722 5672 ad'quosdam

2067 5668 2328 5744 occultos
2355 5670 2696 5744 Pelagianos
2747 5672 3130 5744 ostendemus
3178 5668 3469 5744 pluribusv
3505 5674 3566 5730 in
3623 5676 3724 5732 ob-

2068 5757 2216 5799 serv.
2252 5741 2324 5798 ad
2356 5740 2587 5799 dissert.
2620 5745 2674 5811 2,
2710 5758 2766 5797 n.
2800 5742 2853 5797 4.

3359 5870 3397 5935 6
