4080 6220
50 4414 77 5037 ἓ

62 5264 80 5455 ἐ

568 278 679 342 m
1546 271 1811 334 OPEBA
1853 270 1919 332 s.
1968 269 2202 332 LEONI
2246 269 2517 331 MAGNO
2559 271 3031 335 ATTRIBU'I‘A.
3833 272 3929 338 ιτα

570 414 684 469 bus
714 411 1039 483 suppetunt
1067 408 1218 463 vires
1248 406 1319 462 de
1349 404 1753 461 incolumitate
1785 407 2007 461 naturae
2029 404 2058 459 ?
2097 404 2224 460 Non
2264 409 2319 476 Α
2348 404 3045 476 quoniamgloriavirtutis
3063 421 3251 463 eorum
3278 402 3925 479 tues(Psal.Lxxxvm,t7).

575 505 771 559 autem
801 500 1019 555 frustra
1062 501 1319 553 Joannes
1364 498 1723 567 protestatur
1769 498 1831 549 et
1877 492 2016 549 dicit
2052 512 2064 550 :
2100 494 2231 551 Ecce

574 590 761 660 Agnus
790 590 916 659 Dei,
939 602 1059 643 ecce
1086 587 1185 657 qui
1211 585 1354 641 tollit
1380 588 1605 656 peccata
1632 584 1832 640 mundi
1847 584 2026 655 (Joan.
2052 600 2090 653 ι,
2111 583 2227 654 29).

572 684 690 736 Nec
719 679 934 735 frustra
964 676 1252 747 scriptum
1285 678 1374 730 est
1398 690 1411 729 :
1437 674 1599 730 Nemo
1625 673 1874 728 mundus
1894 673 2231 743 asorde,nec

576 771 787 841 infans,
804 768 962 834 cuius
986 766 1152 821 unius
1173 763 1289 819 diei
1318 766 1433 819 vita
1450 766 1527 819 est
1546 780 1709 834 super
1738 767 1945 817 terram
1968 763 2226 834 (Job.xiv,

579 859 634 927 4,
656 860 825 930 juxta
854 856 1036 925 LXX),-
1090 861 1149 909 et
1201 870 1213 909 :
1258 854 1388 921 Quis
1416 854 1613 924 poterit
1637 855 1821 923 facere
1850 853 2121 907 mundum
2166 851 2232 906 de

578 944 870 1001 immundo
893 950 1204 1013 conceptum
1235 942 1445 996 semine
1468 942 1493 993 γ
1540 943 1733 996 Nonne
1775 944 1837 994 tu
1881 941 1976 1012 qui
1999 939 2148 993 solus
2176 953 2232 993 es

575 1034 739 1105 (Ibid.
771 1034 930 1103 iuxta
965 1029 1199 1101 γυιων
1219 1033 1463 1099 Propter
1482 1030 1660 1101 quod,
1684 1028 1839 1083 sicut
1858 1043 2015 1082 nunc
2038 1027 2097 1080 in
2122 1026 2231 1082 Ec-

579 1123 760 1179 clesia
773 1125 968 1178 manet
979 1118 1320 1179 constitutio
1333 1116 1649 1173 Salvatoris
1663 1116 1938 1171 dicentis:
1973 1115 2233 1186 Nisiquis

577 1218 805 1272 renatus
826 1214 1001 1285 fuerit
1020 1227 1095 1267 ea:
1117 1228 1259 1282 aqua
1283 1217 1333 1264 et
1347 1210 1564 1280 Spiritu
1583 1216 1903 1275 sancto,non
1928 1207 2158 1261 intrabit
2174 1206 2233 1260 in

578 1323 810 1379 regnum
836 1305 1102 1362 caelorum
1121 1306 1301 1373 (Joan.
1328 1316 1412 1372 III,
1444 1301 1501 1372 5)
1530 1318 1543 1368 ;
1577 1300 1656 1356 ita
1688 1298 2088 1355 sacratissime
2109 1300 2234 1353 erat

574 1395 637 1451 in
657 1396 782 1469 lege
799 1396 1156 1467 praecautum
1183 1395 1248 1447 ut
1262 1394 1436 1445 natus
1449 1389 1732 1461 puer,nisi
1749 1388 1842 1444 die
1862 1387 2235 1443 circumcide-

580 1489 745 1542 retur
771 1487 996 1549 octavo,
1027 1480 1517 1537 exterminarstur
1533 1478 1731 1534 anima
1761 1478 1887 1549 ejus
1915 1477 1987 1532 de
2018 1475 2233 1549 populo

580 1592 688 1632 suo
718 1575 878 1648 (Gen.
911 1588 1051 1639 xvu,
1075 1569 1188 1641 14),
1221 1568 1448 1624 nullum
1477 1568 1540 1623 in
1572 1567 1909 1623 hereditate
1936 1566 2112 1622 Israel
2136 1564 2231 1620 ha-

581 1663 778 1720 bitura
808 1659 1189 1718 consortium.
1215 1659 1351 1726 Quae
1383 1656 1604 1725 omnia,
1626 1659 1685 1711 et
1717 1653 1901 1711 multo
1934 1653 2102 1728 plura
2127 1653 2231 1709 do-

580 1754 878 1818 cumenta,
909 1765 1025 1804 non
1070 1750 1237 1804 tanta
1277 1763 1418 1803 cura
1466 1744 1650 1802 sacris
1698 1743 1931 1818 paginis
1976 1742 2228 1816 Spiritus
2262 1784 2307 1849 Β

580 1844 823 1898 sanctus
866 1836 1268 1905 inseruissset,
1300 1835 1351 1891 si
1399 1834 1534 1891 talis
1566 1837 1724 1891 esset
1762 1836 1971 1889 natura
1998 1832 2058 1887 in
2092 1829 2230 1887 ﬁliis

579 1931 786 1997 Adam,
833 1927 1027 2001 qualis
1074 1926 1134 1981 in
1182 1924 1311 1997 ipso
1351 1928 1441 1980 est
1489 1921 1888 1997 principaliter
1933 1920 2225 1991 instituta,

578 2020 725 2077 27]
762 2018 869 2075 Sed
903 2017 1040 2089 quia
1071 2014 1254 2071 Filius
1306 2013 1402 2070 Dei
1452 2013 1609 2069 venit
1653 2017 1717 2067 ut
1758 2011 2005 2068 solveret
2053 2025 2229 2082 opera

575 2108 793 2167 diaboli
815 2111 1039 2181 ([‘Joan.
1060 2107 1290 2179 m,8),et
1311 2113 1373 2161 ut
1396 2109 1675 2177 quareret
1702 2120 1768 2159 ac
1795 2102 2047 2159 salvaret
2069 2100 2223 2173 quod

575 2198 829 2272 perierat
870 2198 1023 2269 (Luc.
1063 2212 1181 2265 xxx,
1223 2194 1333 2264 10),
1375 2193 1752 2249 manifestum
1790 2196 1879 2248 est
1913 2207 2117 2246 omnes
2165 2188 2225 2244 in

579 2288 767 2344 Adam
800 2282 1168 2342 damnationi
1193 2282 1476 2339 obnoxios
1506 2297 1636 2337 esse
1666 2279 2116 2350 nascendo,nisi
2165 2279 2225 2334 in

576 2376 810 2435 Christo
840 2374 1069 2430 liberati
1090 2372 1310 2427 fuerint
1330 2369 1887 2427 renascendo.Unde
1917 2367 2228 2440 vigilanter

580 2466 751 2521 nobis
767 2463 1261 2520 considerandum
1287 2464 1377 2515 ost
1399 2461 1455 2515 in
1482 2462 1604 2532 ipso
1625 2457 2081 2531 regenerationis
2102 2474 2230 2512 mu-

580 2570 717 2611 nere
741 2554 882 2625 quid
908 2557 1165 2625 geratur.
1190 2549 1467 2614 Quamvis
1489 2548 1645 2605 enim
1670 2550 1741 2604 ad
1767 2565 1949 2603 unum
1976 2562 2224 2603 concur-

577 2647 710 2701 rant
730 2659 935 2699 omnes
954 2642 1219 2713 ejusdem
1238 2639 1499 2711 mysterii
1524 2636 2004 2711 portiones,a1iud
2026 2640 2223 2691 tamen

575 2737 665 2790 est
684 2733 840 2805 quod
872 2730 1182 2788 visibiliter
1223 2728 1440 2800 agitur,
1467 2728 1628 2784 aliud
1665 2727 1820 2798 quod
1856 2724 2227 2781 invisibiliter

575 2821 936 2889 celebratur;
961 2836 1065 2875 nec
1106 2818 1262 2873 idem
1312 2816 1371 2871 in
1406 2820 1771 2872 sacramento
1825 2815 2033 2879 forma,
2066 2815 2221 2884 quod

569 2911 777 2981 virtus,
836 2924 971 2965 cum
1023 2909 1211 2963 forma
1267 2905 1352 2977 (a)
1402 2905 1644 2961 humani
1689 2900 2003 2960 ministerii
2052 2902 2221 2958 adhi-

570 2998 780 3055 beatur
799 2995 1293 3068 obsequio,virtus
1316 2998 1511 3050 autem
1536 3009 1638 3066 per
1655 2994 1837 3050 divini
1859 2995 2054 3066 operis
2076 3008 2218 3065 pra:-

477 3086 481 3093 ’
571 3090 757 3144 stetur
772 3086 1041 3143 effectum
1068 3101 1083 3153 ;
1117 3084 1189 3139 ad
1211 3083 1381 3153 cujus
1405 3081 1603 3154 utique
1625 3083 1942 3155 potentiam
1967 3084 2218 3139 referen-

2348 493 2456 559 Oui
2489 499 2544 550 et
2574 494 2712 551 alibi
2731 494 2997 568 piissime
3017 496 3327 552 conﬁtetur
3345 494 3647 551 Dominum
3668 494 3725 549 in
3743 496 3929 553 sanctis

2338 581 2461 639 suis
2480 598 2609 640 esse
2629 584 3013 654 laudandum,
3037 586 3238 642 dicens
3263 602 3276 641 :
3302 585 3565 642 Hirabilis
3586 584 3715 640 Deus
3728 587 3779 640 in
3799 601 3929 641 sanc-

2337 673 2409 727 tis
2427 675 2544 728 suis
2567 690 2586 728 :
2608 675 2749 730 Deus
2772 675 2947 731 Israel
2968 677 3082 748 ipse
3107 676 3259 731 dabit
3288 678 3544 737 virtutem
3573 677 3623 729 et
3663 674 3926 747 fortitudi-

2336 777 2461 817 nem
2485 764 2635 833 plebi
2651 781 2770 823 suae
2791 767 2956 836 (Psal.
2980 783 3147 834 vau,
3187 766 3299 838 36).
3333 764 3406 839 (ε)
3428 764 3569 820 Huic
3597 764 3759 820 etiam
3794 764 3929 821 Jers-

2338 850 2551 907 remias
2581 856 2894 911 concordat
2930 860 2987 927 et
3006 855 3185 912 dicit:
3219 860 3351 911 Haec
3379 855 3514 911 dicit
3544 853 3933 911 Dominus:Non

2336 940 2612 1011 glorietur
2626 946 2843 1016 sapiens
2864 947 2922 1000 in
2943 947 3220 1017 sapientia
3238 961 3368 1012 sua,
3387 947 3437 1000 et
3454 961 3566 1000 non
3585 944 3831 1015 glorietur
3845 944 3936 1013 for-

2338 1031 2407 1085 tis
2436 1031 2495 1084 in
2512 1031 2845 1099 fortitudine
2865 1051 2988 1101 sua,
3008 1040 3059 1091 et
3082 1050 3192 1091 non
3220 1035 3492 1107 glorietur
3510 1033 3650 1088 dives
3677 1034 3735 1087 in
3760 1031 3937 1086 divitiis

2338 1120 2453 1173 suis
2470 1136 2491 1181 ,·
2521 1120 2616 1175 sed
2645 1124 2705 1177 in
2730 1128 2829 1179 hoc
2854 1125 3123 1195 glorietur
3152 1125 3249 1195 qui
3274 1124 3566 1195 gloriatur,
3596 1121 3880 1191 intelligere
3895 1128 3940 1175 et

2338 1207 2479 1261 seire
2505 1210 2637 1277 quia
2664 1226 2763 1279 ego
2789 1226 2913 1265 sum
2942 1212 3208 1267 Dominus
3237 1212 3457 1283 (Jerem.
3481 1226 3557 1275 Ix,
3588 1208 3675 1275 23,
3704 1207 3807 1279 24).
3836 1206 3942 1278 Ipse

2338 1311 2471 1351 vero
2503 1296 2837 1355 intellectus
2866 1304 2924 1355 et
2951 1299 3199 1357 scientia
3245 1300 3403 1355 unde
3453 1298 3788 1366 habeantur,
3823 1310 3940 1366 pan-

2340 1384 2489 1440 dunt
2508 1388 2818 1443 Proverbia
2837 1388 3256 1459 Salomonis,et
3279 1390 3483 1444 dicunt
3505 1404 3518 1442 :
3538 1387 3796 1456 Quoniam
3816 1383 3942 1441 212

2344 1474 2603 1531 Dominus
2631 1476 2723 1532 dat
2750 1480 3104 1550 sapientiam,
3128 1488 3179 1535 et
3208 1496 3240 1534 a
3270 1479 3417 1550 faeie
3444 1478 3559 1549 ejus
3586 1476 3803 1532 scientia
3820 1481 3862 1529 et
3877 1474 3947 1527 in-

2341 1562 2589 1621 tellectus
2610 1566 2791 1638 (Prov.
2815 1584 2894 1635 xi,
2907 1568 2983 1640 6).
3001 1568 3078 1640 (ά)
3099 1568 3170 1624 Et
3186 1568 3243 1623 in
3268 1566 3611 1624 Ecclesiaste
3629 1563 3771 1619 libro
3788 1561 3947 1633 ipsius

2340 1652 2592 1725 legimus
2622 1656 2776 1727 quod
2808 1660 2865 1713 et
2893 1658 3157 1713 corda‘et
3186 1674 3363 1730 opera
3383 1658 3679 1730 justorum
3707 1651 3765 1709 in
3794 1665 3946 1707 manu

2342 1741 2442 1798 Dei
2473 1743 2615 1811 sint,
2647 1748 2704 1800 et
2731 1750 2960 1801 tantum
2998 1746 3055 1802 in
3086 1747 3303 1804 studiis
3323 1746 3453 1803 suis
3474 1743 3949 1818 proﬁciant,quan-

2336 1835 2463 1887 tum
2493 1849 2593 1889 eos
2619 1832 2716 1889 ille
2754 1835 3100 1906 provexerit.
3133 1836 3628 1906 Qantumcumque,
3656 1829 3851 1902 inquit,
3877 1829 3949 1883 la-

2339 1920 2609 1978 boraverit
2636 1922 2793 1979 homo
2822 1928 2882 1979 ut
2910 1930 3131 1996 quaerat
3159 1941 3274 1980 non
3305 1925 3566 1981 inveniet.
3593 1922 3655 1977 Et
3683 1918 3949 1993 quodcum-

2334 2026 2438 2082 que
2456 2011 2526 2084 (e)
2547 2012 2752 2069 dixerit
2767 2016 2991 2086 sapiens
3011 2023 3073 2072 ut
3094 2017 3366 2086 sciat,non
3382 2019 3560 2088 potest
3587 2006 3952 2080 invenire,quia

2335 2101 2655 2157 universum
2677 2102 2775 2159 hoc
2789 2104 2927 2160 vidit
2945 2121 3040 2161 eor
3059 2106 3403 2177 meum,qnia
3423 2103 3559 2173 iusti
3576 2108 3628 2158 et
3643 2101 3952 2171 sapientes,“

2335 2194 2675 2262 operationes
2702 2209 2893 2251 eorum
2923 2196 2983 2250 in
3012 2211 3185 2251 manu
3213 2196 3314 2250 Dei
3340 2194 3541 2266 (Eccle.
3589 2207 3707 2259 vm,
3731 2188 3793 2245 Π
3828 2205 3842 2256 ;
3883 2200 3949 2255 ιι,

2338 2280 2411 2351 1).
2443 2280 2577 2337 Tale
2606 2286 2695 2337 est
2722 2284 2879 2354 quod
2904 2283 3221 2356 Apostolus
3251 2283 3556 2356 praedicat,
3590 2279 3781 2336 dicens
3808 2288 3954 2332 omne

2336 2369 2580 2425 verbum
2637 2371 2857 2427 bonum
2915 2376 2974 2427 et
2997 2389 3172 2429 omne
3193 2389 3342 2446 opus
3367 2375 3644 2427 sanctum
3675 2367 3739 2439 (Ι)
3763 2366 3953 2421 donum

2334 2474 2462 2515 esse
2493 2459 2751 2531 Spiritus
2799 2463 3010 2529 sancti,
3060 2462 3187 2518 sine
3218 2478 3334 2534 quo
3376 2459 3530 2517 nihil
3580 2461 3729 2514 recte
3757 2457 3953 2527 agatur.

2339 2547 2487 2614 Ideo,
2520 2548 2730 2621 inquit,
2784 2559 2978 2606 notum
3009 2552 3156 2607 vobis
3189 2553 3347 2622 facio
3377 2549 3524 2623 quod
3552 2562 3711 2604 nemo
3739 2545 3796 2600 in
3821 2540 3959 2613 spiri-

2334 2638 2390 2691 in
2428 2639 2534 2693 Dei
2562 2639 2785 2711 loquens
2811 2639 2942 2695 dicit
2989 2641 3286 2696 anathema
3335 2641 3490 2711 Iesu,
3529 2647 3583 2694 et
3630 2650 3783 2692 nemo
3809 2630 3959 2704 potest

2332 2725 2803 2793 dicere,Dominus
2821 2730 3113 2797 Jesus,nisi
3134 2732 3194 2786 in
3215 2729 3444 2802 Spiritu
3465 2734 3673 2783 sancto.
3698 2720 3965 2780 Division:

2333 2831 2455 2871 vero
2474 2825 2604 2873 sunt
2642 2820 3127 2887 gratiarum,idem
3145 2828 3331 2875 autem
3341 2818 3622 2890 Spiritus;
3643 2810 3966 2872 etdivisiones

2334 2905 2811 2962 ministrationum
2830 2907 3133 2979 sunt,idem
3153 2911 3336 2964 autem
3358 2908 3667 2968 Dominus;
3688 2906 3739 2959 et
3757 2898 3962 2957 divisio-

2330 3008 2426 3047 nes
2465 2996 2844 3063 operationum
2869 3000 3021 3063 sunt,
3053 2996 3199 3053 idem
3237 3013 3360 3054 vero
3394 2997 3552 3053 Deus
3595 2994 3696 3069 qui
3734 2994 3963 3063 operatur

2326 3082 2513 3137 omnia
2541 3083 2602 3137 in
2621 3084 2892 3140 omnibus.
2923 3085 3224 3157 Unicuique
3249 3094 3443 3142 antem
3470 3086 3643 3141 datur
3662 3077 3962 3153 manifesta-

573 3176 714 3231 dum
735 3178 827 3232 est
849 3173 1005 3247 quod
1029 3173 1170 3228 dum
1193 3170 1367 3227 homo
1384 3171 1636 3227 exterior
1658 3170 1937 3242 abluitur,
1954 3175 2220 3228 mutatur
2250 3157 2291 3224 C
2324 3171 2404 3225 tio
2424 3170 2662 3243 Spiritus
2680 3171 2749 3227 ad
2771 3173 3220 3231 utilitatem.Atii
3236 3174 3467 3246 quidem
3486 3189 3589 3245 per
3607 3170 3871 3239 Spiritum
3886 3163 3965 3220 da-

570 3263 851 3332 interior;
884 3266 942 3318 et
991 3261 1057 3317 ﬁt
1098 3277 1245 3317 nova
1282 3263 1551 3315 creatura
1580 3260 1650 3315 de
1691 3261 1889 3327 veteri,
1934 3277 2073 3317 vasa
2122 3261 2219 3314 iraa

573 3353 634 3408 in
688 3369 831 3410 vasa
869 3348 1282 3409 misericordia;
1322 3349 1781 3420 transferuntur,
1807 3353 1864 3405 et
1911 3350 1970 3404 in
2005 3364 2220 3420 corpus

571 3441 789 3499 Christi
819 3440 1173 3498 convertitur
1216 3455 1349 3495 caro
1382 3439 1645 3510 peccati:
1685 3439 1757 3494 de
1802 3438 2003 3511 impiis
2048 3436 2218 3509 justi,

573 3532 646 3589 de
685 3531 931 3604 captivis
981 3530 1172 3595 liberi,
1223 3529 1294 3584 de
1338 3527 1475 3582 ﬁliis
1543 3526 1848 3583 hominum
1910 3528 2059 3582 fiunt
2116 3524 2220 3580 filii

579 3620 704 3687 Dei,
726 3622 825 3693 qui
852 3610 970 3676 non~
992 3635 1062 3675 ex
1087 3616 1475 3686 sanguinibus,
1496 3631 1670 3688 neque
1689 3632 1759 3671 ex
1788 3616 2070 3671 voluntate
2088 3616 2219 3685 viri,

578 3725 751 3781 neque
769 3726 843 3765 ea:
861 3709 1138 3765 voluntate
1158 3708 1345 3762 carnis
1358 3722 1378 3767 ;
1399 3705 1493 3761 sed
1513 3721 1583 3760 ex
1604 3706 1707 3761 Deo
1735 3706 1858 3759 nati
1892 3712 2022 3760 sunt
2040 3704 2218 3776 (Joan.

579 3814 618 3867 ι,
645 3798 758 3869 63).
794 3796 952 3862 Quod
995 3795 1134 3867 quia
1163 3794 1563 3851 indubitanter
1592 3793 1949 3866 accepimus,
1980 3791 2221 3849 verissi-

577 3902 741 3943 mum
766 3889 858 3942 est
877 3885 1030 3957 quod
1064 3884 1375 3956 Apostolus
1405 3886 1592 3951 docet,
1619 3882 1818 3939 dicens
1844 3901 1857 3939 :
1884 3884 2221 3953 Quicumque

574 3976 722 4033 enim
751 3975 957 4048 spiritu
987 3974 1084 4029 Dei
1109 3976 1371 4043 aguntur,
1400 3976 1442 4029 ii
1469 3974 1579 4043 ﬁlii
1606 3977 1739 4028 sunt
1760 3972 1857 4028 Dei
1880 3973 2061 4044 (Rom.
2093 3988 2217 4041 vm,

575 4066 685 4138 14).
710 4063 873 4121 Unde
902 4062 1136 4121 videant
1163 4064 1333 4134 cujus
1378 4079 1441 4119 se
1471 4059 1673 4118 haberi
1710 4060 1863 4117 ﬁlios
1890 4060 2093 4129 velint,
2118 4060 2239 4132 qui

575 4151 910 4210 deﬁnisrint
941 4166 1147 4207 omnes
1179 4151 1445 4208 homines
1478 4149 1779 4208 voluntate
1818 4150 2052 4223 propria
2073 4149 2217 4222 regi,

575 4256 711 4297 cum
735 4240 891 4297 idem
913 4237 1221 4312 Apostolus
1243 4244 1598 4311 protestetur
1627 4244 1683 4295 et
1712 4238 1866 4294 dicat
1890 4255 1902 4293 ι
1929 4240 2035 4307 Qui
2048 4240 2217 4311 spiri-

572 4333 693 4387 tum
715 4328 922 4384 Christi
946 4343 1054 4384 non
1082 4328 1246 4383 habet
1273 4326 1361 4383 hic
1387 4344 1495 4384 non
1522 4338 1601 4384 est
1627 4329 1745 4399 ejus
1777 4327 1953 4398 (Rom.
1987 4344 2108 4393 vm,
2139 4328 2216 4399 9).

644 4422 779 4474 CAP.
811 4417 931 4473 XII.
956 4416 1015 4471 In
1035 4414 1155 4472 solo
1176 4416 1281 4472 Deo
1300 4433 1413 4472 esse
1431 4418 1806 4488 gloriandum,
1829 4433 1861 4472 a
1902 4432 2005 4489 quo
2043 4417 2220 4471 omnis

570 4507 959 4580 virtus,gloria
981 4514 1037 4562 et
1059 4506 1329 4577 sapientia
1352 4506 1800 4561 est—Refutata
1819 4505 2000 4577 igitur
2019 4520 2217 4577 super-
2247 4528 2297 4594 Β

572 4599 782 4654 borum
804 4595 988 4669 impia
1006 4594 1505 4666 vanitate,quihus
1523 4595 1578 4649 in
1600 4598 1902 4667 peccatum
1918 4594 2095 4649 etiam
2116 4592 2220 4648 illa

569 4703 698 4758 quas
728 4686 788 4741 in
818 4685 902 4741 eis
925 4684 1195 4741 videntur
1219 4682 1515 4739 laudanda
1556 4688 1879 4749 vertuntur,
1912 4700 2019 4738 nos
2055 4682 2215 4737 illam

573 4774 962 4830 humilitatem
980 4774 1054 4845 (b)
1067 4773 1158 4829 cui
1176 4772 1359 4828 virtus
1372 4778 1428 4828 et
1444 4772 1627 4845 gloria
1643 4777 1791 4828 Deus
1809 4771 2215 4844 esteligamus,

572 4862 819 4919 scientes
852 4861 1198 4933 prophetam
1222 4861 1399 4916 David
1424 4861 1704 4916 cecinisse
1731 4862 1801 4917 de
1832 4860 2054 4917 sanctis
2078 4877 2091 4915 :
2114 4861 2217 4916 Do-

569 4950 743 5016 mine,
777 4951 836 5005 in
868 4950 1078 5004 lumine
1106 4950 1290 5005 vultus
1321 4952 1405 5005 tui
1431 4950 1814 5019 ambulabunt,
1838 4951 1969 5004 etin
1998 4951 2221 5004 nomine

567 5043 661 5097 tuo
680 5040 1010 5096 exultabunt
1029 5042 1139 5095 tota
1154 5038 1325 5105 die,et
1345 5040 1406 5094 in
1421 5047 1518 5094 tua
1539 5040 1760 5108 iustitia
1782 5038 2179 5094 exaltabuntur
2197 5055 2216 5092 .-

642 5256 719 5328 (α)
756 5253 905 5328 Editi
936 5269 1071 5328 cum
1110 5268 1225 5307 uno
1255 5261 1455 5328 nostro
1486 5255 1613 5328 cod.
1649 5254 1770 5328 vat.
1821 5252 2046 5307 addunt
2072 5268 2213 5310 cum.

566 5325 775 5385 Melius
807 5325 1133 5383 delevimus
1165 5326 1507 5379 auctoritate
1539 5325 1781 5380 alterius
1813 5339 1925 5379 ms.

638 5399 715 5472 (b)
746 5404 833 5472 Ita
849 5401 1061 5465 Queen.
1084 5401 1140 5451 et
1161 5395 1727 5472 novissimuseditor
1748 5393 2214 5472 Prosperi.Vul_g.

570 5467 890 5526 anteriores
912 5485 1043 5524 cum
1069 5467 1372 5524 recentiori
1398 5484 1508 5522 ms.
1530 5468 1679 5536 Vat.,
1711 5471 1804 5523 cui
1822 5469 1998 5523 virtus
2019 5471 2070 5522 et
2102 5467 2214 5535 glo-

569 5543 659 5595 ria
688 5543 780 5596 Dei
808 5548 908 5598 est.
942 5539 1104 5596 Alius
1136 5540 1262 5593 cod.
1291 5539 1440 5605 Vat.,
1472 5541 1563 5593 rui
1590 5542 1763 5596 virtus
1792 5548 1869 5595 est
1896 5540 2074 5608 gloria
2099 5539 2213 5594 Dei.

642 5614 909 5694 (g)Editi,
945 5614 1080 5668 Hinc
1108 5614 1292 5667 etiam.
1344 5610 1682 5669 Nostrorum
1732 5614 1999 5669 codicum
2045 5610 2216 5669 lectio

526 5715 530 5719 -
567 5683 793 5744 melior.

2329 3268 2422 3315 tar
2444 3276 2621 3316 sermo
2650 3263 2969 3333 sapientiae.
2989 3264 3099 3319 alii
3117 3273 3305 3320 autem
3322 3279 3517 3320 sermo
3535 3261 3776 3318 scientiae
3801 3269 3965 3312 secun-

2328 3347 2459 3403 dum
2483 3354 2731 3405 eumdem
2751 3350 3045 3422 Spiritum,
3083 3353 3251 3409 alteri
3268 3351 3402 3423 ﬁdes
3426 3355 3492 3408 in
3522 3351 3708 3409 eodem
3736 3344 3966 3420 Spiritu;

2328 3437 2403 3508 (g)
2433 3437 2541 3492 alii
2566 3441 2809 3510 operatio
2838 3442 3129 3511 virtutum,
3160 3443 3265 3496 alii
3303 3442 3632 3514 prophetia,
3663 3439 3769 3494 alii
3787 3437 3967 3491 discre-

2328 3527 2404 3581 tio
2422 3525 2865 3597 Spirituum,alii
2879 3545 3081 3599 genera
3106 3531 3432 3603 linguarum
3443 3531 3575 3599 ,alii
3602 3521 3968 3600 interpretatio

2326 3630 2669 3671 sermonum.
2720 3617 2843 3672 Haec
2868 3627 3059 3674 autem
3100 3621 3289 3675 omuia
3341 3625 3617 3691 operatur
3656 3632 3801 3675 unus
3826 3616 3973 3683 atque

2330 3704 2473 3759 idem
2493 3703 3015 3775 Spiritus,dividens
3031 3709 3270 3779 singulis
3287 3712 3454 3781 prout
3477 3709 3657 3781 vult(l
3680 3699 3972 3772 Cor.xu,3).

2399 3792 2533 3848 CAP.
2566 3793 2709 3849 XIII.
2742 3794 2877 3852 Sine
2906 3797 3113 3854 Christi
3140 3798 3423 3871 opereulis
3474 3801 3534 3855 in
3585 3797 3747 3854 nobis
3774 3789 3975 3849 auxilio

2328 3882 2475 3936 nihil
2505 3882 2632 3939 boni
2658 3899 2755 3939 nos
2783 3900 2983 3955 agere;
3038 3902 3139 3942 nec
3166 3888 3251 3942 ita
3293 3889 3520 3959 auferri
3549 3889 3793 3943 liberum
3836 3878 3974 3936 arbi-

2330 3971 2520 4041 trium,
2566 3971 2658 4027 sed
2699 3974 2909 4041 iuvari.
2957 4005 3027 4015 ——
3056 3975 3208 4032 Sunt
3255 3980 3312 4032 et
3361 3976 3482 4034 alia
3526 3967 3980 4033 innumerabilia

2327 4059 2667 4117 testimonia
2697 4077 2823 4133 quas
2851 4079 2917 4119 ex
2944 4064 3178 4136 paginis
3204 4069 3262 4121 et
3290 4065 3421 4122 novi
3453 4071 3511 4123 et
3546 4064 3766 4123 veteris
3794 4062 3973 4117 Testa-

2330 4148 2511 4204 menti
2569 4151 2823 4221 quadam
2879 4152 3345 4209 conclamatione
3413 4156 3788 4212 conﬁrment
3843 4152 3979 4207 hanc

2327 4253 2457 4293 esse
2472 4254 2618 4294 veris
2642 4239 2997 4297 humilitatis
3017 4241 3586 4300 excellentissimam
3612 4243 3976 4318 dignitatem,

2329 4330 2395 4382 ut
2425 4328 2625 4383 omnia
2654 4345 2778 4399 quas
2801 4328 3098 4386 hominem
3123 4330 3345 4387 faciunt
3364 4332 3777 4391 christianum
3809 4330 3878 4388 ad
3901 4326 3984 4385 di-

2327 4415 2471 4471 vinae
2503 4416 2702 4490 gratiis
2732 4418 2950 4474 donum
2982 4421 3330 4476 referantur.
3372 4422 3486 4479 Sed
3520 4427 3763 4481 tantam
3796 4417 3984 4479 multi-

2327 4506 2592 4562 tudinem
2623 4508 3053 4565 sententiarum
3083 4509 3140 4564 in
3155 4526 3342 4566 unum
3365 4527 3699 4585 congerere
3720 4506 3991 4569 immodi-

2328 4610 2461 4649 cum
2518 4595 2645 4666 fuit,
2695 4597 3019 4668 prtssertim
3077 4615 3210 4654 cum
3253 4598 3401 4655 mihi
3466 4618 3678 4659 sermo
3726 4606 3882 4658 esset
3922 4596 3986 4652 ad

2326 4683 2775 4741 sanctimoniam
2793 4687 3076 4759 tuam,cui
3095 4705 3165 4744 ex
3181 4687 3435 4745 formula
3449 4704 3672 4747 eorum
3694 4705 3829 4763 qum
3849 4702 3994 4743 com-

2329 4774 2786 4831 memoravimus
2805 4776 3004 4832 omnia
3033 4793 3097 4833 se
3126 4782 3228 4833 aut
3246 4778 3586 4835 recordanti
3611 4780 3869 4836 offerent
3896 4777 3994 4830 aut

2326 4861 2562 4934 legenti,
2594 4864 2729 4921 licet
2758 4868 3020 4937 quasdam
3051 4872 3228 4924 etiam
3275 4868 3642 4928 brevissima
3673 4874 3856 4927 tanta:
3884 4865 4000 4922 sint

2327 4951 2733 5023 plenitudinis,
2765 4959 3061 5028 tantaeque
3089 4958 3342 5026 virtutis,
3376 4963 3438 5014 ut
3470 4960 3647 5017 nullo
3680 4962 3998 5016 adversan-

2326 5039 2401 5095 tis
2431 5040 2666 5114 ingenio
2705 5044 2936 5116 possint
2985 5046 3045 5101 in
3093 5061 3335 5103 sensum
3381 5046 3571 5105 alium
3629 5040 3996 5120 detorqueri.

2363 5259 2474 5343 _(d)
2508 5260 2703 5343 V_u_lg.,
2738 5263 2887 5319 Unde
2911 5263 3368 5343 infoelesiastz;
3388 5265 3552 5332 libro,
3588 5265 3690 5322 vel
3721 5267 3789 5322 in
3818 5261 4003 5321 Eccle-

2326 5333 3109 5408 siaste._Iftostroscod,Vat.
3144 5336 3535 5408 prmtulimus.

2397 5402 2469 5543 (ei)
2498 5403 2677 5486 [idem
2710 5406 2901 5474 codd.,
2934 5402 3221 5464 dilexerit.

2414 5482 2440 5543 Ῑ
2482 5472 2627 5529 Cum
2645 5491 2704 5530 in
2726 5477 3118 5535 anterioribus
3140 5479 3221 5535 edi

2414 5472 2469 5543 Γ)
2482 5472 2559 5528 Cu
2573 5475 2704 5530 min
2726 5472 3118 5535 anterioribus
3140 5478 3312 5536 editis
3329 5479 3661 5538 haberetur
3677 5479 3893 5536 donum
3908 5477 4007 5545 est,

2326 5544 2692 5624 Quosnellus,
2713 5551 2935 5606 omissa
2962 5566 3099 5624 voce
3126 5550 3353 5619 donum,
3380 5569 3449 5624 ex
3476 5558 3557 5624 est
3589 5551 3853 5624 scripsit
3869 5544 4007 5605 esse.

2324 5613 2714 5705 Νεὶεξτέροςίίὲ-
2738 5635 2933 5679 veram
2966 5613 3373 5705 miserandus.
3390 5613 3746 5705 ,ιρριίορθαί
3768 5622 4007 5705 dedere

2396 5686 2469 5763 (g)
2493 5689 2589 5749 Sic
2615 5691 2795 5754 iidem
2825 5711 2971 5755 mss.
3000 5686 3137 5754 libri
3164 5686 3297 5757 Vat‘.
3327 5697 3502 5772 Editi,
3530 5695 3745 5759 alteri.
3920 5690 3936 5705 ’
