4036 6200
215 164 314 225 265

211 295 263 349 in
306 295 511 366 primis
561 296 759 353 Carosi
808 296 1199 369 Dorotheique
1248 299 1841 355 archimandritarum

210 368 350 443 511)
381 373 572 443 empta
602 375 693 425 est
723 368 927 441 agitari
949 368 1144 426 causa.
1173 371 1238 425 Hi
1270 371 1643 443 Eutycbianaa
1674 376 1840 425 sectae

208 439 411 493 addicti
442 457 582 495 eran
592 446 630 496 t.

267 509 341 565 De
373 510 469 565 his
501 512 651 567 actio
675 518 876 567 secuta
907 516 994 567 est
1011 529 1113 566 xm
1129 512 1361 569 kalend.
1392 512 1695 577 Novemb,
1715 529 1841 583 quae

204 587 402 655 quarte
434 584 768 655 subjicitur,
784 584 890 638 etsi
922 586 1129 655 quinta
1146 602 1257 639 non
1282 584 1843 640 nominetur.Causa

201 653 535 727 continuata
546 653 1163 727 archimandritarum,
1178 656 1277 726 qui
1297 656 1838 727 l'avebantEutychi.

198 724 489 797 Barsumis
522 731 579 781 et
611 726 1003 797 aliis(a)dataa
1023 724 1212 781 trium
1233 728 1458 783 dierum
1490 724 1756 795 induciis,
1780 732 1843 781 ut

195 795 296 851 hoc
311 799 505 868 spatio
519 798 758 853 sibimet
770 795 1141 853 censulerent
1153 804 1209 854 et
1220 799 1288 853 ad
1304 800 1540 854 saniora
1564 799 1837 854 redirent.

194 868 463 942 Monachi
494 870 744 940 superbe
776 869 1170 942 conditionem
1203 871 1409 942 synodi
1436 870 1765 942 repudiant.

258 940 472 1013 secuta
502 942 897 1013 controversia
944 941 1137 997 Photii
1181 940 1438 1013 episcopi
1469 940 1603 1013 Tyri
1636 946 1691 995 et
1721 942 1837 995 Eu-

189 1012 397 1094 stathii
421 1013 681 1094 episcopi
716 1012 943 1094 Beryti;
996 1014 1066 1094 de
1100 1012 1397 1094 provincia
1423 1012 1839 1094 controversia

185 1093 322 1154 erat.
355 1084 704 1139 Eustathius
728 1083 842 1139 sibi
870 1084 929 1139 in
956 1083 1203 1154 primam
1238 1085 1593 1140 Phrsniciam
1619 1087 1721 1154 jus
1748 1089 1839 1138 at-

186 1152 475 1210 tribuerat
504 1173 575 1211 ex
604 1155 819 1228 litteris
852 1152 999 1226 quas
1052 1157 1444 1228 pragmaticas
1475 1152 1701 1212 vocant.
1736 1155 1836 1210 Di-

184 1231 410 1299 rempta
432 1226 660 1299 judicio
689 1228 896 1299 synodi
921 1226 1100 1283 causa
1123 1243 1136 1282 :
1161 1226 1457 1283 redditum
1483 1228 1584 1297 jus
1617 1231 1838 1282 metro-

185 1296 426 1367 politani
454 1298 681 1364 Photio,
702 1296 817 1369 quo
838 1304 1047 1354 exutus
1068 1300 1413 1355 Eustathius
1437 1296 1547 1365 est,
1566 1304 1836 1354 cantum-

188 1384 296 1438 que
328 1386 401 1424 ne
430 1369 578 1425 alias
609 1372 756 1425 ratio
806 1371 1300 1439 pragmaticorum
1340 1375 1513 1426 esset.
1550 1371 1834 1437 Quoniam

190 1447 390 1495 contra
418 1458 673 1497 canones
702 1447 872 1497 erant
903 1443 977 1512 (b)
1007 1458 1020 1497 :
1059 1443 1322 1499 Universa
1356 1444 1696 1512 pragmatica
1723 1458 1835 1497 ces-

193 1512 382 1566 sabunt
402 1530 423 1573 ;
448 1529 681 1568 canones
712 1522 930 1568 teneant
948 1530 968 1573 .·
998 1515 1078 1567 sic
1091 1530 1243 1569 enim
1271 1518 1325 1568 et
1352 1515 1486 1585 ﬁdes
1507 1514 1831 1579 custoditur,

194 1592 240 1638 et
267 1599 611 1655 unaquaeque
640 1586 892 1640 Ecclesia
922 1589 1101 1639 tutum
1128 1594 1332 1641 statum
1363 1585 1601 1641 habebit.

882 1682 1032 1735 Actio
1068 1682 1123 1737 ν.

259 1768 345 1823 ΙΧ.
377 1770 594 1834 Quinta
623 1770 849 1825 actione
871 1786 928 1825 ix
958 1770 1190 1824 kalend.
1214 1769 1489 1825 Novemb.
1517 1769 1650 1825 Fuit
1680 1768 1831 1825 lecta

203 1841 522 1896 constitutio
554 1858 654 1913 seu
674 1842 821 1896 fides
851 1841 1077 1913 synodi.
1099 1842 1296 1913 Legati
1320 1842 1476 1897 sedis
1498 1840 1828 1913 apostolicae

206 1913 492 1995 sontes-tati
526 1912 715 1967 multa
756 1912 957 1995 deesse
998 1914 1074 1995 ad.
1103 1912 1828 1995 prOﬂigandam’hafresim

208 1984 628 2055 Eutychianam,
665 1985 850 2039 multa
879 1984 1110 2039 disertis
1152 1984 1339 2040 verbis
1374 2001 1486 2040 non
1518 1984 1826 2055 explicata.

212 2054 516 2127 lies’delata
564 2056 635 2110 ad
682 2058 1012 2127 Augustum
1049 2073 1061 2109 :
1095 2056 1324 2112 censuit
1371 2061 1431 2111 ut
1481 2072 1549 2111 ex
1592 2054 1830 2127 dimcesi

214 2125 437 2181 Orientis
469 2144 571 2182 sex
602 2125 859 2198 episcopi
890 2127 1296 2198 seligerentur,
1328 2144 1396 2183 ex
1427 2126 1687 2197 qualibet
1717 2126 1832 2183 alia

215 2202 334 2272 tres,
362 2200 502 2272 511
547 2199 647 2270 qui
665 2215 799 2253 cum
819 2199 1082 2272 Anatolio
1100 2199 1376 2272 etlegatis
1398 2200 1470 2272 de
1490 2199 1832 2255 definitione

219 2271 489 2324 scribenda
509 2269 863 2337 statuerent;
890 2269 977 2325 vel
994 2286 1198 2325 omnes
1219 2269 1476 2342 episcopi
1496 2286 1595 2342 per
1618 2278 1831 2326 metro-

219 2343 514 2421 politanum
541 2342 850 2413 provincias
868 2342 1216 2397 sententiam
1238 2342 1497 2398 dicerent
1522 2360 1534 2408 ;
1570 2342 1830 2396 minatus

216 2418 373 2485 ituros
400 2413 455 2468 in
496 2414 872 2469 Occidentem
922 2414 993 2469 ad
1045 2414 1356 2485 synodum,
1390 2414 1435 2468 si
1472 2414 1819 2468 abnuerent.

215 2482 629 2558 Priorconditio
659 2485 914 2557 placuit;
949 2459 1292 2541 constitutio
1316 2459 1549 2558 p’eracta
1570 2490 1827 2558 recepta-

212 2572 323 2625 que,
352 2556 405 2610 in
438 2573 556 2629 qua
586 2556 918 2628 symbolum
950 2557 1249 2629 Nicaanum
1294 2556 1829 2629 Constantinopoli-

210 2627 501 2701 tanumque
532 2627 667 2685 cum
700 2628 996 2701 synodicis
1016 2627 1228 2701 litteris
1258 2629 1443 2684 sancti
1473 2628 1670 2701 Cyrilli
1691 2627 1829 2683 oon-

210 2697 539 2772 tiuebantur.
588 2704 657 2753 Et
704 2697 984 2755 adversus
1016 2697 1828 2772 pravitatem_Eutychianam

211 2771 494 2840 predicata
525 2773 713 2827 sancti
742 2772 948 2829 Leonis
969 2770 1216 2843 epistola
1245 2773 1314 2826 ad
1340 2770 1696 2833 Flavianum,
1723 2770 1829 2825 ad—

206 2844 517 2915 jectumque
548 2858 680 2899 eam
714 2848 896 2899 totam
926 2845 1334 2915 integramque
1359 2844 1623 2899 admitti:
1649 2844 1831 2913 Utpote

206 2923 251 2966 et
297 2917 478 2985 magni
524 2916 683 2970 illius
742 2917 901 2971 Petri
946 2916 1285 2985 confessioni
1329 2923 1734 2985 congruentem,
1778 2921 1833 2967 et

544 2986 838 3057 quamdam
858 2988 1169 3043 columnam
1189 2987 1542 3042 exsistentem
1569 2986 1833 3057 adversus

207 3073 428 3125 perverse
454 3043 767 3127 sentientes,
798 3058 871 3114 ad
892 3059 1363 3129 conﬁrmationem
1394 3064 1667 3114 rectorum
1695 3056 1828 3125 dog-
1860 3043 1902 3108 C

210 3134 397 3185 mutum
423 3138 793 3200 congruenter
820 3134 1048 3202 aptavit.

260 3331 355 3371 vm
383 3317 618 3373 kalend.
652 3229 1293 3373 Novemgftlifartlsianus
1314 3316 1383 3388 (ε)
1414 3331 1547 3371 cum
1583 3314 1829 3393 Pulchef

733 165 1085 227 DISSERT.
1133 168 1183 227 Ι.
1229 166 1331 228 DE
1379 168 1559 229 Vl'l‘A
1612 168 1711 228 ET
1757 165 2010 227 REBUS
2059 130 2330 228 GESTIS
2378 168 2443 227 S.
2488 166 2767 227 LBONIS
2814 168 3085 229 MAGNI.

3488 173 3609 235 266

1872 306 1925 372 Α
1956 297 2041 352 ria
2071 303 2129 354 et
2152 298 2303 372 aulae
2334 297 2719 372 optimatibus
2737 298 2981 356 concilio
3013 299 3221 366 adluit,
3242 317 3603 361 sermonem-

1955 386 2067 440 que
2096 370 2167 424 ad
2187 371 2487 445 synodum
2514 370 2756 445 habuit;
2790 372 3053 445 lectaque
3075 373 3416 429 constitutio
3448 376 3603 445 fidei,

1953 448 2008 514 et
2039 442 2769 514 omniumsubscriptione
2804 444 3145 514 approbata,
3177 449 3233 499 et
3263 446 3436 501 variis
3467 442 3602 503 con;

1952 512 2185 567 firmata
2208 512 2729 567 acclamationibus
2755 517 2822 567 ad
2842 512 3203 569 retinendam
3228 519 3600 575 concordiam

1951 584 2244 640 Ecclesia.
2280 584 2516 639 Clericis
2547 590 2773 639 decreta
2790 587 3097 655 depositio,
3120 587 3409 643 militibus
3431 605 3602 645 exau-

1950 656 2215 722 ctoratio,
2248 656 2518 732 exsilium
2552 656 2723 732 plebi,
2759 658 2806 710 si
2826 659 3077 732 turbare
3109 658 3425 732 Ecclesiam
3457 678 3602 732 prm-

1952 731 2273 801 sumerent.
2316 728 2464 801 Tum
2508 728 2776 796 quaedam
2826 728 3064 801 Patrum
3095 731 3352 801 capitula
3401 728 3599 789 coram

1948 798 2301 870 imperatore
2331 799 2407 867 (ά)
2438 800 2667 852 decreta
2697 804 2856 853 sunt.
2884 798 3186 856 Monachis
3217 802 3597 860 interdictum

1949 886 2021 925 ne
2052 871 2273 947 absque
2313 870 2480 947 venia
2519 870 2782 947 episcopi
2815 873 3061 947 condere
3112 877 3468 947 monasteria
3498 892 3598 947 ag-

1948 944 2333 1012 grederentur
2351 959 2380 1015 ;_
2396 940 2623 996 clericis
2655 940 2741 995 ne
2760 943 3159 1015 possessiones
3183 940 3596 1015 conduceren't,

1949 1020 2049 1067 aut
2096 1013 2560 1084 procurationem
2609 1020 2919 1084 caperent;
2973 1014 3110 1069 item
3145 1032 3217 1070 ne
3264 1032 3333 1072 ex
3363 1034 3470 1073 sua
3499 1013 3600 1075 Ec-

1947 1083 2124 1140 clesia
2153 1085 2211 1139 in
2249 1084 2423 1139 aliam
2456 1083 2794 1141 transirent.

2534 1209 2685 1265 512
2719 1210 2868 1265 Actio
2906 1212 3013 1265 VII.

2016 1324 2079 1377 X.
2114 1323 2372 1399 Septima
2396 1324 2639 1399 actione,
2661 1324 3053 1399 quae-septimo
3076 1326 3308 1399 kalend.
3328 1329 3592 1399 ejusdem

1946 1396 2167 1470 mensis
2200 1396 2334 1470 fuit,
2361 1412 2538 1470 causa
2564 1396 2865 1470 Juvenalis
2894 1396 3371 1470 Jerosolymitani
3390 1405 3445 1455 et
3472 1400 3594 1456 Ma-

1943 1466 2083 1544 ximi
2114 1467 2457 1523 Antiocheni
2508 1468 2840 1544 composita
2878 1474 2967 1523 est
2998 1466 3215 1523 tam'ex
3238 1471 3464 1544 judicio
3495 1490 3594 1544 sy-

1945 1538 2307 1615 nodi__quam
2342 1554 2410 1593 ex
2443 1538 2657 1615 mutuo
2694 1538 3293 1615 partium_consensu.
3352 1543 3430 1599 De
3462 1538 3592 1615 pro-

1942 1609 2147 1664 vinciis
2181 1610 2574 1665 controversia
2604 1616 2765 1666 erat:
2799 1612 2925 1665 duae
2961 1611 3264 1668 thniciaa
3296 1609 3592 1671 attributa

1862 1676 1909 1741 B
1940 1681 2307 1759 Antiochense
2347 1680 2638 1750 Ecclesiae,
2694 1688 2811 1739 tres
2844 1682 3166 1739 Palaestinae
3215 1686 3592 1759 Jerosolymi-

1940 1756 2118 1809 tants.

2498 1862 2655 1916 Actio
2692 1862 2822 1929 VIII,
2858 1864 2937 1930 IX,
2970 1865 3029 1917 Χ.

2008 1957 2100 2011 Xl.
2131 1957 2407 2027 Sequenti
2441 1959 2686 2023 actione,
2714 1976 2840 2030 quae
2872 1964 3072 2015 octava
3103 1960 3234 2024 fuit,
3256 1960 3594 2017 Theodoritl

1940 2044 2031 2082 res
2062 2034 2202 2082 actae
2234 2035 2373 2083 sunt
2408 2047 2419 2084 :
2455 2030 2710 2100 primum
2748 2031 2803 2084 in
2830 2031 3163 2087 Nestorium
3192 2034 3587 2100 etEutychem

1939 2099 2256 2155 anathema
2286 2099 2478 2155 dicere
2502 2102 2708 2170 jussus
2758 2107 2866 2171 est,
2898 2108 3023 2158 tum
3060 2105 3349 2159 sententia
3384 2099 3591 2161 Leonis

1939 2172 2010 2225 de
2040 2172 2167 2239 ejus
2200 2172 2568 2245 restitutione
2608 2175 2927 2245 approbata
2978 2180 3221 2245 rataque
3247 2181 3335 2230 est
3366 2176 3585 2231 habita.

2011 2246 2172 2297 Nona
2200 2249 2255 2297 et
2284 2244 2514 2298 decima
2545 2244 2805 2300 actiones
2846 2244 3177 2302 habuerunt
3205 2264 3443 2302 causam
3480 2248 3589 2302 Iba:

1939 2313 2217 2388 Ed_esse_ni
2248 2314 2525 2388 episcopi,
2559 2317 2659 2369 ubi
2700 2318 2997 2388 recognita
3027 2335 3153 2388 quea
3186 2319 3256 2373 de
3288 2335 3353 2373 eo
3385 2322 3589 2374 Antio-

1939 2385 2103 2460 chius,
2128 2385 2294 2460 Tyri,
2327 2388 2603 2460 etBeryti
2635 2393 2761 2460 acta
2796 2385 3060 2443 fuerunt:
3084 2390 3136 2443 Is
3183 2391 3485 2460 depositus
3517 2392 3591 2446 ab

1939 2456 2318 2526 Eutychianis
2349 2457 2612 2511 libellum
2648 2459 2982 2526 imperatori
3032 2456 3361 2525 obtulerat;
3397 2462 3498 2517 sed
3532 2477 3593 2517 re

1938 2527 2132 2581 delata
2162 2530 2233 2582 ad
2268 2530 2581 2599 synodum,
2627 2527 2884 2604 probate
2912 2532 3045 2604 vitae
3084 2536 3151 2604 et
3181 2533 3313 2587 fidei
3347 2532 3590 2604 integra

1939 2606 2277 2669 compertus
2309 2605 2419 2666 est,
2472 2606 2647 2672 atque
2696 2601 2779 2657 ita
2810 2602 3135 2658 sacerdotio
3184 2608 3242 2658 et
3273 2604 3398 2658 sedi
3430 2601 3593 2660 re—sti-

1937 2675 2124 2725 tutus.

2008 2742 2088 2795 De
2121 2740 2347 2828 Nonno,
2383 2742 2642 2828 qui‘ejus
2674 2741 2869 2828 locum
2902 2748 3156 2828 ceperat,
3191 2745 3385 2828 sanxit
3413 2761 3588 2828 syria:

1939 2812 2050 2888 dus
2085 2819 2146 2866 ut
2178 2817 2461 2888 statueret
2492 2812 2781 2869 Maximus
2810 2812 3205 2872 Antidchenus
3229 2834 3242 2872 :
3264 2812 3485 2888 placuit
3505 2816 3590 2871 illi

1940 2888 2003 2937 ut
2020 2883 2250 2957 honore
2270 2884 2641 2955 episcopatus
2662 2902 2777 2941 non
2798 2891 3040 2957 careret,
3056 2888 3236 2944 donec
3264 2883 3435 2944 aliter
3454 2904 3589 2944 cum

1939 2956 2229 3032 episcopis
2261 2972 2381 3032 sua;
2405 2958 2689 3032 dimcesos
2707 2956 3353 3032 judicaretDecretum
3385 2964 3589 3032 praete-

1942 3043 2039 3082 rea
2071 3027 2419 3103 abolendam
2444 3029 2874 3101 pseudosynodi
2898 3030 3197 3101 Ephesius:
3222 3027 3588 3103 memoriam,

1939 3102 1997 3152 et
2026 3115 2056 3153 e
2078 3100 2436 3176 synodorum
2458 3100 3159 3176 numeroexpungendam
3187 3122 3199 3171 ;
3234 3100 3587 3176 rogandum;

1943 3185 2056 3239 que
2085 3170 2496 3241 imperatorem
2530 3176 2594 3226 ut
2640 3170 2829 3227 edicto
2860 3172 3079 3229 velaret
3108 3191 3179 3229 ne
3212 3170 3471 3241 syn'odus
3500 3176 3588 3230 di-

1944 3245 2203 3315 ceretur,
2224 3258 2327 3296 nec
2356 3243 2483 3312 ejus
2524 3247 2651 3297 acta
2680 3243 3095 3315 reciperentur.
3147 3243 3588 3304 Ordinationem

1941 3313 2173 3368 Maximi
2182 3314 2305 3383 jam
2322 3319 2525 3369 sancta
2537 3313 2996 3385 synodusratam
3020 3316 3339 3375 habuerat:
3367 3321 3437 3392 (e)
3455 3318 3591 3392 quia

1219 3455 1865 3518 BALLERINIORUM
1909 3453 2542 3515 ANNOTATIONES.

257 3580 331 3651 (a)
359 3581 486 3637 llaec
520 3580 812 3653 pertinent
834 3581 904 3653 ad
939 3581 1284 3637 anteriorem
1312 3582 1598 3636 actionem
1631 3580 1701 3635 de
1731 3582 1830 3635 Ca-

199 3666 315 3707 roso
345 3658 397 3708 et
426 3652 721 3709 Dorotheo
751 3652 951 3707 habita
981 3654 1072 3708 die
1117 3655 1180 3708 17
1210 3654 1497 3708 Octobris.
1532 3655 1593 3708 In
1626 3669 1693 3707 ea
1724 3669 1825 3706 au-

199 3728 302 3796 tem
335 3743 457 3796 quae
490 3726 587 3779 die
607 3726 678 3779 20
700 3724 991 3780 celebrata
1014 3728 1121 3794 est,
1153 3725 1475 3779 Alexander
1496 3725 1565 3778 de
1591 3740 1828 3778 eorum-

200 3793 316 3867 dem
353 3793 785 3853 monachorum
835 3796 1029 3851 libello
1079 3793 1151 3850 ad
1182 3797 1617 3867 imperatorem,
1652 3812 1719 3850 ac
1750 3796 1830 3867 de

198 3864 553 3937 imperatoris
584 3874 779 3923 mente
800 3868 1019 3933 retulit,
1040 3884 1104 3921 ac
1134 3864 1370 3937 triginta
1401 3868 1627 3922 dierum
1664 3866 1831 3920 indu-

197 3938 284 4009 cias
314 3940 529 3995 eisdem
562 3940 732 3993 datae.
764 3940 871 3993 Sed
907 3940 977 3993 de
1007 3938 1117 3993 hac
1147 3941 1393 4004 actione,
1427 3955 1604 4009 quam
1637 3955 1705 3992 ex
1736 3955 1827 3993 so-

197 4006 262 4079 lis
293 4027 430 4066 mss.
462 4011 679 4066 Grtscis
711 4012 769 4064 in
802 4011 916 4065 ﬁne
946 4011 1199 4065 additam
1233 4006 1542 4079 habemus,
1580 4009 1827 4063 nonnul-

193 4078 273 4134 las
322 4084 696 4137 difﬁcultates
747 4098 860 4137 non
893 4081 1048 4137 leves
1091 4078 1531 4138 Tillemontius'
1558 4083 1831 4152 proponit

198 4156 307 4206 not.
338 4155 402 4207 47
430 4154 485 4208 in
540 4154 829 4219 Leonem;
883 4170 986 4208 nec
1029 4157 1227 4208 tamen
1276 4170 1401 4208 eam
1432 4153 1515 4207 uti
1563 4153 1828 4223 spuriain

198 4238 509 4296 expungere
556 4226 758 4279 audet.
813 4223 943 4296 Haec
977 4229 1189 4296 autem
1239 4225 1412 4291 actio,
1463 4225 1615 4296 sicut
1645 4228 1702 4296 et
1734 4240 1827 4278 se-

198 4309 366 4362 quens
384 4295 467 4351 "de
499 4296 706 4352 Photio
738 4296 872 4367 Tyri
897 4295 1107 4350 habitis
1138 4297 1231 4351 die
1259 4298 1329 4351 20
1359 4295 1621 4367 Octobris
1652 4295 1827 4351 debe-

198 4371 314 4438 rent
343 4368 576 4438 quidem
610 4382 739 4423 esse
770 4366 922 4421 actio
950 4368 1002 4420 5.
1037 4368 1145 4423 Sed
1181 4384 1315 4423 cum
1346 4369 1403 4423 in
1438 4366 1661 4437 aliquot
1681 4382 1824 4420 mss.

1941 3578 2051 3653 bus
2082 3578 2152 3653 ab
2184 3578 2393 3633 iisdem
2427 3579 2748 3653 constituta
2778 3579 3013 3653 fuerunt
3043 3581 3268 3637 actione
3297 3582 3357 3637 in
3383 3585 3589 3653 vulga-

1940 3650 2031 3726 tis
2057 3651 2157 3726 I5_,‘
2189 3666 2274 3726 re_
2297 3655 2493 3704 autem
2518 3650 2672 3726 ipsa
2718 3652 2947 3726 actione
2987 3654 3044 3721 7,
3079 3654 3161 3708 uti
3211 3650 3587 3726 probavimus

1941 3724 2073 3793 not.
2099 3722 2179 3775 18.
2218 3722 2419 3793 (Supra
2447 3722 2549 3777 col.
2579 3724 2707 3788 257,
2739 3741 2795 3777 η,
2830 3724 2911 3793 b).

2012 3792 2081 3867 (e)
2114 3795 2242 3867 Hinc
2270 3793 2440 3867 unica
2460 3794 2757 3867 ralio,qua
2779 3792 3203 3850 ordinationem
3228 3796 3461 3851 Maximi
3483 3813 3587 3867 ap—

1984 3864 2206 3937 robavit
2237 3866 2496 3935 synodus
2512 3864 3001 3937 Chalcedonensis
3020 3872 3131 3922 act.
3158 3868 3243 3937 10,
3264 3869 3336 3923 ab
3369 3864 3587 3923 Anatoo

1964 3934 2015 3988 io
2049 3934 2308 3999 affertur,
2356 3935 2625 4005 quoniam
2650 3937 2707 3990 S.
2759 3938 2870 3991 Leo
2903 3941 2959 3992 in
2990 3934 3432 3993 communionem
3462 3956 3586 3993 eum

1938 4009 2225 4076 recipiens,
2242 4024 2473 4073 praeesse
2487 4025 2611 4061 eum
2642 4009 3091 4064 Antiochensium
3107 4011 3381 4079 judicavit
3400 4010 3588 4064 Eccle-

1936 4080 2031 4131 δέω
2056 4096 2068 4141 ;
2104 4095 2269 4148 quam
2280 4080 2521 4144 formum
2540 4095 2768 4149 sequens
2784 4088 2833 4135 et
2864 4083 2981 4151 ipse
3003 4083 3345 4151 approbavit.
3371 4087 3421 4136 et
3439 4096 3586 4151 prae-

1936 4164 2056 4203 sens
2077 4165 2232 4204 omne
2251 4158 2496 4222 sanctum
2517 4152 2830 4205 concilium.
2856 4152 3000 4206 Vide
3023 4158 3307 4222 quantum
3333 4154 3585 4207 deferre-

1937 4225 2034 4273 tur
2062 4220 2393 4295 apostolicaz
2447 4222 2821 4295 auctoritati!
2876 4224 2934 4277 Id
2969 4220 3166 4293 ipsum
3202 4224 3295 4278 alii
3329 4224 3589 4295 episcopi

1938 4292 2375 4366 conﬁrmarunt.
2400 4292 2935 4364 SolumStephanus
2960 4292 3207 4366 Ephesio
3221 4313 3309 4364 us,
3324 4292 3421 4365 qui
3442 4292 3590 4351 hanc

1940 4363 2173 4417 unicam
2208 4364 2491 4418 rationem
2526 4363 2742 4434 pariter
2772 4366 2986 4435 attulit,
3007 4363 3207 4421 'obiter
3237 4363 3381 4421 dixit
3404 4368 3589 4421 Maxi—

197 4424 411 4508 Graecis,
444 4456 510 4494 ac
540 4439 597 4493 in
633 4438 911 4495 omnibus
960 4439 1179 4493 Latinis
1210 4440 1295 4494 hae
1326 4424 1583 4494 actiones
1613 4438 1827 4506 desint,
1858 4424 1905 4489 D
1940 4424 2605 4508 mumcanonicefactum
2627 4424 2997 4508 episcopum;
3021 4440 3112 4492 cui
3142 4446 3333 4492 tamen
3360 4445 3590 4491 contra-

199 4505 251 4559 in
279 4509 398 4564 aliis
425 4517 620 4565 autem
650 4509 862 4565 Graecis
902 4510 1223 4580 codicibus,
1254 4512 1352 4580 qui
1386 4511 1669 4565 hactenus
1700 4505 1824 4563 fueé

203 4588 327 4634 runt
352 4584 586 4647 inventi,
639 4582 697 4637 in
730 4580 844 4636 ﬁne
875 4581 1084 4636 additae
1140 4582 1376 4646 fuerint,
1426 4582 1561 4636 hinc
1606 4583 1825 4635 factum

204 4656 283 4723 est
308 4658 387 4718 ut,
418 4659 642 4709 servato
673 4669 920 4708 numero
951 4653 1194 4723 antiquo
1226 4654 1545 4722 actionum,
1580 4652 1666 4707 has
1698 4652 1825 4706 duas

206 4734 234 4772 ι
261 4721 525 4780 Romanis
555 4724 879 4780 editoribus
912 4731 1043 4794 post
1086 4721 1355 4795 quartam
1390 4730 1673 4780 actionem
1705 4724 1827 4779 exi-

206 4799 360 4868 gente
387 4802 645 4868 tempore
675 4797 911 4852 insertis
945 4796 1186 4868 iuerint.

264 4865 335 4935 (b)
361 4864 589 4941 ’Όλςίτὰ
619 4866 969 4941 πραγματικᾷ
999 4866 1334 4941 ἀργήσεςῇοἱ
1366 4864 1585 4941 κανόνες
1618 4864 1827 4941 apsint—

212 4950 383 5015 ξωσαψ
405 4938 555 5015 -οῧςεω
708 4935 807 5015 aiat
840 4935 1090 5015 intacti;
1127 4935 1456 5015 φυλάττεται
1487 4938 1576 4991 καὶ
1629 4935 1825 5003 ἑκάστη

213 5001 452 5087 ἐκμηςῇ
473 5008 571 5087 ἔξει
598 5001 665 5087 ξιὸ
696 5001 955 5087 ἀσφαὶξὲςτ

271 5080 332 5149 (c)
360 5080 669 5138 Pulcheriaa
689 5079 1059 5153 praesentiam
1092 5079 1508 5136 constituimus
1539 5084 1736 5153 annot.
1765 5079 1831 5133 12

216 5146 358 5213 [Τὸήι.
399 5156 631 5223 praeest.
683 5146 786 5209 col.
821 5154 947 5221 979,
978 5170 1035 5207 η.
1070 5158 1114 5220 ε)
1145 5154 1203 5207 in
1253 5152 1423 5223 epist.
1461 5154 1580 5206 101.
1613 5152 1690 5204 Ex
1723 5150 1830 5205 hac

219 5226 383 5277 autem
413 5225 675 5296 _Anatolii
729 5224 975 5296 epistola
1022 5230 1194 5279 antea
1240 5224 1461 5296 inedita
1511 5223 1830 5296 didicimus

219 5294 495 5352 nonnullas
536 5293 1006 5352 circumstantias
1039 5296 1110 5350 ad
1143 5296 1293 5350 hanc
1337 5295 1626 5350 actionem
1663 5293 1829 5347 illus-

222 5367 454 5421 trandam
489 5368 665 5423 utiles
693 5386 707 5434 ;
742 5368 894 5423 inter
921 5384 1067 5438 quas
1115 5368 1217 5421 illa
1246 5367 1355 5421 hoc
1387 5366 1512 5420 loco
1547 5366 1831 5438 praecipue

224 5441 562 5493 memoranda
591 5445 701 5507 est,
743 5435 1145 5494 definitionem
1196 5438 1326 5491 ﬁdei
1361 5438 1617 5507 primum
1649 5435 1828 5490 collo-

227 5513 377 5581 satam
408 5512 586 5566 fuisse
618 5527 795 5581 super
824 5511 1027 5577 altare,
1052 5510 1263 5565 deinde
1287 5526 1419 5564 vero
1452 5509 1745 5563 Marciano
1776 5512 1833 5561 et

229 5571 499 5636 Pulcheriie
533 5571 834 5637 traditam.

237 5715 245 5723 ι
285 5650 337 5713 id)
366 5653 885 5725 Quatuorpapitula
904 5653 1177 5708 Patribus
1194 5650 1515 5725 sancienda
1532 5648 1836 5725 proposuit

236 5721 499 5793 ilﬂperator
516 5721 627 5783 hac
650 5721 901 5782 actione.
926 5726 1053 5781 Haec
1066 5730 1260 5780 autem
1287 5740 1423 5778 cum
1446 5722 1576 5778 aliis
1596 5721 1833 5777 canoni-

462 5858 732 5918 pATROL.
780 5853 906 5917 LV.

1936 4506 2076 4560 dicit
2106 4505 2235 4576 Leo,
2260 4506 2359 4577 qui
2390 4505 2970 4575 ordinationem—ejus
2993 4514 3183 4563 contra
3214 4512 3471 4563 instituta
3490 4525 3588 4562 ca-

1934 4593 2245 4660 nenu‘m,‘alc
2271 4578 2389 4660 sine
2406 4578 2800 4660 ulloexemplo
2814 4582 3191 4660 celebratam,
3214 4596 3404 4633 amore
3429 4596 3587 4660 repa-

1936 4649 2136 4703 randae
2154 4650 2347 4719 ﬁdeiet
2374 4652 2562 4705 studio
2577 4654 2725 4720 pacis
2756 4669 2816 4705 se
2838 4651 3125 4720 recepisse
3148 4657 3393 4704 testatur
3411 4649 3585 4721 epist.

1938 4721 2059 4787 104,
2093 4722 2210 4787 c.5,
2234 4722 2477 4790 etepist.
2509 4724 2627 4786 106,
2653 4739 2701 4776 c.
2726 4724 2779 4775 2.
2808 4723 2960 4775 [dem
2982 4721 3585 4783 Quesnellusnot.2in

1937 4792 2387 4875 epist.81‘,nunc
2414 4794 2778 4875 106,dil'iiteri
2815 4810 2924 4847 non
2946 4792 3134 4862 potuit
3157 4793 3585 4875 ordinationem

1936 4863 2226 4931 ejusmodi
2259 4869 2463 4917 contra
2498 4863 2728 4933 regulas
2778 4880 3065 4917 canonum
3103 4870 3418 4933 peraclam,
3452 4882 3587 4921 cum

1938 4936 2222 4988 Maximus
2246 4935 2551 4989 ordinatus
2584 4936 2756 4988 fuerit
2778 4936 2848 4988 ab
2874 4936 3140 4990 Anatolio
3171 4936 3585 4993 Constantino-

1939 5005 2218 5079 politano,
2235 5007 2303 5059 ad
2327 5022 2497 5079 quem
2524 5005 2881 5079 antiochena
2903 5008 3067 5062 sedes
3088 5024 3202 5062 non
3226 5010 3583 5079 pertinebat:

1939 5077 2269 5149 addendum
2305 5078 2480 5149 etiam
2514 5077 2738 5130 vivente
2770 5078 3034 5133 Domino.
3062 5081 3163 5148 qui
3196 5077 3251 5133 in
3296 5080 3585 5149 Ephesino

1941 5147 2244 5203 latrocinio
2280 5148 2440 5201 irrite
2465 5148 2763 5217 depositus
2787 5149 2989 5203 fuerat.
3015 5147 3213 5205 Solum
3239 5147 3471 5204 dissert.
3500 5150 3584 5214 10,

1941 5237 1997 5274 n.
2031 5221 2120 5283 31,
2156 5218 2490 5291 canonicam
2524 5218 2910 5291 nihilominus
2939 5222 3125 5291 iqsius
3158 5221 3584 5291 ordinationem

1940 5308 2005 5344 ex
2038 5308 2103 5345 eo
2126 5290 2361 5343 deducit
2381 5290 2533 5357 quod
2560 5292 2875 5346 Antiochia
2898 5290 3244 5347 celebratam
3274 5298 3454 5360 putet.
3477 5290 3587 5344 Sed

1941 5363 2051 5416 hoc
2082 5362 2206 5415 sine
2237 5360 2353 5414 ullo
2402 5367 2548 5414 teste
2582 5366 2816 5429 profert.
2869 5364 3175 5416 Anatolius
3216 5367 3590 5415 consecratus

1944 5434 2053 5486 luit
2082 5431 2763 5497 ConstantinOpolitanus
2785 5437 3093 5503 episcnnns
3113 5434 3222 5485 sub
3244 5433 3415 5485 linem
3450 5434 3588 5486 anni

1941 5504 2084 5568 449;
2121 5503 2353 5557 Maxnmi
2377 5504 2668 5558 ordinatio
2690 5506 2758 5557 ab
2778 5510 3040 5558 Anatolio
3063 5503 3351 5556 celebrata
3371 5506 3457 5556 est
3481 5504 3585 5556 ali-

1940 5574 2221 5645 quamdiu
2246 5574 2695 5628 anteTheodosii
2724 5580 2991 5633 mortem,
3014 5591 3138 5641 quae
3164 5574 3364 5625 incidit
3393 5576 3503 5627 suh
3531 5575 3590 5628 fl-

1943 5645 2224 5700 nemlulii
2248 5661 2337 5698 an.
2360 5646 2480 5699 450.
2502 5646 2634 5699 Post
2652 5646 3074 5701 ordinationem
3095 5645 3325 5697 Maximi
3340 5645 3586 5707 ,vivente

1944 5716 2135 5774 adhuc
2152 5716 2748 5781 Theodosio,habitus
2768 5717 2875 5771 fuit
2903 5715 3583 5785 Conslanlinopolitanus

3272 5846 3308 5900 9
