4062 6202
258 231 353 291 981
778 228 1137 291 DlSSERT.
1182 229 1232 290 Ι.
1278 230 1379 289 DE
1422 230 1608 291 VITA
1654 231 1754 290 ET
1799 230 2050 292 REBUS
2098 231 2369 293 GESTIS
2416 235 2482 294 S.
2529 234 2807 293 LEONIS
2858 232 3129 293 MAGNI.

3536 234 3655 294 282

261 376 360 436 que
385 358 569 436 Paulo
590 356 863 436 Diacono,
885 360 1016 436 ipsa
1035 364 1125 415 est
1144 360 1407 436 Miscella
1424 361 1700 436 Historia,
1717 378 1892 432 quam
1927 368 1977 433 Α
2005 365 2241 431 vixerat,
2274 365 2365 420 sed
2392 368 2646 436 protinus
2692 366 2857 421 rebus
2885 366 3116 421 excessit
3166 365 3439 420 humanis.
3476 366 3655 433 Igitur

261 422 397 487 idem
431 432 687 503 scriptor
706 433 776 486 ad
800 422 1066 487 eumdem
1088 450 1332 501 annum,
1349 422 1508 488 num.
1531 435 1621 502 54,
1645 422 1893 489 Diacono

262 505 335 560 illi
354 504 650 573 abjudicat
674 520 689 570 ;
722 504 1017 576 hujusque
1040 521 1236 559 revera
1253 522 1365 559 non
1383 522 1513 560 esse
1532 506 1740 576 probat
1758 506 1895 559 Phi-

262 576 444 646 lippus
475 575 743 648 Labbeus
772 575 831 630 in
863 576 1098 631 dissert.
1121 576 1348 631 hist.de
1376 575 1583 648 Script.
1609 578 1893 631 Ecclesia-

262 648 438 702 sticis.
472 646 685 719 Quovis
714 663 884 718 porro
906 653 1139 702 auctore
1157 650 1410 719 gaudeat
1429 646 1575 719 opus
1597 649 1777 714 istud,
1793 667 1895 703 an-

260 720 531 788 tiquiores
548 717 835 788 pleraeque
846 720 973 788 ejus
991 717 1276 774 editiones
1298 717 1579 774 visionem
1604 720 1761 775 illam
1783 737 1895 774 non

262 790 623 859 habent,sive
656 789 765 843 illae
799 806 924 860 quae
957 807 1024 845 ex
1051 791 1786 861 Bongarsii,Amerbacbii,
1813 793 1900 845 Pi-

266 865 657 932 maiorumque
668 862 913 916 fratrum
932 879 1074 917 mss.
1093 864 1392 917 codicibus
1407 864 1764 932 prodierunt,
1780 865 1899 918 sive

265 950 377 1004 qua:
392 932 644 986 aliorum
660 950 798 987 cura
810 934 1375 989 suntemisswﬂnus
1397 932 1580 989 Janus
1593 935 1899 1003 Gruterus,

263 1003 351 1077 qui
383 1003 643 1060 historiis
666 1009 939 1077 Augustae
963 1006 1277 1076 scriptores
1302 1006 1538 1060 Latinos
1560 1007 1814 1061 minores
1838 1007 1899 1061 in

263 1092 435 1131 unum
470 1092 682 1146 corpus
713 1076 968 1147 collegit,
1015 1077 1328 1132 Miscellam
1368 1078 1678 1132 Historiam
1714 1077 1900 1133 multo

261 1164 425 1217 quam
448 1152 619 1202 antea
643 1149 940 1217 prodierat
960 1149 1273 1203 auctiorem
1292 1148 1524 1203 exhibet
1541 1166 1610 1203 ea:
1628 1151 1903 1204 Palatinis

258 1219 614 1286 membranis,
630 1229 773 1275 notae
796 1221 882 1289 (ut
903 1219 1134 1290 quidem
1168 1221 1373 1274 scribit
1390 1221 1478 1274 vir
1498 1221 1897 1290 doctissimus)

252 1306 471 1361 prorsus
485 1290 692 1356 electae,
717 1290 1010 1345 Saxonicis
1031 1292 1237 1346 litteris
1256 1297 1391 1346 ante
1410 1293 1779 1361 septingentos
1790 1295 1900 1345 mi-

250 1364 459 1417 nimum
471 1378 647 1417 annos
658 1365 974 1416 exaratis.A
988 1363 1137 1417 tanti
1151 1363 1256 1417 viri
1271 1368 1465 1418 mente
1476 1379 1624 1434 aegre
1638 1364 1898 1418 divellor:

253 1450 363 1507 non
380 1433 850 1507 videnturtamen
866 1434 1146 1504 adjectitii
1160 1434 1503 1507 hujusmodi
1517 1433 1693 1507 panni
1709 1451 1777 1489 au
1788 1440 1903 1507 ctof

254 1506 420 1560 ritate
451 1504 670 1560 codicis
703 1505 881 1560 unius
911 1511 1111 1560 contra
1142 1504 1532 1569 plurimorum
1556 1507 1731 1560 fidem
1752 1505 1900 1561 tanti

254 1577 522 1643 faciendi,
538 1576 859 1647 praisertim
875 1593 1005 1631 cum
1033 1576 1219 1632 multa
1236 1578 1325 1632 bis
1349 1580 1758 1634 contineantur
1774 1594 1901 1648 quis

252 1648 553 1721 scriptoris
576 1648 927 1721 imperitiam
952 1650 1399 1721 arguant.lnter
1419 1651 1539 1704 haec
1567 1651 1897 1720 sunt,quod

2007 438 2144 491 dum
2172 440 2286 507 ejus
2312 440 2536 493 animus
2563 440 2800 508 anticipi
2827 439 3038 508 negotio
3069 440 3215 491 inter
3234 439 3316 493 ire
3346 440 3400 491 et
3427 454 3535 491 non
3567 439 3653 491 ire

2005 509 2320 576 ﬂuctuaret,
2352 526 2639 578 secumque
2684 511 2997 563 deliberans
3046 508 3306 576 tardaret,
3354 509 3573 579 placida
3603 510 3655 563 ei

2008 580 2207 647 legatio
2236 598 2272 634 a
2300 586 2464 635 Roma
2494 582 2738 635 advenit.
2788 581 2925 634 Nam
2952 583 3057 634 Leo
3087 597 3249 650 papa,
3277 584 3386 635 etc.
3435 582 3648 634 Eadem

2007 652 2339 705 referuntur
2368 658 2424 706 et
2454 653 2509 705 in
2545 654 2671 723 ipso
2699 651 2942 706 Palatini
2977 653 3192 706 codicis
3226 653 3649 721 additamento,

2007 739 2074 776 ex
2102 725 2393 777 .Iornande
2424 724 2620 794 procul
2652 724 2830 778 dubio
2855 730 3113 795 accepta,
3137 739 3268 777 cum
3297 724 3498 777 eadem
3534 725 3651 777 fere

2006 795 2178 848 verba
2201 800 2577 865 usurpentur.
2603 795 2788 849 Unum
2808 795 3055 865 denique
3074 795 3305 863 addam,
3330 795 3477 849 Jano
3497 800 3648 849 Gru-

2006 871 2150 928 tero,
2184 868 2289 919 etsi
2322 866 2381 920 in
2414 867 2742 936 adjectitios
2774 866 3113 937 hujusmodi
3140 882 3362 937 pannos
3396 866 3648 920 inclina-

2006 937 2138 991 tiori
2172 939 2342 1002 facto,
2372 939 2705 1008 religionem
2733 938 2914 993 fuisse
2940 938 3047 993 bos
3072 938 3130 990 in
3164 938 3353 1008 ipsum
3386 938 3651 991 Historias

2012 1008 2277 1063 Miscellae
2332 1015 2663 1064 contextum
2716 1011 3020 1080 conjicere,
3067 1011 3164 1063 sed
3211 1009 3361 1062 inter
3391 1025 3546 1080 suas
3577 1009 3648 1062 ad

2010 1097 2156 1150 opus
2189 1082 2342 1135 istud
2378 1087 2545 1136 notas
2596 1079 2964 1149 emendasse,
2996 1081 3144 1150 quod
3197 1079 3401 1133 incerti
3437 1081 3506 1134 de
3538 1080 3652 1135 ista

2009 1153 2305 1206 additioue
2331 1152 2531 1221 judicii
2567 1153 2917 1207 nonnullum
2948 1152 3228 1205 indicium
3256 1156 3365 1205 est.

2078 1223 2219 1277 XIV.
2256 1224 2392 1278 Utut
2415 1224 2509 1287 sit,
2533 1232 2753 1278 certum
2783 1230 2871 1278 est
2902 1224 3245 1293 legationem
3273 1222 3445 1277 Leoni
3470 1222 3652 1276 hono-

2010 1293 2253 1359 rificam,
2287 1302 2343 1349 et
2377 1296 2655 1349 divinitus
2687 1296 2993 1349 liberatam
3022 1295 3342 1359 civitatem,
3365 1299 3421 1347 et
3453 1295 3650 1348 beato-

2009 1382 2137 1420 rum
2154 1366 2545 1436 apostolornm
2562 1384 2815 1437 praesens
2828 1366 3355 1422 auxiliumRomam
3372 1367 3652 1420 sensisse:

2010 1438 2321 1519 quod-ipse
2353 1439 2753 1519 sanctusLeo,
2778 1444 2843 1492 ut
2864 1438 3003 1502 dixi,
3028 1439 3097 1492 ad
3129 1437 3404 1519 populum
3431 1438 3657 1519 concio-

2011 1525 2140 1562 nem
2175 1508 2395 1564 habens
2427 1508 2660 1576 retulit;
2695 1511 2919 1581 hacque
2963 1508 3265 1564 occasione
3295 1515 3521 1581 amovet
3553 1525 3653 1579 po-

2051 1582 2213 1634 ulum
2231 1582 2384 1637 533
2399 1581 2812 1652 aspectaculis,
2829 1580 2886 1635 et
2906 1590 3105 1636 contra
3125 1581 3193 1635 ad
3221 1580 3651 1635 venerationem

2051 1657 2311 1725 eatorum
2348 1659 2666 1725 martyrum
2700 1653 3061 1725 adhortatur.
3092 1653 3443 1721 Religiosam,
3463 1652 3657 1725 inquit

251 1719 575 1795 Aquileiam
602 1724 729 1795 toto
755 1720 1008 1795 triennio
1029 1719 1111 1795 'ab
1132 1720 1308 1795 Attila
1337 1722 1635 1795 obsessam
1670 1719 1897 1785 narret;
1930 1730 1978 1794 Β
2008 1722 2204 1792 (Serm.
2237 1719 2607 1792 81,nunc'84,
2628 1726 2687 1778 in
2721 1725 2830 1780 Oct.
2864 1724 3090 1795 apost.),
3116 1719 3483 1788 devotionem,
3517 1719 3654 1776 (tile-

250 1792 401 1862 quod
424 1791 903 1847 sanctiGermani
922 1791 1272 1862 legationem
1296 1792 1353 1845 in
1377 1793 1737 1847 Britanniam
1767 1798 1899 1863 post

249 1863 572 1933 Aquileiam
604 1871 835 1934 captam
859 1864 1173 1933 contigisse
1206 1863 1534 1934 signiticet;
1570 1865 1725 1934 quod
1757 1881 1898 1920 san-

252 1942 407 1989 ctum
444 1934 758 2006 Paulinum
791 1934 950 1989 Nolae
996 1936 1333 2005 episcopum
1390 1944 1511 2006 post
1547 1940 1831 1990 vastatam
1865 1953 1900 1989 a

252 2006 527 2060 Vandalis
562 2005 787 2060 Italiam
816 2008 965 2075 (quae
996 2007 1239 2061 vastitas
1260 2005 1413 2061 anno
1445 2008 1547 2061 455
1576 2013 1634 2061 et
1660 2008 1731 2060 56
1761 2024 1897 2062 con-

249 2079 393 2149 tigit)
407 2082 600 2157 semet
616 2079 675 2131 in
695 2077 1057 2157 captivorum
1074 2077 1531 2157 redemptionem
1552 2079 1899 2157 expendisse

251 2147 435 2204 narret
462 2167 475 2215 ;
511 2165 644 2203 cum
678 2147 885 2220 viginti
918 2154 974 2203 et
997 2149 1253 2220 amplius
1277 2151 1404 2217 jam
1439 2150 1510 2203 ab
1542 2147 1715 2204 annis
1744 2151 1898 2206 532

251 2221 485 2275 obiisset
514 2224 756 2275 sanctus
783 2220 1051 2287 antistes,
1076 2227 1132 2275 et
1164 2220 1314 2275 hanc
1338 2222 1407 2275 de
1437 2222 1563 2291 ipso
1587 2221 1897 2277 historiam

253 2294 446 2348 merito
473 2291 602 2346 falsi
625 2298 873 2361 arguant
895 2292 1002 2346 hac
1025 2297 1369 2362 tempestate
1393 2292 1494 2346 viri
1521 2293 1755 2347 eruditi.
1783 2292 1898 2347 Cae-

255 2368 367 2418 tera
396 2363 532 2419 aliis
553 2363 919 2435 discutienda
944 2363 1337 2435 relinquimus
1364 2381 1377 2417 :
1403 2364 1512 2418 hoc
1534 2364 1770 2435 interim
1799 2381 1899 2433 pro

257 2440 397 2490 certo
412 2433 930 2496 habentesdsthtec
944 2433 1619 2490 additamentaMiscellaa
1635 2434 1899 2490 Historia:

257 2507 434 2561 aliena
462 2522 643 2561 manu
680 2506 902 2561 inserta
931 2507 1136 2569 videri,
1159 2507 1372 2577 partim
1398 2524 1467 2562 ex
1480 2507 1509 2562 J
1519 2508 1777 2562 ornando
1802 2523 1899 2561 ac-

255 2584 424 2647 cepta,
454 2578 669 2648 partim
703 2594 771 2650 ea
800 2578 1041 2632 incertis
1072 2579 1485 2650 scriptoribus,
1505 2578 1593 2633 vel
1625 2579 1798 2633 etiam
1833 2594 1901 2633 ex

258 2650 410 2704 falsis
428 2648 812 2704 rumusculis.
829 2650 990 2720 Quod
1012 2650 1079 2703 de
1104 2648 1345 2705 insititia
1368 2650 1700 2705 narratione
1722 2666 1899 2720 quam

255 2721 623 2785 discutimus,
656 2721 713 2774 in
744 2719 954 2791 primis
986 2722 1364 2785 credendum,
1390 2738 1537 2792 quas
1567 2719 1791 2776 scilicet
1819 2721 1901 2776 ita

258 2792 347 2847 ille
375 2793 678 2848 exorditur
694 2808 761 2846 ac
782 2792 1185 2863 prosequitur:
1206 2798 1416 2848 Ferunt
1446 2796 1631 2865 itaque
1654 2802 1770 2865 post
1790 2793 1897 2847 dis-

257 2880 459 2918 cessum
490 2865 766 2934 pontiﬁcis
792 2866 1194 2934 interrogatum
1214 2880 1326 2919 esse
1352 2866 1578 2919 Attilam
1605 2882 1639 2918 a
1667 2867 1781 2919 suis
1799 2880 1903 2919 cur

258 2937 393 2989 ultra
408 2937 632 2990 solitum
646 2951 853 3007 morem
874 2939 1090 2990 tantam
1112 2938 1468 2991 reverentiam
1485 2941 1735 3007 Romano,
1745 2952 1899 3007 papae

260 3008 578 3071 exhibuerit,
608 3006 1045 3078 quandoquidem
1060 3024 1194 3077 pene
1214 3009 1293 3063 ad
1313 3009 1503 3062 omnia
1523 3022 1647 3078 quae
1666 3006 1771 3063 ille
1791 3009 1893 3061 im-

2007 1796 2254 1859 ctissimi,
2269 1812 2379 1866 qua
2389 1798 2453 1850 ob
2468 1795 2613 1851 diem
2624 1798 2997 1865 castigationis
3022 1801 3073 1849 et
3093 1796 3433 1850 liberationis
3445 1797 3653 1851 nostrae

2005 1876 2226 1921 cunctus
2249 1867 2497 1935 ﬁdelium
2527 1868 2756 1938 populus
2788 1869 2857 1922 ad
2888 1868 3125 1938 agendas
3150 1872 3256 1922 Deo
3280 1868 3489 1936 gratias
3518 1881 3652 1921 con-

2006 1938 2230 2006 ﬂuebat,
2258 1955 2397 2008 pene
2420 1939 2498 2010 ab
2527 1940 2777 1993 omnibus
2799 1939 2976 2010 fuisse
2996 1939 3330 2007 neglectam,
3362 1940 3488 2010 ipsa,
3508 1953 3653 2006 pau-

2006 2024 2211 2077 corum,
2244 2012 2341 2079 qui
2360 2009 2609 2077 adfuere.
2635 2009 2844 2065 raritas
2860 2011 3337 2076 demonstravit,et
3364 2009 3516 2064 cordi
3535 2025 3655 2065 meo

2008 2081 2245 2134 multum
2266 2084 2516 2136 tristiiise
2531 2083 2809 2149 intulit,et
2838 2084 3136 2150 plurimum
3168 2084 3381 2137 timoris
3399 2083 3649 2136 incussit.

2008 2152 2260 2223 Magnum
2290 2155 2437 2207 enim
2461 2154 2773 2222 periculum
2801 2157 2877 2207 est
2907 2170 3019 2209 esse
3048 2156 3294 2222 ingratos
3324 2154 3447 2217 Deo,
3481 2163 3531 2208 et
3558 2168 3657 2223 per

2007 2224 2341 2278 oblivionem
2374 2224 2759 2292 beneﬁciorum
2776 2227 2913 2292 eius,
2935 2242 3033 2279 nec
3060 2227 3127 2280 de
3156 2226 3493 2295 correptione
3511 2240 3656 2280 com-

2008 2297 2207 2366 pungi,
2232 2311 2334 2349 nec
2353 2295 2748 2351 deremzssione
2770 2297 2955 2352 laetari
2995 2298 3059 2351 Et
3089 2297 3297 2350 iterum
3336 2315 3348 2351 :
3382 2296 3558 2351 Pudet
3575 2296 3658 2350 di-

2010 2367 2244 2431 cere,sed
2262 2383 2475 2421 necesse
2494 2375 2571 2422 est
2590 2383 2696 2422 non
2722 2376 2906 2423 tacere
2921 2385 2939 2421 :
2954 2369 3076 2438 plus
3095 2368 3432 2438 impenditur
3452 2368 3654 2424 daemo-

2009 2440 2122 2492 niis
2144 2454 2307 2507 quam
2319 2439 2659 2508 apostolis,et
2677 2440 2941 2505 maiorem
2960 2440 3203 2494 obtinent
3222 2442 3421 2493 insana
3440 2447 3652 2510 specta-

2008 2510 2131 2563 cula
2142 2511 2504 2579 frequentiam
2522 2527 2683 2577 quam
2701 2510 2853 2564 beata
2865 2512 3138 2581 martyrio
3150 2512 3299 2578 .Quis
3312 2511 3452 2564 hanc
3461 2511 3652 2565 urbem

2009 2583 2332 2651 reformavit
2362 2582 2541 2635 saluti
2560 2584 2584 2633 .9
2614 2582 2718 2649 Qui
2741 2599 2773 2635 a
2793 2580 3103 2651 captivitate
3123 2584 3286 2647 eruit,
3314 2584 3437 2651 quis
3456 2600 3489 2636 a
3508 2580 3657 2636 caede

2008 2652 2296 2723 defendit?
2315 2652 2502 2708 Ludus
2526 2654 2880 2716 circensium,
2899 2670 2971 2707 an
2993 2669 3129 2709 cura
3144 2655 3462 2708 sanctorum
3476 2656 3501 2705 .9
3520 2668 3654 2723 quo-

2010 2740 2131 2777 rum
2162 2726 2349 2795 utique
2375 2724 2623 2793 precibus
2664 2724 2867 2779 divinae
2895 2740 3142 2780 censurae
3199 2726 3344 2794 ﬂexa
3386 2726 3659 2778 sententia

2008 2804 2119 2861 est;
2155 2800 2217 2849 ut
2247 2798 2342 2865 qui
2368 2796 2713 2850 merebamur
2740 2797 2903 2861 iram,
2932 2813 3286 2851 servaremur
3312 2796 3386 2851 ad
3410 2797 3657 2850 veniam.

2009 2867 2098 2921 Sic
2129 2868 2366 2921 domum
2400 2867 2699 2921 concludit
2734 2884 2746 2921 :
2782 2868 3142 2922 Revertimini
3158 2868 3227 2921 ad
3258 2868 3545 2922 Dominum
3569 2868 3661 2920 in-

2010 2937 2321 3008 telligente:
2350 2939 2632 2993 mirabilia
2665 2953 2791 3009 quze
2840 2941 2899 2991 in
2930 2939 3086 2994 nobis
3136 2940 3395 3007 dignatus
3424 2942 3503 2993 est
3529 2953 3659 3008 ope-

2010 3012 2151 3069 rari.
2183 3020 2237 3065 et
2269 3010 2642 3065 liberationem
2695 3011 2851 3066 534
2902 3016 3149 3065 nostram
3197 3026 3328 3074 non,
3377 3012 3513 3064 sicut
3542 3010 3659 3079 opi-

263 3082 486 3160 perasset
514 3078 922 3160 obtemperarit.
959 3080 1089 3133 Tum
1119 3080 1676 3160 regemtrespondisse
1694 3095 1819 3160 non
1845 3094 1903 3134 se
1932 3095 1973 3160 ρ
2010 3090 2219 3160 nentur
2247 3083 2434 3160 impii,
2460 3083 2747 3160 stellarum
2775 3082 3086 3160 affectibus.
3118 3082 3209 3136 sed
3241 3082 3516 3160 ineﬁabili
3544 3078 3657 3160 om-

265 3152 367 3214 eim
383 3152 478 3220 qui
499 3152 804 3205 ademerat
820 3165 1111 3219 personam
1132 3150 1431 3206 reveritum
1452 3167 1587 3214 esse,
1606 3151 1703 3205 sed
1725 3152 1902 3205 alium

266 3236 315 3274 se
331 3222 503 3275 virum
515 3223 686 3291 juxta
696 3237 819 3276 eum
832 3223 891 3275 in
904 3222 1096 3277 habitu
1105 3222 1431 3277 sacerdotali
1448 3227 1719 3277 astantem
1730 3222 1899 3276 vidis-

268 3300 507 3362 se,/orma
522 3294 965 3361 augustiore,can
976 3295 1078 3348 itie
1092 3294 1709 3363 venerabile-m,eumque
1723 3295 1901 3363 eoagi-

270 3368 385 3418 nato
403 3364 585 3434 gladio
599 3364 707 3418 sibi
720 3364 1056 3419 terribiliter
1081 3371 1313 3420 mortem
1334 3366 1705 3431 minitantem,
1722 3368 1771 3419 si
1793 3381 1902 3419 non

266 3444 445 3489 cuncta
463 3452 584 3506 qum
606 3437 703 3489 ille
719 3436 1292 3506 expetebatexplesset.
1308 3436 1429 3491 Non
1446 3437 1538 3491 his
1560 3442 1714 3491 certe
1726 3437 1898 3491 terri-

267 3506 606 3579 culamentis
621 3506 850 3575 eguisse
871 3507 1098 3562 videtur
1112 3508 1377 3575 Attila,ut
1398 3510 1471 3562 ab
1492 3508 1899 3579 oppugnandis

272 3577 1073 3651 urbisconsiliorevocaretur,
1096 3580 1151 3633 in
1176 3582 1420 3650 quojam
1443 3577 1764 3651 plurimum
1792 3580 1901 3634 ﬂu-

275 3651 508 3715 ctuabat,
544 3668 578 3704 a
610 3649 737 3705 suis
766 3649 1038 3705 videlicet
1068 3649 1400 3717 deterritus,
1435 3649 1490 3706 et
1520 3652 1591 3706 de
1623 3668 1900 3706 successu

273 3721 636 3789 expeditionis
651 3738 859 3792 parum
873 3721 996 3792 ipse
1017 3722 1126 3776 sibi
1148 3723 1465 3787 conﬁdens,
1482 3724 1626 3778 satis
1640 3724 1748 3779 sibi
1771 3740 1901 3778 esse

278 3793 337 3845 ad
364 3792 605 3863 gloriam
635 3794 956 3850 (estimans.
990 3793 1144 3864 quod
1179 3795 1475 3865 supplices
1508 3812 1573 3849 ac
1606 3796 1901 3863 subjectos

277 3879 445 3936 coram
472 3880 534 3920 se
561 3865 895 3934 pontificem
919 3881 1303 3936 proceresque
1324 3870 1616 3921 Romanos
1639 3867 1898 3921 haberet.

278 3933 656 4009 Hancbarb’ari
675 3933 1903 4009 ﬂuctuationemJornandes,quiJustiniani

276 4005 624 4089 imperato_ris
655 4012 912 4089 tempore
927 4007 1161 4089 claruit,
1182 4010 1464 4089 graphice
1478 4005 1774 4089 describit,
1798 4010 1903 4089 τὶν-ε

280 4084 488 4151 tuaique
522 4078 701 4133 Prisci
736 4078 995 4134 historici
1028 4078 1390 4136 auctoritate.
1427 4081 1560 4135 Cum
1592 4082 1803 4151 inquit,
1834 4080 1904 4135 ad

278 4149 477 4205 Romam
508 4153 731 4205 animus
756 4151 947 4219 [uisset
964 4153 1082 4217 eius
1099 4156 1333 4207 attentus
1348 4152 1621 4219 accedere,
1640 4149 1732 4206 sui
1754 4168 1900 4217 eum,

274 4226 327 4275 ut
353 4224 572 4277 Priscus
605 4222 778 4292 refert
822 4222 1134 4291 historicus,
1166 4240 1457 4287 removere,
1488 4240 1598 4277 non
1632 4224 1781 4285 Urbi,
1812 4226 1905 4279 cui

272 4293 471 4367 inimici
497 4300 682 4361 erant,
712 4294 1072 4367 consulentes,
1091 4295 1184 4349 sed
1214 4296 1429 4350 Alarici
1446 4295 1718 4367 quondam
1743 4296 1896 4350 Vese-

270 4364 540 4432 gotharum
571 4367 716 4436 regis
746 4365 1061 4435 objicientes
1088 4369 1418 4437 exemplum,
1440 4364 1608 4420 ceriti
1632 4368 1784 4435 regis
1814 4368 1906 4423 sui

270 4438 551 4502 fortunam,
565 4438 697 4511 quia
718 4437 817 4491 ille
831 4441 954 4508 post
969 4440 1201 4508 fractam
1225 4440 1449 4495 Romam
1469 4438 1567 4492 diu
1579 4454 1689 4493 non
1712 4453 1903 4509 super-

2010 3155 2304 3221 nipotentis
2336 3154 2434 3207 Dei
2461 3154 2854 3208 misericordiae
2883 3153 3217 3223 disputantes,
3241 3158 3334 3224 qui
3362 3154 3532 3208 corda
3562 3154 3657 3223 fu-

2009 3226 2251 3278 rentium
2286 3225 2643 3278 barbarorum
2674 3227 2930 3294 mitigare
2957 3226 3212 3294 dignatus
3242 3230 3337 3280 est.

2080 3297 2277 3349 Tantae
2295 3295 2369 3367 rei
2389 3296 2897 3367 famauniversum
2922 3297 3117 3350 orbem
3142 3295 3660 3367 pervasitejusque

2010 3367 2291 3422 memoria
2322 3365 2380 3419 in
2428 3366 2823 3421 Orientalibus
2872 3369 3047 3422 etiam
3083 3365 3343 3437 partibus
3372 3384 3556 3435 usque
3588 3367 3657 3421 ad

2010 3454 2200 3492 seram
2236 3439 2624 3508 perseveravit
2655 3443 2880 3492 aetatem
2909 3459 2921 3504 ;
2957 3440 3039 3493 ita
3071 3448 3132 3493 ut
3166 3455 3296 3492 cum
3330 3437 3656 3493 Orientales

2010 3510 2108 3564 diu
2127 3515 2256 3579 post
2273 3509 2674 3581 scriberentad
2693 3510 3111 3581 Symmachum
3132 3526 3660 3581 papam,opemque

2010 3596 2075 3636 ac
2109 3580 2581 3636 communionem
2617 3582 2687 3635 ab
2720 3597 2787 3635 eo
2818 3587 3144 3651 poscerent,
3180 3599 3293 3636 non
3327 3580 3438 3635 alio
3472 3580 3660 3652 magis

2009 3653 2273 3723 exemplo
2299 3652 2640 3707 charitatem
2668 3654 2797 3719 ejus
2819 3654 3243 3708 accendendam
3269 3669 3398 3708 esse
3418 3658 3656 3722 putave-

2015 3724 2146 3789 rint,
2170 3741 2344 3795 quam
2383 3725 2590 3779 Leonis
2622 3725 2803 3779 nostri
2838 3726 3067 3779 Attilam
3101 3723 3501 3780 convenientis
3531 3725 3660 3779 ﬂec-

2009 3796 2327 3866 tentisque.
2360 3799 2426 3850 Si
2454 3798 2625 3860 enim,
2651 3796 2927 3866 inquiunt
2948 3797 3144 3866 (Epist.
3172 3796 3446 3852 Oriental.
3470 3801 3605 3866 post.
3631 3797 3665 3850 8

2010 3866 2333 3939 Symmachi
2348 3869 2499 3927 PP.).
2520 3870 2614 3938 qui
2631 3869 2904 3934 praecessit
2922 3868 3323 3923 beatitudinem
3345 3880 3497 3923 tuam
3518 3870 3665 3923 inter

2010 3946 2222 3993 sanctos
2248 3941 2576 3994 constitutus
2606 3940 2706 3993 Leo
2734 3940 3172 4010 archiepiscopus
3194 3940 3264 3995 ad
3284 3942 3507 3994 Attilam
3538 3944 3668 3994 tunc

2012 4026 2261 4065 erronem
2297 4010 2591 4065 barbarum
2606 4026 2705 4080 per
2718 4027 2771 4065 se
2787 4027 3012 4065 currere
3034 4027 3140 4066 non
3160 4011 3319 4066 duxit
3346 4013 3665 4079 indignum,

2014 4090 2071 4134 ut
2127 4083 2501 4151 captivitatem
2543 4084 2841 4149 corrigeret
2891 4084 3255 4151 corporalem.
3310 4099 3408 4136 nec
3449 4087 3669 4136 tantum

2012 4153 2483 4215 Christianorum,
2498 4155 2587 4207 sed
2604 4154 2985 4209 etludseorum
3004 4154 3087 4207 (ut
3107 4154 3371 4208 credibile
3391 4156 3490 4219 est)
3506 4157 3669 4221 atque

2010 4240 2360 4296 paganomm
2388 4243 2402 4292 ;
2435 4229 2638 4296 quanto
2669 4228 2847 4293 magis
2895 4225 3158 4292 festinare
3191 4227 3260 4279 ad
3289 4229 3441 4279 tuam
3474 4226 3667 4279 attinet

2011 4295 2378 4358 Sanctitatem,
2414 4311 2519 4350 non
2555 4295 2624 4351 ad
2654 4312 2954 4365 corporeae,
2998 4313 3124 4369 quae
3154 4297 3295 4352 bello
3316 4297 3401 4369 ﬁt.
3437 4299 3666 4367 captivi-

2014 4371 2144 4423 tatis
2173 4369 2569 4422 correctionem
2599 4375 2762 4438 atqne
2789 4368 3210 4425 con-versionem.
3233 4368 3324 4424 sed
3344 4370 3665 4422 animarum

2014 4454 2139 4510 quae
2166 4441 2468 4510 captivatae
2496 4445 2645 4504 sunt,
2677 4441 2760 4495 vel
2790 4440 3028 4511 quotidie
3057 4442 3404 4511 captivantur
3434 4440 3509 4509 (a)
3534 4438 3557 4491 ?

1292 4546 1940 4608 BALLERINIORUM
1990 4550 2034 4605 A
2048 4548 2504 4608 NNOTA'I‘IUN
2516 4548 2629 4608 ES.

338 4647 405 4719 (a)
436 4648 573 4723 Post
600 4647 931 4723 epist._108,
957 4648 1027 4723 ad
1061 4648 1430 4723 Theodorum
1448 4649 1906 4721 Forojulieusem
1937 4653 1984 4718 D
2015 4650 2450 4721 (conferannot.
2478 4653 2500 4706 1
2528 4652 2693 4723 [Tom
2716 4651 2951 4723 praeveni.
2976 4652 3222 4719 col.987,
3243 4668 3299 4723 η.
3328 4650 3389 4720 ω]
3413 4649 3472 4723 in
3493 4648 3665 4720 epist.

276 4718 452 4792 datam
480 4738 540 4774 IlI
561 4718 1320 4792 id.’Junias,nullaepistola
1345 4722 1450 4777 hoc
1474 4718 1626 4776 anno
1649 4737 1908 4776 recense-

274 4790 586 4864 batur.Nos
614 4808 681 4846 ex
704 4807 816 4846 ms.
836 4790 1244 4864 Ratispon'ensi
1264 4794 1577 4849 eduximus
1599 4792 1907 4864 epistolam

272 4862 387 4928 109,
408 4864 475 4918 ad
496 4862 800 4918 Julianum
825 4862 1103 4919 Coens'em
1129 4866 1324 4919 datam
1350 4865 1442 4920 die
1457 4866 1527 4919 95
1541 4862 1906 4931 Novembris,

272 4948 330 4987 ac
348 4934 852 5006 proptereal.eonis
866 4935 1215 5005 legationem
1231 4937 1298 4991 ad
1310 4936 1544 4992 Attilam
1562 4936 1906 4992 intermedio

273 5016 658 5080 tempore,quo
675 5006 874 5080 nulla:
897 5008 1025 5076 ejus
1045 5006 1270 5080 litteras
1284 5008 1908 5080 habemus,contigisse

270 5078 399 5132 satis
426 5077 744 5135 verisimile
761 5080 997 5150 estrQui
1020 5079 1176 5134 enim
1209 5079 1358 5135 hanc
1379 5079 1730 5150 legationem
1755 5077 1906 5135 assi-

271 5154 438 5218 gnant
469 5151 625 5222 circa
654 5149 930 5221 paschale
952 5155 1187 5222 tempus
1210 5152 1346 5206 anni
1370 5149 1493 5218 1152,
1518 5152 1679 5208 nullo
1704 5152 1906 5206 funda-

272 5228 451 5277 mento
481 5219 775 5277 nituntur.
832 5222 1016 5277 Immo
1064 5219 1198 5277 vero
1228 5239 1361 5277 cum
1399 5224 1511 5278 Leo
1568 5223 1741 5290 paulo
1776 5227 1907 5294 post

269 5308 495 5349 suorum
512 5293 837 5367 legatorum
854 5293 1142 5367 econcilio
1164 5295 1439 5367 reditum,
1467 5295 1638 5362 cujus
1664 5293 1905 5350 mentio-

268 5382 386 5420 nem
422 5366 557 5420 facit
582 5366 759 5436 epist.
795 5366 921 5431 403,
968 5366 1187 5436 scripta
1237 5368 1305 5422 ad
1342 5366 1537 5422 Gallos
1585 5368 1694 5421 sub
1728 5368 1905 5421 ﬁnem

264 5436 570 5503 Februarii,
604 5436 692 5490 vel
736 5436 845 5508 sub
878 5436 1112 5492 initium
1169 5438 1362 5493 Martii
1396 5438 1577 5507 hujus
1607 5439 1743 5494 anni
1780 5440 1904 5508 452,

263 5508 573 5564 Lucianum
601 5513 659 5563 et
678 5507 959 5581 Basilium
982 5508 1205 5581 legatos
1225 5509 1905 5581 Constantinopolitanos

257 5581 555 5653 receperit,
591 5580 693 5649 qui
724 5596 859 5653 cum
889 5580 1092 5637 eodem
1122 5583 1392 5650 pontifice
1425 5580 1630 5639 multis
1659 5586 1907 5653 egerunt

256 5650 988 5737 deconstantinopolitanaa
1012 5652 1170 5736 sedis
1194 5656 1601 5737 prfrogativa;
1624 5650 1904 5737 hiantem

253 5722 417 5794 legati
434 5722 1003 5797 Constantinopolim
1021 5722 1253 5781 remissi
1268 5722 1483 5780 fuerint
1505 5743 1633 5781 cum
1651 5732 1905 5797 quatuor

247 5796 512 5869 epistolis
545 5796 671 5863 105,
707 5795 830 5862 105,
865 5796 967 5850 106
1012 5802 1071 5853 et
1120 5798 1244 5863 107,
1277 5796 1509 5869 scriptis
1541 5798 1635 5854 die
1663 5795 1735 5853 22
1765 5797 1904 5855 Maii

2021 4724 2166 4789 103),
2198 4728 2332 4777 ante
2353 4723 2463 4777 hoc
2494 4721 2729 4792 tempus
2754 4722 2998 4776 Leonem
3026 4727 3207 4777 Roma
3227 4721 3669 4789 discessisse,ut

2022 4794 2203 4848 Attilae
2227 4800 2636 4859 occurreret,et
2658 4810 2789 4847 cum
2811 4810 2875 4847 eo
2892 4796 2957 4847 de
2981 4792 3667 4864 pacetractaret,nullum

2022 4866 2331 4933 indicium,
2357 4866 2520 4921 nulla
2542 4864 2920 4933 probabilitas
2946 4870 3052 4919 est.
3080 4866 3256 4920 Porro
3275 4864 3668 4921 JulianusCo-

2021 4938 2178 4993 ensis
2207 4938 2316 4992 sub
2341 4937 2572 4992 initium
2608 4954 2700 4991 an.
2732 4936 2835 4990 433
2856 4938 2924 4990 ad
2960 4937 3206 4991 Leonem
3240 4937 3464 4993 litteras
3488 4935 3665 5004 dedit,

2020 5010 2236 5081 quibus
2258 5010 2329 5081 de
2352 5008 2525 5064 malis
2550 5007 2922 5081 ltaliieillatis
2943 5009 3015 5062 ab
3038 5008 3212 5063 Attila
3234 5026 3365 5065 cum
3393 5009 3668 5081 pontiﬁce

2019 5080 2100 5134 ita
2122 5079 2444 5142 condoluit,
2469 5084 2614 5135 utea
2635 5078 2923 5149 malajam
2948 5086 3170 5144 exacta,
3196 5085 3253 5135 et
3275 5078 3489 5136 idcirco
3511 5081 3667 5151 lega-

2018 5152 2100 5205 tio
2134 5168 2366 5223 quoque
2400 5151 2608 5223 Leonis
2630 5153 2935 5206 terminata
2971 5157 3268 5218 noscatur,
3288 5153 3666 5223 quemadmo-

2019 5221 2161 5277 dum
2192 5222 2487 5293 colligere
2514 5221 2649 5276 licet
2695 5239 2761 5278 ex
2809 5224 2999 5293 ipsius
3030 5225 3237 5279 Leonis
3287 5221 3668 5293 responsione

2018 5295 2186 5365 epist.
2224 5295 2343 5359 113,
2390 5295 2526 5348 data
2557 5294 2649 5348 die
2700 5296 2758 5349 11
2808 5296 2997 5350 Martii
3031 5314 3124 5351 an.
3161 5297 3282 5348 435.
3336 5295 3515 5363 Igitur
3545 5293 3666 5347 haec

2018 5366 2448 5437 Leonislegatio
2467 5367 2770 5421 commode
2797 5369 3141 5423 ascribenda
3167 5372 3254 5421 est
3276 5368 3385 5421 sub
3407 5365 3664 5420 medium

2016 5439 2248 5494 circiter
2278 5454 2497 5493 annum
2534 5440 2656 5505 452,
2689 5442 2745 5492 et
2775 5444 2929 5494 certe
2958 5443 3091 5494 ante
3129 5438 3284 5492 diem
3313 5439 3384 5492 25
3417 5438 3662 5492 Novem-

2016 5511 2158 5565 bris.
2186 5511 2321 5565 Dein
2346 5527 2414 5565 ex
2441 5509 2677 5564 laudata
2696 5511 2764 5564 ad
2796 5511 3098 5565 Julianum
3126 5509 3291 5579 epist.
3321 5510 3421 5562 109
3452 5507 3663 5563 didici-

2016 5598 2150 5637 mus
2164 5581 2321 5636 hunc
2336 5582 2504 5637 Leoni
2521 5581 2884 5649 significasse
2900 5581 3339 5636 Palestinorum
3358 5579 3667 5635 monacho-

2015 5670 2145 5707 rum
2176 5654 2380 5708 turbas
2403 5658 2525 5709 tum
2552 5654 2761 5707 litteris
2786 5660 2985 5707 contra
3012 5650 3322 5706 concilium
3349 5652 3655 5707 Chalcedo-

2015 5740 2214 5785 nense.
2250 5730 2307 5780 et
2329 5732 2524 5781 contra
2551 5727 2738 5797 ipsam
2754 5724 2962 5780 Leonis
2980 5724 3381 5797 deﬁnitionem
3406 5724 3661 5797 scriptis,

2013 5801 2139 5855 tum
2170 5797 2445 5857 violentis
2492 5794 2671 5856 etiam
2701 5797 2981 5854 adversus
3028 5794 3348 5856 catholicos
3377 5801 3435 5855 et
3463 5794 3668 5855 contra
