4062 6202
422 165 540 226 335

796 163 1075 226 PASCH.
1119 165 1558 237 QUESNELLI
1602 165 2270 264 DISSERTA'I‘IONES
2314 167 2394 227 ΙΝ
2441 167 2506 228 S.
2553 166 2831 228 LEONIS
2877 166 3123 228 MAGNI
3166 164 3443 230 OPERA.

3666 177 3760 238 336

416 297 806 372 gitabatur_ab
826 297 1159 372 Innocentio
1184 299 1224 354 X
1246 315 1479 355 summo
1503 298 1797 371 pontifice,
1822 301 1886 354 ut
1906 298 2061 372 idem
2094 307 2149 372 Α
2176 299 3198 372 nopolitanumpatriarcham,sensum
3209 301 3761 370 quidemetsententiam

416 374 622 427 auctor
649 370 825 426 refert
852 371 1054 426 eodem
1083 370 1231 437 loco,
1267 375 1399 442 post
1420 370 1622 442 pauca.
1658 372 1822 438 Illud,
1847 371 2063 441 inquit,

412 451 695 515 postremo
713 443 824 497 loco
875 442 1257 515 adiungimus,
1292 442 1590 498 Innocentii
1621 443 1659 495 X
1683 444 1884 512 pontif.
1917 457 2070 506 max,

408 513 594 588 jussu,
625 513 698 568 ad
730 513 1082 588 _recolendam
1128 516 1435 588 apostolici
1464 515 1577 588 viri
1625 517 1974 588 memoriam,
2010 528 2073 567 in

427 587 698 644 Vaticana
724 585 950 640 basilica
998 586 1257 639 sacellum
1289 587 1351 639 in
1383 585 1502 652 eius
1533 585 1794 639 honorem
1824 585 1892 639 ad
1923 599 2070 654 prae-

415 673 541 713 sens
570 659 772 728 aptari,
802 658 900 711 ubi
931 659 1129 726 equitis
1150 657 1453 712 Alexandri
1471 655 1697 727 Algardi
1711 657 2072 711 Bononiensis

418 746 610 800 manu,
641 731 789 783 inter
830 731 1118 784 statuariw
1157 730 1298 783 artis
1347 729 1645 800 sculptores
1691 729 1976 797 primarii,
2011 729 2069 781 in

421 801 607 856 tabula
637 815 945 855 marmorea
975 799 1120 854 idem
1155 800 1424 871 pontifex,
1455 799 1588 853 dum
1617 799 1798 853 Attila:
1827 801 2070 854 occurrit

420 873 490 928 ad
519 871 862 926 liberandam
896 872 1112 936 Urbem,
1163 871 1489 937 exsculptus
1519 872 1855 924 intuentium
1895 872 2070 925 oculis

417 943 726 1009 exhibetur,
757 951 808 998 et
839 959 1058 997 sacram
1087 959 1270 1008 aram,
1316 944 1416 996 sub
1449 959 1559 1012 qua
1601 941 1845 1012 ejusdem
1874 941 2068 996 deinde

417 1031 608 1085 corpus
656 1014 1034 1069 collocandum
1082 1023 1183 1082 est,
1214 1015 1577 1069 nobilissimae
1627 1016 1810 1068 instar
1837 1015 2068 1083 picturae

416 1085 698 1158 splendide
727 1090 983 1158 exornat.

488 1156 631 1212 XVI.
665 1162 732 1210 Et
761 1157 881 1211 haec
911 1156 1148 1226 quidem
1169 1155 1629 1226 sancticorporis
1651 1153 1915 1225 reliquiis
1938 1169 2066 1208 cer-

415 1229 583 1283 tatim
604 1229 873 1300 impensa
890 1233 1030 1283 sunt
1052 1227 1262 1282 ofﬁcia.
1287 1227 1394 1281 Sed
1421 1227 1574 1281 haud
1599 1226 1796 1300 minus
1814 1226 2066 1300 pretiosa

416 1298 816 1371 sanctiLeonis
829 1298 2064 1371 scripta,quzesupersunt,velutvenerand;e

419 1371 601 1427 animi
619 1372 734 1426 Deo
756 1370 909 1442 pleni
942 1368 1222 1442 reliquim,
1249 1368 1462 1440 quibus
1488 1386 1638 1441 saepe
1661 1369 1886 1423 reddita
1904 1368 2063 1442 sani-

415 1451 507 1498 tas
530 1440 912 1515 animis'quos
933 1459 1003 1497 au
1013 1447 1048 1515 ξ
1058 1441 1256 1515 vitium
1283 1446 1383 1496 aut
1403 1440 1926 1515 error’corrup‘erat
1943 1457 1955 1495 :
1971 1440 2063 1493 hic

418 1511 991 1586 sempertela'parata
1011 1513 1299 1586 Ecclesiae,
1315 1513 1530 1583 quibus
1535 1513 1601 1582 ju
1609 1511 1770 1583 gulet
1789 1511 2060 1586 haereses,

416 1582 667 1641 debellet
695 1582 1041 1653 dminonem,
1074 1589 1130 1640 et
1157 1582 1428 1638 vitiorum
1459 1582 1720 1638 monstra
1743 1582 2058 1639 confodiat.

413 1657 699 1740 Praeclara
721 1657 822 1711 illa
852 1655 1368 1740 magn‘ipontificis
1396 1655 1760 1740 monimenta
1781 1655 2063 1740 divinitus
2097 1674 2145 1740 B
2178 1655 2291 1740 nis,
2323 1657 2777 1740 repraesentatin
2797 1656 3112 1740 suis‘Anna

413 1729 630 1809 tradita
642 1726 1096 1809 esse,miracﬁulis
1119 1726 1422 1809 signisque
1438 1727 1592 1809 baud
1607 1726 1948 1809 vulgaribus
1960 1743 2066 1809 sse-

417 1815 490 1873 pe
507 1805 813 1856 ostensum
830 1805 940 1855 est.
960 1799 1109 1873 Quin
1131 1797 1461 1873 etiamnpost
1476 1805 1724 1873 mortem
1750 1797 2066 1873 aliquando

417 1869 580 1928 visus
611 1876 820 1944 praesto
848 1887 981 1944 esse
1012 1872 1083 1925 ad
1111 1869 1828 1944 rependendamgratiam
1862 1870 1935 1925 iis
1967 1869 2067 1944 qui

422 1959 592 1999 suam
612 1941 682 1999 ad
705 1943 1042 1998 Flavianum
1075 1941 1379 2013 epistolam
1414 1943 1562 2013 607
1589 1941 1990 2013 defenderant,
2017 1941 2064 1995 si

419 2015 565 2070 ﬁdes
577 2012 2066 2084 estauctoriPratispiritualisquihanccehistoriam

420 2086 512 2143 his
533 2087 726 2142 verbis
746 2090 1175 2141 commemorat.
1199 2084 1514 2147 Theodorus,
1536 2084 1727 2156 inquit
1747 2084 1898 2154 (Cap.
1914 2084 2063 2152 148),

417 2159 799 2214 sanctissimus
827 2159 1105 2229 episcopus
1144 2161 1345 2229 parum
1370 2156 1474 2229 _(vel
1501 2156 1716 2227 Deme?)
1747 2171 1873 2227 quw
1899 2165 1976 2210 est
2006 2157 2065 2209 in

415 2231 611 2300 Libya,
643 2227 896 2284 narravit
913 2227 1090 2296 nobis,
1121 2228 1330 2300 dicens:
1353 2227 1486 2282 Cum
1506 2244 1672 2284 essem
1691 2229 2063 2282 cubicularius

413 2299 596 2356 sancti
621 2316 784 2372 papae
813 2301 1047 2371 Eulogii,
1080 2299 1198 2354 vidi
1225 2301 1283 2355 in
1313 2301 1522 2372 somnis
1562 2302 1744 2372 virum
1774 2300 2065 2372 reverendi

298 2410 306 2422 .
416 2370 670 2438 habitus,
695 2370 918 2427 statura
945 2370 1261 2438 procerum,
1311 2370 1581 2426 dicentem
1625 2371 1767 2425 mihi
1797 2389 1815 2424 :
1844 2371 2059 2426 Nuntia

409 2459 591 2499 meum
623 2445 850 2511 Eulogio
884 2457 1047 2514 papa:
1092 2442 1402 2497 adventum.
1454 2443 1531 2497 Ad
1559 2459 1718 2515 quem
1746 2459 1842 2509 ego
1874 2460 1893 2497 :
1926 2444 2058 2510 Quis

406 2531 461 2570 es
487 2525 571 2582 tu,
605 2517 704 2586 qui
720 2515 884 2584 jubes
914 2519 975 2569 ut
1016 2515 1270 2569 nuntiem
1293 2517 1320 2568 ?
1367 2514 1707 2584 Itespondens
1755 2515 1875 2580 ille,
1906 2515 2055 2568 dixit

401 2586 546 2642 mihi
566 2606 584 2642 :
607 2587 714 2655 Ego
735 2603 857 2640 sum
877 2589 976 2640 Leo
994 2591 1270 2642 Romanus
1285 2587 1553 2656 pontifex.
1575 2587 1854 2654 Ingressus
1875 2587 2054 2652 igitur

401 2674 506 2730 ego
534 2660 792 2714 nuntiavi
805 2659 991 2730 dicens
1009 2675 1028 2712 :
1053 2658 1442 2730 sanctissimus
1461 2661 1510 2712 et
1541 2658 1882 2730 beatissimus
1904 2674 2051 2730 papa

400 2727 504 2786 Leo
533 2736 792 2786 Romanae
810 2729 950 2784 sedis
970 2729 1195 2783 antistes
1210 2730 1502 2784 convenire
1517 2745 1610 2783 vos
1629 2729 1719 2782 vul
1750 2769 1761 2781 .
1789 2727 1924 2782 Cum
1944 2728 2050 2783 hoc

395 2801 663 2857 audiisset
689 2818 831 2872 papa
860 2801 1140 2867 Eulogius,
1173 2816 1470 2865 exsurgens
1499 2801 1742 2854 concitus
1773 2799 1827 2852 in
1857 2815 2044 2854 occur-

394 2888 517 2928 sum
547 2875 682 2943 ejus,
703 2873 1122 2941 salutantesque
1151 2888 1206 2926 se
1237 2873 1472 2925 invicem
1495 2873 1742 2926 oratione
1757 2872 1904 2943 [acta
1925 2885 2048 2924 con-

393 2941 676 3000 sederunt.
701 2945 844 2998 Tunc
870 2960 998 2999 vero
1017 2943 1198 2997 domin
1208 2959 1270 2997 us
1289 2946 1339 2997 et
1358 2943 1598 2996 eximius
1628 2945 1729 2996 Leo
1750 2941 1894 2996 dixit
1913 2957 2045 2996 san-

2183 389 2362 427 meam
2380 373 3126 443 aperientem,haereticorum
3145 376 3324 428 autem
3337 390 3424 428 ora
3435 375 3761 438 obstruentem.

2184 443 2328 516 Scito
2352 452 2559 511 autem,
2606 443 2804 516 frater,
2828 447 2969 516 quia
3018 459 3129 498 non
3158 443 3300 516 mihi
3343 449 3538 502 tantum
3563 455 3764 508 vestrum

2181 515 2434 569 divinum
2452 514 2698 570 laborem
2717 514 3064 584 studiumque
3083 514 3412 581 contulistis,
3431 518 3515 572 sed
3533 525 3680 576 etiam
3695 541 3767 579 su-

2176 603 2366 660 premo
2395 587 2637 660 culmini
2658 587 3032 660 apostolorum
3068 587 3248 660 Petro,
3273 595 3324 640 et
3351 590 3456 658 ipsi
3476 605 3584 660 prw
3616 598 3763 649 omni-

2183 659 2300 727 bus,
2335 675 2452 728 quae
2480 675 2511 712 a
2541 657 2702 713 nobis
2717 658 3059 728 praedicatur
3088 658 3332 724 Veritati,
3355 657 3446 729 qui
3465 657 3535 715 est
3555 662 3766 720 Christus

2180 729 2320 783 Deus
2350 734 2553 806 noster.
2607 730 2718 806 Ista
2767 745 2875 784 non
2904 729 3068 806 semel
3116 737 3345 806 tnntum,
3377 732 3470 786 sed
3513 733 3585 786 bis
3614 739 3769 806 terque

2179 803 2540 872 conspiciens,
2574 803 2724 855 trina
2751 802 3101 872 apparitione
3121 800 3387 870 ﬁrmatus,
3409 807 3646 859 enarravi
3661 800 3766 861 san-

2177 876 2259 926 cto
2288 887 2450 943 papae
2480 873 2745 944 Eulogio,
2787 875 2883 942 qui
2911 888 3036 926 cum
3065 873 3299 926 audisset
3329 875 3641 944 lacrymatus
3665 886 3768 939 est;

2178 945 2589 1014 extendensque
2616 949 2676 998 in
2705 945 2899 998 cwlum
2944 959 3142 997 manus
3185 960 3330 1010 suas,
3356 949 3458 1000 Deo
3485 950 3676 1014 gratias
3700 966 3771 1004 re-

2178 1015 2325 1079 tulit,
2359 1015 2544 1070 dicens
2573 1033 2591 1068 :
2621 1016 2839 1071 Gratias
2862 1014 2964 1069 tibi
2993 1029 3114 1084 ago,
3136 1015 3451 1070 Dominator
3463 1018 3617 1082 orbis,
3639 1018 3772 1075 Chri-

2175 1094 2257 1140 ste
2286 1087 2438 1141 608
2471 1088 2612 1140 Deus
2643 1094 2842 1152 noster,
2865 1087 2956 1157 qui
2982 1102 3104 1140 cum
3135 1087 3396 1157 indignus
3420 1089 3538 1153 sim,
3563 1094 3775 1144 veritatis

2175 1161 2285 1212 tuae
2309 1173 2617 1228 praeconem
2667 1173 2753 1212 me
2791 1160 2992 1228 facere,
3036 1161 3089 1212 et
3114 1173 3213 1227 per
3241 1167 3508 1213 orationes
3534 1176 3776 1215 servorum

2177 1233 2398 1282 tuorum
2431 1229 2578 1284 Petri
2605 1232 2658 1282 et
2688 1231 2882 1285 Leonis
2911 1245 3140 1297 parvam
3171 1237 3222 1283 et
3247 1229 3511 1284 modicam
3540 1232 3775 1286 alacrita-

2175 1307 2281 1355 tem
2310 1307 2576 1366 nostram,
2611 1308 2892 1370 tamquam
2919 1301 3024 1354 duo
3056 1299 3230 1354 vidum
3259 1304 3494 1367 minuta,
3523 1319 3718 1356 summa
3736 1307 3780 1358 et

2173 1371 2448 1442 ineffabili
2476 1371 2815 1443 benignitate
2841 1373 2938 1443 tua
2961 1373 3241 1442 suscipere
3269 1371 3532 1443 dignatus
3558 1391 3626 1428 es.

2246 1443 2420 1515 XVII.
2452 1442 2671 1498 Cusum
2705 1442 3005 1515 numisma
3025 1459 3241 1515 aereum
3262 1442 3400 1499 in’S.
3425 1443 3622 1500 Leonis
3642 1461 3779 1515 papa

2175 1514 2544 1588 memoriam,
2576 1530 2708 1569 cum
2731 1513 2987 1588 imagine
3007 1517 3063 1569 et
3087 1513 3325 1571 nomine
3345 1515 3401 1588 S_.
3432 1515 3575 1588 Petri
3597 1533 3628 1570 a
3645 1513 3784 1588 parte

2175 1584 2380 1653 altera,
2412 1585 2593 1642 altera
2621 1601 2755 1640 vero
2786 1584 3020 1641 nomine
3043 1601 3320 1711 expresso
3371 1585 3554 1657 ipsius
3581 1584 3783 1642 SfLeo-

2178 1655 2291 1711 nis.
2326 1661 2702 1711 repraesentat
2719 1657 2777 1711 in
2797 1656 2921 1711 suis
2945 1659 3112 1711 Anna
3140 1657 3272 1711 ibus
3294 1658 3658 1711 doctissimus
3677 1675 3782 1711 car-

3140 1657 3272 1714 ibus
3294 1658 3658 1714 doctissimus
3677 1675 3782 1713 car-

2178 1727 2404 1784 dinalis'
2424 1729 2709 1802 Baronius
2729 1744 2798 1782 ex
2828 1729 3064 1802 archivo
3086 1727 3245 1802 Laelii
3275 1729 3625 1802 Pasqualini,
3647 1731 3782 1800 ejus-

2177 1816 2291 1871 que
2323 1800 3018 1874 numismatismysteria
3039 1800 3355 1874 investigat
3384 1800 3484 1874 (Ad
3510 1819 3635 1856 ann.
3677 1803 3779 1874 461,

2174 1870 2332 1926 num.
2369 1873 2476 1942 12).
2511 1872 2622 1927 Sed
2652 1870 2925 1927 Nicolaus
2956 1870 3282 1927 Alemanus
3323 1870 3785 1928 in‘dissertatione

2175 1943 2246 1998 de
2278 1943 2618 1998 Lateranen.
2651 1942 2886 2009 Pariet.,
2917 1948 2976 1998 et
3005 1948 3135 2014 post
3160 1943 3357 2014 ipsum
3391 1946 3647 2000 Andreas
3675 1944 3784 1998 Vic-

2174 2014 2419 2070 torellus
2448 2015 2504 2069 in
2540 2015 2939 2087 additionibus
2986 2015 3057 2069 ad
3077 2014 3436 2087 ACiaconium
3470 2018 3543 2087 (α)
3572 2016 3638 2070 ad
3663 2015 3784 2087 Leon-

2175 2102 2308 2159 nem
2352 2087 2458 2159 III,
2499 2087 2606 2141 hoc
2661 2086 2960 2159 numisma
3001 2085 3202 2159 referri
3229 2085 3786 2159 _merito'putantob

2173 2157 2324 2212 hanc
2355 2157 2831 2228 rationem,quod
2851 2157 3082 2212 Domini
3111 2157 3323 2213 titulus
3347 2159 3440 2214 his
3471 2157 3683 2214 nummi
3709 2157 3785 2212 lit-

2171 2229 2311 2284 teris
2341 2234 2668 2295 contentus,
2695 2234 2757 2284 D.
2778 2229 2844 2283 N.
2865 2229 3035 2283 Luem
3069 2246 3249 2298 parm,
3275 2247 3393 2286 non
3427 2231 3593 2285 Leoni
3626 2231 3784 2284 Icon-

2167 2301 2382 2369 veniat,
2416 2303 2516 2356 sed
2551 2301 2725 2357 Leoni
2759 2301 2856 2364 IlI,
2899 2299 2992 2355 cui
3026 2299 3192 2356 Urbis
3221 2301 3548 2356 dominium
3578 2301 3788 2356 Carolus

2169 2373 2417 2444 Magnus
2449 2373 2804 2428 Francorum
2833 2387 2932 2426 rex
2961 2376 3020 2444 et
3038 2371 3361 2442 imperator
3382 2375 3787 2444 restituerat,_et

2167 2441 2519 2511 ﬁrmaverat,
2549 2449 2614 2498 ut
2643 2444 2903 2515 loquitur
2931 2441 3272 2515 Alema’nus,
3297 2444 3383 2500 vel
3421 2445 3610 2515 potius
3637 2447 3696 2499 ut
3720 2441 3788 2497 lo-

2165 2517 2263 2586 qui
2297 2517 2498 2570 debuit
2525 2516 2616 2586 (b),
2649 2521 2774 2570 tum
2810 2513 3066 2584 primum
3101 2514 3353 2586 largitus
3384 2513 3528 2570 erat.

2236 2587 2306 2642 Ut
2339 2592 2404 2641 ut
2425 2587 2503 2641 sit
2529 2587 2599 2642 de
2622 2587 2732 2642 hoc
2761 2602 2907 2640 aereo
2932 2593 3338 2653 monumento,
3362 2587 3784 2642 monumentum

2160 2663 2314 2712 certe
2346 2658 2550 2730 quovis
2583 2674 2692 2712 aere
2745 2657 3209 2730 perenniussibi
3237 2660 3440 2714 vivens
3473 2657 3786 2730 posuitiLeo

2161 2735 2380 2798 noster,
2415 2729 2538 2784 suis
2570 2745 2892 2798 numquam
2918 2729 3249 2784 interituris
3273 2729 3781 2793 lucubrationibus,

2155 2802 2286 2856 vita
2308 2801 2714 2860 sanctimonia.
2730 2801 2868 2855 dum
2888 2799 3144 2856 Ecclesia
3160 2802 3446 2868 manebit,
3475 2820 3508 2858 a
3528 2799 3782 2857 Christia-

2156 2871 2248 2945 nis
2279 2871 2604 2936 recolenda,
2639 2872 3139 2945 rerumpraeclare
3169 2880 3484 2945 gestarum,
3517 2871 3783 2945 magnitu-

2154 2943 2290 2998 dine
2320 2959 2387 3000 ac
2417 2945 2705 3027 susceptis
2723 2943 3102 3027 pro'Ecclesia
3121 2943 3452 3027 et‘imperio
3475 2943 3782 3027 laboribus;

394 3020 478 3106 et?
499 3016 890 3106 Eulvogioi'S‘c'is
909 3031 1087 3106 qua're
1106 3012 1481 3106 never-imbue
1499 3013 1722 3106 advos?
1751 3013 2044 3096 Respondit
2072 3040 2114 3106 α
2154 3031 2284 3106 quae
2315 3012 2606 3106 ojmnia’in‘
2649 3012 2793 3106 uno‘
2817 3015 3006 3106 Lenne
3036 3012 3351 3106 Ambrosii.
3390 3015 3784 3106 constantiam,

393 3088 492 3142 ille
518 3105 537 3142 :
566 3085 807 3143 Non-.Ait
825 3085 960 3156 ipsi:
1006 3088 1144 3143 Veni
1162 3089 1220 3139 ut
1241 3085 1392 3159 vobis
1415 3086 1640 3153 gratias
1665 3087 2043 3159 agerem,quia
2074 3085 2114 3106 “'
2153 3085 2486 3159 facundiam
2518 3086 2940 3158 Cbrysostomi,
2975 3088 3288 3159 Augustini
3318 3089 3665 3154 doctrinam,
3695 3089 3784 3139 Pe-

391 3160 500 3214 rite
525 3162 576 3214 et
597 3159 896 3230 magnifice
922 3175 1024 3229 pro
1055 3174 1179 3213 mea
1201 3157 1432 3230 epistola
1456 3156 1842 3230 respondistis,
1876 3173 2042 3226 quam

387 3231 653 3303 scriptam
668 3228 800 3286 misi
816 3231 890 3286 ad
908 3228 1144 3301 fratrem
1160 3245 1343 3286 meum
1361 3228 1702 3287 Flavianum
1719 3228 1983 3284 Constant
1991 3230 2038 3284 i-

2152 3158 2225 3212 tri
2259 3158 2446 3230 ipsius
2476 3159 2652 3216 fidem
2685 3159 2796 3215 sub
2846 3175 2962 3215 uno
2993 3158 3315 3230 conspectu
3367 3159 3785 3232 repraesentant.

1420 3380 2066 3444 BALLEHINIORUM
2111 3381 2756 3445 ANNOTA'I‘IONES.

379 3505 686 3562 anterioris
705 3504 1116 3563 translationis
1136 3506 1246 3561 sub
1267 3506 1447 3561 Paulo
1472 3509 1539 3573 V,
1563 3520 1794 3561 sacrum
1820 3505 2028 3561 Leonis

377 3576 572 3650 Magni
589 3578 1112 3650 corpusinventum
1138 3578 1195 3630 in
1216 3577 1495 3650 distincta
1510 3593 1688 3650 capas.
1711 3578 1821 3650 sub
1844 3577 2028 3650 altare

379 3647 436 3702 S.
467 3647 664 3704 Mariae
686 3647 758 3704 de
779 3648 1082 3716 Columna,
1109 3649 1473 3719 recognitum
1500 3648 1627 3703 fuit.
1654 3649 1818 3713 Dein,
1847 3649 1941 3704 die
1960 3649 2030 3702 2O

382 3719 573 3773 Martii
609 3736 702 3774 an.
735 3720 948 3781 4711;,a
978 3720 1132 3774 dicto
1156 3719 1322 3775 altari
1355 3720 1690 3775 traductum
1714 3721 1824 3775 fuit
1845 3721 1916 3776 ad
1943 3737 2032 3776 sa-

381 3788 596 3844 cellum
645 3791 703 3846 S.
736 3791 956 3849 Nicolai
1008 3790 1322 3846 Bariensis.
1375 3791 1476 3845 Die
1525 3796 1719 3845 autem
1771 3793 2033 3848 secunda

380 3859 597 3932 Aprilis
629 3863 765 3917 anni
817 3862 1078 3932 ejusdem
1115 3879 1262 3916 nova
1308 3862 1623 3933 recognitio
1657 3868 1886 3932 peracta
1918 3881 1930 3916 :
1967 3880 2032 3919 ac

386 3937 589 4004 postea
619 3934 712 3990 die
747 3935 802 3988 11
839 3934 1105 4003 ejusdem
1131 3933 1349 3988 mensis
1373 3935 1430 3989 S.
1456 3934 1629 3988 Leoni
1662 3933 1854 3990 dicata
1874 3935 2026 3989 idem

382 4011 936 4078 corpus,rprzesente
960 4023 1203 4078 summo
1227 4006 1500 4078 pontifice
1532 4005 1828 4061 Clemente
1859 4007 1932 4061 XI
1965 4023 2029 4062 ac

383 4076 683 4150 nonnullis
715 4076 1136 4141 cardinalibus,
1169 4076 1342 4132 tertio
1387 4078 1746 4150 recognitum
1782 4083 1838 4132 et
1868 4096 1898 4134 a
1928 4093 2028 4149 pe-

382 4149 495 4204 rito
525 4149 646 4204 viro
698 4154 895 4205 exacte
945 4150 1328 4218 descriptum,
1360 4149 1543 4219 cujus
1575 4149 1796 4206 iconem
1833 4151 2029 4205 videre

380 4224 470 4276 est
499 4221 652 4292 apud
689 4222 1063 4278 Franciscum
1096 4221 1527 4286 Blanchinium,
1551 4224 1593 4275 t.
1628 4222 1702 4277 III
1737 4222 2027 4278 Anastasii

381 4308 515 4365 pag.
555 4293 676 4365 161.
732 4293 991 4348 Tandem
1045 4292 1137 4347 die
1169 4294 1314 4348 festo
1360 4293 1642 4365 ejusdem
1674 4294 1858 4348 sancti
1891 4294 2028 4365 anni

381 4363 685 4435 sequentis
718 4364 874 4428 1715,
908 4380 1140 4419 sacrum
1166 4363 1646 4435 corpus’solemni
1671 4381 1881 4436 pompa
1913 4364 2030 4420 ela-

379 4440 530 4500 tum,
583 4440 640 4491 et
693 4437 991 4491 conditum
1044 4437 1154 4490 sub
1205 4435 1370 4490 altari
1421 4435 1763 4506 proprio’S.
1800 4437 2028 4502 Leonis,

382 4509 534 4579 quod
571 4508 951 4564 Innocentius
973 4508 1026 4563 X
1049 4511 1477 4580 construxerat.
1510 4507 1647 4563 Vide
1677 4507 1846 4580 plura
1875 4509 2029 4580 apud

380 4581 653 4636 eumdem
689 4581 1066 4635 Benedictum
1101 4579 1242 4639 XIV.
1274 4579 1396 4633 loco
1428 4579 1625 4633 citato.

457 4652 532 4717 la)
563 4653 652 4706 Ad
686 4652 932 4707 Leonem
969 4651 1159 4721 potius
1188 4650 1319 4704 VIII
1349 4651 1458 4704 hoc
1491 4649 1788 4705 numisma
1819 4666 2029 4722 argen-

382 4727 545 4778 teum
579 4723 969 4792 quidem,non
1004 4739 1238 4789 aereum,
1260 4722 1528 4791 pertinet,
1551 4726 1614 4776 ut
1643 4722 1835 4776 videre
1857 4726 1945 4776 est
1965 4739 2034 4778 ex

385 4808 557 4864 opere
570 4793 912 4864 Antiquiores
923 4796 1240 4864 pontiﬁcum
1261 4795 1625 4849 Romanorum
1645 4795 1872 4849 denarii
1893 4795 2033 4849 olim

385 4868 446 4920 in
477 4865 653 4919 lucem
681 4866 814 4919 editi
843 4884 876 4919 a
903 4869 1113 4920 Joanne
1147 4867 1408 4934 Vignolio,
1434 4866 1629 4920 iterum
1663 4868 1817 4921 aucti
1842 4866 2032 4921 studio

385 4945 436 4992 et
466 4951 601 4990 cura
631 4936 909 5008 Benedicti
947 4908 1309 4992 Floravan‘lis.
1344 4908 1527 4994 Rbmw
1558 4939 1716 5001 1734,
1749 4955 1877 5008 pag.
1910 4939 1944 4992 3
1974 4943 2033 4993 et

382 5008 473 5062 78.
507 5007 712 5062 Confer
740 5009 914 5062 etiam
938 5008 1347 5073 Muratorium,
1371 5015 1514 5066 tom.
1536 5014 1586 5062 II
1605 5007 1798 5079 Antiq.
1825 5009 2027 5078 Italia,

383 5081 619 5137 dissert.
651 5079 742 5146 27,
785 5095 1011 5135 numm.
1045 5081 1132 5148 45,
1166 5079 1275 5136 col.
1308 5082 1432 5136 558.
1488 5081 1555 5138 In
1587 5086 1786 5139 notam
1831 5086 2028 5138 autem

2139 3505 2636 3578 compendiariam
2658 3502 3210 3578 DN‘._haaciobservat
3223 3504 3545 3578 Vignolius
3566 3521 3687 3576 pag.
3707 3503 3784 3557 78:

2138 3579 2438 3648 Perperam
2465 3576 2684 3648 quidem
2715 3575 2886 3648 iidem
2907 3577 3182 3648 Baronius
3212 3581 3264 3632 et
3301 3575 3601 3632 Alemanus
3619 3582 3790 3631 notam

2140 3646 2281 3704 hanc
2300 3646 2768 3717 compendiariam
2785 3646 3014 3719 DOMIao
3033 3647 3262 3719 Nos'rao
3278 3654 3419 3704 sunt
3437 3648 3786 3719 interpretati,

2139 3737 2262 3776 cum
2293 3721 2502 3776 litteras
2528 3722 2790 3790 punctum
2809 3734 2921 3774 non
2942 3717 3174 3787 dividat,
3194 3721 3298 3774 sed
3327 3721 3482 3776 linea
3509 3717 3594 3776 sit
3611 3734 3784 3790 super-

2141 3792 2345 3861 addita,
2374 3806 2498 3862 que?
2526 3793 2748 3845 unicam
2779 3806 2957 3862 vocem
2987 3807 3103 3845 esse
3140 3791 3510 3848 demonstrat.
3545 3794 3624 3848 Ita
3654 3791 3788 3847 enim

2142 3872 2270 3920 tunc
2291 3861 2553 3934 temporis
2583 3862 2778 3917 titulus
2809 3861 2994 3934 Domni
3025 3864 3353 3926 compendio
3373 3866 3550 3920 scribi
3575 3863 3789 3934 solebat.

2138 3935 2220 3989 Ad
2256 3931 2502 3990 Leonem
2535 3938 2557 3986 Ι
2590 3933 2876 3989 referendi
2897 3931 3171 3988 videntur
3191 3937 3557 3991 recentiores
3579 3931 3790 3990 nummi

2138 4007 2375 4062 Joannis
2407 4007 2620 4075 reginas
2673 4003 2967 4078 Neapolis,
2988 4010 3076 4078 _et
3106 4006 3384 4078 _Ladislai
3441 4007 3616 4078 regis,
3651 4003 3790 4077 apud

2140 4078 2413 4133 eumdem
2434 4074 2821 4132 M’uratorium
2843 4075 2967 4131 loco
2988 4074 3380 4145 laudato,col.
3410 4074 3538 4145 64οζ
3565 4074 3792 4132 nummo

2139 4152 2174 4234 ξ
2205 4155 2261 4204 et
2288 4151 2414 4216 639,
2449 4165 2692 4234 nummo
2829 4147 2886 4202 in
2916 4164 3167 4232 quorum
3214 4150 3453 4234 postica
3501 4149 3714 4234 legitur
3741 4145 3790 4202 S.

2139 4223 2243 4276 Leo
2270 4238 2450 4290 papa,
2483 4221 2582 4276 ubi
2616 4221 2672 4274 in
2708 4219 2838 4274 aliis
2869 4220 3131 4276 nummis
3175 4221 3454 4290 ejusdem
3489 4219 3592 4278 aevi
3622 4239 3685 4277 ac
3715 4236 3792 4275 re-

2139 4293 2250 4365 gni
2270 4291 2397 4349 loco
2427 4293 2485 4365 S.
2518 4291 3022 4365 Leonis_ha_bclur.
3057 4292 3350 4365 S.__Petrus
3380 4310 3552 4364 papa.

2211 4364 2291 4433 (h)
2323 4367 2379 4420 Id
2413 4363 2628 4418 falsum
2659 4363 2945 4419 evincitur
2988 4379 3057 4417 ex
3104 4362 3178 4417 iis
3209 4379 3342 4436 quae
3377 4362 3511 4421 fuse
3543 4362 3796 4436 disputat

2141 4436 2663 4491 reverendissimus
2695 4435 2952 4490 Joannes
2969 4435 3346 4506 Augustinus
3368 4437 3505 4493 Orsi
3530 4435 3680 4492 sacri
3702 4450 3793 4504 pa-

2141 4506 2264 4562 latii
2293 4507 2648 4579 magisteria
2672 4506 3081 4579 dissertatione
3096 4506 3420 4579 inscripta:
3440 4507 3796 4575 Dell’Origine

2067 4581 2109 4645 D
2140 4580 2229 4634 del
2258 4580 2512 4652 dominio
2531 4595 2560 4652 e
2589 4578 2733 4634 della
2761 4579 3041 4652 sovranita
3067 4578 3400 4636 de’Romani
3428 4580 3695 4652 ponteﬁci
3719 4591 3795 4652 s9-

2138 4667 2241 4721 pra
2269 4651 2349 4720 gli
2377 4651 2513 4704 stati
2543 4651 2656 4704 loro
2678 4650 3130 4720 temporalmente
3155 4648 3616 4721 soggetti,'Roma
3647 4648 3792 4721 1742,

2139 4719 2347 4793 cap.’8,
2383 4721 2477 4775 ubi
2506 4722 2734 4791 jamdiu
2769 4719 2902 4776 ante
2933 4719 3234 4777 Romanos
3257 4724 3579 4792 pontifices
3609 4723 3668 4776 in
3692 4719 3794 4775 Ur-

2141 4795 2210 4849 be
2256 4809 2597 4864 supremnm
2649 4793 2976 4847 dominium
3029 4793 3360 4850 obtinuisse
3410 4795 3792 4850 demonstrat.

2140 4867 2336 4930 Quoad
2369 4865 2529 4935 ipsas
2550 4881 2683 4920 vero
2714 4865 2976 4934 ejusdem
3005 4864 3246 4920 ditionis
3267 4867 3633 4935 provincias,
3659 4879 3791 4934 qua-

2138 4942 2312 4992 tenus
2345 4955 2462 4992 una
2491 4953 2622 4991 cum
2657 4936 2990 4992 donationis
3019 4936 3192 4991 titulo
3219 4937 3444 4994 titulus
3465 4938 3648 4994 etiam
3680 4950 3794 4990 res-

2138 5009 2427 5082 titutionis
2455 5008 2834 5082 concurrerit,
2875 5024 3010 5082 cum
3041 5008 3284 5082 Carolus
3316 5009 3584 5082 Magnus
3614 5024 3711 5064 eas
3737 5007 3791 5061 S.

2138 5081 2305 5138 Petro
2339 5082 2611 5152 reddidit,
2638 5080 2855 5137 ibidem
2885 5079 3000 5136 late
3028 5081 3283 5136 ostendit
3311 5097 3364 5136 c.
3401 5079 3460 5136 6L

1858 5414 2275 5476 APPENDIX.

430 5568 741 5623 Pravmissae
770 5565 1158 5622 dissertationi
1183 5564 1249 5620 de
1279 5565 1397 5620 vita
1425 5573 1477 5622 et
1505 5566 1666 5622 rebus
1694 5568 1862 5638 gestis
1891 5566 1946 5622 S.
1981 5567 2193 5632 Leonis,
2217 5579 2342 5636 quae
2370 5567 2431 5620 in
2459 5564 2860 5622 recentioribus
2883 5563 3100 5638 notitiis
3120 5561 3190 5618 ad
3219 5561 3635 5638 ipsiuscuttum
3667 5571 3794 5638 per-

359 5638 666 5694 tinentibus
695 5637 916 5708 desinit,
935 5654 1110 5693 unum
1126 5638 1482 5694 novissimum
1508 5629 1891 5694 documentum
1907 5629 2327 5709 addendumest,
2347 5653 2450 5708 quo
2470 5654 2720 5695 summus
2731 5639 2980 5709 pontifex
3001 5629 3360 5709 Balsama-rus
3381 5632 3521 5688 XIV
3541 5629 3792 5687 eumdem

365 5709 623 5780 Magnum
665 5703 1188 5768 Leonempoc'roms
1207 5710 1369 5768 titulo
1385 5719 1438 5768 et
1461 5712 1611 5768 cultu
1633 5712 1692 5768 in
1710 5716 1970 5770 universa
1985 5711 2230 5769 Ecclesia
2250 5703 2632 5769 honorandum
2649 5703 2926 5785 praecepit.
2949 5708 3009 5766 Id
3029 5726 3065 5766 a
3081 5710 3238 5766 nobis
3255 5718 3619 5778 summopere
3631 5715 3791 5776 expe-
3819 5703 3842 5718 ⁵
