4036 6200
5 66 717 329 r—
789 212 1139 273 DlSSEllT.
1188 212 1235 272 Ι.
1282 213 1384 272 DE
1428 212 1615 273 VITA
1659 213 1759 273 ET
1804 212 2058 273 REBUS
2106 212 2377 274 GESTlS
2421 212 2485 271 S.
2534 211 2814 273 LEONIS
2862 208 3135 271 MAGNI.
3554 207 3671 270 338

262 346 423 397 tilum
439 344 580 414 fuit,
600 347 661 398 ut
676 360 747 399 ex
764 344 990 413 epistola
1007 345 1422 412 nuncupatoria
1446 343 1515 398 ad
1536 343 1782 398 eumdem
1802 359 2078 397 summum
2098 344 2408 413 pontiﬁcem
2426 347 2570 399 tomo
2587 344 2768 414 primo
2789 342 3019 411 afﬁxam
3040 341 3393 414 manifestum
3412 337 3529 414 ﬁet.
3553 342 3677 409 Ipsa

261 411 448 469 autem'
472 417 775 485 peculiaris
794 411 1122 470 constitutio
1143 411 1583 485 apostolica,qua
1610 416 1758 469 idem
1784 415 1967 471 Cultus
1998 411 2258 469 S.Leonis
2276 416 2522 470 decretus
2542 411 2731 485 fulgeo
2754 415 2931 482 magis
2947 414 3036 467 hic
3056 411 3412 485 describenda
3432 412 3549 466 visa
3568 420 3671 476 est,

261 486 397 558 quod
419 484 755 557 quicumque
776 502 896 540 eam
922 484 1267 556 legerit,cum
1286 487 1571 541 selectiora
1593 487 1758 555 hujus
1779 487 2029 541 encomia
2058 503 2121 541 ac
2150 488 2323 557 ipsius
2352 484 2902 558 cultasdecernendi
2931 486 3166 539 rationes
3192 484 3499 554 propositas
3528 485 3677 537 inve-

258 557 387 627 niet,
421 568 546 613 tum
574 574 700 614 vero
728 560 1127 625 sapientissimi
1155 560 1398 613 auctoris
1426 558 1812 625 eruditionem,
1854 574 1919 613 ac
1946 559 2217 629 insignem
2250 561 2307 613 in
2332 567 2577 614 nostrum
2609 557 2867 613 Sanctum
2888 558 3153 628 pietatem
3182 563 3477 626 cognoscet.

330 748 484 804 609
518 747 959 803 BENEDlCTUS
1001 748 1311 819 episcopus
1365 763 1567 803 servus
1616 763 1916 803 servorum
1946 750 1999 816 Α
2030 748 2140 803 odo
2168 748 2578 819 ﬁrmamentum
2611 747 2927 804 orthodoxae
2942 746 3072 817 ﬁdei
3100 746 3483 819 praedicatur;
3516 745 3671 802 idem

258 837 353 893 Dei
386 838 459 892 ad
492 843 844 909 perpetuam
877 836 958 893 rei
990 836 1354 893 memoriam.

324 944 640 1000 Militantis
672 944 942 1001 Ecclesiae
975 950 1180 1001 auctor
1218 948 1522 1014 rectorque
1556 944 1726 1012 Deus,
1776 959 1910 998 cum

259 1050 383 1089 eam
420 1050 606 1105 super
636 1033 1091 1089 fundamentum
1127 1032 1525 1105 apostolorum
1567 1037 1625 1087 et
1664 1031 1909 1103 prophe-

260 1128 450 1178 tarum
512 1123 928 1189 mdiﬁcaverit,
988 1138 1340 1193 summoque
1399 1120 1662 1193 angulari
1720 1120 1911 1191 lapide

254 1211 481 1267 Christo
531 1211 674 1267 Jesu
728 1211 989 1266 innixam
1035 1210 1297 1279 voluerit,
1334 1215 1455 1265 tum
1486 1209 1724 1281 provido
1756 1210 1909 1265 cavit

255 1299 500 1355 consilio
524 1304 590 1355 ut
610 1300 684 1355 ad
706 1299 867 1355 illius
892 1300 1219 1356 custodiam
1240 1306 1414 1370 atque
1438 1298 1776 1370 praesidium
1803 1316 1904 1354 us-

248 1406 357 1460 que
377 1390 436 1443 in
460 1388 818 1443 saeculorum
844 1389 1018 1443 ﬁnem
1043 1388 1429 1460 advigilarent
1449 1385 1664 1458 egregii
1689 1385 1905 1441 sancti-

247 1494 353 1549 que
375 1478 669 1543 doctores,
698 1478 800 1549 qui
823 1479 1038 1533 nedum
1060 1476 1427 1534 sublimioris
1449 1474 1683 1531 virtutis
1704 1492 1900 1531 exem-

243 1567 335 1638 plo
381 1566 649 1621 ﬁdelium
700 1583 894 1622 mores
943 1567 1015 1622 ad
1065 1567 1437 1622 sanctitatem
1488 1564 1901 1636 justitiamquc

242 1661 683 1727 componerent,
709 1657 809 1711 sed
833 1657 1007 1711 etiam
1031 1656 1311 1712 doctrina;
1331 1654 1384 1711 vi
1406 1654 1749 1710 excellentia
1768 1670 1897 1709 eos-

244 1745 373 1800 dem
396 1745 454 1799 in
480 1746 618 1801 ﬁdei
642 1744 977 1801 sinceritate
994 1750 1052 1801 et
1073 1744 1348 1801 salutaris
1370 1744 1626 1800 scientia:
1658 1744 1898 1799 veritate

248 1835 631 1890 continerent.
666 1834 887 1889 Horum
911 1835 1146 1905 quidem
1181 1850 1414 1906 operam
1442 1832 1586 1888 tanti
1610 1849 1673 1888 se
1706 1833 1895 1888 facere

250 1924 494 1979 ostendit
517 1924 856 1979 communis
878 1924 1163 1979 Dominus
1185 1928 1240 1978 et
1260 1924 1557 1994 Magister,
1592 1926 1653 1977 ut
1676 1938 1775 1977 eos
1806 1920 1892 1977 sal

250 2019 405 2068 terra:
426 2017 483 2068 et
503 2012 699 2069 lucem
724 2013 930 2070 mundi
950 2012 1327 2085 appellaverit
1358 2030 1371 2068 :
1407 2016 1607 2083 utpote
1640 2010 1739 2083 qui
1773 2028 1890 2066 non

2024 836 2084 891 in
2118 842 2447 908 pervetusto
2496 838 2858 907 Synodorum
2909 836 3057 891 libro
3105 836 3526 908 apostolicorum
3573 834 3672 890 do-

2019 933 2271 996 gmatum
2325 928 2585 997 defensor
2630 930 2684 981 et
2731 927 2991 994 apostolis
3037 926 3394 997 coaequandus
3437 925 3669 980 dicitur.

2022 1015 2169 1079 Quid
2203 1020 2399 1071 autem
2431 1015 2743 1071 clarissimi
2768 1014 3067 1087 religionis
3091 1019 3297 1070 nostra:
3320 1029 3586 1085 proceres
3608 1030 3674 1068 ac

2021 1104 2259 1160 Patres?
2287 1108 2533 1179 Sanctus
2566 1104 2929 1176 Sophronias
2961 1102 3492 1175 Hierosolymorum
3522 1102 3673 1158 anti-

2024 1197 2144 1249 stes
2201 1196 2617 1249 sanctissimum
2638 1194 2897 1249 Romanae
2927 1194 3207 1259 Ecclesiae,
3240 1194 3405 1247 immo
3426 1192 3674 1246 omnium

2016 1298 2141 1354 qua:
2172 1283 2272 1337 sub
2302 1283 2434 1338 caelo
2464 1287 2593 1337 sunt
2628 1280 2908 1337 luminare
2928 1281 3176 1337 Leonem
3208 1280 3387 1335 fuisse
3418 1281 3671 1335 afﬁrma-

2013 1371 2314 1443 vit.thue
2345 1372 2595 1427 aliorum
2629 1372 2939 1426 innumera
2969 1374 3383 1442 praetereamus
3410 1370 3670 1424 testimo-

2012 1460 2133 1525 nia,
2164 1460 2505 1515 S.Nicolaus
2538 1477 2687 1532 papa
2719 1460 2841 1527 I,ad
2872 1458 3219 1515 Michaelem
3252 1458 3667 1529 imperatorem

2010 1549 2485 1619 scribens,libere
2518 1549 2770 1605 asseruit
2797 1550 2952 1620 quod
2981 1548 3094 1603 nisi
3126 1548 3279 1603 Deus
3312 1546 3513 1603 Leonis
3549 1546 3664 1602 vir-

2007 1641 2190 1693 tutem
2225 1644 2400 1709 atque
2429 1638 2756 1693 doctrinam
2788 1638 3069 1693 adversus
3090 1635 3460 1692 latrocinium
3485 1636 3665 1707 Ephe-

2006 1727 2207 1784 sinum
2235 1727 2561 1794 excitasset,
2594 1728 2789 1795 religio
2820 1726 3140 1782 Christiana
3164 1728 3384 1798 penitus
3416 1727 3662 1782 corruis-

2003 1825 2100 1872 set.
2134 1816 2254 1871 Etsi
2287 1820 2484 1871 autem
2514 1815 2768 1871 Ecclesia
2798 1817 2949 1871 inter
2997 1832 3095 1871 eos
3150 1832 3300 1888 quos
3349 1816 3658 1871 doctorum

2003 1904 2174 1960 titulo
2225 1908 2283 1959 et
2309 1903 2701 1977 appellatione
2732 1904 3065 1976 distinguit,
3099 1908 3377 1960 sanctum
3411 1905 3659 1959 Leonem

2002 1993 2341 2065 pontiﬁcem
2372 1994 2631 2048 nondum
2664 1993 2942 2064 peculiari
2979 1994 3207 2049 decreto
3238 1993 3551 2058 recensuit,
3584 1991 3657 2046 il-

249 2103 377 2156 vivze
424 2107 658 2157 tantum
709 2102 866 2157 vocis
916 2081 1129 2169 officio,
1172 2081 1673 2172 quemadmodum
1700 2099 1889 2155 caeteri
1920 2120 1968 2185 Β
1998 2082 2115 2185 Ῑίιξε
2148 2082 2695 2185 ίεξξξιθοιάῥοτξηθω
2745 2086 2906 2185 lat-lto
2956 2082 3014 2137 in
3056 2082 3276 2138 δοηοτθ
3327 2098 3389 2138 δθ
3416 2081 3654 2185 faber"

252 2196 577 2246 sanctarum
622 2191 881 2263 plebium
913 2196 1196 2262 pastores,
1232 2190 1606 2263 praesentium
1637 2189 1750 2245 sibi
1781 2205 1887 2261 po-

258 2278 519 2349 pulorum
571 2278 752 2334 saluti
782 2278 1111 2335 consulturi
1142 2285 1328 2346 erant,
1360 2280 1461 2335 sed
1491 2277 1767 2351 peculiari
1798 2294 1888 2333 sa-

255 2367 466 2438 pientiai
489 2367 717 2423 lumine
752 2368 1006 2439 Spiritus
1037 2369 1227 2423 sancti
1256 2368 1409 2423 dono
1439 2367 1631 2434 ditati,
1666 2367 1887 2422 doctis-

256 2456 408 2511 simis
450 2456 800 2528 conscriptis
833 2456 1020 2523 libris,
1053 2456 1386 2513 universam
1418 2455 1732 2512 Ecclesiam
1763 2456 1882 2511 ins-

260 2549 520 2610 truere,et
551 2544 818 2600 omnium
851 2545 1195 2601 saculorum
1230 2544 1628 2617 posteritatem
1660 2544 1719 2599 in
1753 2544 1883 2600 reli-

257 2634 409 2705 gione
430 2635 663 2689 erudire
693 2634 1003 2690 debebant.
1036 2634 1181 2690 Hinc
1212 2634 1467 2690 Ecclesia
1497 2633 1644 2704 ipsa,
1675 2633 1882 2705 Sponsi

256 2723 337 2776 sui
357 2723 555 2793 spiritu
576 2723 880 2793 imbuta,ej
892 2741 1071 2793 usque
1087 2723 1357 2779 instituta
1373 2739 1603 2779 servare
1619 2721 1883 2792 studens,

255 2813 466 2867 eosdem
490 2812 775 2881 gloriosos
798 2813 952 2868 viros
984 2814 1240 2868 uberiori
1273 2813 1548 2867 doctrinae
1584 2827 1821 2866 munere
1852 2828 1885 2865 a

258 2898 360 2955 Deo
380 2900 650 2973 repletos,
672 2902 778 2956 hoc
794 2900 1077 2972 singulari
1098 2901 1318 2957 honore
1341 2900 1612 2971 prosequi
1637 2915 1884 2954 consue-

258 2988 410 3053 vit,ut
431 2991 484 3045 in
501 2989 867 3045 solemnibus
880 2990 1219 3062 sacris,quw
1236 2989 1669 3045 recurrentibus
1682 3005 1883 3043 eorum

262 3077 656 3134 festivitatibus
676 3078 1069 3146 celebrantur,
1104 3085 1224 3134 tam
1259 3078 1482 3134 scilicet
1512 3077 1569 3131 in
1599 3075 1883 3132 sacrificio

264 3168 431 3222 missze
453 3185 627 3237 quam
651 3169 709 3222 in
741 3168 1156 3223 ecclesiasticis
1187 3165 1725 3236 ofﬁciis,ejusmodi
1756 3180 1884 3235 pre-

263 3269 363 3319 ces,
382 3256 650 3312 lectiones
672 3261 730 3311 et
751 3256 954 3312 laudes
976 3256 1481 3327 adhiberijubeat,
1499 3253 1557 3308 in
1587 3253 1801 3325 quibus
1831 3256 1887 3307 et

264 3346 422 3398 sancti
446 3345 701 3401 doctoris
726 3346 933 3401 titulus
958 3346 1102 3417 ipsis
1133 3345 1436 3414 tribuitur,
1468 3348 1525 3398 et
1555 3359 1758 3398 eorum
1790 3358 1888 3397 sa-

263 3432 454 3501 pientia
480 3451 543 3488 ac
575 3435 847 3489 doctrina
876 3434 1189 3507 specialius
1221 3434 1633 3505 praedicantur.

1916 3494 1959 3557 C

326 3538 479 3595 Porro
499 3540 657 3597 inter
677 3558 776 3596 eos
801 3558 1052 3613 quorum
1078 3540 1305 3597 natales
1330 3542 1453 3596 dies
1477 3540 1585 3595 hoc
1603 3538 1885 3611 peculiari

264 3625 363 3681 ritu
382 3645 440 3684 ac
464 3629 761 3701 privilegio
792 3634 1163 3699 decorentur,
1191 3630 1398 3686 merito
1430 3645 1662 3700 semper
1684 3645 1888 3683 nume-

267 3718 484 3773 randum
497 3719 964 3775 existimavimus
982 3720 1464 3791 praedecessorem
1480 3725 1744 3773 nostrum
1759 3736 1891 3774 san-

271 3810 403 3861 ctum
435 3812 679 3864 Leonem
712 3810 755 3876 Ι,
791 3808 1118 3863 Romanum
1152 3808 1509 3879 pontificem,
1536 3809 1634 3878 qui
1668 3808 1756 3877 (ut
1785 3808 1889 3862 do-

272 3893 487 3949 ctissimi
519 3895 837 3951 cardinalis
858 3895 1089 3952 Baronii
1113 3896 1306 3951 verbis
1336 3896 1594 3965 utamur)
1614 3897 1679 3951 ob
1712 3896 1892 3950 excel-

269 3979 435 4039 lentem
468 3985 1169 4051 virtutem,doctrinam,et
1195 3986 1252 4040 in
1286 4000 1422 4041 cura
1450 3984 1724 4056 pastorali
1752 3984 1891 4052 vigi-

272 4070 612 4129 lantissimum
631 4076 905 4139 studium,
929 4092 963 4130 a
987 4075 1293 4145 majoribus
1325 4076 1512 4127 MAGNI
1542 4082 1892 4143 cognomento

263 4158 369 4228 jure
396 4166 595 4219 meruit
614 4164 1103 4236 appellari.Cujus
1134 4162 1377 4234 quidem
1411 4161 1688 4216 doctrinis
1708 4161 1891 4216 excel-

267 4245 437 4318 lentia,
470 4253 591 4309 sive
625 4253 682 4308 in
720 4253 1028 4309 altioribus
1060 4252 1194 4307 ﬁdei
1227 4256 1439 4306 nostrae
1474 4250 1764 4322 mysteriis
1795 4267 1889 4305 ex-

269 4336 609 4408 plicandis,et
632 4347 835 4398 contra
856 4343 1230 4413 insurgentes
1252 4356 1478 4395 errores
1500 4338 1890 4404 vindicandis,

271 4426 437 4484 sivein
461 4431 762 4487 tradendis
787 4430 1110 4502 disciplinae
1139 4428 1355 4499 regulis
1386 4433 1441 4483 et
1483 4444 1710 4483 morum
1745 4445 1893 4499 prie-

273 4518 448 4587 ceptis,
469 4536 601 4575 cum
636 4519 922 4591 singulari
954 4518 1336 4576 sacerdotalis
1368 4516 1581 4589 eloquii
1612 4518 1894 4589 gravitate

270 4608 312 4656 et
350 4608 625 4678 ubertate,
656 4609 801 4664 adeo
831 4608 1126 4675 elucescit,
1161 4624 1225 4663 ac
1258 4608 1434 4663 etiam
1468 4611 1552 4660 tot
1582 4605 1889 4660 hominum

272 4690 515 4753 laudibus
546 4697 870 4762 cumulata,
903 4702 1181 4769 tantoque
1214 4695 1616 4763 conciliorum,
1648 4699 1889 4750 Patrum

272 4784 710 4858 scriptorumque
741 4787 1272 4843 ecclesiasticorum
1304 4784 1497 4840 studio
1520 4790 1577 4839 et
1598 4801 1888 4840 consensu

1997 2173 2269 2243 ostendit,
2320 2178 2386 2227 ut
2434 2172 2624 2244 ipsius
2654 2173 2895 2244 scripta,
2931 2190 3047 2229 non
3097 2190 3270 2229 secus
3321 2188 3387 2228 ac
3413 2171 3651 2228 illorum

1998 2279 2147 2335 quos
2180 2262 2506 2334 praecipuos
2537 2262 2835 2334 religionis
2867 2262 3177 2333 magistros
3227 2267 3403 2333 atque
3450 2261 3652 2317 docto-

1994 2369 2089 2408 res
2128 2352 2485 2423 jamdudum
2536 2356 2868 2419 veneratur,
2919 2352 2979 2407 in
3027 2352 3241 2408 divinis
3290 2350 3500 2407 ofﬁciis
3528 2352 3643 2406 fre-

1996 2446 2245 2512 quenter
2289 2439 2483 2495 locum
2514 2439 2730 2494 habere
2751 2441 3019 2511 jusserit,
3050 2444 3107 2496 et
3134 2440 3193 2495 in
3220 2440 3290 2495 iis
3319 2440 3641 2511 praesertim

1994 2528 2486 2597 solemnitatibus,
2522 2528 2735 2599 quibus
2768 2530 2992 2600 majora
3031 2529 3165 2584 fidei
3216 2533 3426 2585 nostrae
3476 2545 3640 2599 mys-

1992 2619 2138 2674 teria
2188 2634 2291 2689 per
2320 2618 2457 2672 anni
2491 2634 2731 2673 cursum
2765 2617 3116 2687 recoluntur,
3150 2617 3485 2673 universum
3518 2615 3636 2671 cle-

1994 2724 2125 2763 rum
2156 2710 2214 2762 et
2244 2706 2528 2779 populum
2558 2722 2627 2762 ex
2656 2706 2817 2762 illius
2849 2722 3184 2762 sermonum
3238 2706 3486 2762 lectione
3536 2722 3635 2761 so-

1994 2796 2174 2851 lidam
2223 2796 2612 2852 eruditionem
2664 2800 2721 2852 et
2766 2796 3031 2867 spiritate
3078 2795 3361 2868 pabulum
3396 2794 3634 2850 haurire

1991 2886 2258 2941 voluerit.

2062 2993 2146 3047 Ad
2180 2992 2303 3048 haec
2329 2996 2525 3048 autem
2558 3009 2681 3063 quas
2707 2994 2777 3047 de
2826 2992 3011 3048 sancti
3060 2992 3269 3048 Leonis
3315 2990 3540 3048 meritis
3588 2994 3646 3046 et

1994 3080 2179 3151 gloria
2207 3097 2340 3135 cum
2378 3082 2652 3137 omnibus
2682 3081 3427 3154 sentimus,etjampridem
3449 3080 3649 3136 animo

1996 3173 2195 3223 nostro
2228 3169 2972 3241 reputavimus,peculiaris
3006 3172 3299 3242 quaedam.
3355 3170 3650 3240 Nobisque

1994 3274 2128 3312 eum
2163 3258 2363 3328 paucis
2395 3259 2747 3325 communis,
2768 3260 2989 3315 accedit
3018 3276 3353 3332 causa,quae
3383 3264 3645 3315 nostram

1996 3345 2137 3401 olim
2169 3361 2303 3416 erga
2333 3345 2525 3416 ipsum
2559 3347 2833 3419 pietatem
2866 3354 2924 3403 et
2954 3348 3386 3404 venerationem
3412 3362 3649 3418 magno-

1998 3450 2132 3506 pere
2163 3434 2429 3489 accendit
2457 3439 2514 3489 et
2541 3435 2703 3490 auxit
2736 3451 2748 3489 :
2784 3437 2939 3507 quod
2972 3436 3193 3491 scilicet
3220 3438 3364 3491 dum
3394 3436 3453 3489 in
3487 3434 3645 3490 Vati-

1997 3540 2143 3580 cana
2170 3523 2325 3578 beati
2354 3523 2506 3578 Petri
2540 3522 2782 3580 basilica
2801 3524 3199 3581 canonicalem
3220 3524 3559 3596 dignitatem
3583 3522 3643 3577 in

1998 3612 2756 3680 minoribusobtineremus,
2786 3630 2919 3669 cum
2939 3631 3171 3669 sacrum
3190 3614 3347 3669 illius
3369 3612 3645 3683 co‘rpus,a

2000 3700 2186 3756 multo
2208 3702 2334 3772 jam
2368 3708 2631 3774 tempore
2658 3704 2769 3758 sub
2801 3703 2970 3759 altari
2994 3704 3217 3758 Sanctis
3238 3702 3429 3758 Mariae
3453 3703 3523 3758 de
3543 3701 3646 3757 Co-

2000 3789 2204 3845 lumna
2226 3796 2572 3862 nuncupatas
2603 3792 3011 3862 quiescens,ad
3036 3790 3287 3847 alterum
3308 3792 3496 3864 ipsius
3512 3808 3648 3847 san-

2000 3880 2077 3934 cti
2107 3880 2402 3950 pontiﬁcis
2436 3881 2672 3935 nomine
2702 3881 2759 3935 in
2792 3881 2997 3936 eadem
3030 3881 3275 3936 Basilica
3300 3887 3560 3937 erectum
3592 3884 3650 3936 et

2000 3968 2357 4033 dedicatum,
2392 3968 2639 4023 solemni
2670 3969 2788 4023 ritu
2819 3986 2885 4024 ac
2917 3986 3132 4041 pompa
3173 3969 3649 4025 transferendum

2003 4057 2132 4121 fuit,
2162 4056 2580 4112 venerabilium
2612 4056 2770 4113 illius
2802 4058 3027 4113 ossium
3054 4058 3360 4114 elevationi
3382 4062 3440 4113 et
3483 4074 3649 4113 reco-

2001 4144 2248 4215 gnitioni
2299 4150 2615 4215 praesentes
2642 4147 2963 4216 adfuimus,
2995 4164 3178 4219 eaque
3210 4148 3427 4203 nostris
3459 4145 3646 4202 oculis

2003 4232 2215 4288 intueri
2248 4249 2314 4288 ac
2344 4234 2539 4290 debito
2570 4235 2728 4291 cultu
2761 4238 3036 4308 prosequi
3066 4253 3313 4292 summa;
3354 4235 3650 4292 felicitatis

2001 4322 2132 4377 luco
2165 4321 2519 4391 habuimus;
2554 4326 2722 4395 cujus
2749 4328 2831 4382 rei
2880 4326 2995 4383 Nos
3044 4326 3204 4396 alibi,
3256 4326 3538 4382 nimirum
3589 4324 3650 4378 in

2001 4428 2172 4481 opere
2204 4412 2274 4467 de
2305 4411 2754 4471 Canonizatione
2786 4420 3126 4472 sanctorum
3156 4415 3257 4471 lib.
3284 4433 3359 4482 1x,
3393 4416 3546 4486 part.
3584 4429 3647 4481 ιι,

2001 4516 2128 4572 cap.
2161 4501 2252 4568 23,
2285 4502 2641 4559 mentionem
2673 4504 2945 4562 fecimus.

2072 4608 2233 4673 Quod
2256 4607 2454 4679 itaque
2478 4612 3061 4683 semper,praemissas
3085 4611 3157 4666 ob
3181 4611 3645 4681 causas,justum

2000 4702 2056 4751 et
2088 4713 2319 4768 aequum
2349 4699 2710 4766 censuimus,
2743 4700 3019 4770 quodque
3049 4703 3252 4755 nostra
3282 4698 3342 4754 in
3373 4703 3646 4755 sanctum

2003 4786 2335 4855 pontiﬁcem
2367 4786 2683 4858 singularis
2714 4788 2940 4841 devotio
2967 4786 3144 4843 Nobis
3176 4788 3523 4859 suadet,boc
3552 4789 3649 4843 de-

273 4871 531 4931 celebrata
560 4856 951 4947 dignoscitur,
993 4881 1059 4932 ut
1106 4876 1584 4947 sapientissimus
1636 4873 1891 4944 pontifex
1920 4856 1969 4918 D
2002 4892 2187 4945 mum,
2222 4856 2566 4930 auctoritate
2597 4874 2928 4947 apostolica:
2956 4876 3133 4944 sedis,
3169 4877 3226 4931 in
3261 4856 3399 4949 qua,
3430 4894 3645 4951 magno

272 4961 388 5017 nulli
410 4965 586 5020 ferme
608 4970 948 5021 sanctorum
970 4964 1402 5035 doctorum,qui
1428 4964 1486 5018 in
1510 4963 1765 5018 Ecclesia
1789 4962 1883 5017 ﬂo-

275 5059 499 5123 ruerunt,
532 5058 633 5109 aut
664 5054 819 5110 fama
848 5059 949 5110 aut
977 5054 1402 5111 existimatione
1445 5052 1884 5124 postponendus

274 5152 373 5194 esse
397 5142 679 5197 videatur.
711 5145 777 5199 Et
808 5161 948 5199 sane
980 5148 1181 5199 sancta
1228 5142 1576 5197 universalis
1626 5141 1885 5212 synodus

277 5231 394 5297 apud
419 5232 841 5289 Cbalcedonem
874 5237 1245 5306 congregata,
1280 5248 1394 5287 non
1425 5230 1594 5285 illum
1624 5234 1884 5286 tantum-

278 5319 410 5374 modo
437 5326 573 5376 vocis
598 5323 745 5377 beati
766 5324 921 5378 Petri
952 5326 1309 5389 interpretem
1339 5318 1669 5390 appellavit,
1703 5320 1803 5374 sed
1830 5322 1887 5375 et

278 5402 394 5463 illius
443 5412 511 5465 de
542 5411 949 5467 incarnatione
978 5413 1125 5466 611
1170 5409 1403 5466 Domini
1434 5409 1760 5463 doctrinam
1791 5426 1883 5463 ve-

279 5498 574 5555 nerabunda
596 5500 1281 5572 suscipiens,sxclamare
1305 5516 1417 5553 non
1444 5496 1757 5552 dubitavit:
1776 5504 1881 5554 Pe-

279 5589 359 5639 trus
381 5605 477 5658 per
504 5605 563 5645 os
592 5590 792 5645 Leonis
825 5589 1043 5645 locutus
1071 5589 1339 5645 estJdem
1364 5590 1603 5643 sanctus
1626 5587 1884 5657 pontifex

272 5676 521 5735 sconcilio
542 5679 1190 5752 Constantinopolitano
1212 5679 1321 5734 sub
1342 5677 1556 5731 Menua
1571 5675 1881 5744 celebrato,

284 5761 583 5827 illuminator
609 5776 663 5826 et
688 5767 944 5827 columna
973 5768 1279 5834 Ecclesiwt'
1309 5765 1466 5823 idem
1488 5780 1523 5823 θα
1550 5768 1715 5822 Βθιίδ
1743 5781 1883 5836 εγω-

1999 4962 2133 5017 licet
2150 4965 2726 5035 temporum,majore
2744 4970 2937 5021 autem
2959 4965 3302 5023 meritorum
3320 4967 3650 5035 intervallo,

1995 5050 2184 5105 eidem
2218 5053 2637 5114 successimus.
2673 5071 2828 5109 nunc
2861 5056 3053 5126 reipsa
3085 5062 3359 5127 praestare
3390 5056 3647 5112 decrevi-

2002 5140 2409 5211 inus.ldeoque
2438 5141 2707 5213 exempla
2737 5151 3049 5215 sequentes
3084 5147 3332 5202 aliorum
3366 5151 3651 5201 Romano-

1998 5246 2125 5285 rum
2150 5229 2493 5301 pontiﬁcum
2517 5233 3010 5302 praadecessorum
3028 5233 3650 5304 nostrorum,quipraa-

1997 5323 2087 5373 ter
2102 5335 2365 5374 summos
2385 5318 2516 5375 illos
2535 5321 2799 5377 Ecclesia
2817 5324 3101 5392 doctores,
3130 5325 3277 5380 alios
3308 5323 3481 5378 etiam
3510 5338 3650 5376 san'

1998 5408 2290 5463 ctissimos
2314 5408 2490 5475 viros,
2514 5410 2613 5480 qui
2636 5412 2849 5467 eximia
2869 5414 3147 5469 doctrinas
3169 5412 3341 5467 laude
3366 5411 3424 5465 in
3448 5410 3645 5467 Eccle-

1996 5497 2084 5552 sia
2113 5496 2454 5565 floruerunt,
2488 5515 2734 5571 eamque
2764 5501 3001 5573 scriptis
3032 5502 3155 5557 suis
3184 5498 3641 5570 locupletarunt,

1992 5585 2225 5657 proprio
2250 5586 2556 5645 doctorum
2576 5588 2816 5647 tituloet
2828 5590 2989 5646 cultu
3004 5589 3376 5647 honorandos
3395 5605 3524 5647 esse
3537 5592 3642 5647 de-

1997 5680 2325 5741 creverunt,
2356 5682 2520 5733 motu
2551 5679 2806 5751 proprio,
2839 5684 2896 5735 et
2940 5684 3095 5734 certa
3141 5678 3404 5750 scientia,
3455 5697 3521 5737 ac
3567 5682 3638 5737 de

1996 5764 2326 5836 apostolicis
2354 5768 2663 5855 potestatis
2692 5766 3641 5842 plenitudine,volumus,precipi-
