4062 6202
384 36 503 73 ις’-ξιτ
530 36 571 47 τ
598 36 621 53 ⁷..
650 36 699 67 ιη(
802 36 815 71 ;

170 36 503 107 πῶτε·
530 36 571 47 τ
598 36 621 53 ί*
650 36 699 67 ’κί
802 36 833 71 ;.

174 76 187 93 '
246 76 279 91 -
304 90 317 103 ι
348 86 355 95 .
412 72 427 85 ι
624 80 631 87 ι

152 98 163 111 ,
198 98 211 107 γ
304 98 317 103 -
460 106 473 109 _

168 116 225 143 0,,
320 124 335 135 .

120 148 139 163 ⁸
192 142 195 143 ν
280 144 289 151 ι
500 142 521 153 *ιιι

84 170 99 185 β

558 223 915 287 DISSERT.
958 223 1039 286 II.
1085 224 1190 286 DE
1232 225 1605 288 AUCTORE
1648 226 2057 290 LIBRORUM
2101 229 2204 289 DE
2245 228 2530 292 VOCAT.
2576 227 2892 289 OMNIUM
2940 227 3321 291 GENTIUM.

3534 229 3655 290 358

255 354 458 438 (Deum)
484 354 647 438 quod.
656 355 902 438 perdidit
928 357 1161 438 natura,
1192 370 1303 438 non
1330 356 1497 438 periit
1516 372 1543 438 ;_
1568 364 1781 438 aetet'na
1803 360 1883 411 est
1911 360 1964 427 Α
1990 360 2068 438 tes
2098 361 2416 438 sententias.
2472 357 2651 430 Epist.
2700 358 2769 412 67
2822 357 2993 429 (nunc
3028 359 3120 432 87)
3158 375 3171 413 :
3205 361 3653 432 Compugnantia

250 430 376 483 enim
402 429 703 497 sapientia,
716 431 923 483 aeterna
946 429 1169 494 veritas,
1184 432 1393 482 aeterna
1415 429 1649 495 bonitas,
1671 432 1882 483 aeterna

240 500 455 570 jusntia,
470 499 727 554 omnium
744 498 973 569 denique
989 499 1264 552 virtutum
1279 499 1464 553 tamen
1487 508 1756 555 aeternum
1779 504 1878 566 est,

245 576 506 641 totumque
532 569 674 642 quod
704 573 876 624 virtus
895 575 995 635 est,
1018 571 1159 624 Deus
1178 574 1274 625 est.
1303 570 1409 638 Qui
1423 571 1472 624 si
1488 586 1595 625 non
1621 581 1881 642 operatur

243 646 290 696 in
315 640 487 707 nobis,
502 640 724 695 nullius
747 656 1034 712 possumus
1046 643 1345 712 participes
1362 656 1473 697 esse
1491 640 1728 697 virtutis.
1749 643 1880 699 Sine

240 714 322 768 hoc
348 716 553 784 quippe
585 715 742 779 bono,
775 713 918 766 nihil
946 715 1025 767 est
1057 713 1276 778 bonum,
1306 714 1426 767 sine
1455 714 1556 768 hac
1587 715 1705 769 luce
1733 714 1879 769 nihil

239 788 303 839 est
330 785 598 853 lucidum,
628 786 748 838 sine
775 785 879 838 hac
906 785 1183 855 sapientia
1228 784 1376 839 nihil
1405 792 1484 839 est
1514 801 1732 855 sanum,
1761 787 1881 841 sine

237 858 332 910 hac
347 857 577 928 justitia
608 856 753 928 nihil
783 863 990 910 rectum
1010 874 1039 928 7;
1068 860 1124 909 et
1155 856 1287 909 libri
1334 855 1601 925 ejusdem
1633 872 1761 928 cap.
1795 857 1827 910 4
1861 872 1874 910 :

241 929 526 992 Voluntas,
558 927 772 997 inquit,
806 927 1075 981 animalis
1090 928 1208 981 sine
1235 928 1446 982 summi
1475 929 1682 982 amoris
1697 927 1875 998 parti-

235 1001 496 1067 cipatione
526 1002 586 1053 in
626 1000 861 1053 terrenis
911 998 1256 1069 occiduisque
1302 1002 1576 1053 versatur.
1611 998 1876 1069 Capitulo

233 1072 263 1124 3
286 1071 354 1124 de
382 1071 579 1125 Gratia
604 1076 662 1124 et
690 1069 789 1124 lib.
828 1069 949 1124 arb.
986 1085 999 1124 :
1034 1071 1316 1124 Neminem
1345 1084 1458 1125 esse
1493 1086 1593 1142 per
1612 1072 1878 1142 semetip-

233 1086 263 1124 ὅ
286 1086 354 1124 ae
382 1086 579 1125 Gratia
604 1086 662 1124 et
690 1086 789 1124 nn.
828 1086 949 1124 arn.
986 1086 999 1124 :
1034 1086 1316 1124 neminem
1345 1086 1458 1125 esse
1492 1086 1593 1195 per
1620 1086 1878 1142 semetip-

232 1158 339 1196 sum
374 1142 599 1207 bonum,
646 1142 759 1194 nisi
799 1142 1294 1212 participationem
1330 1142 1421 1195 sui
1469 1144 1488 1194 i
1512 1142 1563 1195 le
1590 1140 1751 1196 donet
1781 1143 1881 1212 qui

231 1214 364 1267 solus
392 1224 473 1269 est
507 1213 694 1267 bonus.
724 1215 785 1284 S.
814 1216 957 1284 Leo,
980 1228 1162 1268 serm.
1198 1214 1234 1284 9
1273 1212 1343 1267 de
1372 1214 1608 1282 Jejunio
1640 1212 1876 1284 septimi

233 1284 446 1339 mensis
477 1299 605 1354 cap.
638 1284 675 1335 2
707 1282 860 1355 :Qui
888 1283 959 1337 ad
988 1298 1077 1336 me
1109 1283 1306 1350 tendit,
1324 1298 1406 1355 ex
1433 1285 1544 1337 mei
1566 1282 1876 1355 participa-

233 1358 364 1410 tione
394 1357 476 1409 ad
505 1353 592 1409 me
623 1353 833 1416 tendit;
881 1358 937 1408 et
967 1354 1120 1425 epist
1178 1357 1240 1409 15
1269 1354 1340 1408 ad
1374 1353 1712 1409 Turribium
1746 1353 1876 1426 cap.

231 1428 296 1482 5:
326 1431 507 1483 Nemo
537 1426 822 1480 hominum
852 1427 1209 1490 veritas,nem
1226 1427 1560 1495 asapientia,
1599 1442 1760 1481 nemo
1786 1429 1880 1494 iu-

233 1498 373 1553 stitia
400 1504 487 1552 est
512 1513 533 1557 :
574 1496 670 1552 sed
696 1499 865 1551 multi
907 1498 1209 1567 participes
1256 1506 1383 1552 sunt
1412 1498 1659 1552 veritatis
1704 1507 1756 1553 et
1785 1514 1882 1553 sa-

235 1571 450 1641 pientiae
495 1571 666 1639 atque
705 1568 944 1638 justitise
981 1585 1000 1621 :
1040 1570 1186 1623 solus
1235 1574 1416 1623 autem
1459 1569 1601 1624 Deus
1656 1568 1879 1626 nullius

234 1640 668 1722 participationis
691 1640 925 1722 indigus
955 1647 1055 1722 est.

296 1709 537 1796 Utrique
567 1709 1247 1796 familiaresnadmndum
1284 1714 1426 1792 sunt
1449 1726 1641 1796 voces,
1671 1726 1879 1781 regere,
1909 1731 1957 1796 Β

240 1781 785 1854 rector,regens,cum
807 1783 878 1837 de
894 1782 1011 1837 Deo
1034 1786 1090 1836 et
1110 1781 1600 1854 anima,animaet
1616 1798 1877 1854 corpore,

242 1855 580 1926 episcopoet
603 1852 854 1909 Ecclesia
871 1869 1202 1926 sermonem
1223 1854 1411 1926 habet.
1447 1852 1665 1926 Passim
1689 1852 1876 1909 recto-

246 1923 322 1999 res
349 1923 603 1999 appellat
643 1926 754 1980 Leo
783 1941 937 1999 quos
980 1924 1155 1999 vulgo
1172 1925 1489 1999 episcopos
1519 1923 1616 1979 alii
1647 1925 1873 1999 dicunt.

246 1995 508 2053 Sexcenta
527 1997 657 2051 loca
679 2010 816 2052 sunt
841 1995 1449 2065 bujusmodi.’Vide,si
1474 1997 1877 2067 vacat,episto-

245 2067 345 2123 lam
376 2073 425 2133 1,
457 2086 587 2139 cap.
622 2070 674 2135 1,
705 2069 793 2131 12,
826 2083 951 2137 cap.
984 2068 1037 2133 3,
1074 2069 1161 2134 14,
1196 2068 1305 2123 sub
1344 2069 1557 2135 tinem;
1593 2069 1716 2136 115,
1749 2069 1873 2135 128,

250 2140 355 2202 138,
387 2142 504 2207 139,
544 2140 645 2194 140
679 2139 850 2210 (nunc
876 2139 1032 2211 epist.
1071 2141 1157 2201 12,
1200 2156 1246 2211 c.
1280 2140 1334 2205 1,
1368 2140 1453 2209 14,
1487 2154 1533 2193 c.
1567 2139 1620 2205 3,
1656 2140 1742 2205 18,
1775 2140 1874 2195 sub

247 2211 414 2279 ﬁnem,
465 2212 587 2273 145,
626 2211 746 2277 163,
781 2210 905 2278 170,
957 2211 1081 2278 171,
1116 2210 1260 2280 172),
1293 2216 1402 2265 etc.
1455 2211 1599 2265 Item
1634 2226 1808 2266 serm.
1838 2214 1875 2266 2

248 2287 400 2349 (nunc
428 2284 476 2353 3)
508 2299 639 2353 cap.
672 2286 695 2335 1
733 2287 789 2337 et
818 2282 871 2343 3,
895 2281 1083 2353 Serm.
1111 2282 1136 2335 1
1163 2282 1233 2336 de
1253 2281 1448 2350 Jejun.
1472 2280 1683 2336 decimi
1709 2298 1873 2339 men-

249 2354 319 2409 sis
346 2352 467 2425 cap.
488 2356 524 2408 2
557 2352 880 2423 :Suscipiat
913 2352 1099 2425 fidelis
1113 2353 1310 2408 anima
1339 2355 1582 2407 auctoris
1595 2355 1685 2425 sui
1712 2358 1874 2425 atque

250 2423 499 2481 Βεσιοίιιε
512 2424 1035 2497 immarcescibilem
1049 2423 1624 2497 charitatem.ASerm.8
1645 2424 1715 2479 de
1737 2423 1871 2497 Epi-

247 2496 443 2566 phania
471 2513 598 2568 cap.
634 2496 879 2568 4εὓίμιη
908 2498 959 2549 et
988 2512 1282 2568 mucronum
1305 2505 1362 2568 et
1382 2495 1759 2568 habitatorem
1781 2495 1875 2552 sui

246 2583 347 2623 esse
375 2584 475 2623 non
502 2566 733 2623 dubitet.
776 2566 964 2621 Serm.
1014 2567 1048 2621 3
1093 2568 1262 2637 (nunc
1289 2567 1344 2637 4)
1378 2567 1434 2620 in
1468 2566 1690 2633 anniv.,
1717 2569 1871 2634 Ass.,

244 2654 359 2709 cap.
396 2642 416 2694 1
448 2656 461 2695 :
494 2639 636 2707 Quid
665 2638 811 2695 enim
840 2642 956 2693 tam
1001 2640 1220 2706 regium
1266 2655 1430 2708 quam
1461 2638 1736 2694 subditum
1767 2641 1870 2695 Deo

242 2713 476 2765 animum
501 2713 598 2765 sui
623 2711 866 2780 corporis
895 2724 1022 2779 epse
1051 2709 1389 2764 ascroasm?
1417 2709 1494 2764 De
1525 2710 1813 2781 Quadrag.
1840 2712 1866 2766 1

241 2783 398 2852 cap.1
421 2782 506 2837 :Si
522 2790 707 2837 autem
727 2797 877 2835 usus
894 2796 1003 2835 suo
1021 2796 1255 2847 sacram
1274 2797 1529 2848 suanm,
1544 2787 1653 2836 etc.
1677 2782 1867 2838 Serm.

241 2852 269 2905 4
298 2869 417 2925 cap.
437 2854 471 2906 2
495 2871 507 2908 :
533 2854 763 2907 Animus
785 2868 943 2925 quem
961 2853 1060 2906 sub
1084 2853 1178 2907 Dei
1195 2852 1583 2922 gubernaculis
1602 2856 1868 2909 constitu-

234 2923 380 2989 tum;
395 2926 629 2995 corporis
654 2925 745 2978 sui
766 2923 909 2978 decet
935 2939 1049 2978 esse
1073 2939 1387 2978 sucronem.
1420 2928 1602 2978 Serm.
1634 2926 1670 2977 7
1701 2940 1749 2979 c.
1784 2926 1816 2979 4
1850 2942 1863 2979 :

236 2995 487 3050 Utendum
507 2998 590 3050 ita
619 3011 842 3066 corpore
870 3010 987 3063 suo,
1009 2997 1069 3047 ut
1098 3010 1335 3066 nscrom
1359 3011 1467 3049 suo
1498 2997 1869 3051 necessarium

228 3068 670 3134 praebeatnatura
690 3065 926 3137 inferior
936 3065 1383 3136 famulatum.l)e
1399 3067 1675 3121 Passione
1688 3083 1860 3122 serm.

229 3137 259 3208 ἶ
286 3154 336 3192 c.
367 3138 436 3192 3:
460 3139 655 3194 Nolens
675 3138 728 3205 (J
737 3138 905 3208 udas)
926 3137 1198 3192 Christum
1221 3137 1423 3192 habere
1437 3154 1755 3193 RECTOREM.
1789 3143 1863 3193 De

222 3205 413 3281 Jejun.
432 3210 662 3281 septimi
686 3205 907 3265 mensis
923 3224 1099 3264 serm.
1120 3210 1155 3262 2
1173 3224 1224 3264 c.
1248 3209 1271 3264 1
1307 3224 1318 3262 :
1342 3209 1608 3281 Agnoscat
1628 3211 1865 3279 inferior

221 3277 375 3335 sm
403 3277 696 3337 exterioris
712 3282 801 3336 sui
818 3297 875 3335 se
891 3297 1003 3336 esse
1024 3296 1338 3352 sucronem.
1365 3277 1441 3335 De
1461 3281 1653 3350 Jejun.
1679 3277 1863 3352 septi-

223 3351 299 3403 mi
328 3354 545 3408 mensis
576 3368 752 3408 serm.
786 3353 821 3404 5
851 3368 863 3407 :
898 3353 1033 3421 Quae
1068 3352 1190 3407 illic
1226 3350 1526 3407 declinatio
1556 3356 1726 3422 potest
1748 3350 1865 3408 esse

214 3426 449 3491 peccati,
482 3425 576 3479 ubi
604 3441 719 3478 una
744 3426 928 3494 passio
946 3431 1026 3479 est
1054 3430 1107 3477 et
1134 3438 1408 3478 REGENTIS
1431 3440 1496 3477 ετ
1514 3423 1782 3479 suanm?
1804 3424 1863 3479 id

220 3498 310 3566 cst
339 3496 548 3551 animae
576 3500 633 3550 et
673 3495 954 3565 corporis,
1006 3495 1177 3566 cujus
1207 3510 1405 3566 unam,
1434 3494 1765 3566 passionem
1800 3498 1866 3550 ut

218 3562 314 3619 his
344 3568 533 3621 verbis
561 3562 855 3635 exprimit,
889 3566 970 3621 ita
1017 3562 1119 3620 Dei
1166 3569 1223 3619 et
1251 3562 1510 3620 hominis
1558 3582 1735 3621 unam
1767 3583 1864 3622 ac-

218 3635 441 3693 tionem
464 3638 675 3693 iisdem
703 3637 984 3709 depingit.
1011 3636 1374 3708 Dum,inquit
1401 3636 1503 3691 lib.
1537 3638 1644 3692 Ide
1665 3638 1862 3709 vocat.

216 3713 379 3778 gent.
414 3727 460 3765 c.
487 3712 540 3776 6,
574 3726 674 3780 per
703 3708 1142 3764 communionem
1171 3709 1545 3764 illuminantis
1573 3717 1625 3764 et
1649 3708 1865 3764 illumi-

214 3782 357 3843 nati,
382 3782 751 3852 justiﬁcantis
769 3789 820 3835 et
832 3781 1149 3852 justi/tecti,
1183 3780 1339 3834 640
1371 3796 1642 3835 REGENTIS
1672 3797 1739 3835 ET
1759 3798 1862 3836 su-

218 3851 395 3915 anm,
444 3854 629 3933 omnis
677 3854 826 3933 actio.
868 3851 937 3905 ad
980 3853 1462 3933 unum_rc_fertur,
1491 3855 1563 3933 ient
1610 3852 1866 3933 quodnad

214 3938 392 3977 unum
418 3926 680 3995 refertur,
712 3926 997 3995 utriusque
1024 3931 1118 3977 est.
1159 3926 1222 3975 Et
1253 3921 1353 3995 lib.
1387 3938 1447 3982 ιι.
1483 3923 1551 3975 10
1581 3921 1663 3979 ait
1696 3941 1708 3978 :
1738 3924 1862 3979 0m-

208 3995 373 4049 nium
405 3993 725 4050 Sanctorum
769 3994 872 4049 Dei
896 3993 1171 4064 Spiritum
1198 3994 1372 4064 fuisse
1401 4010 1717 4049 sucronem.

285 4064 402 4138 Leo
428 4067 497 4122 de
527 4066 727 4138 gratiae
765 4065 1061 4138 intusione
1109 4065 1190 4120 ita
1219 4065 1483 4137 loquitur
1504 4082 1706 4138 perm.
1733 4066 1766 4120 3
1795 4065 1866 4121 de

205 4131 445 4205 Jejunio
463 4131 677 4193 decimi
699 4136 917 4192 mensis
940 4154 988 4192 c.
1014 4138 1039 4190 1
1068 4153 1081 4190 :
1106 4138 1246 4205 Ager
1265 4131 1370 4191 iste
1388 4136 1585 4207 cordis,
1604 4153 1865 4192 nonam:

206 4220 471 4279 nnsupsa
488 4227 693 4266 annm
715 4225 871 4264 DEI...
896 4209 1255 4279 eleemosynis
1273 4209 1503 4273 seritur,
1527 4208 1866 4263 orationibus

206 4277 559 4349 fecundatur,
591 4286 699 4336 etc.
725 4285 783 4335 et
802 4295 978 4336 serm.
1000 4282 1036 4333 7
1065 4277 1145 4334 de
1169 4280 1445 4335 Passione
1466 4295 1513 4333 c.
1542 4281 1567 4334 1
1597 4294 1610 4335 :
1634 4280 1865 4350 Adfatu-

206 4365 332 4405 ram
363 4354 645 4408 credimus
673 4356 916 4423 gratiam
966 4352 1081 4418 Dei,
1124 4365 1248 4423 qua
1295 4367 1709 4423 msmaa'rionis
1740 4366 1866 4406 sua:

1990 430 2269 486 deamata.

2112 502 2190 557 ib.
2220 519 2261 557 ιι
2295 503 2364 582 de
2404 502 2596 582 Vocat.
2649 504 2802 582 gent.
2830 517 2887 582 ς.
2923 500 2991 582 1_5
3023 516 3035 553 :
3070 501 3378 582 Flammam
3404 502 3657 582 concipe-

1990 582 2133 631 rent.
2166 590 2275 644 qua
2303 574 2493 628 beatus
2521 573 2797 642 apostolus
2820 572 3025 644 Paulus
3056 588 3308 637 manus,
3331 578 3440 627 etc.
3469 572 3649 644 Epist.

1991 645 2063 699 ad
2100 645 2275 700 Deme
2303 644 2548 699 triadem
2575 659 2623 698 c.
2655 644 2719 697 14
2743 659 2755 696 :
2780 643 2928 699 Unde
2953 644 3114 712 ca'pit
3137 643 3655 711 inﬂammari,inde

1987 725 2173 786 poscat
2203 733 2406 771 IGNIRI.
2435 718 2488 767 S.
2519 715 2647 779 Leo,
2668 732 2821 769 serm
2846 717 2894 786 1
2926 714 2994 767 de
3022 716 3257 768 Ascens.
3286 731 3335 786 c.
3362 716 3396 768 2
3422 732 3435 769 :
3465 718 3651 771 Flam-

1986 802 2135 842 mam
2165 788 2296 856 [ἱόεί
2337 786 2672 841 illuminata
2721 785 2887 840 corda
2916 788 3254 855 concipiunt.
3288 785 3472 840 Serm.
3505 788 3539 840 3
3579 788 3650 842 de

1988 857 2216 912 Pentec.
2252 875 2265 913 :
2304 859 2367 914 Ut
2396 861 2567 911 Pater
2610 858 3033 927 propitiaretur,
3082 856 3259 909 Filius
3287 858 3648 927 propitiaret,

1988 928 2229 999 Spiritus
2257 938 2479 984 sanctus
2528 944 2773 982 IGNIBET.
2808 928 3003 999 Serm.
3042 927 3066 979 1
3103 927 3172 999 de
3206 928 3435 983 Pentec.
3473 946 3486 983 :
3522 929 3649 984 Elo-

1988 998 2182 1084 quium
2196 1002 2589 1084 “conciperetur
2619 1001 2876 1084 ignitum.
2896 998 3095 1084 Serm.
3119 998 3190 1084 06
3208 999 3376 1069 (nunc
3406 1001 3483 1084 1.4.
3494 1006 3644 1084 app.)

1989 1069 2049 1126 in
2089 1071 2252 1126 Cath.
2283 1073 2341 1127 S.
2369 1069 2550 1137 Petri,
2584 1069 2694 1125 c.’1
2733 1085 2745 1124 :
2780 1071 2975 1138 lgnitis
3024 1069 3304 1124 beatorum
3341 1069 3646 1139 spirituum

1989 1145 2213 1199 cwtibus
2241 1147 2591 1214 aggregatus.
2626 1141 2812 1196 Serm.
2837 1143 2867 1195 4
2896 1141 2966 1195 de
2991 1139 3132 1214 Coll.
3165 1157 3212 1194 c.
3252 1143 3276 1195 1
3318 1158 3329 1196 :
3362 1143 3504 1210 Agro
3521 1159 3648 1199 cor-

1992 1215 2078 1269 dis
2107 1212 2367 1270 avaritiaz
2414 1212 2696 1268 radicibus
2744 1216 3017 1283 occupato.
3069 1212 3252 1285 Serm.
3284 1214 3318 1267 3
3348 1214 3419 1268 de
3447 1214 3643 1285 Jejun.

1994 1286 2207 1341 decimi
2240 1302 2425 1341 mens.
2460 1301 2510 1340 c.
2546 1286 2597 1353 1,
2631 1284 2720 1339 bis
2750 1286 2818 1339 de
2843 1299 2979 1352 agro
3008 1284 3204 1339 cordis.

2066 1356 2255 1411 Serm.
2287 1356 2311 1410 1
2349 1357 2415 1410 de
2449 1357 2639 1427 Jejun.
2675 1354 2885 1410 decimi
2916 1371 3103 1427 mens.
3138 1371 3188 1410 c.
3224 1354 3258 1408 3
3289 1368 3309 1427 τί
3339 1354 3565 1409 Oriatur
3583 1372 3653 1411 nn

1996 1443 2197 1483 connis
2228 1444 2376 1483 anno
2399 1426 2536 1498 quod
2558 1437 2703 1482 terra
2733 1443 2842 1481 non
2864 1427 3029 1481 dedit.
3056 1426 3136 1481 De
3155 1426 3446 1498 Quadrag.
3471 1443 3647 1483 serm.

1996 1500 2021 1553 1
2058 1516 2109 1554 c.
2141 1500 2176 1553 5
2212 1515 2224 1553 :
2263 1500 2407 1553 Tunc
2437 1501 2494 1553 in
2516 1500 2673 1553 nobis
2699 1500 2832 1553 bene
2855 1500 3123 1553 virtutum
3145 1499 3360 1553 semina
3379 1501 3648 1553 nutriun-

1994 1578 2105 1637 tur,
2139 1570 2357 1643 quando
2387 1587 2458 1625 AB
2483 1586 2627 1643 anno
2658 1586 2858 1625 CORDIS
2891 1570 3067 1643 nostri
3096 1585 3316 1643 germen
3349 1585 3508 1643 omne
3542 1586 3645 1643 ea:-

1996 1641 2216 1697 ternum
2246 1643 2519 1697 evellitur.
2554 1641 2634 1695 De
2669 1642 3024 1695 Ascensione
3055 1657 3231 1695 serm.
3252 1641 3289 1693 2
3318 1656 3367 1695 c.
3399 1642 3434 1694 5
3467 1659 3480 1696 :
3513 1641 3649 1696 Ava-

1990 1715 2152 1781 ritia,
2175 1712 2239 1768 de
2266 1712 2418 1784 cujus
2450 1712 2636 1768 radice
2655 1716 2907 1784 omnium
2928 1713 3207 1768 malorum
3226 1727 3447 1782 germen
3466 1728 3643 1767 emer-

1982 1787 2104 1856 git;
2131 1801 2250 1857 qua
2281 1782 2398 1839 nisi
2426 1785 2487 1839 in
2522 1786 2643 1857 suis
2656 1782 2952 1857 fomitibus
3008 1793 3291 1857 enecetur,
3322 1799 3536 1857 necesse
3564 1785 3643 1839 est

1984 1853 2045 1912 ut
2074 1853 2312 1911 ἐφίλειηο
2342 1871 2545 1911 CORDIS
2595 1853 2777 1923 illius,
2810 1856 2867 1909 in
2901 1870 3009 1927 quo
3055 1856 3219 1926 hujus
3262 1855 3403 1909 mali
3445 1857 3645 1927 planta

1985 1928 2287 1993 convaluit,
2340 1930 2515 1998 spinae
2563 1929 2746 1998 potius
2793 1925 3643 1998 tribulique’vitiorumﬁquam

1983 2000 2166 2055 ullum
2193 2015 2333 2054 vera:
2352 1996 2575 2054 virtutis
2592 2014 2776 2053 semen
2796 1998 3046 2053 oriatur.
3078 1998 3262 2052 Serm.
3287 1999 3323 2051 6
3342 1997 3412 2069 de
3441 1996 3640 2069 Jejun.

1984 2070 2193 2126 decimi
2230 2070 2447 2125 mensis
2478 2086 2607 2141 cap.
2633 2073 2659 2124 1
2698 2087 2710 2125 :
2747 2073 2823 2125 De
2846 2078 2991 2141 terra
3021 2084 3229 2139 quoque
3248 2068 3432 2124 cordis
3462 2071 3644 2125 nostri

1981 2157 2214 2217 germen
2243 2143 2471 2217 iustitia)
2498 2139 3111 2217 et_fru_ctus_charitatz_'s
3141 2142 3379 2217 oriatur.

2056 2214 2179 2267 Lib.
2204 2229 2246 2267 ιι
2267 2213 2339 2269 de
2360 2217 2561 2267 Vocat.
2591 2229 2640 2285 c.
2667 2214 2727 2267 11
2756 2229 2769 2267 :
2795 2212 3016 2267 Semina
3036 2212 3452 2279 charismatum,
3475 2212 3626 2268 041

1978 2284 2286 2355 plantasque
2313 2286 2582 2339 virtutum
2611 2299 2721 2355 non
2753 2300 2812 2337 IN
2839 2300 2984 2339 OMNI
3012 2299 3162 2338 acac
3190 2300 3391 2338 conms
3413 2299 3637 2339 HUMANI

1981 2354 2153 2411 totum
2182 2354 2299 2427 hoc,
2312 2360 2543 2427 pariter,
2558 2354 2701 2427 quod
2716 2358 2842 2409 sunt
2860 2356 3060 2425 futura
3080 2359 3403 2427 nascuntur.
3431 2355 3506 2427 Ex
3529 2355 3639 2411 bac

1981 2425 2420 2498 comparatione
2450 2425 2643 2483 cordis
2668 2442 2800 2480 cum
2824 2442 2964 2497 agro
2986 2431 3297 2498 nattesunt
3325 2426 3451 2480 aliae
3474 2425 3635 2481 locu-

1980 2497 2193 2562 tiones,
2227 2515 2375 2570 quas
2405 2515 2557 2570 saepe
2580 2502 2850 2567 usurpat,
2876 2503 2939 2551 ut
2968 2497 3316 2570 cumADeum
3340 2501 3510 2551 vocat
3536 2514 3637 2553 su-

1980 2586 2226 2653 pernum
2246 2568 3632 2653 agricolam3gratiamjaspiratipnesque,rorem,

1979 2639 2369 2710 irrigationes,
2407 2641 2726 2697 rorationes
2754 2658 2767 2706 ;
2799 2639 3064 2710 virtutes,
3099 2639 3488 2710 plantationes
3514 2641 3630 2707 Dei,

1978 2718 2035 2769 et
2064 2708 2178 2769 alia
2208 2713 2573 2783 bujusmodi,
2605 2729 2732 2783 qua:
2763 2712 2947 2767 cuivis
2979 2708 3191 2783 legenti
3224 2715 3555 2783 occurrent.

2047 2781 2643 2853 Voluntatijudicium
2662 2788 2905 2854 uterque
2924 2781 3146 2837 tribuit.
3170 2783 3404 2837 Lib.1de
3426 2781 3629 2838 Vocat.

2017 2860 2132 2911 ent.
2168 2872 2294 2927 cap.
2328 2857 2362 2910 8
2393 2873 2405 2910 :
2443 2856 2481 2910 A
2512 2872 2615 2927 quo
2640 2854 2921 2925 (diabolo)
2970 2869 3627 2927 summustyownrn'ris

1975 2871 2132 2981 gent.
2168 2872 2294 2927 cap.
2328 2871 2362 2910 δ
2393 2873 2405 2910 :
2443 2871 2481 2910 Α
2512 2872 2615 2927 quo
2640 2871 2921 2925 (οιειοοιο)
2970 2871 3248 2909 JUDICIUM
3278 2871 3627 2908 VOLUNTATIS

2011 2938 2338 2999 epravatum
2355 2930 2453 2999 est,
2472 2943 2580 2981 non
2610 2926 2860 2999 ablatum
2883 2942 2903 2986 ;
2930 2929 2988 2979 et
3003 2941 3130 2999 cap.
3153 2926 3194 2999 _7
3214 2942 3228 2999 ς
3253 2925 3367 2999 Non
3384 2925 3627 2999 perdidit

1977 2996 2301 3068 appetitum,
2318 2998 2410 3054 sed
2432 2999 2661 3053 mutavit
2680 2997 2958 3068 affectum,
2975 2996 3030 3051 id
3047 2997 3320 3067 recipiens
3334 2996 3625 3064 desiderio,

1972 3070 2116 3141 quod
2147 3071 2336 3125 debuit
2359 3073 2605 3139 refutare
2628 3086 2868 3124 summo.
2894 3068 2953 3141 S.
2980 3072 3111 3131 Leo,
3135 3084 3310 3124 serm.
3335 3068 3371 3121 9
3396 3069 3625 3141 dePas-

1976 3138 2160 3209 sione,
2184 3157 2310 3211 cap.
2346 3143 2377 3195 4
2410 3138 2426 3197 ξ
2456 3143 2593 3196 Ισόηε
2618 3141 2911 3195 charitatis
2932 3138 3068 3194 lavit
3097 3141 3261 3193 verba
3282 3138 3628 3211 formidinis;

1970 3229 2072 3267 nec
2102 3210 2383 3267 tardatum
2413 3216 2491 3267 est
2519 3211 2826 3266 remedium
2855 3211 3199 3275 abolitionis,
3230 3210 3330 3265 ubi
3366 3228 3482 3264 non
3519 3213 3630 3280 fuit

1970 3299 2247 3339 JUDICIUM
2278 3299 2572 3338 vocuurar
2598 3300 2645 3337 s.
2667 3283 2747 3337 De
2775 3282 3078 3338 voluntate
3094 3283 3270 3336 etiam
3297 3281 3628 3353 intelligen-

1974 3355 2116 3409 dum
2149 3354 2305 3425 quod
2338 3370 2516 3409 serm.
2551 3356 2611 3408 11
2647 3370 2774 3423 cap.
2821 3354 2853 3407 4
2904 3353 3151 3408 habetur
3182 3369 3196 3407 :
3233 3355 3538 3408 lnsurrexit
3566 3355 3628 3407 in

1971 3428 2324 3497 semetipsum
2356 3427 2567 3496 impius
2597 3426 2825 3495 (Judas)
2855 3440 2967 3497 non
3002 3440 3238 3497 summo
3266 3426 3624 3497 paenitentis,

1971 3497 2063 3553 sed
2094 3495 2283 3567 furore
2308 3495 2611 3568 pereuntis.
2646 3496 2831 3567 Epist.
2875 3495 2945 3549 37
2992 3495 3162 3565 (nunc
3191 3496 3279 3565 41)
3318 3514 3331 3551 :
3365 3497 3626 3551 Normam

1970 3570 2355 3641 praeceptionis
2384 3569 2575 3639 implet
2601 3583 2826 3641 quorum
2854 3582 3221 3641 vocpN'rAfrIs.

2045 3640 2123 3697 De
2150 3638 2365 3696 'Vocat.
2400 3638 2554 3710 gent.
2606 3638 2709 3694 lib.
2744 3655 2763 3693 1
2794 3655 2920 3710 cap.
2953 3638 2988 3692 9
3020 3655 3032 3693 :
3071 3640 3133 3695 Ut
3163 3638 3502 3705 agnitionem
3533 3638 3631 3693 Dei

1971 3726 2079 3766 non
2115 3711 2375 3766 doctrinis
2407 3712 2668 3767 humanae
2715 3726 2890 3778 opere,
2923 3710 3016 3763 sed
3047 3725 3393 3764 MAGISTERIO
3421 3710 3628 3765 summi

1973 3783 2268 3839 eruditoris
2289 3784 2569 3855 accipiant
2589 3799 2609 3844 ,°
2640 3787 2699 3836 et
2717 3781 2815 3836 lib.
2828 3796 2961 3855 inc.
2977 3781 3076 3837 33:
3100 3783 3152 3835 F.
3179 3781 3270 3834 dei
3289 3797 3628 3855 uncls'rnato

1970 3858 2344 3926 prwfuerunt.
2365 3851 2552 3910 Sérm.
2569 3855 2605 3907 2
2634 3858 2802 3920 (nunc
2819 3853 2871 3923 3)
2893 3851 3270 3926 _in_assumpt.
3297 3868 3405 3926 sua
3426 3869 3552 3923 cap.
3572 3853 3626 3908 3:

1977 3923 2167 3981 Omnis
2199 3927 2487 3998 lingua....
2513 3923 3046 3998 unoismnioﬁhujus
3074 3927 3216 3979 vocis
3237 3923 3525 3998 imbuitur.
3555 3928 3630 3980 De

1975 3998 2266 4069 Quadrag.
2286 3995 2478 4053 'serm.
2508 3998 2545 4051 2
2574 3997 2771 4069 cap.r4
2805 4013 2816 4049 :
2853 3995 3223 4069 Redemptoris
3252 3996 3433 4069 nostri
3450 4011 3629 4069 MAGI-

1975 4085 2172 4124 s'remo
2203 4067 2380 4124 edocti
2457 4074 2532 4122 De
2563 4068 2841 4122 Passione
2872 4083 3047 4121 serm.
3083 4067 3149 4120 14
3181 4070 3346 4133 (nunc
3380 4067 3465 4138 12)
3496 4082 3623 4138 cap.

1972 4142 2008 4195 5
2040 4158 2053 4195 :
2088 4139 2420 4207 Evangelico
2468 4140 2786 4208 magisterio
2833 4139 3008 4192 multa
3036 4145 3168 4192 sunt
3213 4140 3395 4191 aucta.
3431 4137 3616 4206 Epist.

1975 4211 2082 4266 140
2133 4197 2304 4282 (nunc
2352 4212 2477 4279 172)
2510 4227 2522 4265 :
2558 4197 2870 4277 Magisterio
2912 4209 3152 4280 Spiritus
3198 4210 3387 4264 sancti
3435 4197 3536 4264 illa
3565 4211 3627 4264 in

1975 4284 2226 4338 omnibus
2256 4283 2453 4337 unitas
2484 4285 2794 4351 expetatur.

2044 4354 2123 4408 De
2150 4352 2352 4408 Vocat.
2387 4358 2541 4423 gent.
2574 4352 2673 4408 lib.
2702 4370 2719 4406 ι
2753 4369 2803 4406 c.
2838 4351 2908 4405 de
2939 4351 3117 4406 Paulo
3153 4367 3166 4408 :
3199 4352 3390 4405 Totam
3411 4352 3622 4421 exposi-

206 4434 362 4493 tioni:
394 4422 751 4480 sterilitatem
788 4424 964 4478 nostri
1005 4422 1185 4477 cordis
1231 4429 1505 4493 aspergat.
1561 4422 1686 4476 Lib.
1722 4438 1762 4476 ιι
1792 4424 1864 4477 de
1900 4475 1939 4493 η
1972 4425 2141 4481 tionis
2171 4422 2442 4480 rationem
2471 4424 2756 4479 transtulit
2779 4425 2839 4477 in
2862 4426 3164 4492 stuporem.
3198 4424 3331 4489 Leo,
3358 4438 3532 4477 serm.
3562 4423 3628 4476 18

206 4475 764 4567 Vceligantia
792 4475 956 4550 Vznlsta
1001 4475 1194 4565 satis
1235 4475 1709 4567 asyrum.ng
1736 4475 1863 4548 sua;
1899 4475 1942 4538 Ι)
1973 4475 2831 4567 satis;satiassatias
2862 4475 3626 4567 (tam,insignius-

209 4572 343 4639 cunt
371 4565 494 4623 eam
522 4582 651 4639 quae
676 4582 849 4639 super,
889 4582 1064 4639 unum
1094 4565 1261 4639 Israel
1309 4565 1407 4620 sub
1435 4568 1560 4639 lege
1567 4581 1863 4639 _RO!_1AV1'1‘.

288 4636 403 4692 Leo
431 4635 609 4694 serm.
641 4639 677 4691 5
706 4635 776 4694 de
806 4637 1117 4693 Nativitate
1139 4636 1306 4692 Dom.
1340 4653 1389 4691 c.
1425 4637 1447 4691 1
1487 4653 1499 4691 :
1535 4635 1651 4690 Non
1675 4636 1730 4690 in
1754 4637 1869 4692 solo

215 4719 376 4775 Opere
403 4712 695 4773 virtutum,
726 4718 825 4765 aut
854 4711 915 4764 in
937 4709 1055 4765 sola
1083 4708 1429 4763 observantia
1456 4707 1865 4778 mandatorum,

219 4779 311 4831 sed
338 4784 512 4837 etiam
541 4785 601 4837 in
630 4798 881 4836 TBAMITE
910 4781 1039 4849 ﬁdei
1082 4788 1311 4849 angusta
1359 4788 1410 4833 et
1436 4778 1613 4834 ardua
1644 4781 1736 4833 via
1766 4783 1867 4847 est,

222 4863 341 4922 quae
368 4852 519 4908 ducit
549 4854 620 4908 ad
646 4854 835 4909 vitam.
869 4852 992 4907 Lib.
1028 4868 1068 4906 ιι
1100 4850 1171 4905 de
1202 4851 1394 4905 Vocat.
1420 4854 1576 4921 gent.
1602 4867 1731 4922 cap.
1756 4853 1864 4906 20:

228 4918 282 4973 ln
312 4920 411 4978 hoc
436 4934 665 4995 angusto
697 4925 933 4995 quidem.
962 4923 1053 4979 sed
1072 4931 1261 4995 tamen
1294 4918 1449 4978 recta
1468 4918 1869 4991 intelligentiae

233 4996 456 5066 tramite,
487 4994 598 5052 non
624 4994 830 5066 parum
862 4994 1234 5066 difﬁcultatis,
1267 4999 1378 5049 etc.

301 5065 393 5121 Lib
447 5084 487 5122 ιι
519 5069 589 5124 de
626 5065 821 5123 Vocat.
873 5070 1029 5137 gent.
1084 5082 1209 5134 cap.
1241 5066 1305 5119 21
1345 5084 1357 5120 :
1386 5065 1496 5137 Nec
1524 5080 1789 5137 umquam
1816 5066 1869 5119 ei

242 5134 453 5192 vicinius
481 5145 556 5193 est
584 5154 740 5210 posse
768 5134 966 5202 vivere,
989 5154 1156 5210 quam
1182 5152 1333 5210 posse
1359 5136 1587 5210 deﬁcere
1625 5134 1681 5210 ξε
1733 5136 1866 5201 Leo,

247 5217 399 5282 Serm.
442 5212 478 5264 5
526 5208 597 5265 de
645 5211 934 5282 Quadrag.
990 5208 1037 5262 ὸ.
1082 5213 1157 5263 2:
1194 5209 1443 5282 Vicinum
1486 5208 1659 5282 nimis
1705 5210 1868 5279 atque

254 5281 531 5397 fastigatam
575 5290 655 5338 est
700 5287 760 5337 ut
788 5281 959 5338 etiam
1005 5296 1230 5353 magnos
1276 5281 1479 5335 animos
1531 5281 1640 5334 ista
1666 5294 1866 5335 concu-

274 5360 388 5397 ltml-
418 5358 523 5397 ein,

274 5360 390 5416 tant,
418 5358 525 5407 etc.

311 5420 413 5477 Lib.
447 5441 464 5476 ι
494 5424 565 5478 de
585 5424 899 5480 Vocatione
920 5426 1077 5491 gent.
1099 5440 1146 5476 c.
1174 5423 1197 5476 1
1225 5437 1237 5475 :
1266 5426 1345 5476 De
1372 5422 1475 5476 hac
1500 5436 1869 5491 compugnan-

260 5490 316 5564 ᾔει
340 5494 638 5564 opinionum
669 5500 780 5553 etc.
801 5513 815 5562 ;
840 5500 896 5552 et
919 5490 1015 5550 lib.
1043 5511 1084 5549 ιι
1107 5510 1155 5547 c.
1178 5492 1280 5547 28:
1305 5495 1480 5562 Quam
1496 5490 1866 5564 compugnan-

265 5561 374 5618 liam'
392 5566 559 5635 (inter
587 5568 735 5624 velle
764 5561 820 5623 et
849 5566 1023 5635 nolle)
1058 5569 1249 5622 Petrus
1278 5561 1561 5637 perpessus
1589 5561 1819 5628 est,'etc.
1847 5585 1863 5634 ς

266 5636 305 5687 et
326 5652 367 5692 c.
391 5638 456 5694 33
487 5657 501 5694 :
536 5639 735 5696 Omnes
768 5640 1099 5696 varietatum
1146 5639 1604 5708 compugnantise.
1640 5637 1698 5691 S.
1736 5641 1865 5705 Leo,

266 5719 398 5766 term.
425 5712 460 5765 5
488 5712 562 5769 de
589 5716 758 5769 Pass.
791 5728 841 5767 c.
873 5714 910 5766 2
940 5727 953 5767 :
996 5709 1335 5766 diversarum
1379 5711 1863 5779 compugnantiam

267 5779 590 5849 affectionem.
604 5785 789 5841 Serm.
812 5784 878 5839 1O
897 5784 968 5840 de
986 5781 1297 5840 Nativitate
1314 5797 1365 5839 c.
1392 5781 1419 5837 1
1447 5797 1461 5837 :
1488 5780 1867 5853 Compugnan-

1975 4568 2122 4623 cium
2154 4563 2446 4624 transtulit
2474 4569 2533 4623 in
2567 4566 2935 4637 triumphum.
2966 4566 3154 4621 Serm.
3183 4567 3218 4618 5
3242 4563 3312 4620 de
3342 4563 3559 4619 Nativit
3602 4580 3616 4637 ς

1976 4640 2039 4712 Si
2057 4641 2117 4695 in
2138 4640 2500 4712 disciplinam
2526 4641 2649 4712 ipsa
2680 4636 2917 4712 remedia
2951 4638 3369 4712 transferentur.
3392 4640 3572 4712 Serm.
3596 4636 3631 4712 3

1978 4711 2048 4784 de
2085 4707 2328 4784 Epipbi:
2359 4714 2417 4767 In
2442 4707 2854 4781 indulgentiam
2874 4711 2958 4763 ira
2976 4707 3251 4784 translata
3271 4711 3556 4784 est.Se_rm-
3594 4708 3630 4784 _9

1976 4782 2047 4856 in
2069 4779 2227 4850 Quad
2239 4800 2359 4856 reg.
2390 4800 2519 4856 cap.
2545 4785 2579 4838 3
2603 4779 2620 4838 Ξ
2641 4783 2702 4856 Si
2716 4796 2932 4856 omnem
2948 4780 3217 4856 offensam
3232 4779 3630 4856 transtuleritis

1980 4854 2050 4908 ad
2094 4849 2335 4911 veniam“.
2382 4849 2569 4909 Serm.
2606 4856 2634 4907 4
2667 4854 2736 4907 de
2766 4853 2958 4920 Jejun.
3014 4849 3249 4921 septimi
3301 4867 3489 4905 mens.
3527 4853 3629 4908 :Ut

1978 4926 2120 4997 quod
2148 4927 2342 4981 vestris
2370 4928 2559 4981 usibus
2585 4923 2928 4997 subtrahitis,
2961 4924 3033 4997 in
3052 4921 3627 4997 alimoniamApaupe-

1978 4993 2103 5052 rum
2132 5000 2513 5067 trans/eratis.
2566 4997 2751 5067 Serm).
2788 4993 2857 5067 de
2887 4993 3059 5049 Grad.
3092 5010 3300 5050 ascens
3328 5013 3341 5049 :
3392 4995 3454 5051 Ut
3483 4999 3631 5050 exte-

1980 5070 2157 5123 riores
2189 5066 2430 5123 medelas
2458 5068 2528 5123 ad
2556 5066 2805 5123 remedia.
2839 5066 3107 5121 interiora
3136 5069 3465 5134 transferre,
3515 5072 3623 5122 etc.

2054 5140 2215 5195 Mitto
2248 5144 2452 5194 caetera
2484 5156 2609 5211 quas
2631 5139 2883 5209 quisque
2911 5136 3154 5211 legendo
3174 5138 3339 5194 facile
3361 5138 3625 5192 observa.

1978 5209 2081 5265 bit.
2112 5211 2357 5266 Manebo
2375 5209 2606 5266 tantum
2640 5215 2703 5265 ut
2725 5213 3001 5264 notentur
3024 5210 3364 5281 diligentius
3393 5224 3628 5262 earum-

1977 5282 2107 5338 dem
2143 5283 2664 5355 ﬁguraramusus,
2717 5281 3208 5355 idemioratipnis
3257 5294 3541 5355 numerus
3573 5281 3630 5334 et

1979 5355 2141 5421 ordo,
2176 5352 2533 5411 constructio
2562 5369 2769 5410 vocum
2803 5354 3028 5408 eadem.
3055 5352 3465 5423 Oppositarum
3496 5365 3645 5423 con_-.

1978 5426 2167 5496 geries
2196 5427 2468 5498 frequens
2492 5430 2601 5489 est,
2621 5426 2816 5493 verbo,
2846 5443 2880 5498 a
2907 5440 3020 5492 quo
3053 5421 3266 5498 pendet
3298 5437 3528 5481 sensus,
3552 5421 3626 5476 ad

1978 5498 2154 5553 finem
2186 5495 2460 5569 relegata,
2493 5514 2619 5569 quis
2668 5496 2989 5569 ternarium
3046 5495 3391 5569 plerumque
3419 5508 3625 5569 nume-

1977 5587 2106 5624 rum
2142 5586 2256 5624 non
2283 5564 2528 5639 eicedit,
2561 5569 2669 5623 etsi
2700 5585 2851 5631 saepe
2872 5564 3153 5639 etiam'ad
3186 5564 3625 5639 quategnarium

1976 5642 2343 5697 extendatur.
2396 5634 2673 5713 Exempla
2722 5640 2947 5713 aliquot
2976 5655 3045 5713 ex_
3095 5634 3324 5713 Leonis
3352 5634 3627 5713 Epistolis

1976 5713 2476 5785 Ssrmonibusquc
2506 5718 2562 5769 et
2581 5706 2658 5770 ex
2686 5706 2966 5785 opusculo
3016 5709 3086 5763 de
3129 5706 3442 5765 Vocation'e
3471 5708 3623 5766 Gen-

1973 5788 2144 5859 tium,
2179 5786 2250 5843 ad
2285 5782 3112 5859 pro'mulsidem‘subjicimus.
