4036 6200
293 183 386 243 377

737 182 1380 247 BALLERINIORUM
1427 163 2084 249 UBSERVATIONES
2128 187 2204 249 IN
2251 191 2608 253 DlSSERT.
2654 190 2708 252 ll
2752 136 3208 261 OUESNELLI.

3568 194 3688 254 378

295 311 608 393 turgentem
624 312 1037 393 velbarbaram
1054 316 1367 371 dictionem
1385 316 1924 393 praefertAfricanis
1953 319 2009 385 Α
2038 320 2153 391 ipse
2184 321 2346 378 habet
2374 324 2665 378 consilium
2693 334 2745 377 et
2766 324 3203 393 intelligentiam.
3228 322 3385 379 Alios
3410 332 3684 393 praterea

296 389 396 460 eius
416 387 731 460 temporis,
760 387 841 460 uti
860 392 1448 457 putat,communem,
1471 389 1552 443 ita
1569 388 1838 460 pluribus
1858 405 1926 443 ex

296 458 579 529 capitibus
614 458 1029 527 suntinlirma,
1061 460 1283 514 utnibil
1318 460 1477 514 valde
1500 458 1794 530 probabile
1818 468 1929 515 sta-

292 533 437 603 tuere
465 529 908 603 possipt._Nihil
941 531 1131 601 magis
1160 532 1437 603 evincunt
1458 529 1583 601 quae
1617 533 1687 586 ad
1713 548 1927 603 negang

292 601 415 654 dum
449 599 591 675 eum
624 599 853 655 Gallum
887 599 1134 675 ingessit
1150 620 1219 657 ex
1241 599 1928 675 silentio—Gennadiinui

294 688 381 726 nec
401 672 724 753 scriptores
737 689 939 753 pmnes
955 672 1423 753 sui_tem_porisin
1436 674 1638 753 Galliis
1652 672 1927 753 dfgentes

296 746 609 809 recensuit;
636 746 789 799 unde
812 746 1931 811 omisitEdesium,Eusebium,Domnu-

296 814 425 879 lum,
460 833 530 870 ac
560 814 841 885 Sylvium,
876 818 976 887 qui
1010 818 1068 870 in
1093 817 1224 872 Vita
1255 818 1311 872 S.
1348 817 1548 872 Hilarii
1571 817 1927 873 Arelatensis

292 886 667 942 celebrantur.
699 886 907 942 Italum
931 894 989 943 et
1010 892 1358 955 Romanum,
1375 905 1474 944 seu
1504 895 1698 945 Roma:
1721 891 1926 944 educa-

294 965 403 1039 tum
420 961 945 1039 pronuntiarenon
969 960 1258 1039 dubitavit
1278 977 1345 1014 ex
1363 960 1498 1032 styli
1524 961 1707 1039 nitore
1730 961 1926 1015 acele-

292 1028 497 1101 gantia,
531 1045 598 1084 ac
631 1030 680 1103 si
711 1028 911 1089 nullus
941 1036 1100 1103 extra
1130 1030 1339 1087 Urbem
1365 1028 1562 1103 parem
1587 1031 1801 1103 stylum
1828 1049 1926 1103 po-

294 1100 452 1155 tuerit
482 1100 810 1171 acquirere.
843 1102 1160 1157 Inculcavit
1188 1100 1383 1158 locum
1412 1102 1511 1157 lib.
1545 1120 1606 1171 II,
1633 1100 1683 1159 (Ξ.
1707 1104 1795 1172 33,
1826 1100 1925 1158 ubi

292 1179 481 1227 auctor
498 1172 734 1227 scribit:
756 1173 866 1229 Alii
882 1173 1107 1229 barbari
1116 1174 1246 1229 dum
1264 1175 1523 1229 Romanis
1542 1176 1923 1241 auxiliantur,

293 1244 413 1314 quod
446 1246 506 1297 in
537 1248 653 1297 suis
686 1244 815 1299 locis
843 1260 996 1301 nosse
1022 1261 1133 1299 non
1160 1251 1430 1314 poterant,
1464 1248 1525 1300 in
1556 1249 1758 1302 nostris
1778 1247 1922 1301 didi-

289 1331 391 1370 cere
419 1314 763 1384 regionibus,
792 1320 843 1370 et
873 1317 942 1371 ad
957 1318 1108 1371 sedes
1136 1335 1264 1371 suas
1292 1333 1417 1371 cum
1436 1318 1773 1373 Christiana
1795 1319 1922 1372 reli-

289 1388 452 1456 gionis
468 1386 822 1441 institutione
839 1397 1176 1442 remearunt.
1190 1388 1380 1442 Verba
1398 1391 1453 1441 in
1466 1389 1667 1443 nostris
1687 1389 1926 1443 didicere

290 1460 611 1529 regionibus,
629 1457 900 1530 cOpulata
920 1476 1050 1513 cum
1073 1459 1187 1513 illis
1205 1459 1334 1514 dum
1355 1461 1613 1515 Romanis
1634 1461 1921 1514 auxilian-

291 1535 389 1612 tur,
406 1532 705 1612 regionem
736 1531 1348 1612 aucto.ri_com.munem
1373 1532 1629 1612 indicare
1656 1532 1925 1585 videntur

289 1601 528 1659 illam.in
554 1616 669 1670 qua
689 1602 1691 1667 barbari,dumRomanisauxiliares
1705 1609 1920 1671 essent,

2038 408 2243 467 versus
2274 395 2384 449 .lob
2416 396 2676 465 ejusdem
2701 396 3165 467 llieronymianae
3188 397 3685 465 interpretationis

2037 481 2105 518 ex
2135 465 2373 521 Hebraeo
2396 467 2549 521 idem
2574 468 2814 536 Prosper
2837 465 3070 521 laudato
3094 472 3279 533 capite
3301 468 3600 527 describit,
3617 488 3681 521 ac

2037 542 2343 605 prOpterea
2374 537 2492 592 haec
2526 539 2708 593 vei-sio
2742 538 2956 591 saeculo
2995 555 3026 591 v
3051 540 3224 591 etiam
3259 539 3389 591 aliis
3421 555 3530 592 non
3568 538 3678 592 Ro-

2037 607 2228 681 manis
2261 610 2902 681 usitataicognoscitur.
2946 609 3005 661 ld
3040 617 3232 663 autem
3270 612 3553 679 praecipue
3576 626 3674 663 ac-

2036 680 2179 751 cidit
2211 679 2266 732 in
2300 681 2445 734 libro
2475 679 2607 748 Job,
2640 681 2853 751 quippe
2885 682 3127 751 antiqua
3166 682 3294 749 ejus
3327 682 3675 750 interpreta-

2036 749 2135 814 tio,
2170 756 2315 823 teste
2347 752 2693 823 Hieronymo
2727 749 2985 806 scatebat
3016 749 3331 813 erroribus,
3361 760 3417 806 et
3447 749 3675 823 septin-

2035 821 2225 893 gentis
2257 823 2431 877 ferme
2454 821 2937 893 aut'octingentis
2964 823 3227 876 versibus
3260 821 3673 878 carebatfPro-

2037 892 2301 965 miscuus
2359 911 2529 965 porro
2589 892 2895 963 utriusque
2946 895 3229 949 versionis
3281 911 3445 957 usus,
3502 910 3672 963 quem

2035 964 2381 1026 Quesnellus
2417 970 2581 1035 urget
2614 966 2803 1036 quoad
2832 965 3151 1020 versionem
3188 965 3521 1036 Hieronymi
3545 968 3673 1020 elu-

2034 1040 2124 1089 cet
2156 1036 2214 1090 in
2248 1038 2561 1092 recitandis
2610 1035 2963 1091 testimoniis
3014 1054 3082 1091 ex
3116 1035 3264 1092 libro
3291 1035 3431 1103 Job;
3484 1038 3675 1106 quoad

2035 1107 2340 1179 antiquam
2372 1125 2504 1163 vero
2537 1115 2691 1177 patet
2720 1109 2777 1162 in
2820 1108 3041 1163 caeteris
3090 1108 3338 1162 aliorum
3371 1124 3670 1163 sacrorum

2031 1177 2395 1234 voluminum
2426 1181 2705 1245 textibus,
2739 1180 2839 1245 qui
2872 1180 2987 1233 fere
3019 1196 3087 1233 ex
3116 1179 3223 1233 hac
3255 1180 3516 1234 versione
3552 1188 3673 1234 tum

2032 1251 2186 1319 apud
2221 1252 2488 1315 Leonem,
2522 1259 2647 1305 tum
2679 1251 2738 1306 in
2766 1250 2929 1305 libris
2958 1250 3022 1304 de
3052 1251 3334 1305 Vocatione
3367 1256 3673 1319 proterun-

2032 1328 2166 1389 tur;
2212 1321 2469 1392 idipsum
2505 1330 2699 1377 autem
2733 1322 3022 1390 contingit
3070 1321 3243 1376 etiam
3278 1322 3577 1392 Prospero,
3613 1330 3674 1378 ut

2033 1394 2347 1448 conferenti
2368 1394 2535 1462 plura
2555 1394 2890 1449 testimonia
2907 1392 3146 1463 patebit.
3162 1395 3319 1458 Quod
3340 1411 3472 1449 vero
3493 1396 3671 1459 Ques-

2034 1464 2223 1518 nellus
2255 1466 2505 1519 maxime
2534 1465 2787 1519 inculcat
2816 1466 2886 1519 de
2920 1469 3224 1533 utriusque
3255 1466 3535 1519 versionis
3566 1484 3672 1521 usu

2032 1538 2090 1590 in
2125 1542 2446 1590 memorato
2477 1553 2643 1592 versu
2676 1536 2786 1589 Job
2817 1554 2862 1590 c.
2900 1553 3013 1600 xxv,
3046 1542 3170 1589 tum
3203 1538 3352 1605 apud
3402 1537 3671 1600 Leonem,

2029 1613 2153 1661 tum
2186 1608 2242 1661 in
2276 1608 2446 1678 epist.
2480 1609 2550 1662 ad
2586 1608 3031 1669 Demetriadem,
3080 1608 3134 1660 in
3170 1608 3672 1663 observationibus

290 1671 673 1754 pbristianam
700 1672 1038 1754 religionem
1059 1674 1332 1754 didicere.
1355 1673 1551 1754 Porro,
1574 1676 1621 1727 si
1648 1675 1737 1754 hic
1761 1674 1922 1754 locus
1952 1686 2004 1754 Β
2035 1682 2108 1754 ad
2132 1671 2395 1747 quartam
2429 1679 2922 1754 dissertationem,
2967 1694 3091 1754 quis
3125 1678 3275 1754 circa
3307 1678 3483 1754 hujus
3512 1681 3671 1750 epis-

284 1742 699 1823 iutelligendgs
728 1742 978 1823 essetde
1010 1745 1158 1800 bello
1189 1745 1471 1823 adversus
1493 1746 1926 1823 Eugenium_ty-

287 1832 526 1888 rennutn
553 1833 585 1869 a
612 1814 938 1871 Theodosio
959 1824 1190 1887 gestum
1212 1834 1308 1872 an.
1331 1817 1456 1888 394,
1489 1824 1554 1871 ut
1578 1814 1924 1880 Quesnellue

284 1886 544 1955 coniecit,
570 1902 703 1941 cum
731 1886 1305 1944 barbarineodosii
1337 1886 1644 1943 auxiliares
1662 1905 1923 1943 accesse-

282 1958 595 2031 rintusque
618 1960 688 2012 ad
704 1958 876 2031 Alpes
897 1958 1211 2025 Julias,ubi
1234 1960 1485 2031 insignis
1504 1959 1741 2014 victoria
1761 1967 1925 2030 parta

282 2028 403 2091 luit,
438 2029 602 2100 regio
636 2047 669 2083 a
703 2030 960 2084 Romano
982 2032 1105 2086 solo
1134 2028 1664 2086 remota'librorum
1698 2028 1923 2085 auctori

281 2100 611 2155 communis
640 2100 888 2156 dicenda
917 2110 1089 2157 esset.
1144 2104 1275 2157 Alias
1307 2102 1705 2157 exceditiones
1735 2102 1921 2157 eidem

278 2172 495 2226 auctori
516 2172 925 2244 proximiores,
946 2174 1001 2227 in
1026 2172 1243 2244 quibus
1265 2174 1360 2228 alii
1386 2172 1620 2228 barbari
1646 2173 1923 2229 Romanis

280 2259 443 2314 Opem
478 2242 927 2315 tulereLsaeculi
958 2261 991 2297 ν
1023 2242 1218 2315 plures
1249 2245 1514 2311 luerunt;
1548 2250 1605 2298 at
1637 2244 1922 2315 pleraeque

278 2313 563 2370 distantes
587 2316 661 2369 ab
684 2313 922 2377 Urbe,et
940 2316 1000 2371 in
1024 2313 1351 2380 Galliis,ubi
1377 2313 1648 2371 omnium
1669 2313 1919 2372 celeber-

272 2387 422 2440 rima
444 2392 537 2441 est
558 2386 659 2440 illa
688 2387 799 2441 sub
830 2387 998 2442 Aetio
1021 2406 1113 2442 an.
1147 2388 1273 2455 451,
1298 2388 1356 2442 in
1390 2404 1506 2458 qua
1531 2387 1755 2453 Franci,
1788 2392 1918 2442 Sar-

271 2465 459 2530 matae,
477 2460 866 2530 Armoricani,
883 2459 1134 2530 Lyciani,
1162 2461 1626 2529 Burgundiones,
1642 2459 1917 2526 Saxones,

268 2528 811 2600 Riparii,lbriones
849 2536 906 2584 et
928 2528 1100 2585 Alani
1154 2528 1433 2585 Romanis
1464 2530 1726 2600 opitulati
1758 2538 1918 2586 sunt.

265 2606 351 2672 tta
385 2599 533 2654 nihil
570 2617 673 2671 pro
708 2601 965 2672 Romano
984 2602 1266 2672 scriptore
1289 2599 1602 2672 astruendo
1626 2618 1692 2656 ex
1717 2602 1819 2656 hoc
1844 2611 1921 2657 te-

262 2671 550 2744 stimonio
571 2671 839 2727 concludi
866 2678 1084 2744 potest;
1106 2671 1168 2727 ut
1188 2673 1312 2743 ipse
1330 2671 1921 2740 Quesnelluspersen-

258 2743 472 2813 sit,qui
487 2743 600 2798 hoc
614 2743 1272 2813 argumentumErasmo
1284 2745 1521 2799 dilutius
1536 2745 1723 2798 visum
1742 2746 1921 2800 fuisse

264 2814 513 2869 fatetur.
549 2814 710 2880 Quod
747 2832 916 2885 porro
945 2820 1216 2871 Romanae
1242 2816 1501 2870 Ecclesiae
1527 2816 1921 2886 principatum

266 2891 483 2940 auctor
513 2889 906 2958 commendet,
931 2905 1043 2942 non
1078 2887 1264 2958 magis
1294 2904 1424 2941 eum
1457 2886 1665 2940 Italum
1698 2887 1784 2941 vel
1807 2888 1920 2943 Ro-

263 2973 520 3011 manum
542 2957 790 3026 probare
808 2964 1202 3029 potest,quam
1231 2959 1289 3013 S.
1314 2963 1663 3029 Prosperum
1679 2959 1921 3028 Aquita-

260 3029 605 3101 num,apud
632 3045 804 3099 quem
820 3029 1010 3084 simile
1024 3030 1193 3101 plane
1216 3030 1615 3101 testimonium
1632 3029 1916 3100 legiturin

263 3100 537 3154 carmine
567 3101 634 3154 de
658 3101 902 3172 Ingrati:
930 3100 1081 3156 vers.
1105 3102 1172 3154 40
1193 3106 1250 3155 et
1281 3117 1443 3172 seqq.
1477 3100 1685 3155 Gelaeii
1719 3103 1915 3170 verba,

261 3172 492 3240 quibus
510 3172 759 3225 istorum
778 3171 1054 3226 librorum
1070 3176 1273 3227 auctor
1286 3174 1551 3241 magister
1561 3172 1809 3227 Ecclesiae
1828 3190 1919 3227 vo-

265 3242 615 3306 catur,nibil
633 3259 735 3313 pro
751 3243 937 3298 Leone
950 3243 1428 3304 oonﬁciunt.cum
1452 3242 1601 3296 alius
1618 3243 1917 3313 quispiam

266 3329 333 3366 ex
360 3312 904 3385 praestantiaipsius
924 3315 1113 3384 operis
1126 3314 1237 3369 hoc
1250 3314 1421 3368 titulo
1434 3312 1627 3367 ornari
1645 3312 1917 3383 potuerit.

264 3385 456 3456 Immo
479 3384 572 3438 hic
596 3384 760 3439 locus
777 3386 968 3456 potius
983 3390 1186 3444 contra
1205 3386 1446 3440 Leonem
1464 3402 1573 3439 non
1601 3385 1915 3441 minimum

263 3455 435 3526 valet.
459 3456 511 3509 Si
532 3456 688 3511 enim
709 3455 917 3511 horum
943 3456 1225 3512 librorum
1250 3462 1453 3511 auctor
1472 3456 1672 3510 fuisset
1696 3457 1753 3511 S.
1782 3458 1915 3526 Leo,

266 3524 425 3608 haud
458 3527 729 3608 latuisset
759 3528 1079 3608 Gelasium,
1115 3529 1216 3608 qui
1244 3527 1331 3582 vel
1361 3528 1557 3608 ipsum
1588 3524 1917 3608 pontificem

264 3597 354 3651 vel
393 3599 703 3655 familiares
724 3602 853 3668 ejus
873 3597 1208 3670 agnoverat,
1230 3616 1335 3655 nec
1356 3605 1472 3653 tam
1499 3597 1784 3670 insignem
1811 3600 1913 3655 de-

266 3683 550 3743 cessorem
566 3687 675 3725 suu
687 3687 738 3724 m
756 3671 865 3725 hac
881 3672 1123 3727 formula
1135 3673 1359 3743 quidam
1369 3669 1911 3740 magisferEcclesia’,

266 3740 365 3792 ubi
396 3742 642 3795 maxime
673 3744 933 3797 notanda
954 3749 1043 3798 est
1064 3740 1171 3798 vox
1204 3745 1467 3813 quidam;
1491 3743 1588 3795 sed
1615 3758 1681 3795 ex
1705 3745 1914 3797 Roma-

267 3825 474 3884 norum
508 3814 850 3884 pontificum
898 3831 1057 3870 more
1104 3812 1234 3870 eum
1264 3812 1353 3869 vel
1388 3813 1620 3884 proprio
1652 3814 1909 3884 nomine,

263 3880 364 3957 vel
382 3880 585 3957 saltem
618 3886 1103 3957 predecessorem
1135 3901 1307 3940 suum
1341 3880 1716 3957 appellasset.

341 3954 426 4007 42.
460 3954 649 4025 Majus
680 3957 791 4011 sibi
840 3959 1172 4027 praasidium
1223 3954 1570 4019 Quesnellus
1601 3959 1909 4026 suppetere

262 4030 427 4098 putat
455 4042 522 4081 ex
556 4030 728 4083 modo
762 4029 1039 4084 recitandi
1064 4029 1331 4098 quaedam
1364 4027 1701 4082 testimonia
1725 4043 1907 4098 sacris

261 4096 596 4169 Scriptura.
630 4099 755 4154 Duo
787 4105 980 4154 autem
1006 4096 1279 4155 videntur
1308 4100 1621 4169 praecipua,
1650 4097 1902 4169 primum

261 4172 316 4254 et
347 4168 622 4254 phimum.
654 4187 668 4226 :
700 4176 907 4227 caetera
937 4172 1092 4254 enim
1127 4177 1388 4254 quatuor"
1411 4168 1511 4254 aut
1541 4168 1803 4254 quinque
1834 4171 1904 4223 ab

256 4240 455 4324 eodem
490 4240 686 4324 allata,
703 4259 1025 4324 cumatque
1049 4240 1215 4324 facile
1236 4240 1569 4324 apud_alios
1589 4241 1903 4324 scriptores

254 4312 646 4382 inveniantur,
708 4313 855 4369 nihil
909 4312 1199 4385 peculiare
1248 4312 1351 4384 pro
1404 4313 1602 4385 Leone
1641 4312 1902 4385 evincere

256 4393 484 4445 queunt.
521 4385 784 4440 Primum
811 4383 1008 4455 itaque
1039 4390 1127 4441 est
1142 4383 1546 4441 testimonium
1574 4383 1681 4438 Job
1707 4400 1757 4439 c.
1782 4401 1895 4452 xxv,

250 4465 303 4504 v.
328 4456 388 4519 4;
413 4456 515 4511 hoc
538 4461 597 4511 et
620 4454 720 4510 lib.
750 4474 767 4512 ι
798 4456 863 4511 de
896 4459 1198 4520 Vocatione,
1232 4473 1281 4513 c.
1305 4458 1360 4519 8,
1392 4460 1448 4511 et
1478 4456 1631 4525 apud
1663 4456 1716 4509 S.
1752 4455 1893 4510 Leo-

254 4539 384 4580 nem
404 4543 580 4582 serm.
601 4528 635 4579 8
658 4528 729 4583 de
760 4529 1069 4585 Nativitate
1103 4529 1329 4583 Domini
1362 4527 1641 4581 recitatur
1670 4543 1738 4581 ex
1760 4527 1892 4581 Hie-

249 4600 588 4671 ronymiana
619 4600 903 4671 versione,
929 4617 1108 4671 quam
1135 4617 1203 4656 ea
1222 4604 1389 4654 etate
1411 4598 1588 4671 veluti
1616 4598 1893 4654 Romanis

255 4670 595 4735 peculiarem
640 4670 985 4733 Quesnellus
1032 4672 1271 4727 indicat.
1327 4670 1539 4725 Deinde
1567 4686 1698 4724 vero
1730 4671 1895 4726 addit

253 4742 515 4796 eumdem
549 4748 769 4798 textum
794 4744 971 4798 etiam
1005 4745 1358 4813 citarijuxta
1388 4741 1711 4813 versionem
1739 4743 1892 4796 anti-

252 4824 416 4885 quam
433 4819 555 4867 tum
573 4816 726 4884 apud
746 4815 1153 4879 Leonem,tum
1170 4812 1223 4869 in
1240 4812 1485 4885 epistola
1502 4813 1894 4885 adDemetria-

255 4881 399 4955 dem,
419 4901 588 4955 quam
613 4881 697 4940 'ab
729 4888 931 4941 eodem
958 4892 1192 4943 auctore
1210 4881 1493 4941 librorum
1517 4884 1581 4939 de
1606 4887 1894 4939 Vocatione

256 4950 605 5026 lucubratum
640 4959 963 5026 presumit.
1006 4959 1213 5013 Mirum
1246 4957 1304 5012 in
1336 4956 1443 5011 hoc
1474 4960 1630 5011 textu
1666 4961 1890 5010 tantam

258 5024 358 5079 vim
391 5024 680 5084 collocari.
714 5029 771 5083 Si
806 5031 960 5085 enim
995 5030 1088 5086 hic
1118 5033 1331 5089 textus.
1357 5028 1454 5098 qui
1480 5034 1535 5083 et
1557 5027 1613 5081 in
1637 5026 1805 5081 libris
1827 5026 1893 5082 de

261 5099 556 5172 fricatione,
592 5106 647 5157 et
677 5100 734 5154 in
762 5102 952 5156 Leone
977 5101 1274 5157 invenitur
1292 5102 1464 5172 juxta
1484 5098 1805 5172 versionem
1830 5103 1887 5154 8.

258 5164 593 5243 Hieronymi,
622 5172 857 5243 eosdem
882 5172 1061 5229 libros
1086 5172 1257 5229 Leoni
1292 5164 1653 5243 addicendqs
1676 5170 1888 5238 proba-

259 5245 349 5315 ret,
372 5241 550 5315 multo
583 5241 770 5315 magis
796 5244 1067 5315 probaret
1088 5243 1509 5315 adjudicandos
1528 5247 1579 5297 S.
1608 5241 1887 5315 Prospero

256 5310 541 5383 Aquitano,
576 5310 922 5384 quippe'qui
957 5332 1024 5371 ex
1050 5310 1182 5382 Job",
1205 5333 1269 5371 ac
1300 5332 1368 5370 ex
1399 5315 1597 5370 eadem
1621 5313 1887 5369 versione

258 5396 350 5436 non
383 5385 643 5453 unicum,
677 5387 776 5440 sed
828 5388 974 5441 duos
1007 5386 1156 5443 alios
1206 5393 1400 5443 textus
1432 5386 1596 5441 affert
1643 5384 1701 5439 in
1739 5384 1885 5440 libro

260 5462 433 5529 contra
463 5456 810 5529 Collatorem
846 5474 896 5513 c.
924 5459 1013 5522 45,
1047 5459 1121 5514 al.
1157 5460 1245 5528 34,
1270 5459 1474 5529 quales
1495 5456 1883 5529 totidemver-

258 5521 331 5579 bis
358 5530 674 5584 recitantur
704 5527 807 5585 lib.
830 5546 847 5583 ι
867 5530 937 5585 de
966 5531 1166 5587 Vocat.
1204 5521 1258 5586 θ’.
1290 5521 1355 5585 lli
1380 5534 1436 5586 et
1457 5545 1582 5599 cap.
1606 5529 1694 5582 22.
1721 5527 1884 5583 Unus

258 5599 423 5655 textus
451 5605 542 5656 est
562 5599 663 5657 ille
683 5601 793 5656 Job
816 5616 863 5655 c.
887 5617 988 5669 xu,
1010 5620 1063 5657 ν.
1094 5603 1161 5658 10
1194 5620 1206 5657 :
1242 5604 1302 5658 In
1324 5603 1484 5668 cuius
1505 5616 1673 5654 manu
1694 5602 1885 5655 anima

255 5672 403 5728 onmis
413 5675 647 5729 viventis
658 5676 712 5729 et
722 5673 950 5732 spiritus
959 5676 1233 5732 universa
1242 5675 1430 5731 carnis
1443 5672 1709 5728 hominis.
1725 5671 1885 5728 Alter

254 5737 375 5800 071
403 5743 627 5802 ibidem
650 5762 709 5801 n.
733 5737 800 5801 {3
818 5762 832 5802 :
856 5744 1008 5819 Apud
1027 5748 1210 5821 ipsum
1223 5746 1503 5819 sapientia
1524 5752 1575 5801 et
1592 5743 1882 5816 fortitudo;

2034 1749 2161 1804 telae
2192 1756 2484 1805 auctorem
2533 1750 2795 1815 vertitur,
2846 1751 3203 1818 expendetur
3234 1749 3581 1813 luculenter,
3617 1756 3673 1805 et

2035 1821 2526 1902 quamhinanesit
2556 1822 2665 1902 hoc
2717 1826 3152 1902 argumentum,
3185 1822 3512 1902 ex‘dupbus
3543 1822 3673 1877 aliis

2034 1909 2150 1947 non
2198 1892 2493 1957 Romanis,
2528 1894 2609 1948 ait
2638 1892 2810 1947 Leoni
2860 1893 3062 1946 coaevis
3094 1892 3477 1963 scriptoribus
3507 1910 3673 1947 eum-

2033 1965 2165 2019 dem
2200 1981 2431 2018 versum
2463 1964 2736 2019 similiter
2765 1963 3147 2018 recitantibus
3178 1963 3369 2033 palam
3406 1967 3524 2017 ﬁet.

2106 2036 2189 2089 13.
2222 2035 2479 2090 Alterum
2529 2034 2955 2097 testimonium,
2989 2046 3039 2089 et
3080 2037 3324 2089 maxime
3369 2035 3673 2089 notandum

2033 2105 2215 2159 sumit
2244 2106 2588 2171 Quesnellus
2609 2123 2677 2160 ex
2709 2107 2861 2160 Luca
2877 2124 3004 2176 cap.
3036 2122 3246 2171 xxn,v.
3268 2107 3329 2161 31
3365 2111 3421 2160 et
3451 2107 3521 2160 32
3544 2122 3557 2159 :
3584 2105 3671 2160 Si-

2030 2194 2181 2242 mon,
2214 2178 2423 2241 Simon,
2454 2194 2575 2233 ecre
2621 2178 2850 2231 Satanas
2898 2178 3193 2247 postulavit
3219 2183 3279 2232 ut
3310 2193 3404 2233 vos
3432 2182 3675 2232 cerneret

2030 2252 2171 2319 sicut
2199 2252 2453 2304 triticum
2484 2267 2501 2302 :
2533 2265 2628 2316 ego
2658 2253 2842 2303 autem
2890 2251 3085 2318 rogavi
3111 2264 3208 2317 pro
3256 2257 3325 2315 te,
3360 2264 3429 2303 ne
3459 2250 3675 2319 deﬁciat

2029 2318 2158 2387 ﬁdes
2189 2324 2323 2387 tua;
2352 2325 2401 2374 et
2431 2329 2492 2375 tu
2520 2320 2824 2390 aliquando
2852 2335 3142 2374 conversus
3170 2322 3432 2382 conﬁrma
3472 2323 3675 2391 fratres

2029 2394 2148 2445 tuos
2170 2407 2189 2450 ,'
2234 2396 2284 2446 et
2316 2407 2444 2461 roga
2490 2407 2559 2445 ne
2588 2394 2805 2445 intretis
2849 2393 2906 2443 in
2940 2394 3317 2445 tentationem.
3370 2396 3537 2447 Hunc
3568 2409 3672 2446 au-

2027 2465 2145 2516 tem
2178 2466 2396 2517 textum
2430 2467 2486 2517 et
2514 2462 2622 2515 Leo
2654 2479 2829 2516 serm.
2853 2463 2905 2525 3,
2941 2478 3094 2516 nunc
3115 2462 3169 2528 4,
3192 2464 3245 2515 in
3271 2463 3671 2517 anniversario

2029 2533 2451 2614 assumptionis
2471 2549 2612 2614 suae,
2634 2549 2682 2614 ολ.
2709 2534 2841 2614 et
2869 2532 3369 2614 auctoﬂrﬁlibrorum
3395 2534 3465 2587 de
3492 2534 3669 2614 voca:

2028 2605 2186 2658 tione
2214 2603 2313 2658 lib.
2350 2621 2388 2667 ι,
2422 2620 2470 2658 c.
2502 2605 2592 2665 24,
2626 2608 2683 2658 et
2716 2604 2813 2657 lib.
2850 2620 2910 2666 Il,
2946 2620 2995 2656 c.
3028 2606 3116 2668 28,
3149 2605 3349 2657 eodem
3388 2604 3668 2670 peculiari

2030 2677 2201 2730 modo
2224 2676 2489 2730 recitent.
2514 2676 2636 2729 Non
2662 2673 3001 2729 dissimulat
3019 2674 3364 2738 Quesnellue
3385 2673 3494 2730 hoc
3516 2676 3670 2729 idem

2028 2746 2432 2801 testimonium
2484 2746 2723 2817 proferri
2757 2746 2930 2800 etiam
2966 2763 2998 2817 a
3032 2747 3306 2817 Prospero
3350 2746 3579 2801 duobus
3608 2747 3667 2800 in

2028 2818 2209 2885 locis;
2243 2826 2300 2872 at
2328 2835 2442 2873 non
2475 2816 2675 2872 eadem
2708 2817 2947 2873 omnino
2980 2816 3249 2880 lectione,
3273 2817 3462 2885 inquit
3492 2835 3504 2871 :
3531 2835 3666 2871 nam

2027 2890 2086 2944 in
2120 2890 2367 2961 epistola
2398 2892 2469 2961 ad
2501 2890 2773 2944 Ruﬁnum
2824 2905 2939 2943 non
2988 2889 3234 2961 habetur
3261 2893 3530 2957 cerneret,
3564 2890 3665 2943 sed

2026 2959 2300 3022 criharet;
2348 2961 2404 3014 in
2441 2960 2586 3015 libro
2635 2966 2828 3014 autem
2866 2965 3065 3015 contra
3110 2959 3449 3015 Collatorem
3494 2976 3544 3013 c.
3577 2961 3667 3026 35,

2032 3049 2186 3088 nunc
2214 3034 2299 3093 15,
2315 3031 2519 3086 ultima
2539 3034 2713 3087 verba
2732 3032 3123 3087 omittuntur:
3148 3033 3211 3086 Et
3233 3047 3381 3101 roga,
3403 3048 3473 3086 ne
3492 3033 3670 3087 intre-

2031 3106 2099 3158 tis
2129 3106 2189 3158 in
2218 3104 2573 3159 tentationem
2592 3120 2611 3163 :
2644 3121 2759 3173 quo
2779 3110 2974 3158 tamen
2999 3103 3122 3159 loco
3140 3102 3668 3174 praetermittuntur

2028 3176 2200 3229 etiam
2232 3174 2329 3228 illa
2357 3191 2369 3228 ς
2406 3175 2467 3227 Et
2498 3183 2555 3227 tu
2586 3174 2805 3229 tandem
2852 3190 3137 3229 conversus
3166 3175 3434 3242 conﬁrma
3464 3178 3668 3242 fratres

2027 3249 2183 3305 tuos;
2217 3262 2343 3315 quas
2375 3245 2616 3299 omissio
2636 3245 2883 3299 varianti
2912 3246 3144 3301 lectioni
3164 3245 3342 3300 tribui
3366 3262 3479 3300 non
3516 3252 3675 3316 pote-

2026 3322 2134 3370 rat.
2170 3316 2435 3385 Majorerr
2468 3332 2602 3370 vero
2624 3316 2891 3370 lectionis
2923 3318 3255 3371 varietatem
3282 3335 3313 3370 a
3337 3316 3577 3371 lectione
3603 3317 3668 3371 li-

2028 3388 2261 3441 brorum
2311 3386 2376 3440 de
2424 3386 2789 3458 Vocationein
2822 3391 3023 3452 Leone,
3058 3404 3232 3457 quam
3257 3388 3337 3458 fin
3371 3393 3671 3458 Prospero

2025 3458 2540 3528 deprehendimus,
2559 3464 2623 3512 ut
2644 3457 2854 3512 mirum
2882 3456 3133 3513 maxime
3155 3459 3230 3513 sit
3254 3456 3557 3513 lectionem
3582 3476 3675 3514 ve-

2024 3529 2131 3583 luti
2149 3529 2431 3600 aequalem
2447 3528 2798 3601 aQuesnelln
2814 3529 3114 3583 afﬁrmari.
3136 3528 3418 3584 Mittimus
3442 3530 3672 3601 aliquos

2023 3599 2252 3655 codices
2273 3616 2543 3656 sermone
2566 3599 2814 3669 allegato
2846 3600 3056 3655 habere
3087 3601 3325 3655 cribaret
3354 3616 3453 3669 pro
3476 3599 3669 3657 cerne-

2022 3681 2133 3732 ret;
2156 3673 2307 3727 sicut
2323 3688 2391 3725 ex
2413 3671 2674 3726 omnium
2696 3672 2962 3726 codicum
2987 3688 3133 3742 quos
3156 3670 3411 3726 vidimus
3436 3672 3547 3726 fide
3566 3673 3667 3728 ha-

2021 3742 2191 3797 betur
2218 3744 2454 3798 cribaret
2479 3742 2537 3796 in
2565 3743 2678 3797 alio
2700 3744 2960 3813 ejusdem
2986 3743 3280 3813 pontiﬁcis
3302 3759 3478 3798 serm.
3504 3744 3573 3798 83
3600 3745 3671 3800 de

2018 3814 2206 3869 Natali
2239 3815 2339 3869 SS.
2375 3814 2521 3869 Petri
2555 3819 2611 3869 et
2642 3814 2827 3877 Pauli,
2850 3831 3023 3884 quem
3053 3830 3353 3885 perperam
3381 3816 3666 3879 Qucsnel-

2018 3885 2112 3941 lus
2134 3887 2193 3941 in
2211 3886 2589 3957 appendicem
2615 3886 2909 3954 rejecerat.
2933 3886 3031 3940 Hic
3056 3886 3245 3942 solum
3272 3891 3473 3940 notare
3502 3886 3672 3941 liceat
3712 3946 3713 3951 η

2015 3956 2263 4013 verbum
2288 3958 2533 4011 cribaret
2562 3956 2968 4028 similiterlegi
2993 3957 3053 4010 in
3085 3957 3496 4028 antiquissimo
3522 3957 3667 4012 Ver-

2015 4029 2283 4085 cellensis
2306 4028 2569 4083 Ecclesia:
2590 4045 2699 4082 ms.
2726 4027 3124 4092 Evangeliario
3145 4028 3461 4082 novissime
3484 4028 3665 4097 edito,

2016 4101 2168 4170 quod
2198 4106 2440 4155 veterem
2475 4100 3012 4169 interpretationem
3046 4099 3313 4163 exhibet;
3355 4098 3512 4170 unde
3544 4099 3665 4154 haec

2011 4168 2183 4226 lectio
2214 4172 2389 4226 veluti
2425 4168 2766 4227 adulterata.
2799 4187 2900 4224 seu
2926 4171 2994 4224 ad
3029 4171 3322 4237 vulgatam
3352 4168 3663 4226 lectionem

2012 4243 2321 4298 emendata
2347 4260 2378 4296 a
2407 4241 2713 4305 Quesnello
2741 4241 2962 4297 traduci
3001 4258 3115 4297 non
3147 4242 3370 4296 debuit.
3394 4241 3507 4296 Cur
3528 4259 3662 4298 vero

2014 4314 2120 4369 hac
2151 4330 2269 4369 una
2298 4313 2554 4367 variante
2577 4312 2922 4378 indicata,is
2953 4312 3097 4367 alias
3128 4314 3404 4368 certiores
3426 4313 3662 4369 silentio

1925 4412 1975 4480 Ι)
2006 4385 2323 4511 praeterivit
2344 4384 2371 4438 ?
2402 4384 2595 4438 Primo
2628 4385 2781 4455 apud
2820 4388 3060 4440 Leonem
3096 4385 3269 4440 etiam
3297 4386 3354 4439 in
3376 4384 3662 4447 Quesnel-

2030 4456 2425 4511 ianaeditione
2438 4454 2649 4511 legitur
2663 4456 3226 4511 exsvostulavitdein
3243 4455 3541 4511 aliquando
3556 4472 3657 4511 pro

2052 4475 2162 4512 ana
2174 4456 2425 4512 editione
2438 4454 2649 4519 legitur
2663 4454 3226 4525 exspostulavitdein
3243 4455 3541 4527 aliquando
3556 4472 3657 4527 pro

2006 4530 2246 4584 tandem.
2274 4528 2521 4582 Demum
2551 4526 2729 4597 (quod
2765 4528 3122 4596 praecipuum
3160 4531 3267 4587 est)
3293 4525 3587 4580 omittitur
3607 4532 3661 4582 et

2003 4618 2159 4668 roga,
2190 4617 2291 4654 seu
2320 4608 2373 4655 et
2402 4602 2611 4666 rogate,
2644 4599 2726 4653 uti
2759 4600 2817 4653 in
2850 4598 3015 4653 libris
3040 4599 3107 4651 de
3132 4597 3447 4668 Vocatione
3470 4613 3536 4651 ex
3559 4614 3657 4654 co-

2004 4666 2235 4726 dicibus
2256 4671 2722 4725 emendavimus.
2750 4666 3432 4741 ltaquelectio‘Prosperi
3468 4669 3658 4741 magis

2002 4744 2271 4811 congruit
2302 4743 2530 4798 lectioni
2560 4738 2939 4796 librorum'de
2961 4738 3296 4804 Vocatione,
3320 4755 3492 4807 quam
3522 4738 3655 4795 Leo-

2003 4816 2096 4870 nis
2118 4815 2308 4870 lectio.
2334 4816 2455 4878 Quo
2482 4813 2810 4881 igiturjure
2841 4829 2906 4866 ex
2942 4811 3049 4865 hoc
3068 4814 3225 4865 textu
3258 4815 3425 4865 tanta
3447 4811 3657 4867 simili-

2000 4888 2141 4941 tudo
2158 4888 2461 4951 ingeritur,
2479 4901 2606 4953 quas
2632 4884 2877 4938 Leonem
2896 4884 3278 4955 potiusquam
3303 4882 3655 4955 Prosperum

2001 4974 2199 5013 eorum
2229 4958 2509 5012 librorum
2528 4961 2819 5010 auctorem
2843 4954 3102 5009 aetruat?
3119 4953 3222 5009 Hic
3239 4971 3373 5011 vero
3388 4953 3621 5012 animati
3634 4988 3655 4998 -

1997 5031 2340 5083 vertendum
2369 5028 2561 5099 potius
2584 5026 3075 5099 esthunctextum
3102 5027 3503 5097 evangelicum
3522 5045 3552 5081 a
3569 5028 3655 5083 di-

1997 5101 2179 5154 versis
2202 5098 2537 5154 auctoribus
2556 5098 2783 5169 recitari
2804 5113 2936 5152 cum
2962 5100 3217 5169 quodam
3247 5101 3652 5153 additamento

1998 5171 2056 5227 in
2092 5171 2393 5242 fine,quod
2424 5185 2527 5224 nec
2557 5169 2613 5223 in
2648 5167 2885 5237 vulgata
2910 5167 3015 5225 nec
3036 5171 3096 5224 in
3121 5170 3316 5225 Graeco
3340 5170 3571 5242 legitur,
3595 5172 3655 5223 at

1998 5240 2285 5310 reperitur
2304 5243 2357 5296 in
2378 5241 3217 5311 quatuormssEvangeliariis
3234 5240 3653 5311 vetustissimis

1998 5316 2273 5370 editionis
2303 5309 2577 5383 antiquas,
2608 5312 2693 5368 uti
2726 5318 2931 5369 annot.
2961 5309 3042 5367 ’22
3072 5315 3249 5383 (Tom.
3279 5309 3648 5383 prmceducol.

1995 5388 2121 5449 600,
2158 5404 2213 5441 n.
2240 5390 2284 5452 ει)
2313 5387 2370 5439 in
2406 5379 2579 5439 serm.
2618 5385 2647 5438 4
2679 5384 2736 5440 S.
2776 5386 2981 5441 Leonis
3012 5379 3471 5441 observavimus.
3507 5379 3652 5436 Hinc

1997 5464 2187 5513 autem
2204 5471 2549 5525 cognoscere
2571 5454 2704 5510 licet
2726 5457 3030 5511 inﬁrmum
3054 5461 3109 5510 et
3124 5454 3391 5508 imbecile
3408 5469 3652 5523 prorsus

1995 5546 2121 5586 esse
2140 5533 2549 5602 argumentum
2569 5528 2721 5602 quod
2745 5545 2812 5582 ex
2829 5525 3427 5602 similiquorumdam
3452 5541 3652 5602 sacro-

1994 5618 2123 5657 rum
2156 5596 2628 5657 teétimoniorum
2661 5596 3141 5671 interpretatione
3171 5596 3423 5671 elicitur,
3456 5600 3524 5652 ut
3555 5596 3650 5671 hic

1993 5673 2188 5746 potius
2210 5689 2386 5746 quam
2402 5671 2500 5746 ille
2515 5675 2810 5746 statuatur
2821 5669 2994 5746 alicuj
3005 5687 3078 5746 us
3088 5669 3648 5746 anonymiopusculi

1993 5739 2374 5803 auctorfCum
2390 5744 2543 5801 enim
2560 5743 2758 5817 plures
2774 5742 2892 5798 illis
2903 5739 2989 5798 vel
3004 5739 3136 5798 aliis
3149 5739 3447 5799 similibus
3460 5742 3650 5799 Evan-
