  <div class='ocr_page' id='page_1' title='image "/cluster/home/n/w/nwhite01/storage/ocr_20150623/55/hvd.32044054758644/197.png"; bbox 0 0 4036 6200; ppageno 0'>
   <div class='ocr_carea' id='block_1_1' title="bbox 505 174 626 234">
    <p class='ocr_par' dir='ltr' id='par_1_1' title="bbox 505 174 626 234">
     <span class='ocr_line' id='line_1_1' title="bbox 505 174 626 234; baseline -0.008 0"><span class='ocrx_word' id='word_1_1' title='bbox 505 174 626 234; x_wconf 82' lang='lat'>383</span> 
     </span>
    </p>
   </div>
   <div class='ocr_carea' id='block_1_2' title="bbox 883 169 3494 243">
    <p class='ocr_par' dir='ltr' id='par_1_2' title="bbox 883 169 3494 243">
     <span class='ocr_line' id='line_1_2' title="bbox 883 169 3494 243; baseline 0.001 -12"><span class='ocrx_word' id='word_1_2' title='bbox 883 170 1161 232; x_wconf 78' lang='lat' dir='ltr'>PASCH.</span> <span class='ocrx_word' id='word_1_3' title='bbox 1208 171 1642 243; x_wconf 80' lang='lat' dir='ltr'>QUESNELLI</span> <span class='ocrx_word' id='word_1_4' title='bbox 1686 171 2362 234; x_wconf 72' lang='lat' dir='ltr'>DlSSER’l‘ATIONES</span> <span class='ocrx_word' id='word_1_5' title='bbox 2407 173 2484 232; x_wconf 86' lang='grc' dir='ltr'>ΙΝ</span> <span class='ocrx_word' id='word_1_6' title='bbox 2530 173 2597 232; x_wconf 85' lang='grc'>8.</span> <span class='ocrx_word' id='word_1_7' title='bbox 2643 171 2922 232; x_wconf 84' lang='lat' dir='ltr'>LEONIS</span> <span class='ocrx_word' id='word_1_8' title='bbox 2963 169 3205 232; x_wconf 73' lang='lat' dir='ltr'>MAGNI</span> <span class='ocrx_word' id='word_1_9' title='bbox 3241 172 3494 233; x_wconf 78' lang='lat' dir='ltr'>OPERA.</span> 
     </span>
    </p>
   </div>
   <div class='ocr_carea' id='block_1_3' title="bbox 3703 178 3798 236">
    <p class='ocr_par' dir='ltr' id='par_1_3' title="bbox 3703 178 3798 236">
     <span class='ocr_line' id='line_1_3' title="bbox 3703 178 3798 236; baseline 0.011 -1"><span class='ocrx_word' id='word_1_10' title='bbox 3703 178 3798 236; x_wconf 59' lang='lat' dir='ltr'>38b</span> 
     </span>
    </p>
   </div>
   <div class='ocr_carea' id='block_1_4' title="bbox 505 300 3802 374">
    <p class='ocr_par' dir='ltr' id='par_1_4' title="bbox 505 300 3802 374">
     <span class='ocr_line' id='line_1_4' title="bbox 505 300 3802 374; baseline -0.001 -16"><span class='ocrx_word' id='word_1_11' title='bbox 505 303 700 357; x_wconf 79' lang='lat' dir='ltr'>lessus</span> <span class='ocrx_word' id='word_1_12' title='bbox 729 314 819 355; x_wconf 88' lang='lat' dir='ltr'>est</span> <span class='ocrx_word' id='word_1_13' title='bbox 851 300 948 355; x_wconf 87' lang='lat' dir='ltr'>lib.</span> <span class='ocrx_word' id='word_1_14' title='bbox 985 318 1048 368; x_wconf 83' lang='grc' dir='ltr'>ιι,</span> <span class='ocrx_word' id='word_1_15' title='bbox 1081 318 1209 373; x_wconf 91' lang='lat' dir='ltr'>cap.</span> <span class='ocrx_word' id='word_1_16' title='bbox 1241 303 1330 357; x_wconf 86' lang='lat'>26.</span> <span class='ocrx_word' id='word_1_17' title='bbox 1365 303 1508 356; x_wconf 83' lang='lat' dir='ltr'>Cum</span> <span class='ocrx_word' id='word_1_18' title='bbox 1538 319 1675 374; x_wconf 88' lang='lat' dir='ltr'>ergo</span> <span class='ocrx_word' id='word_1_19' title='bbox 1705 303 1942 373; x_wconf 79' lang='lat' dir='ltr'>scripsit</span> <span class='ocrx_word' id='word_1_20' title='bbox 1972 302 2154 356; x_wconf 87' lang='lat' dir='ltr'>Deum</span> <span class='ocrx_word' id='word_1_21' title='bbox 2185 309 2245 374; x_wconf 72' lang='grc' dir='ltr'>Α·</span> <span class='ocrx_word' id='word_1_22' title='bbox 2267 301 2637 357; x_wconf 85' lang='lat' dir='ltr'>dissentiendi</span> <span class='ocrx_word' id='word_1_23' title='bbox 2665 301 2922 372; x_wconf 89' lang='lat' dir='ltr'>quomodo</span> <span class='ocrx_word' id='word_1_24' title='bbox 2947 300 3234 374; x_wconf 86' lang='lat' dir='ltr'>manetsub</span> <span class='ocrx_word' id='word_1_25' title='bbox 3248 302 3622 371; x_wconf 68' lang='lat' dir='ltr'>gratiae/head;</span> <span class='ocrx_word' id='word_1_26' title='bbox 3645 302 3802 360; x_wconf 75' lang='lat' dir='ltr'>nullini</span> 
     </span>
    </p>
   </div>
   <div class='ocr_carea' id='block_1_5' title="bbox 509 373 2157 445">
    <p class='ocr_par' dir='ltr' id='par_1_5' title="bbox 509 373 2157 445">
     <span class='ocr_line' id='line_1_5' title="bbox 509 373 2157 445; baseline 0.001 -19"><span class='ocrx_word' id='word_1_27' title='bbox 509 375 568 426; x_wconf 92' lang='lat' dir='ltr'>in</span> <span class='ocrx_word' id='word_1_28' title='bbox 600 373 969 445; x_wconf 87' lang='lat' dir='ltr'>corripiendo</span> <span class='ocrx_word' id='word_1_29' title='bbox 991 373 1128 428; x_wconf 84' lang='lat' dir='ltr'>Cain</span> <span class='ocrx_word' id='word_1_30' title='bbox 1155 374 1408 441; x_wconf 85' lang='lat' dir='ltr'>voluisse,</span> <span class='ocrx_word' id='word_1_31' title='bbox 1434 382 1504 440; x_wconf 89' lang='lat' dir='ltr'>et,</span> <span class='ocrx_word' id='word_1_32' title='bbox 1529 383 1796 445; x_wconf 89' lang='lat' dir='ltr'>quantum</span> <span class='ocrx_word' id='word_1_33' title='bbox 1816 375 1886 428; x_wconf 88' lang='lat' dir='ltr'>ad</span> <span class='ocrx_word' id='word_1_34' title='bbox 1905 374 2157 428; x_wconf 87' lang='lat' dir='ltr'>medendi</span> 
     </span>
    </p>
   </div>
   <div class='ocr_carea' id='block_1_6' title="bbox 504 444 2156 516">
    <p class='ocr_par' dir='ltr' id='par_1_6' title="bbox 504 444 2156 516">
     <span class='ocr_line' id='line_1_6' title="bbox 504 444 2156 516; baseline 0 -18"><span class='ocrx_word' id='word_1_35' title='bbox 504 445 729 498; x_wconf 84' lang='lat' dir='ltr'>modum</span> <span class='ocrx_word' id='word_1_36' title='bbox 757 444 1096 514; x_wconf 80' lang='lat' dir='ltr'>sufﬁciebat,</span> <span class='ocrx_word' id='word_1_37' title='bbox 1115 448 1400 514; x_wconf 83' lang='lat' dir='ltr'>egisse.....</span> <span class='ocrx_word' id='word_1_38' title='bbox 1434 451 1494 499; x_wconf 89' lang='lat' dir='ltr'>ut</span> <span class='ocrx_word' id='word_1_39' title='bbox 1522 444 1879 516; x_wconf 85' lang='lat' dir='ltr'>resipisceret,</span> <span class='ocrx_word' id='word_1_40' title='bbox 1909 462 2021 500; x_wconf 89' lang='lat' dir='ltr'>non</span> <span class='ocrx_word' id='word_1_41' title='bbox 2052 445 2156 499; x_wconf 87' lang='lat' dir='ltr'>ali-</span> 
     </span>
    </p>
   </div>
   <div class='ocr_carea' id='block_1_7' title="bbox 504 515 2154 587">
    <p class='ocr_par' dir='ltr' id='par_1_7' title="bbox 504 515 2154 587">
     <span class='ocr_line' id='line_1_7' title="bbox 504 515 2154 587; baseline 0.001 -19"><span class='ocrx_word' id='word_1_42' title='bbox 504 520 592 569; x_wconf 90' lang='lat' dir='ltr'>ter</span> <span class='ocrx_word' id='word_1_43' title='bbox 615 515 804 585; x_wconf 90' lang='lat' dir='ltr'>potuit</span> <span class='ocrx_word' id='word_1_44' title='bbox 824 516 1076 571; x_wconf 81' lang='lat' dir='ltr'>scribere</span> <span class='ocrx_word' id='word_1_45' title='bbox 1091 517 1548 585; x_wconf 71' lang='lat' dir='ltr'>sufﬁciebat,nisi</span> <span class='ocrx_word' id='word_1_46' title='bbox 1571 515 1862 587; x_wconf 86' lang='lat' dir='ltr'>quatenus</span> <span class='ocrx_word' id='word_1_47' title='bbox 1886 535 1999 570; x_wconf 87' lang='lat' dir='ltr'>una</span> <span class='ocrx_word' id='word_1_48' title='bbox 2021 532 2154 570; x_wconf 89' lang='lat' dir='ltr'>cum</span> 
     </span>
    </p>
   </div>
   <div class='ocr_carea' id='block_1_8' title="bbox 503 588 2154 659">
    <p class='ocr_par' dir='ltr' id='par_1_8' title="bbox 503 588 2154 659">
     <span class='ocr_line' id='line_1_8' title="bbox 503 588 2154 659; baseline 0.001 -19"><span class='ocrx_word' id='word_1_49' title='bbox 503 588 868 659; x_wconf 86' lang='lat' dir='ltr'>correptione</span> <span class='ocrx_word' id='word_1_50' title='bbox 894 588 987 640; x_wconf 89' lang='lat' dir='ltr'>Dei</span> <span class='ocrx_word' id='word_1_51' title='bbox 1011 597 1248 642; x_wconf 83' lang='lat' dir='ltr'>externa</span> <span class='ocrx_word' id='word_1_52' title='bbox 1267 589 1525 657; x_wconf 88' lang='lat' dir='ltr'>aliquam</span> <span class='ocrx_word' id='word_1_53' title='bbox 1551 589 1882 642; x_wconf 85' lang='lat' dir='ltr'>interiorem</span> <span class='ocrx_word' id='word_1_54' title='bbox 1907 588 2154 659; x_wconf 76' lang='lat' dir='ltr'>gratiam</span> 
     </span>
    </p>
   </div>
   <div class='ocr_carea' id='block_1_9' title="bbox 503 657 2159 731">
    <p class='ocr_par' dir='ltr' id='par_1_9' title="bbox 503 657 2159 731">
     <span class='ocr_line' id='line_1_9' title="bbox 503 657 2159 731; baseline 0.001 -20"><span class='ocrx_word' id='word_1_55' title='bbox 503 659 642 731; x_wconf 80' lang='lat' dir='ltr'>Cain</span> <span class='ocrx_word' id='word_1_56' title='bbox 672 657 944 731; x_wconf 82' lang='lat' dir='ltr'>collatam</span> <span class='ocrx_word' id='word_1_57' title='bbox 975 660 1252 731; x_wconf 82' lang='lat' dir='ltr'>crederet,</span> <span class='ocrx_word' id='word_1_58' title='bbox 1303 675 1429 729; x_wconf 66' lang='lat' dir='ltr'>quae</span> <span class='ocrx_word' id='word_1_59' title='bbox 1477 665 1747 731; x_wconf 89' lang='lat' dir='ltr'>quantum</span> <span class='ocrx_word' id='word_1_60' title='bbox 1793 661 1862 713; x_wconf 86' lang='lat' dir='ltr'>ad</span> <span class='ocrx_word' id='word_1_61' title='bbox 1907 657 2159 713; x_wconf 83' lang='lat' dir='ltr'>medendi</span> 
     </span>
    </p>
   </div>
   <div class='ocr_carea' id='block_1_10' title="bbox 504 727 2151 800">
    <p class='ocr_par' dir='ltr' id='par_1_10' title="bbox 504 727 2151 800">
     <span class='ocr_line' id='line_1_10' title="bbox 504 727 2151 800; baseline 0.001 -18"><span class='ocrx_word' id='word_1_62' title='bbox 504 727 724 782; x_wconf 87' lang='lat' dir='ltr'>modum</span> <span class='ocrx_word' id='word_1_63' title='bbox 753 729 1140 799; x_wconf 79' lang='lat' dir='ltr'>sufﬁciebat,si</span> <span class='ocrx_word' id='word_1_64' title='bbox 1162 730 1259 784; x_wconf 91' lang='lat' dir='ltr'>ille</span> <span class='ocrx_word' id='word_1_65' title='bbox 1279 727 1652 800; x_wconf 77' lang='lat' dir='ltr'>pertinaciter</span> <span class='ocrx_word' id='word_1_66' title='bbox 1676 747 1788 784; x_wconf 91' lang='lat' dir='ltr'>non</span> <span class='ocrx_word' id='word_1_67' title='bbox 1813 731 2151 796; x_wconf 78' lang='lat' dir='ltr'>restitisset;</span> 
     </span>
    </p>
   </div>
   <div class='ocr_carea' id='block_1_11' title="bbox 508 801 2158 870">
    <p class='ocr_par' dir='ltr' id='par_1_11' title="bbox 508 801 2158 870">
     <span class='ocr_line' id='line_1_11' title="bbox 508 801 2158 870; baseline 0.001 -17"><span class='ocrx_word' id='word_1_68' title='bbox 508 801 664 854; x_wconf 82' lang='lat' dir='ltr'>unde</span> <span class='ocrx_word' id='word_1_69' title='bbox 689 816 820 853; x_wconf 80' lang='lat' dir='ltr'>mox</span> <span class='ocrx_word' id='word_1_70' title='bbox 839 801 899 854; x_wconf 89' lang='lat' dir='ltr'>in</span> <span class='ocrx_word' id='word_1_71' title='bbox 927 801 1303 870; x_wconf 85' lang='lat' dir='ltr'>pertinaciam</span> <span class='ocrx_word' id='word_1_72' title='bbox 1328 804 1455 869; x_wconf 90' lang='lat' dir='ltr'>ejus</span> <span class='ocrx_word' id='word_1_73' title='bbox 1477 817 1709 855; x_wconf 80' lang='lat' dir='ltr'>causam</span> <span class='ocrx_word' id='word_1_74' title='bbox 1735 803 2002 870; x_wconf 78' lang='lat' dir='ltr'>rejiciens</span> <span class='ocrx_word' id='word_1_75' title='bbox 2023 802 2158 855; x_wconf 88' lang='lat' dir='ltr'>sub-</span> 
     </span>
    </p>
   </div>
   <div class='ocr_carea' id='block_1_12' title="bbox 506 870 2154 942">
    <p class='ocr_par' dir='ltr' id='par_1_12' title="bbox 506 870 2154 942">
     <span class='ocr_line' id='line_1_12' title="bbox 506 870 2154 942; baseline 0.001 -17"><span class='ocrx_word' id='word_1_76' title='bbox 506 871 695 925; x_wconf 86' lang='lat' dir='ltr'>didit:</span> <span class='ocrx_word' id='word_1_77' title='bbox 718 870 820 925; x_wconf 85' lang='lat' dir='ltr'>Sed</span> <span class='ocrx_word' id='word_1_78' title='bbox 841 873 1063 926; x_wconf 86' lang='lat' dir='ltr'>malitia</span> <span class='ocrx_word' id='word_1_79' title='bbox 1093 875 1361 939; x_wconf 69' lang='lat' dir='ltr'>pertinax</span> <span class='ocrx_word' id='word_1_80' title='bbox 1391 873 1518 926; x_wconf 87' lang='lat' dir='ltr'>inde</span> <span class='ocrx_word' id='word_1_81' title='bbox 1544 878 1692 942; x_wconf 75' lang='lat' dir='ltr'>facta</span> <span class='ocrx_word' id='word_1_82' title='bbox 1715 876 1793 927; x_wconf 89' lang='lat' dir='ltr'>est</span> <span class='ocrx_word' id='word_1_83' title='bbox 1814 875 2154 928; x_wconf 74' lang='lat' dir='ltr'>inexcusabi-</span> 
     </span>
    </p>
   </div>
   <div class='ocr_carea' id='block_1_13' title="bbox 504 943 2156 1014">
    <p class='ocr_par' dir='ltr' id='par_1_13' title="bbox 504 943 2156 1014">
     <span class='ocr_line' id='line_1_13' title="bbox 504 943 2156 1014; baseline 0.001 -18"><span class='ocrx_word' id='word_1_84' title='bbox 504 943 636 1004; x_wconf 88' lang='lat' dir='ltr'>lior,</span> <span class='ocrx_word' id='word_1_85' title='bbox 669 943 812 996; x_wconf 86' lang='lat' dir='ltr'>unde</span> <span class='ocrx_word' id='word_1_86' title='bbox 841 944 1026 997; x_wconf 85' lang='lat' dir='ltr'>debuit</span> <span class='ocrx_word' id='word_1_87' title='bbox 1064 959 1177 997; x_wconf 85' lang='lat' dir='ltr'>esse</span> <span class='ocrx_word' id='word_1_88' title='bbox 1213 945 1525 998; x_wconf 79' lang='lat' dir='ltr'>correctior.</span> <span class='ocrx_word' id='word_1_89' title='bbox 1556 945 1642 998; x_wconf 86' lang='lat' dir='ltr'>lta</span> <span class='ocrx_word' id='word_1_90' title='bbox 1669 961 1838 1014; x_wconf 92' lang='lat' dir='ltr'>porro</span> <span class='ocrx_word' id='word_1_91' title='bbox 1871 944 1963 998; x_wconf 88' lang='lat' dir='ltr'>hic</span> <span class='ocrx_word' id='word_1_92' title='bbox 1994 943 2156 998; x_wconf 84' lang='lat' dir='ltr'>locus</span> 
     </span>
    </p>
   </div>
   <div class='ocr_carea' id='block_1_14' title="bbox 506 1014 2155 1086">
    <p class='ocr_par' dir='ltr' id='par_1_14' title="bbox 506 1014 2155 1086">
     <span class='ocr_line' id='line_1_14' title="bbox 506 1014 2155 1086; baseline 0.001 -19"><span class='ocrx_word' id='word_1_93' title='bbox 506 1014 754 1068; x_wconf 82' lang='lat' dir='ltr'>mirifice</span> <span class='ocrx_word' id='word_1_94' title='bbox 779 1015 1036 1086; x_wconf 86' lang='lat' dir='ltr'>concinit</span> <span class='ocrx_word' id='word_1_95' title='bbox 1060 1030 1192 1068; x_wconf 90' lang='lat' dir='ltr'>cum</span> <span class='ocrx_word' id='word_1_96' title='bbox 1217 1014 1331 1068; x_wconf 89' lang='lat' dir='ltr'>alio</span> <span class='ocrx_word' id='word_1_97' title='bbox 1354 1021 1511 1069; x_wconf 81' lang='lat' dir='ltr'>textu</span> <span class='ocrx_word' id='word_1_98' title='bbox 1535 1019 1705 1069; x_wconf 88' lang='lat' dir='ltr'>antea</span> <span class='ocrx_word' id='word_1_99' title='bbox 1726 1015 2155 1086; x_wconf 78' lang='lat' dir='ltr'>explicato,quo</span> 
     </span>
    </p>
   </div>
   <div class='ocr_carea' id='block_1_15' title="bbox 503 1085 2155 1142">
    <p class='ocr_par' dir='ltr' id='par_1_15' title="bbox 503 1085 2155 1142">
     <span class='ocr_line' id='line_1_15' title="bbox 503 1085 2155 1142; baseline 0 -2"><span class='ocrx_word' id='word_1_100' title='bbox 503 1091 705 1140; x_wconf 82' lang='lat' dir='ltr'>auctor</span> <span class='ocrx_word' id='word_1_101' title='bbox 733 1085 1014 1139; x_wconf 85' lang='lat' dir='ltr'>exteriora</span> <span class='ocrx_word' id='word_1_102' title='bbox 1038 1086 1134 1139; x_wconf 91' lang='lat' dir='ltr'>Dei</span> <span class='ocrx_word' id='word_1_103' title='bbox 1169 1086 1386 1140; x_wconf 86' lang='lat' dir='ltr'>auxilia</span> <span class='ocrx_word' id='word_1_104' title='bbox 1409 1086 1684 1142; x_wconf 89' lang='lat' dir='ltr'>omnibus</span> <span class='ocrx_word' id='word_1_105' title='bbox 1715 1085 1991 1142; x_wconf 82' lang='lat' dir='ltr'>concessa</span> <span class='ocrx_word' id='word_1_106' title='bbox 2022 1102 2155 1140; x_wconf 88' lang='lat' dir='ltr'>cum</span> 
     </span>
    </p>
   </div>
   <div class='ocr_carea' id='block_1_16' title="bbox 507 1156 2158 1228">
    <p class='ocr_par' dir='ltr' id='par_1_16' title="bbox 507 1156 2158 1228">
     <span class='ocr_line' id='line_1_16' title="bbox 507 1156 2158 1228; baseline 0.001 -19"><span class='ocrx_word' id='word_1_107' title='bbox 507 1156 707 1225; x_wconf 87' lang='lat' dir='ltr'>aliqua</span> <span class='ocrx_word' id='word_1_108' title='bbox 731 1156 984 1211; x_wconf 84' lang='lat' dir='ltr'>interiori</span> <span class='ocrx_word' id='word_1_109' title='bbox 1001 1158 1190 1227; x_wconf 89' lang='lat' dir='ltr'>gratia</span> <span class='ocrx_word' id='word_1_110' title='bbox 1205 1163 1424 1227; x_wconf 87' lang='lat' dir='ltr'>parcius</span> <span class='ocrx_word' id='word_1_111' title='bbox 1443 1163 1604 1228; x_wconf 88' lang='lat' dir='ltr'>atque</span> <span class='ocrx_word' id='word_1_112' title='bbox 1623 1160 1889 1228; x_wconf 78' lang='lat' dir='ltr'>occultius</span> <span class='ocrx_word' id='word_1_113' title='bbox 1905 1159 2158 1213; x_wconf 85' lang='lat' dir='ltr'>omnium</span> 
     </span>
    </p>
   </div>
   <div class='ocr_carea' id='block_1_17' title="bbox 504 1227 2158 1298">
    <p class='ocr_par' dir='ltr' id='par_1_17' title="bbox 504 1227 2158 1298">
     <span class='ocr_line' id='line_1_17' title="bbox 504 1227 2158 1298; baseline 0.001 -17"><span class='ocrx_word' id='word_1_114' title='bbox 504 1229 787 1282; x_wconf 79' lang='lat' dir='ltr'>hominum</span> <span class='ocrx_word' id='word_1_115' title='bbox 817 1228 979 1282; x_wconf 84' lang='lat' dir='ltr'>corda</span> <span class='ocrx_word' id='word_1_116' title='bbox 1008 1230 1256 1297; x_wconf 88' lang='lat' dir='ltr'>pulsante</span> <span class='ocrx_word' id='word_1_117' title='bbox 1286 1227 1618 1298; x_wconf 76' lang='lat' dir='ltr'>conjunCta,</span> <span class='ocrx_word' id='word_1_118' title='bbox 1647 1227 1748 1284; x_wconf 90' lang='lat' dir='ltr'>lib.</span> <span class='ocrx_word' id='word_1_119' title='bbox 1775 1246 1836 1292; x_wconf 91' lang='grc' dir='ltr'>ιι,</span> <span class='ocrx_word' id='word_1_120' title='bbox 1867 1245 1916 1283; x_wconf 87' lang='grc' dir='ltr'>ο.</span> <span class='ocrx_word' id='word_1_121' title='bbox 1954 1230 2039 1293; x_wconf 86' lang='grc'>15,</span> <span class='ocrx_word' id='word_1_122' title='bbox 2074 1228 2158 1282; x_wconf 85' lang='lat' dir='ltr'>af-</span> 
     </span>
    </p>
   </div>
   <div class='ocr_carea' id='block_1_18' title="bbox 510 1299 2158 1370">
    <p class='ocr_par' dir='ltr' id='par_1_18' title="bbox 510 1299 2158 1370">
     <span class='ocr_line' id='line_1_18' title="bbox 510 1299 2158 1370; baseline -0.001 -17"><span class='ocrx_word' id='word_1_123' title='bbox 510 1299 762 1353; x_wconf 80' lang='lat' dir='ltr'>ﬁrmavit</span> <span class='ocrx_word' id='word_1_124' title='bbox 788 1300 1072 1370; x_wconf 69' lang='lat' dir='ltr'>suffecisse</span> <span class='ocrx_word' id='word_1_125' title='bbox 1091 1299 1414 1369; x_wconf 87' lang='lat' dir='ltr'>quibusdam</span> <span class='ocrx_word' id='word_1_126' title='bbox 1443 1299 1514 1353; x_wconf 88' lang='lat' dir='ltr'>ad</span> <span class='ocrx_word' id='word_1_127' title='bbox 1553 1300 1874 1366; x_wconf 78' lang='lat' dir='ltr'>remedium,</span> <span class='ocrx_word' id='word_1_128' title='bbox 1907 1300 2158 1354; x_wconf 89' lang='lat' dir='ltr'>omnibus</span> 
     </span>
    </p>
   </div>
   <div class='ocr_carea' id='block_1_19' title="bbox 511 1369 2156 1442">
    <p class='ocr_par' dir='ltr' id='par_1_19' title="bbox 511 1369 2156 1442">
     <span class='ocr_line' id='line_1_19' title="bbox 511 1369 2156 1442; baseline 0.001 -19"><span class='ocrx_word' id='word_1_129' title='bbox 511 1369 583 1442; x_wconf 86' lang='lat' dir='ltr'>ad</span> <span class='ocrx_word' id='word_1_130' title='bbox 613 1369 1134 1425; x_wconf 71' lang='lat' dir='ltr'>testimoniumlllis</span> <span class='ocrx_word' id='word_1_131' title='bbox 1156 1371 1432 1424; x_wconf 86' lang='lat' dir='ltr'>nimirum</span> <span class='ocrx_word' id='word_1_132' title='bbox 1459 1370 1559 1441; x_wconf 87' lang='lat' dir='ltr'>qui</span> <span class='ocrx_word' id='word_1_133' title='bbox 1582 1373 1768 1425; x_wconf 87' lang='lat' dir='ltr'>secuti</span> <span class='ocrx_word' id='word_1_134' title='bbox 1792 1371 2156 1442; x_wconf 12' lang='lat' dir='ltr'>suntigratiaa</span> 
     </span>
    </p>
   </div>
   <div class='ocr_carea' id='block_1_20' title="bbox 506 1441 2155 1511">
    <p class='ocr_par' dir='ltr' id='par_1_20' title="bbox 506 1441 2155 1511">
     <span class='ocr_line' id='line_1_20' title="bbox 506 1441 2155 1511; baseline 0.001 -17"><span class='ocrx_word' id='word_1_135' title='bbox 506 1441 856 1511; x_wconf 88' lang='lat' dir='ltr'>impulsum,</span> <span class='ocrx_word' id='word_1_136' title='bbox 880 1442 996 1496; x_wconf 75' lang='lat' dir='ltr'>haec</span> <span class='ocrx_word' id='word_1_137' title='bbox 1029 1443 1257 1496; x_wconf 69' lang='lat' dir='ltr'>suffecit</span> <span class='ocrx_word' id='word_1_138' title='bbox 1288 1443 1358 1496; x_wconf 88' lang='lat' dir='ltr'>ad</span> <span class='ocrx_word' id='word_1_139' title='bbox 1392 1442 1739 1511; x_wconf 88' lang='lat' dir='ltr'>remedium,</span> <span class='ocrx_word' id='word_1_140' title='bbox 1771 1441 1994 1496; x_wconf 70' lang='lat' dir='ltr'>caeteris</span> <span class='ocrx_word' id='word_1_141' title='bbox 2023 1457 2155 1495; x_wconf 89' lang='lat' dir='ltr'>vero</span> 
     </span>
    </p>
   </div>
   <div class='ocr_carea' id='block_1_21' title="bbox 509 1511 2155 1582">
    <p class='ocr_par' dir='ltr' id='par_1_21' title="bbox 509 1511 2155 1582">
     <span class='ocr_line' id='line_1_21' title="bbox 509 1511 2155 1582; baseline -0.001 -15"><span class='ocrx_word' id='word_1_142' title='bbox 509 1514 781 1567; x_wconf 85' lang='lat' dir='ltr'>omnibus</span> <span class='ocrx_word' id='word_1_143' title='bbox 804 1513 902 1582; x_wconf 90' lang='lat' dir='ltr'>qui</span> <span class='ocrx_word' id='word_1_144' title='bbox 936 1515 1274 1567; x_wconf 87' lang='lat' dir='ltr'>restiterunt</span> <span class='ocrx_word' id='word_1_145' title='bbox 1305 1515 1360 1566; x_wconf 90' lang='lat' dir='ltr'>in</span> <span class='ocrx_word' id='word_1_146' title='bbox 1382 1511 1788 1568; x_wconf 89' lang='lat' dir='ltr'>testimonium</span> <span class='ocrx_word' id='word_1_147' title='bbox 1819 1513 1929 1566; x_wconf 91' lang='lat' dir='ltr'>erit</span> <span class='ocrx_word' id='word_1_148' title='bbox 1953 1528 2155 1567; x_wconf 86' lang='lat' dir='ltr'>eorum</span> 
     </span>
    </p>
   </div>
   <div class='ocr_carea' id='block_1_22' title="bbox 507 1583 2155 1655">
    <p class='ocr_par' dir='ltr' id='par_1_22' title="bbox 507 1583 2155 1655">
     <span class='ocr_line' id='line_1_22' title="bbox 507 1583 2155 1655; baseline 0 -17"><span class='ocrx_word' id='word_1_149' title='bbox 507 1583 838 1654; x_wconf 66' lang='lat' dir='ltr'>pertinaciae</span> <span class='ocrx_word' id='word_1_150' title='bbox 871 1588 1045 1654; x_wconf 87' lang='lat' dir='ltr'>atque</span> <span class='ocrx_word' id='word_1_151' title='bbox 1069 1583 1542 1655; x_wconf 39' lang='lat' dir='ltr'>nequitiaarlianc</span> <span class='ocrx_word' id='word_1_152' title='bbox 1572 1583 1884 1655; x_wconf 81' lang='lat' dir='ltr'>genuinam</span> <span class='ocrx_word' id='word_1_153' title='bbox 1919 1584 2155 1654; x_wconf 84' lang='lat' dir='ltr'>quidem</span> 
     </span>
    </p>
   </div>
   <div class='ocr_carea' id='block_1_23' title="bbox 508 1654 2236 1752">
    <p class='ocr_par' dir='ltr' id='par_1_23' title="bbox 508 1654 2236 1752">
     <span class='ocr_line' id='line_1_23' title="bbox 508 1654 2236 1752; baseline -0.001 -42"><span class='ocrx_word' id='word_1_154' title='bbox 508 1672 639 1752; x_wconf 67' lang='lat' dir='ltr'>esse</span> <span class='ocrx_word' id='word_1_155' title='bbox 670 1655 990 1752; x_wconf 47' lang='lat' dir='ltr'>hujus‘loci</span> <span class='ocrx_word' id='word_1_156' title='bbox 1024 1654 1655 1752; x_wconf 50' lang='lat' dir='ltr'>interpre‘tationemex‘</span> <span class='ocrx_word' id='word_1_157' title='bbox 1679 1656 2157 1752; x_wconf 47' lang='lat' dir='ltr'>ongecedentibus</span> <span class='ocrx_word' id='word_1_158' title='bbox 2188 1689 2236 1752; x_wconf 81' lang='grc' dir='ltr'><strong>Β</strong></span> 
     </span>
    </p>
   </div>
   <div class='ocr_carea' id='block_1_24' title="bbox 507 1727 2153 1796">
    <p class='ocr_par' dir='ltr' id='par_1_24' title="bbox 507 1727 2153 1796">
     <span class='ocr_line' id='line_1_24' title="bbox 507 1727 2153 1796; baseline 0.001 -16"><span class='ocrx_word' id='word_1_159' title='bbox 507 1727 711 1796; x_wconf 87' lang='lat' dir='ltr'>liquet.</span> <span class='ocrx_word' id='word_1_160' title='bbox 739 1731 952 1782; x_wconf 80' lang='lat' dir='ltr'>Auctor</span> <span class='ocrx_word' id='word_1_161' title='bbox 981 1730 1134 1780; x_wconf 85' lang='lat' dir='ltr'>enim</span> <span class='ocrx_word' id='word_1_162' title='bbox 1170 1729 1226 1780; x_wconf 90' lang='lat' dir='ltr'>in</span> <span class='ocrx_word' id='word_1_163' title='bbox 1263 1729 1374 1780; x_wconf 89' lang='lat' dir='ltr'>ﬁne</span> <span class='ocrx_word' id='word_1_164' title='bbox 1404 1727 1614 1796; x_wconf 90' lang='lat' dir='ltr'>capitis</span> <span class='ocrx_word' id='word_1_165' title='bbox 1638 1728 1705 1780; x_wconf 81' lang='grc'>14</span> <span class='ocrx_word' id='word_1_166' title='bbox 1725 1727 2153 1781; x_wconf 76' lang='lat' dir='ltr'>afﬁrmaverat:</span> 
     </span>
    </p>
   </div>
   <div class='ocr_carea' id='block_1_25' title="bbox 508 1798 2164 1869">
    <p class='ocr_par' dir='ltr' id='par_1_25' title="bbox 508 1798 2164 1869">
     <span class='ocr_line' id='line_1_25' title="bbox 508 1798 2164 1869; baseline 0 -17"><span class='ocrx_word' id='word_1_167' title='bbox 508 1799 693 1867; x_wconf 83' lang='lat' dir='ltr'>Neque</span> <span class='ocrx_word' id='word_1_168' title='bbox 721 1800 784 1851; x_wconf 93' lang='lat' dir='ltr'>ob</span> <span class='ocrx_word' id='word_1_169' title='bbox 814 1799 911 1850; x_wconf 84' lang='lat' dir='ltr'>hoc</span> <span class='ocrx_word' id='word_1_170' title='bbox 937 1798 1280 1869; x_wconf 73' lang='lat' dir='ltr'>excusabiles</span> <span class='ocrx_word' id='word_1_171' title='bbox 1309 1803 1440 1852; x_wconf 89' lang='lat' dir='ltr'>sunt</span> <span class='ocrx_word' id='word_1_172' title='bbox 1457 1799 1727 1860; x_wconf 82' lang='lat' dir='ltr'>natio-nes,</span> <span class='ocrx_word' id='word_1_173' title='bbox 1747 1812 1872 1869; x_wconf 66' lang='lat' dir='ltr'>quae</span> <span class='ocrx_word' id='word_1_174' title='bbox 1900 1799 2164 1852; x_wconf 70' lang='lat' dir='ltr'>alienatae</span> 
     </span>
    </p>
   </div>
   <div class='ocr_carea' id='block_1_26' title="bbox 508 1868 2162 1941">
    <p class='ocr_par' dir='ltr' id='par_1_26' title="bbox 508 1868 2162 1941">
     <span class='ocr_line' id='line_1_26' title="bbox 508 1868 2162 1941; baseline -0.001 -19"><span class='ocrx_word' id='word_1_175' title='bbox 508 1885 544 1922; x_wconf 88' lang='lat' dir='ltr'>a</span> <span class='ocrx_word' id='word_1_176' title='bbox 571 1871 986 1924; x_wconf 83' lang='lat' dir='ltr'>conversatione</span> <span class='ocrx_word' id='word_1_177' title='bbox 1014 1868 1280 1924; x_wconf 88' lang='lat' dir='ltr'>lsrael....</span> <span class='ocrx_word' id='word_1_178' title='bbox 1313 1870 1613 1940; x_wconf 84' lang='lat' dir='ltr'>perierunt,</span> <span class='ocrx_word' id='word_1_179' title='bbox 1645 1868 1778 1941; x_wconf 83' lang='lat' dir='ltr'>quia</span> <span class='ocrx_word' id='word_1_180' title='bbox 1823 1870 1941 1941; x_wconf 76' lang='lat' dir='ltr'>haec</span> <span class='ocrx_word' id='word_1_181' title='bbox 1977 1869 2162 1923; x_wconf 90' lang='lat' dir='ltr'>abun-</span> 
     </span>
    </p>
   </div>
   <div class='ocr_carea' id='block_1_27' title="bbox 511 1939 2164 2010">
    <p class='ocr_par' dir='ltr' id='par_1_27' title="bbox 511 1939 2164 2010">
     <span class='ocr_line' id='line_1_27' title="bbox 511 1939 2164 2010; baseline -0.001 -15"><span class='ocrx_word' id='word_1_182' title='bbox 511 1941 706 1995; x_wconf 85' lang='lat' dir='ltr'>dantia</span> <span class='ocrx_word' id='word_1_183' title='bbox 734 1943 949 2007; x_wconf 72' lang='lat' dir='ltr'>gratias,</span> <span class='ocrx_word' id='word_1_184' title='bbox 981 1957 1100 2010; x_wconf 75' lang='lat' dir='ltr'>quae</span> <span class='ocrx_word' id='word_1_185' title='bbox 1127 1956 1276 1994; x_wconf 84' lang='lat' dir='ltr'>nunc</span> <span class='ocrx_word' id='word_1_186' title='bbox 1311 1939 1943 1994; x_wconf 46' lang='lat' dir='ltr'>uniuersum—mundum</span> <span class='ocrx_word' id='word_1_187' title='bbox 1990 1942 2164 2008; x_wconf 85' lang='lat' dir='ltr'>rigat.</span> 
     </span>
    </p>
   </div>
   <div class='ocr_carea' id='block_1_28' title="bbox 506 2011 2166 2082">
    <p class='ocr_par' dir='ltr' id='par_1_28' title="bbox 506 2011 2166 2082">
     <span class='ocr_line' id='line_1_28' title="bbox 506 2011 2166 2082; baseline 0.001 -18"><span class='ocrx_word' id='word_1_188' title='bbox 506 2012 644 2082; x_wconf 89' lang='lat' dir='ltr'>pari</span> <span class='ocrx_word' id='word_1_189' title='bbox 665 2021 794 2064; x_wconf 89' lang='lat' dir='ltr'>ante</span> <span class='ocrx_word' id='word_1_190' title='bbox 815 2011 1068 2080; x_wconf 75' lang='lat' dir='ltr'>largitate</span> <span class='ocrx_word' id='word_1_191' title='bbox 1088 2027 1192 2066; x_wconf 85' lang='lat' dir='ltr'>non</span> <span class='ocrx_word' id='word_1_192' title='bbox 1207 2013 1391 2079; x_wconf 72' lang='lat' dir='ltr'>ﬂuxit.</span> <span class='ocrx_word' id='word_1_193' title='bbox 1405 2011 1590 2080; x_wconf 77' lang='lat' dir='ltr'>Hujus</span> <span class='ocrx_word' id='word_1_194' title='bbox 1607 2016 1801 2065; x_wconf 85' lang='lat' dir='ltr'>autem</span> <span class='ocrx_word' id='word_1_195' title='bbox 1828 2012 2166 2082; x_wconf 81' lang='lat' dir='ltr'>propositio-</span> 
     </span>
    </p>
   </div>
   <div class='ocr_carea' id='block_1_29' title="bbox 514 2081 2170 2153">
    <p class='ocr_par' dir='ltr' id='par_1_29' title="bbox 514 2081 2170 2153">
     <span class='ocr_line' id='line_1_29' title="bbox 514 2081 2170 2153; baseline 0 -17"><span class='ocrx_word' id='word_1_196' title='bbox 514 2082 612 2138; x_wconf 89' lang='lat' dir='ltr'>nis</span> <span class='ocrx_word' id='word_1_197' title='bbox 643 2082 923 2136; x_wconf 85' lang='lat' dir='ltr'>rationem</span> <span class='ocrx_word' id='word_1_198' title='bbox 955 2082 1154 2136; x_wconf 83' lang='lat' dir='ltr'>statim</span> <span class='ocrx_word' id='word_1_199' title='bbox 1180 2081 1344 2137; x_wconf 72' lang='lat' dir='ltr'>affert</span> <span class='ocrx_word' id='word_1_200' title='bbox 1366 2082 1531 2136; x_wconf 90' lang='lat' dir='ltr'>initio</span> <span class='ocrx_word' id='word_1_201' title='bbox 1556 2082 1764 2153; x_wconf 86' lang='lat' dir='ltr'>capitis</span> <span class='ocrx_word' id='word_1_202' title='bbox 1787 2083 1853 2136; x_wconf 88' lang='grc'>15</span> <span class='ocrx_word' id='word_1_203' title='bbox 1877 2099 1889 2135; x_wconf 90' lang='lat'><strong>:</strong></span> <span class='ocrx_word' id='word_1_204' title='bbox 1913 2081 2170 2137; x_wconf 81' lang='lat' dir='ltr'>Adhibita</span> 
     </span>
    </p>
   </div>
   <div class='ocr_carea' id='block_1_30' title="bbox 515 2153 2171 2224">
    <p class='ocr_par' dir='ltr' id='par_1_30' title="bbox 515 2153 2171 2224">
     <span class='ocr_line' id='line_1_30' title="bbox 515 2153 2171 2224; baseline 0 -15"><span class='ocrx_word' id='word_1_205' title='bbox 515 2155 670 2209; x_wconf 90' lang='lat' dir='ltr'>enim</span> <span class='ocrx_word' id='word_1_206' title='bbox 688 2169 902 2224; x_wconf 83' lang='lat' dir='ltr'>semper</span> <span class='ocrx_word' id='word_1_207' title='bbox 919 2161 997 2208; x_wconf 88' lang='lat' dir='ltr'>est</span> <span class='ocrx_word' id='word_1_208' title='bbox 1014 2153 1286 2208; x_wconf 81' lang='lat' dir='ltr'>universis</span> <span class='ocrx_word' id='word_1_209' title='bbox 1305 2154 1621 2208; x_wconf 86' lang='lat' dir='ltr'>hominibus</span> <span class='ocrx_word' id='word_1_210' title='bbox 1643 2153 1890 2224; x_wconf 75' lang='lat' dir='ltr'>quaedam</span> <span class='ocrx_word' id='word_1_211' title='bbox 1911 2168 2171 2223; x_wconf 51' lang='lat' dir='ltr'>superna</span> 
     </span>
    </p>
   </div>
   <div class='ocr_carea' id='block_1_31' title="bbox 515 2226 2174 2296">
    <p class='ocr_par' dir='ltr' id='par_1_31' title="bbox 515 2226 2174 2296">
     <span class='ocr_line' id='line_1_31' title="bbox 515 2226 2174 2296; baseline 0 -17"><span class='ocrx_word' id='word_1_212' title='bbox 515 2241 780 2280; x_wconf 76' lang='lat' dir='ltr'>mensura</span> <span class='ocrx_word' id='word_1_213' title='bbox 821 2226 1105 2291; x_wconf 62' lang='lat' dir='ltr'>doctrinae,</span> <span class='ocrx_word' id='word_1_214' title='bbox 1137 2241 1253 2296; x_wconf 73' lang='lat' dir='ltr'>quae</span> <span class='ocrx_word' id='word_1_215' title='bbox 1297 2227 1403 2280; x_wconf 89' lang='lat' dir='ltr'>etsi</span> <span class='ocrx_word' id='word_1_216' title='bbox 1444 2227 1714 2295; x_wconf 77' lang='lat' dir='ltr'>parcioris</span> <span class='ocrx_word' id='word_1_217' title='bbox 1757 2226 2174 2295; x_wconf 84' lang='lat' dir='ltr'>occultiorisque</span> 
     </span>
    </p>
   </div>
   <div class='ocr_carea' id='block_1_32' title="bbox 484 2297 2169 2368">
    <p class='ocr_par' dir='ltr' id='par_1_32' title="bbox 484 2297 2169 2368">
     <span class='ocr_line' id='line_1_32' title="bbox 484 2297 2169 2368; baseline 0 -18"><span class='ocrx_word' id='word_1_218' title='bbox 484 2297 717 2365; x_wconf 68' lang='lat' dir='ltr'>&#39;gratiaz</span> <span class='ocrx_word' id='word_1_219' title='bbox 745 2297 876 2366; x_wconf 85' lang='lat' dir='ltr'>fuit,</span> <span class='ocrx_word' id='word_1_220' title='bbox 907 2297 1117 2366; x_wconf 72' lang='lat' dir='ltr'>suffecit</span> <span class='ocrx_word' id='word_1_221' title='bbox 1145 2302 1348 2360; x_wconf 84' lang='lat' dir='ltr'>tamen,</span> <span class='ocrx_word' id='word_1_222' title='bbox 1378 2297 1521 2350; x_wconf 81' lang='lat' dir='ltr'>sicut</span> <span class='ocrx_word' id='word_1_223' title='bbox 1550 2298 1688 2351; x_wconf 85' lang='lat' dir='ltr'>Deus</span> <span class='ocrx_word' id='word_1_224' title='bbox 1711 2297 2004 2367; x_wconf 72' lang='lat' dir='ltr'>judicavit,</span> <span class='ocrx_word' id='word_1_225' title='bbox 2047 2298 2169 2368; x_wconf 86' lang='lat' dir='ltr'>qui-</span> 
     </span>
    </p>
   </div>
   <div class='ocr_carea' id='block_1_33' title="bbox 519 2367 2174 2433">
    <p class='ocr_par' dir='ltr' id='par_1_33' title="bbox 519 2367 2174 2433">
     <span class='ocr_line' id='line_1_33' title="bbox 519 2367 2174 2433; baseline -0.001 -10"><span class='ocrx_word' id='word_1_226' title='bbox 519 2368 754 2423; x_wconf 80' lang='lat' dir='ltr'>busdam</span> <span class='ocrx_word' id='word_1_227' title='bbox 796 2367 865 2420; x_wconf 87' lang='lat' dir='ltr'>ad</span> <span class='ocrx_word' id='word_1_228' title='bbox 911 2367 1234 2433; x_wconf 86' lang='lat' dir='ltr'>remedium,</span> <span class='ocrx_word' id='word_1_229' title='bbox 1291 2370 1547 2422; x_wconf 82' lang='lat' dir='ltr'>omnibus</span> <span class='ocrx_word' id='word_1_230' title='bbox 1573 2368 1644 2422; x_wconf 86' lang='lat' dir='ltr'>ad</span> <span class='ocrx_word' id='word_1_231' title='bbox 1675 2370 2087 2428; x_wconf 85' lang='lat' dir='ltr'>testimonium;</span> <span class='ocrx_word' id='word_1_232' title='bbox 2117 2373 2174 2421; x_wconf 91' lang='lat' dir='ltr'>et</span> 
     </span>
    </p>
   </div>
   <div class='ocr_carea' id='block_1_34' title="bbox 516 2438 2172 2510">
    <p class='ocr_par' dir='ltr' id='par_1_34' title="bbox 516 2438 2172 2510">
     <span class='ocr_line' id='line_1_34' title="bbox 516 2438 2172 2510; baseline -0.001 -17"><span class='ocrx_word' id='word_1_233' title='bbox 516 2438 732 2510; x_wconf 83' lang='lat' dir='ltr'>idcirco</span> <span class='ocrx_word' id='word_1_234' title='bbox 763 2439 860 2509; x_wconf 87' lang='lat' dir='ltr'>qui</span> <span class='ocrx_word' id='word_1_235' title='bbox 886 2440 1170 2507; x_wconf 87' lang='lat' dir='ltr'>perierunt</span> <span class='ocrx_word' id='word_1_236' title='bbox 1217 2438 1642 2495; x_wconf 81' lang='lat' dir='ltr'>inexcusabiles</span> <span class='ocrx_word' id='word_1_237' title='bbox 1690 2445 1849 2496; x_wconf 85' lang='lat' dir='ltr'>sunt.</span> <span class='ocrx_word' id='word_1_238' title='bbox 1896 2438 2022 2494; x_wconf 49' lang='lat' dir='ltr'>Hea:</span> <span class='ocrx_word' id='word_1_239' title='bbox 2068 2454 2172 2510; x_wconf 89' lang='lat' dir='ltr'>pro</span> 
     </span>
    </p>
   </div>
   <div class='ocr_carea' id='block_1_35' title="bbox 515 2509 2174 2580">
    <p class='ocr_par' dir='ltr' id='par_1_35' title="bbox 515 2509 2174 2580">
     <span class='ocr_line' id='line_1_35' title="bbox 515 2509 2174 2580; baseline 0.001 -16"><span class='ocrx_word' id='word_1_240' title='bbox 515 2509 860 2578; x_wconf 77' lang='lat' dir='ltr'>explicando</span> <span class='ocrx_word' id='word_1_241' title='bbox 877 2526 1154 2580; x_wconf 84' lang='lat' dir='ltr'>germano</span> <span class='ocrx_word' id='word_1_242' title='bbox 1166 2511 1424 2565; x_wconf 89' lang='lat' dir='ltr'>auctoris</span> <span class='ocrx_word' id='word_1_243' title='bbox 1440 2527 1613 2565; x_wconf 87' lang='lat' dir='ltr'>sensu</span> <span class='ocrx_word' id='word_1_244' title='bbox 1633 2510 1780 2566; x_wconf 84' lang='lat' dir='ltr'>dicta</span> <span class='ocrx_word' id='word_1_245' title='bbox 1797 2516 1955 2566; x_wconf 87' lang='lat' dir='ltr'>sunt.</span> <span class='ocrx_word' id='word_1_246' title='bbox 1969 2509 2174 2567; x_wconf 75' lang='lat' dir='ltr'>Utrum</span> 
     </span>
    </p>
   </div>
   <div class='ocr_carea' id='block_1_36' title="bbox 519 2581 2173 2654">
    <p class='ocr_par' dir='ltr' id='par_1_36' title="bbox 519 2581 2173 2654">
     <span class='ocr_line' id='line_1_36' title="bbox 519 2581 2173 2654; baseline -0.001 -18"><span class='ocrx_word' id='word_1_247' title='bbox 519 2597 654 2636; x_wconf 91' lang='lat' dir='ltr'>vero</span> <span class='ocrx_word' id='word_1_248' title='bbox 683 2582 803 2636; x_wconf 67' lang='lat' dir='ltr'>haec</span> <span class='ocrx_word' id='word_1_249' title='bbox 831 2581 960 2648; x_wconf 86' lang='lat' dir='ltr'>ejus</span> <span class='ocrx_word' id='word_1_250' title='bbox 991 2581 1255 2636; x_wconf 89' lang='lat' dir='ltr'>doctrina</span> <span class='ocrx_word' id='word_1_251' title='bbox 1283 2583 1354 2636; x_wconf 92' lang='lat' dir='ltr'>de</span> <span class='ocrx_word' id='word_1_252' title='bbox 1385 2582 1568 2654; x_wconf 87' lang='lat' dir='ltr'>gratia</span> <span class='ocrx_word' id='word_1_253' title='bbox 1597 2584 1852 2654; x_wconf 87' lang='lat' dir='ltr'>generali</span> <span class='ocrx_word' id='word_1_254' title='bbox 1885 2582 2173 2654; x_wconf 84' lang='lat' dir='ltr'>etiamin—</span> 
     </span>
    </p>
   </div>
   <div class='ocr_carea' id='block_1_37' title="bbox 515 2652 2173 2724">
    <p class='ocr_par' dir='ltr' id='par_1_37' title="bbox 515 2652 2173 2724">
     <span class='ocr_line' id='line_1_37' title="bbox 515 2652 2173 2724; baseline -0.001 -17"><span class='ocrx_word' id='word_1_255' title='bbox 515 2657 685 2707; x_wconf 87' lang='lat' dir='ltr'>terna</span> <span class='ocrx_word' id='word_1_256' title='bbox 721 2654 998 2724; x_wconf 88' lang='lat' dir='ltr'>omnibus</span> <span class='ocrx_word' id='word_1_257' title='bbox 1029 2652 1410 2720; x_wconf 75' lang='lat' dir='ltr'>quantumvis</span> <span class='ocrx_word' id='word_1_258' title='bbox 1438 2652 1722 2724; x_wconf 82' lang='lat' dir='ltr'>perversis</span> <span class='ocrx_word' id='word_1_259' title='bbox 1751 2662 1808 2708; x_wconf 93' lang='lat' dir='ltr'>et</span> <span class='ocrx_word' id='word_1_260' title='bbox 1835 2652 2173 2724; x_wconf 82' lang='lat' dir='ltr'>inﬁdelibus</span> 
     </span>
    </p>
   </div>
   <div class='ocr_carea' id='block_1_38' title="bbox 521 2723 2174 2794">
    <p class='ocr_par' dir='ltr' id='par_1_38' title="bbox 521 2723 2174 2794">
     <span class='ocr_line' id='line_1_38' title="bbox 521 2723 2174 2794; baseline -0.001 -15"><span class='ocrx_word' id='word_1_261' title='bbox 521 2724 790 2779; x_wconf 88' lang='lat' dir='ltr'>adhibita</span> <span class='ocrx_word' id='word_1_262' title='bbox 841 2723 1124 2794; x_wconf 84' lang='lat' dir='ltr'>discrepet</span> <span class='ocrx_word' id='word_1_263' title='bbox 1182 2741 1362 2778; x_wconf 85' lang='lat' dir='ltr'>necne</span> <span class='ocrx_word' id='word_1_264' title='bbox 1418 2723 1451 2778; x_wconf 83' lang='lat' dir='ltr'>a</span> <span class='ocrx_word' id='word_1_265' title='bbox 1510 2726 1774 2778; x_wconf 85' lang='lat' dir='ltr'>doctrina</span> <span class='ocrx_word' id='word_1_266' title='bbox 1813 2725 1870 2779; x_wconf 92' lang='lat' dir='ltr'>S.</span> <span class='ocrx_word' id='word_1_267' title='bbox 1907 2723 2174 2793; x_wconf 85' lang='lat' dir='ltr'>Prospori</span> 
     </span>
    </p>
   </div>
   <div class='ocr_carea' id='block_1_39' title="bbox 519 2793 2172 2866">
    <p class='ocr_par' dir='ltr' id='par_1_39' title="bbox 519 2793 2172 2866">
     <span class='ocr_line' id='line_1_39' title="bbox 519 2793 2172 2866; baseline -0.002 -15"><span class='ocrx_word' id='word_1_268' title='bbox 519 2796 818 2866; x_wconf 81' lang='lat' dir='ltr'>Aquitani,</span> <span class='ocrx_word' id='word_1_269' title='bbox 851 2811 965 2848; x_wconf 92' lang='lat' dir='ltr'>non</span> <span class='ocrx_word' id='word_1_270' title='bbox 997 2793 1086 2848; x_wconf 80' lang='lat' dir='ltr'>est</span> <span class='ocrx_word' id='word_1_271' title='bbox 1117 2793 1210 2848; x_wconf 87' lang='lat' dir='ltr'>hic</span> <span class='ocrx_word' id='word_1_272' title='bbox 1240 2812 1387 2862; x_wconf 90' lang='lat' dir='ltr'>opus</span> <span class='ocrx_word' id='word_1_273' title='bbox 1418 2795 1713 2864; x_wconf 88' lang='lat' dir='ltr'>inquirere</span> <span class='ocrx_word' id='word_1_274' title='bbox 1744 2811 1810 2850; x_wconf 89' lang='lat' dir='ltr'>ac</span> <span class='ocrx_word' id='word_1_275' title='bbox 1841 2794 2172 2850; x_wconf 77' lang='lat' dir='ltr'>deiinire.Si</span> 
     </span>
    </p>
   </div>
   <div class='ocr_carea' id='block_1_40' title="bbox 525 2865 2170 2935">
    <p class='ocr_par' dir='ltr' id='par_1_40' title="bbox 525 2865 2170 2935">
     <span class='ocr_line' id='line_1_40' title="bbox 525 2865 2170 2935; baseline -0.002 -13"><span class='ocrx_word' id='word_1_276' title='bbox 525 2873 723 2922; x_wconf 87' lang='lat' dir='ltr'>autem</span> <span class='ocrx_word' id='word_1_277' title='bbox 748 2867 1079 2934; x_wconf 81' lang='lat' dir='ltr'>discrepare</span> <span class='ocrx_word' id='word_1_278' title='bbox 1099 2867 1560 2934; x_wconf 87' lang='lat' dir='ltr'>credatur,muto</span> <span class='ocrx_word' id='word_1_279' title='bbox 1588 2869 1777 2935; x_wconf 85' lang='lat' dir='ltr'>magis</span> <span class='ocrx_word' id='word_1_280' title='bbox 1797 2865 1933 2920; x_wconf 89' lang='lat' dir='ltr'>hinc</span> <span class='ocrx_word' id='word_1_281' title='bbox 1955 2868 2170 2920; x_wconf 80' lang='lat' dir='ltr'>contir-</span> 
     </span>
    </p>
   </div>
   <div class='ocr_carea' id='block_1_41' title="bbox 519 2936 2168 3007">
    <p class='ocr_par' dir='ltr' id='par_1_41' title="bbox 519 2936 2168 3007">
     <span class='ocr_line' id='line_1_41' title="bbox 519 2936 2168 3007; baseline -0.001 -14"><span class='ocrx_word' id='word_1_282' title='bbox 519 2937 779 2993; x_wconf 88' lang='lat' dir='ltr'>mabitur</span> <span class='ocrx_word' id='word_1_283' title='bbox 808 2937 978 2990; x_wconf 81' lang='lat' dir='ltr'>hosce</span> <span class='ocrx_word' id='word_1_284' title='bbox 1011 2936 1187 2991; x_wconf 89' lang='lat' dir='ltr'>libros</span> <span class='ocrx_word' id='word_1_285' title='bbox 1222 2938 1275 2992; x_wconf 90' lang='lat' dir='ltr'>S.</span> <span class='ocrx_word' id='word_1_286' title='bbox 1314 2942 1589 3007; x_wconf 87' lang='lat' dir='ltr'>Prospero</span> <span class='ocrx_word' id='word_1_287' title='bbox 1619 2938 1796 2991; x_wconf 88' lang='lat' dir='ltr'>tribui</span> <span class='ocrx_word' id='word_1_288' title='bbox 1833 2953 1945 2991; x_wconf 90' lang='lat' dir='ltr'>non</span> <span class='ocrx_word' id='word_1_289' title='bbox 1980 2954 2168 3006; x_wconf 87' lang='lat' dir='ltr'>posse.</span> 
     </span>
    </p>
   </div>
   <div class='ocr_carea' id='block_1_42' title="bbox 581 3007 2140 3078">
    <p class='ocr_par' dir='ltr' id='par_1_42' title="bbox 581 3007 2140 3078">
     <span class='ocr_line' id='line_1_42' title="bbox 581 3007 2140 3078; baseline 0.001 -16"><span class='ocrx_word' id='word_1_290' title='bbox 581 3009 672 3062; x_wconf 87' lang='lat'>21.</span> <span class='ocrx_word' id='word_1_291' title='bbox 718 3007 819 3062; x_wconf 86' lang='lat' dir='ltr'>Hic</span> <span class='ocrx_word' id='word_1_292' title='bbox 870 3023 1040 3078; x_wconf 91' lang='lat' dir='ltr'>porro</span> <span class='ocrx_word' id='word_1_293' title='bbox 1091 3023 1205 3061; x_wconf 92' lang='lat' dir='ltr'>non</span> <span class='ocrx_word' id='word_1_294' title='bbox 1246 3013 1336 3062; x_wconf 89' lang='lat' dir='ltr'>est</span> <span class='ocrx_word' id='word_1_295' title='bbox 1368 3007 1854 3078; x_wconf 84' lang='lat' dir='ltr'>progrediendum</span> <span class='ocrx_word' id='word_1_296' title='bbox 1890 3009 2140 3063; x_wconf 90' lang='lat' dir='ltr'>ulterius</span> 
     </span>
    </p>
   </div>
   <div class='ocr_carea' id='block_1_43' title="bbox 514 3052 2238 3149">
    <p class='ocr_par' dir='ltr' id='par_1_43' title="bbox 514 3052 2238 3149">
     <span class='ocr_line' id='line_1_43' title="bbox 514 3052 2238 3149; baseline 0.001 -17"><span class='ocrx_word' id='word_1_297' title='bbox 514 3079 626 3134; x_wconf 88' lang='lat' dir='ltr'>nisi</span> <span class='ocrx_word' id='word_1_298' title='bbox 653 3080 816 3149; x_wconf 89' lang='lat' dir='ltr'>prius</span> <span class='ocrx_word' id='word_1_299' title='bbox 843 3052 1227 3148; x_wconf 63' lang='lat' dir='ltr'>aliaquadam</span> <span class='ocrx_word' id='word_1_300' title='bbox 1255 3052 1938 3134; x_wconf 57' lang='lat' dir='ltr'>ratignenconsiderentur</span> <span class='ocrx_word' id='word_1_301' title='bbox 1959 3078 2060 3134; x_wconf 89' lang='lat' dir='ltr'>illa</span> <span class='ocrx_word' id='word_1_302' title='bbox 2084 3053 2164 3134; x_wconf 64' lang='lat' dir='ltr'>re:</span> <span class='ocrx_word' id='word_1_303' title='bbox 2193 3052 2238 3118; x_wconf 65' lang='grc' dir='ltr'><strong>Ο</strong></span> 
     </span>
    </p>
   </div>
   <div class='ocr_carea' id='block_1_44' title="bbox 515 3148 2163 3223">
    <p class='ocr_par' dir='ltr' id='par_1_44' title="bbox 515 3148 2163 3223">
     <span class='ocr_line' id='line_1_44' title="bbox 515 3148 2163 3223; baseline 0.001 -19"><span class='ocrx_word' id='word_1_304' title='bbox 515 3148 705 3223; x_wconf 65' lang='lat' dir='ltr'>citata;</span> <span class='ocrx_word' id='word_1_305' title='bbox 737 3148 1157 3213; x_wconf 76' lang='lat' dir='ltr'>Quesnellianas</span> <span class='ocrx_word' id='word_1_306' title='bbox 1190 3150 1445 3204; x_wconf 86' lang='lat' dir='ltr'>nationis</span> <span class='ocrx_word' id='word_1_307' title='bbox 1476 3151 1653 3205; x_wconf 88' lang='lat' dir='ltr'>verba</span> <span class='ocrx_word' id='word_1_308' title='bbox 1699 3151 1756 3204; x_wconf 89' lang='lat' dir='ltr'>in</span> <span class='ocrx_word' id='word_1_309' title='bbox 1805 3167 1930 3223; x_wconf 88' lang='lat' dir='ltr'>cap.</span> <span class='ocrx_word' id='word_1_310' title='bbox 1967 3152 2034 3206; x_wconf 92' lang='lat'><strong>13</strong></span> <span class='ocrx_word' id='word_1_311' title='bbox 2062 3151 2163 3207; x_wconf 92' lang='lat' dir='ltr'>lib.</span> 
     </span>
    </p>
   </div>
   <div class='ocr_carea' id='block_1_45' title="bbox 517 3220 2170 3292">
    <p class='ocr_par' dir='ltr' id='par_1_45' title="bbox 517 3220 2170 3292">
     <span class='ocr_line' id='line_1_45' title="bbox 517 3220 2170 3292; baseline 0.001 -16"><span class='ocrx_word' id='word_1_312' title='bbox 517 3237 560 3276; x_wconf 87' lang='grc' dir='ltr'>ιι</span> <span class='ocrx_word' id='word_1_313' title='bbox 593 3237 605 3274; x_wconf 90' lang='lat'>:</span> <span class='ocrx_word' id='word_1_314' title='bbox 644 3220 823 3276; x_wconf 84' lang='lat' dir='ltr'>Unum</span> <span class='ocrx_word' id='word_1_315' title='bbox 862 3236 1025 3289; x_wconf 85' lang='lat' dir='ltr'>porro</span> <span class='ocrx_word' id='word_1_316' title='bbox 1067 3223 1452 3284; x_wconf 78' lang='lat' dir='ltr'>certissimum,</span> <span class='ocrx_word' id='word_1_317' title='bbox 1486 3228 1628 3276; x_wconf 82' lang='lat' dir='ltr'>hanc</span> <span class='ocrx_word' id='word_1_318' title='bbox 1656 3220 2071 3292; x_wconf 77' lang='lat' dir='ltr'>sufﬁcientiam,</span> <span class='ocrx_word' id='word_1_319' title='bbox 2105 3229 2170 3278; x_wconf 88' lang='lat' dir='ltr'>de</span> 
     </span>
    </p>
   </div>
   <div class='ocr_carea' id='block_1_46' title="bbox 515 3293 2166 3366">
    <p class='ocr_par' dir='ltr' id='par_1_46' title="bbox 515 3293 2166 3366">
     <span class='ocr_line' id='line_1_46' title="bbox 515 3293 2166 3366; baseline 0.002 -21"><span class='ocrx_word' id='word_1_320' title='bbox 515 3309 625 3366; x_wconf 85' lang='lat' dir='ltr'>qua</span> <span class='ocrx_word' id='word_1_321' title='bbox 655 3293 743 3366; x_wconf 85' lang='lat' dir='ltr'>hic</span> <span class='ocrx_word' id='word_1_322' title='bbox 771 3308 949 3347; x_wconf 82' lang='lat' dir='ltr'>sermo</span> <span class='ocrx_word' id='word_1_323' title='bbox 969 3296 1065 3360; x_wconf 88' lang='lat' dir='ltr'>est,</span> <span class='ocrx_word' id='word_1_324' title='bbox 1084 3293 1242 3366; x_wconf 85' lang='lat' dir='ltr'>nullo</span> <span class='ocrx_word' id='word_1_325' title='bbox 1271 3293 1524 3366; x_wconf 79' lang='lat' dir='ltr'>modoad</span> <span class='ocrx_word' id='word_1_326' title='bbox 1555 3295 1713 3366; x_wconf 83' lang='lat' dir='ltr'>illam</span> <span class='ocrx_word' id='word_1_327' title='bbox 1743 3296 2015 3362; x_wconf 80' lang='lat' dir='ltr'>pertinere</span> <span class='ocrx_word' id='word_1_328' title='bbox 2043 3295 2166 3366; x_wconf 82' lang='lat' dir='ltr'>suf-</span> 
     </span>
    </p>
   </div>
   <div class='ocr_carea' id='block_1_47' title="bbox 516 3365 2169 3438">
    <p class='ocr_par' dir='ltr' id='par_1_47' title="bbox 516 3365 2169 3438">
     <span class='ocr_line' id='line_1_47' title="bbox 516 3365 2169 3438; baseline 0.001 -20"><span class='ocrx_word' id='word_1_329' title='bbox 516 3365 816 3438; x_wconf 81' lang='lat' dir='ltr'>ﬁcientiam</span> <span class='ocrx_word' id='word_1_330' title='bbox 847 3366 1050 3433; x_wconf 77' lang='lat' dir='ltr'>gratiae</span> <span class='ocrx_word' id='word_1_331' title='bbox 1077 3365 1359 3438; x_wconf 82' lang='lat' dir='ltr'>interioris</span> <span class='ocrx_word' id='word_1_332' title='bbox 1392 3365 1597 3419; x_wconf 82' lang='lat' dir='ltr'>Christi</span> <span class='ocrx_word' id='word_1_333' title='bbox 1623 3365 1943 3429; x_wconf 80' lang='lat' dir='ltr'>Saluatoris,</span> <span class='ocrx_word' id='word_1_334' title='bbox 1966 3371 2033 3421; x_wconf 82' lang='lat' dir='ltr'>de</span> <span class='ocrx_word' id='word_1_335' title='bbox 2062 3383 2169 3438; x_wconf 91' lang='lat' dir='ltr'>qua</span> 
     </span>
    </p>
   </div>
   <div class='ocr_carea' id='block_1_48' title="bbox 516 3437 2166 3508">
    <p class='ocr_par' dir='ltr' id='par_1_48' title="bbox 516 3437 2166 3508">
     <span class='ocr_line' id='line_1_48' title="bbox 516 3437 2166 3508; baseline 0.002 -20"><span class='ocrx_word' id='word_1_336' title='bbox 516 3439 676 3490; x_wconf 90' lang='lat' dir='ltr'>tanta</span> <span class='ocrx_word' id='word_1_337' title='bbox 693 3437 1010 3508; x_wconf 78' lang='lat' dir='ltr'>animorum</span> <span class='ocrx_word' id='word_1_338' title='bbox 1033 3437 1373 3508; x_wconf 80' lang='lat' dir='ltr'>contentione</span> <span class='ocrx_word' id='word_1_339' title='bbox 1401 3441 1666 3508; x_wconf 80' lang='lat' dir='ltr'>tantoque</span> <span class='ocrx_word' id='word_1_340' title='bbox 1685 3445 1818 3490; x_wconf 77' lang='lat' dir='ltr'>aestu</span> <span class='ocrx_word' id='word_1_341' title='bbox 1846 3437 2166 3508; x_wconf 79' lang='lat' dir='ltr'>digladien-</span> 
     </span>
    </p>
   </div>
   <div class='ocr_carea' id='block_1_49' title="bbox 515 3506 2170 3576">
    <p class='ocr_par' dir='ltr' id='par_1_49' title="bbox 515 3506 2170 3576">
     <span class='ocr_line' id='line_1_49' title="bbox 515 3506 2170 3576; baseline 0.001 -14"><span class='ocrx_word' id='word_1_342' title='bbox 515 3514 610 3562; x_wconf 88' lang='lat' dir='ltr'>tur</span> <span class='ocrx_word' id='word_1_343' title='bbox 637 3506 889 3562; x_wconf 79' lang='lat' dir='ltr'>hodierni</span> <span class='ocrx_word' id='word_1_344' title='bbox 934 3507 1186 3576; x_wconf 84' lang='lat' dir='ltr'>theologi,</span> <span class='ocrx_word' id='word_1_345' title='bbox 1219 3512 1352 3573; x_wconf 90' lang='lat' dir='ltr'>etc.,</span> <span class='ocrx_word' id='word_1_346' title='bbox 1387 3507 1533 3561; x_wconf 76' lang='lat'>681</span> <span class='ocrx_word' id='word_1_347' title='bbox 1571 3507 1789 3576; x_wconf 90' lang='lat' dir='ltr'>quibus</span> <span class='ocrx_word' id='word_1_348' title='bbox 1821 3506 2170 3572; x_wconf 84' lang='lat' dir='ltr'>Quesnellus</span> 
     </span>
    </p>
   </div>
   <div class='ocr_carea' id='block_1_50' title="bbox 516 3577 2171 3649">
    <p class='ocr_par' dir='ltr' id='par_1_50' title="bbox 516 3577 2171 3649">
     <span class='ocr_line' id='line_1_50' title="bbox 516 3577 2171 3649; baseline 0.002 -18"><span class='ocrx_word' id='word_1_349' title='bbox 516 3594 634 3631; x_wconf 91' lang='lat' dir='ltr'>non</span> <span class='ocrx_word' id='word_1_350' title='bbox 665 3583 783 3632; x_wconf 83' lang='lat' dir='ltr'>tam</span> <span class='ocrx_word' id='word_1_351' title='bbox 825 3578 1057 3631; x_wconf 91' lang='lat' dir='ltr'>videtur</span> <span class='ocrx_word' id='word_1_352' title='bbox 1105 3577 1389 3649; x_wconf 86' lang='lat' dir='ltr'>sollicitus</span> <span class='ocrx_word' id='word_1_353' title='bbox 1421 3595 1482 3631; x_wconf 90' lang='grc' dir='ltr'>ιιι</span> <span class='ocrx_word' id='word_1_354' title='bbox 1514 3579 1780 3649; x_wconf 86' lang='lat' dir='ltr'>neganda</span> <span class='ocrx_word' id='word_1_355' title='bbox 1810 3580 1950 3633; x_wconf 89' lang='lat' dir='ltr'>Cain</span> <span class='ocrx_word' id='word_1_356' title='bbox 1983 3580 2171 3649; x_wconf 86' lang='lat' dir='ltr'>gratia</span> 
     </span>
    </p>
   </div>
   <div class='ocr_carea' id='block_1_51' title="bbox 511 3648 2164 3716">
    <p class='ocr_par' dir='ltr' id='par_1_51' title="bbox 511 3648 2164 3716">
     <span class='ocr_line' id='line_1_51' title="bbox 511 3648 2164 3716; baseline 0.004 -16"><span class='ocrx_word' id='word_1_357' title='bbox 511 3649 765 3707; x_wconf 83' lang='lat' dir='ltr'>interna.</span> <span class='ocrx_word' id='word_1_358' title='bbox 789 3664 964 3716; x_wconf 89' lang='lat' dir='ltr'>quam</span> <span class='ocrx_word' id='word_1_359' title='bbox 991 3649 1048 3701; x_wconf 90' lang='lat' dir='ltr'>in</span> <span class='ocrx_word' id='word_1_360' title='bbox 1077 3648 1474 3702; x_wconf 86' lang='lat' dir='ltr'>subtrahendo</span> <span class='ocrx_word' id='word_1_361' title='bbox 1499 3648 1606 3703; x_wconf 90' lang='lat' dir='ltr'>hoc</span> <span class='ocrx_word' id='word_1_362' title='bbox 1627 3655 1861 3704; x_wconf 85' lang='lat' dir='ltr'>auctore</span> <span class='ocrx_word' id='word_1_363' title='bbox 1882 3668 1913 3704; x_wconf 88' lang='lat' dir='ltr'>a</span> <span class='ocrx_word' id='word_1_364' title='bbox 1942 3648 2164 3706; x_wconf 76' lang='lat' dir='ltr'>theolo-</span> 
     </span>
    </p>
   </div>
   <div class='ocr_carea' id='block_1_52' title="bbox 515 3717 2166 3788">
    <p class='ocr_par' dir='ltr' id='par_1_52' title="bbox 515 3717 2166 3788">
     <span class='ocr_line' id='line_1_52' title="bbox 515 3717 2166 3788; baseline 0.005 -20"><span class='ocrx_word' id='word_1_365' title='bbox 515 3717 605 3788; x_wconf 84' lang='lat' dir='ltr'>gis</span> <span class='ocrx_word' id='word_1_366' title='bbox 651 3718 1102 3772; x_wconf 81' lang='lat' dir='ltr'>defendentibus</span> <span class='ocrx_word' id='word_1_367' title='bbox 1133 3719 1379 3787; x_wconf 79' lang='lat' dir='ltr'>gratiam</span> <span class='ocrx_word' id='word_1_368' title='bbox 1432 3719 1721 3774; x_wconf 77' lang='lat' dir='ltr'>internum</span> <span class='ocrx_word' id='word_1_369' title='bbox 1755 3722 2166 3788; x_wconf 81' lang='lat' dir='ltr'>sufficientem,</span> 
     </span>
    </p>
   </div>
   <div class='ocr_carea' id='block_1_53' title="bbox 515 3787 2170 3861">
    <p class='ocr_par' dir='ltr' id='par_1_53' title="bbox 515 3787 2170 3861">
     <span class='ocr_line' id='line_1_53' title="bbox 515 3787 2170 3861; baseline 0.005 -19"><span class='ocrx_word' id='word_1_370' title='bbox 515 3787 884 3861; x_wconf 26' lang='lat' dir='ltr'>Cuiuscilicet</span> <span class='ocrx_word' id='word_1_371' title='bbox 930 3789 1220 3843; x_wconf 85' lang='lat' dir='ltr'>resistitur</span> <span class='ocrx_word' id='word_1_372' title='bbox 1263 3806 1276 3843; x_wconf 90' lang='lat'><strong>:</strong></span> <span class='ocrx_word' id='word_1_373' title='bbox 1326 3790 1479 3844; x_wconf 79' lang='lat' dir='ltr'>unde</span> <span class='ocrx_word' id='word_1_374' title='bbox 1523 3791 1896 3861; x_wconf 87' lang='lat' dir='ltr'>prosequitur</span> <span class='ocrx_word' id='word_1_375' title='bbox 1926 3809 2170 3850; x_wconf 86' lang='lat' dir='ltr'>monens</span> 
     </span>
    </p>
   </div>
   <div class='ocr_carea' id='block_1_54' title="bbox 517 3858 2170 3920">
    <p class='ocr_par' dir='ltr' id='par_1_54' title="bbox 517 3858 2170 3920">
     <span class='ocr_line' id='line_1_54' title="bbox 517 3858 2170 3920; baseline 0.003 -6"><span class='ocrx_word' id='word_1_376' title='bbox 517 3858 929 3914; x_wconf 78' lang='lat' dir='ltr'>sufficientiam</span> <span class='ocrx_word' id='word_1_377' title='bbox 965 3861 1036 3915; x_wconf 91' lang='lat' dir='ltr'>ab</span> <span class='ocrx_word' id='word_1_378' title='bbox 1068 3866 1301 3915; x_wconf 87' lang='lat' dir='ltr'>auctore</span> <span class='ocrx_word' id='word_1_379' title='bbox 1331 3858 1651 3916; x_wconf 76' lang='lat' dir='ltr'>admissam</span> <span class='ocrx_word' id='word_1_380' title='bbox 1687 3858 1800 3918; x_wconf 81' lang='lat' dir='ltr'>non</span> <span class='ocrx_word' id='word_1_381' title='bbox 1833 3865 1889 3918; x_wconf 93' lang='lat' dir='ltr'>in</span> <span class='ocrx_word' id='word_1_382' title='bbox 1923 3862 2170 3920; x_wconf 87' lang='lat' dir='ltr'>internis</span> 
     </span>
    </p>
   </div>
   <div class='ocr_carea' id='block_1_55' title="bbox 519 3930 2170 4001">
    <p class='ocr_par' dir='ltr' id='par_1_55' title="bbox 519 3930 2170 4001">
     <span class='ocr_line' id='line_1_55' title="bbox 519 3930 2170 4001; baseline 0.004 -17"><span class='ocrx_word' id='word_1_383' title='bbox 519 3930 723 4001; x_wconf 72' lang='lat' dir='ltr'>gratiis</span> <span class='ocrx_word' id='word_1_384' title='bbox 752 3930 975 3995; x_wconf 83' lang='lat' dir='ltr'>auxilii,</span> <span class='ocrx_word' id='word_1_385' title='bbox 1008 3932 1108 3986; x_wconf 87' lang='lat' dir='ltr'>sed</span> <span class='ocrx_word' id='word_1_386' title='bbox 1155 3932 1212 3985; x_wconf 92' lang='lat' dir='ltr'>in</span> <span class='ocrx_word' id='word_1_387' title='bbox 1264 3933 1514 3987; x_wconf 87' lang='lat' dir='ltr'>externis</span> <span class='ocrx_word' id='word_1_388' title='bbox 1551 3934 1843 3988; x_wconf 87' lang='lat' dir='ltr'>collocari.</span> <span class='ocrx_word' id='word_1_389' title='bbox 1881 3937 2170 3991; x_wconf 88' lang='lat' dir='ltr'>Fortassis</span> 
     </span>
    </p>
   </div>
   <div class='ocr_carea' id='block_1_56' title="bbox 521 4003 2172 4064">
    <p class='ocr_par' dir='ltr' id='par_1_56' title="bbox 521 4003 2172 4064">
     <span class='ocr_line' id='line_1_56' title="bbox 521 4003 2172 4064; baseline 0.002 -5"><span class='ocrx_word' id='word_1_390' title='bbox 521 4003 699 4059; x_wconf 87' lang='lat' dir='ltr'>etiam</span> <span class='ocrx_word' id='word_1_391' title='bbox 733 4003 1092 4059; x_wconf 83' lang='lat' dir='ltr'>dubitabunt</span> <span class='ocrx_word' id='word_1_392' title='bbox 1121 4003 1386 4059; x_wconf 88' lang='lat' dir='ltr'>nonnulli</span> <span class='ocrx_word' id='word_1_393' title='bbox 1418 4021 1488 4058; x_wconf 88' lang='lat' dir='ltr'>an</span> <span class='ocrx_word' id='word_1_394' title='bbox 1520 4004 1631 4060; x_wconf 90' lang='lat' dir='ltr'>hoc</span> <span class='ocrx_word' id='word_1_395' title='bbox 1678 4006 1880 4061; x_wconf 87' lang='lat' dir='ltr'>eadem</span> <span class='ocrx_word' id='word_1_396' title='bbox 1925 4008 2172 4064; x_wconf 88' lang='lat' dir='ltr'>consilio</span> 
     </span>
    </p>
   </div>
   <div class='ocr_carea' id='block_1_57' title="bbox 517 4075 2172 4149">
    <p class='ocr_par' dir='ltr' id='par_1_57' title="bbox 517 4075 2172 4149">
     <span class='ocr_line' id='line_1_57' title="bbox 517 4075 2172 4149; baseline 0.004 -20"><span class='ocrx_word' id='word_1_397' title='bbox 517 4075 864 4149; x_wconf 84' lang='lat' dir='ltr'>inpostillis</span> <span class='ocrx_word' id='word_1_398' title='bbox 916 4075 1337 4149; x_wconf 87' lang='lat' dir='ltr'>marginalibus</span> <span class='ocrx_word' id='word_1_399' title='bbox 1387 4076 1522 4131; x_wconf 89' lang='lat' dir='ltr'>huic</span> <span class='ocrx_word' id='word_1_400' title='bbox 1552 4079 1707 4148; x_wconf 84' lang='lat' dir='ltr'>operi</span> <span class='ocrx_word' id='word_1_401' title='bbox 1741 4079 2024 4149; x_wconf 87' lang='lat' dir='ltr'>appositis</span> <span class='ocrx_word' id='word_1_402' title='bbox 2055 4096 2172 4135; x_wconf 91' lang='lat' dir='ltr'>non</span> 
     </span>
    </p>
   </div>
   <div class='ocr_carea' id='block_1_58' title="bbox 521 4147 2170 4221">
    <p class='ocr_par' dir='ltr' id='par_1_58' title="bbox 521 4147 2170 4221">
     <span class='ocr_line' id='line_1_58' title="bbox 521 4147 2170 4221; baseline 0.003 -21"><span class='ocrx_word' id='word_1_403' title='bbox 521 4147 712 4221; x_wconf 77' lang='lat' dir='ltr'>solum</span> <span class='ocrx_word' id='word_1_404' title='bbox 749 4147 1069 4221; x_wconf 82' lang='lat' dir='ltr'>laudaverit</span> <span class='ocrx_word' id='word_1_405' title='bbox 1104 4148 1440 4221; x_wconf 73' lang='lat' dir='ltr'>potentiam</span> <span class='ocrx_word' id='word_1_406' title='bbox 1475 4153 1532 4202; x_wconf 88' lang='lat' dir='ltr'>et</span> <span class='ocrx_word' id='word_1_407' title='bbox 1577 4147 1897 4205; x_wconf 78' lang='lat' dir='ltr'>efﬁcaciam</span> <span class='ocrx_word' id='word_1_408' title='bbox 1948 4151 2170 4221; x_wconf 67' lang='lat' dir='ltr'>gratiae,</span> 
     </span>
    </p>
   </div>
   <div class='ocr_carea' id='block_1_59' title="bbox 523 4218 2175 4292">
    <p class='ocr_par' dir='ltr' id='par_1_59' title="bbox 523 4218 2175 4292">
     <span class='ocr_line' id='line_1_59' title="bbox 523 4218 2175 4292; baseline 0.004 -21"><span class='ocrx_word' id='word_1_409' title='bbox 523 4218 789 4292; x_wconf 85' lang='lat' dir='ltr'>scribens</span> <span class='ocrx_word' id='word_1_410' title='bbox 822 4219 988 4274; x_wconf 91' lang='lat' dir='ltr'>initio</span> <span class='ocrx_word' id='word_1_411' title='bbox 1031 4218 1242 4292; x_wconf 81' lang='lat' dir='ltr'>capitis</span> <span class='ocrx_word' id='word_1_412' title='bbox 1282 4221 1352 4273; x_wconf 84' lang='lat'>26</span> <span class='ocrx_word' id='word_1_413' title='bbox 1385 4219 1484 4273; x_wconf 93' lang='lat' dir='ltr'>lib.</span> <span class='ocrx_word' id='word_1_414' title='bbox 1537 4236 1577 4275; x_wconf 91' lang='grc' dir='ltr'>ιι</span> <span class='ocrx_word' id='word_1_415' title='bbox 1629 4239 1642 4276; x_wconf 88' lang='lat'><strong>:</strong></span> <span class='ocrx_word' id='word_1_416' title='bbox 1689 4225 1901 4278; x_wconf 70' lang='lat' dir='ltr'>Gratia?</span> <span class='ocrx_word' id='word_1_417' title='bbox 1928 4218 2175 4292; x_wconf 66' lang='lat' dir='ltr'>ofﬁcium</span> 
     </span>
    </p>
   </div>
   <div class='ocr_carea' id='block_1_60' title="bbox 522 4289 2173 4360">
    <p class='ocr_par' dir='ltr' id='par_1_60' title="bbox 522 4289 2173 4360">
     <span class='ocr_line' id='line_1_60' title="bbox 522 4289 2173 4360; baseline 0.004 -17"><span class='ocrx_word' id='word_1_418' title='bbox 522 4294 575 4344; x_wconf 86' lang='lat' dir='ltr'>et</span> <span class='ocrx_word' id='word_1_419' title='bbox 613 4289 876 4358; x_wconf 64' lang='lat' dir='ltr'>efﬁcacia,</span> <span class='ocrx_word' id='word_1_420' title='bbox 909 4294 964 4342; x_wconf 90' lang='lat' dir='ltr'>et</span> <span class='ocrx_word' id='word_1_421' title='bbox 1011 4289 1285 4344; x_wconf 85' lang='lat' dir='ltr'>similiter</span> <span class='ocrx_word' id='word_1_422' title='bbox 1328 4292 1386 4344; x_wconf 90' lang='lat' dir='ltr'>in</span> <span class='ocrx_word' id='word_1_423' title='bbox 1438 4306 1564 4360; x_wconf 87' lang='lat' dir='ltr'>cap.</span> <span class='ocrx_word' id='word_1_424' title='bbox 1595 4293 1631 4345; x_wconf 90' lang='lat'><strong>7</strong></span> <span class='ocrx_word' id='word_1_425' title='bbox 1671 4293 1928 4357; x_wconf 64' lang='lat' dir='ltr'>epistolae</span> <span class='ocrx_word' id='word_1_426' title='bbox 1958 4289 2030 4348; x_wconf 75' lang='lat' dir='ltr'>ad</span> <span class='ocrx_word' id='word_1_427' title='bbox 2060 4295 2173 4350; x_wconf 90' lang='lat' dir='ltr'>De-</span> 
     </span>
    </p>
   </div>
   <div class='ocr_carea' id='block_1_61' title="bbox 525 4360 2176 4434">
    <p class='ocr_par' dir='ltr' id='par_1_61' title="bbox 525 4360 2176 4434">
     <span class='ocr_line' id='line_1_61' title="bbox 525 4360 2176 4434; baseline 0.003 -18"><span class='ocrx_word' id='word_1_428' title='bbox 525 4360 867 4434; x_wconf 79' lang='lat' dir='ltr'>metriadem</span> <span class='ocrx_word' id='word_1_429' title='bbox 903 4375 916 4434; x_wconf 72' lang='grc' dir='ltr'>ς</span> <span class='ocrx_word' id='word_1_430' title='bbox 949 4362 1142 4434; x_wconf 76' lang='lat' dir='ltr'>Potens</span> <span class='ocrx_word' id='word_1_431' title='bbox 1174 4361 1269 4414; x_wconf 87' lang='lat' dir='ltr'>Dei</span> <span class='ocrx_word' id='word_1_432' title='bbox 1296 4365 1545 4431; x_wconf 85' lang='lat' dir='ltr'>operatio</span> <span class='ocrx_word' id='word_1_433' title='bbox 1572 4367 1773 4433; x_wconf 86' lang='lat' dir='ltr'>gratia,</span> <span class='ocrx_word' id='word_1_434' title='bbox 1805 4366 2018 4434; x_wconf 90' lang='lat' dir='ltr'>quibus</span> <span class='ocrx_word' id='word_1_435' title='bbox 2049 4365 2176 4421; x_wconf 87' lang='lat' dir='ltr'>sola</span> 
     </span>
    </p>
   </div>
   <div class='ocr_carea' id='block_1_62' title="bbox 523 4411 2250 4508">
    <p class='ocr_par' dir='ltr' id='par_1_62' title="bbox 523 4411 2250 4508">
     <span class='ocr_line' id='line_1_62' title="bbox 523 4411 2250 4508; baseline 0.005 -23"><span class='ocrx_word' id='word_1_436' title='bbox 523 4433 727 4508; x_wconf 66' lang='lat' dir='ltr'>efficax</span> <span class='ocrx_word' id='word_1_437' title='bbox 770 4411 1353 4508; x_wconf 57' lang='lat' dir='ltr'>gratia__indioatur;r</span> <span class='ocrx_word' id='word_1_438' title='bbox 1385 4411 1598 4508; x_wconf 40' lang='lat' dir='ltr'>verum,</span> <span class='ocrx_word' id='word_1_439' title='bbox 1621 4411 2176 4508; x_wconf 34' lang='lat' dir='ltr'>etiamjawdwc-iipTl-g</span> <span class='ocrx_word' id='word_1_440' title='bbox 2200 4411 2250 4476; x_wconf 84' lang='lat' dir='ltr'>D</span> 
     </span>
    </p>
   </div>
   <div class='ocr_carea' id='block_1_63' title="bbox 523 4501 2175 4578">
    <p class='ocr_par' dir='ltr' id='par_1_63' title="bbox 523 4501 2175 4578">
     <span class='ocr_line' id='line_1_63' title="bbox 523 4501 2175 4578; baseline 0.003 -20"><span class='ocrx_word' id='word_1_441' title='bbox 523 4503 627 4560; x_wconf 88' lang='lat' dir='ltr'>lib.</span> <span class='ocrx_word' id='word_1_442' title='bbox 661 4521 700 4558; x_wconf 87' lang='grc' dir='ltr'>ιι</span> <span class='ocrx_word' id='word_1_443' title='bbox 734 4501 1063 4578; x_wconf 74' lang='lat' dir='ltr'>notaverit:</span> <span class='ocrx_word' id='word_1_444' title='bbox 1122 4503 1258 4556; x_wconf 86' lang='lat' dir='ltr'>Deus</span> <span class='ocrx_word' id='word_1_445' title='bbox 1301 4501 1395 4578; x_wconf 76' lang='lat' dir='ltr'>dat</span> <span class='ocrx_word' id='word_1_446' title='bbox 1437 4505 1721 4578; x_wconf 59' lang='lat' dir='ltr'>gratiam,</span> <span class='ocrx_word' id='word_1_447' title='bbox 1748 4521 1873 4575; x_wconf 55' lang='lat' dir='ltr'>qua</span> <span class='ocrx_word' id='word_1_448' title='bbox 1917 4501 2175 4578; x_wconf 74' lang='lat' dir='ltr'>superari</span> 
     </span>
    </p>
   </div>
   <div class='ocr_carea' id='block_1_64' title="bbox 521 4571 2169 4646">
    <p class='ocr_par' dir='ltr' id='par_1_64' title="bbox 521 4571 2169 4646">
     <span class='ocr_line' id='line_1_64' title="bbox 521 4571 2169 4646; baseline 0.004 -17"><span class='ocrx_word' id='word_1_449' title='bbox 521 4591 633 4629; x_wconf 86' lang='lat' dir='ltr'>non</span> <span class='ocrx_word' id='word_1_450' title='bbox 663 4576 871 4641; x_wconf 84' lang='lat' dir='ltr'>possit;</span> <span class='ocrx_word' id='word_1_451' title='bbox 900 4578 958 4627; x_wconf 93' lang='lat' dir='ltr'>et</span> <span class='ocrx_word' id='word_1_452' title='bbox 986 4571 1201 4628; x_wconf 90' lang='lat' dir='ltr'>iterum</span> <span class='ocrx_word' id='word_1_453' title='bbox 1251 4573 1327 4646; x_wconf 13' lang='lat' dir='ltr'>ad,</span> <span class='ocrx_word' id='word_1_454' title='bbox 1373 4571 1499 4644; x_wconf 88' lang='lat' dir='ltr'>cap.</span> <span class='ocrx_word' id='word_1_455' title='bbox 1558 4576 1626 4629; x_wconf 86' lang='lat'><strong>33</strong></span> <span class='ocrx_word' id='word_1_456' title='bbox 1675 4571 1934 4646; x_wconf 86' lang='lat' dir='ltr'>ejusdem</span> <span class='ocrx_word' id='word_1_457' title='bbox 1983 4571 2169 4635; x_wconf 70' lang='lat' dir='ltr'>libri:</span> 
     </span>
    </p>
   </div>
   <div class='ocr_carea' id='block_1_65' title="bbox 523 4645 2173 4719">
    <p class='ocr_par' dir='ltr' id='par_1_65' title="bbox 523 4645 2173 4719">
     <span class='ocr_line' id='line_1_65' title="bbox 523 4645 2173 4719; baseline 0.003 -19"><span class='ocrx_word' id='word_1_458' title='bbox 523 4647 677 4719; x_wconf 80' lang='lat' dir='ltr'>Nihil</span> <span class='ocrx_word' id='word_1_459' title='bbox 703 4647 961 4719; x_wconf 73' lang='lat' dir='ltr'>obsistere</span> <span class='ocrx_word' id='word_1_460' title='bbox 989 4646 1193 4713; x_wconf 71' lang='lat' dir='ltr'>gratiae</span> <span class='ocrx_word' id='word_1_461' title='bbox 1213 4645 1329 4719; x_wconf 24' lang='lat' dir='ltr'>ADei</span> <span class='ocrx_word' id='word_1_462' title='bbox 1359 4645 1715 4719; x_wconf 32' lang='lat' dir='ltr'>potgstLOuaa&#39;</span> <span class='ocrx_word' id='word_1_463' title='bbox 1744 4649 2173 4719; x_wconf 82' lang='lat' dir='ltr'>propositiones</span> 
     </span>
    </p>
   </div>
   <div class='ocr_carea' id='block_1_66' title="bbox 524 4665 2170 4791">
    <p class='ocr_par' dir='ltr' id='par_1_66' title="bbox 524 4665 2170 4791">
     <span class='ocr_line' id='line_1_66' title="bbox 524 4665 2170 4719; baseline 0.003 -19"><span class='ocrx_word' id='word_1_464' title='bbox 524 4665 677 4700; x_wconf 82' lang='lat' dir='ltr'>tvmu</span> <span class='ocrx_word' id='word_1_465' title='bbox 703 4665 961 4700; x_wconf 71' lang='grc' dir='ltr'>οοδισιενσ</span> <span class='ocrx_word' id='word_1_466' title='bbox 989 4665 1193 4713; x_wconf 65' lang='lat' dir='ltr'>grauat</span> <span class='ocrx_word' id='word_1_467' title='bbox 1227 4665 1326 4698; x_wconf 70' lang='grc' dir='ltr'>νει</span> <span class='ocrx_word' id='word_1_468' title='bbox 1359 4665 1545 4714; x_wconf 63' lang='lat' dir='ltr'>pateat.</span> <span class='ocrx_word' id='word_1_469' title='bbox 1577 4665 1710 4710; x_wconf 73' lang='grc' dir='ltr'>ῳιιεε</span> <span class='ocrx_word' id='word_1_470' title='bbox 1783 4665 2170 4719; x_wconf 68' lang='grc' dir='ltr'>ΓΟρΟΒΙῙσΙΟΠθΒ</span> 
     </span>
     <span class='ocr_line' id='line_1_67' title="bbox 524 4665 2170 4791; baseline 0.005 -22"><span class='ocrx_word' id='word_1_471' title='bbox 524 4715 690 4770; x_wconf 90' lang='lat' dir='ltr'>nulla</span> <span class='ocrx_word' id='word_1_472' title='bbox 719 4714 1060 4791; x_wconf 78' lang='lat' dir='ltr'>[imitatione</span> <span class='ocrx_word' id='word_1_473' title='bbox 1098 4715 1394 4791; x_wconf 70' lang='lat' dir='ltr'>explicatis</span> <span class='ocrx_word' id='word_1_474' title='bbox 1441 4715 1604 4791; x_wconf 81' lang='lat' dir='ltr'>facile</span> <span class='ocrx_word' id='word_1_475' title='bbox 1627 4665 1802 4791; x_wconf 37' lang='grc' dir='ltr'>Αιγιιῖζὶ</span> <span class='ocrx_word' id='word_1_476' title='bbox 1838 4728 2083 4791; x_wconf 88' lang='lat' dir='ltr'>possunt</span> <span class='ocrx_word' id='word_1_477' title='bbox 2111 4723 2170 4777; x_wconf 91' lang='lat' dir='ltr'>in</span> 
     </span>
    </p>
   </div>
   <div class='ocr_carea' id='block_1_67' title="bbox 521 4787 2174 4857">
    <p class='ocr_par' dir='ltr' id='par_1_67' title="bbox 521 4787 2174 4857">
     <span class='ocr_line' id='line_1_68' title="bbox 521 4787 2174 4857; baseline 0.006 -18"><span class='ocrx_word' id='word_1_478' title='bbox 521 4788 976 4857; x_wconf 83' lang='lat' dir='ltr'>propositionem</span> <span class='ocrx_word' id='word_1_479' title='bbox 1025 4787 1442 4843; x_wconf 87' lang='lat' dir='ltr'>Jansenianam</span> <span class='ocrx_word' id='word_1_480' title='bbox 1493 4789 1565 4843; x_wconf 88' lang='lat' dir='ltr'>ab</span> <span class='ocrx_word' id='word_1_481' title='bbox 1627 4787 1879 4846; x_wconf 70' lang='lat' dir='ltr'>Ecclesia</span> <span class='ocrx_word' id='word_1_482' title='bbox 1927 4792 2174 4849; x_wconf 86' lang='lat' dir='ltr'>damna-</span> 
     </span>
    </p>
   </div>
   <div class='ocr_carea' id='block_1_68' title="bbox 524 4861 2171 4930">
    <p class='ocr_par' dir='ltr' id='par_1_68' title="bbox 524 4861 2171 4930">
     <span class='ocr_line' id='line_1_69' title="bbox 524 4861 2171 4930; baseline 0.006 -18"><span class='ocrx_word' id='word_1_483' title='bbox 524 4861 643 4930; x_wconf 85' lang='lat' dir='ltr'>tam</span> <span class='ocrx_word' id='word_1_484' title='bbox 681 4873 693 4910; x_wconf 90' lang='lat'>:</span> <span class='ocrx_word' id='word_1_485' title='bbox 727 4862 982 4914; x_wconf 84' lang='lat' dir='ltr'>Interiori</span> <span class='ocrx_word' id='word_1_486' title='bbox 1009 4863 1205 4929; x_wconf 73' lang='lat' dir='ltr'>gratiae</span> <span class='ocrx_word' id='word_1_487' title='bbox 1243 4877 1545 4930; x_wconf 84' lang='lat' dir='ltr'>numquam</span> <span class='ocrx_word' id='word_1_488' title='bbox 1579 4863 1846 4917; x_wconf 82' lang='lat' dir='ltr'>resistitus</span> <span class='ocrx_word' id='word_1_489' title='bbox 1866 4880 1886 4923; x_wconf 77' lang='lat'>,&#39;</span> <span class='ocrx_word' id='word_1_490' title='bbox 1918 4881 2024 4920; x_wconf 79' lang='lat' dir='ltr'>nec</span> <span class='ocrx_word' id='word_1_491' title='bbox 2057 4883 2171 4921; x_wconf 91' lang='lat' dir='ltr'>non</span> 
     </span>
    </p>
   </div>
   <div class='ocr_carea' id='block_1_69' title="bbox 522 4929 2170 5006">
    <p class='ocr_par' dir='ltr' id='par_1_69' title="bbox 522 4929 2170 5006">
     <span class='ocr_line' id='line_1_70' title="bbox 522 4929 2170 5006; baseline 0.006 -22"><span class='ocrx_word' id='word_1_492' title='bbox 522 4929 583 4984; x_wconf 92' lang='lat' dir='ltr'>in</span> <span class='ocrx_word' id='word_1_493' title='bbox 634 4945 867 5006; x_wconf 80' lang='lat' dir='ltr'>propos.</span> <span class='ocrx_word' id='word_1_494' title='bbox 921 4933 1292 5006; x_wconf 86' lang='lat' dir='ltr'>10__ejusdem</span> <span class='ocrx_word' id='word_1_495' title='bbox 1341 4929 1631 5006; x_wconf 84' lang='lat' dir='ltr'>Quesnelli</span> <span class='ocrx_word' id='word_1_496' title='bbox 1677 4935 2060 5006; x_wconf 88' lang='lat' dir='ltr'>proscriptam</span> <span class='ocrx_word' id='word_1_497' title='bbox 2111 4939 2170 4994; x_wconf 91' lang='lat' dir='ltr'>in</span> 
     </span>
    </p>
   </div>
   <div class='ocr_carea' id='block_1_70' title="bbox 523 5001 2174 5075">
    <p class='ocr_par' dir='ltr' id='par_1_70' title="bbox 523 5001 2174 5075">
     <span class='ocr_line' id='line_1_71' title="bbox 523 5001 2174 5075; baseline 0.004 -18"><span class='ocrx_word' id='word_1_498' title='bbox 523 5001 938 5075; x_wconf 78' lang='lat' dir='ltr'>constitutione</span> <span class='ocrx_word' id='word_1_499' title='bbox 986 5004 1305 5066; x_wconf 74' lang='lat' dir='ltr'>Uniqenims</span> <span class='ocrx_word' id='word_1_500' title='bbox 1336 5022 1352 5057; x_wconf 89' lang='lat'><em>:</em></span> <span class='ocrx_word' id='word_1_501' title='bbox 1387 5003 1570 5057; x_wconf 80' lang='lat' dir='ltr'>Gratia</span> <span class='ocrx_word' id='word_1_502' title='bbox 1601 5001 1689 5057; x_wconf 76' lang='lat' dir='ltr'>est</span> <span class='ocrx_word' id='word_1_503' title='bbox 1705 5001 1948 5075; x_wconf 74' lang='lat' dir='ltr'>operatio</span> <span class='ocrx_word' id='word_1_504' title='bbox 1977 5027 2174 5065; x_wconf 85' lang='lat' dir='ltr'>manus</span> 
     </span>
    </p>
   </div>
   <div class='ocr_carea' id='block_1_71' title="bbox 523 5074 2172 5149">
    <p class='ocr_par' dir='ltr' id='par_1_71' title="bbox 523 5074 2172 5149">
     <span class='ocr_line' id='line_1_72' title="bbox 523 5074 2172 5149; baseline 0.003 -20"><span class='ocrx_word' id='word_1_505' title='bbox 523 5074 914 5149; x_wconf 76' lang='lat' dir='ltr'>omnipotentis</span> <span class='ocrx_word' id='word_1_506' title='bbox 943 5075 1056 5132; x_wconf 82' lang='lat' dir='ltr'>Dei,</span> <span class='ocrx_word' id='word_1_507' title='bbox 1090 5091 1251 5149; x_wconf 79' lang='lat' dir='ltr'>quam</span> <span class='ocrx_word' id='word_1_508' title='bbox 1282 5077 1424 5149; x_wconf 72' lang='lat' dir='ltr'>nihil</span> <span class='ocrx_word' id='word_1_509' title='bbox 1458 5074 1924 5149; x_wconf 75' lang='lat' dir='ltr'>impertirepotest</span> <span class='ocrx_word' id='word_1_510' title='bbox 1949 5087 2050 5136; x_wconf 85' lang='lat' dir='ltr'>aut</span> <span class='ocrx_word' id='word_1_511' title='bbox 2083 5100 2172 5134; x_wconf 79' lang='lat' dir='ltr'>re-</span> 
     </span>
    </p>
   </div>
   <div class='ocr_carea' id='block_1_72' title="bbox 523 5145 2172 5214">
    <p class='ocr_par' dir='ltr' id='par_1_72' title="bbox 523 5145 2172 5214">
     <span class='ocr_line' id='line_1_73' title="bbox 523 5145 2172 5214; baseline 0.002 -13"><span class='ocrx_word' id='word_1_512' title='bbox 523 5145 786 5207; x_wconf 82' lang='lat' dir='ltr'>tardare;</span> <span class='ocrx_word' id='word_1_513' title='bbox 812 5151 870 5199; x_wconf 88' lang='lat' dir='ltr'>et</span> <span class='ocrx_word' id='word_1_514' title='bbox 901 5145 957 5197; x_wconf 90' lang='lat' dir='ltr'>in</span> <span class='ocrx_word' id='word_1_515' title='bbox 992 5160 1156 5214; x_wconf 87' lang='lat' dir='ltr'>prop.</span> <span class='ocrx_word' id='word_1_516' title='bbox 1187 5147 1247 5199; x_wconf 79' lang='lat'>13</span> <span class='ocrx_word' id='word_1_517' title='bbox 1273 5162 1284 5198; x_wconf 92' lang='lat'><strong>:</strong></span> <span class='ocrx_word' id='word_1_518' title='bbox 1311 5147 1578 5212; x_wconf 79' lang='lat' dir='ltr'>Quomodo</span> <span class='ocrx_word' id='word_1_519' title='bbox 1611 5145 1898 5205; x_wconf 53' lang='lat' dir='ltr'>Deus&#39;vult</span> <span class='ocrx_word' id='word_1_520' title='bbox 1927 5157 2172 5207; x_wconf 81' lang='lat' dir='ltr'>animum</span> 
     </span>
    </p>
   </div>
   <div class='ocr_carea' id='block_1_73' title="bbox 522 5216 2170 5292">
    <p class='ocr_par' dir='ltr' id='par_1_73' title="bbox 522 5216 2170 5292">
     <span class='ocr_line' id='line_1_74' title="bbox 522 5216 2170 5292; baseline 0.004 -19"><span class='ocrx_word' id='word_1_521' title='bbox 522 5219 732 5273; x_wconf 87' lang='lat' dir='ltr'>salvam</span> <span class='ocrx_word' id='word_1_522' title='bbox 780 5216 982 5292; x_wconf 70' lang='lat' dir='ltr'>facere,</span> <span class='ocrx_word' id='word_1_523' title='bbox 1013 5220 1073 5292; x_wconf 75' lang='lat' dir='ltr'>et</span> <span class='ocrx_word' id='word_1_524' title='bbox 1113 5231 1238 5292; x_wconf 80' lang='lat' dir='ltr'>eam</span> <span class='ocrx_word' id='word_1_525' title='bbox 1287 5221 1465 5289; x_wconf 88' lang='lat' dir='ltr'>tangit</span> <span class='ocrx_word' id='word_1_526' title='bbox 1509 5222 1768 5277; x_wconf 86' lang='lat' dir='ltr'>interiori</span> <span class='ocrx_word' id='word_1_527' title='bbox 1813 5225 2017 5292; x_wconf 67' lang='lat' dir='ltr'>gratiae</span> <span class='ocrx_word' id='word_1_528' title='bbox 2053 5237 2170 5280; x_wconf 66' lang='lat' dir='ltr'>suae</span> 
     </span>
    </p>
   </div>
   <div class='ocr_carea' id='block_1_74' title="bbox 523 5286 1799 5354">
    <p class='ocr_par' dir='ltr' id='par_1_74' title="bbox 523 5286 1799 5354">
     <span class='ocr_line' id='line_1_75' title="bbox 523 5286 1799 5354; baseline 0 -9"><span class='ocrx_word' id='word_1_529' title='bbox 523 5306 718 5354; x_wconf 87' lang='lat' dir='ltr'>manu,</span> <span class='ocrx_word' id='word_1_530' title='bbox 751 5286 906 5342; x_wconf 83' lang='lat' dir='ltr'>nulla</span> <span class='ocrx_word' id='word_1_531' title='bbox 937 5286 1186 5341; x_wconf 83' lang='lat' dir='ltr'>voluntas</span> <span class='ocrx_word' id='word_1_532' title='bbox 1215 5286 1459 5344; x_wconf 82' lang='lat' dir='ltr'>humana</span> <span class='ocrx_word' id='word_1_533' title='bbox 1486 5294 1538 5346; x_wconf 88' lang='lat' dir='ltr'>ei</span> <span class='ocrx_word' id='word_1_534' title='bbox 1571 5295 1799 5347; x_wconf 80' lang='lat' dir='ltr'>resistit.</span> 
     </span>
    </p>
   </div>
   <div class='ocr_carea' id='block_1_75' title="bbox 591 5357 2169 5432">
    <p class='ocr_par' dir='ltr' id='par_1_75' title="bbox 591 5357 2169 5432">
     <span class='ocr_line' id='line_1_76' title="bbox 591 5357 2169 5432; baseline 0.001 -16"><span class='ocrx_word' id='word_1_535' title='bbox 591 5365 682 5418; x_wconf 83' lang='lat'>22.</span> <span class='ocrx_word' id='word_1_536' title='bbox 705 5361 790 5416; x_wconf 86' lang='lat' dir='ltr'>Ab</span> <span class='ocrx_word' id='word_1_537' title='bbox 816 5359 920 5414; x_wconf 87' lang='lat' dir='ltr'>hac</span> <span class='ocrx_word' id='word_1_538' title='bbox 941 5363 1133 5432; x_wconf 66' lang='lat' dir='ltr'>autem</span> <span class='ocrx_word' id='word_1_539' title='bbox 1159 5357 1434 5413; x_wconf 84' lang='lat' dir='ltr'>damnata</span> <span class='ocrx_word' id='word_1_540' title='bbox 1456 5364 1736 5417; x_wconf 81' lang='lat' dir='ltr'>sententia</span> <span class='ocrx_word' id='word_1_541' title='bbox 1761 5369 2043 5432; x_wconf 89' lang='lat' dir='ltr'>quantum</span> <span class='ocrx_word' id='word_1_542' title='bbox 2069 5364 2169 5418; x_wconf 87' lang='lat' dir='ltr'>ab-</span> 
     </span>
    </p>
   </div>
   <div class='ocr_carea' id='block_1_76' title="bbox 521 5427 2171 5505">
    <p class='ocr_par' dir='ltr' id='par_1_76' title="bbox 521 5427 2171 5505">
     <span class='ocr_line' id='line_1_77' title="bbox 521 5427 2171 5505; baseline 0.001 -16"><span class='ocrx_word' id='word_1_543' title='bbox 521 5433 756 5491; x_wconf 86' lang='lat' dir='ltr'>horreat</span> <span class='ocrx_word' id='word_1_544' title='bbox 798 5437 1002 5488; x_wconf 87' lang='lat' dir='ltr'>auotor</span> <span class='ocrx_word' id='word_1_545' title='bbox 1050 5427 1326 5505; x_wconf 79' lang='lat' dir='ltr'>librorum</span> <span class='ocrx_word' id='word_1_546' title='bbox 1361 5432 1431 5505; x_wconf 76' lang='lat' dir='ltr'>de</span> <span class='ocrx_word' id='word_1_547' title='bbox 1473 5427 1795 5489; x_wconf 54' lang='lat' dir='ltr'>Vocatione&#39;</span> <span class='ocrx_word' id='word_1_548' title='bbox 1829 5435 1998 5505; x_wconf 89' lang='lat' dir='ltr'>plura</span> <span class='ocrx_word' id='word_1_549' title='bbox 2043 5436 2171 5504; x_wconf 80' lang='lat' dir='ltr'>eius</span> 
     </span>
    </p>
   </div>
   <div class='ocr_carea' id='block_1_77' title="bbox 521 5501 2171 5582">
    <p class='ocr_par' dir='ltr' id='par_1_77' title="bbox 521 5501 2171 5582">
     <span class='ocr_line' id='line_1_78' title="bbox 521 5501 2171 5582; baseline -0.001 -20"><span class='ocrx_word' id='word_1_550' title='bbox 521 5506 864 5582; x_wconf 75' lang='lat' dir='ltr'>testimonia</span> <span class='ocrx_word' id='word_1_551' title='bbox 894 5501 1242 5582; x_wconf 71' lang='lat' dir='ltr'>ostendunt,</span> <span class='ocrx_word' id='word_1_552' title='bbox 1275 5503 1512 5582; x_wconf 40' lang='lat' dir='ltr'>.quibus</span> <span class='ocrx_word' id='word_1_553' title='bbox 1552 5501 2171 5582; x_wconf 65' lang='lat' dir='ltr'>nullampostillama</span> 
     </span>
    </p>
   </div>
   <div class='ocr_carea' id='block_1_78' title="bbox 522 5573 2171 5649">
    <p class='ocr_par' dir='ltr' id='par_1_78' title="bbox 522 5573 2171 5649">
     <span class='ocr_line' id='line_1_79' title="bbox 522 5573 2171 5649; baseline 0.002 -19"><span class='ocrx_word' id='word_1_554' title='bbox 522 5577 833 5649; x_wconf 84' lang='lat' dir='ltr'>Quesnello</span> <span class='ocrx_word' id='word_1_555' title='bbox 851 5575 1082 5649; x_wconf 78' lang='lat' dir='ltr'>afﬁxam</span> <span class='ocrx_word' id='word_1_556' title='bbox 1098 5573 1687 5649; x_wconf 38' lang='lat' dir='ltr'>invenimusilflotavit</span> <span class='ocrx_word' id='word_1_557' title='bbox 1702 5573 1939 5649; x_wconf 80' lang='lat' dir='ltr'>quidem</span> <span class='ocrx_word' id='word_1_558' title='bbox 1956 5577 2171 5633; x_wconf 88' lang='lat' dir='ltr'>alicubi</span> 
     </span>
    </p>
   </div>
   <div class='ocr_carea' id='block_1_79' title="bbox 524 5644 2172 5734">
    <p class='ocr_par' dir='ltr' id='par_1_79' title="bbox 524 5644 2172 5734">
     <span class='ocr_line' id='line_1_80' title="bbox 524 5644 2172 5734; baseline 0.003 -33"><span class='ocrx_word' id='word_1_559' title='bbox 524 5647 872 5734; x_wconf 76' lang='lat' dir='ltr'>auxiliorum</span> <span class='ocrx_word' id='word_1_560' title='bbox 899 5645 1248 5734; x_wconf 43' lang='lat' dir='ltr'>o-xteriorum.</span> <span class='ocrx_word' id='word_1_561' title='bbox 1293 5644 1796 5734; x_wconf 65' lang='lat' dir='ltr'>inoufﬁcientioin,</span> <span class='ocrx_word' id='word_1_562' title='bbox 1815 5653 2172 5734; x_wconf 43' lang='lat' dir='ltr'>.et.potesta-</span> 
     </span>
    </p>
   </div>
   <div class='ocr_carea' id='block_1_80' title="bbox 524 5716 2172 5791">
    <p class='ocr_par' dir='ltr' id='par_1_80' title="bbox 524 5716 2172 5791">
     <span class='ocr_line' id='line_1_81' title="bbox 524 5716 2172 5791; baseline 0.004 -19"><span class='ocrx_word' id='word_1_563' title='bbox 524 5721 646 5791; x_wconf 81' lang='lat' dir='ltr'>tem</span> <span class='ocrx_word' id='word_1_564' title='bbox 676 5719 854 5774; x_wconf 89' lang='lat' dir='ltr'>etiam</span> <span class='ocrx_word' id='word_1_565' title='bbox 885 5716 1258 5791; x_wconf 78' lang='lat' dir='ltr'>dissentienti</span> <span class='ocrx_word' id='word_1_566' title='bbox 1280 5716 1826 5791; x_wconf 74' lang='lat' dir='ltr'>subgratiaefﬁcaci</span> <span class='ocrx_word' id='word_1_567' title='bbox 1853 5716 2052 5791; x_wconf 88' lang='lat' dir='ltr'>aliqua</span> <span class='ocrx_word' id='word_1_568' title='bbox 2078 5739 2172 5778; x_wconf 85' lang='lat' dir='ltr'>ra-</span> 
     </span>
    </p>
   </div>
   <div class='ocr_carea' id='block_1_81' title="bbox 523 5787 2176 5864">
    <p class='ocr_par' dir='ltr' id='par_1_81' title="bbox 523 5787 2176 5864">
     <span class='ocr_line' id='line_1_82' title="bbox 523 5787 2176 5864; baseline 0.004 -16"><span class='ocrx_word' id='word_1_569' title='bbox 523 5788 684 5850; x_wconf 81' lang='lat' dir='ltr'>tione</span> <span class='ocrx_word' id='word_1_570' title='bbox 712 5788 941 5849; x_wconf 80' lang='lat' dir='ltr'>notevit</span> <span class='ocrx_word' id='word_1_571' title='bbox 967 5788 1031 5850; x_wconf 87' lang='lat' dir='ltr'>in</span> <span class='ocrx_word' id='word_1_572' title='bbox 1076 5805 1206 5864; x_wconf 80' lang='lat' dir='ltr'>cap.</span> <span class='ocrx_word' id='word_1_573' title='bbox 1232 5790 1307 5852; x_wconf 84' lang='lat'>28</span> <span class='ocrx_word' id='word_1_574' title='bbox 1333 5787 1438 5855; x_wconf 71' lang='lat' dir='ltr'>liti.</span> <span class='ocrx_word' id='word_1_575' title='bbox 1468 5803 1513 5852; x_wconf 82' lang='grc' dir='ltr'>ιι</span> <span class='ocrx_word' id='word_1_576' title='bbox 1537 5787 1648 5853; x_wconf 80' lang='lat' dir='ltr'>his</span> <span class='ocrx_word' id='word_1_577' title='bbox 1661 5787 1857 5854; x_wconf 76' lang='lat' dir='ltr'>verbis</span> <span class='ocrx_word' id='word_1_578' title='bbox 1889 5806 1905 5851; x_wconf 87' lang='lat'><strong>:</strong></span> <span class='ocrx_word' id='word_1_579' title='bbox 1933 5787 2176 5855; x_wconf 74' lang='lat' dir='ltr'>Potestas</span> 
     </span>
    </p>
   </div>
   <div class='ocr_carea' id='block_1_82' title="bbox 2269 372 3804 443">
    <p class='ocr_par' dir='ltr' id='par_1_82' title="bbox 2269 372 3804 443">
     <span class='ocr_line' id='line_1_83' title="bbox 2269 372 3804 443; baseline 0.001 -14"><span class='ocrx_word' id='word_1_580' title='bbox 2269 383 2464 429; x_wconf 88' lang='lat' dir='ltr'>autem</span> <span class='ocrx_word' id='word_1_581' title='bbox 2497 380 2695 443; x_wconf 89' lang='lat' dir='ltr'>aperte</span> <span class='ocrx_word' id='word_1_582' title='bbox 2744 374 3019 427; x_wconf 88' lang='lat' dir='ltr'>indicavit</span> <span class='ocrx_word' id='word_1_583' title='bbox 3060 372 3372 427; x_wconf 88' lang='lat' dir='ltr'>dissensum</span> <span class='ocrx_word' id='word_1_584' title='bbox 3401 389 3459 427; x_wconf 88' lang='lat' dir='ltr'>ac</span> <span class='ocrx_word' id='word_1_585' title='bbox 3483 375 3804 432; x_wconf 72' lang='lat' dir='ltr'>resistentium</span> 
     </span>
    </p>
   </div>
   <div class='ocr_carea' id='block_1_83' title="bbox 2266 443 3807 516">
    <p class='ocr_par' dir='ltr' id='par_1_83' title="bbox 2266 443 3807 516">
     <span class='ocr_line' id='line_1_84' title="bbox 2266 443 3807 516; baseline 0.003 -18"><span class='ocrx_word' id='word_1_586' title='bbox 2266 446 2465 516; x_wconf 80' lang='lat' dir='ltr'>gratias</span> <span class='ocrx_word' id='word_1_587' title='bbox 2500 447 2761 511; x_wconf 81' lang='lat' dir='ltr'>internas,</span> <span class='ocrx_word' id='word_1_588' title='bbox 2792 443 3022 516; x_wconf 86' lang='lat' dir='ltr'>etiamsi</span> <span class='ocrx_word' id='word_1_589' title='bbox 3049 444 3278 499; x_wconf 85' lang='lat' dir='ltr'>nonulla</span> <span class='ocrx_word' id='word_1_590' title='bbox 3305 443 3422 516; x_wconf 82' lang='lat' dir='ltr'>loca</span> <span class='ocrx_word' id='word_1_591' title='bbox 3447 444 3576 499; x_wconf 85' lang='lat' dir='ltr'>hanc</span> <span class='ocrx_word' id='word_1_592' title='bbox 3596 463 3807 516; x_wconf 80' lang='lat' dir='ltr'>expresse</span> 
     </span>
    </p>
   </div>
   <div class='ocr_carea' id='block_1_84' title="bbox 2267 515 3808 586">
    <p class='ocr_par' dir='ltr' id='par_1_84' title="bbox 2267 515 3808 586">
     <span class='ocr_line' id='line_1_85' title="bbox 2267 515 3808 586; baseline 0.001 -15"><span class='ocrx_word' id='word_1_593' title='bbox 2267 515 2746 571; x_wconf 83' lang='lat' dir='ltr'>commemorent.</span> <span class='ocrx_word' id='word_1_594' title='bbox 2760 515 3133 586; x_wconf 84' lang='lat' dir='ltr'>Perspicuum</span> <span class='ocrx_word' id='word_1_595' title='bbox 3146 523 3230 570; x_wconf 87' lang='lat' dir='ltr'>est</span> <span class='ocrx_word' id='word_1_596' title='bbox 3244 515 3607 586; x_wconf 84' lang='lat' dir='ltr'>testimonium</span> <span class='ocrx_word' id='word_1_597' title='bbox 3625 515 3729 585; x_wconf 85' lang='lat' dir='ltr'>ejus</span> <span class='ocrx_word' id='word_1_598' title='bbox 3744 535 3808 572; x_wconf 76' lang='lat' dir='ltr'>ca-</span> 
     </span>
    </p>
   </div>
   <div class='ocr_carea' id='block_1_85' title="bbox 2268 585 3804 658">
    <p class='ocr_par' dir='ltr' id='par_1_85' title="bbox 2268 585 3804 658">
     <span class='ocr_line' id='line_1_86' title="bbox 2268 585 3804 658; baseline 0.001 -18"><span class='ocrx_word' id='word_1_599' title='bbox 2268 589 2404 658; x_wconf 87' lang='lat' dir='ltr'>pitis</span> <span class='ocrx_word' id='word_1_600' title='bbox 2437 588 2504 642; x_wconf 75' lang='lat'>26</span> <span class='ocrx_word' id='word_1_601' title='bbox 2523 588 2622 641; x_wconf 87' lang='lat' dir='ltr'>lib.</span> <span class='ocrx_word' id='word_1_602' title='bbox 2647 603 2709 651; x_wconf 88' lang='grc' dir='ltr'>ιι,</span> <span class='ocrx_word' id='word_1_603' title='bbox 2734 589 2835 641; x_wconf 89' lang='lat' dir='ltr'>ubi</span> <span class='ocrx_word' id='word_1_604' title='bbox 2861 585 3201 652; x_wconf 23' lang='lat' dir='ltr'>Q’uesnellus</span> <span class='ocrx_word' id='word_1_605' title='bbox 3226 588 3536 641; x_wconf 87' lang='lat' dir='ltr'>annotavit:</span> <span class='ocrx_word' id='word_1_606' title='bbox 3559 585 3804 654; x_wconf 63' lang='lat' dir='ltr'>Gratiae/-</span> 
     </span>
    </p>
   </div>
   <div class='ocr_carea' id='block_1_86' title="bbox 2263 658 3809 729">
    <p class='ocr_par' dir='ltr' id='par_1_86' title="bbox 2263 658 3809 729">
     <span class='ocr_line' id='line_1_87' title="bbox 2263 658 3809 729; baseline 0.002 -17"><span class='ocrx_word' id='word_1_607' title='bbox 2263 660 2454 729; x_wconf 77' lang='lat' dir='ltr'>ﬁcium</span> <span class='ocrx_word' id='word_1_608' title='bbox 2474 668 2528 712; x_wconf 87' lang='lat' dir='ltr'>et</span> <span class='ocrx_word' id='word_1_609' title='bbox 2549 658 2814 727; x_wconf 79' lang='lat' dir='ltr'>efﬁcacia.</span> <span class='ocrx_word' id='word_1_610' title='bbox 2841 663 3148 728; x_wconf 86' lang='lat' dir='ltr'>Postquam</span> <span class='ocrx_word' id='word_1_611' title='bbox 3177 659 3327 713; x_wconf 85' lang='lat' dir='ltr'>enim</span> <span class='ocrx_word' id='word_1_612' title='bbox 3356 665 3542 712; x_wconf 85' lang='lat' dir='ltr'>auctor</span> <span class='ocrx_word' id='word_1_613' title='bbox 3565 660 3809 715; x_wconf 80' lang='lat' dir='ltr'>alﬁrmavit</span> 
     </span>
    </p>
   </div>
   <div class='ocr_carea' id='block_1_87' title="bbox 2269 728 3814 798">
    <p class='ocr_par' dir='ltr' id='par_1_87' title="bbox 2269 728 3814 798">
     <span class='ocr_line' id='line_1_88' title="bbox 2269 728 3814 798; baseline -0.001 -13"><span class='ocrx_word' id='word_1_614' title='bbox 2269 731 2740 785; x_wconf 86' lang='lat' dir='ltr'>abundantiorem</span> <span class='ocrx_word' id='word_1_615' title='bbox 2759 732 3004 798; x_wconf 84' lang='lat' dir='ltr'>gratiam</span> <span class='ocrx_word' id='word_1_616' title='bbox 3019 730 3100 784; x_wconf 87' lang='lat' dir='ltr'>ita</span> <span class='ocrx_word' id='word_1_617' title='bbox 3125 746 3246 784; x_wconf 85' lang='lat' dir='ltr'>esse</span> <span class='ocrx_word' id='word_1_618' title='bbox 3275 731 3558 795; x_wconf 78' lang='lat' dir='ltr'>benignam,</span> <span class='ocrx_word' id='word_1_619' title='bbox 3571 728 3645 782; x_wconf 91' lang='lat' dir='ltr'>vel</span> <span class='ocrx_word' id='word_1_620' title='bbox 3663 731 3814 798; x_wconf 80' lang='lat' dir='ltr'>(utilis</span> 
     </span>
    </p>
   </div>
   <div class='ocr_carea' id='block_1_88' title="bbox 2264 801 3808 872">
    <p class='ocr_par' dir='ltr' id='par_1_88' title="bbox 2264 801 3808 872">
     <span class='ocr_line' id='line_1_89' title="bbox 2264 801 3808 872; baseline 0 -17"><span class='ocrx_word' id='word_1_621' title='bbox 2264 801 2424 872; x_wconf 80' lang='lat' dir='ltr'>legit)</span> <span class='ocrx_word' id='word_1_622' title='bbox 2455 805 2813 871; x_wconf 88' lang='lat' dir='ltr'>potentem,ut</span> <span class='ocrx_word' id='word_1_623' title='bbox 2841 802 2999 855; x_wconf 88' lang='lat' dir='ltr'>nullo</span> <span class='ocrx_word' id='word_1_624' title='bbox 3023 801 3172 856; x_wconf 85' lang='lat' dir='ltr'>modo</span> <span class='ocrx_word' id='word_1_625' title='bbox 3199 802 3514 872; x_wconf 82' lang='lat' dir='ltr'>arbitremur</span> <span class='ocrx_word' id='word_1_626' title='bbox 3537 815 3635 872; x_wconf 80' lang='lat' dir='ltr'>esse</span> <span class='ocrx_word' id='word_1_627' title='bbox 3649 805 3808 855; x_wconf 74' lang='lat' dir='ltr'>violen-</span> 
     </span>
    </p>
   </div>
   <div class='ocr_carea' id='block_1_89' title="bbox 2267 870 3812 943">
    <p class='ocr_par' dir='ltr' id='par_1_89' title="bbox 2267 870 3812 943">
     <span class='ocr_line' id='line_1_90' title="bbox 2267 870 3812 943; baseline 0.001 -17"><span class='ocrx_word' id='word_1_628' title='bbox 2267 870 2414 934; x_wconf 65' lang='lat' dir='ltr'>tam,</span> <span class='ocrx_word' id='word_1_629' title='bbox 2433 870 2742 943; x_wconf 83' lang='lat' dir='ltr'>descriptis</span> <span class='ocrx_word' id='word_1_630' title='bbox 2765 873 2938 926; x_wconf 85' lang='lat' dir='ltr'>variis</span> <span class='ocrx_word' id='word_1_631' title='bbox 2962 873 3218 940; x_wconf 81' lang='lat' dir='ltr'>ejusdem</span> <span class='ocrx_word' id='word_1_632' title='bbox 3241 870 3428 943; x_wconf 60' lang='lat' dir='ltr'>gratiis</span> <span class='ocrx_word' id='word_1_633' title='bbox 3447 871 3603 925; x_wconf 86' lang='lat' dir='ltr'>etiam</span> <span class='ocrx_word' id='word_1_634' title='bbox 3626 871 3812 927; x_wconf 82' lang='lat' dir='ltr'>internis</span> 
     </span>
    </p>
   </div>
   <div class='ocr_carea' id='block_1_90' title="bbox 2267 942 3813 1014">
    <p class='ocr_par' dir='ltr' id='par_1_90' title="bbox 2267 942 3813 1014">
     <span class='ocr_line' id='line_1_91' title="bbox 2267 942 3813 1014; baseline -0.001 -16"><span class='ocrx_word' id='word_1_635' title='bbox 2267 942 2593 1014; x_wconf 85' lang='lat' dir='ltr'>epitulandi</span> <span class='ocrx_word' id='word_1_636' title='bbox 2617 943 3037 1008; x_wconf 89' lang='lat' dir='ltr'>modis,subdit</span> <span class='ocrx_word' id='word_1_637' title='bbox 3059 961 3072 998; x_wconf 90' lang='lat'><strong>:</strong></span> <span class='ocrx_word' id='word_1_638' title='bbox 3098 943 3222 1010; x_wconf 60' lang='lat' dir='ltr'>Qua</span> <span class='ocrx_word' id='word_1_639' title='bbox 3236 942 3505 1010; x_wconf 81' lang='lat' dir='ltr'>cpitulatio</span> <span class='ocrx_word' id='word_1_640' title='bbox 3520 958 3606 1014; x_wconf 85' lang='lat' dir='ltr'>per</span> <span class='ocrx_word' id='word_1_641' title='bbox 3621 943 3813 998; x_wconf 82' lang='lat' dir='ltr'>innume-</span> 
     </span>
    </p>
   </div>
   <div class='ocr_carea' id='block_1_91' title="bbox 2265 1013 3813 1081">
    <p class='ocr_par' dir='ltr' id='par_1_91' title="bbox 2265 1013 3813 1081">
     <span class='ocr_line' id='line_1_92' title="bbox 2265 1013 3813 1081; baseline -0.001 -12"><span class='ocrx_word' id='word_1_642' title='bbox 2265 1013 2353 1069; x_wconf 89' lang='lat' dir='ltr'>ros</span> <span class='ocrx_word' id='word_1_643' title='bbox 2381 1014 2566 1069; x_wconf 86' lang='lat' dir='ltr'>madas</span> <span class='ocrx_word' id='word_1_644' title='bbox 2595 1017 2709 1068; x_wconf 79' lang='lat' dir='ltr'>sive</span> <span class='ocrx_word' id='word_1_645' title='bbox 2737 1017 2972 1069; x_wconf 89' lang='lat' dir='ltr'>occultos</span> <span class='ocrx_word' id='word_1_646' title='bbox 2989 1018 3104 1070; x_wconf 83' lang='lat' dir='ltr'>sive</span> <span class='ocrx_word' id='word_1_647' title='bbox 3116 1015 3424 1081; x_wconf 82' lang='lat' dir='ltr'>manifestos</span> <span class='ocrx_word' id='word_1_648' title='bbox 3449 1013 3675 1068; x_wconf 86' lang='lat' dir='ltr'>omnibus</span> <span class='ocrx_word' id='word_1_649' title='bbox 3695 1014 3813 1068; x_wconf 78' lang='lat' dir='ltr'>adhi-</span> 
     </span>
    </p>
   </div>
   <div class='ocr_carea' id='block_1_92' title="bbox 2267 1085 3817 1156">
    <p class='ocr_par' dir='ltr' id='par_1_92' title="bbox 2267 1085 3817 1156">
     <span class='ocr_line' id='line_1_93' title="bbox 2267 1085 3817 1156; baseline -0.001 -16"><span class='ocrx_word' id='word_1_650' title='bbox 2267 1086 2448 1146; x_wconf 85' lang='lat' dir='ltr'>betur;</span> <span class='ocrx_word' id='word_1_651' title='bbox 2463 1092 2512 1140; x_wconf 88' lang='lat' dir='ltr'>et</span> <span class='ocrx_word' id='word_1_652' title='bbox 2536 1085 2676 1155; x_wconf 90' lang='lat' dir='ltr'>quod</span> <span class='ocrx_word' id='word_1_653' title='bbox 2696 1102 2730 1139; x_wconf 90' lang='lat' dir='ltr'>a</span> <span class='ocrx_word' id='word_1_654' title='bbox 2750 1087 2945 1141; x_wconf 88' lang='lat' dir='ltr'>multis</span> <span class='ocrx_word' id='word_1_655' title='bbox 2966 1087 3233 1156; x_wconf 85' lang='lat' dir='ltr'>refutatur</span> <span class='ocrx_word' id='word_1_656' title='bbox 3253 1087 3488 1156; x_wconf 83' lang='lat' dir='ltr'>ipsorum</span> <span class='ocrx_word' id='word_1_657' title='bbox 3508 1087 3736 1156; x_wconf 72' lang='lat' dir='ltr'>nequitiae</span> <span class='ocrx_word' id='word_1_658' title='bbox 3749 1095 3817 1146; x_wconf 80' lang='lat' dir='ltr'>est;</span> 
     </span>
    </p>
   </div>
   <div class='ocr_carea' id='block_1_93' title="bbox 2265 1155 3818 1227">
    <p class='ocr_par' dir='ltr' id='par_1_93' title="bbox 2265 1155 3818 1227">
     <span class='ocr_line' id='line_1_94' title="bbox 2265 1155 3818 1227; baseline 0 -17"><span class='ocrx_word' id='word_1_659' title='bbox 2265 1156 2411 1226; x_wconf 91' lang='lat' dir='ltr'>quod</span> <span class='ocrx_word' id='word_1_660' title='bbox 2440 1165 2623 1211; x_wconf 89' lang='lat' dir='ltr'>autem</span> <span class='ocrx_word' id='word_1_661' title='bbox 2651 1173 2686 1210; x_wconf 89' lang='lat' dir='ltr'>a</span> <span class='ocrx_word' id='word_1_662' title='bbox 2712 1157 2904 1210; x_wconf 89' lang='lat' dir='ltr'>multis</span> <span class='ocrx_word' id='word_1_663' title='bbox 2930 1159 3244 1227; x_wconf 83' lang='lat' dir='ltr'>suscipitur,</span> <span class='ocrx_word' id='word_1_664' title='bbox 3267 1161 3318 1211; x_wconf 86' lang='lat' dir='ltr'>et</span> <span class='ocrx_word' id='word_1_665' title='bbox 3340 1157 3521 1226; x_wconf 61' lang='lat' dir='ltr'>gratim</span> <span class='ocrx_word' id='word_1_666' title='bbox 3546 1163 3617 1208; x_wconf 83' lang='lat' dir='ltr'>est</span> <span class='ocrx_word' id='word_1_667' title='bbox 3649 1155 3818 1227; x_wconf 74' lang='lat' dir='ltr'>divinae,</span> 
     </span>
    </p>
   </div>
   <div class='ocr_carea' id='block_1_94' title="bbox 2264 1226 3822 1298">
    <p class='ocr_par' dir='ltr' id='par_1_94' title="bbox 2264 1226 3822 1298">
     <span class='ocr_line' id='line_1_95' title="bbox 2264 1226 3822 1298; baseline -0.001 -16"><span class='ocrx_word' id='word_1_668' title='bbox 2264 1236 2316 1298; x_wconf 86' lang='lat' dir='ltr'>et</span> <span class='ocrx_word' id='word_1_669' title='bbox 2339 1229 2636 1282; x_wconf 83' lang='lat' dir='ltr'>voluntatis</span> <span class='ocrx_word' id='word_1_670' title='bbox 2658 1226 3137 1283; x_wconf 64' lang='lat' dir='ltr'>humanaeNerba</span> <span class='ocrx_word' id='word_1_671' title='bbox 3154 1244 3188 1281; x_wconf 88' lang='lat' dir='ltr'>a</span> <span class='ocrx_word' id='word_1_672' title='bbox 3207 1229 3388 1282; x_wconf 79' lang='lat' dir='ltr'>multis</span> <span class='ocrx_word' id='word_1_673' title='bbox 3405 1227 3661 1298; x_wconf 80' lang='lat' dir='ltr'>re/utatur</span> <span class='ocrx_word' id='word_1_674' title='bbox 3683 1226 3822 1296; x_wconf 85' lang='lat' dir='ltr'>opitu-</span> 
     </span>
    </p>
   </div>
   <div class='ocr_carea' id='block_1_95' title="bbox 2266 1296 3824 1368">
    <p class='ocr_par' dir='ltr' id='par_1_95' title="bbox 2266 1296 3824 1368">
     <span class='ocr_line' id='line_1_96' title="bbox 2266 1296 3824 1368; baseline -0.001 -16"><span class='ocrx_word' id='word_1_675' title='bbox 2266 1297 2405 1353; x_wconf 91' lang='lat' dir='ltr'>latio</span> <span class='ocrx_word' id='word_1_676' title='bbox 2424 1298 2623 1368; x_wconf 72' lang='lat' dir='ltr'>gratias</span> <span class='ocrx_word' id='word_1_677' title='bbox 2637 1298 2900 1352; x_wconf 89' lang='lat' dir='ltr'>adhibita</span> <span class='ocrx_word' id='word_1_678' title='bbox 2913 1299 3044 1353; x_wconf 89' lang='lat' dir='ltr'>mod</span> <span class='ocrx_word' id='word_1_679' title='bbox 3057 1299 3104 1353; x_wconf 89' lang='lat' dir='ltr'>is</span> <span class='ocrx_word' id='word_1_680' title='bbox 3117 1299 3430 1353; x_wconf 88' lang='lat' dir='ltr'>innumeris</span> <span class='ocrx_word' id='word_1_681' title='bbox 3449 1296 3554 1352; x_wconf 86' lang='lat' dir='ltr'>non</span> <span class='ocrx_word' id='word_1_682' title='bbox 3571 1296 3727 1352; x_wconf 90' lang='lat' dir='ltr'>solum</span> <span class='ocrx_word' id='word_1_683' title='bbox 3739 1313 3824 1350; x_wconf 80' lang='lat' dir='ltr'>ma-</span> 
     </span>
    </p>
   </div>
   <div class='ocr_carea' id='block_1_96' title="bbox 2264 1368 3824 1438">
    <p class='ocr_par' dir='ltr' id='par_1_96' title="bbox 2264 1368 3824 1438">
     <span class='ocr_line' id='line_1_97' title="bbox 2264 1368 3824 1438; baseline -0.003 -13"><span class='ocrx_word' id='word_1_684' title='bbox 2264 1371 2482 1438; x_wconf 74' lang='lat' dir='ltr'>nifestis</span> <span class='ocrx_word' id='word_1_685' title='bbox 2510 1376 2568 1424; x_wconf 92' lang='lat' dir='ltr'>et</span> <span class='ocrx_word' id='word_1_686' title='bbox 2597 1370 2869 1438; x_wconf 83' lang='lat' dir='ltr'>externis,</span> <span class='ocrx_word' id='word_1_687' title='bbox 2893 1371 2993 1424; x_wconf 89' lang='lat' dir='ltr'>sed</span> <span class='ocrx_word' id='word_1_688' title='bbox 3017 1372 3191 1424; x_wconf 88' lang='lat' dir='ltr'>etiam</span> <span class='ocrx_word' id='word_1_689' title='bbox 3208 1369 3444 1433; x_wconf 78' lang='lat' dir='ltr'>occultis,</span> <span class='ocrx_word' id='word_1_690' title='bbox 3470 1369 3520 1422; x_wconf 94' lang='lat' dir='ltr'>id</span> <span class='ocrx_word' id='word_1_691' title='bbox 3546 1374 3625 1422; x_wconf 87' lang='lat' dir='ltr'>est</span> <span class='ocrx_word' id='word_1_692' title='bbox 3643 1368 3824 1422; x_wconf 84' lang='lat' dir='ltr'>interio-</span> 
     </span>
    </p>
   </div>
   <div class='ocr_carea' id='block_1_97' title="bbox 2266 1439 3826 1512">
    <p class='ocr_par' dir='ltr' id='par_1_97' title="bbox 2266 1439 3826 1512">
     <span class='ocr_line' id='line_1_98' title="bbox 2266 1439 3826 1512; baseline -0.001 -18"><span class='ocrx_word' id='word_1_693' title='bbox 2266 1441 2854 1512; x_wconf 82' lang='lat' dir='ltr'>ribus,resistentiam</span> <span class='ocrx_word' id='word_1_694' title='bbox 2889 1441 3092 1511; x_wconf 86' lang='lat' dir='ltr'>utique</span> <span class='ocrx_word' id='word_1_695' title='bbox 3124 1441 3317 1512; x_wconf 68' lang='lat' dir='ltr'>gratiae</span> <span class='ocrx_word' id='word_1_696' title='bbox 3347 1439 3511 1494; x_wconf 88' lang='lat' dir='ltr'>etiam</span> <span class='ocrx_word' id='word_1_697' title='bbox 3531 1439 3736 1512; x_wconf 77' lang='lat' dir='ltr'>internis</span> <span class='ocrx_word' id='word_1_698' title='bbox 3755 1455 3826 1512; x_wconf 72' lang='lat' dir='ltr'>pa-</span> 
     </span>
    </p>
   </div>
   <div class='ocr_carea' id='block_1_98' title="bbox 2265 1510 3829 1580">
    <p class='ocr_par' dir='ltr' id='par_1_98' title="bbox 2265 1510 3829 1580">
     <span class='ocr_line' id='line_1_99' title="bbox 2265 1510 3829 1580; baseline -0.003 -14"><span class='ocrx_word' id='word_1_699' title='bbox 2265 1511 2380 1566; x_wconf 88' lang='lat' dir='ltr'>lam</span> <span class='ocrx_word' id='word_1_700' title='bbox 2407 1511 2728 1567; x_wconf 89' lang='lat' dir='ltr'>declarant.</span> <span class='ocrx_word' id='word_1_701' title='bbox 2753 1512 2854 1567; x_wconf 87' lang='lat' dir='ltr'>His</span> <span class='ocrx_word' id='word_1_702' title='bbox 2878 1510 3310 1567; x_wconf 77' lang='lat' dir='ltr'>concinuntilla</span> <span class='ocrx_word' id='word_1_703' title='bbox 3332 1512 3522 1580; x_wconf 85' lang='lat' dir='ltr'>cap.28</span> <span class='ocrx_word' id='word_1_704' title='bbox 3541 1510 3829 1580; x_wconf 81' lang='lat' dir='ltr'>ejusdemli-</span> 
     </span>
    </p>
   </div>
   <div class='ocr_carea' id='block_1_99' title="bbox 2268 1578 3832 1655">
    <p class='ocr_par' dir='ltr' id='par_1_99' title="bbox 2268 1578 3832 1655">
     <span class='ocr_line' id='line_1_100' title="bbox 2268 1578 3832 1655; baseline -0.003 -17"><span class='ocrx_word' id='word_1_705' title='bbox 2268 1583 2350 1638; x_wconf 87' lang='lat' dir='ltr'>bri</span> <span class='ocrx_word' id='word_1_706' title='bbox 2375 1583 2433 1637; x_wconf 91' lang='lat' dir='ltr'>in</span> <span class='ocrx_word' id='word_1_707' title='bbox 2453 1584 2568 1638; x_wconf 83' lang='lat' dir='ltr'>fine</span> <span class='ocrx_word' id='word_1_708' title='bbox 2593 1600 2604 1636; x_wconf 89' lang='lat'>:</span> <span class='ocrx_word' id='word_1_709' title='bbox 2632 1584 2875 1655; x_wconf 85' lang='lat' dir='ltr'>Diversis</span> <span class='ocrx_word' id='word_1_710' title='bbox 2895 1592 3060 1655; x_wconf 89' lang='lat' dir='ltr'>atque</span> <span class='ocrx_word' id='word_1_711' title='bbox 3082 1586 3386 1638; x_wconf 86' lang='lat' dir='ltr'>innumeris</span> <span class='ocrx_word' id='word_1_712' title='bbox 3405 1578 3580 1635; x_wconf 76' lang='lat' dir='ltr'>modis</span> <span class='ocrx_word' id='word_1_713' title='bbox 3595 1597 3752 1635; x_wconf 84' lang='lat' dir='ltr'>omnes</span> <span class='ocrx_word' id='word_1_714' title='bbox 3770 1578 3832 1632; x_wconf 84' lang='lat' dir='ltr'>ho-</span> 
     </span>
    </p>
   </div>
   <div class='ocr_carea' id='block_1_100' title="bbox 2264 1653 3832 1724">
    <p class='ocr_par' dir='ltr' id='par_1_100' title="bbox 2264 1653 3832 1724">
     <span class='ocr_line' id='line_1_101' title="bbox 2264 1653 3832 1724; baseline -0.003 -16"><span class='ocrx_word' id='word_1_715' title='bbox 2264 1656 2440 1710; x_wconf 86' lang='lat' dir='ltr'>mines</span> <span class='ocrx_word' id='word_1_716' title='bbox 2469 1655 2584 1709; x_wconf 86' lang='lat' dir='ltr'>vutt</span> <span class='ocrx_word' id='word_1_717' title='bbox 2609 1659 2748 1708; x_wconf 84' lang='lat' dir='ltr'>Deus</span> <span class='ocrx_word' id='word_1_718' title='bbox 2777 1653 3110 1723; x_wconf 64' lang='lat' dir='ltr'>saluosﬁeri</span> <span class='ocrx_word' id='word_1_719' title='bbox 3135 1663 3186 1710; x_wconf 88' lang='lat' dir='ltr'>et</span> <span class='ocrx_word' id='word_1_720' title='bbox 3215 1657 3271 1710; x_wconf 86' lang='lat' dir='ltr'>in</span> <span class='ocrx_word' id='word_1_721' title='bbox 3302 1655 3621 1724; x_wconf 85' lang='lat' dir='ltr'>agnitionem</span> <span class='ocrx_word' id='word_1_722' title='bbox 3639 1654 3832 1707; x_wconf 78' lang='lat' dir='ltr'>ueritatis</span> 
     </span>
    </p>
   </div>
   <div class='ocr_carea' id='block_1_101' title="bbox 2271 1725 3834 1796">
    <p class='ocr_par' dir='ltr' id='par_1_101' title="bbox 2271 1725 3834 1796">
     <span class='ocr_line' id='line_1_102' title="bbox 2271 1725 3834 1796; baseline -0.003 -16"><span class='ocrx_word' id='word_1_723' title='bbox 2271 1741 2368 1780; x_wconf 80' lang='lat' dir='ltr'>ven</span> <span class='ocrx_word' id='word_1_724' title='bbox 2378 1728 2460 1780; x_wconf 86' lang='lat' dir='ltr'>ire</span> <span class='ocrx_word' id='word_1_725' title='bbox 2476 1726 2601 1786; x_wconf 87' lang='lat' dir='ltr'>;sed</span> <span class='ocrx_word' id='word_1_726' title='bbox 2623 1729 2717 1796; x_wconf 92' lang='lat' dir='ltr'>qui</span> <span class='ocrx_word' id='word_1_727' title='bbox 2731 1727 2959 1780; x_wconf 88' lang='lat' dir='ltr'>veniunt</span> <span class='ocrx_word' id='word_1_728' title='bbox 2982 1727 3076 1780; x_wconf 90' lang='lat' dir='ltr'>Dei</span> <span class='ocrx_word' id='word_1_729' title='bbox 3092 1725 3307 1780; x_wconf 74' lang='lat' dir='ltr'>auxilio</span> <span class='ocrx_word' id='word_1_730' title='bbox 3323 1726 3618 1796; x_wconf 82' lang='lat' dir='ltr'>diriguntur</span> <span class='ocrx_word' id='word_1_731' title='bbox 3632 1740 3649 1784; x_wconf 92' lang='grc'><em>;</em></span> <span class='ocrx_word' id='word_1_732' title='bbox 3666 1727 3743 1793; x_wconf 81' lang='lat' dir='ltr'>qui</span> <span class='ocrx_word' id='word_1_733' title='bbox 3757 1737 3834 1796; x_wconf 67' lang='lat' dir='ltr'>nou</span> 
     </span>
    </p>
   </div>
   <div class='ocr_carea' id='block_1_102' title="bbox 2274 1794 3836 1867">
    <p class='ocr_par' dir='ltr' id='par_1_102' title="bbox 2274 1794 3836 1867">
     <span class='ocr_line' id='line_1_103' title="bbox 2274 1794 3836 1867; baseline -0.003 -17"><span class='ocrx_word' id='word_1_734' title='bbox 2274 1798 2497 1851; x_wconf 86' lang='lat' dir='ltr'>veniunt</span> <span class='ocrx_word' id='word_1_735' title='bbox 2535 1794 2642 1851; x_wconf 80' lang='lat' dir='ltr'>sua</span> <span class='ocrx_word' id='word_1_736' title='bbox 2681 1798 2996 1867; x_wconf 85' lang='lat' dir='ltr'>pertinacia</span> <span class='ocrx_word' id='word_1_737' title='bbox 3025 1796 3375 1852; x_wconf 86' lang='lat' dir='ltr'>reluctantur</span> <span class='ocrx_word' id='word_1_738' title='bbox 3423 1795 3570 1850; x_wconf 92' lang='lat' dir='ltr'>modi</span> <span class='ocrx_word' id='word_1_739' title='bbox 3609 1794 3836 1867; x_wconf 75' lang='lat' dir='ltr'>innumeri</span> 
     </span>
    </p>
   </div>
   <div class='ocr_carea' id='block_1_103' title="bbox 2273 1865 3836 1939">
    <p class='ocr_par' dir='ltr' id='par_1_103' title="bbox 2273 1865 3836 1939">
     <span class='ocr_line' id='line_1_104' title="bbox 2273 1865 3836 1939; baseline -0.003 -17"><span class='ocrx_word' id='word_1_740' title='bbox 2273 1869 2492 1938; x_wconf 90' lang='lat' dir='ltr'>quibus</span> <span class='ocrx_word' id='word_1_741' title='bbox 2521 1865 2691 1922; x_wconf 83' lang='lat' dir='ltr'>multi</span> <span class='ocrx_word' id='word_1_742' title='bbox 2717 1869 3100 1939; x_wconf 84' lang='lat' dir='ltr'>pertinacitur</span> <span class='ocrx_word' id='word_1_743' title='bbox 3124 1867 3466 1923; x_wconf 84' lang='lat' dir='ltr'>reluctantur</span> <span class='ocrx_word' id='word_1_744' title='bbox 3497 1872 3626 1922; x_wconf 89' lang='lat' dir='ltr'>sunt</span> <span class='ocrx_word' id='word_1_745' title='bbox 3660 1865 3736 1939; x_wconf 84' lang='lat' dir='ltr'>illi</span> <span class='ocrx_word' id='word_1_746' title='bbox 3754 1880 3836 1918; x_wconf 86' lang='lat' dir='ltr'>non</span> 
     </span>
    </p>
   </div>
   <div class='ocr_carea' id='block_1_104' title="bbox 2273 1937 3840 2010">
    <p class='ocr_par' dir='ltr' id='par_1_104' title="bbox 2273 1937 3840 2010">
     <span class='ocr_line' id='line_1_105' title="bbox 2273 1937 3840 2010; baseline -0.003 -17"><span class='ocrx_word' id='word_1_747' title='bbox 2273 1937 2394 1994; x_wconf 79' lang='lat' dir='ltr'>tam</span> <span class='ocrx_word' id='word_1_748' title='bbox 2423 1937 2800 2008; x_wconf 52' lang='lat' dir='ltr'>manifesli&#39;et</span> <span class='ocrx_word' id='word_1_749' title='bbox 2842 1939 3176 2009; x_wconf 87' lang='lat' dir='ltr'>exteriores,</span> <span class='ocrx_word' id='word_1_750' title='bbox 3211 1955 3385 2010; x_wconf 91' lang='lat' dir='ltr'>quam</span> <span class='ocrx_word' id='word_1_751' title='bbox 3415 1939 3603 1992; x_wconf 84' lang='lat' dir='ltr'>occulti</span> <span class='ocrx_word' id='word_1_752' title='bbox 3639 1942 3688 2010; x_wconf 81' lang='lat' dir='ltr'>et</span> <span class='ocrx_word' id='word_1_753' title='bbox 3718 1937 3840 2010; x_wconf 85' lang='lat' dir='ltr'>inte-</span> 
     </span>
    </p>
   </div>
   <div class='ocr_carea' id='block_1_105' title="bbox 2274 2007 3765 2082">
    <p class='ocr_par' dir='ltr' id='par_1_105' title="bbox 2274 2007 3765 2082">
     <span class='ocr_line' id='line_1_106' title="bbox 2274 2007 3765 2082; baseline -0.003 -17"><span class='ocrx_word' id='word_1_754' title='bbox 2274 2010 2479 2075; x_wconf 86' lang='lat' dir='ltr'>riores,</span> <span class='ocrx_word' id='word_1_755' title='bbox 2513 2007 2822 2080; x_wconf 87' lang='lat' dir='ltr'>dequibus</span> <span class='ocrx_word' id='word_1_756' title='bbox 2857 2012 2910 2065; x_wconf 91' lang='lat' dir='ltr'>in</span> <span class='ocrx_word' id='word_1_757' title='bbox 2945 2007 3430 2082; x_wconf 15' lang='lat' dir='ltr'>praemissoitextu</span> <span class='ocrx_word' id='word_1_758' title='bbox 3459 2007 3765 2082; x_wconf 73' lang='lat' dir='ltr'>sermoi‘uit.</span> 
     </span>
    </p>
   </div>
   <div class='ocr_carea' id='block_1_106' title="bbox 2344 2077 3844 2152">
    <p class='ocr_par' dir='ltr' id='par_1_106' title="bbox 2344 2077 3844 2152">
     <span class='ocr_line' id='line_1_107' title="bbox 2344 2077 3844 2152; baseline -0.004 -18"><span class='ocrx_word' id='word_1_759' title='bbox 2344 2081 2434 2134; x_wconf 76' lang='lat'>23.</span> <span class='ocrx_word' id='word_1_760' title='bbox 2469 2084 2538 2135; x_wconf 89' lang='lat' dir='ltr'>Et</span> <span class='ocrx_word' id='word_1_761' title='bbox 2584 2077 2657 2136; x_wconf 75' lang='lat' dir='ltr'>ne</span> <span class='ocrx_word' id='word_1_762' title='bbox 2713 2082 2846 2152; x_wconf 91' lang='lat' dir='ltr'>quis</span> <span class='ocrx_word' id='word_1_763' title='bbox 2890 2077 3213 2148; x_wconf 72' lang='lat' dir='ltr'>cavillatur,</span> <span class='ocrx_word' id='word_1_764' title='bbox 3253 2081 3347 2137; x_wconf 89' lang='lat' dir='ltr'>his</span> <span class='ocrx_word' id='word_1_765' title='bbox 3393 2081 3609 2152; x_wconf 88' lang='lat' dir='ltr'>duobus</span> <span class='ocrx_word' id='word_1_766' title='bbox 3648 2079 3699 2133; x_wconf 87' lang='lat' dir='ltr'>in</span> <span class='ocrx_word' id='word_1_767' title='bbox 3730 2077 3844 2152; x_wconf 77' lang='lat' dir='ltr'>locis</span> 
     </span>
    </p>
   </div>
   <div class='ocr_carea' id='block_1_107' title="bbox 2275 2149 3845 2222">
    <p class='ocr_par' dir='ltr' id='par_1_107' title="bbox 2275 2149 3845 2222">
     <span class='ocr_line' id='line_1_108' title="bbox 2275 2149 3845 2222; baseline -0.002 -18"><span class='ocrx_word' id='word_1_768' title='bbox 2275 2153 2454 2206; x_wconf 83' lang='lat' dir='ltr'>verba</span> <span class='ocrx_word' id='word_1_769' title='bbox 2483 2149 2756 2222; x_wconf 75' lang='lat' dir='ltr'>refutetur</span> <span class='ocrx_word' id='word_1_770' title='bbox 2775 2158 2832 2207; x_wconf 90' lang='lat' dir='ltr'>et</span> <span class='ocrx_word' id='word_1_771' title='bbox 2852 2154 3195 2208; x_wconf 80' lang='lat' dir='ltr'>reluctantur</span> <span class='ocrx_word' id='word_1_772' title='bbox 3215 2169 3326 2208; x_wconf 90' lang='lat' dir='ltr'>non</span> <span class='ocrx_word' id='word_1_773' title='bbox 3351 2152 3540 2207; x_wconf 84' lang='lat' dir='ltr'>referri</span> <span class='ocrx_word' id='word_1_774' title='bbox 3563 2151 3662 2206; x_wconf 90' lang='lat' dir='ltr'>nisi</span> <span class='ocrx_word' id='word_1_775' title='bbox 3686 2149 3744 2222; x_wconf 80' lang='lat' dir='ltr'>ad</span> <span class='ocrx_word' id='word_1_776' title='bbox 3763 2163 3845 2202; x_wconf 89' lang='lat' dir='ltr'>mo-</span> 
     </span>
    </p>
   </div>
   <div class='ocr_carea' id='block_1_108' title="bbox 2280 2221 3846 2295">
    <p class='ocr_par' dir='ltr' id='par_1_108' title="bbox 2280 2221 3846 2295">
     <span class='ocr_line' id='line_1_109' title="bbox 2280 2221 3846 2295; baseline -0.001 -18"><span class='ocrx_word' id='word_1_777' title='bbox 2280 2225 2384 2295; x_wconf 86' lang='lat' dir='ltr'>dos</span> <span class='ocrx_word' id='word_1_778' title='bbox 2416 2225 2614 2293; x_wconf 64' lang='lat' dir='ltr'>gratias</span> <span class='ocrx_word' id='word_1_779' title='bbox 2638 2225 2959 2295; x_wconf 87' lang='lat' dir='ltr'>manifestos</span> <span class='ocrx_word' id='word_1_780' title='bbox 2978 2241 3082 2280; x_wconf 87' lang='lat' dir='ltr'>seu</span> <span class='ocrx_word' id='word_1_781' title='bbox 3105 2225 3476 2291; x_wconf 78' lang='lat' dir='ltr'>extrinsecos,</span> <span class='ocrx_word' id='word_1_782' title='bbox 3499 2239 3606 2295; x_wconf 87' lang='lat' dir='ltr'>quo</span> <span class='ocrx_word' id='word_1_783' title='bbox 3633 2221 3726 2276; x_wconf 89' lang='lat' dir='ltr'>sub</span> <span class='ocrx_word' id='word_1_784' title='bbox 3751 2235 3846 2295; x_wconf 59' lang='lat' dir='ltr'>pef-</span> 
     </span>
    </p>
   </div>
   <div class='ocr_carea' id='block_1_109' title="bbox 2277 2289 3852 2367">
    <p class='ocr_par' dir='ltr' id='par_1_109' title="bbox 2277 2289 3852 2367">
     <span class='ocr_line' id='line_1_110' title="bbox 2277 2289 3852 2367; baseline -0.003 -20"><span class='ocrx_word' id='word_1_785' title='bbox 2277 2289 2459 2367; x_wconf 70' lang='lat' dir='ltr'>ticula</span> <span class='ocrx_word' id='word_1_786' title='bbox 2479 2289 2834 2366; x_wconf 78' lang='lat' dir='ltr'>disjunctiva</span> <span class='ocrx_word' id='word_1_787' title='bbox 2856 2302 3060 2350; x_wconf 91' lang='lat' dir='ltr'>auctor</span> <span class='ocrx_word' id='word_1_788' title='bbox 3082 2296 3410 2367; x_wconf 88' lang='lat' dir='ltr'>proposuit;</span> <span class='ocrx_word' id='word_1_789' title='bbox 3434 2289 3606 2367; x_wconf 43' lang='lat' dir='ltr'>rec—Ole</span> <span class='ocrx_word' id='word_1_790' title='bbox 3631 2299 3682 2347; x_wconf 85' lang='lat' dir='ltr'>et</span> <span class='ocrx_word' id='word_1_791' title='bbox 3699 2289 3852 2367; x_wconf 76' lang='lat' dir='ltr'>confer</span> 
     </span>
    </p>
   </div>
   <div class='ocr_carea' id='block_1_110' title="bbox 2279 2364 3850 2436">
    <p class='ocr_par' dir='ltr' id='par_1_110' title="bbox 2279 2364 3850 2436">
     <span class='ocr_line' id='line_1_111' title="bbox 2279 2364 3850 2436; baseline -0.003 -17"><span class='ocrx_word' id='word_1_792' title='bbox 2279 2364 2528 2420; x_wconf 87' lang='lat' dir='ltr'>invicem</span> <span class='ocrx_word' id='word_1_793' title='bbox 2553 2364 2586 2420; x_wconf 88' lang='lat' dir='ltr'>d</span> <span class='ocrx_word' id='word_1_794' title='bbox 2598 2382 2702 2420; x_wconf 89' lang='lat' dir='ltr'>uos</span> <span class='ocrx_word' id='word_1_795' title='bbox 2722 2370 2918 2421; x_wconf 86' lang='lat' dir='ltr'>textus</span> <span class='ocrx_word' id='word_1_796' title='bbox 2934 2364 3104 2436; x_wconf 83' lang='lat' dir='ltr'>paulo</span> <span class='ocrx_word' id='word_1_797' title='bbox 3118 2364 3255 2423; x_wconf 82' lang='lat' dir='ltr'>ante</span> <span class='ocrx_word' id='word_1_798' title='bbox 3276 2365 3605 2436; x_wconf 82' lang='lat' dir='ltr'>descriptos;</span> <span class='ocrx_word' id='word_1_799' title='bbox 3617 2368 3668 2419; x_wconf 90' lang='lat' dir='ltr'>et</span> <span class='ocrx_word' id='word_1_800' title='bbox 3686 2365 3743 2418; x_wconf 90' lang='lat' dir='ltr'>de</span> <span class='ocrx_word' id='word_1_801' title='bbox 3759 2377 3850 2415; x_wconf 88' lang='lat' dir='ltr'>mo-</span> 
     </span>
    </p>
   </div>
   <div class='ocr_carea' id='block_1_111' title="bbox 2284 2437 3850 2511">
    <p class='ocr_par' dir='ltr' id='par_1_111' title="bbox 2284 2437 3850 2511">
     <span class='ocr_line' id='line_1_112' title="bbox 2284 2437 3850 2511; baseline -0.001 -21"><span class='ocrx_word' id='word_1_802' title='bbox 2284 2437 2374 2491; x_wconf 90' lang='lat' dir='ltr'>dis</span> <span class='ocrx_word' id='word_1_803' title='bbox 2403 2437 2602 2508; x_wconf 70' lang='lat' dir='ltr'>gratiae</span> <span class='ocrx_word' id='word_1_804' title='bbox 2631 2439 2805 2492; x_wconf 89' lang='lat' dir='ltr'>etiam</span> <span class='ocrx_word' id='word_1_805' title='bbox 2826 2440 3063 2511; x_wconf 78' lang='lat' dir='ltr'>occultis</span> <span class='ocrx_word' id='word_1_806' title='bbox 3093 2446 3150 2493; x_wconf 88' lang='lat' dir='ltr'>et</span> <span class='ocrx_word' id='word_1_807' title='bbox 3173 2439 3420 2494; x_wconf 89' lang='lat' dir='ltr'>internis</span> <span class='ocrx_word' id='word_1_808' title='bbox 3435 2455 3499 2493; x_wconf 90' lang='lat' dir='ltr'>ea</span> <span class='ocrx_word' id='word_1_809' title='bbox 3517 2441 3675 2511; x_wconf 83' lang='lat' dir='ltr'>verba</span> <span class='ocrx_word' id='word_1_810' title='bbox 3697 2452 3754 2489; x_wconf 78' lang='lat' dir='ltr'>ex</span> <span class='ocrx_word' id='word_1_811' title='bbox 3766 2449 3850 2511; x_wconf 63' lang='lat' dir='ltr'>sii-</span> 
     </span>
    </p>
   </div>
   <div class='ocr_carea' id='block_1_112' title="bbox 2281 2507 3850 2585">
    <p class='ocr_par' dir='ltr' id='par_1_112' title="bbox 2281 2507 3850 2585">
     <span class='ocr_line' id='line_1_113' title="bbox 2281 2507 3850 2585; baseline -0.004 -22"><span class='ocrx_word' id='word_1_812' title='bbox 2281 2507 2460 2585; x_wconf 87' lang='lat' dir='ltr'>etoris</span> <span class='ocrx_word' id='word_1_813' title='bbox 2496 2514 2688 2564; x_wconf 89' lang='lat' dir='ltr'>mente</span> <span class='ocrx_word' id='word_1_814' title='bbox 2717 2509 3405 2585; x_wconf 72' lang='lat' dir='ltr'>accipiend_a__manifeste</span> <span class='ocrx_word' id='word_1_815' title='bbox 3440 2507 3742 2585; x_wconf 82' lang='lat' dir='ltr'>perspioies.</span> <span class='ocrx_word' id='word_1_816' title='bbox 3764 2507 3850 2585; x_wconf 75' lang='lat' dir='ltr'>Pri-</span> 
     </span>
    </p>
   </div>
   <div class='ocr_carea' id='block_1_113' title="bbox 2283 2579 3852 2651">
    <p class='ocr_par' dir='ltr' id='par_1_113' title="bbox 2283 2579 3852 2651">
     <span class='ocr_line' id='line_1_114' title="bbox 2283 2579 3852 2651; baseline -0.004 -18"><span class='ocrx_word' id='word_1_817' title='bbox 2283 2596 2416 2634; x_wconf 89' lang='lat' dir='ltr'>mus</span> <span class='ocrx_word' id='word_1_818' title='bbox 2443 2583 2637 2635; x_wconf 83' lang='lat' dir='ltr'>textus</span> <span class='ocrx_word' id='word_1_819' title='bbox 2682 2596 2749 2635; x_wconf 87' lang='lat' dir='ltr'>ex</span> <span class='ocrx_word' id='word_1_820' title='bbox 2795 2579 2922 2651; x_wconf 81' lang='lat' dir='ltr'>cap.</span> <span class='ocrx_word' id='word_1_821' title='bbox 2956 2582 3026 2634; x_wconf 88' lang='lat'>23</span> <span class='ocrx_word' id='word_1_822' title='bbox 3056 2581 3153 2635; x_wconf 90' lang='lat' dir='ltr'>lib.</span> <span class='ocrx_word' id='word_1_823' title='bbox 3207 2599 3270 2651; x_wconf 86' lang='grc' dir='ltr'>ιι,</span> <span class='ocrx_word' id='word_1_824' title='bbox 3306 2582 3400 2636; x_wconf 90' lang='lat' dir='ltr'>ubi</span> <span class='ocrx_word' id='word_1_825' title='bbox 3431 2579 3679 2651; x_wconf 86' lang='lat' dir='ltr'>generalis</span> <span class='ocrx_word' id='word_1_826' title='bbox 3716 2579 3852 2651; x_wconf 73' lang='lat' dir='ltr'>gratia</span> 
     </span>
    </p>
   </div>
   <div class='ocr_carea' id='block_1_114' title="bbox 2277 2648 3854 2722">
    <p class='ocr_par' dir='ltr' id='par_1_114' title="bbox 2277 2648 3854 2722">
     <span class='ocr_line' id='line_1_115' title="bbox 2277 2648 3854 2722; baseline -0.003 -17"><span class='ocrx_word' id='word_1_827' title='bbox 2277 2651 2503 2722; x_wconf 85' lang='lat' dir='ltr'>parcius</span> <span class='ocrx_word' id='word_1_828' title='bbox 2531 2657 2582 2706; x_wconf 86' lang='lat' dir='ltr'>et</span> <span class='ocrx_word' id='word_1_829' title='bbox 2609 2648 2885 2706; x_wconf 75' lang='lat' dir='ltr'>occultius</span> <span class='ocrx_word' id='word_1_830' title='bbox 2910 2652 3156 2707; x_wconf 90' lang='lat' dir='ltr'>omnium</span> <span class='ocrx_word' id='word_1_831' title='bbox 3190 2648 3476 2708; x_wconf 77' lang='lat' dir='ltr'>hominum</span> <span class='ocrx_word' id='word_1_832' title='bbox 3503 2651 3655 2708; x_wconf 89' lang='lat' dir='ltr'>corda</span> <span class='ocrx_word' id='word_1_833' title='bbox 3677 2648 3854 2722; x_wconf 58' lang='lat' dir='ltr'>pulsam</span> 
     </span>
    </p>
   </div>
   <div class='ocr_carea' id='block_1_115' title="bbox 2281 2715 3855 2795">
    <p class='ocr_par' dir='ltr' id='par_1_115' title="bbox 2281 2715 3855 2795">
     <span class='ocr_line' id='line_1_116' title="bbox 2281 2715 3855 2795; baseline -0.006 -17"><span class='ocrx_word' id='word_1_834' title='bbox 2281 2715 2582 2795; x_wconf 57' lang='lat' dir='ltr'>instruitur,</span> <span class='ocrx_word' id='word_1_835' title='bbox 2615 2721 2906 2778; x_wconf 88' lang='lat' dir='ltr'>internam</span> <span class='ocrx_word' id='word_1_836' title='bbox 2940 2724 3142 2794; x_wconf 89' lang='lat' dir='ltr'>utique</span> <span class='ocrx_word' id='word_1_837' title='bbox 3161 2725 3421 2795; x_wconf 90' lang='lat' dir='ltr'>gratiam</span> <span class='ocrx_word' id='word_1_838' title='bbox 3451 2723 3573 2794; x_wconf 85' lang='lat' dir='ltr'>ipso</span> <span class='ocrx_word' id='word_1_839' title='bbox 3610 2715 3855 2788; x_wconf 80' lang='lat' dir='ltr'>Quesnello</span> 
     </span>
    </p>
   </div>
   <div class='ocr_carea' id='block_1_116' title="bbox 2279 2792 3857 2865">
    <p class='ocr_par' dir='ltr' id='par_1_116' title="bbox 2279 2792 3857 2865">
     <span class='ocr_line' id='line_1_117' title="bbox 2279 2792 3857 2865; baseline -0.005 -17"><span class='ocrx_word' id='word_1_840' title='bbox 2279 2792 2696 2865; x_wconf 85' lang='lat' dir='ltr'>interpretante</span> <span class='ocrx_word' id='word_1_841' title='bbox 2725 2795 3022 2849; x_wconf 84' lang='lat' dir='ltr'>evidenter</span> <span class='ocrx_word' id='word_1_842' title='bbox 3050 2792 3336 2860; x_wconf 64' lang='lat' dir='ltr'>designat.</span> <span class='ocrx_word' id='word_1_843' title='bbox 3373 2792 3524 2850; x_wconf 82' lang='lat' dir='ltr'>Alter</span> <span class='ocrx_word' id='word_1_844' title='bbox 3564 2810 3680 2848; x_wconf 81' lang='lat' dir='ltr'>vero</span> <span class='ocrx_word' id='word_1_845' title='bbox 3713 2795 3857 2865; x_wconf 79' lang='lat' dir='ltr'>textus</span> 
     </span>
    </p>
   </div>
   <div class='ocr_carea' id='block_1_117' title="bbox 2278 2861 3858 2938">
    <p class='ocr_par' dir='ltr' id='par_1_117' title="bbox 2278 2861 3858 2938">
     <span class='ocr_line' id='line_1_118' title="bbox 2278 2861 3858 2938; baseline -0.001 -19"><span class='ocrx_word' id='word_1_846' title='bbox 2278 2881 2347 2938; x_wconf 75' lang='lat' dir='ltr'>ex</span> <span class='ocrx_word' id='word_1_847' title='bbox 2367 2861 2501 2938; x_wconf 70' lang='lat' dir='ltr'>cap.</span> <span class='ocrx_word' id='word_1_848' title='bbox 2520 2866 2607 2935; x_wconf 73' lang='lat'>15,</span> <span class='ocrx_word' id='word_1_849' title='bbox 2616 2867 2709 2938; x_wconf 85' lang='lat' dir='ltr'>ubi</span> <span class='ocrx_word' id='word_1_850' title='bbox 2735 2870 3056 2920; x_wconf 86' lang='lat' dir='ltr'>memoratu</span> <span class='ocrx_word' id='word_1_851' title='bbox 3069 2883 3096 2920; x_wconf 94' lang='lat' dir='ltr'>r</span> <span class='ocrx_word' id='word_1_852' title='bbox 3107 2870 3332 2938; x_wconf 86' lang='lat' dir='ltr'>parcior</span> <span class='ocrx_word' id='word_1_853' title='bbox 3360 2871 3411 2922; x_wconf 90' lang='lat' dir='ltr'>et</span> <span class='ocrx_word' id='word_1_854' title='bbox 3429 2867 3676 2938; x_wconf 82' lang='lat' dir='ltr'>occultior</span> <span class='ocrx_word' id='word_1_855' title='bbox 3699 2861 3858 2938; x_wconf 65' lang='lat' dir='ltr'>grolia,</span> 
     </span>
    </p>
   </div>
   <div class='ocr_carea' id='block_1_118' title="bbox 2280 2931 3860 3008">
    <p class='ocr_par' dir='ltr' id='par_1_118' title="bbox 2280 2931 3860 3008">
     <span class='ocr_line' id='line_1_119' title="bbox 2280 2931 3860 3008; baseline 0.001 -18"><span class='ocrx_word' id='word_1_856' title='bbox 2280 2936 2334 2990; x_wconf 92' lang='lat' dir='ltr'>id</span> <span class='ocrx_word' id='word_1_857' title='bbox 2370 2931 2462 2991; x_wconf 82' lang='lat' dir='ltr'>est</span> <span class='ocrx_word' id='word_1_858' title='bbox 2489 2931 2883 3008; x_wconf 73' lang='lat' dir='ltr'>interior,quze</span> <span class='ocrx_word' id='word_1_859' title='bbox 2902 2931 3120 3008; x_wconf 73' lang='lat' dir='ltr'>su/Tecit</span> <span class='ocrx_word' id='word_1_860' title='bbox 3146 2938 3480 3008; x_wconf 89' lang='lat' dir='ltr'>quibusdam</span> <span class='ocrx_word' id='word_1_861' title='bbox 3508 2937 3575 2992; x_wconf 91' lang='lat' dir='ltr'>ad</span> <span class='ocrx_word' id='word_1_862' title='bbox 3602 2931 3860 3008; x_wconf 61' lang='lat' dir='ltr'>remedium.</span> 
     </span>
    </p>
   </div>
   <div class='ocr_carea' id='block_1_119' title="bbox 2280 3007 3863 3083">
    <p class='ocr_par' dir='ltr' id='par_1_119' title="bbox 2280 3007 3863 3083">
     <span class='ocr_line' id='line_1_120' title="bbox 2280 3007 3863 3083; baseline 0.001 -23"><span class='ocrx_word' id='word_1_863' title='bbox 2280 3008 2536 3083; x_wconf 83' lang='lat' dir='ltr'>omnibus</span> <span class='ocrx_word' id='word_1_864' title='bbox 2553 3008 2622 3062; x_wconf 85' lang='lat' dir='ltr'>ad</span> <span class='ocrx_word' id='word_1_865' title='bbox 2637 3007 3138 3083; x_wconf 76' lang='lat' dir='ltr'>testimonium,eo§</span> <span class='ocrx_word' id='word_1_866' title='bbox 3158 3007 3471 3083; x_wconf 87' lang='lat' dir='ltr'>distinguit</span> <span class='ocrx_word' id='word_1_867' title='bbox 3485 3007 3753 3083; x_wconf 82' lang='lat' dir='ltr'>quieidem</span> <span class='ocrx_word' id='word_1_868' title='bbox 3766 3018 3863 3075; x_wconf 72' lang='lat' dir='ltr'>gra-</span> 
     </span>
    </p>
   </div>
   <div class='ocr_carea' id='block_1_120' title="bbox 2275 3078 3863 3151">
    <p class='ocr_par' dir='ltr' id='par_1_120' title="bbox 2275 3078 3863 3151">
     <span class='ocr_line' id='line_1_121' title="bbox 2275 3078 3863 3151; baseline -0.001 -18"><span class='ocrx_word' id='word_1_869' title='bbox 2275 3079 2367 3133; x_wconf 78' lang='lat' dir='ltr'>tias</span> <span class='ocrx_word' id='word_1_870' title='bbox 2389 3095 2693 3135; x_wconf 87' lang='lat' dir='ltr'>assensere</span> <span class='ocrx_word' id='word_1_871' title='bbox 2708 3079 2793 3134; x_wconf 91' lang='lat' dir='ltr'>vel</span> <span class='ocrx_word' id='word_1_872' title='bbox 2815 3081 3186 3136; x_wconf 88' lang='lat' dir='ltr'>restitere.De</span> <span class='ocrx_word' id='word_1_873' title='bbox 3207 3078 3411 3137; x_wconf 74' lang='lat' dir='ltr'>eadem</span> <span class='ocrx_word' id='word_1_874' title='bbox 3433 3078 3581 3136; x_wconf 82' lang='lat' dir='ltr'>enim</span> <span class='ocrx_word' id='word_1_875' title='bbox 3603 3078 3863 3151; x_wconf 71' lang='lat' dir='ltr'>gratiaom-</span> 
     </span>
    </p>
   </div>
   <div class='ocr_carea' id='block_1_121' title="bbox 2273 3146 3862 3223">
    <p class='ocr_par' dir='ltr' id='par_1_121' title="bbox 2273 3146 3862 3223">
     <span class='ocr_line' id='line_1_122' title="bbox 2273 3146 3862 3223; baseline 0.001 -19"><span class='ocrx_word' id='word_1_876' title='bbox 2273 3151 2436 3206; x_wconf 87' lang='lat' dir='ltr'>nium</span> <span class='ocrx_word' id='word_1_877' title='bbox 2465 3153 2752 3205; x_wconf 77' lang='lat' dir='ltr'>hominum</span> <span class='ocrx_word' id='word_1_878' title='bbox 2777 3151 2939 3207; x_wconf 86' lang='lat' dir='ltr'>corda</span> <span class='ocrx_word' id='word_1_879' title='bbox 2965 3152 3222 3223; x_wconf 82' lang='lat' dir='ltr'>pulsante</span> <span class='ocrx_word' id='word_1_880' title='bbox 3273 3169 3376 3208; x_wconf 90' lang='lat' dir='ltr'>seu</span> <span class='ocrx_word' id='word_1_881' title='bbox 3425 3146 3645 3208; x_wconf 71' lang='lat' dir='ltr'>interna</span> <span class='ocrx_word' id='word_1_882' title='bbox 3677 3146 3862 3223; x_wconf 67' lang='lat' dir='ltr'>dicitur.</span> 
     </span>
    </p>
   </div>
   <div class='ocr_carea' id='block_1_122' title="bbox 2277 3219 3865 3296">
    <p class='ocr_par' dir='ltr' id='par_1_122' title="bbox 2277 3219 3865 3296">
     <span class='ocr_line' id='line_1_123' title="bbox 2277 3219 3865 3296; baseline -0.003 -19"><span class='ocrx_word' id='word_1_883' title='bbox 2277 3223 2431 3296; x_wconf 80' lang='lat' dir='ltr'>quod</span> <span class='ocrx_word' id='word_1_884' title='bbox 2456 3223 2776 3296; x_wconf 83' lang='lat' dir='ltr'>quibusdam</span> <span class='ocrx_word' id='word_1_885' title='bbox 2800 3223 2935 3293; x_wconf 91' lang='lat' dir='ltr'>(non</span> <span class='ocrx_word' id='word_1_886' title='bbox 2960 3219 3257 3292; x_wconf 85' lang='lat' dir='ltr'>omnibus)</span> <span class='ocrx_word' id='word_1_887' title='bbox 3280 3227 3492 3296; x_wconf 80' lang='lat' dir='ltr'>suﬂecit</span> <span class='ocrx_word' id='word_1_888' title='bbox 3514 3223 3579 3279; x_wconf 88' lang='lat' dir='ltr'>ad</span> <span class='ocrx_word' id='word_1_889' title='bbox 3605 3219 3865 3296; x_wconf 65' lang='lat' dir='ltr'>remedium.</span> 
     </span>
    </p>
   </div>
   <div class='ocr_carea' id='block_1_123' title="bbox 2274 3294 3867 3365">
    <p class='ocr_par' dir='ltr' id='par_1_123' title="bbox 2274 3294 3867 3365">
     <span class='ocr_line' id='line_1_124' title="bbox 2274 3294 3867 3365; baseline -0.003 -18"><span class='ocrx_word' id='word_1_890' title='bbox 2274 3294 2454 3364; x_wconf 89' lang='lat' dir='ltr'>idque</span> <span class='ocrx_word' id='word_1_891' title='bbox 2483 3295 2870 3349; x_wconf 87' lang='lat' dir='ltr'>assentientes</span> <span class='ocrx_word' id='word_1_892' title='bbox 2920 3302 2979 3349; x_wconf 91' lang='lat' dir='ltr'>et</span> <span class='ocrx_word' id='word_1_893' title='bbox 3011 3294 3406 3365; x_wconf 81' lang='lat' dir='ltr'>obsequentes</span> <span class='ocrx_word' id='word_1_894' title='bbox 3434 3295 3692 3365; x_wconf 80' lang='lat' dir='ltr'>respicit;</span> <span class='ocrx_word' id='word_1_895' title='bbox 3733 3294 3867 3365; x_wconf 50' lang='lat' dir='ltr'>omni:</span> 
     </span>
    </p>
   </div>
   <div class='ocr_carea' id='block_1_124' title="bbox 2279 3357 3867 3434">
    <p class='ocr_par' dir='ltr' id='par_1_124' title="bbox 2279 3357 3867 3434">
     <span class='ocr_line' id='line_1_125' title="bbox 2279 3357 3867 3434; baseline -0.003 -15"><span class='ocrx_word' id='word_1_896' title='bbox 2279 3357 2375 3419; x_wconf 77' lang='lat' dir='ltr'>bus</span> <span class='ocrx_word' id='word_1_897' title='bbox 2407 3369 2624 3434; x_wconf 88' lang='lat' dir='ltr'>autem,</span> <span class='ocrx_word' id='word_1_898' title='bbox 2656 3366 2828 3420; x_wconf 87' lang='lat' dir='ltr'>etiam</span> <span class='ocrx_word' id='word_1_899' title='bbox 2879 3382 2989 3419; x_wconf 89' lang='lat' dir='ltr'>non</span> <span class='ocrx_word' id='word_1_900' title='bbox 3042 3357 3348 3424; x_wconf 69' lang='lat' dir='ltr'>utentibus</span> <span class='ocrx_word' id='word_1_901' title='bbox 3378 3367 3450 3423; x_wconf 86' lang='lat' dir='ltr'>ad</span> <span class='ocrx_word' id='word_1_902' title='bbox 3482 3357 3794 3422; x_wconf 76' lang='lat' dir='ltr'>remedium,</span> <span class='ocrx_word' id='word_1_903' title='bbox 3819 3357 3867 3411; x_wconf 69' lang='lat' dir='ltr'>ad</span> 
     </span>
    </p>
   </div>
   <div class='ocr_carea' id='block_1_125' title="bbox 2279 3437 3866 3511">
    <p class='ocr_par' dir='ltr' id='par_1_125' title="bbox 2279 3437 3866 3511">
     <span class='ocr_line' id='line_1_126' title="bbox 2279 3437 3866 3511; baseline -0.003 -20"><span class='ocrx_word' id='word_1_904' title='bbox 2279 3438 2651 3511; x_wconf 80' lang='lat' dir='ltr'>testimonium</span> <span class='ocrx_word' id='word_1_905' title='bbox 2673 3437 2974 3511; x_wconf 86' lang='lat' dir='ltr'>profutura</span> <span class='ocrx_word' id='word_1_906' title='bbox 3003 3437 3276 3504; x_wconf 79' lang='lat' dir='ltr'>traditur,</span> <span class='ocrx_word' id='word_1_907' title='bbox 3297 3441 3452 3511; x_wconf 92' lang='lat' dir='ltr'>quod</span> <span class='ocrx_word' id='word_1_908' title='bbox 3485 3440 3554 3494; x_wconf 88' lang='lat' dir='ltr'>ad</span> <span class='ocrx_word' id='word_1_909' title='bbox 3587 3437 3866 3511; x_wconf 59' lang='lat' dir='ltr'>resistentes</span> 
     </span>
    </p>
   </div>
   <div class='ocr_carea' id='block_1_126' title="bbox 2279 3507 3866 3578">
    <p class='ocr_par' dir='ltr' id='par_1_126' title="bbox 2279 3507 3866 3578">
     <span class='ocr_line' id='line_1_127' title="bbox 2279 3507 3866 3578; baseline -0.001 -17"><span class='ocrx_word' id='word_1_910' title='bbox 2279 3507 2647 3574; x_wconf 89' lang='lat' dir='ltr'>potissimum</span> <span class='ocrx_word' id='word_1_911' title='bbox 2683 3508 2952 3578; x_wconf 82' lang='lat' dir='ltr'>pertinet,</span> <span class='ocrx_word' id='word_1_912' title='bbox 2983 3511 3076 3578; x_wconf 90' lang='lat' dir='ltr'>qui</span> <span class='ocrx_word' id='word_1_913' title='bbox 3101 3525 3206 3563; x_wconf 88' lang='lat' dir='ltr'>sua</span> <span class='ocrx_word' id='word_1_914' title='bbox 3225 3507 3537 3578; x_wconf 75' lang='lat' dir='ltr'>pertinacia</span> <span class='ocrx_word' id='word_1_915' title='bbox 3565 3507 3866 3578; x_wconf 62' lang='lat' dir='ltr'>reluctantur.</span> 
     </span>
    </p>
   </div>
   <div class='ocr_carea' id='block_1_127' title="bbox 2278 3577 3868 3651">
    <p class='ocr_par' dir='ltr' id='par_1_127' title="bbox 2278 3577 3868 3651">
     <span class='ocr_line' id='line_1_128' title="bbox 2278 3577 3868 3651; baseline 0 -19"><span class='ocrx_word' id='word_1_916' title='bbox 2278 3579 2538 3651; x_wconf 85' lang='lat' dir='ltr'>Tandem</span> <span class='ocrx_word' id='word_1_917' title='bbox 2575 3579 2629 3651; x_wconf 91' lang='lat' dir='ltr'>in</span> <span class='ocrx_word' id='word_1_918' title='bbox 2663 3577 2820 3634; x_wconf 80' lang='lat' dir='ltr'>textu</span> <span class='ocrx_word' id='word_1_919' title='bbox 2849 3581 2920 3651; x_wconf 89' lang='lat' dir='ltr'>de</span> <span class='ocrx_word' id='word_1_920' title='bbox 2941 3577 3099 3643; x_wconf 84' lang='lat' dir='ltr'>Cain,</span> <span class='ocrx_word' id='word_1_921' title='bbox 3125 3577 3230 3651; x_wconf 88' lang='lat' dir='ltr'>qui</span> <span class='ocrx_word' id='word_1_922' title='bbox 3248 3581 3388 3638; x_wconf 85' lang='lat' dir='ltr'>huic</span> <span class='ocrx_word' id='word_1_923' title='bbox 3415 3577 3776 3651; x_wconf 77' lang='lat' dir='ltr'>observationi</span> <span class='ocrx_word' id='word_1_924' title='bbox 3797 3590 3868 3627; x_wconf 82' lang='lat' dir='ltr'>OC-</span> 
     </span>
    </p>
   </div>
   <div class='ocr_carea' id='block_1_128' title="bbox 2277 3648 3869 3721">
    <p class='ocr_par' dir='ltr' id='par_1_128' title="bbox 2277 3648 3869 3721">
     <span class='ocr_line' id='line_1_129' title="bbox 2277 3648 3869 3721; baseline -0.003 -17"><span class='ocrx_word' id='word_1_925' title='bbox 2277 3649 2569 3721; x_wconf 87' lang='lat' dir='ltr'>casionem</span> <span class='ocrx_word' id='word_1_926' title='bbox 2604 3650 2783 3713; x_wconf 90' lang='lat' dir='ltr'>dedit,</span> <span class='ocrx_word' id='word_1_927' title='bbox 2805 3650 3060 3704; x_wconf 90' lang='lat' dir='ltr'>divinam</span> <span class='ocrx_word' id='word_1_928' title='bbox 3092 3648 3536 3721; x_wconf 85' lang='lat' dir='ltr'>correctionem,</span> <span class='ocrx_word' id='word_1_929' title='bbox 3555 3653 3641 3707; x_wconf 91' lang='lat' dir='ltr'>cui</span> <span class='ocrx_word' id='word_1_930' title='bbox 3671 3648 3754 3705; x_wconf 88' lang='lat' dir='ltr'>ille</span> <span class='ocrx_word' id='word_1_931' title='bbox 3779 3661 3869 3699; x_wconf 83' lang='lat' dir='ltr'>res-</span> 
     </span>
    </p>
   </div>
   <div class='ocr_carea' id='block_1_129' title="bbox 2275 3720 3870 3793">
    <p class='ocr_par' dir='ltr' id='par_1_129' title="bbox 2275 3720 3870 3793">
     <span class='ocr_line' id='line_1_130' title="bbox 2275 3720 3870 3793; baseline 0 -18"><span class='ocrx_word' id='word_1_932' title='bbox 2275 3721 2416 3790; x_wconf 86' lang='lat' dir='ltr'>titit,</span> <span class='ocrx_word' id='word_1_933' title='bbox 2448 3736 2517 3776; x_wconf 85' lang='lat' dir='ltr'>ex</span> <span class='ocrx_word' id='word_1_934' title='bbox 2547 3720 2725 3793; x_wconf 86' lang='lat' dir='ltr'>hujus</span> <span class='ocrx_word' id='word_1_935' title='bbox 2751 3723 3008 3777; x_wconf 87' lang='lat' dir='ltr'>auctoris</span> <span class='ocrx_word' id='word_1_936' title='bbox 3051 3728 3246 3779; x_wconf 90' lang='lat' dir='ltr'>mente</span> <span class='ocrx_word' id='word_1_937' title='bbox 3276 3742 3394 3781; x_wconf 91' lang='lat' dir='ltr'>non</span> <span class='ocrx_word' id='word_1_938' title='bbox 3427 3726 3604 3780; x_wconf 77' lang='lat' dir='ltr'>fuisse</span> <span class='ocrx_word' id='word_1_939' title='bbox 3630 3723 3870 3793; x_wconf 61' lang='lat' dir='ltr'>exportet“</span> 
     </span>
    </p>
   </div>
   <div class='ocr_carea' id='block_1_130' title="bbox 2279 3787 3873 3864">
    <p class='ocr_par' dir='ltr' id='par_1_130' title="bbox 2279 3787 3873 3864">
     <span class='ocr_line' id='line_1_131' title="bbox 2279 3787 3873 3864; baseline 0.005 -18"><span class='ocrx_word' id='word_1_940' title='bbox 2279 3787 2438 3846; x_wconf 84' lang='lat' dir='ltr'>omni</span> <span class='ocrx_word' id='word_1_941' title='bbox 2461 3787 2647 3861; x_wconf 75' lang='lat' dir='ltr'>gratia</span> <span class='ocrx_word' id='word_1_942' title='bbox 2676 3795 2927 3864; x_wconf 88' lang='lat' dir='ltr'>interna,</span> <span class='ocrx_word' id='word_1_943' title='bbox 2961 3810 3085 3863; x_wconf 73' lang='lat' dir='ltr'>quae</span> <span class='ocrx_word' id='word_1_944' title='bbox 3125 3795 3196 3850; x_wconf 87' lang='lat' dir='ltr'>ad</span> <span class='ocrx_word' id='word_1_945' title='bbox 3240 3798 3501 3852; x_wconf 84' lang='lat' dir='ltr'>medendi</span> <span class='ocrx_word' id='word_1_946' title='bbox 3526 3787 3873 3864; x_wconf 9' lang='lat' dir='ltr'>modumrsufﬁ&#39;</span> 
     </span>
    </p>
   </div>
   <div class='ocr_carea' id='block_1_131' title="bbox 2277 3863 3871 3937">
    <p class='ocr_par' dir='ltr' id='par_1_131' title="bbox 2277 3863 3871 3937">
     <span class='ocr_line' id='line_1_132' title="bbox 2277 3863 3871 3937; baseline 0.002 -21"><span class='ocrx_word' id='word_1_947' title='bbox 2277 3866 2444 3937; x_wconf 83' lang='lat' dir='ltr'>ceret,</span> <span class='ocrx_word' id='word_1_948' title='bbox 2468 3865 2904 3937; x_wconf 84' lang='lat' dir='ltr'>demonstrasse</span> <span class='ocrx_word' id='word_1_949' title='bbox 2944 3865 3112 3937; x_wconf 85' lang='lat' dir='ltr'>nobis</span> <span class='ocrx_word' id='word_1_950' title='bbox 3142 3866 3435 3924; x_wconf 87' lang='lat' dir='ltr'>videmur.</span> <span class='ocrx_word' id='word_1_951' title='bbox 3464 3873 3659 3937; x_wconf 87' lang='lat' dir='ltr'>Itaque</span> <span class='ocrx_word' id='word_1_952' title='bbox 3685 3863 3747 3920; x_wconf 88' lang='lat' dir='ltr'>ad</span> <span class='ocrx_word' id='word_1_953' title='bbox 3774 3875 3871 3930; x_wconf 67' lang='lat' dir='ltr'>gra-</span> 
     </span>
    </p>
   </div>
   <div class='ocr_carea' id='block_1_132' title="bbox 2279 3933 3874 4008">
    <p class='ocr_par' dir='ltr' id='par_1_132' title="bbox 2279 3933 3874 4008">
     <span class='ocr_line' id='line_1_133' title="bbox 2279 3933 3874 4008; baseline -0.002 -21"><span class='ocrx_word' id='word_1_954' title='bbox 2279 3933 2422 3988; x_wconf 86' lang='lat' dir='ltr'>tiam</span> <span class='ocrx_word' id='word_1_955' title='bbox 2448 3951 2586 4008; x_wconf 78' lang='lat' dir='ltr'>vere</span> <span class='ocrx_word' id='word_1_956' title='bbox 2616 3935 2975 4007; x_wconf 86' lang='lat' dir='ltr'>interiorem,</span> <span class='ocrx_word' id='word_1_957' title='bbox 3007 3936 3100 3990; x_wconf 89' lang='lat' dir='ltr'>cui</span> <span class='ocrx_word' id='word_1_958' title='bbox 3131 3937 3330 4008; x_wconf 89' lang='lat' dir='ltr'>plures</span> <span class='ocrx_word' id='word_1_959' title='bbox 3383 3933 3682 4003; x_wconf 83' lang='lat' dir='ltr'>resistunt,</span> <span class='ocrx_word' id='word_1_960' title='bbox 3709 3944 3874 4004; x_wconf 85' lang='lat' dir='ltr'>quam-</span> 
     </span>
    </p>
   </div>
   <div class='ocr_carea' id='block_1_133' title="bbox 2281 4005 3877 4080">
    <p class='ocr_par' dir='ltr' id='par_1_133' title="bbox 2281 4005 3877 4080">
     <span class='ocr_line' id='line_1_134' title="bbox 2281 4005 3877 4080; baseline -0.004 -19"><span class='ocrx_word' id='word_1_961' title='bbox 2281 4020 2393 4080; x_wconf 88' lang='lat' dir='ltr'>que</span> <span class='ocrx_word' id='word_1_962' title='bbox 2422 4005 2672 4080; x_wconf 88' lang='lat' dir='ltr'>theologi</span> <span class='ocrx_word' id='word_1_963' title='bbox 2709 4005 3073 4078; x_wconf 78' lang='lat' dir='ltr'>su/ﬁcientem</span> <span class='ocrx_word' id='word_1_964' title='bbox 3101 4005 3400 4080; x_wconf 79' lang='lat' dir='ltr'>appellare</span> <span class='ocrx_word' id='word_1_965' title='bbox 3427 4015 3632 4075; x_wconf 85' lang='lat' dir='ltr'>solent,</span> <span class='ocrx_word' id='word_1_966' title='bbox 3661 4013 3877 4062; x_wconf 80' lang='lat' dir='ltr'>astruen-</span> 
     </span>
    </p>
   </div>
   <div class='ocr_carea' id='block_1_134' title="bbox 2281 4025 3878 4150">
    <p class='ocr_par' dir='ltr' id='par_1_134' title="bbox 2281 4025 3878 4150">
     <span class='ocr_line' id='line_1_135' title="bbox 2281 4025 3877 4134; baseline -0.004 -74"><span class='ocrx_word' id='word_1_967' title='bbox 2281 4025 2393 4075; x_wconf 91' lang='lat' dir='ltr'>que</span> <span class='ocrx_word' id='word_1_968' title='bbox 2422 4025 2672 4078; x_wconf 81' lang='lat' dir='ltr'>memogi</span> <span class='ocrx_word' id='word_1_969' title='bbox 2709 4025 3073 4078; x_wconf 70' lang='lat' dir='ltr'>sur/ieientem</span> <span class='ocrx_word' id='word_1_970' title='bbox 3101 4025 3400 4134; x_wconf 65' lang='lat' dir='ltr'>appellare</span> <span class='ocrx_word' id='word_1_971' title='bbox 3427 4025 3632 4075; x_wconf 83' lang='lat' dir='ltr'>sOIeut,</span> <span class='ocrx_word' id='word_1_972' title='bbox 3661 4025 3877 4062; x_wconf 75' lang='lat' dir='ltr'>astruen-</span> 
     </span>
     <span class='ocr_line' id='line_1_136' title="bbox 2281 4079 3878 4150; baseline -0.001 -19"><span class='ocrx_word' id='word_1_973' title='bbox 2281 4079 2412 4150; x_wconf 84' lang='lat' dir='ltr'>dam</span> <span class='ocrx_word' id='word_1_974' title='bbox 2455 4079 2652 4150; x_wconf 86' lang='lat' dir='ltr'>omnia</span> <span class='ocrx_word' id='word_1_975' title='bbox 2701 4081 3060 4150; x_wconf 87' lang='lat' dir='ltr'>conspirant.</span> <span class='ocrx_word' id='word_1_976' title='bbox 3117 4083 3129 4133; x_wconf 96' lang='lat' dir='ltr'>I</span> <span class='ocrx_word' id='word_1_977' title='bbox 3165 4082 3216 4134; x_wconf 88' lang='lat' dir='ltr'>la</span> <span class='ocrx_word' id='word_1_978' title='bbox 3263 4089 3458 4137; x_wconf 87' lang='lat' dir='ltr'>autem</span> <span class='ocrx_word' id='word_1_979' title='bbox 3502 4083 3614 4137; x_wconf 91' lang='lat' dir='ltr'>duo</span> <span class='ocrx_word' id='word_1_980' title='bbox 3646 4079 3755 4134; x_wconf 84' lang='lat' dir='ltr'>loca</span> <span class='ocrx_word' id='word_1_981' title='bbox 3781 4087 3878 4141; x_wconf 73' lang='lat' dir='ltr'>cap-</span> 
     </span>
    </p>
   </div>
   <div class='ocr_carea' id='block_1_135' title="bbox 2283 4149 3879 4224">
    <p class='ocr_par' dir='ltr' id='par_1_135' title="bbox 2283 4149 3879 4224">
     <span class='ocr_line' id='line_1_137' title="bbox 2283 4149 3879 4224; baseline 0.007 -22"><span class='ocrx_word' id='word_1_982' title='bbox 2283 4149 2437 4224; x_wconf 86' lang='lat' dir='ltr'>15_et</span> <span class='ocrx_word' id='word_1_983' title='bbox 2463 4149 2531 4205; x_wconf 93' lang='lat'>33</span> <span class='ocrx_word' id='word_1_984' title='bbox 2546 4149 2694 4224; x_wconf 76' lang='lat' dir='ltr'>libri</span> <span class='ocrx_word' id='word_1_985' title='bbox 2724 4151 2989 4217; x_wconf 88' lang='lat' dir='ltr'>secundi,</span> <span class='ocrx_word' id='word_1_986' title='bbox 3022 4151 3238 4221; x_wconf 89' lang='lat' dir='ltr'>quibus</span> <span class='ocrx_word' id='word_1_987' title='bbox 3261 4151 3716 4210; x_wconf 76' lang='lat' dir='ltr'>annotavit688</span> <span class='ocrx_word' id='word_1_988' title='bbox 3739 4151 3879 4224; x_wconf 54' lang='grc' dir='ltr'>ΘΒΜ·</span> 
     </span>
    </p>
   </div>
   <div class='ocr_carea' id='block_1_136' title="bbox 2282 4217 3878 4294">
    <p class='ocr_par' dir='ltr' id='par_1_136' title="bbox 2282 4217 3878 4294">
     <span class='ocr_line' id='line_1_138' title="bbox 2282 4217 3878 4294; baseline -0.004 -20"><span class='ocrx_word' id='word_1_989' title='bbox 2282 4220 2476 4294; x_wconf 83' lang='lat' dir='ltr'>uellus</span> <span class='ocrx_word' id='word_1_990' title='bbox 2520 4221 2772 4294; x_wconf 82' lang='lat' dir='ltr'>divinam</span> <span class='ocrx_word' id='word_1_991' title='bbox 2816 4217 3060 4288; x_wconf 75' lang='lat' dir='ltr'>gratiam</span> <span class='ocrx_word' id='word_1_992' title='bbox 3105 4228 3357 4288; x_wconf 86' lang='lat' dir='ltr'>superari</span> <span class='ocrx_word' id='word_1_993' title='bbox 3384 4242 3499 4280; x_wconf 89' lang='lat' dir='ltr'>non</span> <span class='ocrx_word' id='word_1_994' title='bbox 3525 4239 3690 4294; x_wconf 84' lang='lat' dir='ltr'>posse,</span> <span class='ocrx_word' id='word_1_995' title='bbox 3718 4217 3792 4273; x_wconf 88' lang='lat' dir='ltr'>vel</span> <span class='ocrx_word' id='word_1_996' title='bbox 3817 4217 3878 4294; x_wconf 81' lang='lat' dir='ltr'>ei-</span> 
     </span>
    </p>
   </div>
   <div class='ocr_carea' id='block_1_137' title="bbox 2281 4291 3880 4370">
    <p class='ocr_par' dir='ltr' id='par_1_137' title="bbox 2281 4291 3880 4370">
     <span class='ocr_line' id='line_1_139' title="bbox 2281 4291 3880 4370; baseline 0.001 -24"><span class='ocrx_word' id='word_1_997' title='bbox 2281 4292 2424 4370; x_wconf 67' lang='lat' dir='ltr'>dem</span> <span class='ocrx_word' id='word_1_998' title='bbox 2444 4293 2588 4348; x_wconf 89' lang='lat' dir='ltr'>nihil</span> <span class='ocrx_word' id='word_1_999' title='bbox 2619 4309 2769 4370; x_wconf 77' lang='lat' dir='ltr'>posse</span> <span class='ocrx_word' id='word_1_1000' title='bbox 2787 4294 3064 4370; x_wconf 79' lang='lat' dir='ltr'>obsistere,</span> <span class='ocrx_word' id='word_1_1001' title='bbox 3085 4291 3880 4370; x_wconf 27' lang='lat' dir='ltr'>haudquaquamﬂrepugnenf-</span> 
     </span>
    </p>
   </div>
   <div class='ocr_carea' id='block_1_138' title="bbox 2282 4362 3885 4440">
    <p class='ocr_par' dir='ltr' id='par_1_138' title="bbox 2282 4362 3885 4440">
     <span class='ocr_line' id='line_1_140' title="bbox 2282 4362 3885 4440; baseline -0.001 -23"><span class='ocrx_word' id='word_1_1002' title='bbox 2282 4363 2498 4440; x_wconf 66' lang='lat' dir='ltr'>Neutra</span> <span class='ocrx_word' id='word_1_1003' title='bbox 2546 4364 2700 4419; x_wconf 90' lang='lat' dir='ltr'>enim</span> <span class='ocrx_word' id='word_1_1004' title='bbox 2749 4365 2808 4419; x_wconf 91' lang='lat' dir='ltr'>in</span> <span class='ocrx_word' id='word_1_1005' title='bbox 2858 4364 2985 4440; x_wconf 75' lang='lat' dir='ltr'>louo</span> <span class='ocrx_word' id='word_1_1006' title='bbox 3032 4370 3237 4440; x_wconf 83' lang='lat' dir='ltr'>auctor</span> <span class='ocrx_word' id='word_1_1007' title='bbox 3264 4362 3496 4440; x_wconf 60' lang='lat' dir='ltr'>agit&#39;de</span> <span class='ocrx_word' id='word_1_1008' title='bbox 3524 4368 3622 4424; x_wconf 89' lang='lat' dir='ltr'>illa</span> <span class='ocrx_word' id='word_1_1009' title='bbox 3646 4362 3885 4440; x_wconf 73' lang='lat' dir='ltr'>potestate</span> 
     </span>
    </p>
   </div>
   <div class='ocr_carea' id='block_1_139' title="bbox 2281 4434 3884 4506">
    <p class='ocr_par' dir='ltr' id='par_1_139' title="bbox 2281 4434 3884 4506">
     <span class='ocr_line' id='line_1_141' title="bbox 2281 4434 3884 4506; baseline -0.001 -17"><span class='ocrx_word' id='word_1_1010' title='bbox 2281 4434 2599 4490; x_wconf 89' lang='lat' dir='ltr'>intrinseca</span> <span class='ocrx_word' id='word_1_1011' title='bbox 2627 4452 2743 4506; x_wconf 88' lang='lat' dir='ltr'>qua</span> <span class='ocrx_word' id='word_1_1012' title='bbox 2770 4436 2904 4505; x_wconf 89' lang='lat' dir='ltr'>quis</span> <span class='ocrx_word' id='word_1_1013' title='bbox 2933 4436 3195 4493; x_wconf 88' lang='lat' dir='ltr'>interiori</span> <span class='ocrx_word' id='word_1_1014' title='bbox 3226 4434 3424 4506; x_wconf 58' lang='lat' dir='ltr'>gratia</span> <span class='ocrx_word' id='word_1_1015' title='bbox 3453 4440 3563 4496; x_wconf 91' lang='lat' dir='ltr'>sibi</span> <span class='ocrx_word' id='word_1_1016' title='bbox 3596 4434 3792 4494; x_wconf 74' lang='lat' dir='ltr'>cellsw</span> <span class='ocrx_word' id='word_1_1017' title='bbox 3817 4445 3884 4484; x_wconf 81' lang='lat' dir='ltr'>re-</span> 
     </span>
    </p>
   </div>
   <div class='ocr_carea' id='block_1_140' title="bbox 2283 4507 3885 4578">
    <p class='ocr_par' dir='ltr' id='par_1_140' title="bbox 2283 4507 3885 4578">
     <span class='ocr_line' id='line_1_142' title="bbox 2283 4507 3885 4578; baseline -0.001 -18"><span class='ocrx_word' id='word_1_1018' title='bbox 2283 4511 2488 4562; x_wconf 89' lang='lat' dir='ltr'>sistere</span> <span class='ocrx_word' id='word_1_1019' title='bbox 2522 4512 2729 4578; x_wconf 89' lang='lat' dir='ltr'>potest,</span> <span class='ocrx_word' id='word_1_1020' title='bbox 2763 4514 2938 4577; x_wconf 90' lang='lat' dir='ltr'>atque</span> <span class='ocrx_word' id='word_1_1021' title='bbox 2978 4509 3294 4566; x_wconf 88' lang='lat' dir='ltr'>nonnullos</span> <span class='ocrx_word' id='word_1_1022' title='bbox 3326 4513 3601 4568; x_wconf 85' lang='lat' dir='ltr'>resistere</span> <span class='ocrx_word' id='word_1_1023' title='bbox 3628 4507 3885 4565; x_wconf 74' lang='lat' dir='ltr'>confessus</span> 
     </span>
    </p>
   </div>
   <div class='ocr_carea' id='block_1_141' title="bbox 2280 4579 3886 4652">
    <p class='ocr_par' dir='ltr' id='par_1_141' title="bbox 2280 4579 3886 4652">
     <span class='ocr_line' id='line_1_143' title="bbox 2280 4579 3886 4652; baseline 0.001 -20"><span class='ocrx_word' id='word_1_1024' title='bbox 2280 4583 2399 4652; x_wconf 59' lang='lat' dir='ltr'>est,</span> <span class='ocrx_word' id='word_1_1025' title='bbox 2421 4579 2521 4633; x_wconf 90' lang='lat' dir='ltr'>sed</span> <span class='ocrx_word' id='word_1_1026' title='bbox 2553 4581 2675 4651; x_wconf 87' lang='lat' dir='ltr'>agit</span> <span class='ocrx_word' id='word_1_1027' title='bbox 2705 4581 2778 4634; x_wconf 88' lang='lat' dir='ltr'>de</span> <span class='ocrx_word' id='word_1_1028' title='bbox 2821 4580 2873 4633; x_wconf 92' lang='lat' dir='ltr'>vi</span> <span class='ocrx_word' id='word_1_1029' title='bbox 2908 4584 3144 4636; x_wconf 86' lang='lat' dir='ltr'>externa</span> <span class='ocrx_word' id='word_1_1030' title='bbox 3176 4599 3304 4649; x_wconf 74' lang='lat' dir='ltr'>quas</span> <span class='ocrx_word' id='word_1_1031' title='bbox 3335 4586 3407 4638; x_wconf 84' lang='lat' dir='ltr'>ad</span> <span class='ocrx_word' id='word_1_1032' title='bbox 3441 4600 3560 4639; x_wconf 91' lang='lat' dir='ltr'>rem</span> <span class='ocrx_word' id='word_1_1033' title='bbox 3589 4581 3886 4652; x_wconf 61' lang='lat' dir='ltr'>prasente!“</span> 
     </span>
    </p>
   </div>
   <div class='ocr_carea' id='block_1_142' title="bbox 2280 4649 3884 4723">
    <p class='ocr_par' dir='ltr' id='par_1_142' title="bbox 2280 4649 3884 4723">
     <span class='ocr_line' id='line_1_144' title="bbox 2280 4649 3884 4723; baseline -0.003 -19"><span class='ocrx_word' id='word_1_1034' title='bbox 2280 4649 2532 4723; x_wconf 82' lang='lat' dir='ltr'>nihilum</span> <span class='ocrx_word' id='word_1_1035' title='bbox 2563 4649 2824 4721; x_wconf 85' lang='lat' dir='ltr'>spectat;</span> <span class='ocrx_word' id='word_1_1036' title='bbox 2858 4667 3104 4723; x_wconf 86' lang='lat' dir='ltr'>eamque</span> <span class='ocrx_word' id='word_1_1037' title='bbox 3148 4653 3405 4711; x_wconf 84' lang='lat' dir='ltr'>exterius</span> <span class='ocrx_word' id='word_1_1038' title='bbox 3454 4649 3884 4710; x_wconf 79' lang='lat' dir='ltr'>admotaminte-</span> 
     </span>
    </p>
   </div>
   <div class='ocr_carea' id='block_1_143' title="bbox 2280 4720 3888 4841">
    <p class='ocr_par' dir='ltr' id='par_1_143' title="bbox 2280 4720 3888 4841">
     <span class='ocr_line' id='line_1_145' title="bbox 2280 4720 3888 4841; baseline 0.001 -68"><span class='ocrx_word' id='word_1_1039' title='bbox 2280 4720 2418 4774; x_wconf 89' lang='lat' dir='ltr'>riori</span> <span class='ocrx_word' id='word_1_1040' title='bbox 2447 4720 2668 4793; x_wconf 62' lang='lat' dir='ltr'>gratias,</span> <span class='ocrx_word' id='word_1_1041' title='bbox 2691 4740 2864 4794; x_wconf 89' lang='lat' dir='ltr'>quam</span> <span class='ocrx_word' id='word_1_1042' title='bbox 2887 4720 3038 4779; x_wconf 77' lang='lat' dir='ltr'>Deus</span> <span class='ocrx_word' id='word_1_1043' title='bbox 3063 4725 3375 4796; x_wconf 88' lang='lat' dir='ltr'>inspiravit</span> <span class='ocrx_word' id='word_1_1044' title='bbox 3400 4728 3668 4782; x_wconf 86' lang='lat' dir='ltr'>resistere</span> <span class='ocrx_word' id='word_1_1045' title='bbox 3695 4737 3795 4778; x_wconf 90' lang='lat' dir='ltr'>non</span> <span class='ocrx_word' id='word_1_1046' title='bbox 3815 4730 3888 4841; x_wconf 57' lang='lat' dir='ltr'>uo&#39;</span> 
     </span>
     <span class='ocr_line' id='line_1_146' title="bbox 2280 4792 3888 4841; baseline -0.001 0"><span class='ocrx_word' id='word_1_1047' title='bbox 2280 4792 2460 4841; x_wconf 78' lang='lat' dir='ltr'>tuisse.</span> <span class='ocrx_word' id='word_1_1048' title='bbox 2493 4797 2852 4841; x_wconf 77' lang='lat' dir='ltr'>nrnnnntiat-</span> <span class='ocrx_word' id='word_1_1049' title='bbox 2885 4795 3192 4841; x_wconf 71' lang='lat' dir='ltr'>Enimvarn</span> <span class='ocrx_word' id='word_1_1050' title='bbox 3222 4798 3397 4841; x_wconf 78' lang='lat' dir='ltr'>nrim-i</span> <span class='ocrx_word' id='word_1_1051' title='bbox 3428 4803 3588 4841; x_wconf 65' lang='lat' dir='ltr'>{sum</span> <span class='ocrx_word' id='word_1_1052' title='bbox 3621 4799 3802 4841; x_wconf 69' lang='lat' dir='ltr'>annim‘</span> <span class='ocrx_word' id='word_1_1053' title='bbox 3842 4802 3888 4839; x_wconf 85' lang='lat'><strong>0-</strong></span> 
     </span>
    </p>
   </div>
   <div class='ocr_carea' id='block_1_144' title="bbox 2277 4792 3888 4868">
    <p class='ocr_par' dir='ltr' id='par_1_144' title="bbox 2277 4792 3888 4868">
     <span class='ocr_line' id='line_1_147' title="bbox 2277 4792 3888 4868; baseline -0.001 -21"><span class='ocrx_word' id='word_1_1054' title='bbox 2277 4792 2462 4848; x_wconf 86' lang='lat' dir='ltr'>tuisse</span> <span class='ocrx_word' id='word_1_1055' title='bbox 2493 4792 2859 4868; x_wconf 74' lang='lat' dir='ltr'>pronuntiat.</span> <span class='ocrx_word' id='word_1_1056' title='bbox 2885 4792 3192 4851; x_wconf 87' lang='lat' dir='ltr'>Enimvero</span> <span class='ocrx_word' id='word_1_1057' title='bbox 3222 4798 3398 4866; x_wconf 91' lang='lat' dir='ltr'>priori</span> <span class='ocrx_word' id='word_1_1058' title='bbox 3428 4803 3589 4854; x_wconf 83' lang='lat' dir='ltr'>textu</span> <span class='ocrx_word' id='word_1_1059' title='bbox 3621 4799 3802 4868; x_wconf 77' lang='lat' dir='ltr'>auctor</span> <span class='ocrx_word' id='word_1_1060' title='bbox 3825 4792 3888 4868; x_wconf 69' lang='grc' dir='ltr'>ιρ-</span> 
     </span>
    </p>
   </div>
   <div class='ocr_carea' id='block_1_145' title="bbox 2280 4863 3889 4939">
    <p class='ocr_par' dir='ltr' id='par_1_145' title="bbox 2280 4863 3889 4939">
     <span class='ocr_line' id='line_1_148' title="bbox 2280 4863 3889 4939; baseline 0.011 -22"><span class='ocrx_word' id='word_1_1061' title='bbox 2280 4863 2569 4939; x_wconf 83' lang='lat' dir='ltr'>quensde</span> <span class='ocrx_word' id='word_1_1062' title='bbox 2601 4867 2980 4939; x_wconf 83' lang='lat' dir='ltr'>martyribus,</span> <span class='ocrx_word' id='word_1_1063' title='bbox 3032 4863 3321 4939; x_wconf 34' lang='lat' dir='ltr'>Illeig‘nis</span> <span class='ocrx_word' id='word_1_1064' title='bbox 3358 4869 3686 4934; x_wconf 85' lang='lat' dir='ltr'>dilectionis,</span> <span class='ocrx_word' id='word_1_1065' title='bbox 3713 4863 3889 4939; x_wconf 41' lang='lat' dir='ltr'>inqui“</span> 
     </span>
    </p>
   </div>
   <div class='ocr_carea' id='block_1_146' title="bbox 2281 4930 3890 5010">
    <p class='ocr_par' dir='ltr' id='par_1_146' title="bbox 2281 4930 3890 5010">
     <span class='ocr_line' id='line_1_149' title="bbox 2281 4930 3890 5010; baseline 0.001 -19"><span class='ocrx_word' id='word_1_1066' title='bbox 2281 4930 2439 5007; x_wconf 79' lang='lat' dir='ltr'>quem</span> <span class='ocrx_word' id='word_1_1067' title='bbox 2469 4938 2528 4991; x_wconf 89' lang='lat' dir='ltr'>in</span> <span class='ocrx_word' id='word_1_1068' title='bbox 2557 4930 2809 4994; x_wconf 72' lang='lat' dir='ltr'>cordibus</span> <span class='ocrx_word' id='word_1_1069' title='bbox 2837 4939 3088 5008; x_wconf 72' lang='lat' dir='ltr'>ﬁdelium</span> <span class='ocrx_word' id='word_1_1070' title='bbox 3129 4930 3376 5010; x_wconf 74' lang='lat' dir='ltr'>Spiritus</span> <span class='ocrx_word' id='word_1_1071' title='bbox 3421 4945 3641 4997; x_wconf 84' lang='lat' dir='ltr'>sanctus</span> <span class='ocrx_word' id='word_1_1072' title='bbox 3669 4930 3890 5010; x_wconf 60' lang='lat' dir='ltr'>accendt-</span> 
     </span>
    </p>
   </div>
   <div class='ocr_carea' id='block_1_147' title="bbox 2279 5009 3893 5083">
    <p class='ocr_par' dir='ltr' id='par_1_147' title="bbox 2279 5009 3893 5083">
     <span class='ocr_line' id='line_1_150' title="bbox 2279 5009 3893 5083; baseline -0.001 -20"><span class='ocrx_word' id='word_1_1073' title='bbox 2279 5018 2393 5074; x_wconf 83' lang='lat' dir='ltr'>rat,</span> <span class='ocrx_word' id='word_1_1074' title='bbox 2417 5010 2575 5066; x_wconf 89' lang='lat' dir='ltr'>nullo</span> <span class='ocrx_word' id='word_1_1075' title='bbox 2595 5010 2752 5065; x_wconf 86' lang='lat' dir='ltr'>modo</span> <span class='ocrx_word' id='word_1_1076' title='bbox 2771 5011 2838 5064; x_wconf 86' lang='lat' dir='ltr'>ab</span> <span class='ocrx_word' id='word_1_1077' title='bbox 2866 5009 3271 5083; x_wconf 79' lang='lat' dir='ltr'>apprimentius</span> <span class='ocrx_word' id='word_1_1078' title='bbox 3296 5016 3475 5083; x_wconf 84' lang='lat' dir='ltr'>posset</span> <span class='ocrx_word' id='word_1_1079' title='bbox 3503 5009 3893 5083; x_wconf 72' lang='lat' dir='ltr'>exstingui,ct_lm</span> 
     </span>
    </p>
   </div>
   <div class='ocr_carea' id='block_1_148' title="bbox 2277 5079 3890 5150">
    <p class='ocr_par' dir='ltr' id='par_1_148' title="bbox 2277 5079 3890 5150">
     <span class='ocr_line' id='line_1_151' title="bbox 2277 5079 3890 5150; baseline 0 -16"><span class='ocrx_word' id='word_1_1080' title='bbox 2277 5085 2332 5135; x_wconf 89' lang='lat' dir='ltr'>et</span> <span class='ocrx_word' id='word_1_1081' title='bbox 2361 5083 2456 5150; x_wconf 89' lang='lat' dir='ltr'>qui</span> <span class='ocrx_word' id='word_1_1082' title='bbox 2484 5084 2880 5137; x_wconf 86' lang='lat' dir='ltr'>cruciabantur</span> <span class='ocrx_word' id='word_1_1083' title='bbox 2901 5079 3306 5138; x_wconf 62' lang='lat' dir='ltr'>iehementius&#39;</span> <span class='ocrx_word' id='word_1_1084' title='bbox 3333 5084 3759 5142; x_wconf 80' lang='lat' dir='ltr'>inardescerent,</span> <span class='ocrx_word' id='word_1_1085' title='bbox 3803 5079 3890 5150; x_wconf 57' lang='lat' dir='ltr'>et?-</span> 
     </span>
    </p>
   </div>
   <div class='ocr_carea' id='block_1_149' title="bbox 2278 5143 3893 5210">
    <p class='ocr_par' dir='ltr' id='par_1_149' title="bbox 2278 5143 3893 5210">
     <span class='ocr_line' id='line_1_152' title="bbox 2278 5143 3893 5210; baseline -0.005 -7"><span class='ocrx_word' id='word_1_1086' title='bbox 2278 5143 2584 5207; x_wconf 78' lang='lat' dir='ltr'>Posteriori</span> <span class='ocrx_word' id='word_1_1087' title='bbox 2617 5159 2812 5208; x_wconf 89' lang='lat' dir='ltr'>autem</span> <span class='ocrx_word' id='word_1_1088' title='bbox 2845 5157 3000 5208; x_wconf 87' lang='lat' dir='ltr'>textu</span> <span class='ocrx_word' id='word_1_1089' title='bbox 3034 5154 3326 5210; x_wconf 86' lang='lat' dir='ltr'>disserens</span> <span class='ocrx_word' id='word_1_1090' title='bbox 3355 5157 3426 5210; x_wconf 91' lang='lat' dir='ltr'>de</span> <span class='ocrx_word' id='word_1_1091' title='bbox 3452 5154 3676 5209; x_wconf 82' lang='lat' dir='ltr'>bellicis</span> <span class='ocrx_word' id='word_1_1092' title='bbox 3703 5143 3893 5205; x_wconf 87' lang='lat' dir='ltr'>tumul-</span> 
     </span>
    </p>
   </div>
   <div class='ocr_carea' id='block_1_150' title="bbox 2278 5223 3891 5301">
    <p class='ocr_par' dir='ltr' id='par_1_150' title="bbox 2278 5223 3891 5301">
     <span class='ocr_line' id='line_1_153' title="bbox 2278 5223 3891 5301; baseline -0.004 -26"><span class='ocrx_word' id='word_1_1093' title='bbox 2278 5223 2441 5278; x_wconf 89' lang='lat' dir='ltr'>tibus</span> <span class='ocrx_word' id='word_1_1094' title='bbox 2489 5240 2738 5301; x_wconf 68' lang='lat' dir='ltr'>quorum</span> <span class='ocrx_word' id='word_1_1095' title='bbox 2789 5225 3093 5301; x_wconf 72' lang='lat' dir='ltr'>ocuasjune</span> <span class='ocrx_word' id='word_1_1096' title='bbox 3137 5226 3314 5297; x_wconf 89' lang='lat' dir='ltr'>aliqui</span> <span class='ocrx_word' id='word_1_1097' title='bbox 3361 5227 3594 5281; x_wconf 87' lang='lat' dir='ltr'>barbari</span> <span class='ocrx_word' id='word_1_1098' title='bbox 3644 5227 3891 5301; x_wconf 49' lang='lat' dir='ltr'>Romanof</span> 
     </span>
    </p>
   </div>
   <div class='ocr_carea' id='block_1_151' title="bbox 2282 5293 3894 5368">
    <p class='ocr_par' dir='ltr' id='par_1_151' title="bbox 2282 5293 3894 5368">
     <span class='ocr_line' id='line_1_154' title="bbox 2282 5293 3894 5368; baseline -0.003 -22"><span class='ocrx_word' id='word_1_1099' title='bbox 2282 5309 2427 5368; x_wconf 81' lang='lat' dir='ltr'>rum</span> <span class='ocrx_word' id='word_1_1100' title='bbox 2463 5293 2772 5368; x_wconf 82' lang='lat' dir='ltr'>auxiliares</span> <span class='ocrx_word' id='word_1_1101' title='bbox 2822 5293 2891 5368; x_wconf 86' lang='lat' dir='ltr'>ad</span> <span class='ocrx_word' id='word_1_1102' title='bbox 2943 5294 3116 5351; x_wconf 85' lang='lat' dir='ltr'>ﬁdem</span> <span class='ocrx_word' id='word_1_1103' title='bbox 3171 5293 3486 5361; x_wconf 75' lang='lat' dir='ltr'>accessere,</span> <span class='ocrx_word' id='word_1_1104' title='bbox 3533 5313 3679 5368; x_wconf 89' lang='lat' dir='ltr'>opus</span> <span class='ocrx_word' id='word_1_1105' title='bbox 3720 5293 3894 5347; x_wconf 70' lang='lat' dir='ltr'>divinis</span> 
     </span>
    </p>
   </div>
   <div class='ocr_carea' id='block_1_152' title="bbox 2281 5365 3894 5441">
    <p class='ocr_par' dir='ltr' id='par_1_152' title="bbox 2281 5365 3894 5441">
     <span class='ocr_line' id='line_1_155' title="bbox 2281 5365 3894 5441; baseline 0.004 -26"><span class='ocrx_word' id='word_1_1106' title='bbox 2281 5365 2483 5441; x_wconf 73' lang='lat' dir='ltr'>gratias</span> <span class='ocrx_word' id='word_1_1107' title='bbox 2525 5365 2618 5441; x_wconf 86' lang='lat' dir='ltr'>his</span> <span class='ocrx_word' id='word_1_1108' title='bbox 2660 5365 2914 5441; x_wconf 66' lang='lat' dir='ltr'>externis</span> <span class='ocrx_word' id='word_1_1109' title='bbox 2957 5368 3315 5441; x_wconf 83' lang='lat' dir='ltr'>tumultibus</span> <span class='ocrx_word' id='word_1_1110' title='bbox 3363 5365 3644 5441; x_wconf 82' lang='lat' dir='ltr'>impederi</span> <span class='ocrx_word' id='word_1_1111' title='bbox 3675 5380 3779 5441; x_wconf 76' lang='lat' dir='ltr'>non</span> <span class='ocrx_word' id='word_1_1112' title='bbox 3809 5375 3894 5441; x_wconf 71' lang='grc' dir='ltr'>ρο·</span> 
     </span>
    </p>
   </div>
   <div class='ocr_carea' id='block_1_153' title="bbox 2278 5433 3896 5498">
    <p class='ocr_par' dir='ltr' id='par_1_153' title="bbox 2278 5433 3896 5498">
     <span class='ocr_line' id='line_1_156' title="bbox 2278 5433 3896 5498; baseline 0.001 -11"><span class='ocrx_word' id='word_1_1113' title='bbox 2278 5435 2466 5490; x_wconf 85' lang='lat' dir='ltr'>tuisse</span> <span class='ocrx_word' id='word_1_1114' title='bbox 2507 5436 2729 5489; x_wconf 88' lang='lat' dir='ltr'>notavit</span> <span class='ocrx_word' id='word_1_1115' title='bbox 2770 5434 2864 5490; x_wconf 88' lang='lat' dir='ltr'>his</span> <span class='ocrx_word' id='word_1_1116' title='bbox 2893 5437 3085 5494; x_wconf 88' lang='lat' dir='ltr'>verbis</span> <span class='ocrx_word' id='word_1_1117' title='bbox 3118 5457 3130 5495; x_wconf 92' lang='lat'>:</span> <span class='ocrx_word' id='word_1_1118' title='bbox 3168 5443 3244 5496; x_wconf 86' lang='lat' dir='ltr'>Ita</span> <span class='ocrx_word' id='word_1_1119' title='bbox 3271 5443 3417 5496; x_wconf 85' lang='lat' dir='ltr'>nihil</span> <span class='ocrx_word' id='word_1_1120' title='bbox 3445 5433 3701 5498; x_wconf 81' lang='lat' dir='ltr'>obsistere</span> <span class='ocrx_word' id='word_1_1121' title='bbox 3726 5433 3896 5490; x_wconf 63' lang='lat' dir='ltr'>divina?</span> 
     </span>
    </p>
   </div>
   <div class='ocr_carea' id='block_1_154' title="bbox 2275 5507 3896 5583">
    <p class='ocr_par' dir='ltr' id='par_1_154' title="bbox 2275 5507 3896 5583">
     <span class='ocr_line' id='line_1_157' title="bbox 2275 5507 3896 5583; baseline 0.002 -24"><span class='ocrx_word' id='word_1_1122' title='bbox 2275 5507 2705 5583; x_wconf 62' lang='lat' dir='ltr'>gratiepotest,</span> <span class='ocrx_word' id='word_1_1123' title='bbox 2725 5511 3019 5583; x_wconf 82' lang='lat' dir='ltr'>quominus</span> <span class='ocrx_word' id='word_1_1124' title='bbox 3047 5513 3107 5568; x_wconf 83' lang='lat' dir='ltr'>id</span> <span class='ocrx_word' id='word_1_1125' title='bbox 3135 5512 3274 5583; x_wconf 89' lang='lat' dir='ltr'>quod</span> <span class='ocrx_word' id='word_1_1126' title='bbox 3316 5514 3571 5576; x_wconf 86' lang='lat' dir='ltr'>uoluerit,</span> <span class='ocrx_word' id='word_1_1127' title='bbox 3603 5509 3896 5583; x_wconf 64' lang='lat' dir='ltr'>impleatur&quot;</span> 
     </span>
    </p>
   </div>
   <div class='ocr_carea' id='block_1_155' title="bbox 2280 5576 3897 5654">
    <p class='ocr_par' dir='ltr' id='par_1_155' title="bbox 2280 5576 3897 5654">
     <span class='ocr_line' id='line_1_158' title="bbox 2280 5576 3897 5654; baseline 0.008 -24"><span class='ocrx_word' id='word_1_1128' title='bbox 2280 5578 2418 5654; x_wconf 72' lang='lat' dir='ltr'>dum</span> <span class='ocrx_word' id='word_1_1129' title='bbox 2451 5579 2618 5654; x_wconf 78' lang='lat' dir='ltr'>stium</span> <span class='ocrx_word' id='word_1_1130' title='bbox 2647 5576 2938 5638; x_wconf 70' lang='lat' dir='ltr'>discordiae</span> <span class='ocrx_word' id='word_1_1131' title='bbox 2965 5583 3043 5638; x_wconf 87' lang='lat' dir='ltr'>ad</span> <span class='ocrx_word' id='word_1_1132' title='bbox 3069 5576 3340 5640; x_wconf 71' lang='lat' dir='ltr'>unitatem</span> <span class='ocrx_word' id='word_1_1133' title='bbox 3381 5584 3625 5649; x_wconf 81' lang='lat' dir='ltr'>trahunt,</span> <span class='ocrx_word' id='word_1_1134' title='bbox 3655 5576 3717 5654; x_wconf 77' lang='lat' dir='ltr'>et</span> <span class='ocrx_word' id='word_1_1135' title='bbox 3749 5576 3897 5654; x_wconf 56' lang='lat' dir='ltr'>p109?</span> 
     </span>
    </p>
   </div>
   <div class='ocr_carea' id='block_1_156' title="bbox 2278 5649 3898 5719">
    <p class='ocr_par' dir='ltr' id='par_1_156' title="bbox 2278 5649 3898 5719">
     <span class='ocr_line' id='line_1_159' title="bbox 2278 5649 3898 5719; baseline -0.001 -15"><span class='ocrx_word' id='word_1_1136' title='bbox 2278 5650 2341 5704; x_wconf 87' lang='lat' dir='ltr'>in</span> <span class='ocrx_word' id='word_1_1137' title='bbox 2368 5649 2615 5705; x_wconf 84' lang='lat' dir='ltr'>remedia</span> <span class='ocrx_word' id='word_1_1138' title='bbox 2645 5658 2954 5718; x_wconf 84' lang='lat' dir='ltr'>uertuntur,</span> <span class='ocrx_word' id='word_1_1139' title='bbox 2987 5663 3050 5709; x_wconf 86' lang='lat' dir='ltr'>ut</span> <span class='ocrx_word' id='word_1_1140' title='bbox 3074 5655 3322 5712; x_wconf 84' lang='lat' dir='ltr'>Ecclesia</span> <span class='ocrx_word' id='word_1_1141' title='bbox 3359 5655 3503 5713; x_wconf 86' lang='lat' dir='ltr'>unde</span> <span class='ocrx_word' id='word_1_1142' title='bbox 3541 5649 3757 5710; x_wconf 82' lang='lat' dir='ltr'>metuit</span> <span class='ocrx_word' id='word_1_1143' title='bbox 3767 5649 3898 5719; x_wconf 74' lang='lat' dir='ltr'>pert-</span> 
     </span>
    </p>
   </div>
   <div class='ocr_carea' id='block_1_157' title="bbox 2277 5719 3262 5796">
    <p class='ocr_par' dir='ltr' id='par_1_157' title="bbox 2277 5719 3262 5796">
     <span class='ocr_line' id='line_1_160' title="bbox 2277 5719 3262 5796; baseline 0.004 -17"><span class='ocrx_word' id='word_1_1144' title='bbox 2277 5719 2507 5796; x_wconf 71' lang='lat' dir='ltr'>culu_m,_</span> <span class='ocrx_word' id='word_1_1145' title='bbox 2517 5721 2644 5778; x_wconf 87' lang='lat' dir='ltr'>inde</span> <span class='ocrx_word' id='word_1_1146' title='bbox 2669 5732 2857 5796; x_wconf 83' lang='lat' dir='ltr'>sumat</span> <span class='ocrx_word' id='word_1_1147' title='bbox 2883 5730 3262 5796; x_wconf 84' lang='lat' dir='ltr'>augmentum.</span> 
     </span>
    </p>
   </div>
   <div class='ocr_carea' id='block_1_158' title="bbox 2351 5781 3903 5870">
    <p class='ocr_par' dir='ltr' id='par_1_158' title="bbox 2351 5781 3903 5870">
     <span class='ocr_line' id='line_1_161' title="bbox 2351 5781 3903 5870; baseline -0.008 -9"><span class='ocrx_word' id='word_1_1148' title='bbox 2351 5791 2447 5854; x_wconf 62' lang='grc'>24.</span> <span class='ocrx_word' id='word_1_1149' title='bbox 2468 5781 2852 5859; x_wconf 73' lang='lat' dir='ltr'>Commendat</span> <span class='ocrx_word' id='word_1_1150' title='bbox 2867 5781 3042 5870; x_wconf 67' lang='lat' dir='ltr'>porro</span> <span class='ocrx_word' id='word_1_1151' title='bbox 3069 5781 3233 5862; x_wconf 72' lang='lat' dir='ltr'>idem</span> <span class='ocrx_word' id='word_1_1152' title='bbox 3249 5781 3462 5862; x_wconf 17' lang='lat' dir='ltr'>Venetos</span> <span class='ocrx_word' id='word_1_1153' title='bbox 3485 5794 3668 5863; x_wconf 76' lang='lat' dir='ltr'>variis</span> <span class='ocrx_word' id='word_1_1154' title='bbox 3691 5792 3752 5854; x_wconf 82' lang='lat' dir='ltr'>in</span> <span class='ocrx_word' id='word_1_1155' title='bbox 3775 5781 3903 5851; x_wconf 70' lang='lat' dir='ltr'>locis</span> 
     </span>
    </p>
   </div>
  </div>
