4036 6200
237 214 341 274 393

300 346 551 400 Primum
583 343 744 399 enim
777 343 1082 415 utriusque
1113 342 1272 398 illius
1299 343 1499 415 scripti
1532 358 1746 415 scapus
1776 342 1869 415 hic
1902 347 1952 413 Α

227 423 349 473 est:
393 422 457 471 ut
504 416 649 487 quid
702 415 934 487 praecise
982 414 1053 469 ab
1103 415 1339 469 bomine
1381 414 1661 487 catholico
1706 414 1866 487 credi

228 493 486 560 oporteat
526 485 716 541 circa
742 487 1288 560 praedestinaiionis
1313 485 1628 560 gratiaeque
1660 486 1867 560 divinas

223 558 589 631 mysterium,
623 559 893 628 sepositis
926 558 1389 631 abstrusioribus
1422 558 1865 631 quaastionibus,

222 629 397 687 ﬁxum
424 631 740 687 habeatur:
775 630 920 684 697
947 629 1085 701 quid
1105 630 1162 701 in
1182 630 1291 684 hac
1314 630 1554 683 materia
1574 630 1865 684 occultum

218 706 315 770 sit,
347 704 491 774 quid
523 702 898 757 manifestum
925 700 1338 774 ;H'qui_limites
1366 701 1716 774 disserendo
1750 702 1867 754 sint

220 771 573 845 attin'gendi,
608 788 711 827 nec
743 771 1135 845 transiliendi.
1170 773 1247 845 Eo
1280 772 1448 845 unice
1478 771 1735 845 collimat
1766 789 1867 826 au-

220 843 404 902 ctoris
443 847 754 916 utriusque
784 846 976 915 operis
1008 844 1278 916 intentio,
1311 848 1375 898 ut
1409 843 1615 913 legenti
1645 850 1768 897 tum
1801 860 1868 897 ea

221 936 347 989 qua
380 914 749 989 subjicimus,
772 914 899 971 tum
923 916 1036 972 alia
1056 914 1347 988 permulta
1370 931 1496 985 quae
1514 915 1864 982 omittimus,

222 988 609 1062 perspicuum
620 988 750 1062 ﬁet.

292 1056 420 1115 Lib.
456 1077 469 1113 ι
503 1061 572 1115 de
587 1058 907 1114 Vocatione
929 1057 1191 1112 omnium
1215 1056 1634 1127 gentium,cap.
1655 1056 1866 1117 l;Con-

219 1136 527 1187 trariarum
574 1132 1017 1201 disputationum
1050 1130 1235 1183 nullus
1272 1130 1540 1201 terminus
1556 1130 1863 1201 reperitur,

218 1206 349 1259 dum
378 1220 487 1258 non
516 1198 851 1257 discernitur
880 1201 1009 1271 quid
1039 1202 1411 1270 manifestum,
1436 1198 1565 1268 quid
1587 1202 1659 1253 sit
1686 1201 1865 1254 occul-

220 1282 355 1331 tum.
373 1281 451 1330 De
466 1276 751 1340 haczgitur
772 1274 1202 1341 compugnantia
1218 1272 1566 1340 opinionum,
1582 1287 1688 1341 qua
1709 1288 1867 1324 men-

224 1366 355 1402 sura
376 1352 423 1401 et
444 1348 805 1416 temperantia
825 1345 1178 1399 sentiendum
1198 1351 1290 1409 sit,
1316 1350 1581 1416 quantum
1602 1343 1866 1416 Dominus

230 1420 517 1486 adiuverit,
539 1413 769 1471 annitar
796 1417 1144 1486 inquirere...
1168 1423 1225 1468 ut
1254 1429 1365 1469 non
1382 1414 1558 1469 solum
1579 1414 1754 1475 nobis.
1776 1413 1866 1468 sed

229 1493 411 1546 etaliis
423 1490 562 1544 utile
578 1494 653 1543 ut
672 1488 744 1542 ad
759 1489 1000 1558 aliquem
1017 1486 1370 1558 noslimitem
1388 1486 1694 1555 pervenisse
1706 1501 1867 1558 quem

231 1578 329 1617 non
358 1562 641 1616 debeamus
670 1556 948 1614 excedere.
999 1556 1220 1612 Similia
1270 1557 1560 1612 habentur
1586 1557 1864 1626 ,ejusdem

231 1632 356 1689 libri
387 1650 508 1704 cap.
531 1630 854 1704 λ14λει-ῌρί
888 1648 928 1685 ιι
958 1645 1081 1699 cap.
1127 1630 1188 1704 1,
1208 1629 1262 1693 9,
1303 1631 1386 1696 10,
1414 1630 1505 1704 22,
1540 1632 1648 1704 etc.

528 212 884 274 DISSERT.
930 210 1036 272 III.
1083 210 1185 271 DE
1229 194 1457 273 AUOT.
1504 210 2058 273 EPISCOPORUM
2104 209 2327 271 SEDIS
2372 209 2645 269 APOST.
2696 209 2798 268 DE
2842 208 3133 269 GRATIA
3176 208 3333 272 DEI.

3506 212 3627 276 394

1982 342 2224 396 modum
2271 342 2341 395 de
2369 340 2558 412 gratia
2610 340 2919 411 disputans
2967 340 3312 412 excessisset
3344 358 3358 396 :
3390 344 3624 399 tantum

1981 414 2143 468 abest
2170 417 2235 466 ut
2263 410 2397 482 ejus
2439 428 2500 466 sc
2529 410 2778 467 subdere
2828 410 3155 466 auctoritati
3188 412 3374 482 parati
3407 421 3626 470 essent.

1978 486 2339 556 QuaprOptcr
2369 484 2587 538 omisso
2620 484 2689 557 ad
2726 489 2954 553 tempus
2992 500 3189 557 causa:
3223 488 3490 555 patrono,
3526 502 3627 557 pa-

1977 554 2129 611 troni
2175 573 2413 611 causam
2448 556 2704 625 suscepit
2735 572 2801 609 ex
2840 554 3625 625 conciliorum,pontiﬁcum-

1977 645 2089 698 que
2133 629 2525 682 Romanorum
2576 627 2916 681 auctoritate
2966 627 3414 698 defendendam,
3449 628 3625 685 aliam

1977 701 2166 754 iniens
2198 701 2346 773 viam
2381 700 2452 753 ad
2481 715 2567 773 ea
2596 714 2721 773 qua:
2770 716 2810 773 a_
2850 699 3133 773 Prospero
3162 699 3383 773 calcata
3411 701 3622 773 fuerat,

1977 789 2149 841 quam
2184 768 2721 842 quidem,infensis
2754 768 3037 842 nimirum
3068 771 3395 840 Augustino
3429 768 3621 827 Sami;

1978 841 2321 913 pelagia’nis,
2358 841 2561 895 iisdem
2595 841 3001 895 subvertendis
3052 842 3239 911 magis
3270 859 3446 913 quam
3480 860 3619 901 con-

1976 914 2269 970 vertendis
2302 914 2568 968 idoneam
2601 929 2729 967 esse
2760 918 3032 983 expertus
3065 913 3267 968 fuerat.

2048 986 2364 1056 Utramque
2396 984 2545 1038 hanc
2576 985 2977 1055 probationem
3009 985 3335 1050 conﬁrmat,
3370 986 3524 1055 quod
3558 985 3619 1041 in

1978 1058 2309 1128 praefatione
2327 1056 2725 1127 Capitulorum
2756 1056 2966 1127 legitur
2988 1056 3046 1109 ln
3072 1056 3226 1110 hunc
3249 1057 3527 1112 modum:
3556 1059 3620 1114 Ut

1974 1146 2100 1197 ergo
2115 1130 2331 1199 plenius
2354 1130 2448 1197 qui
2479 1130 2537 1181 in
2554 1130 2737 1196 aliquo
2753 1128 3003 1181 dubitant
3022 1128 3396 1196 instruantur,
3418 1131 3621 1184 consti-

1976 1203 2209 1255 tutiones
2230 1204 2540 1254 sanctorum
2565 1202 2791 1252 Patrum
2805 1199 3179 1269 compendioso
3202 1205 3621 1268 mani/estemus

1977 1272 2491 1326 indiculo.Frustra
2504 1270 2656 1323 enim
2679 1270 2993 1340 pleniorem
3018 1270 3621 1328 hancinstructionem

1978 1349 2159 1412 vocat,
2184 1343 2297 1396 nisi
2324 1344 2392 1396 ad
2417 1341 2589 1415 aliam
2624 1342 2896 1415 respiciat
2919 1342 3008 1395 cui
3034 1344 3351 1410 accederet,
3379 1359 3505 1415 quae
3533 1344 3620 1397 ni-

1976 1415 2188 1469 mirum
2215 1414 2618 1486 auctoritatem
2635 1412 3010 1486 conciliorum
3029 1412 3489 1486 pontiﬁcumque
3508 1415 3620 1471 Ro-

1978 1504 2219 1540 manoru
2232 1504 2284 1539 tn
2302 1485 2825 1540 desiderabatliaec
2838 1486 2988 1539 enim
3003 1485 3427 1542 sententiarum
3440 1488 3623 1544 series

1976 1557 2391 1640 compendiosa
2414 1561 2576 1640 estet
2607 1555 2831 1640 brevis,“
2850 1561 2913 1610 ut
2943 1556 3067 1638 ipse
3090 1573 3218 1640 eam
3250 1559 3503 1640 appellat
3525 1576 3624 1640 βυ.

1975 1626 2126 1695 ctor,
2150 1630 2361 1683 nedum
2394 1627 2563 1698 plena
2592 1632 2650 1682 et
2680 1626 2923 1701 plenior,
2956 1628 3069 1682 nisi
3102 1626 3345 1685 fusiosis
3372 1630 3622 1701 alicujus

300 1698 505 1759 Auctor
528 1700 954 1781 indiculi'idem
987 1698 1534 1781 consiliumprodit
1564 1698 1621 1779 in
1660 1698 1862 1781 prfefa-
1899 1712 1944 1775 Β
1976 1701 2167 1772 operis
2190 1701 2363 1781 veluti
2384 1716 2518 1770 pars
2538 1703 2638 1753 aut
2661 1700 2949 1781 appendix
2977 1716 3103 1781 esse
3125 1698 3623 1781 cogi_tetur.ttliud

237 1778 382 1831 tione
411 1792 535 1839 sua,
571 1774 669 1828 ubi
702 1790 764 1828 se
793 1789 861 1827 ea
887 1772 1189 1828 occasione
1216 1771 1523 1842 scripsisse
1553 1770 1865 1838 signiﬁcat,

239 1849 380 1910 quod
433 1845 724 1910 nonnulli,
757 1843 858 1915 qui
904 1843 1186 1898 catholico
1236 1842 1467 1897 nomine
1516 1844 1865 1911 gloriantur,

240 1921 496 1987 Magistris
511 1922 694 1972 tamen
714 1916 941 1977 nostris,
962 1916 1173 1985 inquit,
1195 1922 1477 1987 tamquam
1497 1915 1869 1987 necessarium

240 1984 449 2045 modum
475 1990 831 2055 excesserint,
862 1984 1246 2057 obloquuntur.
1275 1985 1339 2039 Et
1361 1989 1560 2055 postea
1595 2002 1606 2039 :
1642 1984 1793 2051 Quod
1820 2001 1869 2039 ,ςῑ

240 2066 352 2133 quis
381 2078 486 2117 non
528 2063 769 2115 nimium
797 2062 876 2113 est
917 2059 1308 2133 contentiosus,
1341 2064 1594 2133 agnoscat
1621 2058 1868 2111 omnium

237 2129 667 2203 disputationum
689 2131 1171 2203 connexionemea:
1192 2129 1298 2182 hac
1312 2130 1867 2203 subdz'tarumqaucto-

236 2198 1870 2272 ritatumbrevilatependere,nullamquesibicontradictioni:

238 2292 503 2344 superesse
530 2271 826 2337 rationem,
858 2274 908 2327 si
936 2289 1059 2327 cum
1087 2271 1588 2344 catholicisgeredat
1618 2274 1668 2324 et
1697 2272 1864 2324 dicat.

239 2342 305 2402 Et
329 2350 385 2401 in
415 2348 525 2402 ﬁne
560 2364 573 2402 :
607 2346 999 2415 Profundiorcs
1028 2358 1156 2397 vero
1199 2342 1650 2412 di/ﬁcilioresque
1678 2348 1870 2412 partes

238 2419 626 2473 incurrentium
665 2417 1061 2487 qumstionum,
1090 2430 1223 2485 quas
1256 2415 1425 2487 latius
1462 2418 1869 2484 pertractarunt

237 2494 323 2561 qui
333 2491 592 2545 hzreticis
604 2484 1214 2561 restiterunt,sicutnon
1226 2484 1490 2561 audemus
1503 2491 1865 2561 contemnere,

239 2556 314 2616 ita
333 2578 437 2616 non
456 2576 668 2616 necesse
688 2560 949 2613 habemus
970 2567 1247 2611 astruere:
1266 2559 1395 2627 quia
1416 2557 1485 2610 ad
1505 2556 1869 2625 conﬁtendum

236 2636 459 2701 gratiam
482 2634 757 2698 Dei,cuius
776 2632 929 2701 aperi
951 2646 1012 2683 ac
1031 2629 1343 2701 dignationi
1357 2628 1501 2682 nihil
1512 2628 1866 2701 penitussub-

238 2699 553 2759 trahendum
569 2699 1069 2771 estsatis—sufﬁcere
1080 2700 1369 2765 credimus,
1389 2699 1653 2769 quidquid
1671 2715 1866 2753 secun-

235 2776 356 2829 dum
377 2778 678 2845 praedictas
695 2772 921 2840 regulas
941 2772 1414 2843 apostolicaesedis
1434 2787 1530 2845 nos
1547 2773 1754 2845 scripta
1774 2772 1867 2845 do:

236 2841 496 2909 ruerunt;
530 2851 590 2902 ut
617 2862 842 2917 prorsus
871 2841 992 2898 non
1028 2844 1317 2913 opinemur
1347 2843 1696 2917 catholimm,
1728 2841 1869 2914 quod

235 2920 551 2991 apparuerit
578 2916 827 2989 prwﬁxis
852 2917 1137 2971 sententiis
1167 2930 1277 2970 esse
1304 2916 1660 2969 contrarium.

295 3000 677 3062 Quamobrem
709 2999 888 3052 istum
925 2994 1349 3050 sententiarum
1382 2994 1632 3048 indicem
1664 2994 1866 3049 eodem

234 3070 344 3125 fere
374 3078 650 3142 tempore,
670 3071 993 3142 eodemque
1022 3066 1268 3142 consilio
1291 3068 1728 3142 scriptumqesse
1749 3083 1865 3119 cre-
1898 3076 1940 3142 ο

231 3138 979 3214 diderimﬁuobpusculum
1011 3139 1079 3193 de
1107 3140 1420 3214 Vocatione
1442 3138 1704 3192 omnium
1732 3154 1865 3208 gen-

232 3214 394 3269 tium.
426 3210 586 3270 Unus
614 3210 891 3283 idemque
912 3216 1001 3265 est
1034 3210 1341 3283 utriusque
1366 3226 1609 3283 scopus;
1636 3226 1748 3283 non
1772 3225 1864 3262 ea-

234 3287 358 3341 dem
390 3294 579 3341 tamen
605 3285 696 3340 via
726 3280 867 3339 illuc
902 3282 1162 3337 tenditur
1182 3284 1254 3336 ab
1283 3288 1548 3351 utroque.
1578 3282 1634 3334 ln
1661 3280 1759 3333 illo
1784 3283 1864 3351 si-

232 3360 455 3427 quidem
471 3358 853 3415 deVocatione
867 3354 1123 3409 omnium
1141 3354 1404 3427 gentium
1420 3350 1868 3427 opusculo,divi-

231 3424 317 3483 nis
348 3431 715 3502 potissimum
738 3427 1048 3502 Scriptura)
1073 3443 1247 3502 sacrae
1278 3424 1627 3502 testimoniis
1660 3424 1865 3502 utitur,

229 3502 293 3555 ad
314 3496 560 3573 eumque
573 3501 731 3555 velut
749 3500 993 3573 Lydium
1010 3498 1267 3573 lapidem
1283 3496 1866 3573 quaslibet_quwstio-

229 3589 326 3627 nes
376 3567 711 3629 examinat:
745 3567 945 3625 in'hoc
992 3567 1124 3625 vero
1176 3568 1431 3623 indiculo
1471 3567 1867 3622 ecclesiastica

226 3646 627 3701 tantummodo
641 3643 983 3699 auctoritate
997 3640 1746 3711 conciliorum,pontiﬁcum
1764 3644 1868 3693 Ro-

231 3733 549 3781 manorum,
584 3722 641 3772 et
691 3714 869 3786 (quod
920 3714 989 3768 ad
1023 3712 1329 3786 cumulum
1374 3711 1594 3780 adjicit)
1644 3713 1865 3786 rituum

230 3783 746 3859 precationumqu‘ei
771 3784 1244 3850 sacerdotalium,
1261 3800 1382 3859 rem
1405 3788 1587 3859 totam
1612 3783 1864 3859 conﬁcit.

231 3861 606 3924 Quamobrem
619 3856 803 3914 unum
821 3859 1061 3912 istorum
1074 3856 1727 3928 opusculorumalterius
1740 3870 1868 3910 esse

232 3936 721 4004 supplementum,
783 3927 1237 4004 facile‘adducor
1283 3934 1347 3983 ut
1377 3933 1627 4004 credam.
1672 3927 1867 3981 Priore

232 4000 380 4060 enim
410 4004 729 4060 adversarii
761 4019 827 4055 ex
850 4001 1165 4071 Scripturis
1185 4000 1522 4070 expugnati,
1547 4000 1605 4052 in
1628 4004 1865 4069 aposto-

232 4073 354 4130 licae
370 4078 518 4131 sedis
537 4074 939 4130 auctoritatem
955 4072 1111 4126 velut
1129 4073 1186 4126 in
1212 4089 1399 4127 arcem
1422 4088 1482 4127 se
1503 4076 1863 4140 receperunt,

232 4161 419 4219 exque
442 4146 780 4219 posterioris
804 4144 983 4219 hujus
1005 4144 1271 4219 opusculi
1288 4161 1394 4219 ope
1413 4141 1865 4219 d_eiiciuntur.Ut

232 4162 419 4218 exqua
442 4162 780 4219 posterioris
806 4162 983 4214 DDJUS
1005 4162 1271 4214 opuscun
1288 4162 1394 4269 ope
1413 4162 1864 4213 ae)lcluntur.Ut

230 4215 404 4288 igitur
420 4220 777 4288 conjecimus
804 4217 1103 4288 geminum
1126 4215 1293 4269 illum
1344 4215 1582 4288 ibellum
1608 4231 1640 4266 a
1662 4220 1864 4288 sancto

234 4286 411 4346 Leone
438 4286 577 4346 tunc
608 4286 855 4345 diacono
876 4287 1098 4341 editum
1126 4304 1275 4350 esse,
1295 4292 1359 4341 ut
1388 4287 1574 4341 amico
1602 4302 1707 4340 suo
1734 4286 1864 4340 Cas-

234 4358 1366 4434 siano,ejusqueasseclisPelagianalue,
1389 4358 1666 4434 aliquaex
1680 4363 1861 4427 parte,

1981 1790 2148 1843 porro
2165 1772 2390 1845 nullum
2418 1788 2574 1825 nunc
2596 1775 3084 1845 superestpraater
3105 1772 3407 1845 geminum
3431 1776 3500 1828 de
3516 1775 3623 1830 Vo-

1979 1842 2204 1899 catione
2235 1844 2496 1899 omnium
2537 1842 2808 1916 gentium
2843 1842 3131 1916 libellum:
3165 1845 3431 1916 Prosperi
3464 1848 3623 1901 enim

1978 1915 2417 1989 lucubrationes
2447 1915 2648 1989 eadem
2698 1932 2824 1986 quae
2872 1914 2931 1970 in
2959 1916 3223 1989 indiculo
3255 1914 3627 1989 reperiuntur

1978 1988 2281 2043 continent
2308 1987 2512 2041 fusiori
2546 2003 2814 2041 sermone
2846 1986 3151 2057 explicata.

2050 2060 2166 2113 VII.
2192 2060 2251 2133 73.
2285 2058 2447 2133 Quod
2480 2064 2893 2133 argumentum
2927 2060 2998 2113 ab
3030 2058 3444 2133 ecclesiasticis
3489 2077 3625 2133 pre-

1977 2131 2141 2185 cibus
2174 2130 2506 2184 desumitur
2535 2130 2791 2201 capitulo
2841 2146 2943 2202 seu
2976 2130 3269 2185 sententia
3299 2132 3355 2197 8,
3396 2130 3508 2202 pro
3530 2150 3625 2187 as-

1978 2202 2223 2256 truenda
2244 2202 2457 2273 gratiae,
2475 2202 2841 2267 necessitate,
2862 2201 3015 2256 idem
3040 2219 3281 2273 prorsus
3312 2201 3628 2259 adducitur

1978 2273 2078 2328 lib.
2114 2291 2129 2327 ι
2162 2274 2233 2326 de
2262 2272 2574 2327 Vocatione
2604 2274 2871 2344 gentium
2905 2272 3151 2344 capslz,
3186 2275 3233 2327 si
3268 2291 3381 2329 non
3415 2275 3625 2331 iisdem

1976 2345 2216 2399 omnino
2264 2344 2555 2409 terminis,
2588 2344 2705 2418 ‘sed
2747 2345 2963 2418 eodem
3016 2348 3210 2400 tamen
3261 2345 3521 2418 ingenio,
3570 2350 3628 2403 et

1977 2421 2240 2471 contextu
2252 2433 2313 2470 ra
2342 2414 2633 2470 sermonis
2660 2415 2884 2470 eadem.

2052 2505 2164 2559 Lib.
2200 2522 2217 2559 ι
2248 2503 2314 2557 de
2350 2506 2523 2559 Vocat.
2549 2512 2697 2572 gent.

2251 2592 2369 2646 cap.
2406 2576 2488 2628 12.

2049 2668 2076 2695 ‹‹
2111 2646 2188 2700 De
2206 2643 2475 2715 hac'ergo
2499 2643 2773 2699 doctrinae

1977 2717 2304 2788 apostolicae
2360 2717 2592 2789 regula,
2662 2733 2775 2789 qua

1977 2787 2232 2844 Ecclesia
2280 2787 2626 2845 universalis
2666 2788 2772 2842 im-

1980 2861 2197 2926 buitur,
2252 2879 2321 2916 ne
2371 2863 2428 2915 in
2478 2860 2772 2915 diversum

1977 2932 2337 2988 intellectum
2387 2938 2585 2987 nostro
2637 2948 2773 2985 eva-

1978 3020 2185 3087 gemur
2222 3004 2489 3087 arbitrio,
2516 3002 2662 3087 quid
2712 3002 2771 3083 in

1977 3073 2105 3146 ipsa
2135 3076 2481 3131 universalis
2516 3073 2773 3129 Ecclesia

1980 3148 2213 3211 sentiat,
2245 3149 2635 3217 inquiramus,
2661 3150 2769 3199 etc.

1978 3219 2770 3289 699PraecepititaqueApo-

1977 3290 2164 3345 stolus
2231 3292 2352 3345 ﬁeri
2413 3289 2767 3343 obsecratio-

1976 3379 2147 3416 nes...
2167 3362 2350 3424 Quam
2375 3361 2542 3429 legem
2564 3361 2767 3430 suppli-

1974 3435 2210 3487 cationis
2250 3433 2330 3487 ita
2377 3433 2641 3487 omnium
2675 3448 2766 3485 sa-

1976 3506 2273 3560 cerdotum
2303 3509 2359 3559 et
2397 3504 2662 3559 omnium
2696 3502 2767 3556 ﬁ-

1975 3577 2190 3631 delium
2220 3576 2443 3632 devotio
2466 3574 2768 3631 concordi-

1974 3653 2062 3704 ter
2089 3655 2268 3715 tenet,
2312 3653 2377 3703 ut
2424 3647 2585 3703 nulla
2634 3664 2768 3718 pars

1975 3721 2178 3776 mundi
2212 3722 2288 3776 sit
2323 3723 2381 3776 in
2414 3737 2527 3790 qua
2557 3720 2766 3788 hujus-

1975 3794 2133 3847 modi
2165 3794 2455 3849 orationes
2480 3808 2593 3846 non
2626 3790 2767 3845 cele.

1977 3866 2220 3919 brentur
2267 3882 2299 3918 a
2342 3863 2576 3935 populis
2606 3862 2766 3935 Chri-

1973 3933 2770 4008 stianis.Supplicatergoubia

1974 4025 2085 4079 que
2118 4007 2373 4063 Ecclesia
2405 4007 2504 4062 Dei
2534 4023 2767 4079 nonso-

1973 4080 2095 4135 lum
2113 4097 2213 4147 pro
2229 4079 2444 4135 sanctis
2464 4084 2519 4132 et
2535 4079 2591 4131 in
2607 4078 2765 4133 Chri-

1974 4158 2061 4207 sto
2086 4152 2211 4220 jam
2258 4150 2635 4220 regeneratis,
2666 4150 2767 4203 sed

1974 4223 2149 4277 etiam
2198 4239 2300 4293 pro
2329 4223 2603 4276 omnibus
2635 4220 2765 4293 inﬁ-

1974 4292 2278 4349 delibus’et
2299 4294 2554 4348 inimicis
2578 4292 2768 4346 crucis

1974 4366 2204 4425 Christi,
2232 4384 2333 4437 pro
2355 4365 2766 4420 omnibusido-

236 4430 645 4510 laborantibus,
660 4435 1065 4510 succurreret;
1098 4432 1181 4510 ita
1209 4430 1439 4510 ethunc
1460 4430 1863 4510 existimamus
1895 4450 1941 4510 Β
1972 4439 2159 4492 lorum
2176 4430 2629 4506 editoribusmro
2644 4453 2767 4491 om-

237 4512 550 4562 contextum
585 4506 658 4559 ab
687 4503 891 4558 eodem
916 4502 1095 4556 fuisse
1125 4504 1550 4556 Auctoritatum
1577 4501 1859 4568 indicem;

239 4581 298 4630 ut
325 4580 415 4648 qui
447 4580 638 4634 adhuc
668 4592 738 4630 ex
769 4573 1109 4648 pontiﬁcum
1151 4574 1543 4648 Romanorum
1578 4572 1858 4637 doctrina,

240 4644 398 4715 quain
421 4651 723 4719 jactabant
743 4644 933 4714 suam,
952 4644 1329 4719 dimicabant,
1351 4662 1418 4700 ex
1440 4661 1639 4719 eorum
1661 4650 1862 4699 aucto-

246 4719 396 4776 ritate
423 4716 569 4778 698
602 4719 1056 4776 revincerentur.
1091 4716 1312 4779 Quibus
1353 4716 1693 4787 perspectis,
1728 4720 1861 4771 Cas-

244 4792 452 4849 sianum
465 4794 699 4849 sibimet
720 4789 1019 4845 silentium
1038 4789 1114 4842 im
1127 4789 1391 4858 posuisse
1403 4793 1458 4843 et
1473 4792 1725 4842 mentem
1744 4806 1865 4841 mu-

248 4866 401 4931 tasse,
422 4864 926 4926 facilecredo,tum
951 4861 1105 4931 quod
1128 4859 1271 4915 alias
1290 4862 1359 4915 ad
1382 4861 1862 4930 propugnandam

252 4932 489 4991 Ecclesiae
502 4938 571 4991 de
590 4932 1219 4990 incarnationeDomini
1245 4933 1568 4987 doctrinam
1585 4932 1654 4985 ad
1667 4948 1865 4986 versus

253 5004 547 5062 Nestorium
583 5023 717 5062 eum
750 5022 864 5060 non
907 5003 1242 5075 impulisset
1273 5004 1405 5072 Leo,
1439 5004 1551 5057 nisi
1579 5006 1700 5071 jam
1737 5011 1863 5058 tum

256 5080 436 5134 erroris
464 5078 971 5149 abjiciendispem
1003 5076 1261 5149 dedisset
1280 5080 1450 5149 ;_tum
1485 5075 1623 5149 quia
1650 5075 1863 5129 Roma-

260 5164 324 5202 nae
352 5152 461 5205 sedi
493 5147 939 5206 addictissimus
969 5164 1200 5218 semper
1232 5147 1339 5201 fuit
1367 5148 1701 5202 Cassianus.

312 5227 390 5283 Vl.
409 5232 460 5284 2.
484 5231 548 5285 In
576 5234 822 5299 utroque
843 5226 1470 5298 opereSemipelagiani
1488 5228 1673 5297 magis
1688 5243 1864 5299 quam

263 5298 515 5372 Pelagiani
548 5298 997 5372 impugnantur,
1024 5299 1123 5353 sed
1157 5299 1359 5352 eadem
1394 5298 1863 5372 paritersobrie-

261 5370 704 5443 latefeademque
727 5371 1032 5425 modestia.
1052 5374 1305 5443 Uterque
1328 5370 1724 5440 asperioribus
1746 5387 1867 5423 ver-

265 5439 577 5501 bisabstinet
592 5439 831 5499 {neuter
855 5442 925 5497 iis
945 5459 1092 5513 quos
1114 5442 1371 5501 instruit.
1396 5439 1728 5496 haareticum
1758 5458 1864 5495 no-

267 5527 360 5569 men
376 5516 444 5571 im
456 5515 770 5588 pingit;sed
784 5531 881 5569 eos
894 5518 1122 5569 tantum
1139 5514 1300 5588 liberi
1320 5515 1543 5588 arbitrii
1562 5514 1869 5588 defensores

265 5584 633 5658 acvoluntatum
654 5592 934 5658 patronos,
961 5591 1205 5656 uterque
1227 5586 1283 5639 in
1313 5586 1649 5658 praefatione
1667 5584 1862 5656 appel-

263 5654 333 5713 lat.
360 5659 603 5730 Uterque
634 5654 821 5713 sancti
848 5654 1161 5727 Augustini
1187 5654 1397 5712 nomen
1427 5654 1864 5730 auctoritatem:

265 5727 562 5799 quereticet,
578 5731 759 5801 idque
777 5747 843 5785 ex
861 5731 1121 5798 consilio,
1148 5746 1212 5786 eo
1233 5730 1389 5802 quod
1412 5727 1863 5802 Semipelagiani

260 5802 610 5879 Augustinum
629 5802 1036 5875 suggillarent,
1050 5801 1334 5876 tanquam
1347 5801 1444 5875 qui
1466 5802 1863 5860 necessarium

531 5934 801 5995 PATROL.
843 5931 971 5995 LV.

1972 4510 2145 4563 nibus
2197 4511 2292 4579 qui
2352 4508 2646 4563 Christum
2707 4508 2765 4562 in

1975 4582 2250 4636 membris
2317 4580 2504 4652 ipsius
2573 4595 2767 4650 perse-

1972 4658 2367 4723 quuntur,pro
2388 4652 2765 4721 Judaeisquo-

1973 4742 2099 4779 rum
2122 4725 2359 4779 caacitati
2378 4725 2768 4778 lumenEvan-

1973 4796 2106 4865 gelii
2165 4815 2278 4851 non
2340 4796 2609 4864 refulget,
2646 4810 2768 4865 pro

1975 4864 2258 4922 haereticis
2277 4871 2333 4919 et
2355 4864 2765 4929 schismaticis,

1975 4941 2075 5009 qui
2100 4940 2169 4993 ab
2186 4940 2405 4994 unitate
2427 4938 2555 4992 ﬁdei
2573 4935 2769 5009 etcha-

1976 5006 2163 5064 ritatis
2196 5010 2367 5064 alieni
2410 5014 2566 5063 sunt.
2621 5006 2764 5071 Quid

1976 5089 2169 5136 autem
2198 5099 2297 5151 pro
2319 5079 2447 5135 istis
2469 5080 2629 5148 petit,
2656 5077 2767 5151 nisi

1976 5161 2041 5207 ut
2070 5150 2285 5206 relictis
2318 5152 2613 5207 erroribus
2645 5150 2769 5205 suis

1976 5229 2385 5280 convertantur
2440 5224 2510 5277 ad
2562 5222 2765 5284 Deum,

1977 5294 2769 5367 accipiantﬁdcm,accipiant

1976 5365 2340 5432 charitatem,
2375 5372 2433 5420 et
2480 5368 2550 5421 de
2602 5365 2767 5433 igno-

1976 5442 2175 5495 rantiae
2236 5437 2493 5494 tenebris
2540 5436 2769 5490 liberati

1975 5513 2033 5567 in
2106 5511 2459 5581 agnitionem
2532 5508 2771 5563 veniant

1974 5582 2281 5638 veritatis?
2323 5581 2483 5649 Quod
2516 5582 2653 5652 quia
2682 5581 2769 5652 ip-

1975 5658 2019 5709 si
2072 5658 2342 5725 prarstare
2392 5653 2504 5708 sibi
2556 5670 2768 5723 neque-

1975 5732 2109 5795 unt,
2179 5726 2329 5781 male
2395 5725 2769 5781 consuetudi-

1975 5800 2068 5857 nis
2139 5798 2392 5872 pondere
2472 5796 2733 5871 oppressi
2756 5837 2769 5863 ,

3063 2502 3310 2573 Capitula
3339 2505 3393 2559 8.

2903 2665 2929 2692 ‹‹
2964 2643 3444 2718 Obsecrationum
3475 2661 3625 2718 quo-

2831 2730 2943 2784 que
2962 2717 3414 2773 sacerdotalium
3437 2717 3623 2775 sacra-

2831 2792 3027 2862 menta
3075 2789 3482 2862 respiciamus,
3525 2791 3627 2862 qui

2830 2858 2904 2911 ab
2959 2860 3235 2929 apostolis
3299 2862 3511 2917 tradita
3540 2858 3625 2918 'in

2830 2933 3184 3004 totomundo
3202 2933 3449 3004 atquein
3465 2934 3626 2989 omni

2832 3000 3085 3056 Ecclesia
3151 3000 3439 3060 catholica
3497 3005 3627 3060 uni-

2830 3074 3096 3128 formiter
3125 3075 3535 3132 celebrantur:
3564 3082 3627 3132 ut

2830 3143 2972 3214 leges
3000 3145 3259 3202 credendi
3306 3149 3396 3203 lea:
3424 3152 3628 3204 statuat

2827 3218 3206 3286 supplicandi.
3267 3221 3409 3274 Cum
3469 3220 3626 3277 enim

2828 3293 3162 3362 sanctarum
3187 3288 3443 3362 plebium
3480 3310 3623 3362 prae-

2826 3358 2983 3413 sules
3044 3358 3322 3416 mandata
3388 3358 3626 3419 sibimet

2824 3429 3112 3503 legatione
3128 3432 3449 3503 fungantur
3468 3436 3622 3503 apud

2824 3502 3080 3558 divinam
3099 3502 3620 3572 clementiam,hu—

2825 3574 2985 3629 mani
3016 3575 3244 3646 generis
3266 3581 3449 3647 agunt
3473 3594 3615 3633 cau-

2824 3663 2948 3701 sam
2979 3672 2992 3711 ;
3024 3653 3080 3701 et
3102 3651 3223 3702 tota
3247 3663 3447 3704 secum
3479 3665 3621 3704 con-

2823 3718 3175 3793 gemiscente
3203 3720 3462 3775 Ecclesia
3491 3739 3621 3793 pos—

2825 3790 3036 3862 tulantﬂ
3062 3795 3118 3846 et
3165 3790 3510 3862 precantur,
3556 3799 3620 3849 ut

2826 3861 3433 3920 inﬁdelibus’donetur
3450 3866 3617 3933 ﬁdes,

2826 3938 2889 3988 ut
2918 3934 3254 4007 idololatria
3301 3938 3372 3990 ab
3416 3937 3621 4007 impie-

2822 4005 2960 4060 tatis
3009 4022 3126 4060 sum
3171 4005 3618 4062 liberentur—er-

2826 4077 3075 4139 roribus,
3110 4082 3172 4131 ut
3213 4078 3434 4133 Judieis
3466 4078 3620 4133 abla-

2826 4152 2881 4202 to
2939 4149 3129 4202 cordis
3187 4148 3472 4205 velamine
3520 4151 3620 4205 lux

2823 4219 3081 4274 veritatis
3100 4226 3398 4290 appareat,
3420 4226 3484 4277 ut
3512 4223 3619 4277 has-

2824 4291 2985 4365 retici
3017 4291 3310 4347 catholieze
3344 4294 3477 4349 ﬁdei
3496 4312 3621 4365 per-

2823 4363 3090 4433 ceptione
3133 4363 3510 4435 resipiscant,
3556 4370 3620 4420 ut

2823 4435 3181 4490 schismatici
3218 4437 3490 4506 spiritum
3528 4454 3615 4490 re-

2822 4506 3019 4562 divivas
3096 4507 3397 4562 charitatis
3464 4507 3617 4562 acci-

2826 4580 3006 4649 piant,
3033 4582 3094 4631 ut
3119 4578 3296 4648 lspsis
3327 4579 3617 4649 pceniten-

2826 4651 2919 4704 tiae
2969 4649 3290 4703 remedium
3350 4650 3614 4705 confera-

2823 4728 2941 4782 tur,
2974 4726 3037 4773 ut
3068 4720 3320 4791 denique
3350 4721 3619 4776 catechu-

2825 4791 3011 4845 menis
3044 4792 3113 4846 ad
3162 4792 3619 4864 regenerationis

2826 4866 3197 4936 sacramenta
3277 4866 3577 4936 perductis
3604 4909 3618 4933 ,

2825 4933 3074 4988 caelestis
3107 4934 3241 4990 aula
3277 4933 3618 4994 misericor-

2826 5005 2930 5059 diae
2947 5012 3253 5062 reseratur.
3271 5008 3399 5065 Hac
3422 5016 3620 5066 autem

2826 5094 2937 5152 non
2971 5079 3397 5152 perfunctorie,
3432 5098 3621 5152 neque

2826 5149 3079 5223 inaniter
3109 5168 3141 5205 a
3196 5153 3435 5208 Domino
3482 5149 3618 5223 peti,

2825 5238 3018 5276 rerum
3046 5222 3305 5292 ipsarum
3328 5222 3615 5278 monstrat

2826 5294 3104 5348 effectus:
3141 5294 3619 5364 quandoquidem

2824 5370 2880 5419 et
2911 5365 3066 5418 omni
3118 5382 3377 5420 errorum
3411 5380 3623 5435 genere

2826 5436 3112 5508 plurimos
3168 5440 3316 5492 Deus
3348 5437 3623 5507 dignatur

2829 5508 3117 5564 attrahere
3140 5553 3154 5577 ,
3217 5524 3389 5579 quos,
3423 5512 3621 5564 erutos

2827 5582 2896 5635 de
2926 5583 3209 5651 potestate
3238 5578 3622 5637 tenebrarum
3676 5614 3679 5615 ν

2828 5649 3142 5723 transferat
3171 5649 3229 5723 in
3261 5668 3506 5723 regnum
3539 5653 3623 5707 Fi'

2830 5723 2891 5776 lii
2936 5722 3234 5778 charitatis
3284 5722 3509 5793 suimet
3555 5742 3625 5781 ex

2827 5794 2980 5851 vasis
3012 5793 3108 5851 ira:
3139 5794 3315 5857 faciat
3341 5814 3481 5857 vasa
3509 5798 3623 5856 mi-

3232 5924 3305 5987 l3
