4048 6170
269 207 361 266 417

271 338 406 391 futat.
436 334 605 388 Hunc
632 329 935 386 Julianum
973 344 1126 395 esse,
1148 326 1315 383 illum
1345 344 1479 383 vero
1519 327 1746 382 Sixtum
1779 344 1880 398 pa-

294 424 373 462 am
418 405 493 461 III
543 403 783 473 conjicit
826 401 1084 456 Joannes
1122 400 1438 455 Garnerius
1476 400 1727 473 (Dissert.
1751 400 1786 451 6
1815 398 1885 453 ad

299 481 473 533 arium
498 471 850 531 Mercatorem
880 489 999 541 cap.
1021 472 1077 541 6)
1104 489 1115 527 :
1151 488 1277 542 quae
1300 473 1658 541 conjectura,
1681 471 1730 525 si
1753 488 1887 525 vera

263 550 664 618 esset,juvaret
686 544 1037 618 sententiam
1066 548 1358 618 nostram;
1382 560 1515 597 cum
1544 544 1698 618 enim
1726 544 1885 618 Siste

262 615 552 678 adhzeserit
587 620 697 673 Leo
743 621 959 675 noster.
988 615 1061 669 ab
1091 632 1157 671 eo
1184 616 1443 685 accipere
1490 616 1680 685 potuit
1728 615 1884 670 Pela-

260 696 413 767 giana
442 693 681 767 scripta,
704 705 828 767 qua}
865 688 1058 767 l‘orsan
1107 688 1289 757 Sixto,
1318 704 1450 741 cum
1485 686 1752 743 Caelestio
1803 688 1885 741 fa-

260 760 424 831 vebat,
456 760 770 817 familiaria
799 760 1047 815 fuerant.

313 833 584 907 Epistolas
616 849 739 902 cap.
766 834 801 886 5
824 849 837 886 :
862 831 1132 907 Adpitam
1151 838 1547 907 aeternitmper
1570 838 1808 901 angusta
1839 831 1889 907 et

258 901 416 963 ardua
454 907 615 971 eniti,
648 901 777 969 etc.,
809 902 1048 973 respicit
1089 902 1516 973 proculdubio
1564 907 1769 957 auctor
1816 901 1887 955 ad

257 995 475 1036 versum
520 978 604 1037 14.
654 976 863 1045 capitis
900 972 981 1028 vu
1022 972 1313 1043 Evangelii
1363 975 1685 1028 secundum
1744 974 1888 1029 Mat-

256 1055 480 1113 thasum,
505 1064 679 1120 quem
714 1047 793 1101 ita
823 1061 1056 1120 semper
1085 1046 1261 1120 refert
1287 1050 1339 1098 S.
1372 1046 1485 1120 Leo
1520 1061 1534 1101 :
1566 1048 1892 1120 4ngusta‘et

254 1123 414 1179 ardua
447 1117 539 1175 vid
567 1124 665 1184 est,
697 1132 819 1189 quae
857 1119 1015 1172 ducit
1045 1117 1114 1171 ad
1142 1120 1335 1171 vitam.
1371 1117 1641 1188 Exempla
1671 1117 1798 1172 vide
1828 1117 1888 1172 in

253 1192 660 1251 dissertatione
688 1192 741 1259 3,
776 1206 937 1244 num.
969 1189 1059 1242 24.

316 1268 372 1322 S.
410 1265 546 1332 Leo,
574 1258 751 1317 serm.
774 1262 807 1314 8
828 1262 899 1315 de
919 1259 1150 1329 Jejunio
1172 1258 1384 1332 decimi
1412 1260 1654 1324 mensis,
1672 1276 1797 1331 cap.
1824 1261 1889 1315 1:

257 1340 314 1395 Ut
341 1338 601 1392 anima...
636 1350 693 1388 1N
724 1349 869 1387 AULA
900 1347 1108 1385 MENTIS
1144 1332 1314 1400 possit
1350 1331 1550 1387 divinae
1580 1348 1771 1387 vocare
1799 1349 1892 1387 sa-

250 1412 487 1482 pientiae.
542 1405 724 1477 Epist.
753 1404 822 1457 ad
874 1402 1223 1482 Demetriad.
1274 1419 1400 1482 cap.
1433 1407 1503 1457 22
1522 1421 1548 1482 _:
1582 1406 1703 1474 Ipsa
1745 1420 1890 1475 ergo,

256 1474 456 1552 inquit,
488 1474 685 1533 ΑυΙζΑΜ
712 1491 841 1552 TDA-3
859 1490 1078 1552 _MsN'ris
1117 1474 1404 1543 ingredere
1430 1482 1481 1530 et
1510 1477 1569 1530 in
1596 1484 1896 1532 secretario

258 1547 544 1625 purissime
570 1547 922 1625 conscientiae
950 1553 1075 1625 tuae,
1107 1552 1216 1625 etc.

323 1630 377 1677 S.
412 1624 543 1687 Leo,
576 1636 751 1675 serm.
782 1620 829 1682 1,
856 1618 924 1670 de
945 1617 1137 1687 Jejun.
1158 1616 1369 1672 decimi
1404 1617 1643 1686 mensis,
1666 1634 1792 1689 cap.
1823 1620 1848 1673 1
1879 1637 1891 1674 :

698 198 1222 263 DISSEBTATIO
1264 197 1365 257 IV.
1411 197 1514 256 DE
1556 195 1926 258 AUCTOR!)
1971 194 2375 257 EPISTOL/E
2415 196 2521 255 AD
2563 194 3168 256 DEMETRIADEM.

3523 198 3646 259 418

1911 328 1967 395 Α
1993 341 2107 380 non
2132 342 2203 381 ea:
2232 342 2391 397 opere
2420 336 2472 380 et
2500 327 2705 396 spiritu
2735 327 2836 380 Dei
2860 327 2954 396 sit,
2984 342 3096 380 non
3123 330 3201 382 est
3228 334 3376 382 casta
3404 326 3642 382 dilectio.

1996 398 2120 452 Lib.
2154 415 2170 451 1
2203 389 2273 452 de
2306 398 2499 453 Vocat.
2525 389 2711 466 'gent.,
2742 413 2868 467 cap.
2893 389 2972 451 6':
3003 399 3148 452 Bene
3166 415 3223 454 se
3250 400 3565 470 amant,qui
3583 400 3645 453 in

1992 484 2049 523 se
2077 485 2240 539 opera
2273 472 2366 524 Dei
2400 474 2609 523 amant.
2644 470 2779 523 Nam
2810 478 2859 523 et
2888 470 3029 523 Deus
3072 472 3173 523 hoc
3215 480 3364 525 amat
3396 473 3452 524 in
3484 472 3643 525 nobis

1995 544 2143 611 quod
2176 543 2290 611 ipse
2316 543 2479 611 fecit;
2506 544 2556 594 et
2587 542 2688 593 hoc
2716 540 2848 609 odit,
2880 541 3019 609 quod
3050 544 3167 612 ipse
3207 559 3321 596 non
3375 544 3505 611 fecit
3532 579 3547 595 .
3586 542 3647 597 Si

1994 628 2119 682 ergo
2147 628 2280 682 opus
2322 615 2422 667 Dei
2449 628 2697 666 amamus
2745 614 2804 665 in
2851 612 3027 677 nobis,
3058 614 3251 666 bonam
3301 614 3646 668 voluntatem

1995 688 2139 738 recte
2194 700 2468 748 amamus,
2502 699 2626 753 quae
2672 684 2881 754 utique,
2914 686 2962 739 si
3000 700 3132 755 opus
3188 686 3286 739 Dei
3330 701 3441 739 non
3489 689 3646 755 esset,

1997 755 2241 810 amanda
2274 772 2385 810 non
2414 758 2568 810 esset.

2069 827 2364 897 Frequens
2406 844 2473 882 ea
2501 825 2823 897 verborum
2849 825 3200 881 constructio
3232 830 3287 879 et
3317 824 3638 896 congeries,

1999 896 2432 969 ﬁgurarumque
2462 914 2626 965 usus,
2652 914 2779 967 quae
2813 896 2869 950 in
2900 898 3133 969 dissert.
3158 901 3192 951 2
3213 897 3652 952 observavimus

2000 968 2175 1025 Leoni
2210 971 2523 1024 familiaria
2547 984 2694 1023 esse.
2719 968 2987 1038 Epistolas
3020 986 3145 1039 cap.
3169 970 3240 1023 6:
3277 971 3350 1023 De
3377 970 3528 1024 omni
3556 985 3646 1038 ge-

1998 1058 2130 1097 nere
2160 1042 2463 1105 hominum,
2495 1041 2559 1095 de
2602 1042 2758 1094 omni
2805 1039 2980 1109 gradu
3029 1042 3362 1110 ofﬁciorum,
3385 1041 3449 1095 de
3494 1042 3649 1095 omni

1998 1130 2256 1169 mensura
2277 1129 2520 1184 operum,
2535 1113 2599 1166 de
2619 1112 2770 1184 omni
2782 1113 3047 1181 qualitate
3066 1116 3349 1177 virtutum,
3363 1114 3463 1181 ﬁat
3480 1115 3644 1167 totius

1999 1183 2379 1254 aediﬁcationis
2399 1183 2806 1255 inseparabilis
2836 1185 3099 1238 connexio
3118 1192 3167 1237 et
3192 1184 3513 1254 indiﬂerens
3532 1186 3658 1255 pul-

2001 1258 2372 1324 chritudo,nec
2385 1256 2523 1310 desit
2538 1255 2990 1325 soliditati,qu
3006 1271 3110 1311 non
3126 1255 3362 1325 defuerit
3373 1257 3644 1327 portioni.

2003 1334 2217 1384 Praeter
2245 1327 2736 1384 constructionem
2768 1327 3099 1393 verborum,
3129 1328 3221 1381 vix
3251 1328 3427 1382 etiam
3461 1328 3647 1383 ullum

2004 1407 2093 1455 est
2114 1401 2267 1472 quod
2294 1400 2493 1456 Leonis
2515 1416 2628 1453 non
2652 1398 2731 1454 sit
2761 1400 3061 1470 proprium
3085 1415 3150 1472 ac
3172 1398 3479 1454 familiare.
3506 1399 3667 1471 Cap.,

2007 1474 2072 1527 10
2096 1489 2109 1526 :
2133 1471 2361 1527 Cum...
2394 1473 2625 1542 captivis
2672 1471 2921 1536 libertas,
2953 1471 3191 1542 perditis
3216 1472 3388 1540 salus,
3420 1474 3652 1526 mortuis

2002 1546 2113 1599 vita
2144 1548 2461 1615 reparatur.
2481 1544 2681 1597 Cum...
2716 1542 2792 1597 ad
2820 1545 3117 1598 novitatem
3147 1543 3287 1598 redit
3311 1551 3566 1607 vetustas,
3598 1545 3654 1597 et

2006 1615 2075 1670 ad
2106 1616 2479 1670 innocentiam
2507 1622 2867 1686 regeneratur
2904 1615 3184 1686 impietas.
3212 1615 3348 1686 Cap.
3382 1615 3414 1668 4
3447 1630 3459 1668 :
3492 1615 3653 1669 Fiant

270 1697 395 1750 Deus
415 1694 505 1749 dat
530 1685 678 1769 unde
694 1691 801 1760 ipsi
831 1691 979 1758 quod
1008 1685 1267 1769 operatur
1294 1685 1904 1769 operemur,accendens
1936 1699 1979 1764 Β
2008 1689 2119 1769 _ﬁlii
2282 1687 2353 1769 Ade
2393 1694 2709 1769 paupertaie
2738 1685 3047 1769 divites,_de
3070 1685 3341 1769 patientia
3369 1687 3558 1769 fortes,
3589 1686 3656 1767 de

263 1769 454 1822 scilicet
478 1766 750 1819 mentium
779 1770 1098 1815 nostrarum
1128 1761 1402 1829 lucernas,
1428 1766 1478 1815 et
1508 1763 1633 1831 igne
1662 1777 1758 1815 nos
1786 1779 1897 1817 sum

265 1839 544 1893 charitatis
566 1836 923 1903 inﬂammans
966 1831 1147 1905 Epist.
1175 1833 1245 1886 ad
1271 1832 1619 1905 Demetriad.
1649 1851 1773 1905 cap.
1803 1836 1897 1889 14:

270 1912 331 1964 De
359 1925 474 1964 vero
506 1909 723 1962 lumine
754 1905 1049 1959 tenebrosa:
1076 1903 1193 1975 iam
1230 1913 1282 1958 et
1326 1904 1631 1973 deﬁcientes
1664 1903 1901 1962 lucerna

269 1984 441 2036 lumen
458 1980 804 2047 accipiunt...
828 1975 1072 2044 Superno
1101 1977 1227 2045 igne
1255 1990 1510 2030 accensus
1539 1977 1762 2032 animus
1790 1995 1901 2032 non

268 2057 550 2123 tepescat...
582 2048 727 2103 unde
756 2047 917 2115 coepit
948 2048 1317 2123 inﬂammari,
1340 2048 1468 2102 inde
1492 2053 1686 2123 poscat
1701 2050 1897 2123 igniri.

275 2118 415 2179 Hanc
443 2122 715 2177 ultimam
737 2134 935 2173 vocem
959 2118 1018 2171 in
1042 2119 1275 2173 dissert.
1296 2122 1332 2171 2
1356 2120 1523 2174 Leoni
1555 2119 1897 2176 familiarem

266 2194 714 2257 observavimus,
748 2207 915 2244 num.
944 2191 1035 2243 24.

326 2267 491 2336 Epist.
527 2281 656 2334 cap.
688 2262 758 2316 24
793 2279 805 2315 :
837 2259 1165 2336 Sinedubio
1202 2259 1330 2315 inde
1374 2260 1606 2329 habetur
1630 2265 1896 2336 virtutum

261 2332 488 2393 omnium
518 2332 744 2397 poa'rio,
785 2332 934 2387 unde
970 2332 1265 2385 habebitur
1295 2349 1629 2387 PLENITUDO.
1665 2335 1723 2388 S.
1763 2335 1896 2402 Leo,

264 2427 422 2465 serm.
450 2411 485 2462 2
513 2409 587 2462 de
617 2406 921 2470 Passione,
946 2419 1072 2473 cap.
1107 2404 1140 2455 2
1173 2420 1185 2456 :
1225 2405 1287 2459 Ut
1316 2403 1459 2473 quod
1488 2407 1655 2459 vestri
1681 2409 1896 2476 generis

260 2483 417 2550 impia
442 2479 686 2551 perdidit
720 2477 927 2551 portio,
959 2478 1284 2551 assequatur
1312 2478 1423 2551 hoc
1441 2476 1897 2551 ﬁdelisgenlium

262 2546 538 2623 plenitudo.
570 2546 755 2604 Serm".
794 2548 860 2623 15
890 2550 1060 2623 (nunc
1086 2547 1207 2623 _14,
1237 2563 1374 2623 cap._
1400 2548 1430 2599 4
1465 2564 1477 2601 :
1522 2550 1635 2617 Qui
1679 2551 1897 2620 primus

264 2618 530 2680 hominum
548 2621 877 2682 resurrexit,
895 2620 1018 2687 ejus
1037 2618 1400 2688 plenitudinis
1416 2625 1498 2673 est
1515 2618 1714 2691 portio,
1730 2638 1897 2692 quam

303 2698 545 2752 ra’cessit.

266 2714 586 2837 Ρνὲἒξέῗῗίεε
617 2779 744 2832 cap.
767 2762 879 2837 A17_:
902 2761 1144 2837 Dignum
1172 2762 1485 2837 quippeest
1512 2768 1573 2815 ut
1606 2766 1783 2837 imago
1805 2764 1901 2818 Dei

270 2832 671 2909 Deosplendeat,
686 2841 735 2888 et
753 2832 883 2888 inde
901 2833 1158 2909 pulchra,
1184 2834 1314 2887 inde
1332 2835 1409 2909 _sit
1435 2838 1666 2909 compta,
1682 2835 1863 2889 dicens
1880 2854 1897 2888 :

272 2904 534 2979 Signatum
562 2910 639 2963 est
667 2921 833 2973 super
874 2920 973 2959 nos
1020 2904 1207 2979 lumen
1250 2905 1433 2979 vultus
1483 2908 1585 2971 tui,
1623 2909 1898 2972 Domine;

272 2975 495 3053 alioquin
535 2979 797 3053 adultera
828 2984 913 3053 est
939 2978 990 3030 et
1017 2992 1051 3029 a
1080 2975 1270 3053 divino
1316 2975 1511 3053 aliena
1558 2979 1830 3053 conjugio,
1853 2979 1901 3031 si

274 3046 493 3107 alterius
522 3052 851 3123 cujusquam
879 3046 1126 3103 decorem
1155 3048 1215 3101 in
1244 3048 1463 3123 sp_ecu_lo
1492 3050 1582 3102 sui
1601 3046 1782 3123 cordis
1811 3066 1900 3103 os-

278 3128 447 3179 tentat.
482 3119 606 3178 Lib'.
638 3139 657 3175 1
688 3121 759 3175 de
792 3119 985 3174 Vocat.
1020 3126 1173 3190 gent.
1209 3134 1259 3173 c.
1291 3120 1324 3171 8
1350 3134 1364 3175 :
1389 3120 1612 3188 Quwrat
1642 3122 1902 3175 Dominus

278 3197 553 3262 imaginem
580 3209 759 3254 suam,
792 3196 845 3245 et
874 3192 1147 3258 omnium,
1171 3205 1295 3259 qua
1324 3192 1384 3244 in
1408 3208 1532 3245 eam
1564 3192 1905 3260 inciderunt,

278 3269 503 3322 sordium
531 3266 876 3321 concretione
903 3263 1124 3318 detersa
1157 3262 1439 3331 speculum
1470 3262 1702 3317 humani
1728 3264 1910 3319 cordis

282 3339 519 3394 enubilet.
553 3338 743 3392 Serm.
778 3333 847 3387 95
889 3334 959 3389 de
1010 3334 1302 3389 Gradibus
1350 3335 1633 3389 beatitud.
1668 3352 1795 3407 cap.
1820 3337 1855 3388 7
1890 3351 1902 3388 :

286 3411 337 3464 In
355 3420 591 3467 creatura
618 3408 848 3462 Creator
865 3412 1154 3476 appareat,
1171 3409 1222 3459 et
1242 3407 1299 3459 in
1320 3407 1534 3476 speculo
1554 3407 1734 3461 cordis
1758 3407 1907 3461 138

287 3481 506 3543 humani,
539 3496 635 3550 per
686 3477 865 3532 lineas
899 3478 1236 3550 imitationis
1282 3494 1539 3548 expressa
1586 3480 1684 3533 Dei
1731 3482 1909 3548 imago

287 3548 628 3623 resplendeat.
649 3554 834 3623 Serm.
856 3549 892 3602 5
913 3550 984 3604 de
1008 3548 1167 3623 Quad
1178 3564 1298 3618 rag.
1327 3566 1451 3620 cap.
1476 3550 1509 3603 3
1534 3569 1546 3605 :
1567 3551 1911 3606 Sollicitiore

287 3621 399 3678 cura
424 3624 593 3680 cordis
632 3621 812 3676 nostri
851 3621 1083 3690 specula
1130 3630 1521 3684 tergamus.....
1554 3623 1711 3677 Nitor
1758 3624 1912 3677 enim

289 3698 521 3750 mentium
541 3694 613 3749 ad
639 3693 936 3761 imaginem
964 3696 1067 3748 Dei
1085 3692 1432 3748 conditarum
1456 3710 1562 3748 non
1590 3696 1666 3748 ita
1695 3711 1729 3746 a
1758 3697 1911 3762 fumo

286 3769 429 3821 totius
454 3766 716 3821 vanitatis
751 3764 971 3835 alienus
998 3768 1095 3833 est,
1128 3769 1187 3818 ut
1217 3764 1374 3818 nulla
1402 3766 1569 3835 possit
1598 3765 1752 3820 sorde
1790 3767 1910 3835 fus—

287 3842 405 3894 cari.
428 3840 604 3893 Serm.
634 3838 658 3890 1
684 3836 755 3890 de
775 3834 967 3903 Jejun.
994 3835 1206 3891 decimi
1241 3834 1461 3889 mensis
1489 3855 1536 3890 (τ.
1570 3838 1593 3889 1
1623 3854 1636 3893 :
1663 3834 1911 3891 Invenie-

290 3926 391 3964 mus
417 3912 687 3965 hominem
739 3906 862 3960 ideo
910 3908 983 3962 ad
1028 3908 1328 3974 imaginem
1374 3910 1477 3962 Dei
1520 3911 1822 3973 conditum,
1855 3911 1914 3963 ut

292 3982 512 4038 imitator
538 3982 629 4036 sui
675 3981 813 4034 esset
843 3983 1119 4047 auctoris;
1148 3984 1201 4034 et
1233 3979 1377 4033 hanc
1422 3996 1537 4034 esse
1587 3979 1916 4035 naturalem

290 4054 438 4108 nostri
464 4049 1071 4124 generisdignilatem,
1104 4054 1157 4107 si
1194 4053 1249 4104 in
1280 4051 1439 4106 nobis
1469 4053 1628 4122 quasi
1676 4054 1731 4106 in
1782 4068 1915 4124 quo-

290 4125 403 4197 dam
427 4122 876 4197 speculo‘divinse
926 4123 1288 4197 benignitatis
1305 4126 1500 4197 forma
1545 4122 1914 4197 resplendeat.

291 4192 463 4251 Sermf
484 4198 514 4251 4
544 4196 616 4250 de
647 4192 886 4248 Nativit.
920 4209 1048 4261 cap.
1082 4196 1117 4248 2
1151 4212 1164 4249 :
1204 4196 1267 4250 Ut
1294 4193 1450 4247 homo
1499 4194 1571 4247 ad
1620 4196 1918 4263 imaginem

288 4277 334 4322 et
354 4267 769 4323 similitudinem
802 4267 1045 4321 auctoris
1068 4270 1164 4321 sui
1194 4268 1396 4335 vivens,
1418 4267 1663 4335 formam
1694 4267 1793 4320 Dei
1823 4266 1915 4320 bo-

287 4342 455 4395 nitatis
491 4348 654 4410 atque
700 4336 923 4410 iustitia:
968 4342 1029 4394 in
1080 4338 1371 4408 splendore
1417 4338 1745 4392 imitationis
1774 4346 1913 4391 tam-

286 4427 427 4482 quam
455 4414 512 4466 in
538 4409 750 4481 speculi
780 4411 963 4482 nitore
987 4412 1255 4482 servaret.

351 4479 603 4554 Epistolas
635 4496 763 4554 cap.
781 4480 816 4531 7
836 4496 849 4534 :
871 4481 1062 4536 Gratia
1088 4482 1185 4537 Dei
1207 4480 1664 4554 togairepellitur,»
1680 4479 1790 4554 nisi
1808 4483 1919 4554 tota

285 4551 645 4626 suscipitur....
680 4553 1150 4626 Extragratiam
1190 4551 1451 4626 efﬁcitur,
1488 4553 1583 4622 qui
1611 4552 1825 4626 aliquid
1853 4552 1918 4626 de

289 4627 389 4693 ejus
408 4622 761 4697 plenitudine
784 4623 1150 4697 difﬁtetur....
1179 4622 1353 4679 Plene
1373 4626 1424 4697 et
1453 4624 1722 4677 veraciter
1751 4625 1920 4694 conﬁ-

285 4695 429 4752 tenda
455 4708 532 4754 est
557 4706 741 4767 gratia
773 4696 892 4763 Dei,
912 4696 978 4751 de
997 4699 1157 4763 cuius
1173 4697 1276 4767 hoc
1302 4695 1541 4765 primum
1564 4711 1788 4750 munere
1817 4701 1918 4763 est,

287 4774 341 4821 ut
364 4766 634 4825 auxilium
674 4768 849 4837 ipsius
884 4770 1175 4823 sentiatur.
1212 4766 1476 4837 Capitulo
1512 4768 1597 4826 10.
1622 4768 1692 4820 de
1722 4767 1919 4821 Gratia

285 4846 336 4894 et
362 4840 452 4896 lib.
476 4844 612 4896 Arb.
652 4857 665 4894 :
701 4838 779 4893 Ad
827 4840 1188 4908 confitendam
1225 4840 1466 4910 gratiam
1497 4838 1595 4891 Dei
1622 4840 1739 4905 eius
1769 4839 1921 4910 operi

286 4929 343 4965 ac
365 4913 676 4981 dignationi
694 4911 843 4964 nihil
871 4914 1093 4977 penitus
1121 4909 1552 4967 subtrahendum
1584 4915 1683 4964 est.

350 4983 600 5051 Epistolas
616 5000 743 5053 cap.
766 4982 829 5036 8:
846 4983 1016 5039 Nulla
1044 4992 1123 5039 est
1141 4986 1545 5054 graviorquam
1562 4981 1917 5050 superborum

288 5057 466 5123 ruina;
486 5059 728 5112 maxime
743 5069 867 5107 cum
892 5056 1019 5124 ipsa
1033 5053 1203 5110 elatio
1221 5056 1277 5109 in
1301 5056 1397 5109 Dei
1412 5054 1600 5124 tendat
1622 5055 1678 5107 in
1677 5053 1705 5121 j
1712 5054 1913 5106 ariam.

290 5124 339 5201 ξ.
360 5127 481 5201 Leo,
495 5128 745 5201 epistola
757 5123 1014 5201 80A(nunc
1037 5127 1159 5197 106)
1183 5128 1253 5201 ad
1275 5129 1356 5201 ᾼη
1369 5123 1479 5201 atol
1492 5125 1610 5201 ium
1636 5141 1649 5201 ς
1673 5124 1736 5201 In
1757 5126 1917 5201 totius

292 5197 513 5271 Ecclesia:
531 5194 1000 5271 perturbationem
1019 5194 1251 5271 superba
1273 5198 1390 5255 haec
1406 5195 1586 5271 tendit
1600 5194 1918 5271 elatio.Cre-

294 5267 557 5327 beri-imus
583 5278 671 5327 est
704 5271 814 5324 iste
844 5267 1123 5336 loquendi
1148 5271 1360 5325 modus
1383 5268 1536 5337 apud
1562 5268 1619 5322 S.
1650 5267 1914 5322 Leonem.

351 5342 601 5411 Epistolas
632 5360 761 5412 cap.
790 5341 857 5393 1O
890 5342 989 5397 :Ut
1013 5345 1264 5397 omnium
1292 5341 1577 5396 hominum
1606 5340 1918 5412 generalem

291 5416 485 5470 ruinam
539 5411 869 5470 meritbru-m
914 5414 1208 5482 privilegio
1254 5414 1620 5469 sublevarent.
1673 5412 1727 5465 S.
1786 5411 1914 5480 Leo,

294 5496 442 5540 serm.
465 5491 496 5541 7
522 5490 592 5541 de
630 5483 972 5556 Epiphania,
997 5502 1125 5555 cap.
1152 5487 1181 5539 4
1210 5502 1221 5540 :
1248 5488 1384 5539 Deus
1425 5499 1647 5538 causam
1673 5491 1918 5538 nostram

292 5557 435 5612 nimis
462 5561 668 5614 malam
701 5556 1037 5629 humilitatis
1062 5557 1363 5629 privilegio
1397 5558 1593 5612 bonam
1620 5557 1769 5625 fecit.

352 5631 600 5700 Epistolas
623 5648 753 5701 cap.
782 5628 884 5701 18,:
910 5629 987 5683 Ab
1012 5633 1169 5685 omni
1191 5630 1827 5701 contaminationemens
1853 5628 1915 5701 li-

295 5694 405 5775 bera
428 5709 522 5769 est,
543 5721 667 5775 quae
694 5694 806 5758 sive
836 5700 893 5755 in
922 5716 997 5764 se,
1024 5703 1139 5757 sive
1168 5702 1228 5757 in
1256 5715 1510 5773 proximo
1535 5698 1683 5775 nihil
1705 5699 1912 5775 diligit,

293 5770 387 5827 nisi
402 5776 535 5846 quod
553 5770 623 5834 ea:
642 5778 748 5832 Deo
779 5788 892 5830 esse
926 5774 1099 5829 novit.
1122 5770 1268 5830 Nam
1288 5786 1480 5830 amare
1506 5771 1736 5841 aliquid,
1772 5771 1916 5841 quod

2010 1756 2327 1814 humilitate
2351 1756 2633 1814 sublimes.
2656 1760 2933 1813 Sexcenta
2956 1757 3049 1813 hic
3072 1756 3290 1812 Similia
3310 1756 3563 1828 reperies
3594 1758 3656 1812 in

2009 1830 2138 1887 aliis
2168 1830 2225 1885 S.
2259 1831 2465 1885 Leonis
2496 1827 2817 1901 opusculis.
2850 1830 2996 1884 Vide
3025 1827 3498 1884 dissertationem
3528 1829 3581 1882 3.

2084 1903 2234 1956 734
2256 1903 2350 1956 Vl.
2385 1903 2437 1955 4.
2471 1902 2603 1957 Jam
2632 1917 2767 1956 vero
2808 1901 2858 1955 si
2910 1902 3244 1956 minutatim
3275 1901 3524 1955 velimus
3554 1916 3658 1954 ex-

2009 1974 2260 2043 pendere
2276 1973 2412 2045 styli
2432 1973 3202 2044 afﬂnitatem,vocabulaque
3217 1974 3450 2044 utrique
3471 1970 3658 2045 magis

2010 2043 2558 2112 familiaria,‘eadem
2583 2061 2824 2116 prorsus
2845 2046 2964 2100 haec
2986 2043 3121 2100 esse
3138 2044 3305 2100 facile
3327 2043 3657 2116 deprehen-

2008 2118 2238 2181 demus,
2271 2115 2597 2187 eademque
2622 2116 2893 2172 dictionis
2933 2118 3113 2172 totius
3146 2115 3518 2187 structuram.
3558 2115 3656 2169 [lis

2008 2188 2163 2243 enim
2191 2189 2369 2244 ferme
2392 2186 2755 2258 frequentius
2789 2193 3036 2243 utuntur
3055 2190 3315 2257 vocibus,
3334 2194 3432 2243 aut
3464 2186 3513 2243 si
3540 2204 3657 2241 non

2010 2261 2345 2331 frequenter
2367 2260 2682 2331 aliquibus,
2698 2259 2904 2315 saltem
2929 2262 3068 2316 citra
3091 2277 3262 2315 usum
3284 2275 3659 2315 communem

2010 2338 2316 2402 usurpant.
2342 2331 2513 2387 Tales
2535 2337 2669 2385 sunt
2691 2338 3020 2402 sequentes.
3042 2332 3385 2387 Voluntaria
3408 2331 3657 2402 devotio.

2008 2401 2215 2458 Gratiae
2238 2403 2500 2474 largitas.
2518 2401 2787 2457 Incitare;
2808 2404 3003 2475 Igniri.
3028 2404 3361 2475 Discipulus
3381 2401 3661 2475 veritatis.

2008 2475 2704 2546 Prophetica,evange1ica
2720 2480 2774 2529 et
2797 2474 3121 2546 apostolica
3139 2474 3660 2540 doctrinaltedire,

2007 2545 2277 2613 transire,
2296 2546 2601 2601 transferri
2619 2545 2676 2599 in
2701 2545 3179 2615 innocentiam,et
3199 2546 3512 2601 novitatem
3534 2561 3660 2616 pro-

2012 2617 2233 2673 testari.
2264 2619 2539 2673 Indioere.
2567 2618 2865 2672 Murmura
2889 2618 3278 2688 querelarum.
3306 2618 3659 2672 Incunctan-

2011 2696 2115 2744 ter.
2140 2688 2451 2760 Inspicere,
2485 2689 3656 2760 inspector.Sublimitas.Transcendere.

2009 2764 2371 2827 Accrescere,
2390 2760 3039 2828 famulari,famulatus.
3062 2761 3666 2825 Insinuare,insinua-

2009 2834 2108 2889 tio.
2130 2834 2524 2889 Moderamen.
2551 2833 3056 2889 Incommutabilis
3078 2832 3657 2903 voluntas.Tepesce-

2010 2922 2089 2961 re.
2118 2905 2353 2959 Desides
2378 2910 2433 2959 et
2452 2904 2655 2976 tepidi.
2677 2906 2977 2960 Evacuare.
3008 2906 3241 2961 Insania
3263 2905 3393 2960 novi
3417 2905 3663 2973 dogma-

2010 2978 2102 3030 tis.
2156 2977 2451 3047 Dogmatis
2484 2978 2689 3047 portio.
2716 2977 3022 3048 Vipereus.
3058 2979 3321 3032 Formam
3366 2976 3660 3047 praeferre.

2016 3051 2428 3121 cooperatores
2458 3051 2678 3119 gratia).
2704 3050 3063 3118 Impendere.
3095 3048 3500 3121 Dispendium,
3525 3048 3665 3101 Pro-

2014 3120 2242 3183 vehere,
2269 3122 2578 3191 provectio.
2606 3122 2917 3175 Exordium
2942 3120 3537 3176 sumere.’Consensio
3562 3134 3665 3189 pro

2017 3208 2329 3246 consensu.
2353 3193 2622 3247 Mensura
2653 3193 2937 3247 donorum
2970 3194 3190 3263 gratias.
3214 3195 3427 3263 Impar.
3450 3192 3666 3263 Tume-

2017 3280 2100 3332 re,
2124 3263 2534 3318 intumescere.
2557 3264 2760 3318 Elatio.
2792 3265 3164 3332 Praesumere,
3186 3262 3393 3319 forma.
3419 3262 3664 3317 Univer-

2018 3334 2161 3389 sitas
2194 3351 2297 3405 pro
2323 3352 2551 3407 omnes.
2578 3335 2873 3407 Recidere.
2907 3336 3230 3407 Fragilitas.
3264 3333 3451 3389 Divini
3474 3332 3665 3407 operis

2019 3411 2077 3461 et
2108 3405 2369 3461 muneris
2398 3423 2545 3461 esse.
2573 3405 2869 3463 Soliditas.
2888 3405 3179 3475 Sacratus,
3203 3405 3664 3461 sacratissimus.

2018 3478 2430 3533 Confoederari.
2466 3478 2812 3547 Religiosus.
2848 3480 3161 3534 Onerosus.
3195 3478 3522 3533 Obscurum
3563 3492 3667 3548 pro

2020 3550 2400 3604 obscuritate.
2435 3551 2693 3617 Erudire,
2727 3551 2997 3605 eruditio.
3024 3552 3343 3615 Discretus,
3368 3548 3666 3604 discretio.

2023 3623 2236 3690 Portio,
2258 3621 2611 3695 plenitudini
2634 3628 2689 3676 et
2715 3621 2989 3677 soliditati
3014 3622 3300 3695 opposita.
3325 3626 3673 3695 Sacramen-

2020 3699 2144 3747 tum
2181 3692 2474 3765 passionis
2504 3698 2561 3749 et
2591 3692 3278 3760 resurrectionisIUrere,
3309 3694 3395 3748 uri
3431 3692 3670 3765 invidia.

2020 3765 2197 3819 Virus
2218 3765 3071 3837 invidiaa.Commenta.Paginze
3087 3782 3225 3820 evan
3237 3764 3676 3837 gelicm,veteris

2023 3841 2078 3892 et
2101 3837 2232 3892 novi
2247 3837 2620 3893 Testamenti.
2640 3836 3032 3908 Deception’es.
3050 3836 3259 3907 Laquci
3274 3877 3285 3889 .
3302 3836 3519 3906 Dextri,
3535 3836 3675 3891 sini-

2024 3908 2149 3964 stri.
2174 3908 2522 3963 Communio
2550 3914 2791 3975 naturae,
2811 3916 2919 3964 etc.
2940 3910 3219 3965 Scienter.
3242 3909 3503 3964 Materia.
3530 3911 3675 3964 Ger-

2024 3997 2552 4052 men,semen,ager
2573 3981 3182 4037 cordis.Consortiu‘m.
3205 3980 3674 4035 Plantationibus

2026 4054 2150 4107 suis
2166 4057 2316 4107 Deus
2332 4052 2695 4108 incrementa
2713 4052 3482 4124 prazbet.Variare,varietas
3514 4052 3676 4124 Inde-

2027 4124 2306 4179 sinenter.
2331 4124 2691 4180 Tentationis
2711 4122 3009 4181 stimulus.
3032 4123 3358 4179 Periculum
3387 4122 3679 4178 mutabili-

2024 4195 2186 4250 tatis.
2208 4195 2615 4250 Mutabilitatis
2647 4197 2952 4252 incertum.
2979 4197 3159 4251 Corde
3192 4195 3519 4267 concipere.
3541 4194 3680 4251 Cul-

2026 4272 2179 4321 tura.
2202 4267 2545 4321 Tenebroste
2569 4274 2814 4323 mentes.
2836 4268 3139 4323 Inclinare.
3165 4267 3477 4323 Oociduus.
3505 4268 3679 4322 Refu-

2028 4343 2152 4393 tare
2188 4355 2288 4411 pro
2320 4338 2580 4411 rejicere,
2604 4344 2712 4395 etc.
2737 4340 3020 4411 Magistri,
3045 4357 3147 4411 pro
3170 4339 3271 4394 SS.
3308 4340 3599 4409 l’atribus,
3624 4341 3681 4393 et

1947 4439 1995 4505 n
2030 4409 3579 4505 detrusisse}?Restitutiedisserta

2096 4483 2150 4536 5.
2170 4482 2642 4555 Coniectationes
2664 4485 2994 4555 superiores
3018 4484 3112 4539 hic
3145 4483 3325 4537 altera
3352 4483 3678 4536 firmamus.

2026 4553 2187 4626 _Quod
2217 4553 2556 4626 stylibujus
2588 4553 2849 4626 epistolas
2881 4558 3036 4611 nitor
3058 4573 3123 4610 ac
3145 4558 3420 4626 venustas
3444 4570 3557 4607 non
3591 4554 3681 4626 est

2028 4623 2291 4698 hominis
2305 4623 2581 4689 Africani,
2607 4623 2707 4683 sed
2732 4628 2876 4698 ipsis
2900 4628 3097 4698 potius
3119 4624 3335 4698 Latinae
3361 4623 3573 4698 linguas
3595 4624 3680 4678 in-

2028 4697 2318 4752 cunabilis
2350 4698 2614 4753 enutriti.
2642 4701 2707 4753 Et
2732 4697 2882 4754 certe
2904 4697 2952 4754 ei
2978 4697 3290 4752 Africanus
3310 4697 3536 4765 fuisset,
3564 4713 3682 4751 non

2028 4768 2360 4841 ignorasset
2381 4771 2803 4825 Demetriadem
2826 4787 2891 4825 ex
2909 4776 2963 4824 S.
2984 4768 3288 4841 Augustini
3310 4769 3565 4841 maxime
3587 4786 3683 4823 co-

2026 4840 2458 4896 hortationibus
2475 4844 2771 4895 servandae
2784 4840 3135 4911 virginitatis
3150 4840 3457 4897 consilium
3474 4858 3682 4897 conce-

2027 4912 2216 4983 pisse;
2242 4930 2343 4966 nec
2367 4912 2701 4983 scripsisset
2720 4913 2833 4967 tale
2857 4913 3053 4984 ipsum
3076 4915 3415 4983 prapositum
3434 4915 3557 4969 sine
3579 4914 3680 4969 hu-

2025 4986 2206 5057 manis
2229 4984 2695 5057 cohortationibus
2710 4986 3099 5052 elegisse,cum
3118 5002 3186 5040 ex
3202 4986 3391 5057 ipsius
3407 4986 3681 5055 Augusti-

2026 5054 2083 5109 ni
2108 5055 2277 5125 epist.
2298 5056 2399 5109 143
2417 5057 2484 5109 ad
2506 5055 2799 5111 Julianam
2823 5057 3202 5112 Demetriadis
3224 5054 3466 5113 matrem
3488 5054 3678 5113 disca-

2028 5143 2181 5202 mus,
2201 5143 2302 5197 per
2314 5128 2441 5196 ejus
2459 5127 2855 5202 ministerium
2872 5129 3158 5184 castitatis
3179 5130 3535 5202 propositum
3554 5145 3677 5182 am-

2026 5198 2314 5282 plexatam
2334 5215 2464 5282 esse
2487 5198 2642 5269 piam
2662 5200 2813 5255 hanc
2830 5202 3137 5282 virginem.
3153 5198 3259 5282 _Per
3278 5198 3677 5282 ministerium,

2026 5269 2242 5344 inquit,
2263 5278 2510 5325 nostrum
2531 5286 2656 5325 cum
2684 5269 3019 5344 accepissetis
3050 5275 3271 5328 verbum
3299 5274 3532 5329 auditus
3560 5273 3678 5339 Dei,

2024 5344 2165 5397 sicut
2194 5341 2327 5416 dicit
2356 5343 2663 5413 Apostolus,
2697 5341 2988 5416 accepistis
3019 5362 3127 5399 non
3160 5354 3217 5400 ut
3246 5348 3469 5400 verbum
3500 5345 3683 5398 homi-

2024 5432 2178 5479 num,
2204 5414 2316 5480 sed,
2339 5417 2480 5470 sicut
2505 5417 2602 5477 est,
2624 5432 2751 5471 vere
2780 5414 3017 5473 Verbum
3046 5418 3160 5471 Dei.
3183 5417 3347 5486 Cujus
3376 5415 3684 5471 ministerii

2023 5488 2220 5558 nostri,
2244 5487 2540 5558 adiuvante
2567 5490 2753 5558 gratia
2782 5493 2830 5544 et
2860 5488 3239 5545 misericordia
3268 5488 3594 5555 Saluatoris,
3620 5490 3681 5541 in

2023 5557 2177 5612 domo
2208 5568 2387 5613 vestra
2429 5562 2614 5614 tantus
2661 5562 2878 5629 fructus
2926 5565 3149 5618 exortus
3179 5568 3277 5627 est,
3310 5564 3369 5614 ut
3419 5559 3681 5615 humanis

2024 5632 2235 5699 nuptiis
2249 5631 2371 5700 jam
2390 5633 2605 5702 paratis
2626 5638 2828 5689 sancta
2844 5634 3148 5689 Demetrias
3166 5632 3477 5702 spiritalem
3498 5631 3687 5701 sponsi

2023 5703 2184 5777 illius
2207 5706 2489 5773 prae/erret
2519 5705 2857 5774 amplexum,
2882 5708 2974 5761 cui
3001 5705 3239 5775 specioso
3266 5720 3382 5777 prae
3412 5706 3549 5775 ﬁliis
3581 5705 3681 5777 ho,-

2020 5775 2259 5847 minum,
2295 5781 2405 5833 etc.
2439 5777 2749 5834 Hominem
2780 5795 2914 5835 vero
2956 5776 3169 5834 Italum
3218 5775 3393 5852 longe
3428 5778 3572 5835 735
3609 5776 3681 5833 ab
