4010 6168
233 179 308 239 421
648 167 1171 237 DISSERTATIO
1212 172 1319 236 IV.
1367 174 1470 238 DE
1508 174 1876 238 AUGTORE
1922 174 2326 238 EPISTOLIE
2368 178 2471 237 AD
2514 176 3120 241 DEMETRIADEM.

227 306 296 364 Dei
319 303 1108 386 amuiationedespoﬁnderat
1130 302 1227 357 uni
1259 303 1380 384 viro
1410 304 1697 386 virginem
1731 321 1825 361 ca-
1857 316 1910 382 Α

224 385 334 436 stam
355 378 630 433 exhibere
646 375 912 431 Christo?
932 380 1211 447 Prospero
1231 376 1386 429 enim
1411 375 1675 431 omnium
1700 392 1827 447 qusi

219 450 491 523 Augustini
511 454 681 523 erant
696 447 1096 502 curiosissimo
1116 446 1443 523 indagatori
1466 448 1573 523 hoc
1588 446 1831 523 ignorav

219 540 262 578 re
280 518 376 577 non
401 520 590 587 licuit,
615 535 717 574 nec
739 524 1089 584 tacere,cum
1113 518 1168 590 id
1194 534 1370 572 sacra:
1391 519 1601 590 virgini
1624 518 1833 590 gratis-

218 596 395 649 simum
416 609 547 647 esse
571 594 830 645 futurum
855 606 969 644 non
993 589 1309 645 dubitaret.
1331 589 1582 661 Denique
1604 589 1737 645 cum
1762 592 1832 645 de

217 664 482 738 proposito
507 662 791 738 castitatis
807 678 846 738 _a
871 661 1231 738 Demetriade
1252 668 1527 738 concepto
1551 665 1701 738 inter
1719 664 1835 732 ipsa

215 734 674 805 principiamultos
687 736 782 805 qui
796 736 924 787 tunc
936 734 993 785 in
1012 734 1256 805 Ecclesia
1266 735 1833 802 praeminebant,me-

217 803 303 864 rito
329 803 437 862 non
465 803 955 869 siluisse'assorat,
980 809 1155 874 atque
1186 803 1285 858 illa
1313 806 1722 859 rationabiliter
1740 805 1832 860 do-

216 882 455 937 ctissimos
482 880 627 932 viros
646 878 758 930 suis
778 875 1255 930 adhortationibus
1280 878 1733 943 incitasse,nemo
1747 880 1836 931 est

218 954 296 1024 qui
314 952 508 1005 credat
529 950 678 1024 hanc
700 947 949 1024 sibiipsi
974 947 1089 1000 vim
1109 948 1299 1024 facere
1321 949 1583 1018 potuisse
1595 952 1835 1024 Prospe-

218 1017 345 1091 rum,
366 1026 431 1077 ut
459 1022 780 1075 orationem
813 1017 874 1071 in
900 1017 1209 1091 Augustini
1239 1017 1452 1073 nomen
1481 1036 1547 1091 ac
1578 1019 1830 1088 elogium

216 1100 392 1168 sponte
412 1109 478 1146 cu
490 1098 766 1168 rrentem,
778 1092 812 1144 ἵ
826 1090 925 1168 38
941 1095 1333 1168 ορωρθεοφτθι
1350 1090 1831 1168 Γθλρνξῐηβνὲῗοῃυθ·

272 1171 390 1220 Haec
419 1164 619 1218 omnia
649 1163 699 1216 si
734 1166 926 1216 mente
957 1162 1029 1215 ab
1074 1160 1234 1215 omni
1284 1162 1621 1233 prasjudicio
1653 1160 1835 1217 libera

212 1240 368 1296 lector
387 1233 839 1303 attenderit,non
860 1233 1064 1287 dubito
1083 1232 1224 1303 quin
1243 1232 1595 1302 cenjecturis
1618 1234 1835 1289 nostris

214 1311 346 1366 ultro
388 1306 743 1370 subscribat,
780 1305 1003 1375 hocque
1024 1304 1375 1374 opusculum
1409 1312 1608 1361 sancto
1642 1306 1834 1374 Leoni,

212 1388 265 1437 ut
290 1381 538 1446 genuino
571 1376 820 1446 parenti,
853 1376 1282 1430 restituendum
1308 1376 1552 1446 judicet.

318 1446 407 1506 ΙΙΙ.
438 1446 596 1504 Nihil
625 1464 794 1519 agam
828 1448 900 1501 ab
923 1447 1195 1502 instituto
1226 1463 1354 1502 meo
1386 1446 1731 1512 alienum,si
1764 1446 1833 1501 ad

214 1524 461 1579 incudem
497 1521 590 1575 hic
617 1534 961 1591 revocavero
986 1534 1111 1591 quas
1142 1522 1343 1591 auctor
1373 1535 1634 1591 nuperus
1664 1519 1838 1591 refert

212 1597 274 1650 de
294 1595 383 1667 pia
401 1593 645 1663 virgine,
669 1591 879 1667 melius
909 1590 1153 1667 dixerim
1181 1589 1641 1667 adversus'piam
1661 1589 1835 1667 virgi-

3465 148 3590 244 m

2014 304 2107 359 ΙΧ·
2138 306 2245 359 Sed
2281 306 2494 377 saepius
2544 308 2755 362 monita
2802 312 2880 363 est
2922 310 3230 364 Demetrias
3258 310 3322 365 de
3346 313 3587 369 vitandis

1942 379 2157 454 Pelagii
2186 378 2437 454 reliquiis
2465 382 2515 454 et
2544 380 2805 454 superbia
2822 381 3109 454 fugienda.
3138 385 3349 436 Verum
3376 381 3431 437 id
3456 386 3584 454 qui-

1942 448 2072 502 dem
2100 465 2112 514 ;
2146 450 2244 525 sed
2280 450 2328 525 si
2360 451 2430 503 de
2460 450 2696 525 vitanda
2742 448 2914 520 culpa
2966 452 3049 506 vel
3082 469 3273 508 errore
3308 448 3583 525 fugiendo

1941 536 2069 574 esse
2092 521 3042 597 admonitum,admisisseest,nec
3064 525 3246 594 possit
3267 521 3584 597 quisquam

1943 606 2111 661 agere
2136 595 2608 661 monitorem,qui
2634 593 2812 647 simul
2831 593 3267 650 criminatorem
3287 593 3403 651 non
3422 593 3584 665 agat,

1945 665 2138 717 nescio
2164 664 2297 733 quis
2321 680 2353 716 a
2375 666 2578 733 quovis
2597 666 2837 718 crimine
2858 666 3192 721 absolutum
3213 684 3273 721 se
3296 664 3588 725 conlidere

1944 735 2175 788 audeat.
2190 736 2285 788 Hei
2303 738 2538 789 fuerunt
2556 736 2797 791 Romani
2811 754 3015 793 omnes
3029 739 3219 793 omnis
3234 740 3584 796 Manchaicai

1943 805 2285 883 impietatis,
2315 806 2696 883 omniumque
2726 808 2865 877 Arii,
2896 810 3231 883 Nestorii‘et
3255 811 3586 883 Eutychetis

1946 877 2259 953 haereseon,
2294 879 2769 953 quandoquidem
2804 881 2973 934 toties
3005 882 3074 934 de
3107 880 3200 953 his
3232 877 3524 953 fugiendis
3554 901 3588 939 a

1946 949 2134 1021 Leone
2159 955 2297 1003 sunt
2329 950 2632 1003 admoniti.
2668 956 2884 1005 Umnes
2914 952 3184 1021 apostoli,
3212 949 3393 1009 imfno
3425 956 3587 1009 Chri-

1944 1020 2119 1094 stiani
2152 1036 2355 1094 omnes
2388 1022 2668 1094 fermento
2699 1029 2837 1076 sunt
2872 1020 3082 1094 infecti
3132 1024 3592 1094 Pharisaeorum,

1945 1093 2099 1162 quod
2133 1097 2222 1145 est
2251 1091 2754 1163 hypocrisis,quos
2777 1092 2947 1147 toties
2979 1094 3245 1151 hortatus
3275 1102 3364 1152 est
3395 1091 3591 1152 Domi;

1945 1179 2056 1217 nus
2086 1163 2259 1217 Jesus
2293 1170 2355 1235 ut
2384 1164 2456 1217 ab
2487 1180 2552 1217 eo
2584 1165 2694 1218 sibi
2728 1169 3357 1235 caverent.lmpudicus
3383 1170 3581 1224 dicen-

1944 1236 2055 1289 dus
2085 1238 2194 1288 erit
2243 1234 2587 1289 Timotheus
2618 1240 2674 1289 et
2703 1237 2962 1304 profanis
2989 1234 3196 1293 vocum
3234 1242 3588 1297 novitatibus

1944 1306 2511 1382 addictus,ad_quem
2536 1308 2739 1382 scribit
2760 1308 3071 1382 Apostolus
3094 1314 3157 1364 ut
3178 1312 3438 1382 seipsum
3464 1329 3581 1368 cas-

1943 1382 2071 1431 tum
2104 1377 2419 1439 custodiat,
2445 1382 2501 1432 et
2526 1378 2740 1432 devitet

1945 1395 2071 1431 tum
2104 1395 2419 1439 cusroaiat,
2445 1395 2501 1432 et
2526 1395 2740 1432 aevuet
2769 1395 3043 1503 plroranas
3063 1397 3273 1436 vocum
3306 1395 3592 1439 nov1tates

1945 1449 1991 1519 (Ι
2018 1448 2256 1523 Timoth.
2282 1465 2336 1513 v,
2360 1450 2448 1523 25,
2472 1453 2521 1503 et
2544 1466 2618 1513 v1,
2640 1451 2752 1521 20).
2821 1452 3078 1523 nimvero
3102 1453 3233 1523 quis
3258 1453 3503 1509 miretur
3522 1457 3594 1512 de

1948 1521 2281 1574 humilitate
2309 1521 2503 1590 potius
2544 1537 2722 1590 quam
2754 1523 2825 1577 de
2856 1522 2986 1576 aliis
3018 1521 3336 1580 virtutibus
3366 1542 3593 1582 sermo-

1949 1607 2079 1647 nem
2106 1609 2138 1646 a
2161 1591 2349 1645 Leone
2373 1607 2501 1646 esse
2523 1592 2882 1659 institutum,
2903 1610 3033 1648 cum
3058 1596 3483 1653 Demetriadem
3508 1598 3593 1653 al-

2812 1380 3043 1436 rofanas
3063 1380 3283 1436 vocum'
3306 1385 3592 1439 novitates

213 1661 526 1754 Μάρδοι]ῇῲ
544 1661 1840 1754 ωθῐῃειιίειηξ’ἰηλθοξὶθεὶθφξξεπὶὲίεῐοτίᾳΙηοο-
1871 1690 1917 1754 Β
1947 1663 2308 1754 loqueretur,
2345 1679 2469 1744 quae
2513 1664 2584 1754 ald
2630 1680 2763 1754 eum
2806 1665 3351 1754 virtutumspicem
3395 1676 3594 1752 evecta

214 1733 438 1792 rabilem
457 1734 774 1789 immeritis
792 1734 948 1787 notis
964 1733 1515 1788 dedecorat.Trihus
1532 1734 1687 1787 enim
1707 1749 1839 1802 qua-

210 1816 395 1864 tuorve
418 1806 766 1861 criminibus
799 1804 1224 1859 Demetriadem
1257 1806 1503 1859 arcessit
1535 1821 1547 1858 :
1583 1806 1839 1873 primum

212 1882 351 1952 quod
384 1879 654 1952 humanas
685 1876 882 1952 gloria:
915 1875 1127 1952 avida,”
1146 1875 1431 1952 quidquid
1478 1876 1613 1931 boni
1647 1881 1843 1946 ageret

212 1891 351 1952 quod
384 1891 654 1933 humanis
685 1891 882 1947 gloria:
915 1891 1103 1937 avma,
1146 1891 1431 1999 qluiaquia
1478 1891 1613 1931 noni
1647 1891 1836 1946 ageret

212 1951 326 2007 labe
356 1952 462 2004 ista
486 1950 749 2004 inliceret
775 1972 789 2012 ;
820 1948 879 2000 2°
904 1946 1058 2017 quod
1096 1946 1167 2000 Pe
1195 1947 1471 2017 agianum
1499 1963 1787 2001 venenum
1811 1964 1836 1998 a

212 2024 430 2077 Iuliano
460 2020 662 2091 gentili
696 2035 802 2073 suo
834 2018 1206 2091 propinatum
1240 2019 1393 2073 ultro
1426 2020 1752 2090 exceperit;
1786 2018 1844 2071 3°

217 2096 356 2165 quod
392 2089 569 2165 hujus
602 2092 801 2165 farinae
824 2091 1089 2165 homines
1111 2089 1361 2165 libenter
1391 2089 1593 2165 foverit
1621 2109 1633 2155 ;
1667 2092 1723 2144 4ο
1745 2091 1841 2165 de-

216 2161 374 2236 nique
420 2161 573 2234 quod
627 2161 969 2236 admirati-ix
1017 2162 1681 2236 ingeni_orum_(novuim
1733 2161 1842 2215 cri-

216 2232 377 2303 men),
416 2232 567 2306 quod
612 2232 942 2306 ambitiosis
988 2233 1377 2303 superbisque
1406 2232 1746 2306 hominibus
1779 2249 1844 2287 ac

215 2304 467 2380 pietatem
492 2305 908 2380 mentientibus
924 2304 1248 2380 impensius
1266 2305 1691 2380 [avaritReddo
1705 2321 1841 2358 auc-

215 2375 312 2434 tori
342 2379 511 2435 verba
532 2394 658 2431 sua.
680 2378 962 2443 Julianus,
984 2375 1196 2445 inquit,
1220 2375 1387 2444 affini
1416 2378 1655 2444 familim
1684 2392 1840 2429 vene-

216 2469 336 2505 num
361 2467 517 2505 suum
547 2449 860 2519 efﬂaverat,
883 2448 1132 2517 illudque
1168 2449 1487 2515 Demetrias,
1506 2456 1565 2501 ut
1591 2456 1708 2502 erat
1725 2447 1843 2516 glo-

215 2526 361 2578 riola'
388 2524 683 2585 amentior,
703 2520 925 2590 facilius
947 2520 1175 2588 excepit,
1200 2521 1443 2588 favitque
1462 2521 1847 2588 comtemptria:

216 2611 365 2664 opum
392 2610 454 2647 ac
480 2590 696 2653 mundi,
728 2590 819 2664 sed
838 2590 1181 2664 admiratrix
1213 2592 1580 2664 ingeniorum,
1606 2590 1844 2664 homini-

216 2662 321 2730 bus,
347 2667 437 2736 qui
464 2664 750 2718 severioris
778 2662 1092 2736 disciplinae
1120 2663 1198 2736 ita
1224 2663 1562 2736 pra/errent
1588 2663 1844 2736 speciem,

215 2748 269 2792 ut
297 2732 470 2791 tanien
503 2742 755 2805 amarent
780 2732 961 2787 videri
983 2732 1200 2786 dicendi
1226 2732 1401 2787 simul
1430 2738 1480 2787 et
1505 2732 1849 2805 evangelici?

218 2808 549 2879 periectionis
576 2804 949 2879 principatum
977 2806 1159 2858 tenere
1178 2804 1363 2879 A(Joan.
1389 2804 1710 2871 Gamerius,
1735 2805 1846 2858 dis-

218 2875 336 2936 sert.
365 2881 413 2934 6.
447 2878 515 2932 ad
547 2878 791 2932 Marium
821 2875 1218 2946 Mer-calorem).

283 2952 386 3006 Sed
422 2949 575 3003 unde
608 2948 809 3015 habes,
838 2946 926 3000 vir
957 2946 1202 3012 erudite,
1236 2946 1512 3000 haustum
1545 2963 1577 2999 a
1612 2947 1707 3017 pia
1735 2946 1851 2999 vir-

226 3023 350 3094 gine
376 3020 588 3094 Pelagii
621 3020 926 3094 toxicum?
969 3018 1131 3082 Quod
1173 3016 1220 3070 si
1270 3016 1848 3094 assertionistestem

230 3061 446 3149 Sullani
476 3061 661 3146 habes
697 3061 1008 3152 idoneum:
1034 3105 1149 3143 non
1198 3090 1413 3143 vereris
1459 3090 1528 3143 de
1573 3091 1859 3143 int‘amata
1887 3061 1929 3127 Ο

266 3166 420 3220 uella:
442 3165 558 3219 Deo
590 3178 767 3217 sacra:
800 3160 1079 3215 memoria
1109 3176 1271 3214 reum
1302 3176 1492 3213 coram
1520 3160 1634 3215 Deo
1663 3166 1858 3230 postu-

266 3182 420 3220 uenae
444 3182 558 3219 U80
590 3182 767 3217 88.οΓᾶό
800 3182 1079 3215 memoria
1109 3182 1271 3214 reum
1302 3182 1492 3213 coram
1520 3182 1634 3215 U80
1663 3182 1855 3230 p08“)-

229 3182 365 3292 ξιτ-Η
381 3238 431 3290 Si
456 3250 735 3306 magnum
761 3248 928 3303 porro
949 3233 1018 3285 ad
1030 3231 1221 3306 missas
1241 3233 1522 3306 haereseos
1544 3248 1855 3301 argumen-

234 3314 347 3363 tum
380 3303 719 3378 putasquod
745 3320 911 3378 sacra
936 3303 1128 3378 puella
1148 3320 1216 3357 ex
1230 3304 1502 3357 Aniciana
1519 3305 1704 3378 stirpe,
1722 3309 1859 3378 nata

237 3375 624 3445 est,Anicianie
642 3381 834 3431 autem
859 3375 1089 3429 familia:
1104 3376 1372 3444 junctam
1392 3391 1519 3429 esse
1542 3375 1855 3440 (Emiliam,

235 3468 296 3507 ex
324 3451 544 3506 rEmilia
567 3450 690 3518 jam
724 3447 1033 3501 oriundum
1068 3447 1268 3512 fuisse,
1302 3446 1453 3500 hanc
1484 3448 1720 3501 demum
1744 3464 1857 3500 nu-

238 3522 405 3593 psisse
423 3522 655 3577 Juliano
681 3521 839 3593 :jam
864 3535 976 3593 non
1001 3518 1127 3593 sola
1148 3519 1595 3593 Demetrias,sed
1623 3524 1859 3593 etAquot-

237 3589 361 3664 quot
381 3600 688 3662 utramque
710 3590 861 3664 hanc
885 3589 1480 3664 familiamsanguine
1502 3590 1586 3664 vel
1606 3590 1860 3664 affinita-

238 3661 285 3720 te
305 3661 948 3733 attigerunt,Pelagiana
971 3661 1197 3715 dicendi
1222 3669 1361 3733 sunt
1381 3661 1505 3715 labe
1532 3661 1755 3727 intecti;
1781 3666 1863 3716 at-

241 3754 339 3807 que
365 3732 498 3792 adeo
527 3737 623 3789 vix
652 3734 733 3807 ab
756 3733 1075 3807 istapeste,
1113 3737 1175 3786 ut
1216 3732 1319 3807 ita_
1340 3733 1554 3807 dicam,
1589 3732 1860 3807 originali

243 3803 525 3880 quisquam
553 3804 853 3880 nobilium
878 3803 1273 3880 Romanorum
1306 3803 1588 3880 immunis
1613 3803 1748 3880 erit.

306 3876 473 3935 Immo
502 3894 661 3945 vero,
694 3876 904 3947 inquit,
937 3892 1049 3929 non
1083 3876 1139 3927 in
1176 3892 1378 3931 omnes
1408 3876 1627 3930 Juliani
1656 3877 1863 3930 affines

246 3953 645 4007 transmissum
686 3948 841 4001 istud
888 3963 1198 4009 venenum,
1234 3948 1332 4001 sed
1386 3947 1493 4001 hoc
1543 3949 1864 4011 Demetrias,

246 4028 297 4076 ut
333 4029 442 4079 erat
489 4020 743 4088 gloriolae
784 4020 1084 4077 amantior.
1135 4018 1366 4087 facilius
1393 4021 1621 4087 excepit.
1658 4020 1724 4073 Et
1758 4019 1863 4073 hoc

246 4097 383 4150 unde
407 4096 433 4150 ‘t
462 4094 649 4159 Unde,
683 4092 949 4160 inquam,
984 4091 1164 4145 habes
1196 4090 1618 4145 Demetriadem
1655 4090 1864 4157 glorio-

243 4165 305 4220 lae
333 4166 708 4221 amantiorem
745 4162 924 4216 fuisse
947 4161 974 4214 ?
1026 4168 1111 4216 An
1144 4161 1302 4225 inde,
1338 4164 1490 4231 quod
1525 4164 1582 4214 in
1614 4162 1864 4231 discipli-

244 4255 309 4292 na
336 4248 380 4294 et
408 4238 721 4292 humilitate
769 4234 1091 4287 Christiana
1136 4235 1345 4286 nutrita
1390 4238 1441 4287 et
1486 4235 1715 4287 educata
1768 4236 1863 4299 est,

244 4314 374 4365 teste
400 4307 721 4373 Augustino
751 4306 941 4376 (Epist.
977 4306 1096 4371 188,
1129 4302 1311 4376 alslli
1340 4319 1366 4367 λ,
1416 4304 1484 4358 (ιιί
1512 4305 1823 4367 Julianam)
1846 4320 1866 4364 ;

248 4397 310 4435 an
339 4383 508 4453 quod,
539 4396 666 4435 cum
693 4379 745 4453 et
777 4375 1076 4453 nabilitate
1116 4379 1167 4429 et
1198 4375 1407 4453 divitiis
1436 4377 1618 4453 prima
1645 4379 1781 4453 esset
1810 4378 1868 4429 in

246 4432 655 4518 Elissam,
708 4447 825 4503 haec
872 4448 1138 4501 universa
1187 4432 1571 4515 contempserit
1593 4464 1611 4505 ,·
1643 4446 1781 4517 quod
1811 4463 1871 4501 se
1899 4432 1945 4495 D

248 4540 342 4577 non
390 4522 646 4587 nobilem,
693 4535 802 4572 non
849 4518 1058 4573 divitiis
1096 4519 1529 4587 prxpollenlem,
1559 4523 1659 4571 sed
1694 4519 1871 4571 homi-

247 4611 356 4649 nem
383 4595 633 4663 cogitarit
655 4595 679 4644 ?
714 4593 798 4663 An
832 4591 985 4660 quod
1020 4590 1290 4663 puellares
1320 4606 1491 4663 annos
1522 4589 1653 4656 ﬁdei
1680 4590 1876 4663 ardore

246 4659 529 4732 superauit,
555 4668 610 4719 et
637 4661 765 4716 inde
794 4659 1031 4730 coeperit,
1059 4661 1157 4732 ubi
1181 4659 1316 4713 aliis
1347 4660 1586 4724 desiisse,
1616 4661 1877 4730 perfectae

250 4745 719 4806 consummatzque
750 4734 970 4806 virtutis
1000 4737 1077 4806 est
1108 4731 1185 4797 (S.
1229 4733 1463 4806 Hieron._
1487 4732 1748 4806 epistsad
1777 4734 1875 4785 De-

251 4808 551 4880 metriad.)?
580 4803 797 4880 Forsan
827 4804 1078 4880 gloriolae
1125 4805 1404 4880 amantior
1452 4803 1583 4880 ideo
1637 4803 1872 4880 dicitur.

292 4880 378 4934 uia
406 4874 517 4934 tam
551 4878 788 4931 sublime
812 4876 1153 4946 propositum
1182 4890 1348 4941 super
1378 4874 1712 4929 humilitatis
1742 4876 1875 4940 fun-

319 4962 485 5006 menta
516 4945 820 5004 consistere
837 4949 928 5018 pie
974 4950 1025 5000 et
1072 4947 1348 5013 sapienter
1376 4947 1687 5001 intellexr’t'
1733 4945 1878 5018 Quia

263 5023 399 5093 Virgo
426 5024 613 5077 Anicia
636 5035 800 5089 super
836 5016 993 5073 omne
1021 5017 1330 5093 fastigium_
1357 5019 1622 5093 trabeatis:
1669 5016 1876 5070 nobili-

261 5089 416 5148 lita'tis
444 5097 645 5159 evecta,
678 5106 934 5146 converso
966 5098 1190 5157 repente
1236 5089 1437 5151 animo,
1471 5089 1740 5143 desiderio
1773 5104 1880 5142 ca:-

263 5165 452 5220 lestium
497 5160 1167 5235 nuptiarumaeclinavit
1217 5160 1878 5235 mortaleiconjugium...

261 5241 304 5290 et
354 5237 543 5291 studiis
576 5232 707 5290 suis
785 5232 852 5287 ad
918 5232 1265 5285 sublimiores
1321 5232 1532 5301 gradus
1610 5235 1881 5287 virtutum

261 5308 467 5377 profecit
490 5303 785 5377 (Epistsad
818 5304 1153 5377 Demetriadf
1178 5318 1304 5377 cap.
1344 5305 1435 5377 ii):
1483 5304 1632 5357 739
1674 5303 1803 5358 Ilaec
1832 5302 1882 5358 si

264 5374 495 5434 elatior-is
524 5374 703 5433 animi
737 5379 793 5429 et
823 5374 1022 5445 glorias
1064 5374 1213 5427 avidi
1260 5374 1476 5427 indicia
1518 5380 1677 5441 sunt,
1715 5391 1884 5429 nemo

269 5451 627 5515 Demetriade,
664 5448 863 5518 fateor,
897 5445 1155 5518 gloriolae
1194 5446 1483 5499 amantior
1512 5446 1660 5509 fuit;
1707 5448 1807 5500 sed
1837 5446 1884 5499 si

267 5528 441 5577 contra
492 5516 922 5591 dejectissimas‘
954 5516 1770 5591 humilitatisargumentum
1822 5534 1888 5572 ac

269 5596 536 5655 meritum,
564 5588 649 5644 vel
680 5589 894 5660 potius,
927 5594 991 5643 ut
1023 5604 1153 5641 cum
1188 5592 1243 5641 S.
1279 5588 1628 5657 Hieronymo
1660 5589 1887 5657 loquar,

270 5667 575 5721 τηίναειιιιιηι
624 5659 783 5716 istud
837 5660 963 5723 fuit,
997 5659 1279 5715 fatebitur
1302 5660 1386 5712 vel
1422 5661 1545 5730 ipse
1574 5660 1890 5715 Garnerius

271 5738 511 5793 humana:
583 5732 840 5802 gloriolae
895 5732 1276 5804 cupiditatem
1326 5732 1631 5804 perinique
1689 5732 1888 5804 effingi

271 5810 527 5883 piissimae
555 5806 789 5878 virgini.

1956 2804 2166 2869 tistite,
2190 2803 2438 2873 aliisque
2459 2805 2968 2867 excellentissimis.
2994 2803 3170 2863 utbic
3196 2808 3249 2863 lo

1956 2826 2166 2869 USLIIB,
2190 2826 2438 2873 uilisque
2459 2826 2968 2867 τιεεσιιεηιῑδδῑηηδ.
2994 2826 3057 2861 υῐ,
3078 2826 3170 2863 DIC
3196 2826 3249 2863 10
3298 2826 3603 2879 mtur,ma-

1956 2879 2163 2946 gistris,
2187 2878 2292 2948 qui
2313 2884 2442 2948 tunc
2468 2878 2525 2931 in
2547 2877 2787 2931 Ecclesia
2815 2826 3478 2948 praeeminebantﬂittersz
3501 2882 3603 2935 da-

1952 1741 2096 1808 erat,
2120 1736 2220 1808 icui
2256 1734 2509 1808 maxime
2539 1735 2867 1790 timendum
2886 1739 3152 1808 superbia
3170 1734 3389 1795 malum
3408 1742 3594 1795 omni-

1952 1807 2047 1884 bus
2068 1806 2369 1884 virtutibus
2390 1808 2651 1884 vicinum,
2669 1812 2734 1861 ut
2757 1806 2961 1862 scribit
2982 1810 3089 1884 Leo
3112 1811 3213 1880 (Ad
3232 1812 3596 1884 Demetr.cap.

1954 1879 2061 1946 16),
2087 1877 2336 1953 quodque
2363 1878 2860 1953 videiuriiiaquas
2888 1877 3131 1953 perditas
3158 1885 3309 1953 cupit
3351 1877 3598 1938 amicum

1953 1964 2065 2003 esse
2095 1950 2392 2003 virtutibus
2412 1952 2440 2023 .9,
2468 1948 2628 2023 Unde
2648 1948 2793 2004 nihil
2817 1948 3010 2020 magis,
3035 1948 3246 2023 inquit,
3269 1956 3598 2023 fugiendum

1952 2028 2030 2075 est
2061 2036 2222 2090 quam
2254 2022 2531 2095 appetitus
2561 2020 2726 2091 hujus
2754 2020 3235 2093 concupiscentiae,
3270 2020 3394 2095 qum
3424 2029 3598 2081 virtu-

1952 2101 2058 2166 tem
2109 2099 2271 2158 negat
2318 2091 2499 2145 divini
2535 2096 2717 2166 operis
2762 2091 2949 2149 amore
2993 2091 3240 2166 propria:
3280 2091 3593 2165 dignitatis.

1957 2165 2406 2239 Dunc_amorem
2441 2163 2579 2239 totis
2610 2163 2954 2239 eloquentia:
2993 2163 3216 2239 viribus
3250 2163 3360 2237 piae
3386 2169 3597 2239 virgini

1952 2234 2285 2288 insufﬂarat
2316 2234 2583 2306 Pelagius
2615 2235 2673 2288 in
2706 2252 2814 2289 sua
2856 2238 3100 2306 epistola
3128 2256 3140 2301 ;
3195 2234 3398 2294 contra
3450 2234 3601 2296 hunc

1952 2311 2072 2360 tota
2102 2321 2216 2375 qua
2247 2303 2422 2374 pollet
2453 2303 2723 2360 facundia
2752 2307 2861 2361 Leo
2890 2303 3090 2363 noster
3120 2309 3380 2365 dimicat.

2024 2376 2201 2451 Quod
2222 2377 2269 2430 si
2304 2384 2605 2446 propterea
2636 2377 3010 2451 Pelagianum
3043 2382 3256 2451 dogma
3288 2381 3603 2437 admisisse

1954 2448 2246 2502 credenda
2276 2453 2363 2501 est
2402 2449 2741 2523 Demetrias,
2776 2448 2929 2519 quod
2966 2468 2998 2523 a
3029 2448 3256 2523 Pelagio
3290 2453 3600 2523 epistolam

1954 2523 2274 2589 acceperat,
2313 2519 2584 2594 credatur
2632 2525 2841 2594 potius
2873 2519 3217 2576 catholicam
3267 2519 3600 2594 suscepisse

1955 2605 2335 2666 servasseque
2363 2590 2710 2666 doctrinam,
2746 2592 2885 2666 quia
2927 2610 2957 2645 a
2990 2594 3210 2649 sanctis
3254 2590 3600 2666 Hieronymo

1959 2662 2312 2736 presbytero,
2346 2662 2669 2736 Augustino
2713 2664 3006 2736 episcopo,
3042 2666 3373 2720 Innocentio
3408 2662 3601 2736 po'nti-

1958 2735 2062 2788 tice
2094 2734 2368 2799 Romano,
2394 2732 2581 2787 Leone
2610 2732 3041 2801 archidiacono,
3067 2743 3270 2801 postea
3292 2732 3467 2792 etiam
3495 2755 3605 2792 an-

3298 2810 3603 2879 uitur,ma-

1959 2955 2028 3001 tae
2052 2946 2299 3023 suntvel
2326 2947 2396 3001 ad
2420 2946 2845 3023 Demetriadem
2880 2950 3091 3021 ipsam,
3117 2952 3200 3006 vel
3224 2946 3294 3006 ad
3324 2954 3453 3023 ejus
3478 2969 3600 3007 ma-

1967 3025 2114 3073 trem
2145 3019 2468 3085 Julianam,
2492 3019 2710 3089 quibus
2733 3037 2844 3075 non
2871 3019 3163 3077 minusad
3200 3019 3474 3078 doctrinas
3505 3040 3602 3079 ca-

1971 3090 2196 3145 tholicae
2228 3106 2403 3160 quam
2450 3092 2521 3162 ad
2570 3090 2918 3162 virginitatis
2956 3110 3213 3149 amorem
3247 3096 3604 3150 accendeba-

1967 3167 2082 3216 tur.
2121 3163 2185 3233 Et
2205 3166 2358 3215 certe
2380 3160 2562 3215 multo
2586 3160 2773 3233 magis
2807 3164 3081 3219 cbaritati
3107 3165 3445 3221 Christianae
3478 3184 3612 3221 con-

1966 3233 2123 3309 venit
2152 3232 2303 3287 hanc
2333 3232 2403 3309 de
2433 3233 2654 3303 virgine
2685 3232 3131 3309 tantis‘munita
3165 3239 3450 3309 praesidiis
3482 3238 3606 3309 opif

1968 3305 2201 3389 nionem
2232 3304 2550 3389 concipere.
2570 3320 2744 3389 quam
2765 3306 2918 3376 cepit
2938 3309 3062 3389 ipse
3087 3304 3469 3389 Augustinus,
3498 3304 3610 3389 eitsi

1969 3376 2187 3451 de_il|i_s
2220 3374 2363 3429 nihil
2397 3376 2678 3451 cogitans.
2702 3379 2765 3451 Et
2794 3374 2891 3431 nos
2921 3374 3158 3449 quidem,
3179 3374 3387 3451 inquit
3410 3374 3610 3451 (Epist.

1976 3446 2189 3514 143),de
2208 3455 2424 3502 sancta:
2444 3449 2683 3517 virginis
2702 3446 2998 3518 disciplina
3020 3456 3069 3506 et
3091 3446 3611 3508 humilitateC/zris-

1964 3522 2144 3581 tiana,
2181 3520 2235 3571 in
2268 3534 2373 3588 qua
2401 3521 2609 3572 nutrita
2640 3527 2689 3572 et
2705 3519 2929 3576 educata
2960 3532 3061 3586 est,
3084 3524 3181 3577 hoc
3196 3526 3604 3588 existimamus,

1971 3592 2113 3660 quod
2144 3589 2249 3643 illa
2272 3592 2441 3665 verba
2459 3606 2592 3665 cum
2620 3591 2839 3665 legeret,
2858 3595 2908 3645 si
2933 3598 3112 3647 tamen
3146 3595 3296 3665 legit,
3317 3596 3612 3665 ingemuit,

1968 3667 2023 3716 et
2042 3665 2236 3736 pectus
2264 3661 2552 3736 humiliter
2587 3662 2813 3728 tutudit,
2846 3680 2909 3717 ac
2936 3661 3472 3736 fortassis'et'ﬂevit,
3506 3661 3609 3721 Do;

1970 3733 2310 3803 minumque,
2342 3734 2436 3786 cui
2454 3732 2643 3787 dicata
2674 3743 2727 3807 et
2753 3750 2916 3807 aquo
2941 3732 3412 3805 sancti/irata'est,
3438 3738 3614 3807 ﬁden-

1973 3814 2053 3859 ter
2083 3807 2271 3858 oravit
2296 3823 2313 3869 ;
2363 3807 2425 3856 ut
2471 3804 2732 3875 quomodo
2763 3806 2866 3859 illa
2896 3823 3005 3860 non
3035 3818 3163 3862 sunt
3191 3812 3358 3863 verba
3402 3804 3613 3874 ipsius,

1970 3876 2061 3931 sed
2086 3878 2347 3950 alterius,
2370 3877 2455 3950 ita
2487 3892 2596 3929 non
2627 3877 2698 3950 sit
2739 3878 2868 3931 talis
2897 3883 2949 3931 et
2995 3881 3125 3947 ﬁrles
3156 3882 3292 3946 eius,
3331 3882 3480 3935 740
3512 3896 3619 3950 qua

1971 3964 2026 4003 se
2060 3947 2279 4016 aliquid
2330 3947 2527 4000 habere
2553 3946 2751 4015 credat,
2775 3949 2838 4002 de
2858 3966 2963 4018 quo
2995 3953 3051 4004 in
3082 3967 3140 4005 se
3168 3968 3273 4005 non
3304 3954 3365 4005 in
3397 3946 3620 4005 Domino

1972 4021 2259 4088 glorietur.
2295 4022 2365 4093 Et
2379 4018 2538 4093 infra
2594 4035 2606 4070 :
2649 4020 2796 4073 Absit
2824 4022 3061 4093 omnino
3093 4033 3152 4075 ut
3185 4024 3288 4077 late
3317 4021 3533 4093 aliquid
3562 4022 3620 4074 in

1973 4093 2163 4145 animo
2194 4105 2301 4142 non
2332 4089 2565 4142 dicimus
2606 4098 2714 4149 tuo,
2747 4092 2833 4145 vel
2862 4109 3032 4146 sacra:
3064 4095 3289 4161 virginis
3319 4089 3446 4161 ﬁlia:
3486 4098 3621 4155 tuae,

1972 4164 2070 4217 sed
2100 4165 2159 4215 in
2189 4162 2449 4235 cuiusque
2492 4163 2723 4235 extremi
2770 4165 2963 4217 meriti
3004 4164 3223 4233 famuli
3268 4166 3349 4220 vel
3394 4165 3621 4235 famulae

1977 4241 2159 4289 vestrae
2191 4232 2333 4285 liber
2360 4232 2461 4285 iste
2487 4233 2696 4299 fecerit.

2049 4303 2114 4357 X.
2148 4306 2278 4356 Jam
2312 4303 2463 4370 quod
2501 4308 2741 4356 sanctus
2775 4306 3138 4373 Augustinus
3170 4323 3285 4361 non
3313 4307 3380 4360 ad
3422 4310 3624 4360 Deme-

1978 4375 2247 4447 triadem,
2284 4374 2385 4447 sed,
2416 4375 2486 4428 ad
2521 4379 2766 4428 matrem
2802 4377 2930 4442 ejus
2959 4376 3254 4432 Julianam
3300 4378 3625 4447 scripserit,

1981 4446 2175 4501 nescio
2200 4444 2427 4517 anginde
2454 4462 2731 4513 magnum
2759 4449 3059 4501 sententias
3091 4466 3208 4503 suae
3240 4444 3626 4517 patrocinium

1984 4518 2237 4588 scriptor
2266 4516 2541 4571 laudatus
2572 4523 2850 4571 accersat.
2879 4520 3051 4573 Sacra
3084 4516 3273 4588 puella
3308 4519 3629 4573 Demetrias

1984 4588 2929 4672 consecrationis.suai_praasrrtim
2960 4591 3277 4672 primordia
3311 4591 3367 4643 in
3399 4588 3631 4672 silentio

1986 4661 2123 4731 egit,
2158 4677 2263 4715 nec
2296 4660 2504 4715 litteris
2538 4659 2671 4714 ullis
2704 4661 2950 4715 aliorum
2978 4662 3046 4715 ad
3072 4678 3133 4715 se
3159 4660 3380 4715 litteras
3409 4659 3629 4727 allexit,

1986 4733 2137 4803 quod
2157 4748 2261 4785 nec
2278 4732 2633 4803 virginitatis
2648 4749 2748 4786 nec
2772 4731 3115 4786 humilitatis
3132 4733 3337 4802 pudori
3353 4749 3631 4799 congrue-

1988 4802 2104 4859 bat.
2131 4802 2554 4872 Juliana’porro
2581 4805 2650 4856 de
2679 4802 2805 4856 filiis
2837 4819 2954 4856 suae
2979 4804 3332 4873 profectibus
3360 4805 3631 4872 sollicita,

1989 4880 2325 4948 sanctorum
2347 4892 2513 4948 opem
2538 4873 3092 4948 adhortationesque
3107 4876 3275 4931 enixe
3294 4877 3636 4948 postulavit,

1990 4952 2053 5002 ut
2075 4947 2149 4999 ad
2178 4946 2360 5000 sancti
2380 4945 2655 5015 propositi
2671 4945 3096 5017 observantiam
3116 4945 3634 5017 perseverantiam-

1990 5018 2753 5088 queardentioret’ﬁceretur
2788 5016 2965 5071 Sicad
2984 5016 3487 5083 Innocentium,ad
3504 5021 3635 5073 Hie-

1994 5090 2415 5159 ronymum,ad
2454 5088 2747 5157 Pelagium
2784 5089 2972 5141 adhuc
3004 5090 3236 5159 pietatis
3277 5098 3333 5146 et
3360 5092 3635 5145 doctrinm

1995 5159 2231 5216 nomine
2262 5159 2644 5229 conspicuum
2679 5159 2987 5227 scripsisse
3020 5166 3314 5217 testantur
3344 5161 3636 5230 rescriptae

1996 5234 2221 5313 littere.
2247 5232 2323 5313 De
2346 5236 2547 5285 sancto
2571 5234 2900 5313 Augustino
2928 5234 3199 5313 par-ratio
3228 5250 3392 5313 tcum
3418 5230 3571 5286 enim
3605 5246 3638 5313 οε

1994 5304 2225 5360 Juliana
2256 5303 2476 5358 litteras
2500 5303 2959 5373 accepisset.non
2984 5304 3533 5367 aDamstriade,non
3569 5303 3640 5357 ad

1998 5377 2170 5438 hanc,
2194 5376 2293 5430 sed
2327 5376 2395 5429 ad
2436 5373 2595 5428 illam
2631 5375 2941 5443 rescripsit.
2976 5382 3166 5430 certus
3196 5375 3336 5428 nihil
3372 5379 3640 5443 acceptu-

1999 5464 2121 5503 ram
2160 5454 2424 5502 matrem.
2454 5446 2603 5515 quod
2640 5462 2771 5499 cum
2808 5447 2924 5499 ﬁlia
2957 5463 3059 5498 sua
3083 5461 3392 5499 commune
3416 5461 3527 5499 non
3558 5446 3641 5499 fa-

2000 5522 2172 5575 cnret.
2210 5518 2536 5573 Audiamus
2585 5518 2997 5586 Augustinum.
3040 5517 3396 5583 Nesciremm,
3448 5518 3644 5586 inquit

2001 5592 2193 5661 (Epist.
2221 5592 2365 5661 133),
2389 5589 2842 5660 quemadmodum
2872 5597 3057 5642 nostra
3088 5587 3185 5640 illa
3216 5593 3350 5642 tunc
3378 5588 3645 5645 exhorta-

2002 5665 2075 5718 tio
2104 5679 2137 5713 a
2168 5662 2317 5727 fideli
2337 5671 2387 5715 rt
2415 5662 2591 5715 nobili
2610 5663 2826 5727 virgine
2852 5663 3044 5729 [uisset
3073 5663 3312 5728 accepta,
3345 5662 3461 5716 nisi
3488 5662 3645 5716 nobis

2001 5733 2279 5807 profectis,
2312 5750 2437 5789 cum
2480 5740 2596 5807 post
2624 5732 2912 5807 paululum
2936 5732 3184 5807 prpfessa
3212 5730 3408 5801 fuisset
3436 5735 3646 5788 sancti-

2001 5802 2248 5864 moniam
2275 5802 2631 5877 virginalem,
2650 5806 2748 5860 hoc
2774 5805 2965 5871 ingens
2992 5802 3091 5857 Dei
3117 5802 3319 5859 donum
3347 5809 3648 5863 vestrarum
