4048 6170
19 5365 124 6085 δ

293 237 402 297 ι33

916 238 1270 300 DlSSERT.
1316 240 1394 302 V.
1442 238 1828 302 APOLOGIA
1870 240 2026 301 PRO
2071 241 2138 301 S.
2183 238 2507 301 HILARIO
2554 237 3077 300 ARELATENSI.

3575 241 3697 302 «I34

292 371 617 445 ingerentes,
645 371 844 445 saeculi
871 369 1356 427 administratione
1382 374 1752 443 perfunctum,
1779 389 1929 445 capz-
1960 378 2014 444 Α
2046 373 2342 427 minimum
2364 371 2585 442 quidem
2599 371 2817 443 factum
2838 371 3211 445 beatitudinis
3233 373 3343 428 tua
3360 375 3697 442 arrogantiae

292 443 390 496 tatt
410 442 637 513 aliquos
660 443 1043 498 condemnasse
1061 442 1555 501 sententiafantm
1582 447 1670 501 rei
1687 442 1932 501 novitate

291 516 544 586 permoti,
587 517 740 570 testes
782 517 1058 586 imperant
1101 517 1436 587 praeparari.
1486 519 1826 573 Conveniunt
1858 534 1932 572 ea:

293 587 411 640 aliis
441 587 577 641 locis
603 587 982 657 probatiseimi
1007 588 1317 643 sacerdotes
1355 607 1376 643 :
1425 604 1509 644 res
1540 591 1691 644 omni
1718 591 1933 645 ratione

289 657 690 731 prudentiaque
719 661 1037 727 discutitur,
1062 662 1342 715 accusatio
1370 663 1706 716 testimoniis
1736 661 1931 731 conﬁr-

289 675 690 784 pruaenuaqtue
719 675 1037 727 discutitur,
1062 675 1342 715 accusatio
1370 675 1706 716 testimoniis
1736 675 1931 731 con/tr-

289 735 486 804 matur.
509 731 594 785 Ad
637 731 816 786 ibetur
837 748 966 786 vera
994 732 1334 803 simplexque
1363 732 1612 803 deﬁnitio
1639 751 1651 789 :
1685 741 1932 804 ut,quem

288 802 698 876 Scripturarum
716 804 919 873 regulae
934 802 1296 876 removebant,
1321 806 1599 860 voluntate
1615 802 1852 876 propria
1873 821 1932 861 se

289 889 557 929 removere
577 873 808 930 deberet.
834 875 930 930 Ille
960 875 1150 932 Urbem
1170 876 1402 932 credidit
1422 873 1802 947 expetendam,
1830 877 1908 932 ibi
1916 907 1934 918 -

288 961 386 1016 que
413 961 470 1000 se
500 947 705 1016 injusto
736 948 920 1015 rigore
950 949 1151 1002 astruit
1179 948 1617 1004 condemnatum.
1654 948 1803 1016 Quod
1836 949 1932 1004 ubi

285 1019 547 1092 comperit
593 1019 684 1092 vir
719 1019 923 1087 beatus,
954 1019 1180 1092 pedibus
1211 1022 1318 1074 iter
1347 1019 1672 1092 aggrediens
1706 1022 1930 1076 Romam

284 1091 401 1144 sine
429 1104 584 1160 equo,
615 1091 735 1144 sine
763 1091 1043 1161 sag-mario
1081 1093 1315 1160 festinus
1362 1091 1616 1146 intravit.
1651 1092 1926 1164 Apostolo-

282 1177 404 1234 rum
432 1168 852 1232 mar-lyramque
877 1177 1102 1218 occursu
1126 1171 1368 1233 peracto,
1403 1163 1551 1218 beato
1582 1164 1747 1219 Leoni
1773 1179 1930 1234 papae

281 1232 426 1286 illico
456 1248 514 1287 se
542 1238 867 1306 prtesentat,
895 1249 1019 1306 cum
1067 1232 1372 1289 reverentia
1420 1235 1735 1306 impendens
1774 1232 1927 1290 obse-

289 1306 498 1374 quium,
533 1308 584 1358 et
627 1320 749 1358 cum
799 1304 1105 1376 humiliate
1153 1306 1444 1376 deposcens
1473 1304 1534 1360 ut
1563 1307 1929 1362 Ecclesiarum

277 1379 500 1450 statura
518 1388 664 1450 more
699 1375 858 1450 758M
882 1378 1041 1432 solito
1073 1375 1394 1439 ordinaret;
1426 1387 1683 1434 astruens
1713 1381 1931 1450 aliquos

280 1448 430 1516 apud
463 1445 673 1501 Gallias
703 1447 979 1517 publicam
1029 1451 1226 1505 merito
1272 1452 1548 1518 excepisse
1575 1445 1924 1517 sententi-am,

281 1523 328 1574 et
355 1520 416 1592 in
444 1519 585 1575 Urbe
612 1519 783 1573 sacris
812 1519 1081 1575 altaribus
1104 1523 1380 1578 interesse.
1410 1523 1578 1592 Rogat
1608 1531 1772 1592 atque
1799 1537 1928 1577 con-

285 1591 607 1664 stringit,qut
629 1593 680 1645 si
706 1594 1108 1664 suggestionem
1137 1609 1294 1648 suam
1324 1591 1562 1648 libenter
1589 1591 1820 1664 excepit,
1842 1609 1923 1648 se-

287 1670 419 1717 creto
441 1661 637 1732 jubeat
657 1661 978 1725 emendari;
1007 1664 1100 1719 sed
1132 1665 1200 1718 ad
1231 1666 1436 1735 ofﬁcia,
1465 1680 1572 1720 non
1604 1665 1672 1720 ad
1704 1661 1928 1719 causam

287 1735 482 1790 ven-isse
503 1753 522 1799 ;
547 1735 891 1804 protestandi
919 1736 1131 1802 ordine,
1152 1752 1263 1791 non
1293 1737 1615 1803 accusandi,
1649 1751 1774 1806 qua:
1801 1741 1927 1791 sunt

291 1810 399 1861 acta
426 1821 759 1879 suggerere;
805 1823 971 1877 porro
1018 1816 1204 1863 autem
1239 1809 1289 1863 si
1318 1807 1476 1863 aliud
1508 1809 1663 1874 velit,
1697 1825 1806 1863 non
1833 1812 1924 1879 fu-

295 1887 465 1934 turum
492 1892 606 1932 esse
635 1878 940 1932 molestum.

354 1953 484 2021 Non,
505 1949 707 2004 statim
730 1948 972 2004 dicessit
991 1949 1169 2004 Roma
1187 1949 1571 2019 Hilarius,sed
1595 1953 1927 2021 exspectato

302 2020 530 2076 concilio
556 2021 1192 2092 episcoporum,eorum
1218 2021 1486 2075 videlicet
1516 2022 1615 2092 qui
1641 2020 1784 2077 forte
1823 2025 1929 2077 for-

302 2097 429 2146 tuna
473 2096 630 2165 tunc
666 2092 858 2146 Roma:
878 2094 1430 2165 comemorabantur
1465 2093 1928 2165 _(cujusmodisy-

301 2165 503 2236 nodum
548 2159 1197 2236 tvSnpoﬁoavvocabant
1225 2159 1594 2236 Orientales),
1617 2166 1718 2235 jus
1751 2159 1924 2220 suuin

301 2234 507 2308 fortiter
536 2236 724 2308 tuitus
746 2240 853 2291 est.
887 2235 953 2290 In
984 2235 1085 2290 illa
1115 2236 1269 2290 enim
1303 2237 1526 2308 synodo
1554 2234 1742 2291 multa
1773 2235 1924 2308 ultro

300 2307 544 2380 citroque
576 2307 800 2379 prolata
832 2312 990 2380 sunt,
1026 2324 1274 2378 quorum
1320 2307 1456 2362 Acta
1503 2325 1638 2380 cum
1668 2307 1927 2380 epistola

299 2395 393 2433 sua
420 2378 837 2434 misit’sanctus
866 2379 976 2434 Leo
999 2380 1068 2433 ad
1095 2380 1400 2451 episcopos
1424 2378 1730 2451 provinciai
1752 2380 1924 2434 Vien-

299 2451 497 2523 nensis.
530 2451 666 2518 Quae
697 2453 891 2520 igitur,
942 2451 1156 2522 inquit,
1187 2453 1343 2523 apud
1372 2468 1468 2507 nos
1498 2455 1556 2506 in
1587 2468 1750 2507 causa
1781 2453 1923 2507 Celi-

299 2521 720 2596 doniiepiscopi
762 2529 916 2596 gesta
956 2521 1200 2593 confecta
1223 2521 1395 2588 sunt,
1426 2527 1474 2578 et
1525 2539 1648 2596 qua:
1680 2525 1927 2596 Hilarius

299 2594 518 2667 dixerit,
568 2610 691 2649 cum
749 2594 933 2649 eodem
982 2602 1249 2667 praesente
1303 2594 1551 2665 episcopo
1617 2595 1923 2664 audiretur,

304 2665 489 2738 inditus
531 2667 760 2738 chartis
792 2665 992 2720 rerum
1025 2665 1154 2721 ordo
1201 2665 1559 2738 demonstrat,
1585 2669 1779 2738 (Epist.
1817 2668 1924 2738 lQ).

306 2735 490 2809 Eadem
523 2736 913 2809 proculdubio
938 2739 1078 2792 Acta
1106 2753 1281 2809 penes
1304 2755 1365 2792 se
1389 2737 1594 2793 habuit
1614 2735 1817 2794 auctor
1837 2737 1929 2790 Vi-

300 2812 362 2861 t
391 2808 608 2878 Hilarii,
638 2810 740 2864 sed
776 2809 848 2863 ab
880 2808 952 2863 iis
983 2808 1356 2865 recensendis
1387 2809 1692 2877 abstinuit,
1716 2827 1783 2865 ne
1816 2809 1930 2864 dis-

299 2880 493 2952 sidium
509 2881 636 2952 jam
659 2886 799 2935 tunc
836 2882 986 2936 inter
1017 2881 1388 2937 beatissimos
1410 2881 1714 2952 pontiﬁces
1736 2881 1932 2937 coeles-

296 2951 338 3025 ti
368 2969 493 3023 pace
514 2951 880 3023 compositos
907 2952 1303 3024 redintegrare
1333 2951 1644 3008 videretur.
1675 2956 1746 3008 Et
1777 2955 1930 3025 quia,

296 3023 492 3094 inquit,
527 3029 810 3079 tantorum
841 3025 1108 3093 virorum,
1137 3023 1450 3095 praesertim
1467 3028 1609 3097 jam
1640 3025 1708 3078 ad
1738 3023 1930 3097 super-

2041 445 2277 499 memini
2298 442 2618 514 contagione
2640 444 2876 516 fuscari.
2901 442 3006 516 Sed,
3024 445 3376 513 impatienter
3398 445 3586 514 ferunt
3608 445 3698 500 ho-

2039 518 2233 583 mines,
2263 519 2314 572 si
2339 518 2420 570 sic
2449 517 2760 586 loquamur,
2784 515 3042 586 quomodo
3072 516 3225 570 nobis
3253 518 3456 572 conscii
3484 532 3692 571 sumus.

2039 589 2209 644 Aures
2229 591 2494 659 prmierea
2515 589 2882 643 Romanorum
2903 587 3139 660 quadam
3167 587 3547 644 teneritudine
3566 588 3693 660 plus

2044 661 2369 726 trahuntur,
2404 666 2514 716 etc.
2563 660 2822 731 Denique
2868 659 2983 716 Deo
3030 660 3284 732 graviter
3329 659 3691 732 expostulat,

2039 735 2195 804 quod
2221 732 2474 788 Hilarius
2496 734 2684 804 meriti
2713 734 2804 787 sui
2830 734 3227 797 conscius,cum
3256 737 3601 802 qumreretur
3617 733 3696 787 ad

2037 803 2285 874 causam,
2310 805 2465 875 turpi
2491 803 2628 876 fuga
2658 821 2716 876 se
2736 803 2971 859 credidit
2996 804 3453 876 subtrahendum.
3480 807 3690 876 Auctor

2038 893 2170 932 vero
2203 876 2298 931 ille
2330 881 2386 932 et
2416 875 2728 948 sapientiae
2768 880 2824 930 et
2873 875 3203 931 fortitudini
3254 875 3507 946 imputat
3553 875 3692 948 quod

2037 948 2347 1004 custodibus
2376 949 2666 1019 appositis,
2712 946 2907 1019 hie-mis
2938 950 3115 1017 rigore
3141 949 3420 1014 saeviente,
3453 946 3586 1018 quo}
3606 963 3693 1003 ra-

2041 1024 2186 1076 tione
2209 1037 2314 1075 non
2345 1019 2604 1146 generat,
2624 1018 2856 1074 credidit
2884 1019 3288 1089 relinquendos.
3312 1019 3442 1074 Jam
3475 1020 3632 1075 enim
3657 1036 3690 1074 a

2041 1094 2228 1146 nrimo
2259 1093 2317 1146 in
2404 1093 2564 1146 rbem
2602 1091 2854 1146 adventu
2890 1090 3139 1146 Leonem
3173 1095 3482 1146 monuerat
3527 1107 3582 1146 se
3618 1091 3690 1146 ad

2039 1094 2228 1164 primo
2259 1093 2317 1146 in
2347 1090 2564 1164 Urbem
2602 1091 2854 1146 adventu
2890 1090 3139 1146 Leonem
3173 1095 3482 1164 monuerat
3527 1107 3582 1164 se
3618 1091 3690 1147 ad

2038 1162 2240 1235 ofﬁcia,
2275 1179 2381 1218 non
2433 1163 2504 1235 ad
2539 1178 2762 1217 causam
2806 1164 3030 1232 venisse,
3069 1163 3425 1232 protestandi
3470 1162 3686 1231 ordine,

2037 1234 2147 1292 non
2175 1234 2622 1306 accusandi,q-uae
2648 1241 2808 1289 erant
2829 1241 2955 1289 acta
2981 1235 3474 1303 suggerere.Porro
3505 1239 3691 1290 autem

2035 1310 2086 1364 si
2115 1307 2271 1362 aliud
2298 1307 2479 1375 vellet,
2510 1321 2565 1360 se
2611 1321 2718 1360 non
2752 1309 3008 1376 futurum
3054 1323 3169 1362 esse
3214 1307 3517 1362 molestum.
3559 1311 3687 1361 Haec

2037 1381 2238 1434 omnia
2267 1379 2617 1446 Honoratus,
2654 1385 2752 1448 qui
2803 1383 2934 1448 post
2984 1379 3293 1449 utriusque
3333 1383 3576 1433 mortem
3608 1379 3688 1433 ita

2038 1451 2318 1516 scribens,
2354 1450 2425 1505 ab
2458 1449 2616 1504 omni
2661 1448 2746 1504 vel
2781 1449 3057 1520 palpandi
3089 1449 3175 1505 vel
3203 1448 3446 1506 fallendi
3479 1449 3686 1506 affectu

2037 1523 2185 1578 liber
2216 1527 2272 1577 et
2303 1521 2589 1576 immunis
2622 1520 2804 1575 fuisse
2838 1521 3161 1576 credendus
3192 1524 3300 1576 est.

2108 1593 2559 1650 Praesentiscens
2589 1591 2769 1663 igitur
2787 1592 3141 1664 Arelatensis
3172 1593 3480 1664 episcopus
3498 1595 3684 1647 statu-

2035 1669 2161 1721 tum
2191 1681 2320 1721 esse
2354 1665 2531 1746 Leoni
2561 1679 2800 1718 causam
2834 1663 3095 1746 Cplidoni
3141 1663 3297 1746 apud
3332 1663 3685 1746 seponitus

2037 1743 2373 1806 retractare,
2407 1737 2808 1808 majoremque
2859 1735 3044 1808 fidem,
3080 1737 3311 1808 habere
3326 1735 3580 1808 testibus
3611 1736 3682 1791 ab

2035 1809 2135 1864 illo
2164 1805 2435 1880 episcopo
2469 1805 2789 1880 productis,
2825 1822 3000 1877 quam
3033 1807 3124 1862 his
3155 1805 3431 1862 omnibus
3457 1807 3561 1880 qui
3595 1823 3684 1862 co-

2038 1898 2163 1935 ram
2199 1878 2646 1952 Gallicanorum
2696 1878 3106 1952 episcoporum
3154 1879 3685 1952 synodoiadverisus

2036 1952 2400 2008 Celidonium
2433 1951 2838 2007 testimonium
2871 1951 3112 2020 dixerat,
3144 1951 3333 2006 satius
3365 1951 3529 2005 duxit
3570 1951 3686 2006 Ro-

2038 2041 2133 2080 ma
2157 2025 2489 2091 abscedere,
2508 2039 2580 2078 ne
2610 2038 2804 2077 coram
2837 2022 3081 2077 certanti
3111 2039 3214 2093 pro
3245 2022 3369 2078 suis
3399 2021 3686 2093 Ecclesia-

2038 2113 2290 2167 rumque
2319 2095 2752 2167 Gallicanarum
2783 2092 3181 2167 praerogativis
3222 2094 3442 2166 aliquid
3473 2092 3680 2149 incau-

2033 2172 2092 2224 to
2123 2165 2224 2223 aut
2253 2166 2578 2240 pugnacius
2599 2167 2793 2240 agenti
2822 2165 3169 2240 elaberetur,
3193 2165 3341 2236 quod
3364 2169 3511 2221 iram
3536 2182 3682 2236 pon-

2035 2240 2208 2295 tiﬁcis
2249 2237 2497 2295 Romani
2547 2237 2736 2310 magis
2783 2238 3145 2304 accenderet,
3177 2254 3354 2307 quam
3386 2254 3507 2293 rem
3540 2254 3680 2310 pro-

2036 2311 2223 2384 priam
2256 2309 2665 2384 promoveret;
2714 2324 2853 2384 neve
2909 2311 3295 2384 exspectando
3326 2309 3678 2366 sententiam

2035 2381 2212 2455 quam
2248 2381 2571 2455 iniprioris
2615 2381 3030 2455 detrimentum
3060 2381 3226 2455 _t‘erre
3277 2386 3514 2453 paratus
3558 2388 3682 2436 erat

2033 2451 2089 2509 Ξ.
2127 2456 2251 2522 Leo,
2285 2451 2521 2524 aliquod
2555 2451 2936 2507 conciliorum
2982 2451 3511 2524 episcoporumque
3543 2470 3680 2508 auc-

2033 2525 2254 2582 toritati
2285 2523 2686 2597 przejudicium
2717 2523 3199 2597 crea_retur,quod
3228 2523 3442 2580 futuris
3473 2525 3682 2580 deinde

2036 2593 2355 2654 saeculis-in
2385 2593 2714 2666 exemplum
2746 2593 3095 2650 traheretur.

2108 2671 2292 2734 Quam
2325 2684 2474 2740 aegre
2501 2665 3036 2740 Hilariiegressum
3070 2683 3138 2740 ea
3169 2665 3320 2722 Urbe
3353 2665 3685 2740 tuleritRo;

2038 2757 2250 2821 manus
2283 2736 2564 2821 pontifex,
2595 2736 2882 2820 testis—est
2921 2737 3170 2821 epistola
3219 2754 3396 2821 quam
3447 2736 3687 2821 scripsit

2039 2807 2410 2896 postmodum
2445 2811 2514 2864 ad
2554 2809 2857 2892 provinciis
2897 2807 3311 2896 eopiswposr‘e't
3341 2807 3684 2896 cons‘titptio

2038 2878 2359 2965 imperialis
2389 2878 2569 2953 quam
2599 2881 2884 2965 in'ipsum
2906 2878 3238 2965 intorqueri
3262 2881 3397 2936 fecit
3419 2897 3451 2965 a_
3472 2878 3689 2965 Valeo:-

2039 2951 2262 3026 tiniano
2297 2951 2580 3026 Augusto.
2631 2951 2757 3026 Non
2806 2952 3005 3026 statim
3050 2951 3247 3026 tamen
3295 2956 3497 3008 secuta
3542 2955 3686 3026 sunt

2043 3025 2326 3081 Hilarium
2357 3023 2700 3093 huiusmodi
2733 3025 2985 3095 scripta;
3012 3025 3112 3096 sed
3147 3039 3211 3096 eo
3243 3039 3498 3096 egresso,
3530 3023 3689 3079 abso-

296 3111 415 3192 nam
448 3097 692 3192 .gratia‘ni
743 3103 1074 3192 vocqtorqm,
1109 3097 1346 3192 Inechn.
1373 3095 1704 3192 nar'rqlione
1750 3095 1930 3192 audeg
1961 3126 2003 3192 Ο
2043 3100 2188 3154 tutus
2215 3107 2293 3154 est
2315 3097 2642 3192 _Cc;lidonius
2670 3097 2982 3192 episcopps‘,
3013 3095 3206 3192 inquii
3243 3095 3298 3150 Si
3351 3095 3480 3165 Leo,
3505 3110 3692 3192 femo-

298 3167 488 3233 iudicia
520 3169 806 3233 ventilare,
835 3167 935 3222 hoc
965 3168 1196 3224 breviter
1224 3166 1431 3222 dixisse
1459 3169 1701 3238 sufficiat
1733 3185 1748 3220 :
1781 3167 1930 3238 quod

298 3238 429 3292 solus
461 3244 634 3294 tantos
662 3239 946 3303 sustinuit,
979 3240 1123 3310 quod
1152 3254 1496 3310 nequaquam
1527 3241 1804 3294 minantes
1833 3254 1927 3294 ex-

297 3311 452 3378 pavit,
483 3310 621 3382 quod
672 3312 1012 3381 inquirentes
1057 3310 1292 3376 edocuit,
1323 3312 1467 3382 quod
1494 3311 1820 3365 altercantes
1849 3311 1929 3363 vi-

299 3383 385 3445 cit,
414 3381 545 3452 quOd
573 3384 888 3453 potentibus
935 3398 1049 3436 non
1096 3383 1277 3448 cessit,
1311 3381 1452 3453 quod
1497 3384 1556 3436 in
1604 3383 1932 3437 discrimine

299 3453 420 3524 rita:
442 3455 648 3521 positus
678 3454 1051 3509 communioni
1097 3457 1218 3524 ejus
1248 3470 1409 3524 quem
1437 3471 1563 3509 cum
1596 3455 1764 3507 tantis
1794 3453 1933 3508 viris

300 3521 633 3598 damnaverat
665 3525 936 3598 conjungi
963 3521 1286 3598 nulidtenus
1330 3527 1617 3598 acquievit.
1647 3525 1935 3598 _Miranda

305 3601 442 3651 certe
471 3597 573 3652 hoo
605 3597 732 3652 loco
761 3595 940 3667 simul
965 3601 1021 3652 et
1054 3596 1305 3651 dolenda
1334 3595 1502 3652 nobis
1533 3595 1688 3650 venit
1717 3597 1930 3651 huma-

306 3682 384 3720 na:
412 3669 758 3723 conditionis
789 3686 892 3725 seu
925 3668 1260 3733 inﬁrmitas,
1296 3685 1396 3724 seu
1439 3669 1790 3733 ignorantia.
1827 3669 1933 3723 Ec—

308 3685 384 3720 na:
412 3685 758 3723 conditionis
789 3686 892 3725 seu
925 3685 1260 3733 innrmitas,
1296 3685 1396 3724 seu
1439 3686 1454 3722 1
1504 3685 1790 3724 noranua.
1829 3685 1933 3723 iuc-

308 3755 367 3792 ce
391 3740 531 3796 enim
574 3756 754 3812 quam
808 3741 1054 3796 diversis
1107 3739 1400 3796 coloribus
1433 3685 1694 3794 Hgilarum
1728 3738 1935 3810 depin-

309 3812 528 3882 gunt(a)
552 3812 666 3868 Leo
699 3817 756 3868 et
786 3813 1137 3882 Honoratus,
1165 3817 1409 3883 uterque
1439 3812 1936 3884 episcopus,uter-

311 3897 408 3952 qua
426 3884 729 3940 sanctitate
753 3885 1129 3956 conspicuus,
1153 3884 1412 3939 veritatis
1437 3889 1684 3956 uterque
1707 3884 1934 3956 studio-

313 3969 418 4009 sus.
449 3955 659 4011 Scribit
708 3957 767 4011 S.
804 3953 916 4011 Leo
967 3957 1160 4026 (Epist.
1196 3957 1282 4022 10,
1310 3972 1429 4026 cap.
1465 3957 1513 4026 3)
1553 3953 1747 4011 :Nihil
1776 3953 1936 4009 Hila-

313 4028 440 4098 rium
463 4028 714 4084 habuisse
743 4027 1092 4094 rationabile,
1128 4027 1264 4098 quod
1306 4028 1365 4082 in
1397 4035 1718 4082 sanctorum
1740 4026 1938 4098 conci-

315 4096 380 4172 lio
411 4101 747 4155 sacerdotum
791 4107 966 4172 posset
1010 4096 1375 4170 respondere;
1424 4097 1940 4172 eumdemilaudat

321 4168 641 4239 Honoratus,
676 4168 830 4242 quod
862 4173 1010 4227 solus
1041 4168 1218 4225 tantos
1245 4171 1715 4242 sustinuitLquod
1743 4169 1935 4240 inqui-

321 4245 476 4316 rente:
503 4241 734 4316 edocuit,
779 4243 1296 4316 quod_altercantes
1341 4241 1800 4316 vicitZQueritur
1833 4246 1938 4316 Leo

323 4310 381 4384 ad
404 4328 460 4368 ea
483 4331 537 4369 se
565 4310 800 4371 occulta'
827 4313 1006 4370 cordis
1040 4316 1210 4384 ipsius
1240 4312 1617 4382 transtulisse,
1661 4330 1780 4382 quae
1809 4313 1942 4384 nul-

325 4383 394 4436 lus
423 4386 680 4441 laicorum
701 4385 899 4452 dicere,
924 4383 1116 4440 nullus
1143 4386 1490 4441 sacerdotum
1515 4389 1695 4450 posset
1725 4383 1937 4439 audire.

323 4452 454 4510 Nihil
485 4458 594 4513 tale
625 4457 978 4526 Honoratus,
1010 4459 1110 4513 sed
1147 4457 1341 4528 potius
1388 4456 1636 4511 miratur
1677 4455 1817 4527 quod
1847 4471 1940 4510 ne-

2043 3178 2266 3239 tumqu-e
2297 3170 2594 3240 judicium,
2628 3167 2767 3236 quod
2793 3167 3070 3238 prolatum
3096 3171 3155 3222 in
3183 3166 3284 3222 hac
3309 3168 3584 3240 sententia
3615 3167 3690 3221 le-

2037 3244 2269 3310 gebatur
2297 3239 2318 3293 .-
2349 3239 2486 3311 quod
2519 3247 2804 3311 tamquam
2835 3241 3017 3294 viduae
3048 3240 3288 3311 maritus
3315 3239 3692 3295 sacerdotium

2038 3309 2221 3394 tenere
2245 3309 2370 3394 non
2385 3313 2582 3393 posset.
2617 3309 2836 3364 Deinde
2868 3311 3245 3394 scripsitﬂper
3272 3309 3504 3392 brevem
3536 3311 3688 3394 epis-

2040 3384 2217 3439 tolem
2267 3383 2338 3438 ad
2386 3381 2698 3453 episcopos
2739 3381 3048 3452 provincias
3094 3381 3463 3449 Viennensis,
3497 3386 3563 3437 ut
3592 3397 3692 3453 eos

2043 3457 2113 3511 de
2146 3459 2264 3510 toto
2297 3451 2528 3526 negotio
2561 3451 2838 3526 certiores
2870 3453 3120 3521 faceret;
3154 3453 3578 3526 iudicaretque,
3601 3452 3692 3507 Hi-

2043 3527 2188 3583 lario
2222 3523 2652 3597 metropolitica
2684 3523 2741 3578 in
2777 3523 3164 3597 Viennensem
3197 3523 3552 3596 provinciam
3586 3539 3689 3594 po-

2043 3604 2252 3654 testan
2283 3595 2525 3666 privato,
2575 3610 2705 3650 eam
2755 3595 2825 3649 ad
2867 3595 3109 3667 Viennae
3158 3595 3498 3667 episcopum
3529 3599 3696 3667 tran-g

2045 3670 2254 3752 elatam
2284 3664 2401 3752 pro.
2425 3669 2552 3738 jure
2581 3668 2821 3752 aniiquo
2850 3666 3057 3752 fuisse.
3090 3664 3695 3752 Neapoli—Viennensi

2046 3737 2356 3814 provincia:
2389 3737 2538 3795 hanc
2569 3739 2731 3814 dedit
2775 3739 3102 3814 epistolam,
3134 3739 3234 3794 sed
3264 3739 3442 3814 etiam
3474 3737 3698 3814 caeteris

2045 3810 2342 3884 episcopis
2371 3829 2469 3883 per
2494 3811 2730 3878 Gallias,
2760 3814 2823 3884 ut
2855 3810 3063 3884 titulus
3097 3826 3212 3882 pres
3237 3826 3298 3884 se
3329 3811 3458 3884 fert,
3482 3810 3593 3884 hoc
3611 3812 3701 3866 est

2060 3880 2210 3941 τοι)
2234 3880 2332 3956 per
2358 3880 2582 3955 septem
2617 3880 2942 3956 provincias
2972 3880 3299 3956 constitutis.
3325 3883 3460 3956 Quae
3491 3882 3702 3956 episto;

2056 3957 2134 4027 la,
2170 3956 2219 4012 si
2235 3951 2444 4012 tamen
2477 3951 2736 4026 genuina
2763 3959 2878 4027 est,
2909 3953 3082 4027 veluti
3115 3953 3375 4027 praelusit
3404 3951 3701 4027 prolixiori

2050 4023 2142 4084 illi
2176 4027 2396 4092 libello,
2430 4023 2504 4082 in'
2521 4042 2695 4098 quem
2745 4023 3258 4098 diisserimus,_qui
3299 4023 3436 4098 cum,
3462 4023 3702 4098 maximi

2050 4104 2209 4157 esset
2241 4095 2555 4163 momenti,
2581 4097 2902 4163 operosiori
2951 4096 3099 4163 stylo
3156 4095 3443 4152 elaborari
3475 4095 3701 4152 debuit.

2048 4179 2238 4228 Immo
2270 4189 2386 4228 non
2416 4170 2578 4241 prius
2610 4169 2679 4224 de
2710 4185 2774 4224 eo
2809 4169 2867 4222 in
2901 4169 3116 4224 Gallias
3139 4169 3422 4241 mittendo
3455 4169 3610 4240 apud
3643 4184 3701 4224 se

2049 4243 2262 4316 statuit
2317 4239 2596 4316 pontifex,
2631 4241 3078 4316 quamrdintius
3123 4239 3582 4316 diligentiusque
3613 4243 3702 4294 to-

2050 4321 2174 4372 tum
2209 4313 2646 4384 hoc'negotium
2683 4315 2873 4367 mente
2903 4317 3211 4368 versasset.
3243 4313 3408 4369 Unde
3441 4314 3705 4384 quinque

2051 4387 2345 4467 mensium
2369 4384 2740 4467 intervallum
2766 4384 2920 4439 inter
2942 4389 3256 4467 utramque
3280 4385 3589 4467 epistolam
3614 4399 3704 4467 re-

2052 4459 2291 4533 peritur,
2326 4473 2574 4533 quarum
2607 4456 2815 4511 ultima
2866 4473 2969 4511 Vm
3015 4455 3397 4533 idus—Junius
3427 4457 3706 4533 datalest,

330 4508 1662 4600 quae;seu};’ezépaafqa‘oiz‘paeanas
1681 4508 1811 4584 ius
1831 4508 1944 4583 εέζς-
1980 4508 2022 4573 D
2055 4508 2813 4600 EB'déExi‘sEﬁiééﬁeihboié
2841 4508 2969 4600 quo
3003 4508 3395 4600 saansaan
3425 4508 3709 4600 astans;

325 4599 402 4665 sit,
431 4602 562 4670 quod
593 4603 653 4656 in
677 4600 999 4656 discrimine
1027 4602 1158 4656 vitae
1186 4603 1393 4670 positus
1423 4601 1802 4656 communioni
1828 4600 1946 4669 ejns

329 4684 464 4738 quem
501 4689 622 4727 cum
657 4673 820 4728 tantis
851 4673 988 4728 viris
1016 4672 1372 4727 damnaverat
1400 4673 1663 4740 coniungi
1695 4671 1943 4726 nullate-

329 4755 416 4794 nus
441 4745 724 4814 acquievit.
753 4743 854 4799 llle
884 4748 1153 4800 tumorem
1182 4746 1382 4798 mentis
1403 4744 1517 4806 eius
1535 4743 1810 4808 superbiae
1833 4745 1944 4814 spi-

330 4814 427 4887 rilu
447 4815 677 4887 inﬂatae,
699 4819 751 4870 et
778 4815 950 4870 nimis
979 4817 1211 4886 impiam
1231 4818 1709 4886 praesumptionem
1738 4816 1946 4883 arguit,

333 4882 595 4958 talemque
626 4887 840 4942 asserit
888 4882 1171 4953 extitisse,
1205 4882 1262 4940 ut
1320 4882 1478 4942 beato
1516 4888 1758 4958 apostolo
1791 4882 1948 4942 Petro

329 4957 472 5030 nollet
497 4957 611 5014 esse
637 4959 934 5030 subjectus,
967 4963 1016 5014 et
1044 4959 1391 5030 frequentius
1433 4957 1746 5014 temerariis
1776 4969 1829 5014 et
1860 4960 1946 5014 in-

327 5029 599 5102 icientibus
630 5031 814 5088 verbis
849 5029 1188 5087 sententiam
1245 5030 1620 5086 damnationis
1648 5033 1948 5102 expeteret.

330 5097 414 5155 llic
454 5119 582 5160 vero
629 5106 882 5160 testatur
932 5103 1080 5159 759
1131 5119 1265 5158 eum
1323 5102 1478 5158 beato
1509 5104 1674 5159 Leoni
1713 5097 1771 5156 «ξε
1802 5102 1951 5156 illico

329 5185 676 5244 praesentasse,
721 5191 846 5230 cum
894 5176 1215 5231 reverentia
1255 5174 1582 5245 impendisse
1611 5174 1950 5244 obsequium,

329 5252 508 5302 etcum
554 5247 872 5303 humilitate
917 5249 1222 5318 poposcisse
1267 5250 1327 5300 ut
1360 5247 1720 5302 Ecclesiarum
1749 5248 1956 5318 statum

329 5332 455 5373 more
497 5320 655 5375 solito
723 5317 1026 5374 ordinaret.
1080 5318 1178 5374 Cui
1233 5318 1582 5389 sull‘ragatur
1640 5317 1956 5389 Auxiliaris

327 5390 632 5462 praefectus,
678 5392 780 5462 qui
827 5395 968 5446 tunc
1011 5391 1205 5445 Roma
1237 5388 1444 5462 agebat
1472 5395 1528 5444 et
1547 5390 1724 5462 testis
1757 5388 1956 5462 ocula-

330 5459 394 5533 ris
419 5462 594 5518 luisse
617 5459 876 5532 'videtur,
900 5479 1034 5518 cum
1057 5463 1136 5517 ita
1161 5463 1228 5518 ad
1262 5459 1458 5533 ipsum
1494 5461 1780 5516 Hilarium
1814 5461 1956 5517 scri-

326 5530 409 5587 bat
437 5535 583 5592 inter
614 5538 826 5590 cratera
859 5530 872 5588 ἑ
913 5533 1017 5590 Sed
1043 5550 1169 5588 cum
1196 5530 1462 5604 propositi
1494 5535 1579 5589 tui
1607 5543 1778 5588 tenax
1805 5536 1881 5589 sis
1911 5537 1962 5589 et

325 5619 519 5678 semper
546 5604 815 5678 aequalis,
839 5605 1105 5678 nulloque
1133 5607 1511 5678 commotionis
1541 5606 1670 5676 felle
1694 5607 1962 5678 rapiaris,

325 5677 451 5736 sicut
492 5677 670 5735 nullis
705 5677 990 5735 extolleris
1037 5677 1312 5734 illecebris
1358 5677 1708 5749 gaudiorum,
1742 5694 1837 5751 ego
1867 5693 1966 5734 nec

2051 4604 2142 4680 tio
2170 4621 2185 4671 ;
2221 4601 2377 4675 prior
2404 4617 2537 4680 vero
2569 4617 2666 4655 vm
2695 4599 2784 4680 vel
2814 4599 2877 4655 ui
2916 4600 3048 4654 idus
3075 4599 3340 4680 Januarii
3373 4617 3385 4653 :
3417 4599 3710 4680 quodhop-

2063 4668 2514 4731 tim’e'convenit
2544 4689 2678 4729 cum
2713 4677 2974 4742 tempore
3006 4671 3228 4726 reditus
3256 4668 3455 4742 Hilarii
3485 4670 3544 4725 in
3574 4668 3712 4726 Gal-

2057 4749 2188 4814 lias,
2223 4749 2323 4819 qui
2369 4747 2566 4802 hiemis
2604 4746 2799 4819 rigore
2839 4741 3098 4799 saeviente
3135 4741 3399 4815 contigit,
3436 4746 3501 4798 ut
3531 4758 3712 4816 supra

2056 4838 2123 4877 ex
2153 4816 2281 4888 ejus
2308 4819 2444 4873 Vita
2473 4816 2804 4871 retulimus.

2131 4883 2365 4946 Interim
2397 4905 2529 4943 vero
2561 4903 2624 4943 se
2656 4903 2773 4942 suae
2817 4883 3075 4938 reddidit
3107 4883 3377 4942 Ecclesiae
3405 4886 3710 4944 Arelaten-

2060 4961 2141 5034 sis
2175 4962 2464 5034 pontit‘ex_;
2503 4962 2651 5034 etut
2683 4955 2849 5034 nihil,
2874 4972 2976 5034 pro
3009 4959 3460 5034 mansuetudine
3491 4965 3550 5017 et
3580 4960 3713 5034 oba-

2060 5028 2235 5089 ritate
2256 5029 2924 5096 sacerdotali,omitteret
2947 5043 3058 5097 quo
3085 5028 3300 5087 iratum
3329 5033 3580 5089 Leonem
3609 5033 3712 5087 de—

2061 5103 2264 5160 liniret
2295 5123 2307 5160 :
2341 5107 2509 5160 totum
2539 5117 2612 5175 se,
2645 5099 2837 5175 inquit
2867 5099 3219 5175 Honoratus,
3261 5104 3334 5159 ad
3380 5104 3714 5175 placandum

2062 5177 2175 5248 ejus
2207 5179 2456 5234 animum
2480 5174 2752 5248 inclinati?
2771 5172 3083 5248 ἢωηίίίίαίθ
3103 5172 3388 5248 convertit;
3411 5179 3578 5230 ηδίδδθ
3599 5174 3715 5248 Ρνί”

2064 5245 2230 5305 mitus
2284 5251 2474 5307 sancto
2507 5247 2785 5319 Ravennio
2824 5246 2954 5319 tunc
3001 5247 3334 5319 presbytero,
3375 5245 3718 5316 postmodum

2065 5321 2286 5394 proprio
2334 5334 2656 5394 successore.
2693 5316 2898 5374 Deinde
2937 5316 3190 5394 sanctum
3220 5320 3555 5394 Ne_ctarium_,
3585 5333 3718 5394 san-

2070 5387 2322 5462 ctumque
2351 5392 2752 5462 Constantium,
2784 5390 3085 5461 praecipuos
3113 5391 3437 5462 sacerdotes,
3465 5387 3648 5443 misit.

2146 5460 2263 5518 Etsi
2296 5478 2466 5535 porro
2499 5460 2619 5535 hoc
2641 5460 2959 5535 lenimento
2991 5479 3135 5535 usus
3186 5461 3437 5535 Hilarius
3471 5475 3573 5535 pro
3605 5475 3726 5535 ser-

2072 5530 2582 5604 vanda,quautum
2606 5532 2663 5587 in
2692 5533 2821 5604 ipso
2848 5536 2994 5604 erat,
3018 5534 3241 5588 unitate
3264 5530 3510 5604 spiritu—8
3530 5530 3729 5604 invin-

2075 5607 2205 5662 oulo
2231 5603 2409 5678 posis,
2438 5622 2510 5661 ne
2534 5609 2702 5678 putes
2723 5603 2924 5678 tamen
2948 5603 3143 5678 ipsum
3165 5605 3282 5676 juri
3303 5603 3727 5678 successisse,

2085 5681 2150 5735 ut
2179 5674 2292 5736 sibi
2323 5674 2616 5751 persuasit
2645 5674 3176 5733 eminentissimus
3199 5675 3518 5736 cardinalio
3557 5677 3729 5734 Baro-

1345 5775 1994 5841 BALLERINIORUM
2054 5777 2686 5840 ANNOTATIONES.

383 5884 458 5958 (a)
487 5882 673 5946 Leoni
704 5882 897 5957 magis
926 5881 1282 5944 credendum
1309 5879 1438 5944 loco
1467 5881 1716 5958 allegato
1745 5881 2139 5959 ostendimus,
2161 5899 2270 5946 nec
2298 5901 2416 5946 non
2446 5898 2575 5956 cap.
2606 5883 2662 5956 3,
2693 5897 2752 5940 n-
2784 5880 2843 5949 2c.
