4010 6168
169 240 281 301 465

783 224 1133 301 ωεεΕΒΤζ
1181 240 1258 303 v.
1306 241 1700 304 APOLOGIA
1737 241 1891 302 suo
1935 243 2000 302 s.
2050 240 2373 302 nmmo
2416 237 2934 301 ARELATENSI.

3450 240 3572 310 466

165 373 247 430 vel
275 372 374 428 alio
408 377 679 444 tempore
708 372 923 444 scripta
953 389 1130 443 quam
1181 373 1439 446 Honorii,
1466 375 1635 445 cujus
1666 392 1800 429 con-
1828 380 1882 445 Α
1911 377 2189 431 civitatem
2210 393 2321 432 esse
2340 374 2709 446 metropolim,
2728 374 2775 427 is
2796 372 2963 426 totius
2979 369 3282 495 provincia
3301 368 3562 429 honorem

165 445 475 495 stitutionis
507 445 655 495 ﬁdes
687 444 873 495 notior
902 462 1077 495 uuam
1102 446 1299 495 nescio
1330 463 1579 495 nuarum
1613 446 1799 495 (etatis
1915 450 2185 495 nrimalus
2238 449 2522 495 obtineret.
2547 446 2710 495 Quod
2739 442 2971 495 rerumi
3000 441 3115 495 lius
3133 444 3414 495 temporis
3438 450 3560 495 sta-

165 445 475 501 stitutionis
506 445 655 519 fides
686 444 873 515 potior
902 462 1078 517 quam
1102 444 1299 503 nescio
1330 444 1581 519 quarum
1613 446 1799 503 aetatis

162 519 379 573 incertis
413 516 779 572 notitiarum.

222 592 273 644 2.
304 590 448 655 Quis
478 589 678 644 credat
704 586 993 643 Arelatem
1026 587 1086 641 in
1114 587 1363 659 publicis
1394 588 1540 644 actis
1563 591 1662 642 aut
1685 604 1804 643 mo-

160 661 449 718 numentis
474 678 590 716 non
614 660 786 715 modo
806 659 957 714 inter
973 660 1240 715 civitates
1263 660 1576 716 Viennensi
1600 660 1799 730 subje—

159 742 285 802 alas,
318 735 421 789 sed
456 732 844 805 penultimam
878 730 1111 787 illarum
1145 733 1421 805 omnium,
1442 749 1571 787 esse
1594 748 1800 787 nume-

158 807 409 873 randam,
426 804 495 861 eo
520 806 647 876 ipso
669 810 930 875 tempore
952 820 1067 875 quo
1090 805 1163 859 ab
1172 804 1460 877 Augustis
1478 820 1799 875 eorumque

155 879 432 950 praefectis
463 875 719 950 summis
752 877 1144 950 decorabatur
1168 875 1512 950 honoribus,
1535 882 1591 932 et
1620 893 1799 950 supra

154 946 375 1005 ceteras
386 948 715 1005 Galliarum
729 947 1083 1005 svehebatur
1098 946 1401 1003 civitates?
1416 949 1489 1003 At
1508 964 1576 1003 ex
1592 946 1797 1004 eodem

147 1022 330 1077 edicto
367 1022 753 1076 manifestum
809 1023 929 1091 est,
966 1024 1023 1075 et
1044 1021 1169 1091 jam
1204 1021 1274 1075 ab
1306 1019 1531 1091 aliquot
1560 1020 1733 1075 annis
1763 1036 1797 1075 a

145 1093 407 1148 Petronio
439 1093 716 1165 praefecto
748 1090 1134 1165 constitutum
1165 1107 1294 1147 esse
1320 1090 1671 1165 conventum
1704 1107 1796 1165 se-

144 1171 293 1248 ptem
325 1163 939 1248 provinciarumapud
958 1163 1269 1248 Arelatem,
1293 1168 1349 1218 et
1370 1163 1566 1246 sedem
1582 1164 1792 1245 praste-

142 1242 309 1291 cturie
328 1235 393 1291 in
419 1238 625 1292 eadem
648 1235 901 1307 positam
926 1240 1137 1303 esse,et
1156 1252 1284 1290 eam
1298 1235 1629 1307 omnigenis
1648 1252 1793 1307 prai-

141 1308 410 1375 rogativis
444 1324 573 1363 esse
596 1306 962 1363 nobilitatem
999 1324 1012 1360 :
1047 1310 1370 1379 utnecesse
1394 1306 1789 1379 sitiquidquid

139 1382 261 1450 ejus
290 1378 600 1450 splendori
629 1379 973 1435 adversatur
995 1379 1065 1434 ad
1088 1378 1205 1434 alia
1234 1384 1501 1449 tempora
1525 1378 1787 1449 relegari.

202 1454 265 1531 3..
284 1451 357 1531 _Si
388 1457 525 1531 ante
556 1451 615 1506 S.
648 1450 856 1531 Leonis
886 1456 1148 1531 tempora
1177 1451 1361 1505 deseri
1372 1455 1481 1531 pta
1497 1456 1653 1531 esset
1668 1452 1790 1531 haec

132 1523 362 1595 notitia,
393 1525 727 1595 legeremus
756 1521 912 1576 inter
932 1522 1198 1577 civitates
1226 1521 1534 1595 provincias
1559 1522 1787 1595 Alpium

129 1593 571 1650 maritimarum
588 1594 880 1651 Niczeense
898 1598 1157 1648 castrum
1174 1610 1275 1648 seu
1300 1593 1616 1650 civitatem.
1639 1594 1786 1649 Cum

129 1667 282 1720 enim
308 1682 383 1721 ex
402 1665 847 1747 epistoleﬂilari
864 1666 1109 1747 papaaad
1133 1666 1419 1736 quosdam
1444 1665 1644 1747 Galliae
1664 1665 1787 1747 epi-

127 1753 336 1808 scopos
369 1736 599 1795 constet
625 1736 921 1813 Nicaeense
951 1741 1211 1813 castrum
1253 1754 1440 1813 usque
1470 1739 1540 1813 ad
1573 1736 1781 1792 Leonis
1814 1748 1860 1813 Β

125 1816 388 1881 extrema
408 1816 677 1881 tempora
692 1810 988 1880 proprium
1008 1809 1281 1864 habuisse
1299 1809 1621 1864 antistitem
1645 1814 1784 1881 aCe-

124 1880 1206 1951 melenensidistinctum,cousequens
1229 1880 1473 1936 estillud
1497 1882 1555 1934 in
1577 1880 1784 1936 notitia

125 1951 317 2009 locum
350 1954 574 2009 habere
602 1953 878 2007 debuisse
909 1968 922 2007 :
958 1953 1113 2007 unde
1142 1968 1275 2007 cum
1307 1952 1364 2007 in
1395 1969 1464 2007 ea
1492 1953 1780 2007 omissum

124 2024 316 2090 fuerit,
345 2025 710 2081 credendum
725 2029 815 2080 est
834 2024 988 2095 quod
1006 2040 1103 2092 per
1122 2024 1176 2078 id
1197 2023 1471 2095 temporis
1492 2025 1782 2080 delineata

123 2101 230 2162 est,
263 2112 409 2153 cum
443 2096 753 2153 castellum
785 2095 938 2150 istud
972 2095 1044 2150 ad
1077 2111 1175 2150 eas
1206 2096 1511 2167 angustias
1532 2112 1780 2167 eamque

125 2170 478 2224 tenuitatem
499 2169 804 2224 redactum
828 2171 972 2235 erat,
988 2172 1051 2221 ut
1074 2183 1177 2222 nec
1201 2167 1349 2222 inter
1364 2172 1555 2223 castra
1573 2185 1777 2224 nume-

118 2239 229 2292 rari
245 2241 496 2296 deberet
515 2259 529 2308 ;
547 2239 853 2295 taliaenim
876 2239 1201 2309 plurimain
1222 2240 1430 2295 notitia
1447 2239 1778 2295 civitatibus

116 2312 552 2383 adjunguntur.
569 2311 686 2366 Hoc
698 2314 851 2366 certe
871 2310 1165 2380 prioribus
1182 2310 1388 2383 Leonis
1404 2312 1586 2366 nostri
1606 2312 1777 2367 annis

116 2381 384 2463 nondum
400 2384 762 2463 eontigerat;
787 2386 926 2437 tunc
938 2383 1093 2463 enim
1110 2381 1433 2463 episcopali
1446 2383 1582 2438 sede
1600 2383 1776 2463 hone-

115 2456 393 2519 rabatur;
415 2453 603 2511 immo
626 2459 684 2508 et
705 2460 965 2526 tempore
988 2453 1165 2526 Hilari
1187 2453 1349 2526 papa:
1382 2455 1475 2509 vix
1496 2471 1565 2509 ea
1585 2455 1775 2526 digni-

114 2532 225 2581 tate
252 2526 503 2599 spoliari
526 2544 590 2583 se
608 2527 760 2582 808
780 2525 936 2597 passi
954 2525 1461 2599 suntNicaeenses,
1479 2525 1774 2599 siquidem

116 2598 378 2671 ordinari
423 2599 539 2655 sibi
588 2613 861 2653 ouravere
910 2598 1227 2671 proprium
1262 2599 1623 2671 episcopum,
1672 2598 1773 2669 qui

120 2667 290 2724 llilari
328 2688 497 2742 papa
530 2672 760 2725 decreto
796 2667 1033 2740 prepter
1056 2668 1263 2742 Leonis
1295 2667 1773 2726 constitutionem

118 2739 380 2797 remotus
412 2739 542 2809 est;
571 2746 646 2815 et
675 2739 948 2815 deinceps
1000 2741 1071 2795 ad
1125 2739 1299 2797 unius
1332 2743 1591 2815 episcopi
1624 2741 1773 2814 regi-

122 2828 248 2867 men
282 2819 536 2883 uterque
567 2812 731 2868 locus
766 2812 874 2866 fuit
905 2817 1225 2867 revocatus.

182 2884 235 2937 4.
274 2884 384 2939 Vix
400 2884 647 2939 Honorii
668 2884 1040 2955 imperatoris
1059 2883 1501 2955 temporibusin
1526 2900 1591 2939 eo
1615 2888 1772 2940 statu

123 2969 292 3027 quem
311 2957 530 3011 notitia
557 2953 795 3011 exhibet
814 2955 997 3010 fuisse
1020 2958 1253 3027 credam
1277 2953 1602 3025 provincias
1626 2956 1773 3027 Lug-

122 3026 446 3083 dunensem
467 3028 785 3083 secundam
805 3033 862 3081 et
882 3026 1173 3093 Belgicam
1192 3026 1534 3082 secundam.
1556 3026 1770 3082 Rotho-

1911 450 2185 519 primatus
2238 442 2523 504 obtineretl
2547 446 2710 519 Quod
2739 460 2933 519 rerum
2955 442 3115 498 illius
3133 444 3414 519 temporis
3436 450 3560 519 sta-

1913 514 2037 576 tum
2088 521 2451 576 demonstrat
2485 518 2680 573 minus
2730 517 3076 571 distinctum
3130 514 3311 569 fuisse
3340 520 3397 569 et
3422 518 3560 587 jura

1913 592 2111 648 minus
2143 592 2301 647 clara
2331 608 2507 663 quam
2540 592 2599 644 in
2631 588 2839 663 notitia
2869 590 3338 663 repetesentatur.

1980 666 2031 719 6.
2068 656 2419 735 Apollinaris
2450 656 3023 735 Sidonius,_Epistol.
3049 657 3152 713 lib.
3186 674 3264 735 vn
3297 656 3467 735 epist.
3500 660 3554 728 7,

1908 730 2159 793 testatur
2181 735 2641 793 Massiliensium
2674 730 2962 789 civitatem
2983 747 3092 785 sua
3114 730 3368 801 primum
3388 734 3557 786 astate

1907 808 2059 863 inter
2081 808 2316 865 ultimas
2338 807 2649 881 provinciae
2665 805 2929 881 civitates
2950 802 3203 881 cmpisse
3216 802 3516 881 numereri
3538 818 3552 858 :

1907 881 2082 952 idque
2112 881 2230 936 illis
2261 882 2320 936 in
2338 872 2580 953 poenam
2601 876 2925 953 obvenisse,
2950 872 3103 948 quod
3126 872 3346 953 sciiieet
3368 872 3554 944 priva-

1905 945 2317 1009 tiscommodis
2340 945 2528 1024 magis
2540 945 2916 1024 consulentes
2934 945 3112 1024 quam
3130 945 3402 1024 publicis,
3417 960 3552 1002 cum

1905 1025 2225 1081 Gothorum
2274 1017 2509 1097 regibus
2561 1022 2747 1097 fcedus
2794 1037 2903 1097 nec
2951 1017 3103 1097 utile
3136 1033 3243 1073 nec
3272 1017 3547 1097 decorum

1903 1097 2191 1178 iniissent.
2230 1090 2379 1178 Quod
2408 1097 2617 1166 utique,
2635 1093 2856 1178 inquit,
2878 1090 3245 1178 sqitemque
3261 1090 3552 1178 iacientes,

1893 1170 2016 1241 jam
2037 1185 2146 1223 non
2173 1164 2347 1240 primi
2365 1164 3099 1241 comprovincialiumsog
3114 1176 3394 1241 coseis'rxs
3412 1176 3547 1228 esse,

1900 1230 1996 1295 sed
2026 1230 2233 1295 ultimi.
2266 1230 2496 1304 Quibus'
2516 1238 2709 1292 verbis
2742 1237 2885 1292 satis
2916 1234 3110 1289 innuit
3130 1235 3200 1288 ad
3233 1230 3332 1288 illa
3365 1248 3550 1302 usque

1900 1315 2187 1383 tempora,
2218 1312 2275 1366 id
2308 1316 2417 1381 est,
2451 1309 2658 1383 saltem
2690 1310 2761 1363 ad
2795 1304 3548 1383 annumquadringentesi-

1904 1376 2063 1465 mutii
2095 1388 2155 1465 et
2174 1376 2704 1465 Septuagesimum,
2733 1381 2994 1465 primum
3016 1376 3171 1465 inter
3202 1376 3549 1465 Viennensis

1940 1455 2205 1538 iovincim
2221 1448 2619 1538 civitatespost
2632 1448 2999 1538 meet—repoliri)
3015 1448 3549 1538 l‘oeumlob‘tinuisse

1959 1527 2217 1583 assiliam
2250 1544 2263 1581 :
2298 1521 2611 1597 quodjure
2642 1524 2725 1577 illi
2758 1521 2972 1597 civitati
2994 1521 3395 1597 deferebatur,
3416 1535 3545 1590 quae

1897 1602 2015 1654 tam
2044 1599 2285 1669 antiqua
2315 1593 2612 1653 nobilitate
2643 1595 2862 1650 caeteris
2894 1593 3208 1669 eminebat.
3234 1596 3299 1669 ut
3331 1597 3544 1669 metro-

1897 1670 2134 1742 politica
2164 1662 2339 1745 etiam
2364 1670 2650 1745 dignitate
2672 1669 2741 1745 ad
2772 1672 3007 1745 tempus
3030 1668 3233 1745 ornata
3250 1662 3546 1745 lu_erit_de-

1894 1733 2049 1797 creto
2080 1741 2316 1799 concilii
2364 1733 2765 1795 Taurinensis.
2820 1733 3054 1792 At'vero
3088 1736 3144 1789 in
3178 1733 3385 1789 notitia
3414 1733 3540 1788 Sir-

1892 1814 2093 1869 mondi
2125 1820 2181 1868 et
2213 1813 2364 1879 aliis,
2412 1812 2674 1867 omnium
2708 1809 2916 1864 ultima
2945 1807 3226 1863 scribitur
3255 1803 3537 1879 Massilia,

1890 1902 2064 1957 quam
2098 1890 2155 1940 et
2186 1877 2387 1957 Arelas
2419 1882 2753 1957 immediate
2800 1880 3078 1957 praecedit
3110 1895 3122 1957 :_
3158 1877 3536 1957 quamobrem

1890 1950 2019 2014 luce
2053 1956 2376 2035 meridiepa
2406 1956 2620 2035 clarius
2658 1957 2768 2023 est,
2800 1950 2970 2035 longe
3000 1950 3379 2035 posteriorem
3399 1963 3540 2035 ‘ers‘ee

1889 2035 2055 2085 aetate
2087 2028 2323 2084 Honorii
2357 2028 2635 2101 notitiam
2656 2020 2830 2097 quam
2866 2020 3241 2101 discutimus,
3262 2025 3321 2076 et
3343 2020 3535 2101 ad‘Si-

1889 2101 2048 2157 donii
2082 2106 2348 2173 tempora
2372 2089 2739 2173 referendam
2774 2112 2942 2173 esse._
2974 2099 3041 2149 Et
3070 2110 3204 2149 vero
3225 2089 3536 2173 probabile

1887 2163 2325 2228 admodum.est
2371 2171 2522 2226 hanc
2571 2186 2636 2225 eo
2666 2168 2900 2225 circiter
2928 2170 3211 2237 tempore,
3240 2163 3532 2219 conditam

1886 2262 2000 2316 quo
2024 2244 2269 2300 Euricus
2289 2242 2728 2317 Visigotborum
2752 2256 2849 2294 rex
2880 2239 2938 2317 in
2958 2235 3178 2317 Gallias
3200 2235 3532 2317 irrumpens

1885 2309 2169 2390 Arelatem
2191 2320 2248 2371 et
2272 2309 2593 2390 Massiliam
2618 2310 2946 2390 occupavit,
2968 2309 3054 2390 vel
3075 2309 3252 2390 etiam
3277 2309 3535 2390 superie-

1887 2389 2051 2445 ribus
2073 2389 2295 2459 aliquot
2307 2386 2499 2443 annis.
2514 2388 2659 2442 Cum
2679 2375 2833 2459 eni'in
2851 2375 3165 2459 maximam
3184 2375 3534 2459 Viennensis

1886 2450 2190 2531 provinciae
2224 2459 2740 2531 partemtenerent
2770 2452 3235 2531 Burgundiones,
3260 2450 3385 2531 sola
3417 2451 3536 2503 fere

1883 2526 2085 2587 Arelas
2116 2526 2268 2603 cum,
2300 2528 2556 2586 Massilia
2586 2529 2645 2583 in
2677 2527 3075 2603 Romanorum
3099 2526 3417 2603 .potestate‘
3443 2535 3536 2574 re-

1886 2605 2124 2676 mansit,
2147 2607 2204 2676 et
2223 2602 2613 2676 cii'caannum
2633 2596 3537 2676 quadringentesimumseptua-

1885 2669 2451 2746 gesimu'minEurici
2476 2671 2629 2746 regis
2642 2669 3298 2746 Visigothoruimeriani
3322 2680 3535 2746 manus

1884 2736 2117 2803 devenit
2148 2763 2161 2801 :
2192 2746 2312 2814 qui,
2347 2736 2614 2817 uterefevrt
2637 2736 3303 2817 ‘ApollinarisSidonius,
3326 2736 3428 2817 lib.
3448 2751 3533 2817 γη

1883 2819 2054 2890 epist.
2086 2820 2142 2884 6,
2176 2808 2246 2871 ad
2281 2815 2562 2890 Basilium
2594 2808 2901 2890 pleroeque
2923 2811 3178 2890 illaeum
3207 2808 3528 2890 provincia-

1884 2881 2012 2946 rum
2032 2881 2443 2962 episcoposvel
2467 2881 2649 2943 morte
2664 2881 3077 2962 muletavi_t,vel
3098 2881 3288 2962 eolum
3309 2886 3531 2962 verterp

1883 2951 2090 3033 coegit;
2117 2951 2294 3017 nullis
2327 2960 2601 3033 deinceps
2622 2957 2912 3033 episcopis
2933 2955 2991 3010 in
3016 2955 3427 3033 defun_etorum
3444 2951 3528 3006 of-

1883 3025 2018 3090 ﬁcia
2031 3025 2293 3088 suffectis
2317 3050 2330 3100 ;
2356 3032 2436 3087 ita
2458 3036 2521 3086 ut
2535 3025 3043 3103 populosexcessu
3068 3025 3411 3103 pontiﬁcum
3433 3040 3530 3103 or—

126 3112 357 3178 magum
387 3099 549 3155 enim
581 3098 701 3153 illic
731 3098 981 3168 legimus
1004 3100 1062 3179 in
1086 3098 1457 3179 amplis'eima
1479 3099 1774 3179 provincia

1896 3116 2043 3179 )atos
2090 3104 2278 3179 tristis
2316 3097 2637 3179 intercisae"
2666 3099 2801 3179 fidei
2851 3097 3181 3179 desperatio
3219 3098 3529 3179 premeret,

128 3171 446 3233 primatum
469 3176 784 3236 tenentem,
809 3186 985 3241 quam
1009 3170 1272 3240 ejusdem
1294 3170 1530 3241 Honorii
1548 3175 1774 3241 tempo-

129 3240 280 3296 ribus
314 3242 603 3297 Paulinus
632 3240 901 3297 Nolensis
933 3240 1242 3312 episcopus
1284 3240 1531 3295 miratur
1558 3240 1715 3296 velut
1744 3259 1775 3297 e

130 3314 381 3368 tenebris
413 3314 751 3369 emersisse.
782 3314 1047 3382 Denique,
1079 3312 1292 3382 inquit,
1318 3328 1465 3366 nunc
1494 3313 1776 3369 Rolhoma-

129 3399 245 3450 gum
272 3389 329 3439 et
358 3386 562 3440 vicinis
580 3392 712 3440 ante
737 3385 1049 3454 regionibus
1067 3386 1225 3438 tenui
1243 3386 1472 3438 nomine
1488 3385 1777 3454 pervulga-

129 3458 322 3528 t_um,in
343 3455 667 3528 longinquis
681 3458 852 3511 etiam
867 3457 1168 3526 provinciis
1190 3456 1474 3509 nominari
1491 3458 1774 3511 venerabi-

130 3526 248 3580 liter
272 3526 565 3591 audimus,
586 3533 636 3583 et
664 3529 811 3583 inter
834 3528 995 3582 urbes
1022 3527 1253 3582 sanatis
1278 3528 1411 3581 locis
1439 3527 1649 3583 nobiles
1668 3546 1775 3582 nu-

132 3600 349 3676 merari,
375 3600 870 3676 etc._M_orinorum
894 3598 1574 3676 autem_civita_tem,‘quze
1598 3602 1655 3654 in
1680 3616 1777 3654 no-

134 3670 253 3724 titia
268 3670 464 3727 locum
484 3672 992 3742 babet.tamquam
1007 3670 1319 3741 episcopali
1337 3670 1473 3725 sede
1486 3676 1773 3734 ornatam,

135 3744 434 3813 totumque
483 3743 651 3798 illum
684 3743 912 3799 Nervici
963 3742 1179 3797 littoris
1211 3746 1464 3796 tractum
1496 3744 1592 3797 vix
1622 3744 1779 3798 tenui

132 3815 546 3887 spiritu.inquit
566 3816 721 3887 idem
742 3814 1194 3887 Paulinusﬁdes
1208 3815 1456 3887 veritatis
1468 3815 1773 3883 afﬂaverat,

137 3885 450 3956 antequam
475 3886 789 3942 Victricius
819 3886 938 3941 illic
970 3886 1327 3957 praedicaret,
1354 3885 1411 3939 in
1442 3902 1557 3956 quo
1588 3888 1779 3955 prima

136 3958 367 4023 refulsit,
398 3960 610 4013 clarius
640 3960 908 4023 invaluit,
942 3958 1243 4013 ardentius
1270 3960 1322 4011 et
1350 3958 1575 4027 propius
1603 3975 1774 4028 appa-

134 4030 258 4088 ruit.
288 4036 401 4085 etc.
435 4030 594 4085 Sicut
620 4035 770 4085 terra
797 4030 1042 4085 Zabulon
1081 4030 1353 4099 quondam
1380 4032 1433 4082 et
1461 4029 1777 4097 Nephtalim

136 4100 217 4151 via
243 4104 416 4156 maris
446 4111 598 4156 trans
615 4101 904 4158 Iordanem
920 4099 1178 4157 Galilaeae
1197 4116 1218 4161 ;
1249 4104 1300 4155 et
1327 4102 1424 4170 qui
1440 4100 1698 4156 sedebant
1718 4104 1780 4157 in

140 4171 339 4237 regione
360 4173 569 4229 umbrae
591 4175 804 4240 mortis,
831 4173 1008 4228 lucem
1030 4172 1283 4227 viderunt
1299 4189 1553 4241 magnam
1568 4190 1589 4234 ,'
1617 4175 1704 4228 ita
1723 4177 1781 4227 et

139 4255 269 4316 iiuna
296 4246 357 4297 in
389 4250 543 4300 terra
589 4246 926 4300 Morinorum
972 4247 1096 4316 silui
1122 4244 1266 4316 orbis
1313 4248 1582 4311 extrema,
1615 4262 1779 4316 quam

146 4309 380 4369 barbaris
409 4317 671 4385 ﬂuctibus
698 4319 938 4386 fremens
963 4315 1148 4371 tundit
1176 4314 1434 4369 Oceanus.
1473 4356 1486 4369 .
1523 4358 1536 4370 .
1570 4309 1585 4372 ζ
1623 4309 1682 4372 in
1714 4334 1780 4372 ea

146 4394 281 4440 orata
309 4388 420 4441 sibi
440 4404 540 4458 per
561 4396 712 4443 luam
728 4390 1077 4445 sanctitatem
1095 4404 1128 4441 a
1152 4391 1382 4442 Domino
1403 4387 1521 4442 luce
1542 4389 1780 4458 gauden-

150 4461 213 4507 tes
238 4459 405 4530 corda
438 4476 637 4530 aspera
660 4460 871 4517 Christo
898 4462 1142 4514 intrante
1170 4461 1469 4528 posuerint,
1504 4465 1610 4515 etc.
1644 4463 1777 4526 Quae

148 4529 329 4605 omnia
358 4529 513 4605 haud
539 4531 670 4605 scio
702 4548 775 4587 an
807 4531 1034 4605 possint
1063 4531 1371 4605 convenire
1390 4546 1523 4605 cum
1548 4533 1778 4605 provin-

150 4602 355 4675 ciarum
378 4602 632 4671 notitiis,
651 4620 776 4675 qua
799 4603 976 4673 (quod
1008 4602 1334 4675 notandum
1358 4603 1416 4657 in
1441 4603 1669 4673 primis)
1696 4604 1779 4660 vi-

151 4667 346 4752 dentur
394 4675 467 4752 ed
517 4667 694 4729 usum
745 4667 1389 4752 ecclesiasticumnesse
1437 4667 1777 4747 descriptae:

150 4742 307 4818 eujns
346 4744 426 4800 rei
473 4751 825 4818 argumento
871 4753 977 4814 est,
1009 4745 1165 4815 quod
1197 4742 1306 4818 illis
1342 4761 1568 4818 omnes,
1601 4742 1719 4804 tam
1751 4765 1786 4804 a

153 4809 761 4889 J.Sirmondovquam
812 4819 885 4873 ab
934 4809 1167 4872 Andrea
1213 4809 1781 4889 Duchesnio'editaa,

152 4898 261 4963 qua
292 4886 351 4940 in
383 4905 528 4944 mss.
564 4886 868 4963 codicibus
914 4889 1218 4963 Timoneas
1252 4888 1617 4946 bibliothecas
1652 4886 1781 4963 pas;

155 4960 250 5010 sim
280 4968 615 5027 occurrunt,
647 4962 711 5017 in
743 4961 837 5017 his
863 4961 1003 5016 solis
1034 4960 1410 5033 reperiuntur
1440 4962 1540 5033 qui
1573 4960 1783 5020 monu-

154 5034 334 5084 menta
360 5034 769 5089 tantummodo
797 5031 1195 5089 ecclesiastica
1224 5031 1545 5091 continent.

212 5100 262 5154 5.
293 5102 350 5176 Si
382 5103 616 5176 Honorii
650 5109 820 5160 astate
845 5105 997 5160 facta
1026 5106 1184 5176 esset
1210 5120 1278 5159 ea
1307 5105 1516 5160 notitia
1552 5105 1787 5176 publica

152 5172 475 5247 auctoritate
488 5175 578 5231 vel
593 5191 660 5232 ex
684 5175 1295 5247 indubitataomnium
1311 5172 1785 5247 cognitionemon

152 5244 419 5314 ancipites
450 5251 508 5303 et
540 5248 703 5303 dubii
726 5248 1082 5304 mansissent
1109 5246 1307 5301 Patres
1333 5244 1563 5303 concilii
1584 5250 1790 5304 Tauri-

154 5316 335 5390 nensis
364 5318 543 5389 (quod
569 5321 835 5390 ejusdem
858 5318 1231 5390 imperatoris
1248 5321 1613 5390 temporibus
1638 5322 1786 5378 cele-

154 5386 367 5462 braium
399 5386 510 5462 est)
542 5386 660 5447 utri
686 5386 992 5448 amborum
1017 5386 1426 5461 episcoporum
1460 5392 1790 5450 Arelatensi

154 5471 215 5540 et}
242 5459 560 5540 Viennensi
600 5459 1145 5540 metropoiieam'in
1177 5459 1791 5540 rebus‘ecclesiaslicis

154 5528 487 5609 dignitatem
510 5528 834 5609 attribuers
852 5535 1160 5609 deberent;
1187 5550 1291 5609 nec
1306 5534 1374 5588 ad
1397 5536 1548 5609 hanc
1564 5544 1791 5593 senten-

152 5604 281 5660 tiam
309 5606 590 5663 coarctati
622 5610 838 5676 essent,
871 5610 930 5662 ut
949 5607 1047 5679 qui
1076 5621 1145 5663 ea:
1171 5607 1251 5661 eis
1279 5608 1613 5677 approbaret
1633 5627 1794 5667 suam

1884 3177 2045 3233 nulla
2057 3181 2210 3232 esset
2226 3176 2284 3230 in
2299 3175 2575 3230 desolatis
2588 3190 2729 3229 cura
2741 3168 3094 3227 dimcesibus
3108 3168 3532 3242 parochiisque,

1883 3254 1939 3305 et
1970 3265 2084 3303 non
2106 3253 2227 3303 tam
2249 3247 2578 3302 sacerdotes
2598 3244 2812 3300 mortui
2832 3260 2961 3298 esse
2976 3242 3332 3307 viderentur,
3353 3252 3530 3311 quam

1884 3322 2080 3392 ipsum
2113 3318 2528 3375 sacerdotium.
2556 3318 2686 3373 Haec
2717 3316 2834 3370 fere
2861 3312 3138 3392 Sidonius
3170 3329 3184 3367 :
3218 3311 3532 3392 ent-quibus

1882 3381 2211 3462 intelligere
2242 3395 2350 3457 est,
2385 3406 2564 3461 quam
2595 3392 2921 3462 opportuna
2942 3401 3069 3441 sese
3089 3381 3535 3462 tuncobtuierit

1883 3452 2201 3535 ViennEnsi
2234 3452 2505 3533 episcopo
2526 3452 2910 3535 occasiojura
2940 3474 3066 3528 quas
3089 3457 3201 3511 sibi
3218 3456 3441 3535 injuste
3459 3452 3533 3506 ab

1883 3533 2206 3591 Arelatensi
2246 3527 2528 3606 praerepta
2554 3527 2831 3606 iactabat
2878 3527 3281 3606 recuperandi,
3319 3527 3533 3598 quippe

1885 3624 2019 3663 cum
2053 3600 2359 3678 plerasque
2403 3600 2644 3678 haberet
2691 3601 2955 3678 civitates
2974 3600 3298 3678 provinciis
3329 3611 3528 3654 secum

1887 3673 2401 3750 Burgundionibus
2421 3676 2720 3750 subditas;
2754 3674 2877 3750 istae
2895 3673 3050 3750 enim
3074 3673 3532 3750 videntesomne

1885 3740 2153 3807 sibibum
2173 3748 2493 3804 Arelatensi
2518 3740 2936 3803 commercium
2961 3744 3246 3808 interdici,
3263 3741 3401 3813 quia
3421 3740 3529 3794 sub

1885 3826 2149 3877 Romana
2161 3820 2243 3876 vel
2259 3821 2502 3876 Gothica
2522 3820 2741 3875 ditione
2760 3819 2882 3874 haec
2898 3812 3341 3887 degebatd'acile
3356 3812 3531 3867 Vien-

1888 3893 2054 3950 nensi
2073 3910 2134 3948 se
2155 3893 2303 3947 ultro
2326 3894 2724 3963 subjecerunt,
2748 3890 3069 3963 annitente,
3093 3894 3279 3958 utpar
3299 3889 3387 3941 est
3403 3901 3531 3963 cre-

1887 3967 2044 4038 dere,
2078 3966 2393 4038 Burgundo
2426 3960 2707 4037 principe,
2743 3962 2904 4038 nullo
2950 3961 3236 4038 renitente
3265 3975 3331 4013 ex
3366 3960 3529 4038 parte

1887 4028 2267 4103 Arelatensis,
2300 4036 2393 4092 cui
2425 4028 2565 4091 tunc
2612 4028 2895 4105 temporis
2939 4049 3009 4105 ne
3039 4032 3262 4105 hiscere
3292 4028 3526 4105 quidem

1885 4110 1974 4165 vel
2008 4110 2220 4164 mutire
2251 4110 2334 4163 fas
2367 4113 2506 4164 erat.
2532 4107 2679 4161 Vero
2700 4102 2903 4179 itaque
2927 4103 3292 4179 similiimum
3316 4102 3529 4179 estper

1887 4197 2015 4236 eam
2047 4186 2276 4236 aetatem
2309 4181 2604 4236 conditam
2631 4194 2760 4233 esse
2791 4170 3056 4231 notitiam
3084 4176 3132 4230 .l.
3155 4170 3446 4227 Sirmondi
3474 4172 3534 4224 et

1888 4253 2119 4322 alias,in
2143 4252 2358 4323 quibus
2372 4250 2722 4324 Viennensis
2735 4247 2982 4305 sollicite
3002 4247 3142 4319 egit,
3156 4250 3220 4301 ut
3235 4242 3533 4324 Arelate!)-

1887 4326 1970 4381 sis
2001 4316 2057 4380 et
2087 4316 2475 4380 Massiliensis
2507 4321 2990 4390 describerentur,
3015 4316 3163 4390 quas
3195 4318 3266 4374 ad
3299 4316 3532 4388 pontifi-

1887 4397 2044 4472 ciu_m
2069 4412 2251 4472 suum
2282 4396 2570 4468 pertinere
2599 4393 2737 4472 olim
2771 4392 3177 4472 contendebat.
3243 4459 3278 4472 η

1960 4469 2080 4525 Etsi
2115 4486 2247 4525 vero
2279 4453 2571 4525 auctorem
2594 4467 2693 4538 qui
2718 4466 2836 4522 haec
2859 4467 3054 4538 narret
3078 4459 3315 4519 disertis
3344 4453 3534 4513 verbis

1890 4557 2005 4595 non
2030 4541 2371 4608 habeamus,
2393 4540 2537 4596 satis
2558 4537 2754 4595 tamen
2777 4537 3176 4612 insinuantue,
3196 4537 3320 4612 tum
3342 4546 3412 4611 ex
3432 4544 3536 4612 no-

1890 4612 2231 4685 titiieipsius
2258 4604 2690 4685 comparatione
2702 4627 2836 4685 cum
2859 4614 3015 4685 statu
3037 4604 3388 4685 Arelatensis
3402 4604 3539 4655 civi-

1892 4684 2030 4739 tatis
2046 4681 2101 4740 et
2122 4681 2585 4756 Ecclesia-quem
2608 4682 3046 4756 descripsimus,
3070 4681 3291 4756 tu_m_ex_
3311 4681 3385 4756 iis
3408 4687 3535 4755 Q98

1893 4756 2228 4831 Symmachi
2257 4748 2819 4831 papze'temporibus
2844 4756 2973 4807 acta
3001 4751 3158 4831 sunt.
3191 4748 3356 4831 Patet
3376 4748 3535 4831 enim

1893 4816 1965 4883 ab
1998 4826 2096 4882 illo
2118 4816 2592 4884 constitutionem
2619 4826 2897 4881 emissam
2920 4838 3048 4877 esse
3068 4821 3127 4875 in
3152 4817 3400 4884 gratiam
3423 4816 3539 4871 ϐω-

1894 4899 2033 4983 sarii
2046 4900 2400 4983 Arelatensis
2414 4898 2665 4983 episcopi
2677 4940 2688 4962 ,
2700 4900 3005 4983 prOpterea
3017 4892 3170 4983 quod
3187 4892 3438 4983 eenstite
3447 4893 3537 4983 tee

1895 4988 1928 5026 a
1958 4974 2148 5044 Leone
2170 4988 2319 5043 papa
2339 4965 2555 5025 limites
2578 4965 3029 5044 praetergressus
3050 4968 3174 5044 erat
3196 4965 3539 5044 Viennesnis

1894 5035 2227 5111 episcopus,
2247 5035 2304 5097 et
2330 5047 2511 5098 totam
2544 5035 2901 5111 provinci—am
2924 5055 3041 5093 sua:
3066 5036 3335 5111 potestati
3359 5035 3543 5111 vindi-

1896 5106 2027 5167 care
2049 5106 2294 5167 conatus
2316 5118 2437 5167 erat
2458 5106 2871 5183 persmcularia
2891 5106 3331 5183 patrocinia,aut
3352 5122 3447 5177 per
3468 5106 3543 5158 al-

1898 5186 2070 5239 terius
2092 5182 2467 5241 excusationis
2487 5185 2784 5239 obtentum.
2809 5182 2957 5239 805
2985 5182 3371 5257 Quemobrem
3398 5192 3541 5257 pres"

1898 5257 2224 5331 decessoris
2256 5257 2346 5331 sui
2379 5257 2672 5331 decretum
2708 5272 2912 5311 rursus
2958 5251 3543 5331 conﬁi'inavitoponti-
3622 5258 3639 5269 '

1899 5328 2008 5388 fex.
2043 5332 2099 5383 et
2131 5346 2240 5384 sua
2270 5328 2517 5383 Caasario
2550 5328 2776 5393 integra
2806 5343 2935 5382 esse
2958 5328 3092 5395 jura
3125 5324 3398 5378 decrevit.

1970 5400 2104 5454 CAP.
2139 5402 2231 5456 Xl.
2269 5401 2603 5470 Objectiones
2626 5400 2760 5455 aliae
2788 5394 3100 5462 diluuntur,
3128 5396 3325 5470 quibus
3344 5394 3546 5470 metro-

1897 5471 2135 5547 pqlitipa
2162 5464 2407 5547 dignitas
2440 5472 2732 5547 Viennensi
2750 5474 2999 5547 episcepo
3021 5464 3194 5523 assert
3212 5464 3457 5547 pidetur.
3482 5490 3553 5544 -ς

1900 5537 2083 5618 Objici
2116 5537 2290 5618 etiam
2313 5548 2513 5618 potest
2546 5537 3260 5618 inegrati'am‘Viennensi‘s.
3290 5537 3558 5618 episcopi

1901 5608 2181 5671 adversus
2197 5608 2591 5672 Arelatensem
2611 5608 2688 5688 (ἆ)
2705 5613 3018 5672 concilium
3036 5608 3412 5667 Valentinum
3434 5608 3558 5680 pri-

1186 5723 1837 5792 BALLEBINIORUM
1891 5732 2517 5795 ANNOTATIONES.

214 5815 291 5892 (α)
323 5818 473 5887 Quid
496 5834 569 5877 ex
585 5818 832 5878 concilio
850 5818 1157 5880 Valentino
1177 5817 1531 5880 eliciendum
1552 5824 1632 5883 sit
1650 5840 2008 5900 exponemus
2037 5826 2099 5885 in
2128 5827 2355 5889 observ.
2387 5832 2539 5905 part.
2574 5845 2636 5902 ιι,
2668 5844 2717 5885 ο.
2742 5828 2799 5895 5,
2830 5842 2886 5883 n.
2917 5823 2978 5884 2.
