4010 6168
201 264 313 327 501

205 395 327 450 lata
340 397 471 449 sunt
485 400 707 450 cuncta.
725 391 899 448 Vides
919 391 1151 448 unicam
1172 392 1608 448 Narbonensem
1629 395 1701 449 ab
1724 396 1853 451 llie-
1885 400 1931 462 Α

203 482 444 539 ronymo
458 463 895 539 recensitam,et
913 464 1403 535 quadripertitam
1430 465 1749 539 Galliarum
1772 467 1853 521 di-

203 536 485 595 visionem
530 536 621 592 vel
651 541 791 591 tunc
824 551 1224 608 perseverasse
1256 552 1391 591 cum
1425 538 1714 593 scribebat
1745 539 1851 591 do-

202 617 330 691 cier
352 609 486 677 iste,
520 608 634 691 vel,
667 607 1041 691 quodJmagis
1074 625 1221 691 reor,
1248 608 1329 663 ita
1352 613 1634 691 recentem
1669 611 1851 691 fuisse

200 680 672 738 Narbonensisin
695 683 945 751 quatuor
958 679 1285 751 provincias
1301 679 1850 749 partitionem,853

202 761 264 809 ut
292 753 492 832 adhuc
518 750 805 832 antiquus
853 750 1371 832 loquendimodus
1406 759 1791 832 usurparetur
1820 770 1852 807 a

200 821 857 896 scriptoribusnovellaa
889 821 1159 896 divisioni
1191 824 1450 877 nondum
1485 821 1848 896 assuefactis.

269 893 509 949 4°‘Vero
540 894 860 950 admodum
895 893 1086 950 simile
1107 898 1195 949 est
1228 900 1518 949 recentem
1554 895 1733 949 fuisse
1764 897 1851 950 di-

198 970 487 1023 visionem
507 965 904 1021 Narbonensis
924 965 1231 1037 provinciie
1254 982 1385 1020 cum
1419 969 1677 1037 synodus
1699 968 1851 1021 ’l‘au-

197 1038 457 1094 rinensis
483 1037 728 1094 collecta
757 1041 865 1102 est,
896 1042 954 1092 et
994 1036 1174 1107 hujus
1206 1037 1512 1091 divisionis
1545 1038 1851 1093 occasione

195 1112 378 1166 fuisse
407 1109 734 1164 collectam.
756 1110 819 1164 In
850 1125 915 1164 ea
949 1108 1104 1164 enim
1128 1109 1579 1180 controvertitur
1600 1111 1734 1180 quis
1758 1126 1846 1163 se-

192 1179 1142 1262 cundaeAprovincizeNarbonensi
1183 1196 1430 1262 praeesse
1462 1179 1696 1262 deberet
1722 1198 1846 1262 me-

188 1252 539 1324 tropolitico
558 1254 715 1323 jure,
766 1253 851 1307 ita
879 1256 943 1306 ut
990 1252 1249 1324 nondum
1300 1252 1613 1323 quisquam
1658 1253 1757 1307 tali
1790 1252 1844 1306 in

186 1322 320 1380 eam
381 1322 742 1395 provinciam
790 1326 1073 1395 potestate
1122 1322 1341 1395 potitus
1390 1322 1514 1378 esse
1561 1324 1846 1387 videatur,

230 1396 351 1451 uod
391 1395 587 1467 magis
616 1412 684 1450 ex
710 1395 784 1450 iis
814 1395 1035 1466 patebit
1058 1412 1184 1466 quas
1211 1396 1268 1448 in
1303 1398 1559 1450 sectione
1581 1396 1847 1465 sequenti

182 1414 351 1524 3,100
391 1414 490 1451 ma

229 1483 490 1523 108111118-

253 1538 397 1594 Jam
429 1554 567 1594 vero
589 1537 639 1592 si
663 1537 733 1592 ad
767 1535 868 1591 illa
886 1552 1072 1606 usque
1090 1541 1349 1607 tempora
1373 1553 1498 1606 qua!
1520 1536 1846 1592 notavimus

222 1608 589 1666 erseveravit
630 1607 830 1664 BOlldlB
882 1608 1278 1664 Narbonensis
1332 1607 1527 1661 unitas
1573 1608 1845 1675 indivisa,

220 1682 340 1736 aud
378 1680 628 1736 dubium
665 1679 777 1735 erit
796 1678 937 1750 quin
961 1679 1133 1734 unico
1161 1683 1373 1749 pariter
1396 1680 1845 1750 metropolitano

831 260 1185 324 DISSERT.
1230 250 1311 323 V.‘
1351 212 1741 324 APlJLUGlA
1788 264 1938 324 Ι)Ηο
1982 263 2046 323 S.
2095 263 2412 325 HILARIO
2453 212 2978 325 AttELATENSI.

1969 411 2132 468 quam
2164 396 2426 451 ordinare
2450 394 2887 468 praesumpserit,
2910 395 2994 450 vel
3022 397 3069 449 is
3087 395 3187 464 qui
3201 394 3454 450 ordinari
3470 411 3525 450 se
3546 397 3616 452 il-

1967 466 2117 538 licito
2142 470 2352 534 sivcrit,
2386 466 2612 538 uterque
2658 466 2964 521 sacerdotio
2990 482 3047 521 se
3088 482 3278 522 carere
3303 482 3615 536 cognoscat.

1962 537 2065 592 Ubi
2102 539 2355 608 pontifex
2387 537 2643 593 declarat
2672 554 2784 593 non
2818 553 3031 594 novum
3065 554 3098 592 a
3128 554 3189 593 se
3212 539 3317 605 jus
3350 539 3608 608 institui,

1962 610 2399 681 sedantiquum
2436 610 2687 671 restitui,
2721 611 2874 680 quod
2911 609 2992 680 (α)
3021 618 3299 679 praecepta
3328 612 3610 681 majorum

1960 680 2397 736 Arelatensihus
2410 682 2775 736 vindicarunt
2791 681 3102 751 episcopis,
3117 682 3392 751 quodque
3410 680 3611 738 revera

1961 769 2189 822 semper
2222 754 2391 807 iidem
2430 753 2779 819 habuerant,
2811 754 2858 806 si
2895 755 3039 806 forte
3070 768 3389 822 paucorum
3422 770 3605 809 anno-

1960 840 2089 877 rum
2124 823 2505 879 interstitium
2532 825 2924 894 excipias,per
2944 823 3277 895 quodnovai
3300 824 3608 881 divisionis

1960 896 2283 960 occasione,
2306 898 2734 966 turbarumque
2764 895 2978 966 quibus
2996 894 3193 949 Galliae
3225 895 3454 967 agitatas
3487 898 3605 952 fue—

1962 972 2112 1038 rant,
2146 968 2438 1022 distractis
2478 983 2779 1038 perperam
2815 970 3053 1021 fuerunt
3085 981 3098 1021 :
3134 967 3289 1022 unde
3318 970 3375 1021 et
3403 984 3502 1022 eas
3532 968 3606 1023 ab

1962 1037 2285 1092 Arelatensi
2319 1040 2385 1092 ad
2413 1037 2966 1109 suumpontiﬁeium
2989 1054 3103 1092 non
3134 1038 3204 1093 de
3225 1055 3371 1094 novo
3401 1039 3611 1109 adjun-

1960 1109 2038 1178 gi,
2090 1111 2187 1162 scd
2246 1110 2497 1164 revocari
2549 1111 2808 1181 praecipit
2857 1109 3144 1181 Zosimus,
3197 1109 3606 1180 Viennensem,

1959 1181 2503 1252 Massiliensemquc
2534 1180 2975 1252 episcopos,qui
3002 1181 3058 1234 in
3079 1180 3185 1236 hac
3218 1198 3278 1237 re
3307 1182 3608 1252 negotium

1960 1251 2697 1334 Arelatensi'facessehant,
2720 1251 2880 1334 tamq
2893 1268 3026 1307 nam
3050 1252 3373 1309 alienorum
3388 1251 3607 1310 ﬁnium

1962 1324 2253 1376 invasorcs
2287 1324 2596 1393 increpans
2628 1342 2695 1379 ac
2728 1324 3076 1394 reprimens.

2033 1394 2190 1448 [dem
2223 1396 2481 1450 decernit
2504 1396 2576 1465 (ὁ)
2609 1396 2666 1450 in
2692 1393 2940 1466 epiStola
2971 1395 3044 1449 ad
3068 1393 3353 1450 Hilarium
3373 1395 3601 1451 Narbo-

1959 1481 2197 1519 nensem
2218 1467 2581 1537 episcOpum,
2598 1466 2687 1522 cui
2715 1467 3083 1539 vehementer
3102 1471 3431 1533 succenset,
3450 1468 3605 1539 quod

1953 1540 2327 1611 practermissa
2368 1541 2481 1594 veri
2509 1539 2613 1607 ﬁde
2661 1538 2985 1611 indebitum
3017 1555 3053 1593 a
3102 1540 3239 1593 sede
3285 1538 3609 1611 apostolica

1956 1609 2283 1678 subreptitie
2331 1612 2651 1664 obtinuisset
2701 1608 3096 1679 privilegium,
3141 1608 3339 1665 contra
3378 1618 3611 1667 veterem

1954 1680 2401 1734 consuetudinem
2433 1687 2481 1734 et
2503 1684 2741 1751 priscam
2765 1683 3189 1736 institutionem.
3208 1680 3427 1736 Verum
3451 1682 3609 1737 anti-

180 1753 464 1833 subjecta
483 1751 660 1833 fuerit
680 1751 1003 1833 secundum
1027 1767 1310 1832 canones;
1345 1757 1401 1805 et
1423 1750 1605 1833 istum
1632 1758 1842 1833 metro—
1875 1768 1924 1833 Β
1954 1766 2071 1833 qua
2091 1751 2191 1805 illa
2211 1750 2784 1833 consuetude,quam
2806 1752 3386 1833 prsidieatlosimus,
3406 1754 3610 1833 admo-

182 1821 529 1896 poli‘tanum
557 1822 738 1896 fuisse
765 1821 1156 1896 Arelatensem
1180 1823 1519 1896 episcopum
1555 1822 1709 1896 haud
1741 1825 1842 1878 ob-

184 1894 381 1963 scure,
415 1894 478 1951 ni
509 1894 702 1961 fallor,
730 1894 1098 1949 ostendimus
1122 1894 1390 2017 incprima
1423 1894 1601 1961 hujus
1625 1895 1842 1950 dissor-

185 1967 430 2017 tationis
462 1971 652 2017 parte.
676 1965 949 2017 deductis
982 1980 1085 2017 per
1113 1981 1178 2017 or
1224 1966 1375 2017 inem
1400 1966 1677 2017 omnibus
1699 1970 1842 2017 anti-

185 1967 430 2023 tationis
462 1971 652 2037 parte,
676 1965 949 2020 deductis
982 1980 1085 2034 per
1113 1965 1375 2037 ordinem
1400 1966 1677 2020 omnibus
1699 1970 1845 2021 anti-

191 2038 437 2109 quitatis
468 2036 795 2109 Gallicanae
846 2037 1279 2109 monumentis.
1304 2036 1440 2109 Etsi
1483 2043 1675 2092 autem
1711 2044 1844 2094 ante

193 2106 456 2166 medium
489 2108 684 2180 quarti
716 2107 1225 2180 saeculihdiximus
1255 2106 1599 2180 divisionem
1634 2126 1842 2165 novam

195 2198 310 2236 non
341 2178 650 2253 apparere,
680 2196 798 2253 non
819 2178 1085 2253 sufficiet
1122 2179 1395 2253 tamenei
1429 2180 1519 2234 cui
1550 2183 1844 2253 sententia

195 2250 399 2309 nostra
426 2250 548 2308 non
580 2250 858 2307 arridebit
904 2251 1143 2322 aliquod
1197 2250 1601 2307 testimonium
1631 2252 1690 2307 in
1725 2269 1840 2308 me-

193 2325 355 2379 dium
376 2324 690 2390 adducere,
711 2339 780 2378 ex
808 2338 923 2394 quo
946 2327 1081 2377 ante
1098 2326 1325 2377 aetatem
1351 2322 1515 2377 illam
1544 2323 1697 2379 facta
1716 2342 1844 2380 esse

195 2397 654 2459 demonstretur,
689 2394 799 2449 nisi
832 2394 1160 2465 probaverit
1208 2398 1340 2448 ante
1371 2411 1591 2448 annum
1626 2395 1839 2450 ducen-

197 2468 477 2522 tesimum
510 2472 569 2522 et
600 2465 1157 2538 quinquagesimum
1191 2480 1318 2519 eam
1348 2465 1646 2538 inductam
1682 2484 1840 2522 esse:

194 2555 327 2594 cum
359 2540 513 2594 enim
547 2537 896 2593 eruditiores
939 2537 1179 2608 quique,
1215 2537 1417 2607 paucis
1463 2538 1738 2606 exceptis,
1768 2540 1838 2593 ad

196 2626 266 2691 ea
290 2609 833 2693 temporareferant
853 2608 1153 2689 religionis
1170 2613 1230 2689 et
1259 2608 1583 2677 disciplinas
1603 2611 1841 2693 eaordia

196 2681 258 2736 in
286 2679 509 2748 Galliis,
533 2680 583 2736 si
617 2685 755 2735 tunc
786 2697 900 2734 una
925 2679 1223 2751 provincia
1245 2696 1514 2750 unusque
1546 2686 1838 2751 metropo-

195 2752 409 2808 litanus
440 2753 638 2812 fuerit.
683 2751 896 2807 valebit
932 2750 1144 2818 regula
1172 2751 1493 2806 Innocentii
1526 2753 1547 2805 Ι
1578 2752 1665 2806 ΡΡ
1700 2750 1837 2808 εδε-

194 2824 430 2879 cundum
459 2826 765 2891 pristinum
786 2823 1197 2894 provinciarum
1216 2840 1424 2878 morem
1454 2825 1836 2892 metropolita—

196 2910 293 2949 nos
318 2898 592 2966 episcopos
620 2898 874 2966 oportere
922 2896 1227 2966 nominari,
1255 2911 1355 2949 nec
1380 2894 1450 2948 ad
1480 2894 1841 2951 mobilitatem

198 2965 579 3022 necessitatum
605 2965 1016 3022 mundanarum
1036 2965 1225 3020 debere
1256 2967 1348 3021 Dei
1383 2968 1685 3021 Ecclesiam
1701 2984 1836 3022 com-
1862 3026 1869 3031 ἢ

199 3040 440 3109 mutari;
468 3054 537 3094 ac
568 3037 809 3109 proinde
854 3054 964 3092 non
1015 3038 1287 3109 turbasse
1333 3037 1650 3093 Ecclesiam
1683 3039 1837 3094 Hila-

204 3107 377 3179 rium,
406 3126 541 3165 cum
571 3107 850 3200 aptiqua‘
880 3108 1325 3200 sumJEcclesim
1367 3108 1502 3179 jura
1542 3110 1840 3200 vipdicare
1871 3133 1913 3200 ρ

201 3195 511 3250 aggressus
561 3185 670 3249 est,
725 3184 856 3250 post
886 3180 1341 3249 praedecessores
1386 3197 1527 3236 suos
1576 3181 1837 3237 Honora-

199 3254 348 3314 tum,
382 3250 733 3319 Patroclum,
763 3256 821 3306 et
848 3252 994 3307 alios
1027 3256 1273 3321 utroque
1304 3251 1689 3321 antiquiores.

271 3322 406 3378 CAP.
438 3324 538 3378 III.
577 3324 868 3394 Utramque
911 3323 1315 3378 Narbonensem
1343 3322 1653 3379 Arelatensi
1699 3325 1839 3394 epis-

201 3407 328 3463 eopo
354 3396 483 3450 olim
515 3395 685 3464 [uisse
726 3394 1047 3465 subjectum,
1074 3410 1144 3449 ea:
1170 3394 1413 3465 epistolis
1443 3396 1644 3449 Zosimi
1681 3409 1842 3464 papm

201 3468 593 3537 comprobatur.
628 3496 697 3506 —
725 3466 851 3521 Non
882 3482 949 3521 ex
976 3468 1102 3521 sola
1131 3465 1436 3521 divisionis
1459 3466 1682 3536 specba
1702 3468 1839 3521 edo-

200 3551 397 3608 oemur
420 3537 818 3593 Arelatensem
859 3538 1202 3608 episcopum
1234 3538 1671 3594 Narbonensem
1704 3538 1839 3593 soli-

202 3606 332 3681 dam
364 3626 469 3665 suo
498 3609 801 3681 pontificio
832 3606 1111 3664 habuisse
1142 3609 1465 3677 subjectum
1492 3611 1641 3681 {sed
1672 3625 1738 3664 ex
1770 3609 1842 3664 iis

204 3678 375 3752 etiam
402 3678 532 3752 quae
561 3680 914 3752 divisionem
948 3684 1149 3735 secuta
1180 3685 1319 3735 sunt
1347 3680 1727 3736 manifestum
1753 3685 1844 3736 est

210 3748 780 3823 dictum'antistitem
811 3753 1078 3823 eamdem
1104 3755 1450 3822 potestatem
1474 3753 1531 3807 in
1563 3752 1693 3807 illas
1716 3770 1842 3823 pro-

208 3821 416 3906 vincias
430 3823 888 3906 retinuissequaa
902 3821 1298 3906 Narbonensis
1314 3828 1485 3880 antea
1506 3829 1702 3906 partes
1719 3821 1843 3879 l‘ue-

210 3896 638 3963 rant,nimirum
656 3895 716 3949 in
734 3894 1147 3963 Viennensem,
1166 3894 1601 3952 Narbonensem
1619 3900 1839 3950 utram-

213 3967 522 4037 que,Alpes
550 3966 969 4032 maritimas,et
998 3968 1167 4037 Alpes
1196 3966 1398 4022 Graias
1424 3993 1438 4031 ς
1474 3972 1529 4022 et
1550 3969 1594 4021 si
1618 3968 1839 4037 aliquid

208 4036 525 4120 jurissuiin
550 4054 751 4120 earum
774 4038 1006 4120 aliquas
1019 4036 1226 4120 sponte
1243 4039 1541 4120 dimisisse
1556 4036 1842 4120 videatur.

278 4108 424 4181 βυ
454 4110 535 4165 De
568 4108 880 4181 Viennensi
913 4108 1207 4178 provincia
1254 4111 1483 4165 abunde
1522 4111 1753 4181 egimus
1783 4110 1841 4164 in

220 4178 381 4247 priori
408 4180 840 4238 dissertationis
872 4186 1071 4252 parte;
1106 4181 1176 4236 de
1205 4181 1447 4252 reliquis
1479 4178 1650 4237 modo
1674 4182 1842 4236 nobis

223 4252 632 4329 agendumest,
667 4257 951 4329 quantum
973 4258 1483 4329 monumentorum
1512 4252 1675 4309 illius
1706 4258 1842 4308 aeta-

223 4323 376 4395 tis_ac
404 4323 661 4395 regionis
690 4323 938 4395 penuria
968 4323 1207 4395 patitur.

282 4392 354 4449 De
377 4392 623 4467 utraque
669 4392 1032 4451 Narbonensi
1080 4395 1239 4450 clara
1283 4399 1372 4451 est
1416 4395 1629 4451 Zosimi
1661 4396 1844 4466 Tpapa:

226 4466 561 4539 constitutio,
585 4483 702 4539 qua
727 4483 841 4524 non
864 4468 1257 4539 Viennensem
1292 4468 1464 4523 modo
1489 4466 1844 4537 provinciam

230 4534 520 4610 drelatensi
553 4534 829 4610 episcopo
849 4540 1094 4595 subesse
1105 4538 1297 4607 jubet,
1325 4540 1427 4594 sed
1456 4534 1513 4593 et
1536 4542 1850 4609 utramque

232 4603 370 4663 illam
392 4603 831 4682 provinciam-in
857 4627 973 4682 qua
992 4610 1043 4666 ei
1070 4603 1190 4664 tam
1212 4603 1520 4665 ordinandi
1545 4603 1851 4681 episcopos

235 4681 511 4753 quamalia
546 4682 967 4751 metropolitica
1003 4682 1207 4737 munia
1238 4682 1855 4753 obeundipotestatem

237 4752 537 4825 conﬁrmat,
553 4759 608 4809 et
628 4754 915 4825 quidquid
932 4758 1137 4809 contra
1153 4757 1444 4809 tentatum
1472 4752 1665 4816 fuerit,
1688 4752 1859 4808 illici-

240 4822 340 4901 tum
360 4823 472 4879 fore
497 4822 849 4901 irritamque
867 4826 1142 4901 declarat.
1160 4825 1699 4901 Jussimus,inquit,
1718 4842 1862 4901 prie-

239 4898 453 4961 Cipuam,
480 4898 657 4953 sicuti
695 4913 910 4967 semper
939 4899 1156 4961 habuit,
1189 4898 1641 4967 metrOpolilanus
1667 4900 1863 4967 episco—

241 4977 318 5026 βω
347 4967 744 5024 Arelatensium
780 4971 1020 5025 civitatis
1048 4971 1105 5024 in
1136 4969 1459 5025 ordinandis
1488 4969 1862 5025 sacerdotibus

243 5037 395 5093 teneat
422 5042 832 5097 auctoritatem.
894 5043 1267 5107 Viennensem,
1308 5042 1713 5099 Narbonensem
1743 5041 1862 5109 pri-

245 5122 364 5184 mum
392 5120 440 5166 el
471 5112 879 5168 Narbonensem
907 5113 1208 5168 secundam
1236 5114 1551 5184 provincias
1579 5112 1649 5167 ad
1677 5112 1865 5181 ponti-

246 5174 406 5256 ﬁcium
424 5199 586 5256 suum
608 5192 833 5241 revocet.
858 5186 1112 5255 Quisquis
1130 5174 1255 5239 vero
1274 5186 1497 5256 posthac
1514 5174 1705 5239 contra
1726 5197 1866 5241 apo-

247 5250 431 5327 stolica
457 5255 603 5310 sedis
650 5250 951 5312 statuta—et
998 5250 1285 5327 praecepta
1318 5258 1616 5326 majorum,
1665 5256 1866 5309 omisso

250 5326 633 5396 metropolitano
654 5330 985 5400 episcopo,in
1000 5326 1312 5399 provinciis
1330 5328 1611 5399 supradzcl
1620 5328 1664 5382 is
1684 5342 1867 5399 qucm~

1878 4495 1926 4560 D

1954 1825 2094 1895 dum
2127 1824 2371 1895 antiqua
2402 1841 2515 1879 non
2565 1830 2709 1890 erat,
2756 1823 2949 1895 inquit
2979 1824 3185 1879 Marem
3214 1824 3607 1880 continuator.

1957 1894 2144 1968 Immo
2183 1894 2585 1968 (paceieruditi
2607 1897 2712 1950 viri
2744 1894 3440 1968 d_ixerim)antiquissima
3461 1902 3608 1963 erat,

1954 1967 2107 2036 quod
2141 1983 2246 2039 nec
2282 1966 2536 2021 Hilarius
2568 1968 2693 2036 ipse
2742 1966 3143 2039 Narbonensis
3174 1966 3397 2039 negare
3426 1984 3609 2022 ausus

1953 2043 2042 2092 est
2073 2054 2085 2091 :
2121 2038 2219 2111 qui
2252 2039 2385 2093 dum
2414 2040 2715 2094 asscrtioni
2738 2046 2789 2093 et
2821 2038 3109 2111 desideriis
3126 2041 3242 2111 suis
3262 2038 3483 2111 cuperet
3506 2055 3615 2095 esse

1951 2110 2285 2179 consultum,
2338 2112 2727 2180 praetermissa
2772 2112 2891 2166 veri
2917 2110 3044 2179 ﬁde,
3094 2110 3425 2166 relationem
3451 2125 3614 2166 suam

1953 2196 2064 2235 suo
2094 2197 2440 2235 aoxssrs'ns
2472 2198 2667 2237 SPECIE
2698 2198 3033 2249 COLORAVIT,
3057 2198 3309 2238 asserens
3337 2184 3399 2238 in
3427 2184 3615 2237 aliena

1950 2252 2233 2321 provincia
2262 2254 2332 2306 ab
2363 2254 2481 2307 alio
2511 2269 2616 2307 non
2640 2253 2832 2309 debere
2851 2254 2977 2323 ﬁeri
2995 2254 3329 2315 sacerdotes;
3358 2270 3484 2308 cum
3505 2254 3613 2308 uti-

1950 2339 2056 2447 Zue
2079 2324 2347 2385 debuerit,
2382 2341 2488 2378 non
2520 2324 2662 2394 quod
2693 2326 2748 2378 ei
2774 2330 2985 2379 rectum
3006 2324 3316 2393 videbatur,
3348 2325 3441 2380 sed
3471 2325 3610 2396 quid

1992 2393 2227 2447 libuisset
2255 2397 2484 2447 antiqua
2501 2395 2851 2447 consuetudo-
2868 2411 3158 2447 suaaerere
3175 2395 3458 2447 (Concord.
3486 2412 3603 2447 sae.

1992 2393 2227 2449 abuz‘sset
2255 2397 2484 2463 antiqua
2501 2395 2851 2455 censuetudo.
2868 2411 3158 2465 suggerere
3175 2395 3458 2465 (Concord.
3482 2393 3603 2451 sae.

1949 2469 2000 2537 et
2030 2467 2161 2533 imp.
2197 2469 2324 2519 tom.
2360 2466 2433 2529 ΙΙ,
2467 2467 2565 2520 lib.
2597 2484 2652 2533 v,
2685 2483 2804 2535 cap.
2839 2467 2929 2533 30,
2960 2483 3117 2521 num.
3149 2468 3227 2537 5).
3278 2468 3475 2521 Satius
3504 2473 3598 2522 est

1951 2536 2134 2597 igitur
2164 2537 2337 2590 {idem
2392 2538 2669 2591 adhibere
2713 2538 2942 2592 Zosimo
2990 2539 3183 2606 (Epist.
3216 2540 3271 2604 8,
3305 2539 3384 2593 ad
3414 2539 3603 2593 Hilar.

1951 2609 2131 2665 (.Vurh.
2146 2608 2288 2676 ),qni
2312 2609 2526 2681 auditis
2547 2608 3009 2681 examinatisque
3029 2610 3284 2681 partium
3302 2608 3605 2681 allegatio-

1955 2681 2147 2751 nibus,
2175 2681 2419 2751 ipsoque
2450 2680 2784 2734 adversario
2816 2697 2929 2734 non
2957 2680 3405 2746 contradicente,
3428 2680 3485 2735 et
3515 2696 3606 2735 so-

1950 2749 2066 2804 lam
2102 2749 2427 2806 honestatis
2460 2752 2736 2821 speciem,
2762 2751 3065 2807 occasione
3088 2768 3244 2806 nova:
3270 2751 3599 2819 divisionis,

1950 2821 2328 2905 obtendente,
2364 2823 2678 2905 antiquam.
2707 2823 3194 2905 consuetudinem
3237 2822 3404 2905 855‘
3420 2822 3603 2904 fuisse

1951 2893 2182 2966 asserit,
2218 2910 2394 2965 quam
2429 2893 2614 2948 cuivis
2666 2894 2922 2964 idipsum
2955 2899 3089 2966 post
3117 2899 3203 2950 tot
3233 2894 3443 2949 siecula
3475 2893 3602 2950 sine

1950 2964 2292 3037 probatione
2341 2968 2599 3037 neganti.
2655 2967 2723 3019 Et
2753 2971 2925 3035 certe,
2957 2964 3089 3021 'non
3137 2967 3207 3022 ad
3240 2967 3600 3021 Taurinense

1950 3036 2262 3109 concilium
2282 3038 2457 3109 (quod
2478 3042 2643 3108 putat
2662 3037 3597 3106 Baluzius)attendebatZosimus,

1953 3106 2133 3163 immo
2168 3106 2530 3177 nec‘poterat
2561 3110 2884 3164 attendere.
2918 3108 3175 3164 Primum
3211 3110 3367 3165 enim
3401 3111 3471 3166 de
3500 3109 3600 3165 illa

1951 3180 2345 3252 controversia
2375 3197 2488 3234 non
2525 3181 2995 3252 pronuntiaverat
3020 3180 3121 3235 illa
3149 3181 3455 3252 synodus:
3491 3197 3598 3237 nec

1950 3266 2148 3305 coram
2174 3251 2275 3305 illa
2294 3256 2580 3306 certatum
2604 3257 2694 3306 est
2719 3251 2869 3306 inter
2889 3251 3276 3306 Viennensem
3302 3251 3597 3308 Arelaten-

1950 3337 2193 3391 semque
2222 3322 2549 3392 episcopos,
2576 3321 2687 3376 nisi
2709 3323 2779 3376 de
2797 3321 2920 3377 sola
2940 3322 3253 3377 Viennensi
3281 3324 3593 3392 provincia,

1949 3392 2194 3447 Proculo
2244 3395 2561 3449 secundam
2611 3394 3044 3448 Narbonensem
3096 3394 3206 3448 sibi
3239 3393 3591 3451 vindicante.

1947 3465 2005 3517 2°
2035 3464 2339 3519 lniirmum
2359 3464 2539 3520 fuisse
2558 3465 2770 3519 Zosimi
2790 3465 3263 3530 fundamentum,
3290 3466 3362 3528 si,
3388 3464 3598 3521 Tauri-

1950 3536 2117 3619 neosi
2150 3536 2256 3591 soli
2282 3537 2502 3619 synodo
2524 3536 2779 3605 innixus,
2800 3536 3205 3619 antiquitatem
3222 3536 3377 3619 juris
3393 3536 3597 3619 Arela-

1950 3607 2209 3663 tensium
2239 3607 2647 3679 episcoporum
2670 3607 3022 3679 asseruisset
3054 3624 3066 3660 :
3099 3607 3191 3662 cui
3216 3624 3328 3662 non
3350 3611 3471 3679 tam
3496 3608 3596 3663 de-

1952 3680 2259 3735 cretoriam
2280 3678 2644 3734 sententiam
2676 3695 2848 3751 quam
2875 3678 3495 3751 amicumgconsilium
3528 3680 3600 3734 de

1950 3751 2248 3823 communi
2270 3752 2581 3807 dividendo
2609 3749 3097 3823 protulerit,nibil
3123 3749 3223 3805 ulli
3246 3750 3464 3823 civitati
3491 3751 3597 3806 ad-

1946 3822 2246 3895 judicans,
2279 3825 2379 3877 sed
2414 3821 2785 3878 solummodo
2839 3821 3063 3895 Proculi
3099 3830 3380 3892 personae,
3413 3822 3600 3878 donec

1952 3893 2229 3949 alteruter
2259 3912 2426 3949 suam
2459 3895 2750 3949 civitatem
2780 3893 3127 3965 approbaret
3156 3910 3285 3949 esse
3316 3897 3603 3965 metropo-

1953 3965 2076 4021 lim.
2110 3966 2168 4018 3°
2195 3966 2382 4030 Longe
2413 3967 2613 4021 aberat
2642 3965 2909 4020 Zosimus
2949 3970 3014 4019 ut
3042 3980 3109 4019 ex
3140 3966 3360 4036 synodo
3390 3965 3599 4020 Tauri-

1952 4036 2117 4092 nensi
2152 4038 2245 4103 ius
2266 4038 2500 4106 aliquod
2525 4042 2784 4093 creatum
2816 4052 2943 4091 esse
2968 4041 3417 4103 assereret,cum
3450 4051 3600 4106 aegro

1952 4108 2270 4163 admodum
2304 4105 2499 4165 tulerit
2524 4111 2592 4163 ad
2628 4108 2789 4162 illam
2824 4106 3136 4162 dissidium
3159 4106 3230 4160 de
3253 4105 3598 4176 metropoli-

1953 4180 2067 4235 tico
2090 4180 2225 4247 jure
2243 4198 2275 4234 a
2291 4179 2533 4235 Proculo
2552 4187 2608 4234 et
2628 4178 2926 4248 Simplicio
2949 4194 3077 4233 esse
3094 4176 3375 4245 delatum,
3395 4194 3600 4232 suum-

1954 4267 2067 4322 que
2096 4250 2260 4305 illam
2303 4251 2594 4320 judicium
2645 4250 3090 4322 interposuisse,
3138 4252 3202 4303 ut
3249 4253 3503 4322 testatur
3540 4249 3600 4322 in

1955 4319 2127 4391 epist.
2161 4319 2568 4394 adiepiscopos
2600 4319 2913 4394 provinciae
2943 4321 3248 4394 Narbon._i
3284 4325 3344 4377 et
3369 4321 3424 4394 2,
3456 4325 3515 4376 et
3541 4319 3601 4374 in

1955 4394 2138 4449 altera
2152 4395 2221 4448 ad
2240 4391 2569 4449 Patroclum
2595 4392 3019 4449 Arelatensem.
3044 4393 3099 4447 4ο
3120 4391 3605 4462 Quistaminepte

1955 4467 2216 4521 locutum
2244 4482 2372 4522 esse
2396 4467 2595 4521 credat
2615 4466 2932 4529 Zosimum,
2955 4468 3018 4519 ut
3039 4465 3341 4535 antiquam
3365 4478 3605 4517 consue-

1958 4537 2224 4610 tudinem
2245 4538 2619 4610 priscumque
2636 4537 3066 4610 institutionem
3085 4552 3209 4610 eam
3225 4535 3460 4610 diceret,
3478 4548 3609 4603 quae

1965 4605 2312 4682 Taurinensi
2334 4605 2554 4682 synodo
2577 4605 3295 4682 exordiasuadebuisset?
3318 4607 3452 4669 Quae
3475 4619 3610 4659 cum

1968 4681 2193 4751 aliquot
2223 4676 2395 4737 annis
2416 4680 2753 4758 post_sa_ncti_
2785 4679 3015 4733 Martini
3024 4676 3269 4758 rpbitum
3294 4691 3610 4758 congregat

1967 4746 2088 4808 tam
2119 4769 2246 4808 esse
2275 4746 2497 4809 eertum
2550 4753 2853 4814 habeatur,
2907 4766 2975 4804 ex
3021 4746 3231 4801 Zosimi
3264 4746 3511 4818 epistola
3541 4746 3611 4801 ad

1968 4827 2275 4897 episcopos
2307 4826 2532 4889 Africae,
2565 4823 2780 4897 Gallias?
2813 4825 2871 4897 et
2918 4818 3232 4897 Hispanias,
3274 4819 3612 4897 quindecim

1972 4890 2142 4950 annis
2175 4890 2513 4951 antecedere
2543 4912 2657 4949 non
2691 4892 2880 4963 potuit
2908 4890 3175 4961 ejusdem
3198 4890 3513 4963 epistolam
3543 4891 3615 4947 ad

1972 4967 2258 5021 Hilarium
2302 4962 2757 5023 Narbonensem.
2811 4962 2973 5017 Unde
3004 4979 3099 5016 an.
3151 4962 3255 5017 439
3302 4963 3616 5020 concilium

1974 5037 2253 5107 Regicnse
2283 5038 2339 5091 in
2374 5039 2559 5093 Gallia
2590 5036 2963 5107 deﬁnitionem
2982 5033 3365 5093 Taurinensis
3386 5034 3617 5092 concilii

1971 5106 2243 5169 laudans.
2276 5114 2545 5165 recentem
2573 5124 2701 5163 eam
2733 5106 2991 5177 appellat
3012 5123 3141 5161 can.
3177 5107 3228 5161 1.

2028 5181 2370 5235 νρίυειοῐιίει
2402 5181 2578 5248 igitur
2608 5172 2992 5235 monumenta
3030 5177 3285 5233 habebat
3313 5177 3385 5232 ob
3419 5172 3618 5230 oculos

1977 5252 2264 5318 Zosimus,
2291 5252 2479 5323 ipsam
2512 5268 2720 5320 nempe
2751 5249 3037 5323 originem
3070 5249 3619 5323 institutionemque

1979 5325 2136 5381 sedis
2166 5314 2515 5397 episcopalis
2546 5314 3060 5397 per'Trophimum
3092 5339 3123 5376 a
3144 5320 3280 5376 sede
3310 5314 3625 5389 apostolica

1253 5442 1902 5504 BALLEBINIORUM
1953 5441 2584 5503 ANNOTATIONES.

255 5543 377 5588 mam
406 5534 715 5608 intelligit;
750 5539 905 5593 unde
934 5538 994 5593 in
1027 5538 1408 5608 sequentibus
1438 5538 1709 5594 Tolosam
1744 5555 1867 5593 me-

259 5611 441 5683 morat1
464 5624 594 5683 quas
626 5609 695 5663 ad
728 5609 1164 5683 Narbonensem
1198 5612 1452 5681 primam
1488 5612 1756 5683 pertinet.

308 5674 378 5753 (al
404 5674 674 5753 Zosimus
721 5682 962 5738 vocibus
987 5674 1266 5753 praecepta
1314 5674 1589 5749 maiorum
1623 5700 1734 5736 non
1769 5680 1870 5736 ali-

262 5748 396 5824 quod
413 5752 703 5824 majorum
725 5748 1020 5812 decretum
1053 5748 1292 5818 indicat,
1315 5771 1428 5824 quo
1449 5755 1637 5811 solida
1658 5754 1874 5810 Narbo-

266 5820 430 5881 nonsis
457 5820 786 5888 Arelatensi
802 5826 1073 5901 episcopo
1101 5820 1397 5886 vindicata
1423 5827 1598 5885 fuerit
1619 5826 1873 5901 (nullum

1978 5541 2128 5591 certe
2160 5537 2501 5607 offerretur),
2535 5536 2635 5592 sed
2663 5535 2964 5590 Nictenum
2987 5545 3265 5607 canonem
3287 5525 3625 5607 sextumin-

1978 5607 2208 5677 telligit,
2242 5625 2358 5679 quo
2390 5602 2625 5665 cavetur
2655 5624 2726 5662 ne
2756 5607 2890 5678 quis
2914 5607 3034 5659 sine
3062 5602 3400 5658 conscientia
3426 5606 3626 5655 metro-

1979 5681 2223 5755 politani
2249 5682 2491 5752 episcopi
2519 5680 2846 5755 ordinetur.
2897 5745 2931 5755 ﬂ
3020 5748 3028 5755 _
3135 5744 3145 5755 .

2055 5752 2128 5821 (b)
2165 5744 2290 5808 "me
2321 5756 2377 5809 et
2406 5744 2715 5826 sequentia
2745 5745 3111 5805 excutientur
3132 5744 3190 5800 in
3213 5744 3439 5803 observ.
3472 5746 3623 5819 part.

1986 5838 2048 5892 ιι,
2082 5841 2129 5880 o.
2164 5826 2220 5893 2,
2254 5843 2310 5882 n.
2344 5827 2378 5880 2
2416 5830 2474 5883 et
2503 5841 2667 5898 seqq.
