4010 6168
417 199 532 260 531

421 408 664 476 fratrum
689 419 916 460 numero
963 422 1144 477 nuper
1170 405 1236 462 de
1267 407 1536 460 laicorum
1574 407 1849 461 consortio
1881 408 1940 459 in
1968 405 2079 460 col-

427 478 634 548 legium
677 481 927 533 nostrum
954 477 1205 549 fortassis
1253 479 1502 548 admissi,
1537 480 1783 532 nesciant
1813 477 1947 548 quid
1975 477 2084 531 sibi

427 549 655 604 debeant
683 549 974 604 vindicare
991 551 1016 603 .9

501 623 687 685 Quam
719 627 910 675 autem
945 637 1150 691 parum
1174 621 1524 676 conveniens
1546 624 1670 675 erat
1700 624 1764 674 ut
1793 617 2080 691 Hilarium

429 691 831 746 Arelatensem
863 690 1213 763 nominaret,
1259 707 1433 763 quem
1466 692 1745 763 Prospero
1772 697 1833 763 et
1862 690 2081 763 Hilario

431 763 611 818 altero
641 761 1029 818 referentibus
1049 761 1335 818 didicerat
1359 761 1715 834 presbyteris
1744 762 1862 817 illis
1891 767 1949 816 et
1971 761 2081 834 im-

432 834 675 906 pensius
705 835 915 902 favere,
939 841 996 889 et
1027 837 1083 889 in
1116 832 1460 890 insectanda
1479 832 1794 906 Augustini
1817 832 2084 906 doctrina

432 903 638 987 praeire
661 903 873 987 PHQucd
909 905 1396 987 igituromissum
1430 903 1607 987 hujus
1640 923 1852 987 nomen
1887 905 2080 987 fuerit,

430 977 567 1032 inde
601 977 796 1048 potius
827 993 1009 1048 arguo
1041 977 1328 1037 Hilarium
1359 984 1497 1032 tunc
1537 977 1816 1048 temporis
1849 983 2083 1032 senten-

431 1047 574 1103 tiam
608 1047 732 1119 non
777 1047 1057 1104 mutasse.
1106 1049 1252 1103 Huic
1283 1050 1439 1104 enim
1473 1049 1585 1104 alio
1634 1047 1735 1119 qui
1766 1048 2082 1119 dirigendae

430 1124 598 1175 erant
624 1118 923 1192 Caelestini
949 1120 1179 1192 litterae,
1216 1126 1279 1175 ut
1305 1126 1361 1175 et
1405 1137 1507 1192 pro
1537 1118 1933 1176 conversionis
1963 1136 2085 1174 suae

427 1191 776 1263 testimonio,
798 1191 1087 1263 novellam
1109 1191 1436 1247 doctrinam
1459 1196 1877 1263 compesceret,
1901 1196 1958 1246 et
1982 1207 2084 1262 pro

431 1280 540 1318 sua
569 1264 724 1334 apud
750 1262 1084 1318 Gallicanae
1109 1263 1396 1318 Ecclesias
1431 1262 1721 1334 prisci’pua
1740 1264 2086 1319 auctoritate

431 1334 718 1389 indiceret
768 1335 1129 1406 presbyteris
1174 1334 1292 1390 illis
1339 1334 1662 1406 silentium,
1696 1336 2087 1406 epicoposque

432 1405 580 1462 alios
633 1406 706 1460 ad
757 1405 1242 1478 compescendam
1291 1405 1656 1462 novatorum’
1694 1405 2084 1462 temeritatem

434 1478 792 1534 accenderet.

501 1548 820 1619 Aliquanto
843 1552 975 1619 post
1005 1547 1294 1620 Hilarium
1324 1547 1912 1620 Semipelagianismo
1936 1565 2086 1602 nun-

436 1620 586 1675 tium
619 1618 1222 1691 remisisse,validius
1256 1618 1504 1676 fortasse
1535 1618 1668 1675 inde
1691 1621 2083 1691 probaibitur,

434 1693 587 1761 quod
618 1708 756 1747 cum
807 1690 1004 1746 omnia
1051 1699 1251 1745 contra
1281 1693 1477 1762 ipsum
1509 1690 1952 1748 accusationum
1985 1709 2080 1746 ca-

433 1762 576 1834 pita,
611 1779 738 1834 qua:
771 1767 980 1833 potest,
1031 1768 1307 1832 congerat
1356 1763 1468 1818 Leo
1518 1769 1713 1819 noster
1745 1764 1803 1817 in
1835 1763 2081 1834 epistola

437 1835 511 1916 ad
555 1834 1251 1916 Viennensishprovinciai
1277 1834 1628 1916 “episcopos,
1672 1835 1754 1890 ita
1804 1841 1869 1916 ut
1911 1835 2080 1905 plura

430 1905 606 1961 etiam
636 1923 669 1961 a
689 1906 884 1960 causis
903 1905 1187 1960 Celidonii
1204 1910 1260 1960 et
1276 1905 1522 1976 Projecti
1549 1905 1739 1962 aliena
1758 1908 2077 1960 undecum-

428 1994 542 2048 que
572 1977 905 2048 conquirat,
949 1977 1019 2032 de
1051 1976 1210 2031 illius
1243 1981 1438 2032 tamen
1470 1978 1766 2033 erroribus
1797 1980 2079 2033 adversus

430 2048 647 2104 Christi
677 2048 926 2118 gratiam
975 2064 1047 2102 ne
1092 2049 1335 2104 verbum
1384 2049 1622 2119 quidem
1663 2050 1838 2104 habet
1871 2067 1884 2103 :
1922 2049 2076 2120 quod

427 2120 810 2192 proculdubio
833 2136 949 2174 non
965 2123 1091 2192 erat
1109 2121 1521 2187 omittendum,
1537 2138 1669 2176 cum
1694 2120 2079 2192 perniciosius

425 2191 755 2261 numquam
787 2191 1135 2247 auctoritate
1183 2209 1292 2247 sua
1341 2194 1562 2248 abusus
1595 2191 1769 2248 fuerit
1798 2193 2074 2261 Hilarius,

427 2279 604 2335 quam
639 2278 774 2335 cum
805 2279 873 2317 ea
903 2261 1044 2335 fovit
1093 2263 1363 2335 incautus
1403 2265 1716 2335 Augustini
1745 2264 2077 2320 catholicae-

430 2349 544 2404 que
567 2333 847 2388 doctrinm
873 2333 1257 2398 adversarios,
1290 2339 1346 2389 et
1385 2337 1457 2390 ad
1489 2333 1835 2392 seminanda
1865 2337 2079 2393 erroris

432 2404 523 2460 sui
570 2405 846 2476 dogmata
893 2405 1235 2460 audaciores
1287 2406 1437 2461 fecit.
1487 2409 1597 2462 Sed
1639 2408 1854 2464 certius
1887 2407 2079 2463 adhuc

434 2477 680 2547 probare
709 2476 982 2530 videntur
1010 2476 1338 2534 abdicatam
1389 2478 1462 2532 ab
1511 2479 1726 2534 Hilario
1756 2479 2079 2534 Arelatensi

431 2547 1239 2623 fuisseSemipelagianorum
1266 2549 1613 2614 doctrinam,
1641 2556 1934 2623 postrema
1953 2551 2076 2622 eju-

435 2619 860 2692 sdemjamjam
879 2621 1088 2674 moritu
1101 2621 1145 2674 ri
1168 2624 1358 2688 verba,
1374 2624 1586 2692 quibus
1602 2619 1891 2679 astantem
1908 2619 2077 2678 suam

434 2690 782 2764 clericorum
814 2695 1324 2764 congregationem
1375 2690 1716 2749 cohortatus
1765 2701 1871 2761 est,
1906 2699 2078 2764 atque

431 2762 1121 2836 adversus‘Pelagianﬁum
1149 2763 1333 2836 _virus
1363 2763 1520 2819 visus
1567 2775 1655 2820 est
1687 2762 2074 2836 praemunire;

434 2834 516 2888 ita
539 2834 698 2889 enim
728 2833 788 2888 in
823 2835 951 2888 Vita
983 2833 1184 2889 Hilarii
1206 2836 1601 2905 cap.20,tom.
1634 2836 1655 2891 Ι
1688 2833 1864 2905 hujus
1888 2833 2079 2906 operis

434 2907 607 2969 (Tomo
637 2909 823 2960 autem
850 2908 1037 2960 nostro
1068 2905 1131 2972 L)
1163 2924 1180 2959 :
1213 2907 1291 2974 (a)
1325 2906 1466 2960 Cum
1495 2908 1658 2961 istius
1695 2907 1893 2962 mundi
1918 2905 2077 2976 prin-

431 2977 662 3046 cipibus,
695 2976 1043 3051 cumgquibus
1091 2977 1373 3051 Apostolus
1419 2978 1676 3051 describit
1724 2979 1926 3034 bellum
1955 2981 2079 3051 iuge

793 198 1079 262 PASCH.
1125 199 1564 273 QUESNELLI
1609 195 2276 260 DISSERTATIONES
2320 195 2398 255 ΙΝ
2448 196 2512 256 S.
2561 195 2838 257 LEONIS
2886 195 3122 258 MAGNI
3171 197 3422 262 OPERA.

421 332 773 399 auctoritate,
802 349 913 388 non
941 333 1124 390 adhuc
1172 337 1392 390 ratione
1422 334 1722 402 colligitur,
1755 341 1816 388 ut
1845 335 2023 405 aliqui
2050 348 2079 387 e
2107 333 2163 400 Α
2192 328 2518 405 simillima,
2549 329 2717 405 abeo
2749 328 3004 405 profecta
3033 331 3124 386 cui
3147 348 3198 405 ω

3631 215 3719 274 33!

2634 346 2717 410 .eo
2749 333 3004 412 protecta
3033 333 3124 386 cui
3147 333 3321 412 magis
3351 340 3503 412 notus
3532 339 3733 402 Hilarius

2193 419 2369 484 quam
2399 402 2874 484 Augustiquene't
2913 402 3025 483 cui,
3058 413 3132 484 _ut
3157 402 3387 484 videtur,
3417 409 3735 484 Hipponensis

2192 473 2390 557 φίηυε
2421 473 3616 557 quam.Massiliae?“.doetrisaarridéﬁat;
3640 502 3737 557 quae

2190 550 2410 626 tamen.
2443 547 2648 626 quanti
2679 545 2842 600 ﬁeret
2867 544 3113 602 llilarius
3133 545 3188 601 in
3215 547 3423 618 Galliis,
3454 544 3643 626 egregie
3657 544 3740 614 de-

2193 623 2501 672 monstrat.

2264 686 2691 765 Eucheriilaus
2717 691 2994 765 tantorest
3024 688 3232 765 Hilario
3262 691 3686 765 dignior,quauto
3701 703 3744 754 et

2191 759 2512 845 Eucherius
2546 760 2668 845 ipse
2689 761 3020 845 sanctitate,
3043 761 3298 845 doctrina
3324 759 3388 818 ac
3417 759 3656 845 dignitate
3671 786 3746 824 su-

2195 849 2297 902 pra
2331 831 2562 904 laudem
2587 835 2644 886 et
2665 848 2896 887 omnem
2921 831 3267 904 adulationis
3287 831 3634 904 suspicionem
3651 855 3748 896 eve-

2193 907 2344 959 ctus.
2378 903 2524 958 Huic
2556 918 2881 974 numquam
2911 920 3023 958 non
3047 902 3366 960 laudandus
3390 902 3616 964 occurrit
3638 927 3748 967 suus

2192 973 2469 1030 Hilarius.
2509 975 2573 1029 In
2605 973 2851 1045 epistola
2884 975 3225 1046 paraenetica
3254 979 3321 1032 ad
3352 977 3673 1036 Valerianum
3699 984 3753 1038 de

2194 1051 2531 1122 contemptu
2585 1047 2787 1122 mundi
2823 1045 2906 1101 sic
2939 1047 3113 1122 habet
3142 1063 3156 1102 :
3190 1049 3419 1122 Hilarius
3448 1067 3620 1122 nuper,
3643 1056 3754 1108 etin

2193 1118 2363 1173 Italia
2377 1119 2758 1173 nuncantistes
2779 1120 3092 1183 Petronius,
3115 1119 3268 1176 ambo
3287 1136 3353 1175 ea:
3372 1121 3462 1175 illa
3478 1118 3754 1192 plenissima,

2194 1193 2253 1265 ut
2268 1191 2460 1265 aiunt,
2481 1193 2786 1265 mundana:
2809 1193 3091 1260 potestatis
3119 1193 3258 1265 sede,
3280 1209 3418 1246 unus
3436 1191 3489 1246 in
3508 1196 3757 1265 religionis,

2195 1261 2341 1334 alius
2374 1264 2431 1316 in
2461 1263 2756 1334 sacerdotii
2785 1277 2981 1317 nomen
3011 1263 3268 1319 ascendit.
3299 1266 3359 1318 In
3392 1261 3682 1334 praafatioms
3706 1261 3758 1322 ad

2195 1332 2452 1459 primum
2485 1333 2701 1414 librum
2755 1334 3214 1416 instructionum
3248 1351 3343 1390 seu
3375 1332 3569 1418 Quest.
3597 1338 3761 1419 veteris

2242 1410 2552 1459 estamenti
2579 1405 2808 1459 Salonio
2834 1405 2950 1459 filio
2977 1406 3260 1459 directum
3294 1423 3306 1459 :
3344 1408 3573 1459 Vixdum.
3594 1415 3761 1459 mouit.

2242 1405 2552 1460 estamenti
2579 1404 2808 1460 Salonio
2834 1405 2950 1460 filio
2977 1405 3260 1462 directum
3294 1423 3306 1461 :
3344 1408 3573 1480 Vixdum,
3594 1409 3762 1480 inquit,

2195 1475 2374 1531 decem
2402 1487 2564 1532 natus
2586 1492 2766 1531 annos
2792 1493 3039 1532 eremum
3061 1479 3360 1550 ingressus,
3392 1479 3526 1534 inter
3543 1481 3652 1535 illas
3663 1475 3764 1536 san-

2195 1557 2403 1602 ctorum
2432 1565 2630 1603 manus
2649 1565 2759 1603 non
2787 1550 2963 1603 solum
2993 1549 3258 1615 imbutus,
3290 1566 3466 1606 verum
3491 1554 3636 1606 etiam
3659 1567 3764 1606 enu-

2198 1621 2357 1674 tritus
2397 1621 2472 1674 sis
2499 1619 2566 1674 ab
2599 1621 2914 1681 Honorato;
2964 1629 3133 1690 patre
3161 1622 3280 1684 illo,
3309 1625 3540 1692 inquam,
3566 1624 3764 1690 primum

2112 1707 2159 1772 B
2193 1691 2526 1772 ξῖξξαιςινανῖιν
2547 1692 3297 1772 ροξιςςιξιίιψιεεσιεβίανῖιηι
3309 1691 3579 1772 magistro-
3601 1697 3714 1772 0w
3729 1699 3767 1749 ιε

2190 1763 2312 1817 illic
2340 1764 2643 1817 beatissimi
2671 1763 2883 1818 Hilarii
2911 1771 3044 1820 tunc
3072 1765 3322 1820 insulani
3349 1763 3552 1829 tironis,
3573 1768 3659 1820 sed
3676 1766 3767 1835 jam

2186 1850 2336 1888 nunc
2361 1836 2568 1889 summi
2607 1835 2883 1907 pontiﬁcis
2927 1836 3179 1892 doctrina
3224 1839 3481 1907 [armaret
3513 1852 3602 1907 per
3625 1852 3767 1892 omnes

2187 1907 2571 1976 spiritualium
2591 1922 2782 1960 rerum
2801 1905 3146 1976 disciplinas.
3169 1905 3299 1963 Jam
3322 1925 3447 1965 vero
3468 1905 3696 1963 libel|um
3715 1909 3767 1962 de

2191 1977 2380 2032 Laude
2412 1977 2591 2032 eremi
2622 1977 2839 2032 Hilorio
2872 1977 2984 2050 ipsi
3017 1979 3337 2050 inscripsit,
3362 1979 3465 2035 hoc
3488 1979 3769 2035 titulozﬂo-

2187 2051 2339 2104 mino
2357 2056 2566 2117 sancto,
2587 2058 2640 2104 et
2654 2049 2865 2104 meritis
2890 2049 3223 2115 beatissimo,
3245 2055 3297 2105 et
3317 2053 3371 2106 in
3397 2051 3590 2107 Christo
3609 2051 3770 2120 glorio-

2185 2122 2399 2175 sissimo
2446 2121 2660 2176 Hilario
2708 2120 3027 2175 Eucherius.
3079 2122 3233 2176 Tum
3279 2121 3401 2192 ipso
3431 2123 3614 2178 statim
3643 2122 3772 2176 initio

2187 2193 2457 2246 eumdem
2490 2192 2572 2246 sic
2604 2192 2814 2246 affatur
2845 2208 2858 2246 :
2893 2191 3082 2260 Magno
3115 2199 3181 2248 tu
3212 2194 3425 2263 quidem
3443 2196 3613 2249 animo
3629 2209 3771 2263 egres-

2185 2280 2278 2318 sus
2306 2263 2511 2318 dudum
2542 2263 2608 2318 de
2635 2263 2790 2319 domo
2843 2272 2941 2335 tua
2969 2268 3019 2318 et
3046 2263 3111 2319 de
3138 2267 3457 2335 cognatione
3484 2271 3597 2328 tua,
3639 2279 3774 2335 usque

2188 2335 2260 2389 ud
2289 2351 2445 2390 mare
2476 2351 2734 2404 magnum
2756 2334 3069 2390 recedentia
3088 2334 3266 2390 eremi
3289 2346 3488 2393 secreta
3505 2334 3774 2406 penetrave-

2189 2423 2278 2460 ras
2296 2409 2529 2479 ;majore
2550 2411 2728 2479 tamen
2750 2407 2953 2479 virtute
2963 2409 3198 2478 repetita
3212 2416 3291 2462 est
3309 2427 3346 2464 α
3370 2417 3419 2463 te
3437 2423 3630 2464 eremus
3643 2422 3774 2479 quam

2182 2480 2375 2549 petita.
2411 2478 2692 2550 Siquidem
2719 2494 2841 2550 cum
2889 2478 3030 2532 hanc
3055 2480 3300 2548 primum
3333 2479 3474 2535 897
3516 2478 3680 2550 hospes
3705 2479 3774 2532 in-

2185 2565 2401 2616 gressus
2421 2549 2750 2621 es,habuisti
2768 2549 2957 2604 ducem
2976 2553 3028 2604 et
3037 2550 3185 2605 velut
3198 2553 3506 2607 itineristui
3515 2549 3774 2621 praemium,

2186 2637 2345 2691 quem
2365 2621 2558 2675 deinde
2589 2620 2812 2677 militiae
2826 2622 3056 2676 celestis
3074 2624 3429 2690 magistrum,
3450 2620 3660 2692 eumque
3679 2630 3777 2676 tunc

2185 2697 2418 2758 secutus,
2436 2697 2487 2746 et
2504 2697 2761 2762 parentes
2777 2692 3114 2763 relinquens,
3137 2699 3421 2762 parentem
3439 2705 3607 2750 tamen
3623 2705 3776 2762 seque-

2189 2763 2355 2817 baris.
2406 2765 2560 2819 Nunc
2603 2780 2743 2831 vero,
2775 2779 2901 2818 cum
2949 2763 3197 2819 eumdem
3227 2769 3459 2821 ascitum
3505 2766 3573 2821 ad
3596 2763 3775 2835 pontiﬁ-

2183 2835 2313 2890 cale
2347 2835 2643 2906 fastigium
2683 2834 3119 2907 prosequendum
3165 2839 3405 2903 putaris,
3453 2837 3519 2894 ad
3544 2834 3778 2907 familiare

2184 2915 2448 2960 secretum
2477 2905 2654 2961 eremi
2682 2910 2730 2960 te
2759 2922 2918 2960 amor
2945 2906 3157 2961 retulit.
3184 2911 3325 2978 Ergo
3353 2924 3500 2966 nunc
3521 2905 3571 2962 es
3584 2905 3780 2962 nobilior

2188 2984 2240 3032 et
2272 2978 2450 3048 major
2476 2981 2725 3046 exemplo
2754 2995 2775 3031 :
2802 2979 2959 3050 prius
2987 2980 3135 3033 enim
3156 2994 3287 3034 cum
3307 2980 3575 3036 desertum
3589 2988 3778 3050 peteres,

427 3064 571 3129 esse,
599 3048 976 3129 confliximus,
1027 3047 1167 3118 quod
1213 3047 1364 3104 nulli
1408 3050 1581 3104 deerit
1628 3047 1959 3122 quicumque
2003 3047 2073 3107 ad
2102 3060 2146 3129 ο
2183 3047 2468 3129 comitatus
2491 3053 2726 3129 fratrem
2747 3048 3226 3129 videbaris_;nunc
3242 3047 3642 3129 cumdesertuin
3660 3063 3780 3129 repet

429 3118 820 3174 beatitudinem
849 3135 1098 3173 COELESTI
1129 3135 1331 3174 came
1355 3137 1740 3176 pamusosms
1769 3140 1840 3177 ET
1858 3118 2073 3180 VINDUS-

430 3207 566 3246 TRIA
594 3206 994 3251 susssousms
1022 3192 1256 3246 voluerit
1278 3193 1577 3261 pervenire.

502 3262 1050 3334 Quidquiditandem
1066 3262 1286 3329 sit,sive
1308 3269 1364 3318 tu
1377 3281 1444 3319 nc
1463 3283 1496 3319 a
1519 3264 1688 3319 malis
1701 3265 2076 3334 opinionibus

433 3332 1077 3408 resipuissetHilarius,
1100 3333 1221 3408 sive
1245 3351 1380 3399 non,
1403 3337 1608 3390 divinae
1633 3332 2076 3408 fuitetaequita-

433 3403 511 3458 tis
531 3408 590 3480 et
606 3405 1107 3480 misericordim,u_t
1124 3406 1519 3462 adversarium
1539 3409 1788 3464 senserit
1803 3403 2048 3464 Leonem
2065 3455 2080 3480 ,

432 3480 491 3530 et
513 3476 584 3531 ab
598 3492 664 3550 eo
689 3475 878 3546 palam
895 3475 950 3529 tu
961 3477 1414 3550 eritincrepatus
1433 3496 1534 3550 per
1553 3481 1855 3535 universas
1871 3475 2076 3535 Gallia;

433 3564 587 3614 rum,
613 3548 790 3602 immo
813 3552 870 3602 et
894 3547 1072 3602 totius
1093 3547 1257 3602 orbis
1273 3547 1588 3604 Christiani
1612 3551 1916 3613 Ecclesiae,
1932 3558 2077 3606 tam-

435 3634 612 3685 quam
643 3617 824 3690 bomo
849 3619 940 3690 sui
965 3619 1522 3690 impotentissimae,
1545 3621 1714 3675 alieni
1740 3623 1896 3690 juris
1920 3622 2076 3678 inva-

432 3703 547 3745 sor.
581 3687 964 3750 subiectionis
990 3687 1316 3754 impatiens,
1345 3692 1666 3745 concordia;
1698 3687 2076 3749 sacerdotalis

434 3759 1332 3836 perturbatogcoepiscoporum
1353 3779 1686 3836 oppressor,
1712 3770 2078 3836 contemptor

432 3845 748 3905 canonum,
781 3829 934 3884 896
965 3829 1408 3905 mendaciorum
1433 3829 1837 3905 malarumque
1860 3829 2076 3892 artium

429 3899 807 3974 architectus,
839 3906 972 3964 etc.,
1002 3906 1068 3974 ut
1115 3903 1394 3960 adversus
1442 3906 1638 3974 ipsum
1673 3899 1784 3961 non
1825 3912 1944 3962 tota
1977 3925 2073 3964 so-

431 3971 556 4028 lum
588 3973 769 4028 modo.
790 3972 1135 4029 auctoritate
1182 3976 1413 4045 propria
1455 3971 1857 4045 ihsurrexerit,
1888 3981 1985 4034 sed
2018 3985 2076 4036 et

429 4045 866 4122 imperatoriam
923 4046 1322 4122 commoverit,
1380 4065 1518 4122 qua
1555 4065 1700 4120 pene
1755 4067 2074 4122 oppressus

431 4117 712 4192 Hilarius,
744 4118 896 4192 _solo
949 4117 1851 4192 Gallicanorum'episcoporum'
1884 4122 2075 4179 favore

431 4190 508 4259 (b)
539 4189 806 4266 Ecclesiae
837 4206 954 4266 suae
979 4191 1216 4266 j_uribus
1251 4189 1483 4266 potitus
1501 4198 1587 4249 est
1611 4189 1964 4266 (magnum,
1989 4194 2071 4249 in-

432 4277 636 4337 quam,
664 4261 1084 4337 misericordia)
1125 4261 1489 4337 justitiacque
1517 4261 1930 4337 argumentum
1952 4261 2073 4322 fuit

432 4330 497 4386 ut
523 4347 630 4410 _nec
661 4330 900 4410 impune
929 4330 1226 4410 videretur
1245 4330 1944 4410 Arelatensis'episcopus
1965 4340 2068 4393 do-

429 4403 618 4485 ctrina
647 4402 722 4458 ab
747 4404 1507 4488 _Augustiniana.‘adeoque
1555 4402 2070 4488 catholica‘alienm
2101 4423 2147 4488 D

430 4475 691 4551 animum
708 4478 765 4528 et
780 4490 1132 4551 consensum
1152 4475 1254 4551 vel
1269 4477 1339 4551 ad
1374 4475 1608 4551 tempus
1625 4483 2065 4551 commodasse;

426 4561 532 4620 nec
567 4544 1036 4620 tantaiAVirtutie
1059 4563 1125 4620 ac
1178 4544 1737 4620 religionis-Christi
1790 4544 2070 4620 famulus,

426 4615 520 4669 cui
552 4614 875 4678 disciplinis
922 4614 1330 4672 ecclesiasticae
1376 4620 1857 4677 instaurationem
1899 4614 2073 4678 681)θέ

426 4687 572 4741 bant
599 4685 910 4762 Gallicanae
951 4688 1243 4762 Ecclesiae.
1276 4696 1409 4744 ante
1457 4709 1525 4746 ex
1574 4691 1683 4746 hac
1713 4693 1827 4748 vita
1858 4694 2072 4762 migra-

428 4762 513 4812 ret
545 4773 722 4828 quam
754 4760 1157 4816 molestiarum
1189 4761 1434 4816 istarum
1468 4761 1775 4818 tolerantia
1800 4760 2074 4821 admissa;

428 4829 590 4884 illius
619 4831 802 4900 culpas
833 4837 1057 4887 reatum
1089 4833 1329 4889 clueret.

503 4904 820 4976 Antequam
855 4902 1060 4976 Hilarii
1088 4905 1370 4976 apologiae
1421 4907 1595 4961 tinem
1628 4905 1946 4976 imponam,
1984 4925 2073 4964 re-

429 4971 608 5028 feram
640 4973 926 5048 quidquid
960 4971 1566 5048 reliquum‘habemus
1597 4979 1655 5032 in
1687 4971 2071 5048 eiuslaudem

427 5049 727 5122 exaratum
778 5046 849 5098 ab
881 5045 1138 5122 antiquis
1191 5050 1574 5122 scriptoribus
1625 5045 1770 5120 quos
1802 5053 2073 5122 superius

425 5133 538 5171 non
563 5115 1095 5192 attigimus.Livius
1117 5115 1353 5187 quidam
1373 5124 1633 5190 ejusdem
1646 5115 1758 5176 'zevi
1777 5115 1942 5192 pce-ta
1962 5125 2070 5178 hoc

423 5203 556 5242 eum
589 5187 856 5242 encomio
888 5191 1206 5245 coronavit.
1232 5193 1384 5255 quod
1404 5187 1594 5246 Vref'ert
1618 5187 1946 5249 [leno-ratus
1972 5212 1984 5249 :
2010 5197 2074 5250 Si

420 5260 775 5335 Augustinus,
799 5257 1012 5335 inquit,
1027 5269 1148 5326 post
1171 5262 1466 5335 Hilarium
1490 5272 1700 5333 fuisset,
1720 5267 2073 5335 judicaretur

417 5329 1061 5402 inferior.Hyperbolica
1083 5330 1320 5401 quidem
1337 5334 1466 5390 laus
1479 5329 1534 5390 et
1549 5329 1769 5407 poetico
1791 5337 2069 5408 figmento

2186 3122 2358 3186 tieris,
2382 3121 2796 3194 etiampatrem
2828 3122 3130 3194 reliquisti:
3146 3122 3220 3194 Et
3255 3128 3454 3194 postea
3486 3140 3497 3178 :
3531 3123 3590 3177 Et
3603 3125 3658 3194 tu
3685 3118 3783 3194 licet

2184 3209 2403 3266 omnem
2417 3191 2751 3266 jamdudum
2770 3207 2992 3246 censum
3017 3193 3075 3246 in
3098 3191 3308 3266 Christi
3331 3209 3588 3266 pauperes
3607 3191 3782 3248 Christo

2185 3210 2403 3260 omnem
2453 3210 2751 3246 amauaum
2770 3210 2992 3246 censum
3017 3210 3075 3246 ιη
3098 3210 3304 3250 (ιηνηιι
3331 3210 3588 3266 pauperes
3607 3210 3778 3248 unum

2185 3265 2338 3320 dives
2368 3210 2646 3334 e/fuderis,
2681 3271 2796 3318 tum
2825 3271 2874 3319 et
2902 3265 3170 3332 praeferas
3201 3265 3333 3321 licet
3359 3269 3525 3322 anm‘s
3543 3266 3778 3336 juvenem,

2185 3333 2428 3391 moribus
2468 3351 2676 3401 senem,
2706 3336 2783 3389 sis
2827 3335 2993 3390 etiam
3024 3337 3248 3404 ingenio
3277 3338 3482 3402 clarus,
3511 3333 3675 3392 clarus
3698 3333 3783 3388 elo-

2185 3407 2506 3480 quio,_nihil
2565 3407 2691 3460 inte
2720 3415 2904 3460 tamen
2931 3408 3179 3480 primore
3210 3406 3330 3480 loco
3368 3411 3541 3480 magis
3568 3418 3784 3480 suspexe-

2185 3477 2293 3533 rim
2322 3478 2736 3560 dilemerimque,
2787 3492 2952 3560 quam
2982 3477 3127 3548 quod
3172 3477 3494 3560 solitudinis
3523 3478 3783 3560 sedemsw

2183 3552 2502 3624 concupisti,
2536 3548 2682 3624 Unde
2709 3548 2842 3624 quia
2856 3564 2955 3624 me
2974 3549 3303 3624 respondere
3330 3553 3593 3624 copiosius
3619 3548 3782 3624 spatio-

2183 3619 2417 3694 sissimis
2444 3638 2512 3676 ac
2551 3620 2976 3693 facundissimis
3024 3622 3229 3677 litteris
3259 3626 3374 3678 tuis
3392 3619 3539 3693 sepe
3561 3619 3778 3694 postulas,

2181 3693 2412 3768 sufferas
2453 3695 2737 3763 paulisper
2763 3707 2973 3747 necesse
3016 3697 3115 3760 est,
3145 3709 3273 3748 cum
3321 3699 3401 3751 sis
3445 3693 3783 3768 ipse’sapiens.

2184 3766 2562 3834 insipientiam
2594 3780 2790 3829 meam,
2823 3769 2933 3819 etc.

2254 3833 2480 3907 Quanta
2510 3835 2702 3891 adhuc
2732 3836 2804 3890 de
2850 3833 3069 3890 Hilario
3099 3838 3264 3907 esset,
3308 3837 3506 3907 opinio
3536 3836 3786 3907 testantur

2183 3911 2309 3989 tum
2342 3905 2496 3989 idem
2548 3907 2890 3989 Eucherius,
2927 3904 3786 3989 .tum'Apollinaris__Sidonius,

2183 3980 2324 4033 dum
2357 3980 2487 4048 ejus
2516 3979 2586 4033 ad
2622 3975 3046 4034 monasterium
3081 3975 3388 4036 Lirinense
3421 3981 3660 4036 reditum
3689 3990 3785 4048 ma-

2181 4047 2399 4105 ximam
2430 4050 2627 4122 gaudii
2650 4049 2757 4122 toti
2789 4048 2995 4122 insulae
3021 4049 3329 4106 materiam
3357 4052 3536 4110 fuisse
3563 4047 3784 4106 narrant.

2182 4120 2460 4178 Sidonius
2486 4123 2543 4176 in
2577 4120 2976 4177 Eucharistico
3008 4122 3080 4176 ad
3115 4122 3400 4178 Faustum
3435 4140 3448 4178 :

2307 4271 2673 4322 ....Celebrans
2703 4283 2916 4333 quoque
2944 4269 3198 4333 laudibus
3228 4271 3334 4320 illis

2301 4337 2540 4385 Eucanu
2576 4331 2846 4383 venientis
2867 4333 2985 4394 iter,
3019 4331 3298 4383 redeuntis
3331 4335 3550 4384 Hiunu.

2181 4477 2504 4534 Eucherius
2535 4492 2667 4532 vero
2701 4473 2960 4530 libellum
2994 4475 3066 4531 de
3098 4475 3293 4531 Laude
3324 4474 3618 4549 eremigbis
3636 4466 3792 4549 verbis

2183 4551 2300 4605 fere
2330 4549 2552 4605 claudit
2585 4565 2596 4602 ε
2629 4549 2837 4603 Horum
2868 4555 2949 4613 tu,
2979 4551 3060 4603 mi
3081 4549 3401 4603 charissime
3430 4547 3622 4611 Hilari,
3646 4539 3791 4597 reddi-

2183 4632 2269 4677 tus
2310 4621 2654 4690 insertusque
2698 4621 2986 4692 consortio,
3012 4619 3324 4689 plurimum
3373 4619 3500 4692 tibi,
3526 4617 3792 4692 plurimam}

2180 4695 2350 4748 etiam
2381 4693 2496 4746 illis
2541 4685 2842 4755 contulisti,
2874 4685 3142 4761 quinunc
3165 4707 3266 4762 pro
3314 4691 3499 4746 reditu
3526 4685 3614 4744 tuo
3641 4685 3789 4742 alacri

2180 4763 2553 4821 exsultatione
2585 4763 2861 4817 laetantur.

2253 4835 2500 4905 Prosper
2526 4834 2674 4904 ipse,
2705 4835 2800 4905 qui
2823 4832 3154 4905 doctrinam
3191 4831 3392 4888 Hilarii
3428 4834 3498 4888 de
3529 4828 3668 4888 898
3688 4840 3792 4905 grti-

2182 4907 2266 4963 tia
2295 4899 2616 4964 insectatus
2647 4899 2735 4959 est
2765 4904 2823 4959 in
2866 4904 3115 4974 epistola
3143 4905 3212 4960 ad
3249 4910 3516 4960 sanctum
3550 4899 3791 4974 Augusti-

2183 4997 2346 5039 num.
2381 4978 2548 5035 illum
2582 4983 2775 5048 tamen
2797 4970 3015 5048 ibidem
3042 4975 3298 5048 appellat
3317 4977 3612 5048 pracipes
3634 4970 3789 5048 aucto-

2182 5035 2370 5108 ritatis
2397 5056 2446 5107 et
2475 5047 2861 5125 spiritualium
2888 5035 3194 5125 studiorum
3222 5035 3503 5125 virumn.
3525 5035 3791 5125 quo'mul;

2179 5127 2296 5196 tum
2326 5127 2455 5180 vitae
2483 5111 2698 5196 meritis
2725 5111 3583 5196 superar_etur._Du_mque'idem
3617 5111 3790 5196 Hilarii

2182 5194 2404 5248 obitum
2456 5196 2631 5250 refert
2680 5192 2734 5246 in
2768 5185 3050 5248 Chronico
3103 5191 3164 5245 P.
3199 5185 3397 5246 Pitliaai
3449 5205 3589 5245 cura
3616 5185 3787 5241 edito:

2181 5265 2498 5329 Eucherius,
2519 5264 2732 5335 inquit,
2751 5262 3124 5334 Lugdunensis
3149 5264 3451 5334 episcOpus,
3477 5266 3534 5317 et
3549 5260 3790 5314 HILAIHUS

2180 5336 2512 5391 Arelatensis
2538 5338 2819 5404 egregiam
2847 5337 3019 5391 vitam
3042 5338 3214 5391 morte
3241 5340 3638 5392 consummant.

1454 5449 2099 5512 BALLERINIORUM
2145 5449 2775 5510 ANNOTATIONES.

491 5543 566 5617 (al
601 5546 666 5600 In
699 5545 826 5617 ipso
873 5542 1374 5617 Hilariisermcne
1422 5548 1493 5603 de
1538 5548 1671 5603 Vita
1699 5549 1756 5604 S.
1791 5544 2069 5603 Honorati

418 5614 629 5690 habito;
652 5614 746 5674 an'.
767 5618 869 5671 430
885 5616 994 5690 tria
1023 5614 1138 5690 alia
1153 5616 1500 5690 testimonia
1529 5619 1804 5690 leguntur
1826 5634 1990 5674 num.
2011 5619 2065 5686 3,

418 5687 490 5760 23
521 5691 579 5742 et
607 5688 697 5752 37,
730 5705 856 5760 qum
887 5688 1055 5744 illum
1107 5686 1313 5744 divinae
1345 5691 1544 5760 gratiae
1572 5686 2070 5760 necessitatemget

421 5758 538 5817 vim
570 5758 1006 5835 praedicantem,
1057 5760 1145 5820 vel
1193 5776 1260 5820 eo
1288 5758 1550 5836 tempore
1591 5779 1625 5820 α
1651 5759 2068 5836 Semipelagia-

2181 5543 2372 5598 nismo
2405 5543 2661 5601 alienum
2693 5545 3014 5604 declarant.

2251 5615 2323 5686 (b)
2354 5615 2482 5671 Haec
2512 5617 2583 5672 ad
2633 5602 3207 5690 nauseam—repetita
3235 5620 3296 5674 in
3330 5619 3552 5675 observ.
3599 5602 3790 5667 refelli-

2177 5701 2309 5742 mus
2339 5693 2488 5759 part.
2521 5706 2606 5755 III,
2639 5707 2688 5746 c.
2718 5690 2774 5745 2.
