4010 6168
170 213 278 275 545

635 209 1286 273 BALLERINIORUM
1328 190 1979 277 OBSERVATIONES
2024 215 2104 275 IN
2149 213 2500 276 DISSEBT.
2545 212 2598 276 ν
2641 209 3106 283 QUESNELLI.

3444 214 3575 277 546

166 345 245 400 vel
274 342 974 425 saltemnprtnsu‘menda;
1005 340 1190 425 immo
1230 341 1379 397 illud
1431 342 1811 425 principium,
1842 350 1895 416 Α
1926 346 2188 425 laudatis
2208 344 2893 425 capitibusmimirumvel
2911 342 3299 425 coneuetudine
3313 358 3447 425 quae
3463 362 3577 425 non

168 434 227 472 ex
259 431 372 489 quo
394 414 693 489 judicium
723 413 832 470 hac
862 414 922 469 in
945 416 1271 485 quaestione
1292 413 1550 470 maxime
1577 413 1809 487 pendet,

170 486 401 544 omnino
434 486 738 558 praeteriit.

227 564 278 614 2.
304 554 503 614 Tribus
526 575 599 614 ea:
618 557 887 629 capitibus
911 554 1281 612 ecclesiastica
1300 556 1616 628 jurisdictio
1640 560 1814 613 statui

168 636 343 701 potest,
366 647 443 687 ea:
468 630 884 695 consuetudine,
907 643 975 683 ex
994 630 1125 699 jure
1145 630 1409 684 canonico
1434 638 1485 684 et
1504 644 1577 684 ea:
1599 631 1807 686 divino.

168 702 501 758 Jurisdictio
533 702 932 757 ecclesiastica
962 717 1029 755 ex
1059 701 1340 755 diuturna
1385 705 1812 757 consuetudine

174 777 601 847 probatumnon
631 773 785 847 quod
820 773 1182 827 consuetudo
1206 774 1306 847 det
1336 789 1436 847 per
1467 790 1528 847 se
1551 775 1675 843 jus,
1710 775 1812 829 sed

170 844 299 918 quia
318 848 408 901 vel
438 844 683 900 titulum
706 844 962 918 aliquem
994 844 1297 918 praesumit
1316 845 1692 918 ecclesiastici
1714 851 1815 901 aut

170 915 654 990 divinijuris,quo
673 915 1246 990 iurisdictio’jamdiu
1268 915 1479 971 collata
1495 917 1700 985 fuerit;
1726 918 1813 973 vel

170 989 364 1062 quovis
384 990 564 1045 titulo
586 990 658 1043 ab
682 989 1196 1062 initioideficiente,
1216 1005 1391 1062 cursu
1415 991 1699 1060 temporis
1715 993 1815 1060 ju-

168 1060 419 1118 risdictio
462 1062 750 1133 probatur
775 1060 925 1115 92]
964 1061 1250 1133 acquisita
1280 1060 1399 1115 sive
1433 1077 1498 1115 ex
1523 1078 1814 1118 consensu

168 1151 357 1191 eorum
382 1132 641 1205 quorum
666 1133 932 1206 interest,
949 1132 1069 1186 sive
1089 1133 1309 1206 seipse
1323 1133 1710 1206 dispositione
1725 1136 1815 1206 ju-

168 1209 259 1273 ris,
276 1212 341 1261 ut.
363 1203 425 1260 in
453 1203 1251 1278 praescriptionibusiaecidit.
1269 1204 1414 1278 Hinc
1436 1208 1671 1278 antiqua
1688 1203 1818 1263 con-

162 1278 377 1334 suetudo
412 1274 520 1350 pro
545 1279 679 1346 jure
698 1274 1085 1350 'Aleaandrini
1116 1276 1375 1350 episcopi
1401 1276 1460 1330 in
1483 1274 1817 1349 Egyptum,

168 1350 397 1423 Libyam
412 1346 494 1404 _et
515 1346 889 1423 Pentapolim
936 1346 1195 1423 allegata
1216 1348 1276 1402 in
1299 1346 1817 1423 Nicaano'c'oncilio

176 1419 281 1477 can'.
316 1423 375 1485 6,
406 1420 885 1491 jurisdietionem
914 1420 1045 1488 ejus
1076 1419 1497 1491 probavit,qute
1525 1422 1583 1474 in
1616 1424 1816 1478 eodem

176 1493 404 1550 concilio
428 1494 669 1547 ﬁrmata
700 1492 836 1565 fuit;
871 1493 1196 1565 eodemque
1217 1507 1394 1565 sensu
1417 1492 1690 1565 episcOpo
1712 1497 1820 1549 An-

175 1566 432 1622 tiocheno
465 1568 525 1619 et
555 1562 779 1619 caeteris
802 1562 1266 1638 metropolitanis
1293 1580 1402 1638 sua
1432 1562 1734 1638 privilegia
1754 1584 1819 1621 ac

168 1640 305 1709 jura,
333 1654 474 1708 quae
504 1635 932 1709 consuetudine
964 1634 1333 1709 nitebantur,
1358 1634 1821 1709 similiter'fuere

171 1706 536 1766 confirmata.
554 1707 693 1763 Jure
713 1706 992 1762 canonico
1015 1708 1668 1778 statuiturjurisdictio,
1685 1727 1819 1767 cum

168 1800 252 1854 per
273 1796 671 1854 canonesseu
695 1778 1016 1854 decretaies
1042 1780 1295 1854 cuipiam
1326 1781 1822 1854 tributaostendi-

166 1850 266 1921 tur,
290 1854 347 1909 si
381 1869 459 1907 ea
490 1852 605 1907 alio
638 1850 952 1923 potentiori
976 1852 1107 1921 jure
1136 1852 1438 1923 abrogato,
1471 1852 1558 1907 vel
1588 1853 1819 1910 dissue-

165 1928 359 1981 tudine
375 1929 490 1980 aut
514 1922 709 1995 potius
730 1923 1158 1978 consuetudine
1179 1922 1425 1979 aliorum
1456 1926 1751 1982 contraria
1769 1927 1821 1982 ei

160 1998 578 2069 prescriptum
602 2011 716 2050 non
740 1995 834 2050 sit.
855 1995 1821 2069 ’lfandemjure_diviueecoustitui-

160 2066 641 2140 turjurisdictio,
665 2083 797 2121 cum
824 2066 1001 2140 alicui
1024 2068 1094 2121 ab
1114 2066 1243 2137 ipso
1266 2067 1381 2122 Deo
1404 2067 1615 2123 collata
1634 2075 1825 2125 osten-

153 2138 336 2206 ditur,
361 2157 500 2213 quas
524 2144 720 2213 tamen
747 2138 908 2213 nulla
934 2140 1265 2213 eujuspiam
1286 2140 1550 2213 opposita
1572 2158 1822 2198 consue-

152 2215 364 2269 tudine
379 2209 728 2285 'praascribi,
755 2209 922 2285 nullo
954 2209 1212 2285 humano
1247 2209 1380 2285 jure
1418 2212 1685 2285 abrogari
1720 2232 1823 2285 ρο-

149 2292 296 2349 test;
325 2282 493 2340 sicut
513 2284 712 2354 ipsum
736 2282 998 2337 divinum
1015 2283 1137 2352 jus,
1156 2298 1269 2353 quo
1295 2283 1405 2337 fuit
1425 2282 1654 2349 collata,
1675 2282 1825 2341 nulli

146 2358 439 2413 humanae
459 2355 881 2479 praescriptioni
903 2360 1002 2408 aut
1018 2354 1380 2425 abrogationi
1395 2355 1599 2411 subest
1623 2357 1822 2413 Solum

146 2430 181 2479 si
208 2429 435 2479 divino
465 2430 598 2479 iure
621 2444 699 2479 nu
728 2425 819 2479 ius
841 2427 952 2479 fuit
972 2426 1159 2479 eidem
1184 2426 1576 2479 iurisdictioni
1600 2429 1822 2479 nrmsti-

144 2430 184 2485 si
208 2429 435 2484 divino
459 2425 598 2497 jure
621 2425 819 2481 nullus
841 2427 952 2499 fuit
972 2426 1159 2481 eidem
1175 2426 1576 2497 jurisdictioni
1600 2429 1824 2499 prinsti-

145 2507 325 2557 tutus
349 2500 552 2564 limes,
569 2503 760 2570 potest
774 2498 859 2553 vel
877 2498 1305 2570 consuetudine
1322 2499 1408 2553 vel
1428 2500 1824 2557 ecclesiastico

138 2576 280 2643 jure
318 2572 674 2627 exercitium
696 2572 824 2643 ejus
845 2569 1018 2624 certis
1048 2570 1340 2643 finibuset
1359 2572 1551 2626 modis
1573 2574 1827 2629 circum-

143 2641 340 2701 scribi
375 2642 604 2715 publici
637 2642 860 2715 boniet
889 2642 1129 2715 congrui
1156 2641 1381 2715 ordinis
1411 2659 1610 2699 causa.

205 2718 270 2770 3.
312 2713 394 2770 Id“
434 2720 634 2787 autem
665 2731 734 2769 ex
761 2714 998 2768 duabus
1029 2713 1227 2787 causis
1278 2715 1579 2787 provenire
1611 2720 1824 2787 potest.

146 2787 358 2842 Primo
390 2803 463 2841 ex
491 2786 788 2841 voluntate
818 2786 945 2857 ejus
992 2786 1093 2856 qui
1135 2785 1496 2856 jure’divino
1530 2785 1825 2843 illi‘mitato

152 2858 867 2931 potitur,siin_c_leflnitum
886 2856 1143 2931 aliquem
1164 2858 1405 2913 modum
1427 2859 1656 2931 publico
1676 2861 1826 2915 bono

159 2928 527 2987 Consentiat.
546 2929 663 3003 Hac
692 2929 915 3003 ratione
939 2928 1367 3000 pontificesjus
1391 2928 1502 2985 sibi
1528 2933 1830 3003 proprium

161 3009 214 3057 et
229 3001 965 3071 illimitatumjuredivino
980 3007 1406 3056 consenserunt
1421 3001 1826 3059 circumscribi

168 3076 295 3130 suis
329 3074 422 3148 vel
472 3089 720 3148 suorum
762 3073 1261 3148 predecessorum
1310 3075 1578 3145 decretis,
1613 3077 1828 3148 quibus

168 3163 319 3202 sane
346 3147 401 3201 vi
434 3145 693 3201 coactiva
722 3161 834 3200 non
866 3145 1217 3199 tenebantur
1246 3146 1439 3215 (nemo
1470 3145 1718 3204 enim-in
1747 3164 1829 3216 se,

169 3236 274 3274 nec
321 3236 431 3290 par
475 3218 536 3272 in
590 3231 788 3290 parem
841 3216 1023 3290 babet
1074 3216 1509 3290 i‘mperium),et
1561 3220 1837 3275 similiter

170 3286 609 3346 consenserunt
639 3288 793 3343 idem
829 3288 929 3357 jus
961 3286 1135 3343 certis
1164 3286 1449 3344 coarctari
1482 3292 1698 3347 finibus
1730 3308 1833 3347 seu

171 3363 369 3418 modis
403 3379 472 3435 ac
504 3360 754 3435 decretis
780 3360 1681 3435 Aconciliornmparticularium,
1708 3381 1833 3435 quae

172 3451 316 3489 cum
346 3434 529 3490 etiam
564 3448 663 3502 per
691 3430 887 3487 Gallos
929 3430 1306 3503 pontiﬁcibus
1338 3434 1601 3499 subsint;
1633 3430 1834 3490 eorum

172 3507 508 3562 canonibus
521 3504 769 3575 obligari
788 3521 901 3559 non
922 3505 1331 3575 poterant,nisi
1351 3522 1417 3559 ex
1431 3507 1835 3562 consensione.

174 3578 532 3649 Omittimus
554 3576 792 3632 interim
824 3575 1042 3632 limites
1066 3578 1389 3649 praefinitos
1407 3594 1440 3632 a
1460 3577 1723 3633 conciliis
1745 3595 1839 3649 ge-

173 3648 625 3715 neralibus,boc
644 3665 823 3703 unum
844 3648 1255 3703 tantummodo
1276 3648 1838 3719 indicantes,borum

180 3723 403 3793 pariter
424 3722 663 3777 decreta
678 3722 795 3776 vim
820 3720 1106 3791 generalis
1126 3720 1330 3792 synodi
1356 3738 1469 3776 non
1492 3722 1705 3778 habere
1726 3723 1837 3778 nisi

180 3792 561 3867 exconsensu
577 3793 974 3867 Romanorum
991 3792 1697 3867 pontiiicu_m,utliquetex
1715 3796 1841 3867 ipso

183 3865 847 3934 Cbalcedonensi,cujus
865 3866 1161 3920 decretum
1184 3866 1240 3919 in
1264 3865 1513 3921 favorem
1532 3867 1689 3921 sedis
1702 3865 1844 3922 Con-

188 3936 724 4010 stantinopolitanse
744 3937 860 3991 vim
895 3935 1183 4007 generalis
1205 3937 1435 3991 concilii
1468 3955 1581 3993 non
1614 3938 1839 4009 habuit,

190 4008 471 4079 quamdiu
497 4008 702 4063 Leonis
723 4013 778 4063 et
800 4009 1192 4063 Romanorum
1230 4010 1571 4080 pontificum
1592 4008 1841 4066 censen;

194 4097 292 4138 sua
304 4083 518 4137 defuit:
538 4080 969 4151 necquisquam
989 4081 1163 4135 Leoni
1190 4086 1291 4135 aut
1310 4080 1443 4136 aliis
1464 4083 1594 4150 ejus
1616 4098 1843 4137 succes-

196 4152 571 4209 soribusvitio
589 4158 810 4207 vertere
835 4152 1184 4223 potuit,cum
1204 4152 1393 4207 eidem
1413 4153 1642 4207 decreto
1662 4153 1843 4209 refra-

200 4225 307 4294 gati
331 4229 573 4293 sunt,eo
587 4224 743 4296 quod
767 4224 895 4279 sine
916 4240 1116 4297 eorum
1143 4240 1447 4297 consensu
1483 4240 1598 4279 non
1619 4224 1844 4297 obliga-

202 4300 294 4351 ret.
313 4298 471 4363 Quod
503 4297 552 4351 si
576 4294 810 4369 d‘ecreta
836 4294 1132 4369 generalis
1160 4296 1368 4369 synodi
1405 4296 1531 4351 sine
1553 4294 1842 4352 conserisu

202 4370 531 4451 ponti-ficum
548 4367 847 4451 obligandi
862 4367 976 4451 vim
992 4385 1101 4451 non
1117 4367 1611 4451 habuerunt,cum
1630 4369 1846 4451 inpius-

196 4440 470 4537 j‘ud‘iciuLm
490 4440 948 4537 c_edeb3.ntjuris
967 4440 1373 4537 episcojpoi'um
1393 4440 1765 4537 Alexandrini
1790 4444 1845 4537 et
1873 4471 1921 4537 Β

206 4511 1000 4611 Δηᾶιὶοοὴθῐιίηυὶβυῗρθωθᾳ
1024 4514 1122 4611 ᾑεβ
1145 4512 1405 4611 divin‘um
1444 4529 1557 4611 non
1596 4514 1840 4596 favebat,

202 4586 291 4639 sed
312 4602 464 4641 mere
476 4584 947 4640 ecclesiasticum
970 4585 1027 4639 in
1045 4584 1272 4640 Nicasno
1294 4585 1754 4656 firmatum,quis
1771 4602 1838 4641 ea

201 4657 306 4711 vim
325 4657 610 4729 generalis
624 4657 830 4728 synodi
848 4656 1062 4729 habere
1079 4657 1372 4712 existimet
1387 4657 1687 4712 deficiente
1701 4674 1839 4712 con-

204 4728 360 4785 sensu
382 4730 628 4787 Romani
654 4728 972 4797 pontificis,
995 4728 1123 4783 siin
1150 4730 1574 4784 restrictionem
1599 4731 1838 4785 ederen-

205 4802 286 4874 tur
309 4804 433 4873 ejus
466 4800 754 4874 pontiflcii
776 4800 953 4874 iuris,
982 4802 1136 4874 quod
1169 4818 1283 4874 non
1319 4818 1387 4856 ex
1417 4801 1836 4871 ecclesiastica,

208 4873 290 4927 sed
319 4872 384 4928 ex
414 4872 616 4929 divina
643 4873 1016 4929 institutione
1036 4872 1319 4945 originem
1352 4875 1551 4929 ducit?
1573 4875 1838 4930 Secundo

203 4944 513 5013 jurisdictio
532 4946 715 5002 divini
734 4946 886 5015 juris
907 4944 1205 5001 illimitata
1221 4946 1393 5001 certis
1414 4946 1603 5001 modis
1624 4963 1690 5001 ac
1715 4945 1841 5000 fini-

210 5017 636 5092 busconstringi
655 5022 848 5092 potest
864 5034 933 5074 ex
948 5020 1298 5092 auctoritate
1315 5016 1563 5092 aiicujus
1584 5017 1842 5092 superio-

210 5090 293 5155 ris,
316 5091 409 5163 qui
442 5088 817 5161 divino'jure
851 5091 1130 5161 majorem
1172 5090 1651 5163 jurisdictionem
1685 5088 1840 5163 obti-

214 5161 353 5231 nens,
375 5168 604 5219 certum
629 5164 868 5218 modum
896 5167 1199 5230 certosque
1224 5162 1438 5218 limites
1464 5161 1840 5217 inferioribus

214 5234 384 5291 divino
408 5236 547 5291 licet
564 5237 695 5305 jure
717 5234 1174 5306 praesidentibus
1196 5235 1268 5289 ob
1292 5234 1510 5289 bonum
1535 5232 1837 5306 publicum

217 5304 599 5376 praestitueret.
636 5304 1133 5379 Ita‘episcopalem
1160 5304 1636 5377 jurisdictionem
1661 5304 1839 5359 divini

211 5379 336 5447 juris
365 5379 614 5436 concilia
644 5379 941 5449 generalia
986 5379 1246 5450 potuisse
1278 5380 1629 5449 restringere
1668 5394 1839 5433 nemo

217 5451 433 5507 dubitat.
458 5452 744 5524 Esmdem
796 5453 1010 5524 pariter
1050 5451 1439 5523 episcopalem
1475 5450 1839 5522 jurisdiotio-

222 5540 345 5590 nem,
367 5524 563 5594 quoad
596 5523 1004 5579 limitationem
1028 5528 1083 5577 et
1113 5524 1449 5579 exercitium
1482 5523 1839 5593 subesseju-

222 5594 510 5649 risdictioni
539 5595 909 5669 pontificum,
933 5597 1045 5669 ipsi
1069 5596 1214 5651 Galli
1249 5595 1499 5665 theologi
1522 5600 1578 5651 et
1603 5596 1840 5669 canoni-

218 5670 295 5721 sta
315 5668 590 5733 fatentur,
606 5667 693 5740 uti
714 5667 907 5723 videre
929 5667 1020 5724 est
1042 5669 1195 5740 apud
1220 5669 1534 5740 Gersonem
1558 5672 1614 5722 et
1635 5667 1799 5722 alios.

270 5742 314 5794 4.
346 5741 451 5808 Qui
480 5737 725 5810 alicujus
767 5737 1208 5809 iurisdictionem
1254 5739 1601 5797 statuendam
1649 5741 1838 5805 sumit,

216 5814 321 5871 tatis
348 5822 427 5870 est
454 5814 506 5868 si
533 5828 663 5868 eam
705 5814 813 5884 ipsi
839 5814 1140 5887 competere
1162 5813 1355 5885 probet
1383 5829 1493 5871 uno
1539 5828 1609 5870 ea:
1661 5812 1839 5869 tribus

1923 420 1995 473 sit
2026 415 2307 488 abrogata,
2339 418 2426 472 vel
2453 418 2577 484 iure
2603 416 2863 488 canonico
2892 415 3030 487 quod
3058 415 3240 470 adhuc
3267 415 3466 488 vigeat,
3490 420 3576 475 vel

1922 490 2130 555 divino,
2150 487 2281 545 dum
2297 487 2378 544 ab
2409 489 2638 543 habente
2664 490 2751 556 ius
2773 487 3025 543 divinum
3044 490 3344 558 superioris
3364 489 3577 545 ordinis

1924 562 2170 617 (imitata
2199 578 2310 616 non
2335 563 2530 631 fuerit.
2558 561 2662 629 Qui
2700 575 2826 615 vero
2860 560 3308 629 jurisdictionem
3338 561 3575 631 alicuius

1922 634 2232 703 negandum
2277 635 2529 703 suscipit,
2561 634 2713 686 haud
2740 633 2878 686 satis
2906 635 3002 696 est,
3034 634 3083 686 si
3110 632 3307 699 probet
3354 649 3461 689 uno
3490 635 3577 689 vel

1924 706 2113 759 altero
2143 721 2212 759 ex
2256 706 2433 774 capite
2482 704 2641 759 illam
2690 708 2898 764 deesse;
2942 705 3180 773 probare
3225 706 3375 759 enim
3420 705 3577 761 debet

1922 776 2101 831 deesse
2129 793 2198 831 ea:
2226 778 2482 831 omnibus
2503 792 2522 836 ,·
2573 776 2720 830 alias
2748 791 2861 831 uno
2892 790 2964 829 ea:
2992 777 3187 847 capite,
3219 776 3359 847 quod
3390 777 3578 832 intac-

1925 858 2038 903 tum
2070 850 2324 919 supersit,
2341 847 2665 917 jurisdictio
2691 847 2865 902 eidem
2889 852 3191 919 competere
3220 850 3441 918 poterit.
3467 850 3576 904 Res

1926 918 2234 976 manifesta
2281 926 2371 974 est
2415 936 2519 990 per
2568 936 2649 987 se,
2680 920 2836 974 unde
2884 918 3145 974 ulteriori
3194 920 3578 991 explicatione

1926 997 2027 1047 aut
2057 992 2500 1047 confirmatione
2532 1008 2644 1046 non
2678 991 2919 1062 indiget.

1994 1065 2047 1118 3.
2082 1064 2214 1118 Cum
2244 1064 2368 1131 ﬁeri
2395 1064 2564 1134 possit
2596 1067 2656 1117 ut
2698 1065 2756 1118 in
2798 1062 3185 1119 ecclesiasticis
3205 1062 3441 1133 judiciis
3471 1079 3581 1118 non

1926 1152 2111 1189 minus
2138 1152 2303 1207 quam
2334 1137 2392 1188 in
2432 1136 2814 1205 saecularibus,
2842 1135 3029 1207 plures
3069 1134 3266 1189 eadem
3293 1134 3582 1201 iudicandi

1922 1205 2182 1279 potestate
2226 1223 2325 1261 seu
2371 1208 2512 1276 iure,
2553 1209 2671 1279 sive
2715 1223 2784 1261 ex
2826 1205 3040 1279 iisdem,
3071 1206 3185 1279 sive
3230 1223 3299 1261 ea:
3353 1206 3583 1262 diversis

1928 1278 2108 1334 titulis
2138 1281 2425 1349 fruantur,
2444 1294 2602 1334 nemo
2623 1278 2691 1333 de
2714 1280 2835 1346 iure
2858 1278 2999 1349 quod
3020 1278 3269 1348 cuipiam
3287 1282 3581 1348 competat,

1926 1351 2136 1407 violato
2164 1353 2569 1422 querimoniam
2600 1367 2816 1406 movere
2855 1352 3026 1416 potest
3056 1351 3105 1403 si
3134 1349 3288 1405 alius
3312 1350 3584 1417 iudicium

1928 1432 2199 1502 exerceat,
2231 1424 2354 1502 nisi
2372 1423 2483 1502 hoc
2492 1423 2591 1502 jus
2606 1423 2726 1502 sibi
2762 1426 3086 1502 competens,
3117 1422 3270 1477 nullo
3298 1422 3461 1502 titth
3488 1422 3582 1502 isti

1927 1496 2218 1551 convenire
2245 1496 2524 1549 statuerit.
2572 1494 2659 1548 Ita
2697 1510 2828 1549 cum
2862 1510 2931 1549 ex
2963 1493 3371 1548 Africanorum
3405 1493 3582 1549 disci-

1929 1566 2091 1638 plina
2106 1566 2427 1621 constituta
2449 1566 2507 1620 in
2520 1565 2962 1635 Carthaginsnsi
2984 1565 3121 1620 anni
3141 1566 3264 1633 416,
3281 1566 3434 1636 apud
3458 1567 3582 1638 Dio-

1932 1636 2163 1712 nysium
2199 1654 2323 1692 can.
2350 1639 2473 1712 125,
2482 1638 2581 1707 jus
2612 1643 2769 1693 esset
2796 1637 3186 1712 cognoscendi
3205 1636 3581 1712 ido_appeila_-

1928 1707 2190 1766 tionibus
2210 1710 2679 1781 presbyterorum
2701 1714 2758 1765 et
2774 1707 3024 1765 aliorum
3047 1707 3342 1781 inferioris
3361 1707 3585 1781 ordinis

1931 1783 2272 1837 clericorurn
2294 1782 2449 1838 928
2469 1786 2594 1836 tum
2613 1781 2876 1836 conciliis
2901 1780 3209 1847 Africanis,
3224 1785 3348 1835 tum
3372 1780 3587 1851 prima-

1930 1856 2090 1910 tibus
2113 1853 2569 1925 provinciarum,
2592 1853 3101 1925 necconciliorum
3119 1853 3221 1922 jus
3247 1851 3450 1908 lassum
3473 1852 3587 1908 dici

1932 1924 2159 1998 poterat
2191 1925 2239 1980 si
2275 1925 2551 2050 primates
2583 1924 2972 1994 judicassent,
2996 1941 3100 1979 nec
3130 1926 3231 1994 jus
3260 1925 3582 1995 primatum

1932 1999 1981 2050 si
2013 1999 2084 2050 ad
2116 1999 2275 2050 conci
2309 1998 2363 2050 ia
2386 1997 2673 2050 iudicium
2704 1997 2913 2050 fuisset
2933 1995 3213 2050 delatum.
3240 1996 3384 2050 Hinc
3410 1995 3582 2050 etiam

1932 1995 1981 2053 si
2013 1999 2084 2053 ad
2116 1995 2673 2067 conciliajudioium
2704 1997 2913 2051 fuisset
2933 1995 3213 2050 delatum.
3240 1996 3384 2050 Hinc
3410 1995 3587 2051 etiam

1931 2070 2202 2141 sequitur
2222 2086 2345 2141 non?
2370 2073 2522 2124 recte
2552 2068 2750 2141 negari
2774 2070 2877 2138 jus
2899 2067 3148 2141 alicujus
3180 2067 3237 2141 in
3273 2067 3469 2141 aliquo
3500 2067 3589 2123 lo-

1932 2138 2087 2220 co,si_
2109 2138 2799 2220 forteibidemjudicium
2826 2140 3223 2220 no_n_ipse,sed
3250 2138 3401 2194 alius
3423 2156 3587 2220 eser-

1933 2214 2137 2278 cuerit,
2154 2212 2265 2267 nisi
2284 2211 2516 2283 probari
2538 2212 2868 2283 possiteum
2895 2211 3106 2267 idcirco
3127 2227 3238 2265 non
3259 2211 3587 2267 exercuisse

1934 2284 2049 2340 tale
2073 2286 2195 2355 jus,
2219 2282 2359 2355 quia
2381 2284 2491 2354 ipsi
2515 2282 2645 2338 vero
2678 2282 2838 2338 nullo
2862 2285 3031 2337 titulo
3054 2284 3462 2355 competit.Sic
3488 2299 3587 2339 ne-

1934 2357 2058 2427 gari
2093 2373 2202 2409 non
2242 2361 2438 2426 posset
2468 2355 2926 2427 appellationum
2950 2356 3052 2424 jus
3084 2355 3347 2427 conciliis
3380 2355 3588 2426 plena-

1936 2426 2036 2483 riis
2066 2428 2285 2495 Africae,
2315 2427 2363 2481 si
2418 2427 2684 2481 fortassis
2715 2428 2770 2480 in
2804 2426 3007 2497 aliqua
3035 2426 3245 2497 Africae
3290 2427 3589 2497 provincia

1934 2498 2111 2555 nulla;
2160 2498 2590 2571 appellationes
2615 2500 2685 2571 ad
2720 2496 3059 2571 bujusmndi
3090 2496 3335 2571 concilia
3386 2498 3588 2571 delata:

1936 2569 2214 2638 fuissent,
2232 2571 2331 2626 sed
2362 2570 2628 2640 primatis
2654 2569 2876 2639 judicio
2909 2584 3089 2624 omnes
3110 2569 3456 2624 terminatis.
3484 2569 3586 2624 Hio

1936 2643 2219 2699 nimirum
2237 2642 2567 2696 adhibenda
2587 2647 2675 2697 est
2693 2640 2971 2713 praeclara
2988 2640 3089 2695 illa
3106 2640 3583 2696 NatalisAlexan-

1937 2716 2025 2770 dri
2050 2714 2351 2769 distinctio
2378 2713 2523 2767 Hist.
2543 2713 2695 2768 Eccl.
2716 2730 2845 2767 saec.
2868 2730 2944 2779 ιν,
2962 2713 3194 2768 dissert.
3217 2714 3305 2773 20,
3325 2729 3488 2783 prop,
3515 2714 3583 2766 2:

1938 2787 2100 2843 Aliud
2128 2791 2203 2840 est
2225 2788 2356 2857 jure
2385 2786 2579 2855 aliquo
2609 2801 2823 2856 semper
2851 2802 2960 2839 non
2986 2786 3092 2851 uti,
3123 2784 3283 2839 aliud
3316 2788 3421 2855 jus
3448 2783 3589 2838 illud

1935 2875 2045 2914 non
2073 2859 2290 2913 habere.
2318 2863 2385 2914 ιη
2428 2872 2529 2929 quo
2580 2859 2689 2912 viri
2738 2858 2994 2928 alioquin
3043 2857 3246 2916 eruditi
3293 2857 3591 2911 allucinati

1935 2939 2084 2994 sunt,
2117 2931 2212 3002 qui
2256 2931 2619 2985 substantiam
2654 2929 2803 2999 juris
2836 2946 2875 2984 α
2908 2938 3169 3001 perpetuo
3198 2933 3248 2984 et
3276 2944 3386 2984 non
3417 2930 3589 2985 inter-

1937 3007 2097 3074 rupto
2126 3003 2243 3071 ejus
2271 3019 2374 3058 usu
2402 3018 2510 3074 non
2538 3002 2913 3074 distinguunt.

2015 3069 2070 3129 6.
2103 3069 2363 3129 Tandem
2395 3073 2605 3143 duplici
2632 3073 2787 3128 modo
2818 3075 2940 3144 quis
2961 3087 3067 3144 pro
3096 3087 3191 3127 suo
3212 3072 3343 3144 jure
3365 3069 3447 3144 vel
3466 3085 3591 3144 con-

1942 3145 2238 3201 suetudine
2279 3148 2338 3200 in
2356 3142 2588 3215 judiciis
2616 3142 2871 3200 resistere
2898 3142 3071 3215 potest
3092 3142 3299 3215 aliine
3317 3142 3594 3213 judicium

1942 3224 2205 3272 assumat.
2241 3217 2295 3271 1η
2314 3217 2571 3284 Negando
2592 3217 2645 3271 ei
2664 3233 2778 3287 Jus.
2796 3217 2865 3271 Et
2887 3214 3024 3269 tunc
3054 3214 3104 3269 si
3126 3216 3287 3284 justo
3311 3217 3499 3285 neget,
3524 3230 3590 3287 eo

1944 3290 2098 3360 quod
2120 3289 2355 3367 boejus
2378 3287 2538 3367 nullo
2559 3285 2729 3367 titulo
2754 3288 3140 3367 ei_competa_t,
3157 3288 3319 3357 juste
3346 3285 3589 3367 resistit,

1944 3359 2051 3417 nec
2082 3360 2313 3416 obedire
2339 3360 2568 3431 cogitur
2594 3360 2645 3414 ei
2672 3359 2772 3429 qui
2798 3361 2932 3428 jure
2962 3362 3147 3431 caret;
3174 3373 3505 3431 secusvero
3537 3359 3586 3431 si

1944 3431 2154 3488 titulus
2177 3432 2389 3503 aliquis
2410 3427 2462 3486 Ei
2485 3427 2853 3504 suppeteret:
2878 3429 3323 3504 resistereenim
3352 3427 3591 3484 habenti

1939 3506 2063 3575 jus,
2088 3509 2143 3559 et
2174 3500 2413 3575 perinde
2433 3504 2482 3559 ei
2507 3500 2774 3558 resistere
2795 3520 2857 3558 ao
2879 3504 2925 3557 si
2951 3500 3111 3557 nullo
3133 3501 3269 3575 jure
3291 3501 3593 3575 fungatur,

1948 3572 2208 3649 apertam
2232 3575 2583 3649 injustitiam
2611 3575 2823 3649 prodit,
2845 3591 2948 3649 nec
2962 3573 3330 3649 constantiae,
3347 3572 3455 3649 sed
3471 3587 3596 3643 per-

1950 3646 2173 3704 [insciis
2205 3652 2312 3716 est,
2343 3648 2391 3702 si
2412 3646 2559 3719 quis
2591 3648 2640 3701 ei
2673 3647 2792 3717 juri
2844 3646 3142 3716 subjectus
3176 3660 3378 3719 parere
3408 3647 3597 3719 etac-

1951 3722 2254 3790 quiescere
2304 3717 2468 3773 nolit.
2491 3721 2549 3772 2°
2580 3719 2842 3774 Instando
2890 3726 2943 3772 et
2992 3717 3256 3790 urgendo,
3290 3733 3359 3771 ne
3387 3717 3599 3790 quiseo

1940 3787 2077 3861 jure
2125 3792 2263 3863 quod
2294 3794 2347 3846 ei
2375 3793 2631 3862 competit
2662 3794 2872 3863 utatur,
2905 3805 2968 3844 eo
2999 3787 3141 3860 quod
3186 3805 3296 3863 non
3347 3787 3605 3855 expediat

1950 3862 2368 3919 consuetudines
2418 3865 2736 3926 immutare,
2771 3862 2851 3917 vel
2900 3862 3152 3932 pericula
3194 3862 3496 3915 timeantur
3535 3874 3607 3932 ac

1949 3937 2197 4010 freudes.
2223 3938 2293 3991 Et
2317 3935 2627 4010 siquidem
2660 3931 3042 4010 id‘mode’rate
3075 3934 3194 4000 fiat,
3219 3937 3275 3987 et
3297 3932 3423 4010 sola
3453 3931 3605 4010 peni-

1951 4003 2084 4063 cula
2115 4003 2496 4077 quiscumque
2526 4007 2783 4061 efficacia
2826 4010 3246 4077 proponantur,
3280 4003 3602 4077 dummodo

1949 4081 2046 4151 jus
2078 4073 2192 4135 non
2243 4073 2487 4149 negetur
2516 4080 2670 4149 quod
2703 4073 2900 4151 estfet
2931 4073 3117 4151 solum
3156 4076 3373 4151 bonum
3408 4073 3602 4151 publi-

1954 4145 2085 4207 cum
2118 4145 2432 4222 qumraiur.
2457 4145 3067 4222 reprehendinequit;
3103 4145 3601 4222 quemadmodum

1954 4241 2070 4278 non
2103 4216 2610 4295 reprehenduntur
2635 4216 3352 4295 _Aurerlius,'AAugustinus,
3385 4216 3603 4295 aliique

1954 4290 2211 4349 Africani
2242 4294 2523 4365 episcOpi,
2549 4293 2644 4364 qui
2681 4294 2807 4365 pari
2838 4290 3605 4365 modera’tioneirestiterunt

1954 4361 2462 4439 appellationibus
2496 4361 2911 4439 transmarinis
2941 4365 2999 4439 in
3032 4362 3298 4439 episteiis
3329 4363 3399 4417 ad
3442 4361 3602 4439 Zpsi-

1956 4434 2140 4505 nium,
2165 4438 2528 4494 Bonifacium
2551 4441 2725 4508 atque
2749 4434 3149 4493 Ccelestinum.
3172 4434 3394 4508 Vitium
3409 4437 3602 4508 autem

1952 4504 2168 4586 irrepet
2207 4513 2255 4566 si
2298 4508 2419 4565 zelo
2449 4509 2604 4586 boni
2633 4504 2875 4586 publici
2918 4505 3339 4586 moderationis.
3382 4504 3602 4586 limites

1949 4576 2463 4655 quis-pertranseat
2482 4582 2541 4637 in
2566 4576 2739 4637 modo
2762 4581 3088 4649 resistendi,
3113 4583 3168 4634 et
3199 4576 3392 4655 multo.
3409 4576 3600 4645 magis

1951 4648 1998 4711 si
2033 4648 2119 4710 ita
2149 4654 2519 4726 pertinaciter
2568 4655 2803 4709 resistat
2846 4658 2908 4708 ut
2966 4648 3080 4707 non
3121 4664 3347 4726 merum
3381 4648 3599 4726 bonum

1951 4719 2250 4813 publicum
2287 4743 2619 4813 procul-are,
2642 4728 2742 4781 sed
2766 4728 2867 4795 jus
2899 4739 3109 4795 negare
3129 4721 3394 4775 videatur
3426 4719 3476 4775 ei
3500 4720 3602 4790 qui

1941 4798 2076 4872 jure
2111 4798 2437 4872 certissimo
2470 4798 2701 4872 fruitur.

2019 4874 2071 4926 7.
2101 4872 2200 4927 His
2233 4869 2635 4943 praemissis,si
2658 4864 3007 4943 Queenellus
3034 4880 3286 4943 ex__tequo
3310 4862 3605 4943 vindicare

1948 4942 2177 4997 volebat
2208 4935 2264 4998 ς.
2290 4941 2596 5007 Hilarium,
2623 4955 2755 4994 cum
2792 4936 2965 4991 Leoni
2999 4935 3232 5001 restitit,
3258 4952 3330 4991 ne
3361 4936 3419 4991 in
3451 4935 3606 4993 Celi-

1951 5014 2110 5069 donii
2143 5030 2321 5069 causa
2339 5018 2531 5068 Roma
2557 5009 2851 5081 judicium
2877 5009 3038 5081 fieret
3058 5013 3264 5065 contra
3285 5013 3604 5066 consuetu-

1950 5085 2172 5152 dinem,
2187 5085 2271 5139 uti
2300 5088 2485 5156 putat,
2503 5080 3406 5156 Ecclesimﬁallicante,probai'e
3427 5081 3603 5156 debeg

1950 5160 2051 5214 bat
2084 5158 2139 5211 1ο
2168 5152 2657 5211 consuetudinem
2687 5153 2999 5211 Gallicanis
3029 5152 3296 5209 Ecclesiae
3330 5152 3509 5206 fuisse
3540 5152 3605 5204 ut

1950 5228 2408 5302 appellationum
2426 5228 2646 5302 judicia
2666 5225 2754 5302 vel
2774 5243 3081 5302 nunquam
3101 5219 3606 5302 reciperenturvel

1951 5295 2008 5359 in
2024 5295 2230 5357 Galliis
2252 5295 2661 5355 tantummodo
2682 5300 2885 5354 fierent
2902 5295 2999 5365 {2°
3017 5300 3164 5354 hanc
3180 5295 3606 5353 Gallicanorum

1951 5373 2647 5448 consuetudinemomnej
2660 5390 2727 5448 ue
2744 5372 3099 5445 pontificium
3114 5366 3602 5448 excliidere,qnod

1951 5447 2286 5521 apostolicm
2317 5445 2443 5522 sedi
2477 5439 2759 5522 competit
2786 5462 2902 5499 non
2934 5450 3050 5522 tam
3084 5460 3150 5497 ex
3180 5439 3601 5522 consuetudine

1951 5510 2127 5593 quam
2150 5536 2217 5575 ex
2239 5510 2742 5593 ecclesiastico,ac
2772 5516 3099 5593 prtesei‘tim
3131 5530 3197 5567 ex
3227 5510 3418 5593 divino
3451 5510 3604 5593 jure,

1953 5586 2066 5663 quo
2088 5593 2380 5665 primatus
2402 5592 2666 5665 ejusdem
2687 5592 2747 5665 in
2769 5586 2929 5660 ipsos
2944 5586 3596 5665 Gallicanhoestatuitur;

1949 5656 2583 5735 3°velsaltem,si'quod
2601 5666 2703 5735 jus
2719 5656 2995 5735 Romanis
3021 5656 3601 5735 pontificibueinesse

1950 5736 2213 5811 agnoscit
2239 5736 2309 5792 ad
2336 5727 2467 5809 ipsa
2486 5727 2942 5811 appellatienum
2968 5727 3193 5811 judicia
3208 5727 3507 5811 praecipue
3536 5729 3596 5783 in

1951 5804 2595 5885 episcoporum—causis,
2610 5810 2668 5866 in
2687 5825 2753 5865 eo
2776 5806 3038 5863 laborare
3060 5804 3312 5862 debebat
3331 5806 3395 5859 ut
3414 5805 3605 5859 osten-
