4048 6170
354 130 371 144 0
479 185 601 246 547

850 181 1126 244 PASCB.
1170 179 1611 255 OUESNELLI
1654 177 2326 244 DlSSERTA'l‘IONES
2371 178 2454 242 IN
2497 181 2564 243 S.
2610 178 2892 242 LEONIS
2933 177 3188 244 MAGNI
3230 180 3492 246 OPERA.
3694 197 3790 259 us

480 312 941 396 deretHilarium
958 311 1133 396 Leoni
1153 312 1437 396 restitisse
1455 327 1566 368 non
1586 313 1960 396 negandojus
1975 313 2130 396 quod
2157 313 2213 382 Α
2239 315 2354 368 tate
2373 313 2651 396 munitum
2679 327 2885 396 novum
2900 311 3015 396 lsibi
3033 312 3130 396 ius
3139 329 3340 396 parare
3359 320 3597 396 conatum
3616 319 3789 396 ibidem

479 389 562 443 illi
608 387 996 457 competebat,
1034 401 1136 440 nec
1165 384 1245 438 ita
1276 385 1463 440 eidem
1501 384 1826 441 resistendo
1857 384 1923 441 ac
1953 384 2130 457 sijus

784 403 996 450 etenat,
1034 403 1136 440 nec
1165 403 1245 438 ita
1276 403 1463 440 eioem
1501 403 1826 441 resistendo
1857 403 1923 441 ac
1953 403 2002 441 si
2027 403 2130 457 jus

741 403 1006 524 Eaberet;
1035 458 1135 512 sed
1162 457 1421 528 urgendo
1443 457 1955 524 consuetudinem,
1978 457 2130 528 peri-

478 458 710 515 nullum
741 458 1006 524 haberet;
1035 458 1135 512 sed
1162 458 1421 528 urgendo
1443 458 1955 524 consuetudinem,
1978 458 2129 528 peri-

479 531 632 598 cula,
657 530 914 594 fraudes,
939 529 1113 599 idque
1134 544 1392 600 congruo
1414 529 1650 599 quidem
1671 529 1882 600 zelo,at
1900 535 2129 584 servato

482 602 897 666 moderamine,
924 617 995 655 ne
1021 600 1110 655 vel
1135 601 1236 671 jus
1254 599 1558 656 inderetur
1589 599 1819 671 negare,
1845 604 1932 656 vel
1964 600 2128 656 debi-

480 683 600 730 tam
631 671 1122 744 apostolicaasedi
1165 673 1546 744 reverentiam
1579 671 1843 728 violaret.

547 748 598 799 8.
622 742 694 799 At
715 742 865 798 nihil
887 759 954 797 ex
981 742 1071 797 his
1094 743 1462 807 Quesnellus.
1485 743 1673 798 Primo
1697 745 1852 798 enim
1875 756 2126 798 consue-

476 817 741 871 tudinem
773 813 1086 870 Gallicanae
1117 815 1405 886 Ecclesiae,
1429 831 1554 886 qusi
1587 815 1857 886 pluribus
1879 812 2126 884 judiciis

477 886 933 960 appellationum
965 886 1270 960 exactisin
1305 885 1509 942 Galliis
1538 885 1847 960 probanda
1875 889 2020 949 erat,
2054 901 2127 939 ne

475 957 590 1014 uno
623 957 861 1031 quidem
892 963 1041 1031 teste
1061 962 1162 1012 aut
1192 957 1340 1013 facto
1365 957 1687 1031 constituit.
1713 958 1896 1031 Multo
1926 963 2124 1031 autem

476 1028 674 1086 minus
689 1030 1084 1085 ostenditeam
1101 1045 1273 1084 omne
1287 1031 1388 1101 jus
1403 1029 1764 1101 pontificium
1781 1028 2121 1101 exclusisse.

473 1103 588 1158 Etsi
613 1101 768 1174 enim
791 1106 949 1156 totus
972 1102 1030 1154 in
1055 1117 1129 1174 eo
1143 1099 1377 1174 laborat
1404 1099 1473 1155 ut
1505 1101 1786 1157 nonnulla
1808 1118 1935 1174 quas
1961 1099 2087 1154 litte
2104 1131 2120 1142 -

474 1174 554 1255 ris
578 1173 790 1228 tradita
810 1179 950 1255 sunt
969 1171 1578 1255 ap‘pellationumscta
1599 1171 2015 1255 adllomanani
2040 1188 2124 1227 se-

472 1247 604 1300 dem
637 1250 892 1314 enervet,
921 1254 973 1298 el
1013 1245 1094 1299 ita
1125 1245 1606 1300 consuetudinem
1641 1245 1830 1301 eidem
1863 1248 2122 1315 ereptam

473 1317 781 1383 existimet,
805 1315 1072 1371 nonnihil
1106 1317 1280 1388 etiam
1313 1317 1563 1388 attingat
1591 1317 1661 1372 de
1682 1318 1817 1387 jure
1845 1315 2122 1371 ecclesia-

473 1389 640 1459 stico,
665 1393 730 1443 ut
759 1388 869 1444 hoc
901 1403 1132 1459 quoque
1159 1387 1273 1460 ipsi
1297 1387 1611 1456 subducat,
1641 1389 1896 1454 praeterit
1926 1393 2121 1460 tamen

466 1462 567 1532 jus
617 1461 902 1525 divinum,
949 1477 982 1514 a
1027 1476 1140 1532 quo
1186 1459 1470 1514 Romanae
1521 1459 2123 1532 sedispraerogativte

474 1531 726 1587 maxime
750 1532 1022 1603 pendent.
1046 1531 1118 1586 Ea
1141 1547 1312 1603 porro
1334 1532 1462 1602 ipsa
1479 1549 1605 1603 quas
1622 1531 1708 1586 vel
1730 1531 1798 1587 de
1816 1535 2122 1587 consuetu-

470 1605 606 1659 dine
639 1602 795 1660 totus
842 1602 1115 1674 exagitat,
1135 1602 1219 1657 vel
1253 1603 1324 1657 de
1360 1602 2119 1674 jure'ecclesiasticoattin-

2242 385 2610 458 pronuntiat,
2627 384 2794 458 quasi
2818 388 2988 458 antea
3009 384 3153 438 nihil
3178 386 3448 457 ejusmodi
3469 389 3602 458 juris
3620 392 3718 449 ullo
3741 398 3792 451 ti-

2239 455 2364 511 tulo
2395 456 2584 511 eidem
2618 456 2811 511 fuerit.
2845 455 2988 510 Hinc
3019 461 3166 527 part.
3191 455 3270 524 iii,
3295 473 3342 512 ο.
3366 459 3422 525 3;
3453 455 3606 515 veluti
3637 469 3793 523 Leonis

2239 527 2646 606 prmjudlcium
2671 527 2946 606 traducit,
2969 528 3123 606 quod
3145 528 3560 606 shocauctoritati
3575 549 3632 588 ac
3649 536 3792 606 splen-

2237 598 2368 654 dori
2383 599 2528 675 sedis
2558 615 2676 675 sum
2699 598 2898 675 debeei
2928 603 3178 669 putaret,
3197 604 3265 675 ut
3292 601 3498 675 scilicet
3519 598 3795 675 appellatio-

2238 687 2342 726 nes
2364 671 2435 726 ad
2467 671 2740 743 eamdem,
2771 670 3160 743 deferrentur;
3193 671 3362 743 idque
3391 670 3618 730 affirmat
3640 693 3795 735 novum

2227 743 2430 814 jugum
2457 742 2778 814 Gallicanis
2812 742 3085 797 Ecclesiis
3113 748 3170 797 et
3197 742 3571 801 sacerdotibus
3601 765 3628 801 ι
3654 748 3797 807 Leone

2235 819 2526 886 paratum,
2548 813 2695 886 quod
2730 829 2830 868 nec
2875 814 2966 887 illi
2993 830 3094 870 nec
3117 829 3300 870 eorum
3345 820 3515 887 patres
3555 820 3680 887 ferre
3703 838 3796 876 um-

2235 884 2400 958 quam
2421 884 2747 957 potuerant;
2775 884 3022 956 quodque
3038 887 3247 958 jugum
3273 888 3322 940 si
3347 884 3585 944 Hilarius
3611 889 3796 948 Gallica-

2232 957 2437 1012 narum
2468 959 2833 1034 Ecclesiarum
2851 973 2994 1034 apex
3024 957 3125 1034 liis
3144 959 3346 1034 imponi
3369 975 3549 1028 passus
3569 971 3700 1034 esset,
3718 967 3799 1034 ipse

2232 1038 2517 1101 tamquam
2546 1034 2598 1085 et
2623 1031 2864 1101 propriae
2890 1031 3182 1100 dignitatis
3208 1030 3456 1097 desertor,
3486 1041 3532 1086 et
3559 1030 3798 1090 Gallicana:

2238 1101 2514 1156 libertatis
2543 1102 2784 1156 traditor
2801 1117 2835 1156 a
2854 1103 2972 1156 suis
2997 1102 3315 1172 coepiscopis
3341 1111 3454 1156 erat
3472 1107 3799 1172 coargueadus.

2231 1173 2379 1228 Hinc
2411 1173 2647 1228 tandem
2689 1173 2973 1228 Hilarium
3023 1189 3139 1228 non
3186 1178 3304 1227 tam
3351 1173 3602 1229 obnisum
3645 1182 3802 1233 contra

2234 1244 2481 1300 Leonem
2511 1249 2643 1300 ante
2665 1244 3040 1313 sententiam,
3065 1245 3165 1298 sed
3191 1244 3360 1300 etiam
3385 1250 3506 1316 post
3525 1246 3665 1302 illam
3683 1249 3800 1303 afﬁr-

2234 1320 2403 1388 mat;
2438 1333 2504 1371 ao
2553 1320 2860 1388 propterea
2891 1320 3036 1387 part.
3071 1333 3110 1384 ι,
3135 1332 3184 1371 c.
3217 1317 3267 1382 1,
3292 1316 3458 1388 paulo
3501 1322 3622 1373 ante
3665 1320 3800 1374 finem

2230 1387 2471 1461 scribit:
2494 1388 2634 1443 Jura
2664 1387 2785 1444 suae
2812 1388 3072 1461 Ecclesia
3099 1403 3268 1461 usque
3287 1387 3355 1442 ad
3371 1397 3648 1444 extrariam
3671 1392 3802 1461 spiri-

2227 1464 2351 1532 tum
2373 1459 2628 1530 obtinuit,
2649 1469 2700 1514 et
2719 1475 2836 1531 qua
2855 1459 3089 1530 pollebat
3108 1459 3420 1532 eloquentia
3437 1470 3636 1516 strenue
3658 1459 3802 1532 defen-

2229 1530 2309 1604 dit
2321 1548 2342 1592 ;
2374 1536 2432 1586 et
2461 1536 2609 1602 part.
2640 1530 2800 1604 ιιιέο.
2828 1532 2861 1604 ﬁt
2883 1547 2896 1584 :
2920 1532 3174 1604 Antiquis
3204 1531 3503 1588 inhaerebat
3524 1530 3804 1604 praesulEc-

2227 1603 2406 1657 etesia
2435 1601 2552 1659 suae
2568 1603 2919 1674 privilegiis;
2943 1612 2994 1657 et
3017 1601 3321 1658 Gallicanis
3341 1601 3588 1674 episcopis
3603 1621 3804 1659 annuen-

471 1677 576 1758 git,
594 1673 941 1758 qi_i_am_ii_iale
956 1673 1207 1758 probata
1227 1673 1384 1758 sunt,
1405 1680 1470 1758 let
1491 1680 1631 1758 quot
1658 1673 1902 1758 fallaciis
1921 1673 2114 1744 impli-
2144 1684 2196 1751 Β
2227 1675 2373 1758 tibus
2401 1673 2646 1758 eamdem
2674 1673 2906 1758 semper,
2933 1674 3113 1758 quoad
3140 1676 3308 1758 visit,
3331 1673 3804 1758 usurpavit‘potesta-

471 1746 624 1802 cata!
645 1747 1164 1817 Testatusquidem
1179 1752 1268 1802 est
1289 1752 1422 1818 post
1445 1746 1675 1801 initium
1693 1763 1817 1818 cap.
1836 1746 1902 1799 14
1924 1761 2112 1800 senon

470 1820 908 1890 disputaturum
949 1819 1018 1872 de
1057 1818 1213 1889 jure,
1246 1819 1346 1873 sed
1379 1819 1450 1872 de
1483 1835 1640 1874 mero
1672 1818 2116 1874 consuetudinis

471 1892 648 1957 facto;
682 1890 864 1945 immo
895 1889 1043 1943 hanc
1066 1890 1222 1961 juris
1243 1890 1625 1961 quaestionem
1651 1907 1684 1944 a
1706 1907 1812 1945 suo
1845 1890 2115 1945 instituto

471 1962 720 2018 alienam
756 1961 1097 2034 pronuntiat
1130 1978 1142 2016 :
1179 1963 1364 2015 Totum
1398 1963 1570 2031 igitur
1597 1978 1749 2033 opus,
1781 1970 1925 2017 totus
1960 1961 2116 2016 labor

467 2043 653 2090 noster
679 2036 738 2089 in
759 2033 1023 2090 examine
1046 2034 1153 2087 erit
1181 2035 1335 2104 facti,
1359 2049 1464 2087 non
1499 2035 1555 2088 in
1586 2034 1922 2088 discussione
1941 2033 2110 2103 juris,

465 2121 592 2178 quae
619 2107 686 2161 ab
719 2106 977 2178 instituto
997 2108 1180 2178 nostra
1209 2105 1394 2178 aliena
1423 2107 1522 2178 est.
1548 2111 1619 2160 At
1651 2105 1790 2177 quid
1817 2104 2114 2178 inde_elici

466 2175 659 2260 potest
687 2193 790 2260 pro
822 2175 1170 2260 vindicsndo
1201 2176 1258 2231 S.
1292 2175 1531 2260 Hilario,
1570 2175 1693 2260 cum
1721 2183 1778 2260 fit:
1813 2175 1987 2232 Leoni
2017 2192 2112 2230 re-

466 2247 634 2317 stitit,
659 2247 733 2322 si,
760 2251 950 2322 posita
980 2248 1151 2303 etiam
1183 2248 1607 2322 consuetudine
1638 2247 1951 2318 Gallicana,
1985 2264 2113 2322 quas

508 2319 860 2392 raesumit'ur,
885 2321 988 2392 jus
1033 2319 1350 2392 pressertim
1393 2319 1656 2375 divinum
1688 2319 2114 2392 consuetudine

508 2339 860 2387 νωευωιιυιι,
885 2339 988 2390 ]1]8
1033 2339 1350 2392 ριέΒδθΓῐιω
1393 2339 1656 2375 omnum
1688 2339 2112 2376 οοῠευθιυαιηθ

465 2339 674 2448 ἓονῐὶυε
705 2391 764 2447 in
797 2391 942 2464 ipsis
963 2391 1421 2464 appellationum
1449 2392 1646 2448 causis
1673 2392 1845 2448 Leoni
1876 2391 2112 2447 aliunde

467 2409 674 2448 iortius
705 2409 764 2447 in
797 2409 813 2447 ι
859 2409 942 2446 sis
963 2409 1421 2464 appellationum
1449 2409 1646 2448 cauete
1674 2409 1845 2448 Leoni
1876 2409 2112 2447 aiiunoe

467 2465 662 2533 fuerit,
685 2409 852 2521 9πὲ
871 2469 1074 2518 contra
1096 2465 1245 2536 quod
1274 2463 1528 2536 Hilarius
1549 2465 1707 2520 omni
1736 2465 1868 2519 nisu
1891 2465 2114 2536 absque

463 2536 1080 2608 debitamoderatione
1099 2535 1572 2608 restitisset?Nisi
1594 2552 1730 2608 ergo
1753 2537 1994 2608 quaestio
2009 2535 2112 2606 ju-

463 2609 544 2663 ris
587 2607 752 2680 prius
798 2607 1172 2680 discutiatur,
1198 2612 1255 2662 et
1286 2606 1400 2680 nisi
1432 2606 1709 2680 probetur
1757 2607 1986 2663 nullum
2017 2609 2113 2678 jus

464 2678 640 2735 Leoni
666 2679 847 2734 fuisse
868 2678 924 2732 in
941 2680 1267 2748 judicanda
1292 2678 1573 2734 Celidonii
1595 2695 1792 2747 causa,
1817 2685 1940 2733 tota
1963 2682 2112 2743 Que-

461 2751 630 2806 snelli
674 2749 991 2822 disputatio
1041 2751 1112 2804 de
1159 2749 1284 2805 sola
1313 2750 2111 2822 Gallicanorumconsuetu-

461 2825 598 2878 dine
629 2822 687 2877 in
720 2820 1179 2892 appellationum
1214 2822 1429 2887 causis,
1459 2838 1590 2892 quae
1620 2821 1983 2892 pontificium
2008 2821 2112 2891 jus

458 2895 517 2949 in
543 2894 752 2949 iisdem
785 2893 1068 2964 intactum
1092 2892 1391 2964 relinquit,
1415 2892 1461 2964 si
1487 2893 1664 2948 etiam
1699 2895 1941 2964 probata
1972 2893 2111 2947 fuis-

457 2969 563 3036 set,
588 2982 766 3036 seque)
790 2963 991 3018 Hilarii
1015 2961 1291 3036 apologus
1318 2963 1462 3018 nihil
1488 2961 1807 3035 prodesset,
1826 2965 1939 3020 nisi
1963 2965 2107 3020 forte

461 3054 529 3092 ea
550 3033 640 3092 ita
658 3033 992 3129 ‘deducstuji:
1015 3033 1078 3089 ut
1105 3033 1390 3129 Δῌίιιοέςὶιιῐῐι
1426 3033 1528 3129 pio
1550 3052 1790 3129 suar‘um
1825 3036 2111 3129 Ecclesios-
2143 3057 2188 3129 α

463 3123 590 3162 rum
645 3107 1073 3179 consuetudine
1105 3106 1329 3162 fortiter
1359 3106 1618 3179 quidem,
1643 3112 1702 3164 at
1732 3125 1864 3164 cum
1917 3108 2114 3165 debita

462 3179 873 3252 moderatione
910 3177 1292 3247 laborantem,
1321 3177 1422 3252 jus
1468 3177 1834 3252 pontiﬁcium
1878 3197 1982 3236 nec
2013 3197 2113 3236 ne-

458 3255 691 3323 gantem
726 3267 830 3306 nec
863 3250 1240 3322 impetentem
1273 3250 1560 3307 exhibeat.

527 3324 578 3376 9.
614 3327 685 3377 At
716 3321 1005 3395 numquid
1050 3323 1158 3378 hac
1205 3323 1429 3380 ratione
1459 3323 1787 3379 contexitur
1817 3321 2112 3395 Quesnelli

456 3393 781 3466 disputatio
798 3395 826 3450 ?
843 3393 1038 3468 immo
1062 3411 1194 3468 vero
1219 3395 1489 3468 quisquis
1509 3411 1638 3451 eam
1665 3400 1881 3468 attente
1910 3394 2116 3468 legerit

457 3483 569 3522 non
615 3483 797 3538 pauca
838 3466 1110 3548 inspersa
1141 3466 1984 3548 deprehendetquibusLd‘um
2017 3466 2114 3548 ille

453 3536 686 3594 omnem
707 3536 1194 3611 consuetudinem
1215 3536 1270 3592 in
1287 3536 1782 3611 appellatio—nibus
1797 3536 2113 3594 Gallicanis

457 3611 625 3664 Leoni
659 3610 919 3664 defuisse
963 3610 1272 3666 ostendere
1317 3609 1545 3675 suadet,
1573 3609 1803 3664 nullum
1839 3615 2115 3680 praeterea

446 3681 546 3748 jus
582 3680 840 3751 pontifici
877 3681 1058 3736 fuisse
1091 3697 1204 3735 non
1233 3681 1478 3736 obscure
1503 3681 1778 3736 insinuet.
1803 3686 1950 3735 Ante
1981 3698 2113 3736 exa-

455 3768 588 3823 men
616 3752 902 3823 factorum
919 3769 987 3806 ex
1012 3751 1229 3823 quibus
1251 3753 1614 3808 consuetudo
1634 3751 1888 3818 elicitur,
1905 3753 2113 3822 princi-

453 3821 616 3892 pium
651 3822 857 3895 statuit
886 3840 1005 3894 quo
1032 3821 1346 3878 indicatur
1375 3840 1440 3878 ex
1475 3829 1684 3879 natura
1716 3821 2110 3895 episcopatus,

454 3910 625 3964 quem
661 3893 929 3949 Christus
964 3911 1134 3949 unum
1176 3902 1341 3966 atq'e
1370 3895 1719 3951 individuum
1754 3893 2024 3963 instituit,
2055 3903 2113 3952 et

449 3966 618 4039 cujus
643 3983 674 4022 a
705 3966 945 4039 singulis
980 3968 1037 4039 in
1083 3966 1316 4039 solidum
1338 3984 1469 4038 pars
1501 3972 1740 4035 tenetur,
1773 3984 1839 4022 ac
1869 3968 2113 4039 proinde

452 4038 620 4111 quasi
642 4055 707 4093 ex
726 4036 855 4111 ipsa
877 4036 1103 4092 Domini
1129 4036 1497 4094 institutione
1518 4036 1900 4111 proficisci,u't
1919 4039 2110 4111 appel-

452 4110 702 4182 lationes
731 4109 801 4165 (υἱ
829 4111 1229 4181 provincialem
1252 4112 1333 4166 vel
1355 4109 1531 4167 etiam
1554 4113 1623 4167 ad
1645 4113 1910 4180 maiorem
1940 4109 2108 4182 syno-

451 4181 581 4236 dum
600 4182 896 4255 deferanlu
909 4199 933 4236 r
952 4200 964 4248 ;
982 4183 1125 4237 adeo
1145 4187 1208 4236 ut
1227 4186 1280 4236 si
1293 4185 1415 4255 quis
1431 4201 1582 4240 secus
1597 4185 1841 4254 fecisset;
1861 4188 1912 4239 et
1927 4181 1998 4238 ad
2015 4200 2110 4239 ea:-

453 4261 670 4326 traneos
681 4252 900 4326 judices
923 4255 1082 4308 vellet
1109 4269 1211 4324 per
1229 4252 1622 4326 appellationis
1645 4255 1891 4310 libellum
1915 4259 2106 4326 con/u-

449 4339 599 4395 gere,
614 4325 662 4378 is
683 4325 887 4394 episco)
905 4340 1063 4379 orum
1080 4325 1424 4382 concordiam
1441 4329 1807 4384 cohaerentem
1827 4327 2102 4394 collidere,

452 4397 828 4466 unitatemque
845 4395 1095 4470 scindere
1114 4399 1309 4452 merito
1331 4407 1636 4469 putaretur.
1656 4398 1757 4454 Ubi
1784 4399 1976 4470 ipsum
1999 4399 2105 4454 Ro-

452 4484 692 4541 manum
720 4467 1050 4541 pontificem
1067 4467 1502 4541 cumextraneis
1515 4467 1873 4541 quibuslibet
1893 4470 2108 4541 episeo-

453 4539 544 4624 pis
560 4538 960 4624 acjudicibus,
979 4538 1078 4624 qui
1101 4538 1885 4624 nullgjurespp'ellationpm
1911 4538 2108 4624 fruun-

451 4610 568 4678 tur,
592 4611 826 4667 videtur
855 4610 1168 4683 involvere.
1206 4610 1352 4668 Hinc
1398 4610 1615 4669 ibidem
1656 4611 1892 4681 subjicit
1913 4614 2016 4683 jus
2047 4613 2105 4668 in

453 4683 874 4756 appellationes
897 4682 1307 4756 episcoporum
1343 4683 1805 4756 metropolitanis
1835 4682 1951 4739 una
1972 4701 2102 4739 cum

453 4754 762 4826 provincia:
785 4755 1006 4827 synodo
1031 4771 1158 4810 esse
1175 4754 1434 4810 delatum
1459 4754 1582 4823 iure
1599 4755 1832 4827 quodam
1855 4757 2110 4812 naturali

453 4830 505 4880 et
536 4827 926 4900 consuetudine
948 4827 1014 4900 ab
1038 4828 1291 4883 omnibus
1319 4837 1547 4900 recepta,
1572 4844 1736 4899 quam
1761 4832 2105 4884 sacrosancta

451 4897 784 4970 postmodum
813 4899 1175 4970 conciliaram
1203 4897 1446 4970 ﬁrmavit
1469 4897 1783 4969 auctoritas,
1809 4916 1874 4955 ac
1895 4899 1941 4955 si
1966 4916 2070 4955 con
2087 4932 2103 4942 -

449 4971 541 5042 tera
564 4967 674 5022 hoc
694 4968 1120 5042 qualecumque
1138 4967 1238 5042 jus
1257 4973 1536 5040 naturale,
1561 4967 2101 5028 contra'consuetu-

453 5040 748 5114 dinemab
777 5040 1051 5114 omnibus
1073 5040 1390 5114 receptam,
1415 5049 1469 5100 et
1492 5049 1696 5101 contra
1717 5043 2100 5100 conciliorum

451 5111 860 5168 auctoritatem
894 5111 1336 5188 ebnitatur,'_qui
1368 5111 1482 5172 alio
1515 5133 1724 5188 causas
1755 5115 2099 5188 appellatio~

450 5202 592 5260 num
617 5189 815 5240 avocet
831 5183 916 5239 vel
943 5183 1358 5260 recipiatllinc
1379 5206 1502 5260 cap.
1530 5191 1594 5244 l6
1616 5183 2100 5260 Hilariu'mLeoni

450 5258 817 5313 resistentem
843 5259 1172 5329 constantiae
1203 5263 1259 5314 et
1286 5258 1631 5329 fortitudinis
1657 5261 1878 5323 laudat,
1900 5259 2098 5315 Leoni-

450 5346 563 5404 que
595 5333 918 5404 succenset,
942 5328 1108 5400 quasi
1143 5328 1570 5404 intrecipienda
1591 5331 1870 5386 Celidonii
1904 5331 2099 5404 appel-

451 5401 668 5476 latione
709 5402 852 5458 sedis
895 5416 1015 5458 suw
1043 5401 1408 5476 amplitudini
1433 5405 1558 5474 plus
1585 5418 1741 5476 aqua
1793 5401 2100 5470 studuerit,-

447 5473 818 5546 aflirmatque
840 5490 972 5530 eum
1007 5489 1296 5546 canonum
1322 5473 1756 5546 Sardicensi'um
1782 5476 2104 5531 auctoritati

446 5547 689 5601 maxime
711 5544 1045 5619 incubuisse,
1061 5561 1125 5619 ac
1148 5544 1202 5619 si
1220 5545 1363 5619 nihil
1385 5547 1566 5602 divini
1583 5547 1738 5618 juris
1759 5547 1944 5602 eidem
1966 5564 2099 5619 sup-

446 5619 624 5690 petat,
659 5617 969 5690 solumque
999 5615 1462 5690 ecclesiasticum
1511 5615 1756 5675 istorum
1805 5615 2096 5675 canonum

437 5687 851 5768 jus‘prartsndi
880 5687 1089 5768 possit,
1129 5689 1518 5768 quodtamen
1543 5691 1737 5764 ipsum
1771 5691 2098 5768 subducere

443 5759 670 5813 nititur.
687 5759 832 5816 Hinc
849 5761 1122 5816 eumdem
1141 5759 1477 5832 pontificem
1498 5759 1849 5836 imperatoris
1863 5766 2096 5821 auctori-

2138 4431 2186 4498 D

2224 1752 2354 1809 tem,
2404 1748 2572 1801 etiam
2619 1746 2932 1816 refragante
2961 1747 3134 1800 Leone
3168 1751 3224 1800 et
3261 1746 3543 1802 minitante
3584 1749 3806 1815 Augusto;

2227 1818 2404 1888 idque
2435 1833 2503 1872 ex
2532 1833 2598 1872 eo
2631 1817 2838 1889 probat
2867 1816 3012 1890 nihil
3032 1817 3248 1890 opponi
3272 1818 3472 1873 debita:
3492 1834 3616 1890 erga
3643 1823 3805 1873 Roma-

2227 1906 2364 1944 nam
2413 1890 2613 1944 sedem
2665 1889 3018 1950 reverentiae.
3042 1889 3182 1960 quia
3227 1905 3337 1944 non
3386 1889 3582 1946 latebat
3622 1891 3807 1945 inertem

2225 1977 2338 2016 esse
2367 1977 2430 2015 ac
2457 1963 2687 2016 otiosam
2714 1960 3110 2032 primariorum
3146 1961 3445 2031 praestitum
3475 1978 3602 2032 erga
3626 1963 3808 2032 inferio-

2224 2049 2315 2088 res
2345 2034 2616 2103 episcopos
2647 2033 3094 2102 prserogativam,
3111 2047 3242 2086 cum
3270 2034 3416 2088 nihil
3438 2033 3505 2089 ab
3531 2033 3608 2088 his
3629 2035 3725 2089 nisi
3743 2049 3804 2088 se-

2222 2104 2470 2160 cundum
2497 2120 2747 2159 normam
2776 2119 3050 2159 canonum
3076 2113 3391 2175 arrogatur.

2296 2176 2382 2246 lO.
2407 2179 2536 2230 Haec
2555 2192 2694 2230 vera
2714 2176 2939 2230 censeri
2965 2174 3290 2246 nequeunt,
3313 2175 3426 2231 nisi
3455 2175 3556 2230 Leo
3579 2174 3714 2229 omni
3730 2189 3811 2246 sp-

2267 2245 2600 2330 ellatio‘nem
2643 2245 3078 2330 jurelprivatus
3121 2252 3595 2330 supponaturhet
3643 2245 3813 2330 idcich

2225 2263 2600 2382 sanationem
2643 2263 2776 2317 jure
2809 2263 3078 2329 privatus
3121 2263 3507 2330 supponatur,
3543 2263 3595 2303 et
3643 2263 3813 2328 iccirco

2277 2319 2520 2375 uesnelli
2541 2319 2884 2390 disputatio,
2906 2336 3031 2389 quin
3053 2325 3435 2389 quaestionem
3457 2317 3628 2375 solius
3645 2317 3757 2372 facti
3775 2320 3816 2371 et

2227 2389 2672 2462 consuetudinis
2701 2391 3140 2462 expendendam
3169 2390 3246 2447 ab
3278 2391 3444 2448 initio
3476 2389 3818 2462 preposuit._re

2227 2407 2672 2446 consuetudinis
2701 2407 3140 2516 expendendam
3169 2407 3246 2447 an
3278 2407 3444 2448 initio
3476 2407 3756 2462 proposuit,
3775 2407 3818 2442 re

2226 2461 2356 2533 ipsa
2372 2463 2439 2517 ad
2455 2463 2557 2534 jus
2575 2477 2790 2545 negan_
2811 2477 2910 2517 um
2925 2462 3213 2545 vepgit,de
3231 2479 3347 2534 quo
3365 2479 3428 2545 se
3447 2461 3590 2518 nolle
3606 2459 3820 2545 quaestio:

2227 2550 2360 2589 nem
2395 2551 2624 2590 movere
2655 2534 2956 2605 professus
2989 2535 3196 2603 fuerat,
3224 2551 3359 2590 cum
3392 2539 3578 2590 tamen
3614 2534 3664 2586 id
3699 2535 3821 2586 esset

2225 2621 2341 2660 non
2365 2605 2555 2662 solum
2577 2607 2958 2677 quaerendum
2979 2606 3080 2662 sed
3105 2607 3284 2662 etiam
3309 2606 3822 2677 statuendum,an_te-

2224 2693 2402 2748 quain
2433 2695 2500 2734 ea
2524 2674 2651 2751 qua:
2682 2695 2750 2733 ex
2779 2677 3347 2751 ipsoexcerpsimus
3367 2676 3722 2751 disputationi
3750 2674 3820 2728 in-

2226 2754 2465 2822 sereret.
2485 2748 2646 2816 Quod
2681 2748 2875 2805 autem
2909 2748 3007 2805 ille
3029 2748 3143 2822 non
3174 2748 3592 2822 praestitit,an
3621 2752 3820 2822 praesta:

2225 2819 2442 2890 bimus,
2469 2828 2533 2876 ut
2559 2824 2782 2876 rectum
2811 2822 2882 2876 de
2911 2819 3190 2876 omnibus
3210 2821 3502 2892 judicium
3537 2821 3750 2884 feratur;
3774 2820 3818 2870 et

2221 2897 2531 2964 postquam
2554 2892 2914 2964 pontificium
2926 2893 3028 2964 jus
3041 2893 3439 2950 certissimum
3453 2893 3821 2964 demonstrsye-

2224 2958 2433 3038 rimus,
2459 2958 2600 3038 num
2630 2958 3049 3038 Quesnelliiinaa
3069 2966 3351 3038 apologis:
3378 2958 3818 3038 ratio,quie_ll_i|a-

2225 3036 2375 3119 rium
2410 3036 2776 3119 Leonis_jt_iri
2811 3032 3185 3119 pertinaciter
3230 3032 3587 3119 o'bnitentcin
3616 3032 3819 3119 exhibet.

2227 3108 2435 3181 idonea
2459 3109 2586 3181 ejus
2609 3107 2894 3178 defensio,
2914 3126 2986 3164 an
3019 3109 3216 3164 verius
3239 3110 3581 3181 gravissima
3601 3107 3671 3162 sit
3689 3119 3820 3181 aecu-

2225 3180 2395 3248 satio,
2414 3173 2779 3252 exploratum
2805 3173 2920 3235 fiet.
2938 3181 3122 3236 Immo
3145 3173 3280 3236 cum
3305 3181 3515 3236 Hilario
3531 3173 3821 3252 Quesnellus

2224 3267 2292 3306 ex
2321 3249 2564 3308 arbitrio
2594 3252 2813 3306 tribuat
2837 3253 2987 3307 927
3024 3252 3484 3308 inobedientiam
3518 3254 3640 3323 post
3665 3249 3823 3323 ipsum

2226 3323 2435 3396 Leonis
2486 3325 2808 3388 decretum,
2833 3340 3010 3396 quam
3045 3340 3148 3380 nec
3190 3325 3458 3396 probavit
3479 3319 3578 3378 nec
3623 3319 3823 3396 probare

2224 3395 2537 3469 potuisset;
2573 3391 3074 3469 grayasse'ipsum
3097 3391 3290 3469 multo
3315 3395 3521 3469 magis,
3544 3391 3701 3469 quam
3727 3391 3825 3469 ipsa

2225 3463 2316 3542 res
2339 3467 2487 3522 ferat
2509 3463 2920 3542 intelligimus;
2935 3468 3170 3522 Interim
3195 3469 3271 3523 ad
3295 3463 3706 3542 singulos—juris
3725 3463 3826 3542 titu-

2223 3532 3118 3610 losexcutiendos'accedamus;
3147 3555 3278 3610 quae
3310 3532 3505 3596 autem
3535 3532 3729 3608 aiqnior
3751 3532 3824 3587 Hi-

2223 3609 2354 3685 larii
2385 3609 2647 3685 defensio
2679 3626 2806 3666 esse
2839 3616 3013 3685 queat
3044 3609 3366 3685 subiﬁnem
3402 3612 3717 3685 exponetur.

2293 3682 2427 3737 ΟΑΡ.
2463 3683 2524 3737 γ.
2560 3683 2996 3738 Consuetudinis
3053 3683 3257 3739 titulus
3312 3682 3827 3753 circa'episcopontm

2223 3754 2623 3825 appellationes
2655 3754 2730 3808 ad
2765 3755 3064 3809 Romanam
3107 3756 3298 3811 set/cm
3349 3773 3385 3810 a
3430 3751 3596 3810 Leone
3635 3751 3829 3825 αξεξντξξε

2222 3817 2567 3886 vindicatur;
2597 3834 2650 3880 et
2671 3825 2950 3892 Quesnelli
2970 3834 3198 3881 conatus
3217 3837 3279 3882 ut
3301 3844 3424 3883 eum
3445 3827 3530 3882 illi
3545 3823 3728 3894 eripiat
3749 3817 3827 3894 eli:

2220 3895 2449 3950 duntur.
2477 3927 2546 3936 —-
2577 3898 2623 3950 l.
2652 3886 2884 3951 Nemini
2925 3898 3264 3968 persuaderi
3309 3898 3519 3969 poterit
3559 3886 3673 3978 eam
3703 3886 3824 4015 apud

2223 3966 2553 4015 Gallicanos
2580 3970 3066 4015 consuetudinem
3102 3969 3288 4015 fuisse
3311 3975 3376 4015 ut
3397 3968 3567 4015 nullm
3589 3983 3642 4015 in
3661 3967 3730 4015 G8
3754 3959 3824 4014 llis

2223 3966 2553 4045 Gallicanos
2580 3959 3067 4045 consuetudinem
3102 3969 3288 4045 fuisse
3309 3959 3567 4045 utnulla:
3589 3966 3642 4021 in
3661 3959 3824 4045 Galliis

2221 4039 2642 4111 appellationes
2656 4039 3053 4112 reciperentur
3073 4057 3106 4096 a
3127 4042 3572 4112 provincialium
3595 4034 3822 4112 concilio-

2221 4106 2349 4183 rum
2374 4113 2685 4168 sententiis
2702 4106 2941 4168 ad'alios
2955 4114 2978 4183 j
2991 4106 3190 4168 udices
3207 4114 3293 4169 vel
3320 4115 3374 4169 in
3389 4112 3489 4168 Gal
3502 4106 3682 4183 liisvel
3698 4107 3824 4158 extra

2220 4182 2587 4256 Galliasiioe
2600 4185 2837 4256 quidem
2858 4181 3036 4240 sensu
3051 4185 3349 4250 Quesnelli
3366 4181 3696 4256 sententiam
3713 4191 3826 4256 tion-

2221 4255 2366 4309 nulli
2401 4252 2768 4327 interpretati
2804 4260 2945 4311 sunt
2975 4273 3041 4311 ex
3073 4257 3145 4311 iis
3177 4273 3307 4326 quas
3340 4255 3614 4312 indicavit
3642 4252 3768 4327 part;
3795 4261 3823 4310 ι,

2219 4328 2459 4399 cap.15.
2508 4316 2580 4399 ldﬁ
2599 4333 2795 4383 autem
2831 4328 3072 4399 perinde
3101 4316 3258 4383 esset
3293 4346 3358 4384 ac
3391 4329 3580 4383 dicere
3605 4316 3824 4399 appella.-

2219 4385 2398 4454 tio-nis
2417 4398 2752 4472 prmsidium
2767 4385 2900 4472 ju‘re
2914 4399 3175 4472 omnium
3192 4401 3461 4472 gentium
3482 4385 3826 4454 inductumob

2220 4471 2692 4542 innocentes,qui
2736 4471 2922 4540 prima
2949 4470 3284 4542 cognitione
3313 4473 3432 4528 sive
3465 4487 3562 4539 per
3589 4474 3824 4542 errotem,

2219 4543 2338 4598 sive
2367 4559 2433 4597 ex
2469 4535 3305 4616 mali-tiaperperamudamnati
3343 4535 3826 4616 fuerint.‘q00d.qu9

2218 4631 2333 4669 non
2355 4618 2600 4686 negatur
2615 4611 2908 4669 inferioris
2924 4615 3148 4670 ordinis
3165 4614 3417 4681 clericis,
3436 4615 3483 4670 si
3502 4611 3732 4686 episcopi
3746 4616 3824 4686 gul

2217 4679 2506 4758 sententia
2527 4701 2587 4740 se
2605 4691 2877 4758 gravatos
2894 4688 3184 4743 senserint
3203 4705 3216 4754 ;
3233 4686 3366 4756 hoc,
3381 4679 3616 4758 inquam
3650 4679 3823 4758 ᾔρεξξξ·

2216 4757 2431 4832 simum
2459 4744 2801 4832 praesidium
2838 4764 3114 4832 negatum
3152 4744 3822 4832 fuisseIepiscopis'Galli'

2213 4828 2377 4886 canis
2399 4829 2573 4883 etiam
2607 4828 3040 4896 innocentibus,
3065 4831 3112 4886 si
3137 4828 3518 4887 conciliorum
3543 4828 3824 4898 provincia-

2210 4900 2356 4956 lium
2372 4899 2599 4977 judicio
2621 4900 2841 4971 injuste
2860 4894 3107 4977 fuissent
3125 4901 3499 4977 condemnati
3517 4894 3612 4977 {ac
3634 4894 3821 4977 ρςορέςζ

2213 4990 2310 5030 rea
2365 4973 2774 5045 episcoporum
2835 4973 3224 5030 conditionem
3288 4973 3471 5030 fuisse
3519 4972 3822 5045 deteriorem

2210 5061 2382 5129 quam
2401 5034 2760 5129 .clsriéorum
2797 5061 2809 5099 :
2843 5047 3000 5129 quod
3033 5062 3172 5129 sane
3201 5043 3689 5129 absurdissimum

2211 5117 2370 5190 Quod
2397 5116 2444 5170 si
2465 5115 2777 5172 Gallicanis
2793 5115 3083 5190 episcopis
3107 5117 3272 5173 licuit
3289 5115 3599 5190 appellare,
3614 5117 3824 5190 0011309:

2211 5135 2370 5184 uuoo
2397 5135 2444 5170 si
2465 5135 2777 5172 uaiiicanis
2793 5135 3083 5190 episcopis
3109 5135 3320 5173 iicuita
3347 5135 3821 5189 )p8llﬂl‘8,cuiisuv

2209 5189 2477 5244 tudinem
2511 5189 2664 5259 apud
2697 5205 2796 5244 eos
2827 5189 3176 5254 obtinuisse,
3208 5194 3272 5244 ut
3301 5135 3617 5260 ὦιᾳυεῃίξο
3646 5177 3821 5260 syllem

2211 5253 2591 5333 provocarent
2610 5261 2677 5316 ad
2696 5261 3024 5317 Romanum
3048 5253 3544 5332 pontiﬁcem,'cum
3560 5253 3823 5333 Sal-dicen:

2210 5325 2726 5416 ses‘eanones,_q_ui
2756 5325 3503 5416 ejusmodi-appellationes
3533 5325 3825 5416 pestis-1131‘s

2209 5403 2389 5488 Gallis
2413 5390 2626 5488 recepti
2644 5390 2892 5488 fuerint,
2917 5410 2980 5461 ut
3001 5390 3189 5488 capite
3211 5403 3480 5488 sequentj
3507 5390 3824 5488 petelillfg'

2210 5476 2396 5532 bitare
2419 5462 2715 5548 nonflicet.
2743 5477 2802 5532 Id
2836 5462 2904 5534 ei
2935 5462 3320 5548 subjiciendis
3349 5462 3820 5548 explorstiusﬁet.

2278 5551 2331 5602 2.
2357 5545 2826 5618 Appellationum
2859 5540 3239 5618 consuetudo,
3262 5564 3390 5618 qua:
3419 5540 3483 5601 ex
3507 5540 3714 5618 aliquot
3740 5547 3820 5618 aC-

2205 5609 2572 5694 torum's'erie
2588 5621 2876 5694 nascitur,
2900 5623 3180 5694 probatur
3201 5609 3452 5694 tes-tibus
3474 5614 3572 5694 qui
3596 5609 3673 5664 ίνθι
3696 5617 3819 5694 qu:

2206 5691 2736 5767 sdamsingulares
2775 5677 3201 5767 appellationes
3231 5677 3509 5756 indicent;
3536 5702 3602 5767 ex
3624 5677 3818 5767 311333?

2207 5762 2330 5821 aliis
2352 5756 2578 5822 similis
2599 5765 2793 5838 colligi
2814 5756 3051 5840 queant,
3070 5765 3161 5824 vel
3183 5765 3368 5839 ipsam
3394 5756 3815 5835 appellationum
