3986 6172
274 193 384 253 637

1262 201 1613 262 DlSSERT.
1662 201 1763 263 VI.
1812 201 1913 260 DE
1955 199 2271 262 JEJUNIO
2317 199 2673 262 SABBATI.

3557 200 3677 262 638

273 325 732 402 gnadragesima
759 326 997 402 evolvet,
1021 345 1289 387 revocare
1318 330 1377 386 in
1407 333 1651 387 dubium
1684 332 1923 388 audebit
1952 332 2009 398 Α
2037 332 2267 402 aquale,
2290 340 2365 401 et,
2385 340 2443 386 ut
2474 339 2551 386 est
2578 331 2732 387 nobis
2760 329 3051 400 traditum,
3075 339 3322 385 servetur
3349 331 3416 385 ad
3437 334 3679 402 corporis

270 396 747 474 jﬂggqu‘odde
770 399 1056 455 catholica
1074 408 1130 457 et
1161 404 1483 473 prasertim
1506 403 1805 459 Gallicana
1827 404 1919 474 je-

261 468 409 548 junii
438 469 965 553 disciplinaatate
982 468 1185 553 nostra
1206 476 1441 545 scripsit
1464 476 1558 531 ille
1580 482 1637 531 et
1662 476 1773 553 sub
1795 468 1919 530 oin-

266 541 433 617 nium‘
461 541 651 617 oculis
681 542 1042 617 publicavit?
1072 546 1212 610 Quis
1244 541 1357 601 non
1390 565 1492 617 pro
1522 564 1654 603 vero
1688 549 1917 615 habeat,

264 612 394 688 quod
420 612 511 688 (ut
561 613 659 668 ille
684 612 962 670 afﬁrmat
990 616 1090 670 lib.
1120 618 1142 670 1
1170 634 1296 688 cap.
1332 612 1438 687 11-),
1484 636 1637 674 anno
1686 612 1918 673 Domini

266 682 582 761 millesimo
605 688 1028 761 sexcentesimo
1052 682 1543 761 quinquagesimo
1558 696 1787 759 quarto,
1805 707 1919 761 quo

265 754 579 829 scribebat,
602 773 642 829 an
666 757 947 827 quibusvis
974 754 1233 828 fidelibus
1260 754 1421 816 aliud
1451 754 1593 816 nihil
1624 754 1919 829 exigebant

259 826 927 904 publicarat/tollebam
953 826 1116 904 leges,
1138 834 1255 887 nisi
1282 843 1342 887 ut
1370 836 1539 888 statis
1569 826 1921 904 deﬁnitisque

265 901 598 975 temporibus
626 917 658 975 ᾳ
677 902 935 955 carnibus
957 902 1313 968 abstinerent,
1335 901 1709 975 prandereq'ue
1729 923 1793 960 ac
1812 901 1919 959 cte-

265 986 401 1023 nore
430 973 602 1025 etiam
633 972 781 1026 laute
806 984 964 1043 atque
993 975 1236 1044 opipare,
1267 972 1555 1032 dummodo
1584 972 1706 1032 sine
1733 979 1919 1032 carni-

265 1044 631 1119 bus._impune
650 1045 1024 1119 patiebantur,
1044 1048 1546 1117 contendebanlque
1565 1050 1703 1103 tales
1732 1066 1917 1119 repre-

262 1111 427 1167 hendi
457 1131 577 1191 ηθηΔ
597 1111 788 1191 passa?
817 1115 957 1191 Opis
988 1134 1102 1191 non
1129 1119 1327 1173 credat
1358 1111 1576 1174 nudam
1608 1125 1665 1175 et
1695 1111 1919 1191 simpli-

260 1200 389 1264 cem
406 1186 689 1264 carnium
724 1186 1142 1264 abstinentiam
1159 1206 1274 1264 pro
1295 1208 1427 1245 vero
1441 1192 1671 1264 jejunio
1694 1208 1727 1245 a
1749 1186 1918 1246 nobis

255 1255 905 1332 habitam,_immani,ut
922 1258 1020 1325 ait,
1035 1266 1094 1314 et
1114 1255 1285 1331 plane
1304 1255 1759 1332 puerilierrore?
1777 1264 1918 1327 Quis

254 1344 364 1404 non
401 1327 769 1404 existimabit
800 1327 1261 1401 piaculum'esse
1292 1327 1340 1388 si
1383 1351 1497 1389 non
1532 1335 1730 1389 credat
1760 1337 1914 1404 quod

250 1400 495 1482 singulis
517 1416 619 1482 per
648 1404 823 1482 totum
859 1419 1090 1482 annum
1124 1404 1649 1482 hebdomadisjeria
1679 1400 1847 1482 sete—td
1867 1411 1917 1461 et

248 1471 476 1544 sabbato
497 1471 754 1544 jejunari
782 1483 1050 1544 praecepit
1079 1474 1360 1531 hodierna
1391 1471 1688 1532 catholica
1722 1477 1915 1533 Eccle-

248 1542 350 1595 sia
370 1542 730 1613 disciplina?
752 1544 868 1599 Hoc
890 1542 1042 1601 enim
1066 1546 1466 1603 indubitanter
1482 1550 1917 1603 asseveratDal-

243 1613 393 1690 laus
418 1630 554 1690 cap.
577 1616 652 1690 ⁸14
678 1615 942 1690 ejusdem
976 1618 1136 1683 libri;
1161 1626 1217 1672 et
1236 1619 1337 1673 lib.
1367 1637 1442 1683 ιν,
1466 1636 1595 1690 cap.
1618 1620 1673 1685 5,
1702 1620 1911 1675 iterum

2036 408 2086 457 et
2114 404 2325 459 animae
2354 402 2726 475 disciplinam.
2754 403 2904 458 Certe
2932 406 3027 474 qui
3054 404 3319 473 jejunare
3348 418 3456 456 non
3482 414 3677 473 potest,

2028 492 2135 530 non
2166 474 2761 545 praesumatinducire
2798 477 3132 535 novitatem;
3160 475 3251 529 sed
3292 476 3539 542 fateatur
3566 491 3681 529 esse

2027 548 2353 617 fragilitatis
2381 549 2624 617 prapriac
2653 546 2793 615 quod
2821 547 3070 607 relaxat;
3100 556 3152 600 et
3184 545 3423 601 redimat
3452 546 3679 601 eleemo-

2028 621 2181 689 synis
2207 618 2347 687 quod
2375 635 2482 673 non
2511 624 2685 688 potest
2713 626 2964 689 supplere
2984 618 3237 689 jejuniis.

2102 694 2177 742 Ex
2199 686 2307 743 hoc
2329 686 2559 760 egregio
2586 686 2924 760 Chrysologi
2949 686 3281 744 testimonio
3304 686 3561 758 plurima
3581 687 3679 743 lux

2030 760 2199 833 nobis
2223 760 2481 833 effulget.
2510 763 2564 814 1°
2589 760 2754 815 Enim
2788 767 3029 833 apparet
3060 762 3396 833 varietatem
3429 777 3460 833 a
3492 760 3677 833 pluri-

2029 832 2142 885 mis
2173 831 2367 886 invehi
2397 834 2640 901 capisse
2670 831 3121 904 tunc'temporis
3146 833 3202 887 in
3226 831 3540 904 Ecclesium
3567 832 3675 886 Ra-

2028 919 2383 958 vennensem
2416 914 2540 969 (cur
2597 920 2709 958 non
2759 909 2817 959 et
2863 905 2921 959 in
2969 903 3171 973 alias?)
3218 906 3277 956 2°
3327 903 3675 958 Varietatem

2028 974 2205 1047 istam
2237 974 2510 1029 novitatis
2542 975 2708 1045 argui
2750 978 2821 1031 ab
2858 975 3149 1047 episcopo.
3186 975 3242 1029 3°
3270 974 3580 1029 Varietatis
3611 990 3677 1029 ac

2029 1046 2301 1101 novitatis
2335 1046 2506 1101 istius
2533 1053 2710 1117 caput
2733 1046 2915 1102 unum
2937 1046 3084 1113 esse,
3114 1047 3266 1117 quod
3290 1047 3678 1116 quadraginta

2028 1118 2153 1172 dies
2185 1135 2298 1173 non
2322 1119 2683 1188 jejunarent,
2706 1120 3076 1189 traditumque
3094 1136 3131 1173 α
3156 1119 3385 1173 Domino
3406 1120 3505 1172 sub
3535 1123 3677 1172 tanti

2026 1205 2253 1244 numero
2282 1193 2626 1245 sacramenti
2645 1191 2930 1260 jejunium
2960 1190 3264 1245 violarent.
3289 1191 3346 1243 4ο
3376 1190 3537 1252 Quod
3559 1207 3675 1245 non

2027 1261 2582 1331 aqualeessetapud
2599 1261 3335 1333 eosquadragintadierum
3352 1261 3674 1331 jejunium,

2028 1333 2127 1404 sed
2154 1349 2309 1387 nunc
2332 1348 2619 1392 severum.
2645 1350 2801 1387 nunc
2823 1333 3248 1404 indulgentius.
3271 1334 3330 1386 5°
3354 1333 3677 1388 Hebdoma-

2027 1403 2233 1457 darum
2259 1404 2858 1475 quadragesimaliun'i
2884 1403 3029 1460 alias
3054 1405 3520 1473 resolutas,alias
3543 1404 3677 1475 rigi-

2026 1475 2133 1529 das
2164 1475 2281 1529 illis
2313 1475 2512 1530 fuisse.
2540 1476 2827 1530 Resoluta
2859 1482 3052 1531 autem
3086 1494 3161 1531 ea
3196 1476 3376 1530 fuisse
3405 1476 3679 1531 videntur

2025 1545 2082 1619 in
2116 1546 2330 1616 quibus
2356 1565 2389 1601 a
2410 1548 2637 1616 jejunio
2662 1548 2786 1603 dies
2808 1548 2987 1619 aliqui
3014 1548 3495 1612 absolvebautnr;
3524 1549 3675 1602 unde

2026 1618 2201 1699 fiebat
2227 1626 2289 1672 ut
2311 1619 2498 1699 (quod.
2520 1620 2682 1689 prius
2705 1618 3025 1699 notaverat)
3047 1620 3677 1699 sacratiquadraginta

246 1686 350 1749 ait,
377 1687 539 1754 quod
565 1688 834 1754 jejunium
853 1689 1021 1755 feria:
1043 1701 1235 1757 sexta,
1258 1707 1369 1744 non
1400 1686 1801 1758 voluntarium,
1824 1692 1916 1747 sed
1947 1704 1992 1767 Β
2024 1688 2248 1744 dierum
2272 1686 2500 1743 numeri
2522 1686 2865 1816 inisterium
2889 1686 3335 1746 solveretur.Vi5c
3355 1686 3549 1745 autem
3568 1692 3674 1745 du-

246 1758 560 1816 leaitimum
589 1774 707 1812 esse
734 1759 879 1816 apud
908 1760 1399 1816 adversarioslhoc
1426 1768 1515 1816 est
1545 1763 1908 1816 catholicos)-
2025 1760 2184 1815 bium
2210 1767 2298 1816 est
2316 1763 2456 1816 uuln
2481 1763 2584 1816 sab
2631 1770 2792 1816 atum
2814 1780 2844 1816 e
2868 1762 3142 1816 resolutis
3162 1764 3251 1816 his
3270 1763 3478 1816 diebus
3495 1768 3672 1816 esset.

241 1758 560 1826 legitimum
587 1759 879 1834 esseapud
908 1760 1283 1834 adeersariosl
1293 1762 1399 1816 hoc
1426 1768 1515 1817 est
1545 1763 1909 1834 catholicos),

238 1845 425 1905 neque
450 1845 520 1883 ea:
544 1830 891 1905 singulorum
909 1832 1153 1886 arbitrio
1172 1836 1583 1905 spontaneaque
1604 1830 1911 1904 devotione,

238 1901 346 1972 sed,
364 1916 441 1953 ea:
460 1901 595 1969 publ
603 1902 687 1955 ica
704 1905 1118 1972 necessarioque
1137 1906 1250 1972 lege
1266 1907 1346 1958 sic
1364 1906 1430 1959 ab
1451 1901 1707 1959 omnibus
1726 1910 1775 1960 et
1793 1901 1910 1960 sin;

235 1971 410 2048 gulis
429 1972 720 2048 observari
742 1971 1127 2048 notum_esl,ut
1147 1971 1198 2028 si
1216 1978 1337 2045 quis
1357 1992 1416 2030 eo
1437 1977 1524 2031 die
1548 1980 1624 2047 (ut
1654 1979 1762 2046 ipsi
1790 1978 1912 2048 qui-

232 2043 369 2097 dem
391 2044 723 2115 loquuntur)
747 2059 856 2097 non
868 2045 1107 2114 jejunet,
1130 2043 1253 2100 eum
1278 2050 1367 2101 isti
1386 2043 1704 2115 gravissimi
1719 2043 1910 2103 crimi-

232 2117 332 2187 nis
358 2123 412 2169 et
439 2114 661 2187 quidem
680 2118 892 2170 aeterna
910 2122 1085 2171 morte
1108 2118 1269 2187 digni
1296 2114 1451 2172 reum
1480 2127 1755 2175 censeant.
1780 2121 1913 2175 POst

232 2184 477 2257 aliquot
510 2184 753 2250 multos,
779 2184 1244 2257 inquam.annos
1276 2190 1451 2244 ﬁdem
1494 2191 1707 2246 Dallao
1739 2193 1907 2247 abro-

233 2274 384 2331 gare
405 2256 682 2331 plurimis
699 2256 895 2313 forsan
916 2259 1116 2331 religio
1131 2264 1261 2327 erit,
1276 2261 1675 2317 hominiGallo
1689 2264 1912 2319 scilicet

233 2331 312 2383 de
336 2328 646 2383 Gallicano
681 2344 841 2402 more
872 2331 963 2384 sui
996 2328 1278 2402 temporis
1312 2335 1463 2387 serio
1494 2335 1790 2397 scribenti,
1814 2352 1907 2390 eo-

233 2416 361 2470 que
394 2404 698 2473 asserente
721 2400 996 2457 defendet
1025 2400 1309 2471 ieiunium
1346 2421 1447 2473 per
1468 2408 1798 2461 Adventum
1834 2407 1908 2461 ri-

233 2473 382 2541 gide
414 2472 794 2544 observatum
844 2489 973 2528 esse
1024 2491 1123 2544 per
1152 2476 1279 2542 eius
1329 2472 1557 2530 atatem
1590 2477 1648 2531 iu
1679 2478 1907 2532 Galliis.

236 2545 438 2617 Neque
466 2544 652 2617 nobis,
670 2542 883 2617 inquit.
906 2544 973 2617 de
994 2542 1269 2601 Adventus
1290 2548 1513 2617 jejunio
1538 2549 1816 2604 molestior
1834 2557 1912 2605 est

237 2613 611 2669 adversarius
638 2614 1092 2683 (Bellarminus),
1116 2617 1256 2686 quod
1278 2613 1474 2673 itidem
1492 2620 1771 2674 contendit
1799 2637 1912 2676 non

242 2690 369 2739 tam
396 2702 469 2740 ea:
494 2695 770 2756 pracepto
800 2704 966 2757 quam
1003 2704 1073 2743 ea:
1110 2690 1343 2744 consilio
1374 2694 1474 2745 aut
1501 2696 1619 2746 voto
1657 2708 1693 2746 a
1724 2693 1911 2748 multis

244 2759 490 2811 servari.
512 2759 854 2827 Quamquam
872 2761 1020 2828 apud
1040 2777 1139 2815 nos
1151 2778 1302 2826 sane,
1318 2763 1379 2816 id
1392 2764 1487 2826 est,
1504 2765 1566 2816 in
1585 2764 1787 2825 Gallia,
1802 2780 1911 2819 non

249 2832 449 2905 minus
469 2835 729 2905 aeeurale
750 2834 845 2883 aut
874 2833 1129 2899 religiose
1149 2838 1247 2886 hoc
1261 2834 1545 2904 Jejunium
1568 2851 1733 2903 quam
1754 2836 1916 2905 quod-

250 2901 345 2953 vis
369 2900 524 2954 aliud
550 2918 615 2955 εἰ·
645 2917 887 2956 pass:ch
918 2919 985 2956 ετ
1014 2900 1331 2958 οΒεειινᾸιὶί
1360 2906 1427 2959 ab
1458 2900 1798 2961 adversariis
1826 2910 1915 2962 vi-

260 2971 441 3047 deam.
467 2971 598 3026 Hac
632 2972 833 3047 omnia
864 2973 1094 3047 aliaque
1126 2974 1381 3044 plurima
1410 2994 1585 3047 quam
1618 2977 1918 3033 evidenter

257 3042 431 3107 falsa,
456 3060 631 3125 quam
647 3042 1024 3125 “calumniosi:
1050 3042 1309 3125 inventa,
1334 3042 1508 3125 quam
1542 3050 1918 3125 impudenter

264 3115 600 3187 conscripta
643 3115 858 3171 fuerint
887 3135 921 3173 a
964 3117 1199 3187 Dallao,
1244 3115 1414 3174 nemo
1453 3115 1773 3181 Gallorum.
1803 3123 1918 3176 nisi

264 3186 511 3261 insanus
539 3188 638 3261 aut
686 3197 892 3261 emota;
910 3190 1127 3255 mentis,
1154 3186 1267 3244 non
1302 3189 1594 3261 intelligit.
1626 3198 1688 3246 Et
1717 3198 1914 3248 tamen

267 3257 405 3325 quis
434 3264 562 3329 post
585 3258 793 3332 elapsa
823 3259 1041 3330 aliquot
1072 3261 1306 3329 saecula,
1337 3262 1391 3316 id
1427 3257 1527 3332 pro
1556 3263 1768 3318 Dallao
1799 3282 1914 3320 non

270 3335 521 3404 opponat
549 3329 887 3404 aliquando,
916 3329 1070 3404 quod
1108 3334 1281 3388 modo
1312 3329 1556 3389 Dall'aus
1591 3352 1691 3404 pro
1719 3342 1916 3391 Sccra-

268 3400 579 3478 ta?__Estne
603 3400 945 3478 verisimile,
964 3403 1211 3478 inquiet,
1234 3404 1513 3460 Dallaum
1537 3400 1602 3460 in'
1620 3422 1680 3461 re
1702 3406 1911 3478 hujus-

268 3472 421 3547 modi
451 3472 683 3547 mentiri
715 3472 987 3547 voluisse,
1009 3476 1178 3544 cujus
1209 3482 1483 3547 prompta
1530 3494 1595 3532 ac
1641 3472 1913 3547 expedita

266 3544 521 3618 probatio
564 3544 627 3599 in
669 3544 928 3618 omnium
981 3547 1165 3601 oculis
1214 3544 1476 3618 quotidie
1525 3544 1911 3604 versabatur?

265 3610 511 3671 Profecto
562 3632 677 3670 non
730 3610 1547 3681 hareticum,sed'insanum
1593 3637 1659 3675 ac
1707 3626 1909 3675 emota

268 3687 470 3741 mentis
491 3687 791 3743 hominem
815 3688 994 3744 istum
1018 3691 1202 3745 fuisse
1223 3692 1501 3757 oportuit,
1525 3691 1657 3746 siin
1686 3692 1795 3747 hoc
1816 3710 1907 3747 ar-

268 3762 531 3823 gumento
561 3758 756 3813 sciens
788 3777 855 3815 ac
885 3760 1083 3815 volens
1138 3761 1455 3817 Ecclesium
1508 3762 1906 3820 calumniatus

270 3828 511 3885 Psallam
537 3829 710 3905 paulo
728 3830 919 3905 fusius
942 3832 1212 3903 persequi
1233 3850 1346 3888 non
1372 3834 1578 3905 piguit,
1596 3840 1659 3889 ut
1680 3835 1911 3891 hodier-

270 3901 611 3976 noexemplo
628 3901 862 3957 evidens
885 3901 1236 3973 ﬁeretqu'am
1256 3901 1532 3976 suspecta
1555 3907 1761 3962 merito
1779 3924 1908 3962 esse

270 3968 1092 4051 debeateorumg‘scriptorurn
1149 3976 1315 4040 ﬁdes,
1348 3968 1449 4048 qui
1501 3980 1907 4051 propensiores

268 4041 437 4118 fuisse
462 4044 520 4098 in
543 4044 847 4118 haereticos
869 4041 1335 4118 prasumuntur;
1362 4041 1467 4103 nec
1494 4041 1679 4118 magis
1701 4068 1909 4105 assen-

266 4112 517 4169 tiendum
542 4115 765 4190 Socrati
798 4112 1022 4190 homini
1050 4119 1244 4190 Graco
1268 4112 1337 4174 de
1362 4112 1905 4190 jejunio‘Romano-

271 4199 385 4261 rurn
409 4187 562 4261 apud
583 4188 1150 4261 Constantinopolim
1177 4187 1671 4261 scribenti,quam
1694 4192 1905 4248 Joanni

272 4256 462 4313 Dallao
493 4258 658 4314 Gallo
690 4260 748 4315 in
771 4256 1315 4332 Gallia—metropoli
1348 4256 1563 4317 viventi
1595 4264 1905 4319 scribenti—

268 4343 542 4403 gue._cum
583 4332 655 4385 de
683 4330 983 4387 Gallorum
1010 4330 1237 4403 jejunio
1269 4334 1475 4389 1084
1508 4339 1628 4389 tam
1662 4336 1905 4392 ridicule

267 4398 569 4474 fabulatur,
602 4408 725 4457 tam
757 4398 1283 4474 perfricaia'fronte
1309 4405 1722 4461 calumniatur.

296 4471 437 4550 α
464 4473 724 4550 Denique
746 4471 814 4529 ex
840 4475 1260 4550 nonnullarum
1293 4477 1679 4533 Ecclesiarum
1710 4482 1904 4533 Roma

261 4544 570 4600 vicinarum
624 4544 998 4616 relaxatione,
1031 4548 1115 4601 vel
1160 4549 1337 4604 etiam
1386 4566 1455 4604 ex
1504 4550 1900 4605 Romanorum

263 4618 639 4690 quorumdam
664 4634 697 4672 ιι
713 4620 1008 4690 communi
1028 4619 1152 4689 lege
1170 4621 1561 4675 recedentium
1588 4623 1745 4690 praxi
1766 4639 1779 4688 ;
1799 4639 1902 4677 seu

263 4686 841 4757 Manichaorum,qui
876 4692 986 4745 sub
1013 4686 1296 4747 catholico
1319 4693 1555 4747 nomine
1586 4686 1687 4748 diu
1710 4686 1904 4749 ﬂama

262 4757 588 4830 latitarunt;
624 4776 725 4815 seu
746 4762 1103 4829 Judaorum,
1128 4764 1227 4830 qui
1255 4764 1483 4819 sabbati
1505 4764 1661 4819 diem
1688 4765 1902 4820 festum

260 4829 571 4907 habebant;
595 4850 699 4907 seu
722 4833 1140 4907 cathelicorum
1163 4835 1425 4891 Ecclesia
1446 4836 1625 4907 leges;
1645 4842 1707 4891 ut
1732 4837 1904 4891 hodie

264 4910 389 4957 sunt
413 4904 1448 4973 plurimi,conculcantium,Socrates
1472 4904 1541 4963 de
1561 4912 1683 4962 tota
1700 4908 1903 4964 Roma-

265 4991 336 5029 na
350 4976 617 5032 Ecclesia
636 4975 1227 5049 disciplinajudicare
1246 4979 1904 5049 prasumpsit.Varieta-

264 5052 364 5122 tem
386 5049 542 5122 enim
562 5065 677 5122 non
698 5047 989 5102 modicam
1015 5047 1901 5122 inquadragesimalejejunium

266 5118 636 5178 plurimorum
659 5118 1115 5188 intemperantia
1141 5118 1426 5178 invectam
1450 5125 1506 5178 in
1535 5118 1903 5178 Ravennensi

268 5188 499 5265 Ecclesia
528 5192 719 5265 Roma
742 5190 931 5246 vicina
962 5192 1229 5265 deplorat
1258 5196 1464 5250 Petrus
1486 5193 1901 5265 Cbrysologus,

271 5261 419 5338 Leoni
446 5263 795 5338 chratique
817 5261 1150 5338 aqualis.Si
1164 5261 1727 5338 ergo,inquit(Serm.
1755 5265 1898 5330 166),

270 5334 614 5409 quadraginta
662 5335 887 5409 dierum
931 5336 1188 5406 simplex,
1218 5334 1441 5409 purum,
1463 5338 1700 5408 aequale,
1732 5338 1904 5392 tantis

269 5407 594 5470 testimoniis,
616 5406 715 5461 sub
741 5407 888 5461 tanti
904 5423 1134 5464 numero
1153 5406 1487 5466 sacramenti
1511 5406 1782 5464 traditum
1811 5425 1903 5464 no-

273 5475 336 5530 bis
356 5496 390 5551 μ
418 5479 650 5533 Domino
685 5478 958 5551 ieiunium
986 5481 1323 5551 perducetur,
1347 5482 1492 5536 unde
1514 5482 1623 5536 ista
1644 5482 1903 5545 varietas,

274 5550 392 5604 unde
418 5552 637 5605 novitas
687 5553 812 5617 ista,
845 5550 993 5606 unde
1036 5552 1382 5608 hebdomada
1428 5570 1577 5608 nunc
1624 5553 1900 5617 resoluta,

275 5635 395 5695 nunc
421 5622 653 5686 rigidae,
677 5638 829 5676 nunc
853 5622 1200 5695 indulgentes
1217 5627 1479 5695 nimium,
1500 5641 1649 5680 nunc
1669 5628 1906 5679 severa?

275 5693 397 5749 Unde
416 5695 788 5768 intemperati
806 5694 1018 5768 jejunii
1036 5712 1169 5751 usus
1192 5698 1417 5768 iste,qui
1436 5693 1533 5753 aut
1553 5698 1764 5765 afﬁciet
1784 5699 1904 5751 sine

272 5767 433 5839 venia,
486 5770 585 5822 aut
631 5767 884 5821 remittat
938 5766 1008 5823 ad
1049 5766 1444 5841 crapulam7...
1498 5769 1787 5840 Jejunium
1830 5770 1904 5824 sit

2025 1760 2184 1815 bium
2210 1767 2298 1816 est
2316 1763 2456 1831 quin
2481 1760 2792 1816 sabbatum
2814 1780 2844 1817 e
2868 1762 3142 1818 resolutis
3162 1764 3251 1817 his
3270 1763 3478 1817 diebus
3495 1768 3672 1831 esset,

2023 1848 2154 1886 cum
2186 1839 2241 1887 et
2274 1833 2563 1902 ejusmodi
2596 1834 2930 1889 remissioni
2964 1836 3223 1889 faverent
3253 1841 3337 1888 tot
3367 1835 3672 1904 regionum

2022 1905 2196 1959 etiam
2219 1904 2546 1976 vicinarum
2578 1906 2862 1976 exempla,
2888 1912 2944 1960 et
2975 1906 3195 1975 requiei
3226 1923 3329 1959 seu
3361 1907 3674 1960 Dominica

2022 1992 2124 2030 seu
2157 1975 2407 2049 calestis
2439 1980 2901 2046 representenda
2944 1977 3315 2049 signiﬁcatio.
3347 1978 3405 2029 6°
3436 1976 3678 2032 Elicitur

2023 2063 2121 2119 eos
2153 2050 2251 2117 qui
2277 2047 2549 2117 jejunare
2582 2066 2697 2103 non
2733 2047 3021 2119 poterant,
3053 2065 3168 2102 non
3200 2054 3504 2104 contentos
3525 2051 3676 2119 jeju-

2024 2118 2186 2172 nium
2234 2124 2468 2189 pr0pter
2517 2119 2917 2175 inﬁrmitatem
2952 2120 3194 2184 solvere,
3221 2118 3539 2175 novitatem
3564 2121 3675 2174 ali-

2024 2137 2186 2172 nium
2234 2137 2468 2244 propter
2517 2137 2917 2175 innrmitatem
2952 2137 3194 2184 scivere,
3221 2137 3532 2175 novnatem
3564 2137 3675 2174 an-

2022 2206 2199 2261 quam
2224 2190 2279 2243 in
2307 2208 2338 2244 o
2383 2191 2768 2246 servationem
2795 2191 3264 2261 Quadragesima
3288 2193 3563 2247 inducere
3587 2210 3676 2246 vo-

2022 2260 2298 2335 luiss_e,ut
2313 2262 2588 2335 omnibus
2606 2263 2665 2316 in
2683 2266 2953 2317 eumdem
2976 2260 3154 2335 ritum
3174 2262 3671 2335 conspirantibus,

2022 2350 2127 2387 nec
2171 2332 2280 2403 ipsi
2318 2334 2615 2406 jejunium
2652 2335 3044 2403 quadraginta
3074 2332 3671 2406 dierum—implerent,

2022 2420 2125 2458 nec
2155 2410 2350 2458 tamen
2384 2406 2455 2457 ab
2478 2405 2611 2458 aliis
2634 2406 3054 2474 discrepantes,
3079 2405 3506 2475 singularitatis
3537 2411 3674 2461 nota

2022 2475 2419 2529 inurerentur.
2442 2475 2588 2529 Hinc
2620 2482 2709 2531 est
2738 2478 2890 2544 quod
2924 2478 3067 2531 dicit
3101 2493 3113 2531 :
3148 2478 3255 2543 Qui
3282 2479 3535 2545 ieiunare
3562 2494 3673 2533 non

2013 2550 2207 2617 potest,
2239 2561 2346 2599 non
2368 2551 2661 2615 praesumat
2687 2548 2944 2602 inducere
2964 2549 3293 2610 novitatem;
3313 2548 3405 2604 sed
3422 2550 3672 2618 fateatur

2020 2634 2135 2673 esse
2161 2618 2494 2688 fragilitatis
2522 2622 2785 2687 propria,
2818 2618 2959 2688 quod
2988 2618 3235 2673 relaxat.

2096 2689 2175 2743 Ex
2204 2688 2546 2757 hujusmodi
2580 2690 2761 2760 igitur
2804 2690 3279 2745 innovationibus
3310 2690 3447 2745 oriri
3480 2690 3671 2761 potuit

2022 2759 2190 2829 falsa,
2219 2777 2396 2830 quam
2447 2759 2709 2830 concepit
2751 2765 3039 2826 Socrates,
3087 2763 3158 2816 de
3213 2759 3673 2831 Quadragesima

2027 2831 2310 2904 Romana,
2345 2833 2562 2901 opinio.
2588 2832 2659 2887 Ut
2707 2836 2861 2887 enim
2914 2834 3193 2888 Romanis
3241 2833 3444 2888 1085
3496 2832 3669 2904 paulo

2025 2903 2345 2973 iniquiores
2375 2908 2541 2958 erant
2570 2905 2915 2968 Orientales.
2940 2904 3137 2959 faciles
3169 2903 3670 2959 calumniantibus

2025 2991 2196 3030 aures
2241 2975 2597 3044 praebebant,
2630 2976 2894 3045 illudque
2941 2993 3041 3046 pro
3093 2976 3487 3031 Romanorum
3541 2992 3671 3029 om-

2030 3048 2193 3101 nium
2234 3048 2658 3101 consuetudine
2687 3047 3112 3102 vinditantibus
3142 3049 3295 3117 quod
3332 3048 3416 3102 vel
3458 3064 3670 3117 pauco-

2026 3135 2159 3172 rum
2179 3118 2279 3190 vel
2309 3117 2631 3190 vicinorum
2664 3125 2787 3173 erat
2834 3119 3201 3190 indulgentia
3246 3124 3422 3190 atque
3450 3138 3484 3175 υ.
3513 3135 3673 3174 com-

2026 3189 2188 3244 muni
2220 3189 2345 3257 lege
2375 3189 2705 3243 declinatio.

2096 3260 2246 3315 XVI.
2275 3261 2537 3331 Expenso
2569 3260 2752 3314 textui
2779 3262 3031 3316 Socratis
3061 3262 3321 3317 succedit
3341 3259 3672 3316 Cassiodori

2024 3332 2364 3395 auctoritas,
2391 3348 2521 3401 qua
2549 3348 2613 3385 eo
2648 3333 2839 3402 potior
2868 3350 2933 3387 ac
2963 3332 3208 3387 validior
3240 3332 3488 3396 videtur,
3516 3333 3670 3402 quod

2024 3403 2149 3472 ipse
2172 3403 2271 3472 qui
2304 3408 2539 3475 senator
2560 3407 2616 3457 et
2636 3405 2841 3457 consul
2865 3408 2920 3457 et
2942 3406 3247 3474 prafectus
3274 3404 3541 3475 pratorio
3564 3405 3673 3457 fuit

2023 3475 2080 3528 in
2115 3475 2257 3529 urbe
2289 3475 2492 3538 Roma,
2517 3474 2789 3528 Romana
2814 3475 3077 3529 Ecclesia
3111 3474 3332 3530 morem
3372 3475 3431 3529 in
3468 3476 3670 3529 obser-

2020 3546 2470 3615 vationejejunii
2493 3547 3021 3615 quadragesimalis
3039 3548 3307 3617 ignorare
3325 3563 3437 3600 non
3460 3548 3668 3617 potuit.

2020 3622 2085 3671 ln
2109 3618 2369 3672 Historia
2399 3622 2592 3671 autem
2628 3617 2943 3688 Tripartita
2964 3618 3217 3673 Socratis
3248 3618 3440 3673 locum
3474 3635 3604 3673 mox
3639 3635 3673 3672 a

2021 3689 2191 3743 nobis
2241 3690 2575 3743 discussum
2630 3689 2826 3760 posuit
2856 3689 2947 3743 his
2978 3690 3212 3745 verbis:
3250 3691 3478 3745 Romani
3522 3690 3671 3745 enim

2018 3772 2128 3815 tres
2156 3766 2284 3816 ante
2314 3761 2529 3815 Pascha
2558 3764 2916 3829 septimanos,
2938 3766 3143 3831 praeter
3169 3762 3453 3817 sabbatum
3483 3770 3532 3816 et
3556 3766 3668 3817 Do-

2017 3834 2303 3896 minicam,
2329 3832 2426 3886 sub
2447 3834 2863 3887 continuatione
2882 3833 3162 3903 jejunant.
3187 3834 3328 3897 Quis
3355 3850 3525 3904 porro
3547 3850 3667 3887 cre-

2019 3904 2461 3974 dat,inquiunt,
2488 3904 2653 3958 illum
2695 3905 2750 3957 in
2786 3905 3036 3959 Historia
3084 3923 3192 3960 sua
3240 3905 3363 3961 hac
3412 3905 3667 3960 Socratis

2016 3976 2194 4032 verba
2243 3976 2576 4045 positurum
2629 3976 2830 4042 fuisse,
2855 3975 2903 4029 si
2936 3993 3056 4031 rem
3091 3994 3153 4031 se
3184 3975 3353 4031 aliter
3392 3976 3669 4031 habuisse

2018 4046 2321 4103 scivisset?
2352 4048 2515 4102 Certe
2538 4048 2936 4113 Cassiodorus,
2962 4048 3011 4100 si
3043 4048 3099 4101 id
3134 4046 3345 4101 falsum
3379 4063 3507 4101 esse
3529 4047 3671 4100 scis-

2017 4126 2127 4184 set,
2152 4118 2272 4173 hac
2293 4117 2546 4173 Socratis
2568 4118 2741 4171 verba
2763 4118 3030 4171 consulto
3053 4118 3372 4179 omisisset,
3396 4134 3467 4172 ne
3497 4117 3671 4171 lecto-

2017 4207 2136 4245 rem
2172 4191 2228 4243 in
2264 4191 2530 4244 fraudem
2581 4189 2902 4243 induceret.
2927 4190 3091 4251 Quod
3142 4205 3275 4243 cum
3316 4205 3432 4243 non
3468 4187 3669 4243 fecerit

2016 4265 2259 4331 apparet
2291 4278 2423 4315 vera
2472 4275 2600 4314 esse
2650 4277 2776 4329 qua
2826 4260 3093 4315 Socrates
3133 4261 3279 4316 dixit
3325 4262 3397 4316 de
3437 4259 3665 4330 jejunio
3758 4306 3765 4313 .

2017 4334 2437 4388 Romanorum.
2472 4331 2601 4385 Hac
2633 4332 2718 4385 vir
2747 4331 3147 4386 doctissimus.

2086 4404 2300 4459 Verum
2322 4420 2433 4458 non
2454 4404 2569 4457 ista
2592 4404 2965 4473 persuadent.
2982 4404 3122 4467 Quis
3139 4403 3294 4458 enim
3317 4401 3668 4458 nesciathoc

2015 4476 2098 4531 eis
2119 4477 2457 4548 plerumque
2474 4476 2813 4545 contingere
2830 4475 2931 4545 qui
2950 4492 3075 4530 com
3089 4476 3313 4548 pendiis
3332 4473 3668 4548 scriptitan-

2015 4543 2381 4603 dis'student
2410 4552 2512 4602 aut
2541 4543 2888 4603 centonibus
2920 4543 3273 4601 consuendis
3300 4562 3369 4600 ex
3402 4543 3662 4615 plurium

2015 4621 2368 4691 scriptorum
2388 4619 2949 4683 elucubrationibus,
2967 4624 3160 4691 utnon
3187 4616 3398 4691 minori
3421 4632 3557 4669 cura
3576 4633 3665 4669 er-

2016 4688 2149 4748 rata
2165 4693 2682 4759 exscribantquam
2704 4707 2832 4761 qua
2849 4688 3225 4761 suntveritati
3241 4692 3661 4761 consentanea;

2017 4766 2156 4834 quia
2172 4764 2440 4819 videlicet
2462 4758 2575 4817 non
2595 4758 3182 4834 suam,sed_alioru_m
3203 4758 3555 4814 sententiam
3582 4775 3665 4834 re-

2016 4831 2369 4905 prasentare
2389 4838 2689 4905 satagunt;
2716 4848 2820 4885 nec
2853 4831 2966 4905 alia
2988 4831 3276 4905 corrigere
3307 4834 3538 4905 curant,
3562 4833 3664 4886 sed

2016 4902 2248 4962 referre.
2270 4904 2543 4973 Exemplo
2567 4904 2644 4958 sit
2665 4902 2968 4957 Sozomeni
2996 4903 3180 4967 locus,
3204 4920 3379 4974 quem
3411 4904 3468 4957 in
3493 4919 3663 4957 suam

2015 4979 2232 5047 pariter
2263 4976 2574 5047 Historiam
2610 4974 2986 5043 Tripartitam
3033 4974 3662 5031 transtulitCassiodo-

2014 5046 2136 5103 rus.
2169 5049 2382 5103 Scribit
2422 5046 2519 5101 ille
2550 5046 2651 5100 lib.
2677 5061 2776 5112 vn,
2810 5061 2938 5115 cap.
2966 5048 3068 5102 19:
3094 5050 3156 5103 In
3185 5048 3319 5103 urbe
3368 5049 3535 5102 Roma
3564 5061 3665 5099 nee

2011 5122 2307 5189 episcopus,
2342 5133 2442 5173 nec
2478 5118 2947 5189 aliusquisquam
2996 5121 3057 5174 in
3104 5120 3347 5175 Ecclesia
3395 5116 3663 5189 papulum

2012 5186 2311 5247 docet.7Hoc
2330 5189 2541 5245 falsum
2564 5188 2745 5243 fuisse
2770 5186 3067 5255 probabile
3085 5199 3195 5255 est,
3212 5198 3275 5246 ut
3291 5186 3428 5245 alibi
3455 5186 3665 5243 asseri-

2015 5280 2148 5317 mus
2171 5265 2325 5329 (Vide
2356 5263 2576 5316 dissert.
2610 5261 2724 5315 1de
2752 5263 2877 5316 Vita
2906 5265 2956 5317 et
2985 5264 3095 5318 reb.
3125 5274 3261 5329 gest.
3286 5263 3340 5316 S.
3364 5261 3561 5315 Leonis
3590 5258 3664 5313 ad

2015 5282 2148 5317 IDUS
2171 5282 2221 5329 (Υ
2236 5282 2325 5319 tae
2356 5282 2576 5316 (1155671.
2610 5282 2634 5314 1
2657 5282 2724 5315 ae
2754 5282 2877 5316 vua
2906 5282 2956 5317 ει
2985 5282 3095 5318 νεο.
3169 5282 3261 5317 est.
3286 5282 3340 5316 ι).
3364 5282 3561 5315 beatus
3590 5282 3659 5313 au

2014 5353 2107 5391 an.
2132 5336 2270 5391 Chr.
2297 5335 2418 5399 440,
2438 5351 2494 5386 n.
2519 5332 2553 5385 8
2572 5341 2627 5404 et
2648 5336 2940 5403 seqq.),vel
2968 5352 3070 5404 per
3090 5282 3399 5402 idltempus
3423 5334 3479 5404 in
3504 5332 3659 5399 quod

2014 5403 2879 5463 coinciditSozomeniHistoria
2898 5403 3163 5460 ﬁnis.Sed
3185 5404 3232 5458 si
3250 5420 3375 5458 eam
3397 5403 3507 5457 sub
3523 5403 3662 5458 Leo-

2015 5480 2106 5535 nis
2131 5479 2469 5547 pontiﬁcatu
2502 5476 2891 5542 concinnavit,
2923 5483 2986 5531 ut
3008 5474 3515 5547 verosimillimum
3549 5481 3661 5537 est.

2014 5553 2085 5607 de
2110 5546 2271 5606 illius
2302 5548 2556 5605 falsitate
2585 5547 2841 5602 dubitari
2875 5566 2988 5603 non
3023 5551 3232 5618 potest.
3257 5546 3387 5618 Jam
3414 5562 3547 5601 vero
3579 5547 3662 5602 sic

2014 5623 2147 5677 inde
2166 5640 2344 5693 arguo
2361 5638 2373 5676 :
2389 5619 2491 5674 Vel
2517 5619 2625 5674 hoc
2643 5619 2811 5693 scivit
2831 5617 3328 5693 Cassiodorusyel
3350 5618 3657 5693 ignoravit.

2014 5695 2073 5750 Si
2097 5690 2407 5758 ignoravit,
2432 5708 2638 5761 parum
2669 5690 2912 5745 idoneus
2943 5692 3107 5745 testis
3134 5696 3222 5745 est
3244 5695 3513 5745 Romana
3539 5691 3659 5745 «lis-

2014 5767 2383 5839 ciplina,nec
2408 5762 2597 5836 magis
2627 5762 2954 5818 audiendus
2977 5778 3112 5819 cum
3142 5764 3214 5821 de
3233 5762 3459 5836 jejunio
3486 5778 3661 5835 quam
