3986 6172
175 188 290 249 649

172 322 315 377 dum

162 391 425 463 silenter,
459 403 520 447 ut
572 394 665 463 ait
702 392 1051 461 Florentius,
1084 395 1141 446 et
1169 391 1476 463 dissoluto
1514 393 1639 463 jam
1684 407 1823 446 con-

158 470 365 520 ventu.
400 462 561 529 Quod
597 462 726 519 falsi
750 480 992 530 arguere
1021 480 1137 518 non
1165 462 1319 525 licet,
1345 479 1478 518 cum
1512 462 1823 519 Flavianus

164 538 326 591 ultro
360 536 635 601 fateatur,
669 553 783 592 non
817 536 1056 606 quidem
1088 551 1150 589 se
1182 535 1477 590 audivisse
1507 533 1563 588 id
1606 535 1677 590 ab
1711 536 1822 589 Eu-

157 608 361 678 tyche,
391 609 487 663 sed
516 625 549 663 α
578 609 701 662 uiro
746 608 1292 678 magniﬁcentissimo
1338 607 1602 675 Patricio,
1634 623 1820 662 ascen-

200 678 327 735 ente
355 680 552 751 inquit
580 679 909 747 Flavianus,
945 681 1005 734 in
1053 680 1340 750 superiora
1369 678 1558 733 domus
1582 682 1705 748 post
1733 695 1821 733 s0-

159 758 341 807 tutam
370 751 665 823 synodum.

235 818 458 879 Veruin
492 828 582 878 est
623 820 875 891 denique
916 819 1172 891 aliquam
1206 818 1560 875 mentionem
1607 819 1822 874 factam

162 895 354 951 fuisse
387 896 458 950 ab
490 893 745 965 Eutyche
766 894 1013 965 Romani
1043 897 1099 945 et
1127 891 1498 947 Alexandrini
1519 891 1823 965 episcopo-

160 984 324 1035 rum,
349 967 490 1021 dum
525 963 712 1021 causa:
733 964 983 1019 examini
1004 964 1445 1018 incumberetur
1466 979 1497 1016 a
1519 963 1821 1030 Patribus;

165 1056 283 1093 non
321 1045 517 1093 tamen
544 1043 607 1093 ut
632 1038 699 1092 ad
723 1052 821 1091 eos
849 1039 1210 1107 provocarat,
1235 1036 1336 1089 sed
1372 1039 1435 1107 ut
1465 1050 1624 1099 eum,
1649 1050 1823 1105 quem

162 1110 636 1182 praescriberent,
659 1106 936 1182 loquendi
965 1108 1205 1182 modum
1230 1106 1695 1182 amplecteretur.
1722 1107 1824 1160 Ba-

162 1177 339 1236 silius
372 1182 528 1236 enim
582 1177 907 1251 episcopus
938 1178 1153 1232 auditis
1198 1177 1629 1251 episcoporum,
1676 1194 1824 1247 quos

160 1254 590 1309 Constantinus
618 1250 676 1307 et
706 1250 991 1306 Patricius
1023 1250 1423 1314 recensebant,
1458 1250 1821 1315 nominibus,

152 1326 283 1396 jam
319 1325 665 1404 meminisse
696 1322 893 1404 coepit,
926 1321 1145 1404 quod.e
1176 1322 1459 1404 memoria
1490 1323 1679 1403 fuerat
1706 1320 1823 1375 ela-

160 1391 341 1468 psum
379 1413 391 1450 :
426 1398 549 1451 Jam
578 1397 637 1450 in
666 1391 918 1463 veritate,
943 1391 1155 1468 inquit,
1178 1392 1319 1457 dico,
1349 1393 1527 1447 adhuc
1556 1394 1671 1468 ipso
1691 1409 1822 1468 con-

162 1464 333 1523 uentu
365 1468 606 1535 sedente,
639 1468 687 1520 et
714 1468 1051 1536 proponente
1079 1465 1633 1536 hocsanctasynodo,
1658 1468 1715 1517 ut
1740 1464 1823 1518 di-

158 1544 317 1596 ceret
346 1540 449 1594 iste
477 1539 613 1593 duas
640 1534 879 1592 naturas
909 1534 1305 1607 inseparabiles
1333 1543 1385 1591 et
1414 1534 1733 1607 incon/usas
1763 1536 1823 1589 in

164 1628 274 1667 uno
310 1612 568 1676 Domino,
590 1608 752 1680 idque
778 1612 897 1680 post
918 1608 1317 1680 adunationem
1339 1611 1498 1680 ;_scio
1519 1606 1650 1677 quid
1678 1608 1825 1661 dixit

164 1684 464 1773 reliqiqsus
516 1678 961 1773 ariliimandrit‘a
998 1678 1324 1773 Eutych)“;
1357 1678 1421 1733 Si
1459 1680 1826 1773 praeceperint
1853 1708 1901 1773 Β

162 1750 309 1811 mihi
337 1755 529 1809 Patres
576 1754 850 1808 Romanus
880 1754 933 1807 et
977 1750 1415 1815 Alexandrinus,
1462 1750 1580 1805 dico
1612 1751 1709 1805 hoc
1738 1752 1821 1821 ip-

164 1844 314 1883 sum.
347 1828 457 1882 Hoc
473 1833 652 1881 autem
668 1841 781 1879 non
801 1823 964 1895 quasi
987 1822 1271 1893 appellans
1284 1821 1473 1895 dixit;
1500 1822 1591 1876 sed
1610 1822 1823 1895 dicens:

166 1903 284 1955 Non
317 1915 446 1952 sum
493 1912 660 1952 ausus
690 1893 869 1951 dicere
907 1898 1135 1965 propter
1164 1895 1371 1965 Patres.
1418 1894 1605 1965 Atque
1635 1909 1702 1947 ex
1732 1893 1826 1948 his

166 1970 387 2036 verbis,
422 1984 673 2039 quorum
724 1963 920 2037 aliqua
950 1963 1265 2039 aliquibus,
1300 1964 1414 2019 alia
1445 1963 1576 2019 aliis
1608 1964 1823 2039 partim

169 2059 287 2096 una
339 2036 462 2095 vice
512 2036 1064 2109 ell‘uderat,’partim
1115 2036 1823 2109 altera,ﬂnunc_publice,

169 2129 329 2167 nunc
361 2111 625 2179 silenter,
642 2106 959 2181 aliquando
978 2108 1487 2181 quasiappellans,
1512 2106 1824 2181 aliquando

168 2190 402 2239 tantum
430 2188 679 2238 utsuam
696 2180 995 2251 explicans
1018 2188 1303 2247 mentem;
1329 2180 1634 2251 audaciam
1659 2196 1825 2234 sum-

170 2256 286 2327 psit
318 2254 608 2327 Eutyches
642 2250 980 2327 imponendi
1014 2257 1129 2327 tam
1162 2254 1212 2306 S.
1244 2251 1419 2327 Leoni
1442 2266 1543 2327 per
1571 2250 1822 2327 litteras,

168 2323 345 2397 quam
373 2323 649 2381 Patribus
672 2323 1070 2397 Orientalibus
1093 2325 1150 2377 in
1181 2326 1466 2397 conventu
1493 2323 1827 2397 Constanti-

178 2392 519 2470 nopolitano
560 2414 662 2470 per
690 2395 1176 2470 Constantinum;
1209 2394 1354 2470 inde
1375 2392 1823 2464 appellationem

176 2465 465 2526 mentitus
479 2465 1033 2539 est.Speraviteuim
1050 2482 1108 2520 se
1121 2465 1288 2539 facile
1301 2465 1357 2519 id
1375 2480 1657 2539 persuasu
1670 2482 1823 2539 rum,

173 2544 348 2612 cujus
369 2536 675 2603 memoria,
709 2541 1010 2594 mensibus
1034 2538 1268 2607 sexjam
1305 2554 1338 2590 a
1368 2536 1557 2591 soluto
1581 2536 1825 2612 concilio

170 2607 413 2686 elapsis,
438 2615 524 2668 sic
544 2612 850 2686 obliterata
879 2612 1088 2686 fuerat,
1114 2616 1179 2663 ut
1207 2613 1401 2663 tamen
1426 2607 1709 2686 nonnulla
1737 2608 1826 2661 in-

174 2680 334 2741 certa
353 2691 409 2740 et
432 2685 610 2740 dubia
630 2682 873 2751 vestigia
893 2682 953 2735 in
985 2680 1316 2751 aliquorum
1340 2685 1531 2735 mente
1553 2696 1823 2751 superes-

176 2758 562 2813 sent.Eadem
577 2756 751 2811 etiam
772 2751 1276 2809 fallacialibellum
1301 2752 1633 2823 quemdam,
1654 2767 1823 2821 quem

175 2828 470 2885 obtulerat
491 2827 763 2882 Patribus
784 2824 1313 2897 synodi,quem_que
1334 2823 1633 2897 suscipere
1653 2840 1825 2897 syno-

175 2902 291 2957 dus
314 2901 602 2968 noluerat,
619 2894 1025 2970 appellationis
1038 2894 1505 2970 libellumdixit,
1521 2912 1652 2950 cum
1679 2894 1825 2970 scri-

174 2974 389 3043 psitad
423 2977 479 3026 S.
501 2966 749 3043 Laenein
770 2968 1169 3043 ;_fidei_autem
1198 2966 1458 3043 libellum
1492 2967 1651 3022 hunc
1682 2966 1829 3021 dixit

171 3038 283 3136 per
311 3040 909 3136 llﬂl‘lltleusinlum
934 3039 1242 3136 diaconum
1271 3038 1647 3136 tinkcqnventu
1677 3044 1823 3121 Con-
1856 3069 1899 3136 Ο

173 3110 799 3187 stantiuopolitauomt
823 3110 1127 3182 conquesti
1155 3110 1526 3187 suntibidem
1546 3110 1823 3187 episcopi.

248 3189 394 3244 Hinc
411 3182 569 3260 p'atet
587 3202 762 3257 quam
778 3187 1125 3240 contraJoau
1136 3199 1267 3237 nem
1286 3182 1831 3260 pavidemrnilitent

174 3259 309 3331 ipsa
333 3253 813 3331 argumentaun
836 3272 939 3328 pro
953 3254 1542 3331 secongessitcoutra
1560 3253 1831 3309 illustris-

177 3327 650 3387 s'imum'Petrum
666 3327 736 3383 de
751 3327 965 3383 Ma’rca.
990 3327 1090 3396 Cuj
1102 3342 1169 3381 us
1188 3331 1383 3380 tamen
1399 3341 1582 3379 unum
1602 3330 1690 3379 est
1703 3342 1826 3380 ver-

178 3403 382 3459 bulum
405 3403 558 3474 quod
577 3399 831 3457 anovelli
853 3399 1032 3470 hujus
1046 3397 1565 3474 auctoriscensura
1584 3397 1741 3474 omni
1760 3414 1829 3452 ex

183 3481 344 3545 parte
358 3469 656 3529 vindicare
673 3490 787 3545 non
808 3469 1079 3545 possum;
1104 3469 1198 3545 ubi
1219 3469 1440 3545 scilicet
1459 3485 1586 3524 eam
1606 3469 1678 3523 ob
1697 3486 1828 3545 cau-

184 3540 308 3602 sam
332 3540 1286 3617 dicit,inappellationismentions
1307 3540 1594 3617 omissum
1613 3558 1741 3596 esse
1758 3540 1829 3617 ab

186 3619 435 3689 Eutyche
481 3613 785 3689 Domuum
824 3614 1251 3689 Antiochenum
1300 3613 1830 3689 episcopu_m,_quia

189 3684 482 3746 sententiae
538 3688 793 3743 Flaviani
826 3686 1276 3757 subscripserat.
1311 3684 1455 3757 Cum
1489 3685 1642 3739 enim
1681 3684 1827 3738 illud

193 3761 590 3833 appellationis
602 3756 1831 3833 commentuminauremFlorentiiinsusur-

188 3828 326 3890 ravit
345 3832 657 3905 Eutycbes,
687 3832 946 3887 nondum
966 3830 1105 3905 quid
1128 3829 1197 3885 de
1223 3846 1288 3905 eo
1316 3832 1513 3905 actum
1539 3828 1748 3905 fuisset
1768 3829 1827 3882 in

189 3907 395 3977 synodo
428 3900 652 3963 rescire
672 3907 946 3976 potuerat
964 3902 1228 3977 Domnus
1257 3900 1828 3977 Antiocheuus._Non

189 3971 271 4031 est
297 3983 485 4034 tamen
524 3971 699 4048 quod,
732 3979 1035 4048 tantopere
1085 3972 1206 4048 sibi
1228 3972 1548 4048 applaudat
1579 3971 1831 4048 scriptor

190 4048 297 4104 ille.
324 4051 382 4105 In
405 4042 584 4119 huju's
612 4047 766 4103 enim
793 4042 1209 4119 rationislPetri
1234 4042 1440 4119 Maer
1462 4043 1653 4098 locum
1682 4042 1829 4099 alias

192 4136 391 4192 easque
421 4115 780 4191 multiplices
799 4135 865 4192 ac
886 4118 1185 4192 genuinas
1208 4115 1660 4192 substituem‘us,
1679 4132 1829 4192 qua-

196 4186 317 4246 runi
340 4195 453 4248 vim
487 4193 536 4247 si
568 4186 915 4261 eireusserit;
945 4190 1054 4245 erit
1084 4187 1231 4243 mihi
1268 4203 1520 4261 magnus
1548 4186 1772 4256 Apollo.

248 4263 405 4320 Prius
420 4269 615 4320 autem
628 4255 953 4319 notandum
969 4260 1221 4317 esthanc
1234 4255 1613 4313 omissiouem
1625 4262 1759 4313 Dom
1772 4255 1828 4311 ni

199 4351 297 4389 non
328 4353 460 4392 casu
493 4335 757 4403 fortuito,
792 4335 889 4391 sed
934 4350 1000 4389 ex
1033 4330 1431 4404 praemeditato
1466 4328 1708 4385 consilio
1741 4330 1828 4404 fa-

198 4410 331 4462 ctam
362 4409 545 4463 fuisse
577 4423 590 4461 :
625 4406 780 4478 quod
833 4405 968 4478 inde
1019 4402 1197 4478 patet,
1224 4402 1386 4478 Aquod
1444 4417 1736 4478 nusquam
1770 4402 1828 4455 in

201 4480 457 4551 Eutychis
488 4475 680 4551 verbis
711 4477 902 4551 locum
937 4476 1163 4551 habuit,
1188 4475 1308 4529 sive
1337 4491 1470 4551 cum
1495 4490 1527 4551 a
1547 4475 1827 4551 Constan-

201 4543 618 4607 tino'Monacbo
650 4550 1003 4613 referuntur,
1037 4546 1156 4601 sive
1195 4562 1328 4601 cum
1362 4563 1393 4599 a
1426 4544 1670 4601 Patricio
1703 4543 1833 4599 Flo-

202 4622 391 4690 rentio,
422 4623 543 4676 sive
572 4637 704 4675 cum
730 4620 850 4674 haec
876 4619 991 4674 alia
1015 4618 1073 4672 in
1097 4620 1225 4689 ipso
1249 4622 1533 4672 conventu
1554 4617 1711 4690 dicta
1742 4632 1835 4670 re-

204 4689 382 4748 censet
402 4692 658 4748 Basilius
677 4691 1016 4763 episcopus:
1035 4690 1095 4744 Si
1114 4689 1637 4763 praeceperintniihi
1651 4690 1839 4763 Patres

209 4764 457 4819 Romanus
479 4768 532 4820 et
552 4760 983 4830 Alexandrinus,
1007 4760 1119 4816 etc.
1146 4762 1304 4815 Licet
1324 4760 1477 4816 enim
1504 4760 1651 4815 alios
1681 4760 1840 4831 epis-

208 4851 362 4906 copos
385 4837 479 4892 alii
506 4835 850 4903 omiserint;
874 4833 1127 4889 Basilius
1145 4832 1361 4906 quippe
1383 4837 1699 4902 utrumque
1717 4836 1843 4906 tan-

207 4904 313 4962 tum
337 4906 727 4978 patriarcham
748 4907 1074 4961 Romanum
1096 4905 1624 4978 et‘Alexandrinu‘m
1651 4904 1843 4958 nomi-

210 4985 319 5045 nat;
338 4975 636 5035 Patricius
654 4982 927 5046 praaterea
942 4975 1532 5047 Jerosolymitanum;
1556 4975 1809 5030 Constau
1822 5004 1842 5015 ο

212 5052 350 5107 tinus
372 5053 536 5107 addit
562 5054 621 5106 et
640 5048 1221 5105 Thessalonicensem
1250 5065 1261 5101 :
1289 5053 1349 5103 at
1365 5064 1571 5103 omnes
1602 5049 1669 5102 ad
1698 5064 1841 5117 pra:-

215 5124 632 5179 termittendum
666 5127 959 5176 Domuum
1006 5119 1433 5175 Antiocheuum
1466 5120 1842 5191 conspirant:

213 5196 344 5267 quod
371 5197 496 5251 sine
526 5194 754 5267 ratione
784 5208 957 5267 nemo
988 5191 1199 5267 dixerit
1228 5192 1569 5267 contigisse.

269 5269 398 5323 Eam
418 5284 593 5339 porro
611 5266 783 5321 nobis
802 5265 1075 5339 aperiunt
1092 5258 1848 5339 Facundus‘llermianeusis

214 5336 521 5419 episcopus,
536 5336 1354 5419 et_L_iberatus-diaconus,_in)
1366 5352 1458 5419 mo
1476 5338 1533 5416 et
1549 5336 1688 5419 Acta
1707 5348 1850 5385 con-

213 5403 312 5483 cilii
341 5403 639 5483 Ephesini.
661 5409 853 5483 Nemo
866 5412 953 5464 est
985 5408 1139 5483 enim
1160 5407 1265 5483 qui
1290 5406 1646 5483 Nestorianaz
1668 5403 1849 5458 haere-

210 5482 278 5539 sis
309 5479 618 5540 historiam
649 5481 735 5537 vel
770 5480 1129 5553 primoribus
1160 5480 1342 5535 labris
1375 5479 1654 5551 attigerit,
1677 5492 1848 5547 quem

1153 184 1511 248 DlSSERT.
1560 185 1693 247 VII.
1742 186 1845 247 DE
1889 184 2145 250 CAUSA
2187 185 2606 251 EUTYCHIS.

366 320 849 397 pronuntiaretur
892 318 1291 397 damnationis
1343 318 1674 397 sententia;
1722 320 1823 374 sed
1852 329 1906 397 Α
1937 322 2114 397 lateat
2136 338 2311 393 quam
2345 336 2549 397 graves
2579 318 2897 397 inimicitia:
2928 316 3066 397 olim
3088 316 3584 397 erarserint_iuter

3460 182 3584 245 650

1934 390 2222 449 Joannem
2256 390 2686 449 Antiochenum
2719 398 2774 447 et
2817 390 3094 463 Cyrillum
3124 390 3583 463 Alexandrinum

1933 468 2259 537 episcopos,
2294 464 2597 537 occasione
2646 460 2896 537 Nestorii
2926 460 3585 537 Constantinopolitani,

1933 534 2105 609 quem
2139 534 2231 592 hic
2251 542 2313 591 ut
2333 535 2629 609 catholicae
2652 535 2928 590 doctrina:
2956 535 3203 605 impium
3228 534 3583 609 adulteratoj

1932 605 2050 665 rem
2070 608 2495 673 insectabatur;
2514 606 2613 661 ille
2634 614 2834 661 contra
2853 612 2916 661 ut
2933 612 3427 677 propugnatorem
3447 605 3581 660 ﬁdei

1932 682 2303 736 defendebat.
2329 681 2463 743 Quae
2487 677 2813 733 simultates
2844 695 2910 733 eo
2937 696 3125 750 usque
3148 682 3581 749 processerunt,

1933 750 3115 822 utJoannesCyrillum,CyrillusJoaunem
3132 750 3313 822 insuo
3332 750 3585 822 quisque

1932 821 2564 880 coucilioanathemate
2580 822 2808 889 feriret;
2837 821 2986 876 inter
3001 838 3148 893 quos
3171 821 3310 876 licet
3330 821 3584 877 redinte-

1932 901 2101 967 grata
2147 896 2223 950 sit
2256 893 2790 967 amicitia,_iteratis
2834 898 3037 967 tamen
3084 894 3237 967 inter
3265 897 3583 967 utrumque

1975 973 2153 1034 estea,
2198 967 2503 1021 occasione
2552 965 2782 1020 Diodori
2831 965 3135 1019 Tarsensis
3183 968 3240 1020 et
3293 964 3583 1019 Theodori

1964 1038 2350 1109 lopsuesteni,
2368 1036 2823 1103 velitationibus,
2841 1037 3000 1107 antiq
3014 1054 3083 1090 ua
3098 1035 3370 1109 simultas
3384 1052 3580 1109 recru-

1932 1108 2059 1166 duit
2092 1128 2104 1164 :
2141 1115 2197 1164 et
2225 1110 2347 1163 haec
2372 1109 2561 1180 prima
2590 1109 2735 1162 ratio
2766 1113 2853 1180 est
2874 1125 2978 1163 cur
2996 1109 3259 1165 Domnus
3282 1108 3580 1180 Eutychen

1933 1184 2227 1238 infensum
2256 1179 2482 1247 habuit,
2503 1179 2635 1248 quia
2651 1179 2917 1233 videlicet
2947 1180 3041 1235 hic
3061 1179 3437 1234 Alexandrini
3460 1180 3582 1249 epi-

1932 1255 2090 1325 scopi
2108 1252 2372 1325 partibus
2395 1268 2626 1325 semper
2648 1252 2957 1325 faverat,_et
2982 1257 3097 1325 tam
3120 1251 3387 1325 Nestorio
3407 1268 3583 1325 quam

1932 1327 2003 1381 iis
2034 1322 2308 1381 omnibus
2342 1341 2488 1395 quos
2510 1322 3014 1395 Nestorianalabe
3043 1323 3289 1378 infectos
3312 1324 3581 1393 putabat,

1930 1397 2151 1453 bellum
2186 1393 2493 1451 indixerat.
2514 1395 2777 1449 Domnus
2794 1393 2948 1451 enim
2970 1396 3211 1450 Joannis
3240 1396 3453 1451 1102
3472 1397 3586 1449 An-

1933 1469 2210 1538 tiocheni,
2244 1467 2345 1539 qui
2379 1466 2610 1522 Diodori
2640 1472 2696 1521 et
2724 1466 3029 1532 Theodori,
3051 1466 3231 1522 immo
3253 1471 3308 1522 et
3328 1466 3583 1522 Nestorii

1933 1541 2324 1615 patrocinium
2356 1543 2716 1615 susceperat,
2745 1542 2870 1615 erat
2900 1554 2974 1615 ex_
3000 1556 3197 1615 sorore
3228 1542 3585 1615 nepos;qerat

1933 1609 2059 1669 tum
2091 1612 2441 1667 Theodorito
2473 1611 2623 1682 Cyri,
2655 1614 2781 1682 tum
2817 1609 3014 1665 Proclo
3045 1610 3405 1682 et__Flaviano
3433 1612 3581 1665 Con-

1933 1683 2473 1754 stantinOpolitanis
2519 1680 2812 1753 episcopis
2861 1685 2918 1736 et
2964 1680 3177 1754 studiis
3207 1685 3264 1736 et
3312 1682 3581 1754 partibus

1935 1751 2307 1827 conjunctus,
2341 1751 2620 1827 adversus
2654 1769 2801 1823 quos
2846 1754 2973 1827 jam
3019 1757 3076 1807 et
3105 1751 3419 1827 Dioscorus
3447 1751 3581 1827 Ale-

1934 1823 2257 1884 xandrinus
2294 1823 2363 1881 et
2408 1825 2698 1896 Eutyches
2747 1824 3238 1896 conspiraverant.
3292 1824 3454 1880 Unde
3486 1823 3583 1880 ille

1935 1902 2214 1957 adversus
2233 1895 2652 1953 Theodoritum
2672 1912 2823 1967 saepe
2846 1895 3174 1951 calumnias
3204 1898 3439 1962 struxit,
3462 1897 3579 1951 An-

1934 1973 2215 2028 tiochense
2246 1969 2513 2025 Ecclesia:
2540 1970 2679 2039 jura
2711 1968 2986 2023 invadere
3016 1972 3281 2033 conatus,
3315 1973 3373 2025 et
3401 1970 3580 2024 Cons-

1934 2041 2485 2114 tantiuopolitanam
2518 2041 2726 2114 sedem
2750 2039 3092 2114 deprimere.
3127 2040 3416 2114 Eutychos
3446 2055 3581 2114 vero

1935 2133 2034 2171 eos
2073 2109 2224 2185 apud
2259 2114 2454 2185 sedem
2486 2109 2863 2185 apostolicam
2898 2112 2967 2166 de
2998 2109 3345 2185 Nestoriana
3374 2112 3582 2185 haeresi

1936 2182 2153 2242 litteris
2186 2185 2310 2239 suis
2340 2182 2640 2239 infamavit
2668 2201 2680 2237 :
2706 2183 2951 2238 dubium
2983 2183 3139 2254 enim
3175 2199 3290 2239 non
3321 2188 3411 2239 est
3439 2182 3583 2254 quin

1934 2276 2035 2314 eos
2065 2256 2329 2327 designet
2380 2255 2478 2309 illa
2527 2253 2806 2325 Eutychis
2836 2253 3102 2325 epistola,
3130 2269 3333 2327 quam
3377 2253 3584 2311 Leonis

1936 2326 2286 2398 rescriptum
2319 2327 2491 2381 etiam
2524 2341 2681 2398 nunc
2713 2326 3437 2398 superstessubsecutum
3472 2332 3581 2383 est.

2004 2404 2062 2456 2.
2093 2396 2257 2454 Ratio
2280 2415 2384 2453 cur
2405 2396 2689 2467 Eutyches
2712 2396 2937 2452 Domno
2954 2397 3219 2452 infensus
3244 2399 3372 2468 ejus
3391 2398 3584 2453 conci-

1934 2471 2078 2526 lium
2104 2488 2237 2526 cum
2262 2469 2394 2529 aliis
2418 2485 2530 2523 nou
2548 2468 2960 2539 interpellavit,
2989 2485 3057 2523 ea
3079 2470 3345 2539 estquod
3371 2470 3421 2524 is
3441 2469 3582 2525 olim

1936 2544 2217 2599 adversus
2248 2540 2441 2612 Cyrilli
2475 2537 2732 2612 capitula
2754 2541 3089 2612 scripserat.
3124 2537 3307 2612 Quam
3340 2540 3412 2595 ob
3444 2557 3582 2596 cau-

1936 2632 2059 2670 sam
2094 2610 2305 2685 postea
2328 2614 2383 2667 in
2417 2611 2710 2685 Ephesino
2751 2610 3078 2681 latrocinio,
3112 2611 3217 2666 etsi
3238 2628 3355 2685 per
3384 2612 3585 2668 omnia

1936 2683 2192 2743 Dioscori
2228 2684 2481 2756 perfidia:
2513 2683 2998 2756 obtemperasset,
3034 2684 3119 2756 ab
3147 2683 3347 2756 eodem
3384 2690 3581 2739 tamen

1934 2754 2244 2829 depositus
2267 2761 2374 2810 est.
2401 2756 2547 2829 Datis
2577 2756 2634 2829 in
2660 2754 2853 2829 medio,
2877 2755 3074 2829 inquit
3095 2755 3400 2829 Liberatus
3426 2757 3581 2827 (Bre-

1934 2825 2073 2886 υἱόν.
2108 2845 2228 2899 cap.
2254 2828 2341 2899 12)
2364 2828 2477 2897 ejus
2502 2827 2759 2898 epistolis,
2785 2842 2922 2899 quas
2952 2825 3022 2899 ad
3050 2828 3233 2899 ipsum
3264 2825 3583 2883 Dioscbrum

1935 2897 2578 2958 Antiochenus'Domnus
2625 2902 2815 2971 contra
2863 2898 3146 2953 duodecim
3196 2897 3399 2969 Cyritli
3426 2901 3581 2971 capi-

1934 2975 2054 3029 tula
2082 2974 2402 3043 scripserat,
2433 2986 2492 3025 eo
2520 2969 2660 3043 quod
2684 2979 2860 3043 essent
2890 2972 3139 3043 obscura,
3170 2974 3278 3025 etc.

2008 3047 2059 3100 3.
2081 3040 2319 3099 Dissidii
2341 3042 2706 3097 occasionem
2730 3041 3013 3113 deditlbse
3036 3040 3588 3113 Edesseniepiscopi

1940 3133 2137 3171 causa.
2153 3116 2256 3170 Hic
2279 3112 3218 3185 partibusNestoriisalteminitio
3237 3112 3585 3181 adhaeserat,

1939 3189 2255 3269 scripserat
2274 3184 2446 3274 etiam
2466 3189 2676 3274 contra
2696 3184 2972 3274 Cyrillum
2994 3184 3586 3274 Alexandrinumﬁo:

1940 3255 2180 3329 muique
2211 3256 2550 3328 patriarchae
2582 3255 2675 3329 sui
2722 3255 2862 3329 e‘rat
2890 3255 3386 3329 studiosissimus.
3417 3258 3587 3328 Apud

1939 3327 2110 3401 quem
2128 3327 2261 3385 cum
2278 3331 2582 3401 accusatus
2598 3327 3133 3401 iuisset,damnatis
3150 3329 3278 3401 ejus
3292 3333 3589 3401 accusato-

1940 3398 2125 3467 ribus,
2151 3402 2527 3456 indemnatus
2552 3399 2676 3469 ipse
2701 3398 2961 3463 recessit,
2986 3416 3119 3453 eum
3144 3399 3587 3470 probatanimi-

1938 3491 2067 3529 rum
2095 3473 2302 3528 fuisset
2322 3475 2448 3541 ejus
2463 3472 2815 3526 innocentia.
2833 3472 2965 3536 Quae
2980 3487 3072 3525 res
3085 3469 3587 3541 episcopiAlexan-

1937 3545 2090 3627 drini
2108 3547 2354 3627 ejusque
2378 3542 3083 3627 partium'fau‘toresquﬁos
3105 3542 3257 3596 inter
3274 3541 3586 3627 Eutycbes,

1938 3614 2342 3674 vehementius
2365 3614 2678 3686 commovit
2700 3615 2979 3686 adversus
2999 3620 3312 3680 Domuum,
3327 3614 3587 3686 adeoque

1938 3689 2177 3760 Eutychi
2206 3688 2349 3742 satis
2372 3702 2538 3757 persu
2550 3685 2662 3760 a_sit
2680 3685 2824 3739 nihil
2847 3684 3054 3760 sibiab
3079 3701 3143 3739 eo
3165 3685 3471 3760 patrocinii
3490 3684 3585 3760 ex-

1939 3756 2322 3833 spectandum
2355 3756 2484 3833 esse
2522 3758 2801 3833 adversus
2829 3756 3189 3823 Flavianum,
3212 3758 3272 3833 si
3303 3758 3375 3813 ab
3407 3757 3585 3833 hujus

1938 3828 2229 3889 sententia
2259 3831 2326 3885 ad
2352 3830 2518 3886 illum
2540 3828 2907 3900 appellasset
2930 3847 2942 3884 :
2969 3829 3290 3900 praesertim
3314 3846 3446 3884 cum
3474 3830 3587 3885 Iba:

1938 3904 2391 3961 calumniatores
2414 3900 2690 3972 Eutychis
2710 3900 2956 3956 consilio
2977 3907 3031 3955 et
3059 3900 3322 3971 impulsu
3346 3902 3415 3956 ad
3438 3901 3591 3957 hanc

1939 3975 2373 4032 accusationem
2405 3972 2658 4028 fuissent
2686 3973 2921 4027 adducti
2950 3990 2965 4040 ;
2996 3973 3153 4041 quod
3185 3977 3437 4028 testatur
3467 3973 3593 4043 ipse

1940 4050 2071 4105 Ibas
2103 4052 2215 4101 act.
2240 4049 2274 4099 9
2305 4044 2513 4099 concil.
2538 4042 3065 4100 Chalcedonensis:
3095 4044 3354 4110 Uranius,
3374 4042 3594 4113 inquit,

1937 4120 2218 4190 episcOpus
2267 4117 2754 4190 Himerorum,__in
2800 4116 3043 4190 gratiam
3099 4115 3358 4190 Eutychis
3408 4115 3597 4169 omnia

1939 4186 2130 4259 tigens,
2144 4189 2478 4259 praeparavit
2492 4195 2553 4240 ut
2568 4186 2791 4259 quidam
2806 4186 2992 4239 clerici
3004 4189 3322 4240 accusarent
3342 4190 3595 4259 me,etc.;

1939 4257 1995 4317 et
2027 4257 2149 4315 act.
2174 4260 2241 4313 10
2261 4257 2287 4313 ἐ
2320 4259 2587 4328 Eutyches
2640 4257 2925 4329 adversum
2955 4273 3044 4311 me
3070 4273 3170 4328 pro
3202 4259 3309 4329 ﬁde
3340 4257 3598 4328 quaedam

1937 4334 2083 4405 falsa
2095 4327 2487 4405 conﬁnxitmec
2502 4344 2587 4384 me
2600 4330 2659 4405 in
2670 4327 2941 4405 synodum
2954 4327 3187 4385 introire
3202 4327 3594 4405 permisitﬁtc.

2014 4405 2065 4457 4.
2101 4403 2287 4457 Probe
2339 4408 2571 4456 noverat
2620 4400 2909 4472 Eutyches
2940 4418 3113 4471 quam
3164 4400 3277 4456 alte
3318 4401 3599 4455 insideret

1861 4440 1908 4505 Ι)
1943 4474 2200 4531 Dioscori
2217 4473 2413 4529 animo
2432 4473 2584 4528 facta
2606 4440 2836 4543 olimJ(a)
2855 4440 3061 4528 Ι)οῗηηὶ
3084 4489 3214 4528 cum
3238 4472 3438 4527 Proclo
3458 4487 3595 4526 con-

1950 4547 2196 4625 spiratio
2224 4545 2642 4625 proservaudo
2664 4546 2837 4625 tertio
2868 4561 3089 4625 canone
3110 4543 3597 4625 constanti-aopo-

1947 4614 2126 4673 litano
2149 4618 2651 4687 defendendisque
2677 4617 2856 4684 hujus
2879 4616 3047 4687 regia:
3072 4615 3228 4669 sedis
3254 4614 3598 4687 privilegiis.

1948 4691 2162 4761 quibus
2184 4684 3177 4761 jamdudum—inhiabatDioscorns
3210 4701 3223 4741 :
3257 4684 3327 4740 ac
3356 4684 3600 4761 proinde

1952 4757 2206 4834 pessime
2247 4778 2339 4816 res
2390 4777 2527 4834 suas
2559 4757 2879 4834 egisset,__si
2929 4774 3059 4813 cum
3092 4757 3390 4834 Dioscoro,
3430 4760 3602 4834 cujus

1949 4828 2207 4890 tribunal
2259 4828 2624 4903 appellabat;
2654 4828 3005 4903 appellasset
3049 4833 3106 4883 et
3155 4833 3469 4903 Domuum,
3502 4831 3603 4902 qui

1952 4900 2425 4960 infensissimum
2461 4902 2572 4957 sibi
2615 4901 2865 4956 habebat
2894 4900 3257 4956 Dioscorum.
3293 4900 3606 4959 Miuuisset

1954 4977 2105 5031 enim
2128 4976 2387 5031 Dioscori
2416 4975 2474 5028 in
2501 4972 2743 5029 concilio
2762 4973 3104 5043 potentiam.
3124 4973 3181 5028 in
3214 4992 3332 5043 qua
3352 4975 3605 5031 maxime

1955 5064 2117 5120 spem
2154 5064 2319 5120 suam
2354 5046 2748 5120 fiduciamque
2779 5046 3042 5120 ponebat
3064 5046 3369 5120 Eutyﬁches.

2026 5122 2065 5173 1
2082 5119 2233 5172 103
2264 5120 2318 5172 5.
2345 5118 2487 5171 Cum
2512 5115 2909 5171 Antiocbeuus
2929 5115 3607 5174 antistes'Constantiuo-

1956 5190 2229 5262 politanaa
2248 5189 2404 5262 sedis
2422 5187 2814 5262 praerogativae
2831 5187 3605 5262 communibusquejuribus

1958 5259 2192 5333 semper
2222 5259 2481 5325 favisset,
2515 5260 2997 5333 meritortimebat
3028 5259 3316 5332 Eutycbes
3345 5276 3417 5315 ne
3448 5259 3603 5329 apud

1959 5332 2097 5389 cum
2124 5350 2299 5389 causa
2322 5333 2573 5398 caderet,
2594 5333 2691 5403 qui
2728 5332 2893 5387 illum
2912 5334 2969 5387 in
2992 5332 3211 5404 synodo
3233 5333 3340 5404 rite
3362 5346 3606 5404 accusa:

1960 5410 2110 5469 tum,
2145 5405 2469 5460 convictum
2519 5410 2577 5459 et
2612 5401 2992 5470 damnatum,
3027 5401 3059 5459 ᾖ
3102 5403 3319 5475 proprii
3350 5401 3608 5475 episcopi

1962 5480 2256 5534 sententia
2286 5478 2412 5532 sine
2444 5475 2564 5531 ulla
2604 5476 2827 5533 ratione
2860 5473 3186 5549 appellasse
3213 5473 3604 5546 cognovisset.

1227 5596 1874 5660 BALLERINIORUM
1935 5600 1979 5657 Α
1992 5596 2439 5657 NNOTATION
2450 5596 2564 5655 ES.

264 5699 339 5769 (a)
372 5698 504 5752 Haec
564 5695 774 5751 Domni
809 5695 1162 5767 conspiratio
1191 5711 1294 5767 pro
1328 5693 1613 5769 servando
1645 5691 1816 5769 tertio
1865 5708 2087 5749 canone
2115 5691 2779 5765 Constantinopolitano,
2812 5695 2868 5748 et
2896 5690 3208 5747 dissidium
3242 5692 3368 5761 ejus
3398 5690 3507 5747 hac
3539 5690 3613 5747 de

200 5766 367 5829 cauea
400 5772 746 5840 susceptum
780 5784 914 5824 cum
950 5766 1220 5826 Dioscoro
1253 5766 1433 5841 gratis
1467 5768 1831 5822 asseruntur.

466 5899 736 5960 PATROL.
782 5896 885 5960 LV

3207 5895 3280 5952 21
