3986 6172
425 176 537 236 731

803 179 1075 239 PASCH.
1119 179 1555 251 QUESNELLI
1602 160 2268 239 DISSERTATIONES
2314 174 2393 234 lN
2440 178 2506 237 S.
2553 176 2831 236 LEONIS
2879 175 3124 236 MAGNI
3165 175 3417 237 OPERA.

3627 186 3718 244 732

416 305 555 376 gula
583 306 893 374 instruere,
928 313 991 363 ut
1020 315 1075 365 et
1102 309 1173 365 de
1202 316 1393 365 vestro
1425 311 1654 365 decreto
1685 313 1742 364 et
1771 324 1839 363 ex
1869 310 2071 362 nostra
2101 306 2156 373 Α
2187 280 2584 362 οἱκπιεὶυωέῐ
2611 306 2907 363 Juvenalis
2952 307 3134 362 sancti
3181 308 3416 379 episcopi
3464 308 3723 385 Hierosoly.

417 397 710 450 sententia
741 412 867 466 quae
903 397 1229 467 placuerint
1260 399 1629 454 roborentur.

487 483 774 540 Maximus
823 487 1339 542 reverentissimus
1390 487 1703 558 episcopus
1751 483 2072 540 Antiochia:

418 572 595 646 Syrias
641 575 787 630 dixit
820 594 832 631 :
869 575 1091 632 Placuit
1142 577 1285 633 mihi
1336 584 1391 633 et
1441 577 1912 634 reverentissimo
1954 574 2073 646 epi-

420 678 593 732 scapo
634 662 924 732 Juvenali,
959 681 1107 736 quos
1154 672 1285 738 post
1334 668 1581 723 multam
1637 666 2074 723 altercationem

421 751 492 805 ad
526 753 897 809 concordiam
932 760 989 809 et
1018 757 1216 811 sedem
1262 757 1585 812 Antiochiae
1618 756 1796 823 urbis,
1831 772 1957 827 quae
1989 757 2078 809 est

417 840 605 894 sancti
640 842 823 911 Petri;
878 843 1093 899 habere
1124 846 1272 901 duas
1324 846 1623 901 Phcenices
1669 850 1725 901 et
1774 844 2071 913 Arabiam,

420 930 614 985 sedem
646 947 780 987 vero
807 931 1395 1005 Hierosolymitanam
1427 935 1643 991 habere
1672 939 1790 992 tres
1822 932 2077 989 Palaesti-

418 1034 557 1083 nas;
608 1019 656 1073 si
707 1024 903 1075 tamen
954 1022 1009 1077 id
1053 1024 1368 1079 venerabili
1420 1024 1568 1095 patri
1627 1030 1825 1080 nostro
1882 1020 2076 1077 archi-

418 1107 690 1178 episcopo
739 1110 933 1164 Romaa
986 1113 1228 1183 majoris
1273 1113 1444 1168 Leoni
1496 1114 1802 1184 placuerit,
1835 1114 1935 1182 qui
1968 1128 2072 1166 cu-

418 1200 502 1267 pit
523 1198 600 1267 (α)
630 1198 725 1252 ubi
760 1205 1093 1256 sanctorum
1120 1203 1359 1258 Patrum
1394 1220 1647 1259 canones
1677 1200 2069 1272 intringibiles

418 1302 791 1357 permanere;
825 1294 879 1345 et
912 1308 1187 1363 rogamus
1232 1308 1299 1348 ex
1347 1293 1639 1349 sententia
1688 1296 1892 1347 vestras
1944 1308 2067 1345 ma-

418 1376 764 1444 gnificentiae
797 1384 855 1434 et
886 1386 1103 1437 sanctae
1134 1382 1385 1454 (synodi)
1418 1399 1520 1455 per
1561 1382 1916 1453 scripturam
1947 1380 2069 1435 haec

421 1465 704 1522 roborari.

485 1556 512 1609 J
523 1556 787 1611 uvenalis
805 1558 1155 1615 venerabilis
1176 1559 1487 1632 episcopus
1505 1559 2067 1630 Hierosolymitanus

416 1643 564 1742 dixit
587 1660 599 1700 :
623 1645 838 1742 Eadem
862 1648 1005 1701 mihi
1031 1648 1251 1720 placuit
1272 1653 1333 1704 ut
1353 1653 1617 1705 sanctam
1642 1649 1876 1720 quidem
1902 1648 2066 1704 Chri-
2098 1676 2147 1742 Β

415 1733 494 1787 sti
526 1734 847 1790 anastasim
898 1740 1021 1791 tres
1072 1737 1406 1793 Palaestinas
1438 1738 1672 1805 habere,
1706 1741 1903 1793 sedem
1933 1754 2069 1793 vero

418 1821 740 1877 Antiochiae
772 1824 919 1879 duas
949 1826 1251 1882 thnices
1282 1832 1339 1881 et
1375 1828 1673 1881 Arabiam.
1698 1830 1852 1895 Rogo
1877 1831 1934 1881 et
1963 1842 2068 1898 ego

417 1927 486 1965 ex
516 1912 809 1967 sententia
837 1918 1041 1969 vestrae
1067 1916 1511 1987 magnificentia
1542 1920 1599 1971 et
1624 1920 1838 1971 sanctas
1863 1915 2067 1988 synodi

418 1998 540 2055 haec
574 2000 855 2056 roborari.

492 2087 885 2146 Paschasinus
918 2094 975 2145 et
1007 2092 1373 2149 Lucullensis
1416 2093 1777 2150 venerabiles
1807 2093 2066 2166 episc0pi

416 2182 474 2232 et
506 2178 834 2234 Bonifacius
867 2182 1169 2253 presbyter
1189 2182 1385 2236 vicarii
1414 2184 1570 2238 sedis
1602 2183 1934 2254 apostolicae
1967 2200 2070 2253 per

419 2265 841 2322 Paschasinum
874 2269 1260 2324 venerabilem
1295 2272 1635 2343 episcopum
1660 2272 1965 2326 dixerunt:
1993 2272 2069 2324 Ea

418 2370 546 2425 quae
581 2358 1077 2414 concordantibus
1101 2360 1379 2416 fratribus
1403 2362 1621 2416 nostris
1643 2361 1895 2415 Maximo
1916 2359 1981 2414 V.
1998 2360 2063 2414 Η.

416 2444 792 2500 Antiochena:
824 2447 1096 2504 Ecclesiae
1128 2449 1398 2521 episcopo
1429 2455 1487 2505 et
1511 2456 1712 2505 sancto
1743 2454 1800 2506 et
1825 2466 2067 2505 venera-

416 2531 520 2585 bili
554 2533 822 2590 Juvenali
855 2535 1378 2609 Hierosolymitano
1412 2541 1561 2594 bono
1594 2540 1750 2610 pacis
1777 2538 2069 2610 placuisse

420 2622 621 2678 I225
660 2628 1007 2690 noscuntur,
1041 2626 1098 2680 id
1149 2632 1255 2695 est,
1294 2632 1359 2681 ut
1405 2628 1767 2682 Antiochena
1816 2626 2070 2681 Ecclesia

416 2709 564 2765 duas
607 2710 905 2769 Phcsnices
953 2720 1010 2769 et
1054 2715 1328 2770 Arabiam
1380 2716 1611 2786 habeat,
1648 2715 2066 2787 Hierosolymi-

416 2801 555 2853 tana
596 2816 727 2856 vero
777 2806 897 2857 tres
946 2803 1287 2859 Palaestinas
1344 2804 1578 2872 habeat,
1627 2804 1803 2859 etiam
1855 2810 2067 2859 nostras

416 2886 773 2944 humilitatis
824 2891 1271 2947 interlocutione
1320 2894 1647 2959 firmentur,
1692 2898 1754 2947 ut
1799 2893 1959 2947 nulla
2010 2894 2065 2947 in

419 2981 715 3045 posterum
752 2995 930 3050 super
978 2980 1085 3035 hoc
1130 2982 1361 3052 negotio
1394 2981 1746 3053 supradictis
1792 2980 2064 3037 Ecclesiis

417 3066 813 3128 controversia
845 3067 1231 3140 relinquatur.

487 3156 610 3218 Qua
640 3154 1090 3213 interlocutione
1119 3158 1312 3215 Graece
1352 3159 1730 3231 interpretata
1759 3176 1860 3232 per
1888 3161 2062 3218 Vero-

417 3242 716 3299 nicianum
777 3246 965 3302 virum
1014 3248 1285 3303 devotum
1336 3256 1605 3321 agentem
1665 3250 1722 3304 in
1784 3251 1959 3315 rebus
2007 3253 2065 3304 et

416 3334 798 3390 secretarium
841 3336 990 3391 sacri
1040 3337 1394 3406 consistorii,
1425 3338 1779 3393 Anatholius
1825 3353 2062 3392 venera-

414 3420 550 3477 bilis
582 3424 1058 3497 archiepiscopus
1098 3426 1538 3498 gloriosissimas
1570 3427 2063 3498 Constantinopo-

413 3509 605 3567 litanae
637 3513 781 3568 dixit
813 3531 825 3569 :
861 3516 994 3581 Quae
1025 3515 1373 3587 complacita
1416 3521 1556 3572 sunt
1594 3518 1748 3572 inter
1797 3516 2063 3572 beatissi-

418 3615 577 3654 mum
619 3601 960 3673 episcopum
1012 3604 1326 3659 Maximum
1354 3605 1675 3660 Antiochiae
1723 3610 1778 3661 et
1826 3622 2062 3660 venera-

416 3686 591 3742 bilem
624 3689 962 3759 episcopum
997 3691 1587 3763 Hierosolymitanum
1619 3694 1981 3759 Juvenalem,
2008 3698 2065 3748 et

2185 395 2392 450 mitani
2428 398 2615 451 factus
2654 413 2993 461 consensus,
3028 396 3195 451 sicuti
3227 396 3555 468 singulorum
3591 418 3724 472 expo-

2183 484 2316 539 sitio
2349 486 2515 539 flrma
2539 502 2605 541 ex
2638 491 2838 540 nostra
2866 486 3157 541 sententia
3181 490 3308 554 stat,
3333 487 3534 541 decreto
3562 495 3726 545 sancta

2183 574 2389 646 synodi
2420 574 2479 631 in
2512 581 2795 647 perpetuo
2825 580 3085 647 tempore
3117 575 3483 646 permanebit;
3513 576 3559 630 id
3584 583 3670 646 est,
3686 584 3731 633 ut

2180 664 2468 720 Maximus
2523 665 2758 735 quidem
2816 670 3056 720 sanctus
3100 664 3393 735 episcOpus
3435 665 3539 719 sive
3577 673 3730 721 sancta

2184 754 2621 809 Antiochesium
2655 755 2860 809 civitas
2902 756 3050 809 duas
3100 753 3381 809 Phoenices
3427 758 3478 807 et
3518 754 3729 809 Arabiam

2182 843 2294 897 sub
2324 848 2611 914 potestate
2640 859 2750 898 sua
2780 843 3066 911 habeant;
3095 842 3381 897 Juvenalis
3403 856 3521 896 vero
3547 847 3732 897 sanctus

2181 932 2493 1003 episcopus
2544 932 3110 1005 Hierosolymitanus
3155 932 3271 986 sive
3317 934 3501 987 sancta
3539 930 3735 987 Ecclesia

2183 1038 2313 1092 qua:
2355 1022 2466 1077 sub
2516 1022 2640 1095 ipso
2671 1028 2781 1088 est,
2814 1028 2933 1078 tres
2981 1020 3318 1076 Palaestinas
3364 1020 3467 1076 sub
3509 1024 3735 1091 potestate

2182 1127 2291 1166 sua
2320 1111 2585 1180 habebit;
2620 1112 2825 1183 sopitis
2869 1111 3193 1166 secundum
3235 1113 3561 1181 praeceptum
3587 1110 3678 1162 divi
3699 1114 3738 1163 et

2181 1200 2622 1255 clementissimi
2644 1200 2827 1255 nostri
2850 1198 3083 1255 Domini
3106 1196 3385 1253 universis
3414 1198 3738 1268 pragmaticis,

2179 1288 2384 1345 aliisve
2441 1289 2775 1361 promeritis
2806 1290 2880 1361 (εἰ)
2925 1287 3190 1361 partibus
3241 1286 3440 1343 litteris
3487 1286 3680 1352 divinis,
3703 1292 3743 1341 et

2181 1380 2379 1434 multa:
2411 1378 2472 1434 in
2505 1380 2589 1435 eis
2621 1378 2911 1451 ascriptis,
2944 1378 3066 1433 haec
3096 1376 3400 1434 scilicet....
3422 1392 3580 1431 causa
3605 1391 3741 1430 secu-

2178 1468 2341 1524 laria.
2377 1470 2443 1523 Et
2473 1470 2591 1524 alia
2619 1486 2809 1525 manu.
2842 1469 3123 1523 Eduntur.

2498 1620 2835 1691 Exemplum
2870 1634 2940 1675 ex
2970 1618 3160 1675 (ἓν-«200
3199 1620 3259 1673 in
3291 1618 3489 1673 Latino.

2247 1735 2565 1792 Consulatu
2598 1734 2821 1791 domini
2869 1733 3149 1790 Marciani
3193 1733 3450 1805 perpetui
3477 1732 3687 1803 Augusti
3708 1735 3748 1785 et

2178 1826 2276 1897 qui
2302 1824 2607 1880 nuntiatus
2630 1824 2804 1879 fuerit
2822 1840 2877 1879 v1
2898 1823 3015 1878 kal.
3040 1821 3400 1887 Novembris,
3420 1819 3745 1883 Chalcedona,

2178 1916 2502 1970 secundum
2549 1917 2903 1985 praeceptum
2945 1912 3060 1967 divi
3107 1910 3537 1967 clementissimi
3579 1908 3749 1963 domini

2177 2002 2361 2060 nostri
2386 2002 2662 2059 Marciani
2686 2001 2949 2074 perpetui
2972 2002 3242 2073 Augusti,
3266 1996 3693 2056 convenientibus
3709 1995 3749 2049 in

2177 2097 2380 2149 sancta
2401 2091 2648 2148 ecclesia
2668 2097 2882 2147 sanctae
2909 2092 3184 2162 martyris
3207 2089 3524 2162 Euphemus
3544 2085 3753 2159 magniﬁ-

2176 2182 2518 2237 centissimo
2542 2186 2598 2237 et
2628 2181 3059 2253 gloriosissimo
3104 2179 3389 2251 magistro
3435 2177 3655 2233 militum
3681 2189 3754 2228 ex-

2177 2271 2415 2327 consule
2445 2276 2501 2325 et
2532 2270 2777 2342 patricio
2810 2268 3133 2339 Anatholio,
3158 2272 3217 2324 et
3246 2264 3753 2341 magniﬁcentissimo

2175 2360 2600 2433 gloriosissimo
2651 2359 2920 2431 praefecto
2970 2358 3121 2414 sacri
3165 2356 3487 2414 consistorii
3520 2350 3752 2425 [praetorii]

2176 2449 2458 2516 Palladio,
2476 2454 2534 2504 et
2564 2449 3147 2520 magnificentissimo
3169 2453 3228 2504 et
3246 2446 3639 2520 gloriosissimo
3665 2458 3755 2496 ma-

2175 2540 2358 2611 gistro
2389 2554 2685 2593 sacrorum
2718 2538 3043 2593 ofﬁciorum
3078 2535 3441 2599 Vincomalo,
3468 2534 3756 2589 convenien-

2176 2629 2336 2683 tibus
2368 2628 2543 2683 etiam
2594 2630 2650 2683 et
2704 2626 3055 2682 Paschasino
3085 2630 3144 2681 et
3177 2625 3448 2681 Lucentio
3476 2622 3599 2678 viris
3634 2635 3755 2675 reve-

2176 2717 2529 2773 rentissimis
2560 2715 2876 2788 episcopis,
2910 2720 2967 2770 et
2999 2714 3311 2771 Bonifacio'
3332 2715 3448 2769 viro
3478 2708 3756 2767 reverentis-

2176 2806 2326 2861 simo
2388 2806 2721 2877 presbytero
2758 2804 2829 2874 (ε)
2889 2803 3104 2859 vicario
3164 2802 3352 2859 sancti
3405 2794 3757 2870 archiepiscopi

2175 2894 2422 2949 senioris
2455 2895 2644 2948 Romae
2679 2893 2905 2960 Leonis,
2930 2897 2985 2948 et
3006 2892 3319 2948 Anatholio
3344 2892 3460 2946 viro
3480 2886 3757 2945 reverentis-

2177 2984 2325 3039 simo
2357 2982 2796 3053 archiepiscopo
2830 2983 2899 3051 (ι’)
2931 2980 3306 3053 magnissimi
3354 2978 3591 3035 nominis
3617 2976 3759 3032 Cons-

2094 3041 2136 3109 C
2173 3067 2684 3141 tantinopolitani,
2733 3072 2791 3123 et
2856 3068 3106 3123 Maximo
3164 3069 3291 3124 viro
3356 3062 3760 3123 reverentissimo

2171 3159 2444 3231 episcopo
2473 3156 2790 3213 Antiochiae
2820 3156 3012 3229 Syria,
3036 3163 3093 3213 et
3120 3157 3389 3214 Juvenali
3414 3156 3529 3211 viro
3553 3167 3761 3209 reveren-

2172 3248 2403 3304 tissimo
2434 3251 2705 3319 episcopo
2728 3245 3284 3318 Hierosolymitano,
3310 3253 3369 3302 et
3396 3252 3583 3301 caetera
3610 3244 3764 3297 sancta

2173 3337 2393 3409 synodo
2425 3353 2551 3407 quis
2584 3352 2651 3391 ex
2681 3335 2981 3391 sanctione
3011 3335 3125 3390 divi
3158 3342 3224 3391 et
3250 3330 3661 3391 clementissimi
3684 3329 3761 3382 do-

2174 3426 2316 3481 mini
2363 3425 2547 3481 nostri
2597 3425 2655 3480 in
2686 3424 3140 3481 Chalcedonensi
3172 3426 3410 3482 civitate
3456 3422 3759 3493 congregata.

2173 3533 2426 3587 quorum
2457 3514 2696 3570 nomina
2725 3514 3146 3586 suprascripta,
3173 3514 3559 3571 residentibus
3587 3509 3760 3565 univer-

2174 3606 2257 3660 sis
2283 3609 2417 3660 ante
2444 3604 2733 3659 cancellos
2756 3604 2943 3659 sancti
2975 3602 3195 3669 altaris,
3230 3604 3513 3659 Maximus
3541 3600 3618 3655 vir
3643 3610 3761 3652 reve-

2176 3694 2555 3749 rentissimus
2599 3693 2914 3764 episcopus
2963 3692 3297 3748 Antiochiae
3327 3692 3469 3748 dixit
3501 3708 3513 3745 :
3544 3689 3773 3758 Deprecor

434 3791 503 3829 ex
535 3791 667 3829 mea
698 3776 1151 3835 interlocutione
1198 3781 1370 3836 firma
1418 3783 1762 3838 manebunt.
1796 3783 1862 3837 Et
1892 3788 2064 3838 sanct

418 3863 657 3934 quidem
689 3865 943 3923 Ecclesia
972 3868 1341 3924 Antiochena:
1377 3870 1538 3925 urbis
1583 3871 1730 3926 duas
1762 3871 2064 3928 thnices

416 3958 474 4008 et
514 3954 787 4011 Arabiam
840 3956 1073 4022 habeat,
1126 3963 1331 4013 sancta
1376 3976 1508 4015 vero
1558 3959 1814 4016 Ecclesia
1863 3962 2066 4018 Hiero-

417 4041 904 4115 solymitanorum
954 4054 1074 4102 tres
1134 4048 1459 4104 Palestinas
1508 4050 1735 4119 habeat,
1790 4056 1852 4105 ut
1898 4052 2069 4107 dein-

418 4148 554 4203 ceps
582 4151 952 4222 unaquaeque
1002 4136 1260 4193 Ecclesia
1312 4138 1591 4194 adversus
1640 4138 1881 4195 alteram
1932 4158 2071 4213 prc-
2179 4140 2252 4195 de
2285 4138 2541 4195 Ecclesia
2572 4156 2699 4211 quo:
2732 4139 2843 4194 sub
2878 4156 2971 4195 me
3000 4144 3109 4195 est.
3657 4220 3664 4222 ἓ
3748 4213 3755 4222 Ι

418 4226 549 4292 pter
578 4221 729 4279 hanc
761 4240 883 4281 rem
931 4224 1153 4281 nullam
1185 4227 1399 4283 habeat
1427 4227 1827 4285 altercationis
1859 4246 2069 4301 quere--
2256 4228 2648 4284 Paschasinus
2674 4232 2731 4283 et
2754 4228 3080 4284 Lucensius
3100 4227 3208 4283 viri
3234 4220 3667 4284 reverentissimi
3692 4220 3774 4286 epi-

420 4308 561 4365 lam.
2184 4318 2346 4390 scopi
2378 4322 2435 4373 et
2464 4317 2801 4373 Bonifacius
2845 4318 3151 4389 presbyter
3182 4316 3384 4373 vicarii
3423 4314 3571 4372 sedis
3597 4308 3777 4381 aposto.

489 4397 707 4456 Omnes
757 4401 1014 4457 universi
1062 4402 1425 4460 venerabiles
1475 4406 1733 4477 episc0pi
1776 4407 2054 4464 vociferat
2086 4412 2134 4478 Ι)
2166 4406 2289 4464 lica:
2360 4423 2463 4479 per
2527 4406 2948 4462 Paschasinum
3034 4406 3227 4461 virum
3298 4398 3775 4461 reverentissimum

2178 3782 2802 3854 magnificentissimos
2864 3785 2919 3836 et
2980 3780 3445 3853 gloriosissimos
3491 3778 3692 3849 judices
3735 3774 3775 3824 et

2177 3876 2445 3947 8auctam
2476 3870 2629 3926 hanc
2664 3870 3053 3927 universalem
3082 3872 3379 3943 synodum
3412 3865 3774 3925 humanitatem

2177 3946 2442 4017 exercere
2500 3961 2557 4015 in
2620 3961 2932 4016 Dominum
2990 3962 3140 4033 [Leg.
3193 3959 3527 4030 Domuum],
3566 3954 3651 4027 qui
3697 3946 3775 4004 fuit

2179 4050 2493 4105 Antiochia:
2525 4050 2856 4122 episcopus,
2879 4055 2937 4104 et
2966 4055 3227 4106 statuere
3260 4052 3311 4106 ei
3346 4053 3530 4105 certos
3558 4044 3775 4112 sumptus

2179 4140 2252 4195 de
2285 4138 2541 4195 Ecclesia
2572 4156 2699 4211 quo:
2732 4139 2843 4194 sub
2878 4156 2971 4195 me
3000 4144 3109 4195 est.

419 4492 579 4559 sunt,
614 4505 863 4561 quorum
917 4490 1157 4546 nomina
1208 4490 1359 4546 infra
1406 4493 1626 4565 scripta
1673 4500 1830 4550 sunt.
1865 4496 1933 4551 Et
1966 4515 2071 4555 nos

417 4575 538 4632 haec
570 4577 698 4650 ipsa
737 4579 1012 4652 dicimus,
1037 4581 1443 4637 consentimus
1468 4582 1559 4639 eis
1592 4598 1715 4653 quis
1744 4602 1776 4639 a
1799 4587 2072 4644 Patribus

418 4665 581 4721 dicta
609 4677 767 4724 sunt.

489 4754 1060 4826 Magniﬁcentissimi
1100 4764 1157 4814 et
1194 4759 1611 4831 gloriosissimi
1650 4762 1884 4833 judices
1916 4762 2074 4818 dixe-

422 4847 563 4897 runt
595 4859 607 4897 :
642 4846 802 4916 Opus
832 4850 906 4918 (ὁ)
940 4854 997 4903 et
1027 4848 1121 4906 hic
1153 4850 1372 4905 factum
1418 4854 1475 4905 et
1518 4855 1734 4907 sanctae
1769 4852 2077 4909 Trinitatis

419 4934 476 4986 et
505 4930 687 4987 divini
713 4934 1156 4994 clementissimi
1182 4938 1365 4995 nostri
1398 4939 1769 5013 imperatoris
1800 4942 2077 5015 praeposi-

421 5021 619 5087 tionis,
651 5029 713 5078 ut
742 5041 810 5080 ea
839 5042 965 5096 quas
986 5027 1308 5099 jurgantur
1338 5030 1410 5085 ab
1442 5030 1526 5085 eis
1554 5031 1624 5103 (ε)
1649 5048 1780 5102 qua
1810 5033 2081 5089 altercari

421 5116 689 5184 poterant
720 5116 822 5170 uni
863 5116 1106 5173 consilio
1152 5120 1488 5176 deciderent
1517 5122 1809 5177 voluntati
1849 5139 1979 5194 quae
2007 5124 2081 5178 ad

420 5202 813 5261 concordiam.
848 5205 1033 5278 Igitur
1062 5206 1299 5263 Maximi
1343 5208 1528 5265 sancti
1569 5209 1827 5283 episcopi
1859 5212 2082 5269 Antioi-

491 5357 568 5438 (ᾳ)
598 5356 687 5438 Sic
715 5360 913 5438 codex.
933 5359 1130 5438 Vulg”
1149 5360 1234 5416 uti
1241 5377 1261 5423 ;
1285 5361 1385 5417 sed
1409 5363 1849 5420 emendandum
1875 5365 2082 5438 ubique

424 5434 729 5487 contextus
765 5433 1044 5489 ostendit.

500 5502 576 5572 (ὁ)
610 5502 771 5577 Leg.,
801 5512 852 5559 et
892 5504 989 5560 hoc
1030 5507 1241 5577 factum
1282 5511 1359 5559 est
1401 5510 1630 5574 sancte,
1664 5510 1798 5574 etc.,
1833 5524 1898 5563 ac
1947 5508 2086 5565 dein

423 5576 718 5649 propositi,
750 5592 852 5631 seu
882 5577 1280 5647 propositionis
1310 5580 1871 5649 proprwpositionie.

512 5590 527 5627 2
568 5590 718 5640 omz,
750 5592 852 5631 seu
882 5590 1280 5647 propositionis
1310 5592 1413 5646 pro
1439 5590 1871 5649 prwposztionu.

512 5590 801 5734 (ithacus
827 5649 1001 5734 valde
1044 5650 1375 5734 corruptus.
1410 5647 1745 5734 pergendum
1797 5652 2087 5734 fortassis,

425 5716 522 5782 qui
572 5716 836 5773 altercari
856 5721 1138 5791 poterant,
1163 5716 1273 5775 uno
1302 5716 1531 5777 comitio
1559 5720 1872 5780 deciderent
1898 5716 2093 5782 volun?-

2190 4497 2532 4570 episcopum
2565 4496 2839 4551 dixerunt
2864 4514 2877 4553 :
2900 4499 3150 4552 Sanctus
3172 4513 3239 4552 ac
3261 4493 3627 4552 beatissimus
3651 4496 3780 4579 papf,

2186 4586 2287 4659 qui
2320 4585 2725 4657 episcopatum
2750 4585 2939 4641 sancti
2965 4602 3031 4641 ac
3052 4584 3406 4641 venerabilis
3441 4581 3623 4639 1221
3649 4576 3781 4632 Maxi-

2185 4675 2262 4731 mi
2295 4674 2558 4745 episcopi
2581 4673 2954 4729 Antiochenae
2987 4674 3259 4730 Ecclesiae
3288 4665 3781 4736 conﬁrmavit,ju8l0

2187 4762 2330 4819 satis
2382 4762 2608 4833 judicio
2664 4763 2794 4833 ejus
2849 4763 3127 4818 meritum
3183 4762 3537 4835 approbasse
3562 4757 3782 4812 videtur:

2189 4852 2481 4923 siquidem
2514 4855 2876 4907 memoratus
2899 4851 2985 4906 vir
3005 4850 3511 4908 reverentissimus
3532 4846 3783 4918 episcopus

2192 4942 2482 4999 Maximus
2530 4958 2637 4997 suo
2681 4941 2922 4997 arbitrio
2954 4946 3175 4996 Domno
3206 4940 3393 4996 voluit
3436 4953 3557 4995 esse
3600 4924 3783 5021 consul-

2190 5037 2343 5099 tum,
2378 5036 2444 5086 ut
2476 5034 2751 5101 sumptus
2792 5029 2845 5085 ei
2876 5030 2946 5085 de
2990 5046 3100 5085 sua
3145 5028 3407 5085 Ecclesia
3453 5018 3782 5082 miserationis

2192 5121 2410 5177 intuitu
2454 5123 2627 5192 prout
2670 5117 3043 5174 sestimaverit
3089 5117 3397 5191 largiatur,
3429 5120 3491 5173 ut
3534 5109 3783 5169 contentus

2195 5209 2495 5268 alimoniis
2526 5207 2791 5281 quiescat
2819 5208 2878 5264 in
2906 5212 3228 5280 posterum.

2195 5366 2430 5436 totisque
2458 5364 2775 5433 concordia,
2802 5364 2889 5420 vel
2926 5364 3066 5435 quid
3099 5364 3310 5421 simile.
3572 5430 3581 5436 _
3666 5426 3673 5435 ,

2269 5430 2350 5508 (αἱ
2379 5438 2539 5509 Leg.,
2570 5454 2605 5492 α
2632 5430 2899 5509 partibus
2927 5430 3128 5493 litteris
3155 5437 3367 5509 divinis
3394 5440 3445 5489 et
3470 5430 3630 5488 multa
3655 5430 3701 5509 in
3725 5430 3784 5473 ευ

2200 5504 2603 5581 αδὸνϊρια,“1ιαε
2630 5504 2841 5565 scilicet
2869 5508 2934 5565 de
2962 5525 3151 5581 causa.
3180 5513 3247 5566 Et
3275 5508 3395 5562 alia
3427 5520 3601 5568 manu,
3630 5504 3719 5553 etc.

2272 5580 2357 5660 te)"
2375 5581 2511 5660 με.
2541 5582 2810 5660 uicerint
2822 5598 2893 5660 ex
2922 5580 3161 5660 Rustico
3175 5586 3245 5660 .et
3269 5582 3532 5660 contextu
3544 5615 3577 5655 ,ἱ

2272 5652 2346 5725 (f)
2378 5651 2482 5708 Sic'
2503 5652 2675 5709 etiam
2708 5652 2939 5710 codices
2968 5651 3191 5709 Rustici
3219 5668 3323 5726 pro
3353 5651 3594 5707 maximi.
