3986 6172
222 186 326 245 ⁵133

682 183 1325 246 BALLERINIORUM
1371 152 2014 245 OBSERVATIONES
2063 181 2141 241 ΙΝ
2189 181 2539 241 DlSSERT.
2587 180 2667 239 IX
2716 172 3173 250 OUESNELLI.

3511 174 3626 234 734

280 315 403 379 Qua
431 316 506 387 (αξ
543 315 908 371 confessione
937 316 1129 372 Grace
1163 334 1265 389 per
1294 316 1747 372 Veronicianum
1782 314 1862 369 vi-
1898 316 1947 382 Α
1976 313 2235 369 omnino.
2262 313 2391 368 Hac
2413 311 2632 385 prafati
2657 308 2982 366 beatissimi
3008 306 3264 380 episcopi
3289 322 3403 362 non
3428 322 3495 361 ex
3525 307 3628 362 de-

214 425 336 464 rum
371 410 651 463 devotum
685 408 1063 463 secretarium
1114 410 1263 463 sacri
1309 408 1642 464 consistorii
1674 413 1865 462 trans-

214 498 345 563 lata,
381 497 688 552 Anatolius
717 496 803 550 vir
834 498 1344 553 reverentissimus
1377 499 1689 569 episcopus
1719 498 1864 551 Con-

210 585 774 658 stantinopolitanus
804 586 949 641 dixit
980 602 992 640 :
1031 587 1229 642 Laudo
1261 592 1317 642 et
1366 602 1471 658 ego
1504 586 1864 657 compassio-

210 693 342 732 nem
377 675 704 732 beatissimi
735 675 993 748 episcopi
1018 676 1344 732 Antiochia
1377 674 1698 744 Maximi,in
1730 674 1865 746 qui-

208 768 320 821 bus
351 770 683 837 spontanea
728 768 1021 821 voluntate
1054 766 1179 837 ipse
1230 766 1374 820 tales
1408 782 1606 836 preces
1654 764 1867 819 obtulit

206 859 271 909 ut
301 857 580 925 sumptus
630 858 936 924 praestaret
972 854 1220 919 Domno,
1252 853 1350 924 qui
1404 854 1512 908 fuit
1556 852 1865 923 episcopus

206 942 479 999 Ecclesia
510 947 727 998 sancta
776 959 901 1013 qua
934 942 1045 999 sub
1078 958 1144 999 eo
1196 949 1305 1012 est,
1346 946 1555 1014 prater
1582 941 1690 997 hoc
1722 958 1867 1012 pra-

205 1032 361 1089 dicto
393 1031 542 1087 nihil
568 1030 926 1103 requirente.

272 1156 581 1214 Juvenalis
641 1156 954 1229 episcopus
1014 1156 1584 1229 Hierosolymitanus
1643 1157 1789 1212 dixit
1848 1173 1861 1211 :

201 1246 543 1318 Amplector
571 1256 623 1301 et
655 1261 760 1319 ego
789 1246 1102 1301 consilium
1137 1246 1324 1301 sancti
1375 1246 1637 1317 episcopi
1668 1246 1865 1301 Antio-

201 1336 349 1391 chia
384 1335 642 1390 Maximi.
682 1334 960 1390 Universa
991 1339 1194 1389 sancta
1245 1335 1506 1406 synodus
1555 1335 1868 1389 vociferata

201 1430 294 1480 est
327 1425 407 1495 (b)
440 1440 687 1493 quorum
723 1424 963 1478 nomina
991 1423 1104 1478 bis.
1139 1423 1427 1478 Decibiles
1463 1423 1669 1479 merito
1701 1424 1866 1478 beni-

202 1512 477 1569 volentia
508 1512 957 1584 archiepiscopi.
982 1512 1195 1569 Omnes
1226 1512 1547 1585 cogitatum
1581 1513 1709 1584 ejus
1740 1512 1867 1567 lau-

203 1601 579 1658 damus.Hac
608 1601 773 1657 decet
801 1603 929 1670 ejus
960 1601 1753 1657 astimationem.Humanus
1774 1617 1867 1656 co-

202 1694 433 1765 gitatus
476 1692 793 1764 pontificis.
827 1692 1399 1765 Magnificentissimi
1442 1691 1675 1764 judices
1707 1693 1872 1747 dixe-
1901 1684 1948 1749 B

204 1787 347 1838 runt
382 1798 396 1836 :
430 1781 831 1853 Amplectente
863 1787 1066 1837 sancta
1098 1783 1319 1854 synodo
1352 1782 1661 1836 arbitrium
1696 1780 1870 1836 Maxi-

205 1870 289 1926 mi
320 1870 433 1925 viri
466 1870 723 1940 religiosi
754 1871 1010 1943 episcopi
1066 1871 1571 1937 Antiochensium,
1606 1871 1755 1942 quod
1798 1871 1869 1926 de

204 1960 437 2016 Domno
467 1960 753 2031 probavit,
786 1964 843 2015 et
877 1977 981 2016 nos
1012 1961 1169 2016 idem
1200 1960 1709 2031 consentimus,(c)
1741 1976 1867 2031 qua

207 2054 354 2103 sunt
386 2050 517 2119 ejus
548 2049 776 2104 arbitrii
807 2049 1281 2121 derelinquentes
1311 2051 1382 2106 de
1437 2049 1644 2106 Domni
1678 2049 1866 2106 hono-

204 2139 522 2195 rificentia.
555 2142 633 2194 Et
657 2138 781 2195 alia
809 2157 1001 2196 manu.
1036 2140 1317 2195 Edantur.

274 2254 598 2310 Consulatu
664 2254 917 2326 piissimi
969 2260 1026 2311 et
1073 2256 1354 2312 amatoris
1412 2254 1625 2311 Christi
1688 2255 1863 2311 Flavii

195 2343 491 2399 Marciani
523 2344 787 2415 perpetui
820 2344 1069 2415 Augusti
1103 2349 1160 2399 et
1190 2345 1290 2416 qui
1324 2345 1634 2400 nuntiatus
1668 2346 1861 2410 fuerit,

186 2434 267 2502 (ιι)
305 2434 379 2488 de
410 2432 529 2488 kal.
560 2433 1295 2503 Novembris,Chalcedone
1319 2434 1626 2506 metropoli
1656 2433 1859 2506 Bithy-

188 2522 306 2577 nia
336 2522 651 2594 provincia
683 2527 886 2579 sancta
910 2524 1098 2594 major
1126 2528 1183 2579 et
1211 2522 1572 2579 acumenica
1604 2524 1859 2595 synodus

183 2628 320 2682 qua
354 2610 458 2665 Dei
490 2610 681 2683 gratia
708 2616 764 2666 et
794 2611 1097 2666 sanctione
1147 2611 1551 2683 piissimorum
1602 2611 1855 2683 impera-

180 2704 391 2753 torum
424 2700 685 2754 virorum
732 2700 1145 2772 religiosorum
1196 2706 1548 2771 congregata
1592 2704 1699 2764 est,
1733 2706 1854 2755 sta-

180 2787 305 2841 tuit
336 2803 410 2843 ea
440 2802 567 2858 qua
604 2788 731 2858 ejus
763 2797 920 2845 sunt.
956 2789 1207 2855 Quidam
1253 2790 1488 2862 quidem
1524 2790 1594 2844 de
1624 2789 1854 2844 instan-

182 2874 283 2929 cia
343 2875 822 2932 beatissimorum
873 2878 1284 2950 episcoporum
1354 2883 1591 2950 operata
1644 2886 1730 2934 est
1790 2884 1855 2933 ut

178 2965 444 3019 Maximo
475 2965 956 3021 Antiochensium
993 2968 1236 3039 majoris
1287 2968 1559 3033 civitatis,
1591 2973 1649 3023 et
1677 2968 1849 3023 Juve-

1977 409 2131 458 creto
2154 402 2595 474 judiciario,sed
2616 418 2684 456 ex
2706 398 3004 455 communi
3030 412 3317 453 consensu
3344 394 3627 466 complexi

1975 498 2136 558 sunt,
2171 497 2227 547 et
2253 494 2319 561 (ἱ)
2352 494 2778 547 consenserunt
2808 487 3123 559 accipiunt.
3160 485 3343 555 Igitur
3378 484 3627 539 tulimus

1975 582 2038 649 (7')
2061 582 2263 636 eodem
2290 580 2697 634 beatissimum
2722 578 3063 648 episcopum
3086 575 3400 628 Maximum
3428 578 3631 644 peten-

1974 672 2093 723 tem
2119 670 2549 723 humanitatem
2574 668 2646 723 de
2668 667 2891 721 Domno
2915 664 3011 735 qui
3038 665 3148 718 fuit
3182 663 3491 735 episcopus
3512 665 3632 717 An-

1976 756 2303 828 tiochia,(k)
2322 763 2384 813 ut
2406 755 3075 813 eicommunicacionem
3101 757 3163 807 ut
3186 751 3631 824 plebeoprasla-

1976 846 2023 901 ri
2047 848 2478 915 tantummodo,
2510 850 2869 916 utsumptus
2904 861 2973 899 ex
3013 844 3217 897 eadem
3258 858 3383 913 qua
3424 841 3534 895 sub
3562 857 3628 896 eo

1974 941 2062 991 est
2084 941 2286 991 sancta
2305 935 2582 1002 Ecclesia,
2607 935 2665 989 in
2692 951 2758 989 eo
2781 939 2936 988 statu
2959 933 3207 987 durante
3228 932 3285 984 in
3309 946 3423 1001 quo
3445 937 3553 994 est,
3573 934 3630 984 et

1976 1024 2124 1079 nihil
2158 1025 2412 1097 amplius
2446 1025 2798 1095 requirente.
2835 1022 3057 1078 Pariter
3099 1025 3155 1075 et
3206 1037 3309 1075 nos
3362 1019 3625 1075 decerni-

1977 1132 2132 1180 mus,
2166 1118 2222 1169 et
2271 1115 2501 1170 decreto
2553 1112 2853 1169 communi
2882 1114 3189 1167 ﬁrmamus
3220 1110 3341 1165 hac
3369 1126 3496 1181 qua
3528 1126 3628 1165 su-

1977 1206 2323 1275 prascripta,
2358 1210 2414 1257 et
2435 1202 2815 1258 immoventia
2845 1208 2903 1257 et
2934 1201 3103 1256 firma
3135 1201 3456 1255 sancimus.

2049 1293 2253 1348 I229
2289 1292 2682 1346 Paschasinus
2709 1296 2764 1346 et
2796 1290 3071 1345 Lucensis
3101 1289 3443 1344 etJulianus
3476 1289 3628 1360 epis-

1977 1381 2104 1453 copi
2136 1382 2344 1447 sancti,
2379 1389 2431 1435 el
2482 1380 2818 1435 Bonifacius
2844 1379 3144 1450 presbyter
3184 1376 3387 1432 vicarii
3416 1377 3630 1433 beatis-

1977 1469 2113 1524 simi
2139 1486 2301 1541 papa
2338 1470 2541 1525 Leonis
2574 1469 2846 1524 dixerunt
2879 1486 2891 1524 :
2926 1466 3312 1523 Beatissimus
3353 1483 3504 1538 papa
3534 1482 3626 1522 ca-

1981 1564 2085 1630 put
2125 1558 2468 1613 universalis
2501 1558 2790 1627 Ecclesia,
2821 1557 3151 1629 apostolica
3183 1556 3490 1627 dignitatis
3520 1555 3625 1611 ho-

1981 1664 2118 1703 nore
2149 1648 2523 1719 conspicuus,
2559 1647 3000 1719 Leo,privilegia
3031 1646 3405 1701 Antiochena
3436 1644 3627 1701 Eccle-

1981 1736 2079 1792 sia
2111 1737 2411 1792 reformari
2463 1736 2789 1793 secundum
2818 1740 3075 1791 veterum
3123 1739 3362 1789 Patrum
3409 1737 3631 1789 statuta

1979 1826 2565 1897 constituit.Ideoque
2612 1830 2667 1882 et
2707 1842 2813 1881 nos
2863 1824 3192 1880 Phanicem
3242 1824 3491 1895 primam
3539 1821 3629 1878 vel

1978 1915 2296 1969 secundam
2331 1914 2628 1986 simulque
2651 1914 3104 1985 Arabiam,quas
3121 1930 3309 1985 nuper
3330 1913 3628 1977 amiserat,

1976 2004 2235 2059 revocari
2266 2005 2335 2057 ad
2360 2006 2461 2074 jus
2496 2004 2837 2075 pristinum,
2880 2008 3082 2058 sancta
3114 2003 3335 2074 synodo
3380 2017 3627 2056 consen-

1974 2092 2174 2159 tiente,
2209 2093 2573 2148 decrevimus
2604 2109 2617 2147 :
2654 2093 2790 2163 quia
2832 2092 2940 2147 hoc
2972 2090 3386 2163 prastantibus
3436 2088 3622 2145 inlus-

1973 2181 2252 2237 trissimis
2300 2181 2707 2254 praeelsisque
2746 2180 3050 2252 judicibus
3104 2179 3265 2251 pacis
3298 2178 3362 2250 (ι)
3402 2178 3616 2233 studiis

1976 2271 2241 2342 utrisque
2273 2271 2561 2343 episcOpis
2594 2270 2813 2340 placuit
2835 2269 3271 2340 conventio,(m)
3302 2267 3623 2339 provincia~

1973 2376 2102 2414 rum
2138 2360 2344 2415 divisio
2362 2360 2551 2428 quiete
2569 2358 3056 2430 mitigaret.Unde
3090 2356 3621 2428 Hierosolymorum

1972 2447 2285 2520 pradictus
2334 2448 2579 2503 antistes
2609 2452 2727 2502 tres
2775 2446 3140 2511 Palastinas,
3174 2462 3323 2516 quas
3364 2445 3502 2499 olim
3532 2448 3622 2498 ἴθι

1969 2538 2118 2609 nuit,
2151 2538 2502 2594 inconcusse
2533 2537 2869 2611 possideat;
2900 2536 3302 2591 Antiochenus
3332 2551 3465 2591 vero
3496 2551 3618 2590 me-

1968 2633 2227 2684 moratas
2278 2626 2505 2700 iustitia
2553 2628 2816 2700 exigente
2842 2627 2922 2698 (η)
2956 2625 3273 2697 reciperet;
3323 2628 3616 2696 quatenus

1965 2717 2327 2773 dissensione
2363 2717 2979 2788 depulsa,sacerdolali
3001 2714 3308 2771 concordia
3339 2712 3617 2769 inviolata

1964 2806 2624 2862 serventur.Laudantes
2656 2824 2909 2878 namque
2926 2810 3125 2861 votum
3159 2803 3613 2860 reverentissimi

1961 2895 2282 2951 Antiochia
2310 2897 2474 2952 urbis
2508 2896 2917 2967 Maximi,quod
2952 2896 3105 2951 circa
3136 2901 3427 2951 Domnum
3458 2894 3611 2965 ejus-

1965 2987 2097 3041 dem
2145 2987 2441 3056 quondam
2492 2985 2746 3041 civitatis
2793 2984 3113 3041 antistitem
3166 2989 3488 3056 spontanee
3516 3000 3613 3037 vo-

184 3052 309 3146 ηὲιῙί
335 3052 966 3146 ,Ηίθτοεοίῐωθοείυξη
998 3057 1189 3127 gratia
1219 3057 1553 3146 redderetur
1576 3074 1588 3125 ἲ
1615 3058 1844 3146 ἇυεῐυφ
1878 3044 1929 3111 C
1964 3044 2192 3129 luntate
2219 3076 2528 3146 dignanter
2560 3075 2837 3143 ostendit,
2871 3082 2931 3129 ut
2973 3044 3366 3129 humanitatis
3409 3072 3615 3128 solatia

181 3142 413 3196 etenim
448 3146 538 3197 est
569 3150 631 3197 ut
680 3144 963 3199 memoria
992 3148 1185 3215 (e).....
1233 3145 1518 3201 acitorum
1567 3162 1679 3216 pax
1709 3144 1855 3200 obti-

182 3235 352 3285 neat.
391 3230 669 3287 Plurimis
700 3232 898 3305 itaque
928 3234 999 3289 ab
1046 3234 1313 3305 utrisque
1366 3233 1655 3290 dictis.....
1687 3251 1855 3291 cons-

184 3326 397 3389 pectus
419 3322 525 3392 jus
559 3330 771 3377 sancta
822 3322 1062 3393 majoris
1091 3323 1297 3395 synodi
1328 3323 1848 3396 magnificentissi-

188 3425 422 3464 morum
457 3415 515 3465 et
545 3409 1110 3481 gloriosissimorum
1133 3411 1403 3482 judicum
1452 3412 1560 3467 sub
1593 3430 1847 3484 prasen-

192 3497 277 3551 tia
304 3499 577 3554 convenit
607 3501 677 3571 (f)
714 3500 1109 3571 utriusque,et
1136 3506 1198 3556 ut
1227 3502 1376 3557 duas
1404 3502 1645 3572 quidem
1676 3501 1847 3557 Pha-

194 3586 350 3641 nices
378 3592 435 3643 et
466 3588 745 3644 Arabiam
797 3607 976 3661 supra
1007 3589 1150 3645 alias
1198 3590 1508 3646 Orientalis
1540 3591 1847 3664 provincia

196 3674 304 3728 sub
324 3675 462 3731 sede
491 3676 975 3733 Antiochensium
1002 3677 1269 3734 Ecclesia
1311 3695 1480 3751 agere
1500 3682 1557 3734 et
1579 3680 1847 3736 sufficere

199 3762 272 3829 (9)
294 3780 491 3820 eorum
520 3767 883 3837 regentia,et
905 3767 1050 3822 nihil
1074 3766 1388 3839 aliquando
1411 3768 1665 3840 amplius
1689 3785 1845 3840 qua-

201 3866 318 3907 rere
346 3878 359 3919 ;
384 3858 500 3910 tres
522 3871 658 3910 vero
682 3855 1022 3912 Palastinas
1059 3858 1169 3913 sub
1191 3858 1327 3913 sede
1362 3872 1491 3913 esse
1514 3857 1846 3931 Hierosoly-

202 3955 303 3994 ma
324 3942 589 4000 Ecclesia
617 3949 673 4000 et
697 3945 966 4003 sufﬁcere
986 3962 1188 4001 earum
1225 3946 1498 4017 regentia
1527 3951 1585 4003 et
1608 3947 1750 4002 nihil
1783 3947 1842 4003 in

200 4034 489 4097 posterum
520 4049 799 4104 quarere.
836 4036 1115 4091 Convenit
1144 4036 1319 4091 etiam
1371 4040 1428 4091 et
1470 4036 1670 4091 omnia
1715 4054 1842 4108 qua

201 4116 289 4171 hic
309 4128 431 4176 acta
450 4126 591 4177 sunt
612 4126 670 4177 et
690 4124 1047 4197 pragmatica
1064 4128 1229 4196 gesta
1249 4128 1306 4179 et
1327 4124 1515 4179 multa
1537 4124 1625 4180 vel
1640 4124 1840 4195 siquid

202 4204 346 4263 aliud
378 4211 497 4267 sive
549 4229 651 4284 per
680 4214 990 4287 episcopos
1020 4215 1141 4271 sive
1170 4232 1273 4288 per
1318 4215 1701 4287 imperatores
1741 4220 1843 4271 aut

192 4293 409 4363 judices
433 4300 589 4357 facta
606 4306 768 4369 sunt,
789 4302 868 4375 (Ιι)
894 4303 1201 4377 utriusque
1221 4303 1485 4377 partibus
1508 4320 1692 4361 vacua
1712 4320 1841 4360 esse

265 4501 335 4574 (α)
362 4504 691 4577 Legendum
725 4509 1163 4567 interlocutione.
1196 4509 1419 4568 Rustici
1447 4513 1647 4567 tamen
1679 4510 1839 4567 codi-
1869 4513 1916 4579 D

203 4579 674 4653 cescogfessionz’s
703 4596 915 4637 nomen
950 4582 1221 4637 similiter
1240 4583 1584 4653 praferunt.

288 4647 331 4717 ὸ)
363 4647 703 4731 Tresyoces
734 4647 1314 4731 quorumgnominah'is
1345 4654 1573 4731 n_ullum
1593 4668 1836 4731 sensum

204 4722 485 4798 afferentia
514 4722 802 4798 igno_rsnt_
838 4725 1056 4781 Rustici
1089 4727 1338 4781 codices.
1372 4726 1507 4781 Post
1538 4742 1722 4798 pauca
1751 4725 1837 4781 le-

201 4790 438 4913 gendum
470 4790 601 4849 cum
636 4795 875 4851 Rustico
909 4813 921 4850 :
958 4798 1053 4852 llic
1082 4799 1231 4853 decet
1261 4800 1382 4869 qius
1408 4790 1836 4855 aestimationem

236 4876 452 4913 umanus
478 4868 746 4913 cogitatus
776 4868 1070 4913 nanti/inin-

236 4876 459 4939 umentis
475 4868 746 4939 cogitatus
771 4868 1070 4939 pontiﬁcis.

262 4935 329 5011 (ς)
360 4935 559 4993 Melior
586 4935 848 5010 syntaiis
878 4935 1031 5011 apud
1066 4939 1371 4995 Rusticum
1399 4956 1411 4994 :
1438 4942 1567 5011 Ejus
1596 4940 1835 4997 arbitrio

262 4958 329 4997 (ci
361 4958 559 4993 meuor
586 4958 848 5010 syntaxis
878 4958 909 4995 a
958 4958 1031 4995 uo
1066 4958 1371 4995 Rusticum
1399 4958 1411 4994 :
1438 4958 1567 5011 ejus
1596 4958 1652 4995 αν

201 5004 554 5077 relinquente:
583 5027 705 5080 qua
734 5022 863 5068 sunt
892 4958 956 5069 II:
984 5014 1181 5069 Domni
1208 5011 1652 5083 honoriﬁcentia.

262 5076 331 5137 (ιι)
361 5079 527 5136 Forte
554 5082 757 5137 pridie.

401 5096 527 5136 OPIC
554 5096 757 5137 amate.

261 5076 527 5219 EdfForte
550 5076 757 5151 pridie.
1409 5076 1418 5083 ’

261 5164 307 5226 _e
354 5149 453 5226 Hic
483 5153 973 5226 et_deinceps,ubi
1007 5158 1225 5226 puncta
1244 5158 1542 5225 notantur,
1559 5168 1833 5209 corrosus

200 5220 1122 5300 est.codeerorte‘p'lat'itordmg;
1154 5231 1213 5282 et
1259 5226 1392 5283 dein
1439 5230 1499 5300 in
1527 5220 1833 5300 ἐοηερ-εειιι

203 5284 569 5418 ὲὲἑιωέἱιηεεκ
613 5284 845 5366 maioris
890 5284 1113 5370 synodi,
1145 5314 1209 5354 ac
1255 5284 1831 5369 magniﬁcentissimo-

314 5405 325 5418 .
414 5380 463 5418 c.

202 5373 325 5425 rum,
354 5373 463 5419 etc.

260 5432 320 5513 lii
344 5434 513 5513 orte
541 5439 817 5511 utrisque,
838 5444 893 5497 et
925 5445 1132 5513 postea
1159 5441 1469 5497 Orientales
1495 5440 1830 5513 provinczas.

262 5503 323 5579 lg)
357 5506 481 5579 [ξος.
514 5503 736 5566 eorum.

351 5573 526 5656 forte
549 5582 817 5656 utrisque.

265 5644 320 5725 (ξ)
349 5648 567 5725 .Supple

264 5715 323 5789 U)
348 5715 491 5796 Legf
512 5715 785 5800 eumdem,
816 5724 905 5785 vel
936 5724 1155 5801 aliquid
1186 5726 1367 5784 deest.

1967 3165 2038 3218 ab
2070 3164 2325 3219 Ecclesia
2355 3170 2771 3235 consequatur,
2808 3170 3004 3219 nostra
3033 3162 3480 3219 interlocutione
3512 3163 3613 3217 fir-

1968 3269 2223 3317 mamus,
2256 3253 2336 3306 ita
2368 3258 2432 3306 ut
2484 3269 2581 3307 ccr.
2613 3252 2833 3307 solidos
2883 3252 3056 3307 annis
3104 3250 3358 3322 singulis
3406 3266 3608 3305 conse-

1959 3346 2191 3412 quatur,
2226 3340 2489 3412 nihilque
2537 3340 2789 3412 amplius
2821 3341 3115 3411 requirere
3137 3341 3371 3408 audeat,
3413 3340 3511 3394 sed
3546 3339 3605 3393 in

1958 3446 2025 3485 eo
2057 3434 2210 3485 statu
2246 3430 2659 3485 communione
2689 3434 2916 3484 tantum
2954 3430 3181 3483 fruatur
3211 3433 3267 3483 et
3296 3427 3518 3498 requie.

2029 3518 2423 3575 Paschasinus
2454 3518 2765 3590 episcopus
2798 3518 2975 3573 statui
3009 3523 3065 3573 et
3095 3517 3441 3589 subscripsi.

2033 3608 2306 3663 Lucensis
2337 3607 2653 3680 episcopus
2685 3607 2865 3663 statui
2897 3612 2954 3662 et
2982 3606 3328 3677 subscripsi.

2028 3697 2095 3750 Et
2138 3696 2329 3751 cateri
2381 3696 2640 3768 episcopi
2694 3696 3055 3770 infrascripti
3107 3696 3191 3751 ita
3238 3695 3605 3766 subscripse-

1956 3789 2112 3854 runt,
2148 3786 2247 3858 qui
2281 3802 2461 3858 supra
2484 3785 2686 3857 scripti
2720 3790 2878 3841 sunt.

2025 3947 2077 4000 8.
2112 3945 2553 4001 Observandum
2586 3950 2674 4001 est
2702 3946 2809 4001 has
2836 3951 2953 4001 tres
2985 3946 3241 4001 actiones
3276 3946 3334 3999 in
3362 3946 3601 4001 laudato

1953 4018 2151 4073 codice
2181 4018 2431 4072 insertas
2461 4034 2590 4073 esse
2619 4018 2986 4073 documentis
3021 4016 3597 4072 Chalcedonensibus

1952 4091 2079 4160 ejus
2098 4088 2522 4160 antiquissima
2546 4089 2988 4160 versionis,qua
3010 4087 3221 4155 legitur
3246 4088 3303 4141 in
3328 4093 3595 4160 pervertu-

1951 4159 2043 4217 sta
2055 4159 2892 4227 collectioneQuesnelliana,et
2906 4160 3330 4229 anteintegram
3347 4159 3599 4230 ejusdem

1950 4231 2181 4288 concilii
2204 4230 2860 4302 interpretationem.uti
2882 4234 3110 4300 vocant,
3132 4233 3420 4302 antiquam
3440 4230 3595 4285 obti-

1950 4304 2447 4373 nebat;quamque
2462 4303 2649 4358 Leone
2669 4304 2892 4359 vivente
2914 4303 3114 4359 statim
3138 4308 3270 4376 post
3281 4302 3593 4360 concilium

2016 4508 2092 4581 (lc)
2124 4510 2187 4566 Ut
2217 4507 2603 4575 abundat,vel
2633 4510 3008 4566 scribendum
3040 4516 3091 4565 et
3107 4511 3161 4564 ei
3187 4525 3293 4581 :ac
3321 4507 3596 4564 similiter

1946 4586 2081 4707 post
2104 4598 2291 4663 pauca
2318 4596 2331 4637 :
2366 4582 2430 4636 Et
2458 4593 2712 4651 sumptus
2746 4600 2847 4653 pro
2878 4586 3230 4664 utsumptus.
3250 4580 3368 4635 Hoc
3397 4584 3592 4663 autem

1970 4669 2071 4707 oco
2106 4655 2623 4707 animadvertenda
2669 4663 2805 4707 sunt
2835 4663 3205 4707 notissimum
3248 4651 3421 4707 verba
3455 4667 3505 4707 et
3534 4662 3592 4707 ut

1970 4669 2071 4707 oco
2105 4651 2623 4709 animadvertenda
2669 4651 2805 4709 sunt
2835 4652 3205 4724 potissimum
3248 4651 3421 4724 verba
3455 4653 3508 4707 ei
3534 4662 3594 4707 ut

1943 4728 2493 4780 communicationem
2531 4731 2591 4780 ut
2635 4723 2849 4795 ptebeo’
2880 4725 2953 4793 (id
2986 4728 3075 4778 est
3104 4723 3267 4795 laico)
3315 4726 3596 4794 praestari

1942 4797 2362 4858 tantummodo;
2383 4812 2449 4851 ex
2486 4793 2702 4867 quibus
2734 4796 3023 4867 Domuum
3058 4793 3450 4851 dimisso’non
3470 4799 3590 4851 tam

1942 4868 2281 4940 episcopatu
2332 4865 2519 4938 quam
2559 4868 2931 4939 episcopatus
2986 4865 3206 4922 honore
3252 4872 3589 4923 contentum

1944 4940 2127 5012 fuisse
2161 4941 2309 5012 laica
2352 4938 2784 5012 communione,
2818 4944 2875 4993 et
2924 4938 3006 4993 uti
3038 4938 3255 5012 laioum
3300 4956 3428 4995 sese
3458 4956 3589 5012 ges-

2770 4982 2784 5006 9

1942 5011 2091 5065 sisse
2122 5010 2453 5081 colligitur;
2482 5011 2642 5082 quod
2677 5009 2847 5081 plane
2893 5011 3149 5066 concinit
3193 5028 3325 5066 cum
3356 5013 3429 5067 iis
3462 5009 3589 5082 qua

1942 5086 2141 5154 narrat
2171 5082 2423 5154 Cyrillus
2471 5081 2986 5154 Scythopolitanus
3018 5083 3074 5138 in
3119 5084 3245 5140 Vita
3288 5084 3345 5154 S.
3380 5081 3588 5154 Euthy-

1941 5152 2042 5207 mii
2075 5152 2230 5224 apud
2272 5152 2640 5224 Coteleriumi
2669 5158 2811 5209 tom.
2846 5154 2894 5210 II
2927 5154 3188 5211 Monum.
3221 5153 3373 5209 Eccl.
3406 5152 3586 5209 Grac.

1939 5240 2072 5296 pag.
2104 5223 2232 5295 247,
2280 5224 2375 5281 ubi
2435 5240 2568 5279 eum
2628 5223 2686 5279 in
2746 5243 3007 5282 eremum
3068 5244 3129 5282 se
3189 5225 3474 5295 recepisse
3532 5231 3589 5296 et

1939 5297 2213 5424 gloxtiacbi
2238 5296 2414 5353 vitam
2445 5312 2580 5353 cum
2612 5297 2737 5368 ipso
2769 5300 2826 5355 S.
2852 5300 3163 5371 Euthymio
3193 5297 3383 5369 egisse
3413 5295 3588 5369 signi-

1981 5385 2046 5424 ca
2081 5411 2093 5424 .

1981 5374 2093 5425 cat.

2032 5441 2073 5511 ι)
2110 5440 2237 5512 Leg.
2270 5441 2471 5494 studio.

2035 5510 2106 5577 νὴ)
2140 5510 2299 5566 Hanc
2332 5511 2674 5566 mendosam
2706 5510 3012 5567 lectionem
3054 5511 3137 5566 sic
3168 5510 3377 5582 corrigi
3413 5526 3586 5583 posse

1938 5582 2315 5656 suspicamur
2345 5598 2359 5656 :_
2387 5582 2458 5656 _Ut
2471 5586 2909 5656 provinciarum
2952 5583 3153 5639 divisio
3183 5582 3427 5656 quietem
3462 5582 3585 5639 illi-

1936 5654 2231 5726 garettvel
2263 5653 2404 5726 quid
2434 5653 2648 5712 simile.

2005 5724 2086 5799 (η)
2119 5723 2255 5800 Leg.
2278 5723 2535 5799 recipiat.
