4050 6164
189 167 300 227 769
428 126 459 187 ί
812 150 815 151 ί
1349 164 1729 230 EPISTULA
1770 167 2412 233 NUNCUPATORIA.
3466 172 3587 234 770

192 324 3585 396 Ἥ

2400 370 2512 380 ρ--δ

1268 532 1780 594 SANCTISSIMO
1824 534 2129 595 DOMINO
2174 533 2482 595 NOSTBO

695 736 2323 907 BENEDICTO
2489 738 3060 957 XIV,

1048 1037 1623 1125 PONTIFICI
1682 1039 2127 1127 OPTIMO
2186 1041 2685 1149 MAXIMO,

566 1245 881 1305 FRATER
940 1245 1249 1307 PETRUS
1314 1246 1636 1307 THOMAS
1703 1246 2062 1308 CACCIAHI
2123 1248 2572 1308 CARMELITA
2636 1248 3176 1309 FELICITA'I‘EM.

231 1451 374 1513 Etsi
399 1466 469 1513 ea
498 1468 630 1533 quas
660 1450 910 1511 summis
946 1450 1329 1532 principibus
1374 1450 1581 1532 ofﬁcii
1618 1459 1672 1511 et
1718 1450 1987 1533 obsequii
2027 1453 2259 1512 nomine
2288 1453 2644 1533 offeruntur,
2694 1460 2813 1512 tam
2864 1453 2983 1514 illis
3030 1453 3227 1516 debita
3264 1463 3317 1517 et
3365 1474 3572 1518 conve-

159 1550 374 1611 nientia
404 1547 711 1631 peculiari
752 1548 928 1610 titulo
959 1547 1243 1611 censenda
1288 1559 1438 1623 sunt,
1474 1559 1543 1610 ut
1588 1551 1850 1611 rationes
1896 1559 1951 1611 et
1999 1569 2187 1611 causx
2236 1549 2475 1610 minime
2523 1550 2853 1631 quaerendae
2898 1555 3016 1613 sint
3060 1573 3166 1613 cur
3215 1573 3285 1615 ea
3330 1574 3577 1617 munera

158 1650 222 1711 iis
245 1647 626 1730 potissimum
657 1647 1034 1723 tribuantur;
1068 1656 1327 1709 attamen
1355 1657 1476 1709 tam
1519 1649 1863 1729 praecipua,
1901 1658 2020 1710 tam
2060 1667 2234 1722 verae,
2271 1657 2388 1709 tam
2406 1649 2590 1727 justas
2617 1668 2804 1711 causa
2830 1659 2988 1725 sunt,
3026 1650 3349 1713 beatissime
3372 1662 3574 1734 pater,

160 1759 216 1809 ut
261 1747 371 1809 hoc
419 1745 943 1808 Exercitationum
995 1764 1260 1806 mearum
1294 1745 1355 1806 in
1387 1746 1581 1827 Opera
1623 1746 1697 1807 S.
1730 1746 1943 1808 Leonis
1974 1746 2192 1825 Magni
2219 1743 2483 1807 volumen
2540 1745 2765 1828 inclgto
2825 1748 3059 1810 nomini
3110 1758 3205 1811 tuo
3262 1751 3580 1813 inscribere

164 1866 224 1908 ac
248 1863 597 1925 nuncupare
625 1843 884 1917 debeam,
924 1853 989 1904 ut
1014 1864 1105 1904 me
1130 1845 1335 1923 facere
1363 1842 1540 1904 aliter
1567 1844 1693 1903 sine
1720 1844 1899 1923 gravi
1944 1853 2080 1904 nota
2109 1862 2481 1924 nequaquam
2508 1863 2675 1925 posse
2704 1844 3132 1907 existimarem.
3164 1846 3578 1928 Prxterquam

168 1945 312 2026 quod
360 1944 519 2004 enim
569 1962 712 2023 opus
769 1941 897 2012 hoc,
930 1940 1078 2023 quia
1126 1960 1375 2021 magnas
1417 1953 1470 2001 et
1515 1960 1725 2020 graves
1770 1940 2188 2003 ecclesiasticas
2243 1961 2357 2015 res,
2416 1952 2471 2002 et
2528 1944 2721 2003 sancti
2768 1943 3215 2024 prtedecessoris
3272 1946 3370 2005 tui
3417 1956 3583 2025 gesta

172 2039 593 2120 complectitur,
627 2038 709 2098 ad
729 2050 806 2110 te,
838 2048 1038 2119 utpote
1062 2038 1367 2119 potestatis
1397 2038 1565 2098 illius
1613 2037 1922 2111 haeredem,
1956 2048 2011 2098 et
2056 2040 2119 2098 in
2171 2039 2491 2118 apostolico
2534 2039 2824 2117 regimine
2866 2060 3245 2101 successorem
3288 2044 3585 2121 pertinere

174 2138 360 2212 debet;
392 2146 512 2196 tum
542 2155 606 2196 eo
635 2135 816 2196 etiam
846 2135 1019 2196 titulo
1051 2135 1161 2196 tibi
1189 2136 1447 2197 maxime
1471 2138 1785 2217 proprium
1814 2145 1870 2197 et
1899 2137 2246 2197 conveniens
2292 2145 2397 2209 est,
2430 2136 2592 2216 quod
2634 2137 2693 2195 in
2734 2136 2879 2215 pari
2925 2137 3235 2217 dignitatis
3264 2138 3485 2217 gradu,
3519 2142 3583 2202 in

175 2256 278 2319 quo
307 2233 595 2295 divinitus
629 2233 950 2295 collocatus
973 2252 1050 2306 es,
1084 2253 1209 2295 eam
1241 2233 1461 2314 agendi
1491 2243 1682 2294 teneas
1710 2236 1999 2293 rationem
2047 2243 2102 2293 et
2150 2252 2442 2303 normam,
2476 2242 2542 2293 ut
2568 2234 2761 2294 sancti
2793 2234 2970 2313 hujus
2991 2235 3297 2315 pontiﬁcis
3326 2238 3584 2318 vestigiis

174 2332 530 2414 potissimum
564 2332 850 2404 insistere,
884 2330 1083 2392 studia
1114 2330 1274 2392 illius
1302 2331 1562 2393 maxime
1589 2329 1883 2401 aemulari,
1919 2341 1977 2391 et
2023 2331 2105 2393 ad
2150 2330 2529 2412 apostolicum
2558 2330 2819 2411 ejusdem
2869 2332 3051 2392 zelum
3101 2343 3156 2393 et
3205 2336 3580 2414 vigilantiam

175 2451 341 2511 quam
368 2429 646 2512 proxime
677 2427 933 2492 videaris
962 2429 1254 2490 accedere.
1290 2428 1452 2490 Sane
1487 2428 1745 2511 quidem,
1778 2448 1909 2489 cum
1937 2440 2173 2490 sanctus
2202 2429 2318 2489 Leo
2352 2428 2640 2509 perlonga
2671 2430 2847 2489 totius
2872 2431 2973 2489 sui
2989 2430 3376 2511 pontiﬁcatus
3405 2452 3580 2494 cursu

175 2528 317 2590 nihil
340 2530 534 2609 magis
566 2529 819 2609 impense
846 2528 1053 2607 egerit,
1085 2526 1394 2601 studuerit,
1428 2525 1842 2602 elaborauerit,
1877 2547 2055 2609 quam
2095 2536 2162 2587 ut
2189 2536 2325 2587 tunc
2356 2535 2732 2606 exsurgentes
2761 2535 2826 2587 ut
2852 2546 2982 2587 cum
3014 2528 3271 2588 maxime
3298 2530 3582 2592 Ecclesiae

174 2637 223 2688 et
270 2624 576 2688 eatholicx
629 2622 777 2706 ﬁdei
836 2623 1044 2698 hostes,
1097 2623 1417 2699 laboribus,
1468 2623 1729 2705 scriptis,
1780 2634 1835 2685 et
1885 2623 2190 2704 indefessis
2240 2624 2398 2685 euris
2442 2624 2564 2683 suis
2609 2621 2904 2703 refelleret
2950 2633 3005 2683 et
3050 2626 3426 2702 confutaret;
3482 2646 3581 2702 eas

172 2723 592 2786 saluberrimas
646 2720 797 2801 leges
840 2732 895 2782 et
941 2733 1145 2783 sancta
1190 2721 1459 2782 instituta
1513 2720 1803 2793 condidit,
1862 2740 1992 2802 quae
2048 2722 2268 2782 exteris
2325 2719 2606 2781 Romanis
2655 2718 3040 2800 pontiﬁcibus
3094 2720 3176 2782 ad
3229 2722 3576 2786 catholicam

175 2820 513 2901 religionem
569 2816 965 2889 asserendam,
1012 2828 1069 2879 et
1119 2816 1271 2879 sedis
1322 2818 1651 2899 apostolicae
1694 2819 1851 2898 jura
1899 2816 2253 2879 vindicanda
2307 2838 2583 2897 magnum
2642 2817 2946 2898 exemplar
2995 2818 3402 2901 praebuerunt.
3436 2822 3583 2883 Ha’c

176 2927 356 2979 autem
408 2916 701 2997 exempla,
745 2923 923 2995 pater
971 2915 1310 2988 beatissime,
1341 2917 1605 2995 permiro
1643 2916 1813 2977 modo
1858 2916 1921 2975 in
1970 2926 2023 2977 te
2069 2934 2342 2996 expressa
2396 2934 2511 2976 esse
2566 2934 2731 2975 nemo
2786 2925 2867 2976 est
2921 2916 3032 2996 qui
3072 2936 3189 2976 non
3245 2930 3577 2996 agnoscat:

177 3015 287 3077 sive
332 3016 490 3076 enim
538 3011 913 3094 splendidum
956 3014 1278 3094 prxteritas
1324 3015 1457 3074 vitae
1507 3023 1618 3075 tux
1666 3033 1899 3074 cursum
1947 3023 2297 3094 reputemus,
2334 3012 2490 3074 nihil
2524 3023 2580 3073 te
2626 3014 2814 3091 magis
2860 3012 3211 3086 elaborasse,
3262 3015 3424 3076 nihil
3470 3018 3579 3077 im-

178 3112 397 3193 pensius
449 3110 732 3171 studuisse
784 3109 1053 3171 omnibus
1108 3119 1353 3184 constat,
1414 3130 1591 3192 quam
1650 3120 1714 3170 ut
1767 3109 1956 3171 sacris
2006 3112 2368 3190 potissimum
2427 3120 2483 3170 et
2536 3110 2937 3171 ecclesiasticis
2990 3111 3197 3171 studiis
3251 3112 3584 3173 excolendis

185 3208 454 3271 Ecclesiae
485 3208 635 3288 leges
664 3218 718 3269 et
750 3207 1022 3269 instituta
1045 3208 1284 3288 penitus
1327 3227 1717 3287 pernosceres,
1752 3208 1960 3289 quibus
2009 3207 2073 3267 in
2122 3218 2208 3269 tot
2249 3207 2619 3288 gravissimis
2664 3207 3026 3282 muneribus,
3057 3229 3189 3289 quae
3237 3219 3403 3271 tanta
3448 3230 3581 3271 cum

185 3308 349 3370 laude
394 3327 431 3369 a
480 3316 533 3368 te
580 3305 1007 3368 administrata
1035 3308 1303 3386 fuerunt,
1334 3304 1416 3367 ad
1460 3305 1770 3385 religionis
1810 3306 1979 3366 decus
2008 3315 2065 3366 et
2098 3306 2370 3366 Romanx
2397 3304 2548 3365 sedis
2594 3304 2943 3385 dignitatem
2986 3317 3045 3369 et
3095 3306 3285 3386 legum
3331 3310 3583 3388 integri-

184 3416 338 3467 tatem
386 3404 682 3478 tuendam,
738 3404 986 3464 utereris
1029 3422 1050 3464 :
1095 3404 1216 3465 sive
1266 3412 1463 3464 autem
1510 3402 1681 3463 modo
1732 3402 1798 3463 in
1839 3422 2108 3484 supremo
2148 3401 2431 3463 Ecclesia
2482 3402 2838 3482 pontiﬁcatu
2895 3405 3267 3463 constitutum
3326 3414 3582 3465 contem-

181 3504 443 3584 plemur;
491 3501 640 3585 quid
693 3522 810 3563 non
856 3511 1103 3563 veterem
1152 3500 1317 3563 illam
1347 3501 1481 3562 divi
1516 3500 1692 3562 Petri
1741 3520 2130 3563 successorum
2182 3488 2518 3582 primorum
2573 3498 2921 3562 sxculorum
2978 3501 3293 3581 imaginem
3342 3502 3586 3582 refert?

191 3602 323 3664 Cum
372 3612 432 3663 tu
480 3610 633 3662 inter
671 3598 1061 3680 gravissimas
1115 3600 1291 3662 etiam
1337 3600 1714 3682 principatus
1759 3619 1952 3677 curas,
1981 3598 2283 3681 pastorali
2310 3598 2519 3680 ofﬁcio
2569 3598 2722 3681 (quas
2765 3618 3049 3680 suprema
3098 3597 3409 3678 dignitatis
3470 3609 3583 3662 tux

181 3699 475 3779 potissima
498 3718 646 3780 pars
674 3699 784 3779 est)
811 3696 955 3759 adeo
986 3696 1183 3759 sedulo
1232 3697 1537 3774 incumbis,
1574 3697 1717 3760 adeo
1748 3698 1916 3759 orbis
1940 3697 2059 3759 tibi
2078 3698 2371 3760 commissi
2413 3698 2613 3773 saluti,
2643 3696 2810 3777 ﬁdei,
2843 3716 3194 3779 morumque
3225 3698 3586 3778 integritati,

189 3807 237 3858 et
261 3796 647 3859 ecclesiasticae
680 3794 1013 3877 disciplina:
1066 3796 1267 3876 vigori
1316 3796 1641 3876 invigilas;
1672 3805 1736 3857 ut
1782 3795 1950 3858 nulla
1990 3815 2141 3876 pars
2170 3816 2300 3877 quae
2329 3794 2409 3856 ad
2437 3795 2587 3855 hanc
2641 3797 2957 3856 materiam
3011 3803 3250 3877 spectet,
3283 3815 3433 3858 cura
3490 3806 3593 3859 tua

190 3916 289 3955 non
341 3895 508 3956 modo
561 3894 827 3976 provisa,
867 3893 970 3954 sed
1010 3902 1066 3954 et
1110 3892 1329 3973 regulis
1375 3894 1640 3974 ﬁrmata,
1691 3895 1927 3973 scriptis
1975 3893 2303 3963 illustrata,
2356 3912 2427 3954 ac
2480 3893 2727 3954 decretis
2780 3892 3190 3955 saluberrimis
3246 3894 3479 3955 sancita
3533 3904 3592 3956 et

193 3993 450 4055 roborata
485 3996 582 4053 sit.
619 3991 689 4053 In
736 4010 854 4072 qua
900 3990 1137 4071 quidem
1168 4010 1233 4051 re
1262 4010 1376 4070 quo
1419 3994 1611 4071 magis
1656 3991 1734 4053 ad
1784 4010 2043 4052 veterum
2099 4000 2438 4052 sanctorum
2491 3990 2977 4068 praedecessorum
3031 4002 3265 4052 tuorum
3319 4012 3590 4054 normam

194 4091 581 4169 eonformeris,
614 4090 676 4149 in
702 4107 975 4169 supremo
1008 4087 1137 4149 licet
1167 4088 1529 4168 dignitatum
1574 4089 1773 4168 gradu
1824 4090 2075 4169 positus,
2107 4088 2368 4149 eamdem
2419 4088 2770 4148 laboriosam
2798 4106 2994 4147 servas
3025 4089 3241 4167 agendi
3268 4089 3579 4162 rationem,

191 4188 411 4267 perinde
439 4208 511 4250 ac
556 4189 609 4249 si
652 4186 715 4247 in
758 4186 996 4267 privato
1025 4197 1203 4269 atque
1233 4186 1449 4247 humili
1473 4196 1629 4248 statu
1656 4206 1821 4260 esses,
1854 4195 1912 4247 et
1937 4204 2108 4247 curas
2154 4185 2423 4246 assiduas
2451 4194 2626 4265 atque
2675 4183 2993 4262 indefessas
3032 4186 3302 4257 sustines,
3333 4195 3401 4245 ut
3448 4185 3588 4247 aliis

194 4287 298 4347 sine
349 4286 548 4349 labore
600 4284 760 4368 quod
786 4305 953 4345 suum
1010 4285 1092 4346 ad
1145 4284 1412 4366 ofﬁcium
1466 4283 1746 4367 pertinet,
1783 4285 2120 4344 innotescat.
2150 4282 2312 4343 Hinc
2360 4283 2570 4362 igitur,
2607 4281 2931 4342 beatissime
2981 4291 3179 4362 pater,
3204 4292 3374 4344 certa
3432 4283 3593 4343 mihi

194 4382 393 4462 ﬁducia
419 4384 645 4457 existit,
678 4384 813 4464 fore
869 4392 937 4444 ut
991 4382 1197 4444 libenti
1228 4384 1427 4445 animo
1470 4383 1749 4463 accipias,
1782 4392 1991 4442 etcum
2023 4378 2325 4462 voluptate
2348 4398 2671 4460 percurras
2725 4398 2793 4439 ea
2847 4398 2975 4461 quae
3021 4380 3079 4439 in
3133 4377 3240 4440 hoc
3294 4380 3590 4442 volumine

194 4482 334 4543 circa
384 4484 661 4563 antiquas
720 4481 961 4543 haereses
1017 4480 1504 4556 Manichaeorum,
1549 4478 2179 4542 Priscillianistarnm.
2220 4475 2681 4558 Pelagianorum
2740 4486 2793 4537 et
2849 4475 3393 4557 Eutychianorum,
3451 4498 3585 4559 qua

193 4582 363 4641 sancti
380 4579 682 4662 pontiﬁcis
710 4580 921 4641 Leonis
958 4588 1211 4661 tempore
1239 4579 1516 4641 adversus
1561 4578 1891 4641 Ecelesiam
1943 4586 2241 4659 tanta/sere
2284 4574 2651 4638 debacchata:
2676 4577 2940 4657 fuerunt,
2976 4576 3170 4638 relata
3218 4586 3275 4637 et
3319 4578 3592 4657 exposita

195 4687 344 4754 sunt;
370 4679 429 4739 in
460 4678 674 4760 quibus
701 4696 830 4738 cum
862 4676 1120 4756 ejusdem
1150 4679 1343 4738 animi
1365 4676 1805 4756 fortitudinem,
1839 4675 2026 4737 zelum
2056 4685 2109 4736 et
2137 4674 2520 4757 apostolicam
2564 4674 3006 4753 auctoritatem,
3036 4674 3348 4755 variasque
3392 4683 3588 4734 atten-

198 4776 423 4838 tissimas
452 4795 627 4838 curas
658 4773 1071 4856 deprehendes,
1106 4796 1237 4855 quae
1268 4786 1390 4837 tum
1424 4796 1484 4836 in
1516 4776 1629 4836 reis
1673 4772 2101 4853 redarguendis
2148 4783 2202 4834 et
2244 4772 2671 4844 convincendis,
2703 4783 2827 4832 tum
2878 4772 2939 4831 in
2983 4770 3400 4852 paenitentibus
3432 4773 3590 4833 reci-

195 4872 423 4948 piendis,
453 4871 778 4942 monendis,
813 4870 1199 4945 instruendis,
1231 4882 1409 4953 atque
1451 4871 1636 4952 lapsis
1682 4890 1720 4932 a
1761 4891 2075 4952 poenarum
2125 4869 2378 4932 vinculis
2428 4865 2773 4929 relaxandis
2813 4874 3088 4947 suscepta:
3124 4875 3410 4945 fuerunt;
3436 4877 3594 4930 sicut

192 4973 532 5051 praecipuam
576 4972 636 5029 in
666 4968 1010 5050 hujusmodi
1048 4968 1217 5030 rebus
1262 4970 1547 5031 Ecclesiae
1594 4970 1990 5040 ceconomiam,
2027 4978 2145 5027 tum
2197 4965 2530 5027 mirabilem
2560 4965 2643 5026 Β.
2678 4963 2746 5025 0.
2781 4963 2867 5025 Μ.
2904 4964 2964 5023 in
2994 4963 3255 5043 ejusdem
3304 4966 3593 5044 regimine

195 5067 603 5141 providentiam
633 5085 926 5147 agnosces.
963 5067 1091 5142 Qua
1136 5066 1373 5148 quidem
1412 5064 1814 5147 providentia,
1844 5063 2333 5145 quemadmodum
2360 5065 2590 5143 factum
2620 5071 2705 5122 est
2748 5070 2815 5121 ut
2861 5081 2976 5143 quo
3027 5072 3281 5141 tempore
3308 5062 3587 5125 Ecclesia

196 5160 538 5238 ﬁrmioribus
588 5163 889 5245 praesidiis
946 5162 1233 5244 indiguit,
1266 5183 1329 5225 eo
1380 5164 1749 5246 potissimum
1782 5171 2037 5242 tempore
2083 5170 2352 5221 strenuos
2400 5161 2556 5221 Deus
2599 5178 2849 5219 summos
2892 5169 3159 5239 pastores
3189 5161 3540 5220 excitaverit
3563 5181 3588 5228 ,-

201 5258 362 5340 t'itque
386 5282 500 5323 non
530 5261 698 5322 modo
726 5262 1114 5321 necessariam
1146 5260 1266 5323 vim
1295 5270 1350 5323 et
1379 5260 1564 5321 robur
1591 5257 1893 5321 addiderit
1925 5257 2005 5318 ad
2023 5257 2376 5320 catholicam
2401 5255 2580 5337 ﬁdem
2608 5253 3004 5329 asserendam,
3028 5267 3085 5315 et
3110 5255 3191 5317 ad
3215 5274 3284 5316 ea
3311 5272 3588 5333 suprema

190 5353 404 5431 judicia
430 5358 674 5440 ferenda
702 5378 832 5441 quae
862 5378 935 5419 ex
965 5357 1185 5420 divinis
1212 5368 1268 5420 et
1296 5357 1632 5441 apostolicis
1663 5355 1945 5417 institutis
1975 5355 2183 5418 hausta
2227 5363 2401 5421 sunt;
2449 5350 2551 5413 sed
2576 5360 2631 5412 et
2657 5350 3001 5413 diuturnam
3033 5354 3212 5412 vitam
3242 5350 3591 5411 concesserit

202 5451 269 5511 ad
306 5468 497 5519 cuneta
538 5455 793 5539 feliciter
837 5456 1128 5538 explenda
1179 5475 1200 5520 :
1246 5457 1333 5519 sic
1380 5467 1441 5519 tu
1487 5478 1616 5526 cum
1676 5454 1964 5516 divinitus
2018 5453 2188 5515 datus
2240 5454 2339 5533 sis,
2377 5460 2440 5513 ut
2488 5450 2747 5525 monitis,
2778 5448 3145 5510 salutaribus
3200 5446 3584 5525 documentis,
