4050 6164
515 162 629 222 ’171
840 202 843 203 ν
2020 150 2114 212 ΡΗ

2215 148 2441 213 FATIO
2772 222 2775 225 _
2988 150 2993 159 ί
3206 102 3207 105 γ
3722 168 3814 232 ιη,

504 297 814 379 ρνεθεεριίε
839 306 894 358 et
923 289 1435 357 constitutionibus
1462 292 1577 350 tuis
1602 286 1686 351 ad
1704 285 2111 367 episcoporum
2150 283 2529 365 omniumque
2554 282 3070 349 ecclesiasticarum
3112 285 3530 352 instructionem
3553 313 3647 374 per
3674 305 3817 364 totum

505 394 862 459 catholicum
918 393 1113 454 orbem
1163 389 1393 470 di/fusis
1421 407 1514 448 eos
1561 385 1794 448 tolleres
1835 384 2067 458 abusus,
2103 384 2214 464 qui
2261 384 2382 444 sive
2434 400 2739 443 sacrorum
2794 382 3022 443 rituum
3077 383 3290 459 decori,
3322 388 3438 448 sive
3498 392 3822 461 ecclesiasticis

511 492 755 573 legibus,
787 492 908 553 sive
942 488 1307 554 Christianis
1342 485 1603 547 moribus
1650 482 2066 557 adversantur,
2099 480 2355 561 ﬁdenter
2398 499 2641 561 sperare
2662 490 2764 554 est,
2806 480 2989 542 Deum
3021 481 3087 543 0.
3113 482 3197 544 Μ.
3226 482 3327 543 diu
3371 494 3424 546 te
3468 486 3624 568 (quod
3651 492 3831 561 Clu-isti

505 592 779 675 ﬁdelibus
808 588 1074 651 omnibus
1102 589 1165 648 in
1196 586 1341 649 votis
1369 604 1484 646 esse
1513 583 1699 663 debet)
1732 581 2013 643 Ecclesiae
2039 599 2158 640 suae
2187 579 2458 661 sospitem
2490 589 2993 655 conservaturum,
3028 590 3093 642 ut
3116 581 3375 661 felicium
3402 604 3613 666 operum
3642 600 3821 656 tuorum

504 692 711 754 seriem
741 687 823 750 ad
847 686 1069 747 exitum
1108 683 1420 767 perducas.
1454 682 1619 743 Inter
1662 698 1791 761 qua
1821 677 2086 739 illustria
2132 686 2185 738 et
2229 676 2491 756 gloriosa
2543 696 2724 757 opera
2774 686 2897 751 tua,
2924 688 3102 759 pater
3148 678 3479 758 beatissime,
3514 703 3628 745 cum
3652 707 3708 749 ea
3734 700 3821 753 tum

505 788 587 851 ad
621 784 1000 858 Christianae,
1036 792 1154 844 tum
1182 782 1263 844 ad
1290 779 1603 843 litterariae
1652 774 1997 858 reipublica:
2044 773 2359 835 utilitatem
2385 793 2500 833 non
2536 774 2783 836 minima
2829 773 3095 837 habenda
3119 777 3215 851 sit,
3247 779 3403 858 quod
3444 781 3622 843 studia
3644 793 3818 863 favore,

507 888 906 959 incitamento,
936 881 1197 963 exemplo
1229 890 1326 941 tuo
1351 896 1695 962 promoveas
1712 896 1737 944 ;
1781 874 1942 948 hinc,
1971 873 2125 934 sicut
2170 891 2237 933 ea
2266 870 2409 933 aliis
2436 890 2717 953 magnum
2745 870 3046 934 stimulum
3075 883 3131 935 et
3158 874 3515 939 alacritatem
3558 880 3745 944 addam
3765 889 3823 946 ad

506 985 684 1047 libros
708 1002 840 1045 suos
883 978 1187 1062 ponti/icio
1233 976 1463 1038 nomini
1503 985 1602 1035 tuo
1650 971 2025 1044 devovendos,
2061 980 2118 1032 et
2164 978 2384 1032 certum
2431 968 2566 1031 inde
2612 971 3011 1052 patrocinium
3067 974 3553 1054 exspectandum;
3600 980 3671 1039 sic
3712 984 3825 1043 mihi

502 1082 684 1144 multo
726 1080 1053 1142 maximum
1100 1074 1481 1147 addiderunt,
1532 1080 1601 1133 ut
1645 1069 1911 1134 Leonina
1957 1069 2078 1130 haec
2122 1076 2499 1152 monumenta
2546 1068 2850 1129 sanctitati
2888 1078 3002 1129 tua?
3050 1070 3319 1150 offerrem
3365 1080 3418 1133 et
3458 1092 3823 1157 consecrarein;

501 1180 680 1263 idque
708 1177 909 1240 multis
938 1195 1009 1238 ac
1028 1174 1353 1257 pracipuis
1382 1172 1452 1233 de
1479 1171 1669 1233 causis
1698 1191 1719 1228 :
1751 1189 1820 1231 ac
1843 1168 2106 1251 primum
2135 1165 2391 1249 quidem,
2427 1164 2589 1247 quod
2630 1166 3002 1246 ponti/iciam
3053 1167 3413 1230 clementiam
3456 1180 3510 1231 et
3551 1172 3824 1238 humanita-

503 1290 612 1341 tem
644 1280 707 1338 in
734 1273 1100 1357 excipiendis
1128 1291 1267 1333 mea?
1306 1270 1618 1332 tenuitatis
1665 1266 1906 1348 scriptis
1952 1285 2085 1327 cum
2130 1284 2247 1325 non
2297 1264 2489 1340 semel,
2523 1274 2647 1325 tum
2686 1267 3016 1346 praesertim
3062 1276 3339 1347 expertus
3380 1289 3520 1345 sum,
3553 1289 3667 1331 cum
3690 1291 3830 1336 annos

498 1376 717 1441 abhinc
744 1373 1016 1436 undecim
1046 1369 1304 1433 Eusebii
1330 1368 1502 1430 libros
1539 1368 1605 1431 Ε
1607 1366 1969 1429 cclesiasticw
2018 1362 2297 1426 Historiae
2347 1361 2579 1423 nomini
2605 1371 2702 1423 tuo
2734 1363 3048 1445 inscriptos
3097 1366 3157 1426 in
3209 1365 3392 1427 lucem
3436 1366 3580 1429 dedi.
3614 1369 3721 1444 Qua
3760 1372 3831 1433 be-

497 1473 793 1555 nignitate
822 1469 1093 1534 alacrior
1118 1472 1330 1551 factus,
1364 1465 1525 1550 quod
1550 1464 1701 1527 mihi
1740 1474 1876 1525 tunc
1918 1482 2096 1546 prope

2231 1480 2370 1535 ~am,
2396 1461 2686 1543 per/icere
2714 1462 2904 1523 enisus
2929 1463 3092 1541 |sum,
3127 1474 3191 1523 ut
3246 1463 3434 1526 altera
3476 1465 3587 1527 hac
3628 1466 3830 1531 adorna-

496 1592 656 1650 rem;
702 1568 910 1633 deinde
958 1577 1152 1631 autem
1207 1566 1381 1649 quod,
1418 1586 1548 1627 cum
1600 1567 1663 1625 in
1712 1563 1867 1624 hisce
1914 1561 2056 1643 ipsis
2098 1558 2543 1642 prosequendis,
2573 1568 2628 1620 et
2674 1560 2735 1620 in
2773 1559 3047 1622 subsidiis
3101 1561 3393 1637 emendis,
3451 1563 3642 1645 quibus
3687 1570 3834 1628 sancti

489 1670 791 1752 pontiﬁcis
819 1666 1029 1731 Leonis
1062 1665 1391 1727 doctrinam
1422 1673 1475 1725 et
1503 1672 1667 1743 gesta
1700 1661 2085 1731 illustrarem,
2139 1658 2426 1719 Vaticana:
2452 1657 2786 1737 praesertim
2820 1657 3205 1737 bibliothecas,
3238 1658 3491 1742 aliisque
3516 1666 3834 1725 monumentis

495 1789 631 1831 usus
658 1770 790 1837 sim,
825 1786 954 1849 quae
982 1763 1319 1847 apostolicae
1348 1761 1497 1824 sedis
1530 1759 1914 1838 beneﬁcentia
1945 1757 2095 1817 mihi
2116 1765 2472 1833 patuerunt;
2502 1756 2593 1818 vel
2617 1755 2689 1817 ob
2720 1755 2788 1817 id
2812 1757 3005 1838 ipsum
3034 1758 3237 1820 eadem
3268 1758 3389 1821 hac
3414 1779 3449 1821 a
3478 1770 3526 1821 te
3552 1759 3830 1841 benigniori

496 1870 693 1930 animo
721 1875 1026 1947 exceptum
1074 1862 1157 1925 iri
1204 1860 1356 1923 mihi
1393 1859 1684 1942 persuasi,
1718 1855 1879 1940 quod
1920 1857 2156 1937 [ructus
2185 1874 2383 1916 eorum
2417 1874 2720 1916 munerum
2749 1856 2867 1915 sint
2892 1876 3022 1937 quae
3070 1857 3226 1918 mihi
3265 1856 3533 1919 hactenus
3584 1860 3828 1941 impertita

494 1969 763 2048 fuerunt.
798 1964 1041 2024 Interim
1074 1970 1267 2022 autem
1296 1959 1432 2022 dum
1468 1957 1843 2041 ponti/iciam
1891 1954 2259 2016 clementiam
2305 1962 2468 2016 tuam
2497 1953 2649 2015 mihi
2672 1964 2729 2015 et
2756 1956 2894 2015 meis
2936 1953 3089 2016 hisce
3132 1955 3433 2017 laboribus
3458 1957 3633 2039 magis
3656 1978 3831 2039 semper

485 2064 810 2147 propitiam
840 2071 1079 2143 exapto,
1114 2057 1269 2120 illud
1308 2057 1463 2119 mihi
1487 2053 1897 2118 tantummodo
1935 2052 2220 2135 polliceor
2246 2062 2301 2113 et
2328 2052 2628 2133 deprecor,
2661 2063 2727 2112 ut
2771 2073 2883 2134 per
2926 2054 3184 2116 eamdem
3235 2055 3409 2117 liceat
3442 2066 3639 2137 pacato
3679 2060 3833 2119 aninw

490 2163 553 2224 in
583 2160 879 2243 religiosis
906 2157 1120 2221 studiis
1146 2158 1283 2219 meis
1311 2155 1732 2238 conquiescere,
1765 2172 1881 2235 quo
1912 2170 2106 2212 omnes
2153 2170 2309 2211 meas
2357 2169 2533 2211 curas
2559 2158 2617 2211 et
2643 2150 3025 2231 cogitationes
3071 2151 3135 2212 in
3183 2152 3515 2233 apostolica:
3550 2152 3684 2215 sedis
3706 2154 3830 2214 obse-

489 2262 691 2345 quium
726 2269 779 2322 et
809 2258 1201 2321 reverentiam
1231 2265 1285 2316 et
1312 2254 1640 2316 sanctitatis
1670 2261 1786 2313 tua?
1814 2250 2079 2331 ofﬁcium
2112 2249 2169 2309 in
2196 2257 2492 2328 posterum
2521 2250 2695 2309 etiam
2724 2250 2999 2328 con/erre
3026 2249 3282 2312 valeam.

1600 2616 2772 2743 PREFATIO.

552 3073 655 3129 Vix
687 3070 828 3125 dum
869 3064 941 3120 ad
981 3060 1201 3118 exitum
1249 3055 1633 3129 perduxeram
1685 3049 1943 3106 laborem
1992 3045 2268 3103 editionis
2316 3045 2653 3101 Eusebianos
2703 3046 2988 3120 Historiae,
3022 3064 3125 3120 per
3171 3050 3453 3108 Ruﬁnum
3500 3053 3830 3126 Aquileiensis

480 3158 750 3220 Ecclesiae
790 3153 1193 3229 presbyterum
1239 3146 1652 3215 interpretata,
1685 3139 2091 3209 librarumque
2121 3137 2192 3191 ab
2240 3135 2368 3223 ipso
2398 3134 2485 3191 vel
2516 3151 2584 3191 ex
2613 3136 2992 3209 antiquorum
3042 3143 3467 3211 monumentis,
3498 3142 3579 3200 vel
3607 3160 3667 3200 ex
3694 3143 3830 3198 rebus

479 3268 609 3325 quas
641 3241 924 3303 memoria
966 3256 1070 3296 sua
1121 3234 1492 3307 contigerunt
1523 3230 2022 3294 elucubratorum,
2054 3242 2187 3281 cum
2225 3220 2351 3295 jam
2400 3224 2593 3296 majus
2625 3225 2928 3296 quidpiam
2978 3232 3322 3300 cenaturus,
3358 3232 3429 3293 ad
3478 3232 3827 3289 intermissum

474 3312 738 3399 studium
780 3328 1258 3403 castigandorum
1309 3322 1561 3394 Operum
1610 3317 1805 3391 Magni
1854 3315 2084 3384 Leonis,
2116 3314 2299 3370 totius
2347 3312 2643 3403 catholicas
2692 3313 2959 3403 Ecclesia;
3010 3316 3233 3374 summi
3281 3321 3588 3391 pontiﬁcis,
3619 3322 3821 3394 gradum

477 3434 663 3489 facere
693 3402 955 3483 decrevi;
971 3416 1217 3481 Etenim,
1252 3428 1385 3469 cum
1420 3415 1555 3466 ante
1595 3407 1790 3480 plures
1822 3422 2008 3462 annos
2054 3403 2113 3459 in
2163 3403 2222 3458 id
2266 3402 2580 3458 consilium
2630 3402 2993 3471 incidissem,
3026 3410 3092 3461 ut
3138 3408 3567 3480 signiﬁcatione
3593 3410 3821 3483 quapiam

468 3536 665 3579 meum
714 3532 852 3586 erga
905 3505 1283 3582 apostolicam
1330 3500 1528 3557 sedem
1580 3492 2526 3586 obsequium-publicentestarer,
2560 3491 2723 3548 nulla
2778 3494 3033 3565 profecto
3090 3512 3151 3552 re
3208 3496 3322 3554 hoc
3371 3516 3463 3555 me
3516 3499 3821 3556 luculentius

465 3580 868 3687 praeliturum
898 3580 1123 3672 putavi,
1153 3606 1330 3664 quam
1364 3588 1413 3687 si
1443 3586 1595 3685 tanti
1621 3583 1994 3687 viriscriptis
2025 3598 2171 3637 nova
2200 3580 2501 3687 diligentia
2547 3586 2792 3680 et'cura
2834 3582 3196 3656 expoliendis
3227 3591 3408 3661 atque
3438 3589 3696 3645 ornandis
3719 3588 3819 3644 aui-

466 3669 629 3756 inum
661 3669 997 3765 adjicerem.
1027 3683 1175 3741 Nam
1208 3686 1273 3735 ut
1302 3677 1547 3733 missam
1581 3672 1825 3765 interim
1847 3672 2055 3765 faciam
2086 3674 2145 3726 et
2181 3670 2309 3741 ejus
2335 3669 2757 3765 eloquentiam,
2789 3670 2921 3743 styli
2954 3672 3300 3745 dignitatem
3350 3683 3409 3732 et
3455 3680 3816 3750 majestatem;
3910 3718 3916 3725 .

460 3793 527 3846 ut
556 3758 992 3860 praetermittam
1035 3772 1239 3860 etiam_
1262 3766 1607 3860 prodentem
1638 3778 1700 3818 se
1730 3760 1949 3860 ubique
2124 3758 2428 3860 apostolici
2467 3758 2732 3831 spiritus,
2762 3777 2931 3817 nemo
2971 3761 3144 3833 plane
3190 3765 3404 3836 priscis
3432 3782 3500 3823 ex
3527 3767 3816 3825 doctoribus

459 3848 747 3949 suprema:
790 3866 949 3926 sedis
989 3866 1127 3936 jura
1158 3857 1245 3916 vel
1292 3854 1555 3929 apertius
1604 3851 1877 3919 asseruit,
1906 3848 1992 3906 vel
2044 3850 2286 3905 uberius
2332 3849 2668 3922 vindicavit,
2695 3849 2782 3906 vel
2830 3866 3033 3909 eorum
3084 3852 3576 3914 obtrectatoribus
3620 3856 3818 3930 gravius

463 3966 764 4042 negotium
796 3958 951 4017 fecit.
1274 4039 1286 4042 _
1330 4000 1335 4006 .

528 4030 653 4115 ﬁco
680 4069 813 4111 vero
845 4064 937 4105 me
968 4043 1207 4109 latebat,
1240 4039 1311 4095 ab
1350 4051 1502 4093 anno
1538 4034 1694 4101 1485,
1721 4032 1794 4089 ad
1844 4031 1966 4088 haec
2014 4045 2202 4103 usque
2250 4033 2534 4101 tempore,
2569 4030 2776 4087 Leonis
2807 4033 3025 4106 scripta
3056 4034 3273 4107 saepius
3324 4054 3428 4110 per
3474 4037 3653 4094 claros
3691 4036 3819 4091 viros

452 4149 645 4205 lucem
694 4138 1020 4215 aspexisse;
1071 4136 1129 4189 et
1176 4126 1501 4203 praesrtim
1546 4140 1678 4181 cum
1713 4120 1991 4215 Parisiis,
2020 4124 2149 4215 tum
2201 4120 2493 4215 Lugduni,
2526 4121 2725 4177 laboro
2770 4125 2828 4177 et
2876 4123 3071 4179 studio
3120 4124 3421 4183 Paschasii
3466 4126 3751 4194 Quesnelli,
3776 4129 3820 4180 et

454 4233 707 4294 Venetiis
737 4209 994 4295 tandem,
1018 4237 1151 4279 cum
1176 4221 1303 4291 jam
1337 4232 1441 4271 nos
1473 4229 1680 4269 novam
1712 4211 1864 4267 hanc
1894 4209 2210 4266 editionem
2241 4209 2523 4265 excudere
2552 4210 2929 4267 curabamus.
2956 4213 3064 4268 Sed
3096 4212 3181 4268 has
3212 4221 3524 4287 postrema
3554 4217 3817 4277 editiones,

455 4340 586 4397 quae
609 4319 788 4376 alium
820 4316 966 4371 forte
997 4329 1030 4367 a
1060 4306 1303 4365 consilio
1335 4304 1727 4367 revocassent,
1757 4298 1899 4355 mihi
1941 4295 2217 4354 stimulos
2249 4298 2501 4353 acriores
2533 4298 2603 4353 ad
2636 4299 2895 4370 suscepti
2935 4300 3129 4372 operis
3160 4304 3578 4363 coniectionem
3606 4302 3815 4361 addide-

454 4384 611 4469 runt.
645 4405 894 4466 Scilicet.
945 4416 1078 4456 cum
1128 4412 1225 4452 eas
1274 4391 1608 4450 accuratius
1656 4387 2016 4453 evolvissem,
2052 4384 2222 4457 plura
2261 4386 2499 4455 offendi,
2533 4388 2685 4459 apud
2732 4388 3112 4452 Quesnellum
3160 4395 3511 4465 praesertim,
3543 4391 3818 4466 agenuino

451 4505 613 4557 textu
662 4489 1059 4557 abhorrentia,
1093 4483 1279 4541 multa
1328 4496 1561 4554 quoque
1608 4476 2001 4534 ecclesiastico
2032 4475 2241 4547 agendi
2268 4475 2458 4530 ordini
2489 4492 2553 4531 ac
2586 4476 2796 4532 rationi
2848 4478 3047 4534 minus
3095 4495 3374 4549 consona,
3409 4500 3515 4540 nec
3562 4498 3729 4555 pauca
3754 4477 3816 4549 (id

452 4588 607 4662 quod
640 4584 877 4661 gravius
906 4580 1019 4652 est)
1047 4594 1079 4632 a
1108 4571 1415 4662 catholica,
1444 4567 1646 4662 regula
1677 4566 1846 4662 plane
1877 4563 2102 4662 aliena;
2152 4568 2216 4618 ut
2262 4564 2501 4662 tandem
2545 4564 2712 4621 illum
2746 4566 2955 4623 Leonis
2985 4568 3291 4639 editorem,
3327 4590 3445 4630 non
3493 4577 3609 4629 tam
3656 4568 3818 4625 mede-

451 4652 568 4735 lam
621 4652 935 4748 pvontiflciis
982 4663 1215 4736 scriptis
1263 4658 1625 4724 adhibuisse,
1659 4656 1760 4711 sed
1809 4670 1877 4709 ea
1924 4654 2160 4725 gravius
2201 4652 2540 4710 vulnerasse
2588 4661 2885 4727 appareat.
2922 4657 3220 4728 Praeterea,
3253 4677 3367 4717 non
3419 4662 3606 4718 solum
3656 4656 3817 4714 omnia

450 4743 831 4825 monumenta
860 4775 975 4816 non
1005 4754 1257 4827 collegit,
1290 4750 1390 4808 sed
1423 4748 1537 4806 alia
1566 4748 1638 4803 de
1669 4745 1961 4801 industria
1990 4743 2383 4815 praetermisit,
2419 4743 2532 4800 alia
2576 4762 2710 4802 vero
2762 4750 2964 4819 utpote
3012 4749 3253 4806 adversa
3300 4767 3477 4823 scopo
3506 4766 3668 4823 quem
3698 4748 3817 4802 forte

454 4856 567 4912 sibi
614 4852 1018 4926 proposuerat,
1045 4851 1352 4916 tamquam
1383 4838 1623 4896 omnino
1672 4833 2067 4906 supposititia,
2097 4832 2185 4889 vel
2214 4838 2466 4926 certent
2494 4834 3003 4907 suppositionibus
3047 4840 3279 4907 referta,
3312 4841 3513 4913 rejecit
3542 4839 3623 4897 vel
3669 4833 3820 4894 muti-

452 4921 849 5011 lavitilta—que
878 4953 1013 4993 cum
1063 4935 1237 4989 ﬁdem
1262 4930 1355 4986 vix
1386 4942 1667 4992 servasse,
1700 4928 1802 4979 aut
1848 4938 2226 5011 neqservasse
2256 4921 2494 5011 quidem
2547 4923 2692 4979 mihi
2740 4924 3053 4992 videretur,
3085 4927 3229 4983 nihil
3281 4928 3455 5002 plane
3499 4922 3818 4985 conformius

454 5030 689 5107 publico
719 5010 988 5084 Ecclesia:
1026 5023 1199 5092 bono,
1233 5016 1377 5074 nihil
1413 5016 1686 5107 Romana:
1730 5010 1996 5107 Ecclesiae
2044 5010 2339 5107 dignitati,
2372 5010 2517 5107 nihil
2549 5011 2800 5085 denique
2828 5014 3170 5071 Christianas
3202 5017 3469 5075 charitati
3499 5011 3817 5074 conlormius

450 5096 580 5177 esse
610 5111 963 5179 existimavi,
995 5123 1174 5182 quam
1218 5110 1303 5167 ut,
1336 5102 1612 5175 sepositis
1656 5096 2049 5166 contumeliis,
2082 5096 2358 5167 nulloque
2401 5098 2705 5155 verborum
2756 5101 3003 5172 strepitu
3052 5102 3337 5175 adhibito,
3369 5106 3439 5159 ad
3489 5103 3817 5172 incorruptos

450 5206 717 5266 veritatis
764 5205 953 5260 fontes
1012 5200 1262 5254 Leonem
1322 5206 1674 5256 revocarem,
1709 5205 1824 5260 quo
1868 5187 2127 5256 tandem,
2160 5204 2229 5241 ex
2262 5188 2638 5244 inimicorum
2700 5189 2973 5246 manibus
3032 5192 3247 5264 ereptis
3295 5194 3496 5260 armis,
3527 5194 3681 5256 fides,
3710 5201 3814 5258 qua!

450 5300 620 5356 unice
652 5290 1059 5369 prosequenda
1088 5292 1197 5352 est,
1233 5282 1418 5354 magis
1468 5285 1637 5351 atque
1687 5277 1877 5349 magis
1908 5276 2278 5333 elucesccret.
2313 5278 2390 5333 Ex
2436 5296 2552 5349 qua
2603 5278 2839 5350 quidem
2889 5281 3100 5352 agendi
3148 5282 3393 5350 ratione,
3427 5282 3538 5355 ipsi
3585 5274 3811 5335 Ecclesia:

447 5366 935 5446 hostes—inermes
963 5378 1201 5436 tandem
1235 5372 1369 5428 facti
1405 5375 1580 5441 atque
1610 5367 1768 5441 gravi
1820 5370 1979 5422 metu
2012 5366 2325 5439 perterriti,
2355 5368 2601 5438 jamjam
2652 5369 2832 5425 animi
2866 5369 3121 5427 dolorem
3154 5373 3487 5439 sentientes,
3516 5371 3586 5426 ad
3632 5370 3811 5423 bonam

448 5481 705 5535 mentem
738 5472 926 5529 redire
959 5467 1199 5524 minime
1229 5462 1640 5518 detrectarent.

517 5570 707 5638 Atque
738 5564 857 5620 haec
887 5559 1126 5634 quidem
1158 5570 1291 5611 cum
1324 5567 1499 5609 sensu
1534 5546 1710 5638 tacito
1739 5545 2049 5638 agitarem,
2077 5546 2331 5638 primum
2365 5546 2569 5603 Leonis
2608 5548 2826 5621 scripta
2853 5565 2921 5606 ex
2951 5550 3079 5623 ipso
3108 5550 3415 5616 Quesnello
3455 5548 3687 5619 aliisque
3712 5539 3812 5596 cdi-

447 5633 674 5713 toribus
702 5664 1040 5725 percurrere
1068 5660 1239 5704 orsus
1269 5657 1402 5700 sum
1426 5658 1439 5698 :
1466 5644 1590 5696 tum
1622 5636 1833 5695 deinde
1862 5652 1986 5709 qum
2017 5635 2171 5710 typis
2199 5639 2469 5711 evulgata
2490 5642 2649 5712 sunt,
2672 5639 2745 5697 ad
2778 5640 3213 5715 manuscriptos
3235 5641 3570 5714 archetypos
3596 5633 3810 5707 exigam.
