4050 6164
192 195 292 256 ’173
1692 190 1786 247 PR

1988 190 2109 250 ΠΟ
2644 246 2645 249 η
3470 193 3587 252 ’ΤΗ

188 328 285 384 Sed
315 341 449 381 cum
489 325 717 379 tantam
748 320 1170 394 exemplarium
1203 322 1429 394 ecpiam
1463 323 1521 377 in
1556 321 1683 378 sola
1711 322 1995 378 Vaticana
2026 321 2378 381 bibliotheca
2429 326 2829 394 offendissem,
2864 326 3060 383 statim
3109 326 3476 382 imminentis
3502 326 3590 382 la-

187 416 331 473 boris
362 412 828 485 magnitudinem
861 412 1030 483 quasi
1063 411 1469 483 przesentiens,
1497 412 1646 467 meis
1679 427 1820 467 sane
1852 410 2074 467 viribus
2109 413 2448 469 difﬁdebam
2480 415 2871 486 excogitatum
2904 416 3218 472 consilium
3251 416 3323 471 ad
3357 414 3586 471 felicem

185 506 389 562 exitum
424 518 596 574 posse
627 501 961 572 perducere.
996 499 1095 554 Rei
1130 504 1409 571 praeterea
1456 500 1800 571 gravitatem
1851 500 2144 571 augebant
2174 500 2478 573 theologia
2528 501 2825 574 polemicze
2878 503 3343 571 exercitationes,
3379 504 3596 575 quibus

186 610 277 667 pro
311 606 554 647 munere
580 606 812 661 operam
840 589 978 644 dare
1008 588 1303 645 consuevi.
1339 587 1459 643 Illas
1485 587 1769 655 videlicet,
1805 604 1932 659 quas
1978 588 2244 643 omnium
2279 589 2573 646 haereseon
2605 595 2661 645 et
2686 591 3075 647 schismatum
3106 596 3367 647 monstra
3399 608 3602 648 cavere

186 687 234 739 et
260 680 521 737 refellere
550 680 778 741 docent.
806 694 934 749 qua:
976 677 1203 748 potiora
1233 693 1392 748 asque
1422 693 1488 732 ac
1518 676 1793 732 solidiore
1824 676 2119 732 catholicae
2152 678 2287 733 ﬁdei
2330 679 2712 735 fundamenta
2744 681 3169 747 demonstrant,
3196 697 3322 752 quae
3355 682 3592 737 tandem

187 775 396 827 veteres
441 785 737 840 novasque
767 766 1105 822 Christianae
1138 764 1462 837 disciplinas
1493 765 1726 837 regulas
1754 766 2047 838 aperiunt,
2078 766 2137 821 in
2172 768 2388 838 quibus
2437 768 2612 824 etiam
2642 769 3047 826 vetustissima
3075 770 3482 827 ecclesiasticae
3516 787 3577 825 re

187 863 580 928 monumenta,
612 862 669 913 et
699 860 1100 924 recensentur,
1134 858 1191 911 et
1238 854 1651 911 conciliantur.
1684 854 1828 911 Huic
1878 855 2060 928 igitur
2111 856 2292 925 oneri,
2330 874 2432 929 pro
2465 858 2678 914 eximia
2729 858 3066 930 apostolica:
3097 860 3255 916 sedis
3303 859 3599 931 largitate,

186 948 322 1005 mihi
356 948 725 1012 demandato,
757 945 904 1001 alios
934 961 1138 1001 omnes
1185 943 1413 1000 labores
1444 944 1655 999 merito
1706 943 2145 1016 posthabendos
2175 962 2304 1002 esse
2334 947 2681 1019 suadebant,
2714 951 2838 1003 tum
2890 949 3171 1020 temporis
3218 948 3438 1021 inopia,
3470 954 3597 1005 tum

186 1040 326 1111 ipsa,
361 1036 507 1093 mihi
539 1036 719 1108 probe
750 1036 1005 1107 cognita,
1038 1033 1257 1107 ingenii
1291 1033 1406 1089 mei
1438 1032 1835 1105 imbecillitas,
1871 1050 1985 1105 quo
2018 1034 2067 1090 si
2112 1033 2282 1106 plura
2312 1035 2487 1091 simul
2534 1053 2777 1093 conarer
2804 1037 3134 1109 complecti,
3160 1038 3297 1109 jure
3328 1037 3473 1093 mihi
3499 1054 3601 1095 ve-

185 1128 424 1185 rendum
455 1130 580 1181 erat
608 1140 682 1181 ne
712 1124 1057 1197 imparatior
1085 1124 1344 1180 efﬁcerer
1372 1122 1607 1195 singula
1638 1124 1708 1178 ad
1742 1128 1974 1195 optatos
2006 1123 2201 1180 exitus
2233 1126 2570 1197 perducere.

248 1216 401 1285 Hac,
433 1215 704 1287 inquam,
736 1213 934 1270 animo
965 1212 1323 1286 pervolvens,
1355 1212 1450 1268 vix
1478 1212 1537 1266 in
1570 1213 1870 1284 proposito
1899 1213 2082 1284 hujus
2114 1230 2272 1270 novas
2304 1213 2579 1270 editionis
2618 1214 2938 1282 stetissem,
2968 1231 3196 1271 mecum
3226 1216 3599 1289 recogitando

186 1306 520 1378 improbum
550 1304 608 1359 in
642 1320 896 1376 praesens
929 1318 1058 1359 esse
1089 1301 1464 1357 subeundum
1496 1300 1756 1357 laborem
1782 1302 1853 1357 ab
1877 1302 1949 1358 iis
1972 1302 2071 1374 qui
2103 1308 2237 1374 post
2257 1303 2639 1360 Paschasium
2665 1304 3041 1372 Quesnellum
3067 1305 3232 1361 novis
3260 1306 3435 1378 typis,
3462 1323 3599 1362 cum

184 1412 327 1452 nova
359 1395 539 1451 etiam
571 1397 1084 1450 monumentorum
1117 1390 1453 1447 accessione
1482 1391 1671 1447 sancti
1705 1391 1996 1461 pontiﬁcis
2043 1378 2261 1463 scripta
2290 1391 2470 1448 velint
2499 1394 2803 1450 adornare.
2830 1394 2955 1449 Non
2989 1394 3148 1450 enim
3179 1394 3307 1467 ipse
3336 1398 3600 1452 veterum

186 1484 697 1555 recentiorumque
723 1482 1076 1554 scriptorum
1100 1480 1317 1552 quibus
1349 1480 1509 1536 omni
1542 1484 1803 1551 tempore
1827 1480 2146 1536 Galliarum
2180 1498 2421 1551 regnum
2455 1482 2792 1553 abundavit,
2817 1491 2871 1538 et
2900 1483 3073 1539 modo
3102 1484 3382 1552 abundat,
3408 1502 3607 1541 exem-

184 1575 274 1648 pla
309 1579 373 1630 et
400 1573 743 1631 methodum
774 1574 1015 1627 secutus
1046 1574 1155 1638 est,
1181 1570 1335 1641 quod
1371 1569 1625 1624 maxime
1657 1568 1955 1639 dolemus;
1981 1571 2079 1625 sed
2110 1570 2168 1623 in
2202 1587 2310 1626 sua
2340 1569 2696 1627 elaboranda
2726 1572 2980 1629 editione
3002 1566 3359 1630 novitatibus
3390 1578 3446 1631 et
3474 1592 3607 1647 pro-

186 1663 324 1736 priis
356 1662 570 1720 studiis
603 1676 835 1733 semper
864 1658 1129 1725 indulsit,
1165 1658 1222 1713 in
1258 1657 1732 1714 contentionibus
1764 1659 1953 1730 magis
1986 1675 2164 1730 quam
2206 1660 2265 1714 in
2297 1660 2560 1716 veritatis
2593 1660 2973 1732 inquisitione
3003 1678 3065 1718 se
3095 1664 3435 1719 exercendo.
3469 1664 3610 1727 Quis

185 1754 337 1809 enim
372 1752 642 1825 ignorare
674 1754 868 1822 potest
896 1765 1029 1805 eum
1063 1747 1413 1803 necessariis
1445 1764 1561 1803 non
1592 1751 1840 1817 tantum,
1874 1748 1975 1803 sed
2019 1747 2256 1819 Optimis
2301 1748 2477 1803 etiam
2511 1750 2793 1806 subsidiis
2824 1750 3178 1806 instructum
3212 1751 3436 1807 fuisse?
3466 1757 3607 1807 Cum

186 1847 392 1912 prater
422 1857 490 1896 ea
519 1857 650 1911 quae
681 1842 905 1911 poterat
940 1837 1197 1893 mutuari
1230 1853 1298 1892 ex
1344 1836 1808 1892 clarissimorum
1839 1836 2103 1891 virorum
2136 1836 2420 1907 exemplis
2445 1839 2545 1909 qui
2595 1837 2695 1893 illo
2741 1855 2856 1894 aevo
2888 1839 2946 1893 in
2979 1838 3202 1909 Galliis,
3235 1845 3300 1894 ut
3330 1838 3611 1907 diximus,

186 1931 491 1998 ﬂorebant,
522 1928 620 1999 qui
653 1927 1042 2000 plurimorum
1082 1930 1423 1982 sanctorum
1474 1930 1579 1979 PP.
1614 1925 1972 1981 editionibus
2003 1940 2239 1995 operam
2272 1926 2592 1994 dederunt;
2626 1926 2819 1982 adhuc
2868 1944 2935 1983 ex
2985 1926 3422 1984 ﬂorentissimis
3451 1928 3613 1985 illius

184 2019 362 2091 Regni
395 2017 767 2074 bibliothecis
799 2014 1018 2072 multos
1048 2019 1105 2071 et
1135 2014 1367 2086 optimas
1400 2019 1548 2070 notis
1582 2031 1728 2069 mss.
1757 2014 1925 2070 codd.
1952 2014 2064 2069 sibi
2098 2020 2308 2070 nactus
2339 2020 2447 2071 est.
2472 2015 2692 2087 Viginti
2725 2016 2881 2071 enim
2913 2020 2968 2071 et
2998 2021 3127 2072 octo
3160 2016 3460 2089 epistolas,
3484 2034 3615 2089 qua)

185 2110 451 2163 nondum
485 2106 677 2162 lucem
707 2109 1075 2178 aspexerant,
1108 2121 1178 2160 ex
1206 2103 1418 2159 celebri
1451 2103 1762 2158 Grimaneo
1814 2102 2014 2159 codice
2059 2105 2302 2176 accepit,
2337 2104 2484 2160 alias
2517 2121 2585 2160 ex
2614 2105 2956 2162 collectione
2983 2109 3247 2161 Romana
3279 2106 3444 2163 Lucas
3477 2106 3616 2163 1101-

184 2198 378 2265 stenii,
414 2196 563 2253 alias
592 2197 843 2266 denique
890 2211 959 2250 ex
1006 2194 1205 2249 Jacobi
1239 2193 1538 2249 Sirmondi
1572 2192 1848 2265 operibus
1879 2194 2143 2261 eductas,
2178 2194 2235 2247 in
2270 2211 2439 2250 suam
2490 2194 2791 2251 transtulit
2837 2196 3176 2261 editionem,
3209 2212 3336 2267 quas
3389 2197 3613 2254 cazteris

184 2286 629 2359 locupletiorem
661 2284 1065 2340 reddiderunt.
1099 2283 1337 2338 Utinam
1379 2288 1577 2338 autem
1613 2282 1888 2338 omnibus
1928 2281 2059 2337 aliis
2099 2282 2437 2355 castigatior
2477 2283 2822 2355 prodiissetl
2856 2285 2923 2339 At
2951 2285 3039 2339 vir
3069 2284 3355 2341 acerrimo
3386 2285 3614 2358 pollens

185 2375 423 2449 ingenio
447 2374 613 2431 valde
643 2373 831 2429 facilis
861 2373 934 2428 ad
961 2372 1365 2428 contentiones
1396 2376 1452 2428 et
1471 2372 1659 2443 jurgia
1682 2371 2018 2439 excitanda;
2052 2370 2290 2427 omnino
2321 2377 2632 2445 promptus
2656 2374 2727 2428 ad
2750 2372 3238 2445 aequivocationes
3267 2378 3324 2429 et
3351 2374 3614 2431 fallacias

185 2465 642 2533 construendas,
672 2462 853 2518 alium
885 2462 999 2517 sibi
1030 2478 1272 2533 scopum
1308 2461 1633 2534 proposuit,
1665 2468 1875 2532 praeter
1902 2460 2072 2515 illum
2106 2478 2280 2533 quem
2313 2461 2583 2517 catholici
2615 2462 2834 2532 cuncti,
2865 2467 2922 2518 et
2954 2463 3241 2535 prazcipue
3272 2479 3392 2519 sum
3423 2464 3615 2535 gentis

186 2553 462 2610 homines
493 2552 825 2608 habuerunt
854 2552 913 2607 in
945 2551 1305 2607 adornandis
1337 2550 1760 2623 castigandisve
1789 2554 2051 2606 veterum
2084 2554 2190 2605 PP.
2220 2550 2639 2607 voluminibus.
2666 2555 2792 2623 Ipse
2823 2568 3076 2623 namque
3108 2553 3462 2625 quandoque
3493 2552 3615 2608 cla-

186 2644 343 2699 riora
375 2642 569 2698 sancti
602 2640 894 2713 pontiﬁcis
924 2640 1049 2695 loca
1077 2640 1365 2709 obscuris,
1391 2639 1703 2712 zequivocis
1734 2638 2016 2711 falsisque
2047 2639 2528 2695 annotationibus
2549 2639 2803 2709 fmdavit,
2823 2639 2937 2695 alia
2966 2639 3037 2695 ad
3069 2657 3311 2712 prorsus
3330 2640 3616 2699 violentas

184 2728 706 2803 interpretationes
755 2726 1025 2795 detorsit;
1058 2727 1361 2783 veritatem
1414 2726 1661 2783 fallaciis
1705 2726 1980 2798 occuluit,
2010 2727 2323 2799 oppressit,
2356 2731 2533 2800 atque
2581 2732 2862 2799 perpetuo
2912 2731 3192 2799 prietextu
3244 2728 3614 2801 antiquitatis

184 2818 561 2891 inquirendas
591 2822 648 2873 et
677 2815 1065 2886 illustrandae,
1093 2832 1161 2872 ea
1204 2821 1521 2888 systemata
1553 2816 1775 2872 sensim
1825 2821 1882 2872 et.
1929 2816 2147 2888 ubique
2198 2816 2458 2873 stabilire
2488 2817 2701 2889 sategit
2730 2833 2855 2888 qua:
2886 2816 3293 2873 haereticorum
3345 2818 3614 2890 partibus

182 2910 406 2977 favent,
441 2913 502 2963 et
529 2922 708 2963 sacrae
738 2905 1147 2962 ecclesiasticas
1178 2904 1517 2961 hierarcbiae
1548 2907 1807 2978 regimen
1840 2906 2145 2977 dejiciunt,
2177 2922 2324 2977 pene
2353 2907 2709 2977 quandoque
2756 2905 2931 2961 etiam
2981 2906 3219 2974 abolita,
3255 2912 3357 2962 aut
3402 2906 3611 2965 saltem

188 2997 537 3066 imminuta,
571 3000 967 3052 Romanorum
1019 2994 1368 3067 pontiﬁcum
1399 3010 1533 3050 vera
1563 2999 1620 3051 et
1650 2993 1915 3067 legitima
1954 2993 2372 3064 jurisdictione
2420 3011 2600 3066 supra
2649 3010 2856 3049 omnes
2906 2994 3052 3050 alias
3100 2994 3387 3051 Ecclesias
3435 2998 3615 3052 etiam

190 3086 480 3143 Orientis.
514 3084 703 3140 Alium
756 3084 992 3139 interim
1040 3088 1237 3139 tamen
1288 3099 1351 3139 se
1399 3100 1528 3139 esse
1574 3083 1895 3139 simulavit.
1930 3082 2417 3154 Quandoquidem
2462 3083 2518 3138 in
2571 3083 2697 3138 suis
2743 3083 3072 3139 scribendis
3118 3084 3427 3156 Operibus,
3456 3090 3513 3141 et
3559 3087 3619 3141 in

195 3174 486 3231 Leoninis
518 3173 876 3229 adoraandis
908 3173 1166 3245 scriptis,
1201 3172 1386 3228 multo
1418 3173 1732 3228 artiﬁcioso
1764 3176 1974 3227 conatu
2010 3188 2153 3227 usus
2199 3176 2308 3242 est,
2343 3171 2746 3237 reverentiam,
2780 3173 3078 3244 pietatem,
3112 3174 3457 3245 cultumque
3486 3190 3623 3246 erga

190 3266 503 3321 Romanos
529 3262 838 3335 pontiﬁces
869 3266 927 3318 et
955 3261 1338 3335 apostolicam
1372 3262 1569 3317 sedem
1621 3260 1962 3328 aﬁ'ectando,
1998 3264 2063 3315 ut
2098 3260 2365 3316 incautos
2395 3261 2707 3332 deciperet,
2741 3265 2798 3315 et
2827 3260 3038 3316 occulti
3088 3261 3275 3317 hostis
3308 3279 3484 3333 quam
3516 3280 3621 3319 sas-

189 3355 444 3425 pissime
466 3357 665 3425 partes
687 3352 933 3424 agendo,
954 3356 1087 3424 post
1109 3352 1485 3423 splendidum
1509 3351 1820 3405 verborum
1844 3354 2215 3422 apparatum,
2236 3348 2367 3405 illas
2389 3366 2607 3405 veneno
2626 3365 2895 3421 aspersas
2920 3350 3351 3421 propositiones
3373 3355 3620 3421 eructat,

190 3460 321 3515 quas
355 3459 605 3499 erronea
635 3446 690 3498 et
719 3442 780 3497 in
810 3441 1085 3497 omnibus
1117 3440 1519 3498 commentitia
1548 3440 1677 3511 ejus
1707 3442 2026 3512 systemata
2064 3437 2210 3494 falso
2251 3438 2448 3510 aliquo
2478 3437 2739 3495 veritatis
2770 3436 2959 3494 colore
2988 3438 3232 3494 induere
3262 3456 3435 3511 posse
3465 3440 3622 3496 arbi-

194 3536 415 3588 tratur.

263 3623 351 3677 Ex
384 3620 481 3676 his
511 3635 647 3692 ergo
676 3622 854 3692 patet,
888 3623 1051 3675 tanto
1090 3619 1414 3691 graviorem
1448 3618 1621 3675 modo
1654 3635 1687 3673 a
1717 3632 2086 3689 quocumque
2120 3616 2508 3672 Leoninorum
2541 3615 2792 3688 Operam
2839 3616 3061 3673 editore
3090 3617 3467 3673 subeundum
3499 3633 3629 3675 esse

195 3709 493 3780 laborem,
520 3713 742 3781 quanto
773 3710 969 3781 majus
999 3708 1111 3764 fuit
1142 3707 1434 3772 Quesnelli
1468 3708 1733 3764 studium
1786 3707 1845 3762 in
1896 3706 2295 3779 pervertendis
2324 3711 2380 3762 S.
2414 3705 2709 3777 pontiﬁcis
2758 3706 2946 3761 nostri
2996 3707 3354 3763 testimoniis
3383 3711 3441 3763 et
3471 3707 3632 3765 illius

192 3799 479 3855 sensibus
512 3796 681 3853 aliter
709 3797 1188 3869 interpretandis.
1223 3798 1339 3853 Nec
1370 3796 1526 3852 enim
1569 3796 1826 3853 laborem
1860 3796 2163 3851 dumtaxat
2192 3795 2366 3850 modo
2413 3794 2472 3849 in
2521 3810 2587 3849 eo
2638 3795 2856 3850 versari
2909 3800 3158 3867 oportet,
3192 3801 3257 3851 ut
3286 3795 3633 3867 primigenio

186 3888 371 3943 nitori
432 3891 491 3943 et
546 3886 891 3958 integritati,
924 3890 1214 3959 quantum
1276 3886 1399 3941 ﬁeri
1459 3889 1672 3957 potest,
1724 3885 2016 3941 Leoninus
2065 3888 2260 3939 textus
2320 3883 2686 3939 restituatur.
2720 3883 2881 3946 Quod
2930 3900 3078 3955 opus
3130 3883 3237 3940 etsi
3296 3900 3472 3955 grave
3533 3884 3632 3952 sit,

192 3976 267 4031 ob
300 3975 488 4031 falsas
521 3980 578 4031 et
609 3978 916 4046 corruptas
950 3974 1227 4030 lectiones
1260 3973 1476 4045 quibus
1519 3974 1676 4030 edita
1722 3972 2076 4045 exemplaria
2106 3976 2350 4036 scatent,
2384 3976 2439 4027 et
2468 3972 2538 4027 ob
2572 3971 2846 4042 antiquas
2894 3988 3175 4043 synopses
3224 3988 3357 4026 cum
3404 3988 3631 4027 sermo-

188 4082 335 4120 num
374 4070 504 4119 tum
536 4063 919 4136 epistularum
952 4064 1025 4118 ab
1051 4063 1251 4120 eodem
1289 4063 1642 4135 quandoque
1668 4064 1932 4119 studiose
1962 4062 2303 4130 subductas,
2330 4064 2395 4115 ut
2426 4077 2602 4115 novas
2633 4064 2690 4115 et
2718 4059 2870 4131 stylo
2902 4059 3289 4131 elegantiores
3321 4060 3446 4114 sine
3481 4077 3628 4116 mss.

189 4155 367 4209 codd.
405 4152 754 4208 auctoritate
785 4152 1110 4207 intruderet
1138 4156 1195 4206 et
1240 4152 1503 4222 inferret,
1537 4160 1590 4207 et
1620 4169 1719 4207 eas
1751 4151 2075 4223 praesertim
2109 4168 2236 4222 quas
2286 4149 2411 4205 suis
2444 4149 2710 4220 partibus
2759 4149 2948 4203 favere
2996 4147 3272 4215 credidit;
3305 4151 3501 4203 tamen
3536 4166 3627 4203 ar-

188 4243 585 4315 chetyporum
618 4239 1039 4312 exemplarium
1086 4256 1217 4312 ope,
1249 4239 1465 4311 quibus
1496 4239 1780 4295 Vaticana
1822 4238 2179 4295 bibliotheca
2228 4235 2604 4309 potissimum
2639 4236 2920 4303 abundat,
2952 4252 3086 4292 cum
3135 4237 3195 4292 id
3236 4237 3363 4308 jam
3398 4238 3624 4309 pridem

184 4348 219 4386 a
255 4330 468 4386 multis
498 4330 670 4385 annis
702 4330 957 4385 assecuti
991 4346 1281 4396 essemus,
1313 4329 1479 4384 novis
1510 4329 1686 4402 typis,
1716 4346 1849 4384 cum
1882 4328 2217 4399 aliquorum
2259 4330 2775 4382 monumentorum
2808 4326 3166 4393 accessione,
3201 4343 3332 4398 quas
3364 4328 3624 4382 nondum

180 4418 384 4476 lucem
417 4424 796 4492 aspexerant,
826 4419 1014 4474 sancti
1057 4419 1353 4491 pontiﬁcis
1384 4418 1573 4491 Opera
1621 4418 2019 4490 potuissemus
2048 4416 2338 4489 evulgare.
2373 4416 2792 4471 Verumtamen
2845 4415 3012 4472 labor
3057 4416 3306 4472 ulterius
3356 4416 3632 4489 progredi

183 4508 424 4572 debuit,
456 4523 559 4563 nec
592 4507 650 4561 in
683 4506 827 4562 solis
859 4507 1132 4580 genuinis
1163 4508 1352 4563 sancti
1388 4508 1679 4579 pontiﬁcis
1711 4508 1950 4579 scriptis
1981 4506 2201 4563 versari
2237 4524 2249 4562 :
2284 4507 2386 4561 sed
2436 4505 2615 4561 etiam
2661 4522 2809 4577 opus
2840 4506 2949 4561 fuit
2978 4506 3050 4561 ad
3083 4521 3327 4562 examen
3362 4521 3630 4562 revocare

185 4614 313 4669 qua
348 4598 577 4654 ratione
607 4597 723 4652 alia
753 4602 1137 4653 monumenta
1168 4614 1295 4669 quas
1341 4597 1526 4653 nostri
1578 4599 1851 4669 majores,
1885 4614 2027 4652 mss.
2057 4597 2227 4652 codd.
2260 4596 2669 4652 auctoritatem
2703 4595 2916 4660 secuti,
2946 4594 3076 4649 aliis
3124 4597 3216 4648 SS.
3252 4597 3360 4646 PP.
3396 4593 3628 4664 adjudi-

180 4692 435 4755 carunt;
466 4686 671 4759 quales
701 4691 842 4742 sunt
870 4686 956 4742 vel
988 4686 1123 4742 libri
1155 4688 1225 4742 de
1256 4688 1572 4743 Vocatione
1604 4688 1869 4743 omnium
1920 4687 2205 4760 gentium,
2236 4686 2324 4742 vel
2375 4685 2727 4757 opusculum
2762 4684 2916 4755 quod
2952 4683 3293 4738 inscribitur
3326 4698 3339 4737 ε
3370 4684 3625 4739 Auctori-

178 4781 333 4846 tates
363 4776 517 4832 sedis
546 4776 864 4846 apostolicae
891 4775 956 4830 de
984 4778 1169 4844 gratia
1197 4780 1252 4830 et
1284 4777 1454 4832 libero
1485 4779 1781 4833 voluntatis
1810 4777 2069 4847 arbitrio,
2096 4775 2182 4832 vel
2216 4777 2467 4846 denique
2498 4774 2763 4846 epistola,
2798 4788 2901 4827 seu
2932 4770 3166 4827 libellus
3198 4771 3269 4826 ad
3304 4771 3626 4829 Demetria—

177 4865 325 4920 dem
360 4863 679 4937 virginem;
714 4881 840 4935 qua
871 4863 1153 4935 opuscula
1202 4864 1333 4921 aliis
1381 4869 1612 4922 asserta
1661 4866 2034 4935 offendimus,
2068 4869 2125 4920 et
2154 4881 2282 4935 quae
2311 4865 2439 4919 sine
2488 4859 2837 4917 temeritatis
2887 4863 3027 4915 nota
3075 4859 3247 4915 Leoni
3297 4861 3628 4933 adjudicari

178 4949 353 5007 haud
404 4968 575 5024 posse
622 4952 972 5016 Quesnellus
1021 4953 1147 5025 ipse
1196 4955 1392 5010 fassus
1423 4961 1532 5022 est,
1567 4956 1643 5010 Ne
1672 4971 1782 5009 uno
1813 4954 2032 5025 quidem
2064 4954 2172 5022 (ait
2201 4952 2346 5024 ipse)
2392 4952 2672 5006 clamante
2719 4949 2920 5016 codice,
2950 4950 3037 5005 vel
3087 4966 3289 5007 excuso
3340 4953 3423 5008 vel
3471 4969 3629 5023 mss.,

178 5042 372 5096 immo
397 5042 738 5097 reclamante
764 5042 833 5098 ab
864 5044 1189 5111 octingentis
1236 5047 1290 5098 et
1344 5044 1587 5113 amplius
1634 5045 1801 5098 annis
1846 5042 2209 5098 conciliorum
2251 5043 2692 5110 scriptorumque
2728 5039 2980 5110 plurium
3033 5040 3347 5096 testimonio
3364 5057 3384 5102 .·
3417 5040 3628 5097 nihilo-

180 5129 399 5186 minus
428 5130 767 5201 bujusmodi
799 5147 976 5202 opera
1008 5140 1206 5187 nostro
1243 5131 1410 5187 Leoni
1441 5147 1702 5187 asserere
1731 5130 1932 5186 voluit.
1967 5131 2165 5202 Neque
2198 5146 2338 5185 sane
2371 5128 2522 5183 hanc
2552 5127 2901 5184 temeritatis
2937 5133 3136 5184 notam
3171 5145 3494 5201 prmcavere
3527 5145 3629 5199 po-

174 5223 348 5274 terat
378 5217 626 5291 ipsemet
656 5219 1006 5282 Quesnellus
1037 5237 1104 5276 ea
1134 5220 1564 5293 supplicatione
1613 5236 1789 5291 quam
1841 5220 2115 5290 subjecit,
2150 5219 2459 5275 scribendo
2496 5235 2509 5273 :
2542 5219 2649 5273 Hoc
2682 5234 2855 5273 unum
2884 5219 2944 5273 in
2989 5220 3254 5289 prmsenti
3296 5218 3531 5289 postulo,
3563 5220 3622 5272 ut

171 5307 479 5377 paulisper
506 5308 573 5362 ab
603 5309 759 5363 omni
784 5309 1116 5379 prwjudicio
1146 5312 1488 5379 sustineant,
1515 5312 1613 5382 qui
1645 5310 1722 5366 ita
1750 5311 2018 5377 sentiunt,
2053 5325 2228 5381 usque
2252 5308 2384 5363 dum
2415 5308 2837 5363 dissertationes
2865 5308 2921 5375 2,
2955 5309 2987 5362 3
3016 5313 3067 5363 et
3097 5309 3149 5375 4,
3182 5307 3378 5378 quibus
3406 5307 3635 5368 consilii

172 5396 384 5449 nostri
411 5397 655 5453 rationes
682 5399 1060 5467 continentur,
1090 5398 1462 5471 perlegerint.
1496 5400 1723 5456 Interim
1758 5400 2081 5456 temeritatis
2126 5408 2312 5455 notam
2352 5398 2449 5454 abs
2478 5413 2565 5453 me
2592 5396 2877 5466 deprecor,
2910 5397 3357 5453 doctissimorum
3386 5397 3633 5452 virorum

171 5485 469 5554 exemplo,
501 5488 601 5557 qui
640 5487 1000 5561 scriptoribus
1043 5490 1414 5545 celeberrimis
1464 5492 1738 5547 nonnulla
1787 5491 2042 5564 apuscula
2072 5506 2142 5545 ex
2169 5491 2341 5546 unius
2368 5489 2508 5563 styli
2536 5488 2810 5561 suffragio
2837 5488 3161 5553 vindicare,
3192 5502 3258 5542 ac
3303 5486 3402 5542 sub
3443 5502 3632 5543 eorum

174 5573 427 5629 nomine
448 5575 740 5646 publicare
771 5593 879 5634 non
911 5577 1260 5635 dubitarunt.

259 5661 554 5722 Prefatas
584 5668 704 5722 tres
735 5667 1183 5726 dissertationes
1214 5668 1321 5726 viri
1356 5669 1509 5728 docti
1544 5687 1660 5729 non
1692 5669 2164 5728 dissimularunt.
2192 5673 2349 5735 Quos
2376 5668 2529 5725 inter
2566 5669 2678 5726 fuit
2704 5667 2927 5741 Joseph
2977 5665 3332 5737 Autelmius,
3365 5665 3469 5739 qui
3506 5681 3640 5723 cum
