3986 6172
3536 70 3897 107 ῑιᾟη

3698 104 3801 119 *ξπ-υτ

500 179 615 240 ’⁸1Ἱό
1992 168 2074 228 Pl‘

2233 169 2412 230 ATIO
3714 188 3807 248 716

500 314 663 371 nulla
692 312 917 369 ratione
937 307 1153 367 adduci
1177 306 1464 380 potuisset
1484 309 1548 361 ut
1567 304 1987 373 Quesnellianaz
2012 304 2409 361 subscriberet
2434 306 2721 379 opinioni,
2746 310 2845 366 sed
2857 309 2951 367 ulo
2972 310 3237 368 lustratis
3259 313 3560 372 rationibus
3579 317 3629 373 in
3645 318 3813 379 iisdem

498 404 810 467 contentis,
842 404 1145 470 tantopere
1175 415 1207 452 a
1237 394 1528 462 Quesnelli
1579 394 1824 451 consilio
1869 394 2257 449 recedendum
2290 411 2420 451 esse
2463 399 2715 467 censuit,
2750 404 2814 455 ut
2858 400 3149 457 calamum
3194 402 3476 461 continere
3521 424 3619 463 non
3659 410 3816 468 valens

497 507 645 562 opus
674 488 897 544 celebre
928 482 1368 555 conscripserit,
1401 498 1516 553 quo
1549 480 1892 552 singillatim
1925 480 2124 536 omnia
2166 486 2517 552 argumenta
2547 482 2795 539 viriliter
2832 486 3053 555 rejecit,
3088 490 3153 541 ut
3183 488 3325 544 alios
3355 506 3475 546 esse
3504 490 3682 548 horum
3707 512 3816 568 Opu-

494 577 795 636 sculorum
826 578 1115 642 auctores,
1150 576 1360 643 praeter
1408 575 1675 626 nostrum
1707 571 1761 624 S.
1791 575 2057 636 Leonem,
2093 570 2533 626 evidentissima
2562 589 2630 627 ac
2659 575 3132 631 cumulatissime
3163 577 3493 647 probaverit.
3523 581 3679 637 Nimis
3718 601 3820 654 pro.

495 669 642 722 fecto
693 663 930 719 fallaces
982 678 1113 717 esse
1167 659 1301 715 illas
1332 660 1701 730 conjecturas
1734 675 1861 730 quae
1893 674 1960 713 ex
1991 659 2382 730 quarumdam
2427 660 2729 730 phrasium
2788 662 3199 733 similitudine,
3232 665 3360 737 styli
3414 672 3759 737 consonantia,
3779 679 3821 727 et

492 753 779 811 sermonis
809 749 1209 806 modulatione
1240 748 1621 820 colliguntur,
1657 748 1844 803 doctis
1898 748 2115 818 ubique
2163 748 2323 812 viris,
2357 750 2502 805 satis
2550 766 2845 822 superque
2888 758 3258 823 perspectum
3308 760 3411 819 est,
3439 762 3500 811 ut
3526 757 3578 812 in
3621 776 3821 828 praesens

490 859 798 901 necessum
832 858 945 897 non
977 840 1053 896 sit
1083 838 1370 910 explicare
1425 838 1927 909 quemadmodum
1958 836 2259 893 incassum
2292 836 2645 894 laboraverit
2664 840 3012 903 Quesnellus
3042 842 3102 896 in
3132 841 3525 911 adjudicandis
3553 845 3714 903 tribus
3735 848 3822 903 illis

489 931 789 1006 opusculis
820 935 1017 987 nostro
1049 928 1259 1000 Magno
1283 927 1478 983 Leoni.
1505 925 1649 981 Nam
1686 930 1893 997 praeter
1920 941 1986 980 ea
2010 941 2137 996 quas
2159 926 2397 998 scripsit
2423 926 2645 999 Joseph
2671 928 3016 997 Antelmius,
3040 929 3274 986 dissert.
3299 931 3357 986 in
3377 931 3554 1003 Opera
3570 933 3623 990 S.
3644 939 3822 1004 Leonis,

488 1025 655 1080 adest
683 1021 855 1077 etiam
887 1017 1291 1076 testimonium
1325 1015 1400 1071 cl.
1430 1014 1677 1072 Joannis
1708 1014 1937 1070 Salinas
1968 1013 2234 1071 canonici
2267 1015 2555 1088 regularis
2586 1018 3015 1087 Lateranensis,
3045 1019 3321 1092 Stephani
3352 1021 3581 1090 Baluzii,
3608 1023 3825 1081 aliorum-

487 1129 620 1185 que.
653 1113 902 1167 Joannes
931 1108 1181 1175 Salinas,
1215 1107 1488 1178 inquam,
1522 1110 1656 1178 post
1686 1103 2043 1161 Antelmium
2074 1104 2134 1160 S.
2170 1105 2437 1177 Prosperi
2476 1106 2753 1177 Aquitani
2802 1107 3086 1180 opuscula
3133 1108 3284 1165 notis
3315 1114 3369 1166 et
3397 1112 3826 1171 observationibus

486 1203 789 1259 illustrare
821 1199 1086 1271 cupiens,
1117 1196 1435 1253 Vaticanos
1465 1195 1634 1251 codd.
1667 1194 1959 1261 evolvens,
1993 1194 2253 1266 quinque
2298 1193 2506 1250 saltem
2541 1195 2772 1253 diversa
2811 1198 3047 1269 optimas
3076 1203 3225 1253 nota
3255 1199 3594 1271 exemplaria
3619 1202 3823 1273 offendit,

487 1290 717 1348 nullum
748 1292 943 1343 tamen
978 1286 1130 1358 quod
1170 1284 1371 1340 Leonis
1424 1299 1637 1339 nomen
1694 1283 1991 1355 praeferret
2037 1282 2277 1338 invenit.
2310 1285 2498 1347 Quare
2528 1286 2764 1340 tandem
2796 1302 2900 1341 nec
2943 1286 3098 1342 inter
3127 1286 3336 1343 Leonis
3367 1287 3543 1359 Opera
3586 1290 3827 1345 referenda

485 1394 615 1436 esse
639 1377 889 1448 judicat,
915 1391 1047 1429 curn
1080 1374 1201 1428 fieri
1238 1372 1510 1445 perfacile
1542 1371 1794 1443 potuerit
1825 1376 1889 1425 ut
1922 1370 2091 1426 multi
2122 1376 2261 1427 tunc
2292 1373 2598 1444 temporis,
2624 1378 2817 1429 Romae
2851 1378 2909 1430 et
2938 1374 3071 1430 aliis
3100 1375 3160 1430 in
3193 1375 3356 1443 locis,
3390 1378 3607 1448 fuerint,
3630 1395 3824 1450 quorum

486 1466 779 1525 scribendi
813 1464 956 1520 ratio
989 1464 1198 1518 Leonis
1231 1462 1445 1533 stylum
1500 1461 1737 1516 referret
1789 1477 1855 1515 ac
1906 1460 2210 1516 redoleret.
2246 1460 2477 1528 Praeter,
2520 1463 2785 1533 inquam,
2820 1462 3057 1519 laudata
3102 1465 3455 1534 testimonia,
3484 1466 3589 1521 alia
3628 1466 3825 1538 plurima

484 1561 755 1612 mutuata
783 1571 853 1609 ex
883 1551 1366 1617 Lovaniensibus,
1400 1549 1668 1618 Baronio,
1700 1548 1949 1618 Norisio,
1985 1549 2236 1616 Labbeo,
2270 1550 2606 1615 Sirmondo,
2639 1552 2938 1623 Stephano
2965 1552 3221 1621 Baluzio,
3257 1554 3497 1625 aliisque
3524 1556 3653 1610 bene
3676 1557 3830 1610 multis

483 1648 697 1703 referre
730 1658 1059 1716 possemus,
1094 1640 1194 1711 qui
1226 1640 1338 1694 tria
1394 1640 1494 1693 illa
1525 1639 1812 1709 opuscula
1844 1639 2018 1693 modo
2052 1639 2173 1705 uni,
2205 1639 2375 1694 modo
2420 1639 2585 1695 alteri
2617 1641 2677 1695 in
2711 1658 2856 1697 mss.
2888 1642 3217 1714 archetypis
3251 1643 3422 1698 tribui
3452 1650 3825 1715 conspexerunt,

484 1736 625 1809 quin
658 1732 951 1806 quispiam
984 1744 1270 1800 umquam
1304 1727 1643 1799 suspicatus
1671 1728 1867 1794 fuerit,
1904 1727 1990 1782 vel
2018 1728 2075 1782 in
2109 1728 2423 1798 phrasibus
2456 1734 2627 1799 atque
2658 1730 2991 1797 sententiis,
3021 1730 3112 1786 vel
3146 1732 3205 1786 in
3238 1733 3654 1788 tractandarum
3680 1750 3828 1787 rerum

484 1823 757 1879 methodo
788 1826 845 1876 et
875 1820 1117 1888 ratione,
1150 1817 1386 1887 aliquod
1418 1820 1832 1887 argumentum
1876 1832 2175 1887 apparere,
2210 1817 2365 1887 quod
2399 1823 2697 1874 auctorem
2732 1819 2791 1874 S.
2828 1820 3078 1875 Leonem
3110 1837 3243 1877 esse
3289 1822 3567 1893 proderet.
3596 1822 3699 1877 Non
3726 1822 3826 1875 inti-

481 1913 678 1968 ciabor
707 1910 943 1982 quidem
973 1912 1033 1965 S.
1074 1906 1409 1979 pontificem
1456 1906 1515 1960 in
1566 1905 1698 1960 aliis
1748 1910 1923 1975 atque
1974 1903 2106 1960 aliis
2154 1904 2520 1960 orationibus
2578 1907 2651 1961 ad
2711 1907 2992 1978 populum
3046 1908 3290 1974 habitis,
3323 1915 3380 1965 et
3425 1910 3480 1964 in
3534 1909 3821 1981 quibusdam

479 1999 742 2071 epistolis
773 1998 973 2063 etiam,
1004 1993 1368 2066 Pelagianos,
1401 1991 2015 2064 Semipelagianosque
2045 1992 2393 2048 insectatum
2439 1993 2641 2063 fuisse,
2675 1994 2982 2065 pestiferas
3014 2011 3112 2051 eas
3160 1996 3393 2053 soboles
3440 1998 3759 2068 exagitando,
3783 2002 3823 2050 et

482 2088 790 2161 magnifice
819 2088 889 2141 de
920 2083 1137 2141 Divinas
1168 2082 1365 2155 gratias
1396 2081 1587 2147 donis,
1616 2082 1789 2152 juxta
1820 2080 2152 2153 apostolica:
2202 2082 2359 2137 sedis
2392 2086 2633 2153 statuta,
2666 2084 3028 2139 disserendo.
3064 2084 3210 2151 Quid
3257 2090 3451 2142 tamen
3482 2102 3547 2141 ex
3584 2085 3694 2153 hoc,
3721 2102 3819 2140 cum

480 2178 626 2234 tales
675 2176 890 2247 ubique
949 2172 1269 2229 sententias
1328 2186 1748 2239 sacrarumque
1798 2170 2233 2241 Scripturarum
2288 2170 2799 2242 interpretationes
2856 2172 3131 2229 adhibeat
3161 2190 3291 2245 quas
3332 2175 3390 2230 in
3421 2174 3646 2230 aliorum
3697 2174 3819 2229 libris

480 2267 724 2324 minime
752 2264 1007 2337 legendae
1058 2265 1394 2327 occurrant;
1430 2259 1929 2331 quemadmodum
1980 2259 2269 2315 sexcentis
2318 2259 2603 2331 exemplis
2656 2261 2900 2332 probare
2949 2277 3284 2334 possemus,
3318 2264 3368 2320 si
3418 2280 3585 2335 quam
3628 2265 3690 2319 ob
3729 2279 3820 2318 rem

482 2356 652 2413 Leoni
683 2352 1010 2427 adjudicari
1046 2368 1161 2407 non
1194 2351 1467 2420 debeant,
1501 2349 1807 2421 praasentis
1858 2348 2043 2404 nostri
2094 2348 2349 2404 instituti
2384 2349 2530 2405 ratio
2563 2348 2799 2421 longam
2847 2355 3151 2407 contexere
3200 2352 3655 2409 dissertationem
3696 2352 3821 2408 nobis

479 2444 841 2520 permitteret
864 2442 890 2497 ‘?

549 2534 792 2603 Qualem
826 2535 1019 2587 autem
1051 2546 1295 2601 scopum
1330 2527 1443 2583 sibi
1475 2526 1881 2583 constituisset
1912 2525 2259 2590 Quesnellus
2290 2526 2347 2581 in
2380 2526 2792 2597 adjudicandis
2822 2528 2880 2584 S.
2918 2527 3094 2584 Leoni
3125 2529 3431 2602 opusculis
3462 2531 3532 2587 iis
3560 2548 3689 2603 qua},
3716 2546 3820 2585 mss.

481 2625 829 2682 auctoritate
858 2626 915 2677 et
944 2619 1307 2675 eruditorum
1360 2618 1658 2689 suffragio,
1694 2616 1779 2671 vel
1828 2616 2153 2683 Ambrosio,
2185 2615 2275 2671 vel
2316 2616 2533 2672 Hilario
2564 2622 2621 2672 et
2649 2616 2958 2673 Caelestino
3007 2619 3443 2691 asserebantur,
3474 2621 3732 2676 neminem
3755 2635 3822 2673 ar-

479 2718 663 2771 bitror
692 2714 892 2769 latere.
927 2708 1372 2780 Amplissimum
1406 2707 1563 2761 enim
1596 2721 1869 2777 campum
1913 2705 2024 2760 sibi
2067 2704 2290 2776 aperire
2322 2706 2550 2774 statuit,
2582 2706 2641 2761 in
2676 2721 2791 2779 quo
2822 2723 2955 2762 cum
2989 2724 3095 2764 suo
3126 2709 3199 2764 de
3230 2709 3425 2766 divina
3471 2711 3642 2781 gratia
3684 2713 3822 2780 syste-

480 2798 636 2861 mate
666 2800 909 2876 spatiari
956 2802 1175 2871 posset,
1207 2797 1343 2851 hinc
1391 2800 1446 2851 et
1489 2794 1672 2861 illinc,
1708 2794 2031 2850 multarum
2083 2796 2530 2851 annotationum
2565 2813 2673 2867 ope
2718 2801 2777 2852 et
2823 2798 3111 2867 subsidio,
3145 2798 3581 2856 disseminando
3623 2803 3695 2855 tot
3732 2809 3821 2852 tan-

478 2899 687 2965 tasque
739 2890 1189 2964 propositiones,
1219 2885 1308 2941 vel
1362 2885 1572 2940 iisdem
1633 2883 2007 2955 prmludendo
2038 2900 2164 2956 quas
2214 2886 2587 2956 postmodum
2646 2886 2978 2957 apostolicae
3020 2888 3176 2943 sedis
3237 2890 3598 2946 anathemate
3645 2888 3823 2943 fuerunt

483 2981 843 3055 proscriptis.
877 2978 1032 3032 Inter
1062 2981 1302 3031 caeteros
1351 2978 1546 3027 autem
1600 2972 1700 3044 qui
1751 2972 1899 3027 hanc
1949 2989 2187 3043 pravam
2221 2979 2277 3029 et
2306 2974 2616 3029 subdolam
2650 2974 2939 3039 Quesnelli
2984 2978 3194 3048 agendi
3256 2978 3535 3035 rationem
3589 2980 3819 3039 notarunt,

486 3088 640 3127 unus
671 3068 780 3123 fuit
811 3066 1083 3122 laudatus
1114 3065 1175 3119 P.
1207 3063 1460 3118 Joannes
1492 3061 1721 3116 Salinas
1753 3061 1811 3116 in
1840 3061 1972 3116 Vita
2004 3062 2061 3117 S.
2094 3062 2361 3134 Prosperi
2392 3063 2691 3135 Aquitani,
2716 3068 2909 3119 Romae
2940 3065 3129 3133 edita;
3164 3066 3269 3138 qui
3301 3066 3592 3123 offendens
3618 3066 3818 3139 quedam

479 3158 676 3216 brevia
704 3154 1122 3213 commentaria
1153 3153 1222 3207 ad
1257 3152 1579 3207 secundam
1629 3150 2130 3220 dissertationem,
2164 3152 2295 3206 sub.
2331 3169 2492 3207 num.
2525 3154 2595 3207 28
2625 3157 2682 3207 et
2709 3153 2778 3206 29
2832 3154 3120 3225 apposita,
3154 3160 3464 3228 tamquam
3511 3156 3819 3211 inconcinnus

478 3254 533 3305 et
562 3264 833 3304 erroneas
864 3243 999 3300 illas
1030 3246 1191 3299 taxat
1221 3240 1645 3313 propositiones
1675 3240 1892 3311 quibus
1939 3257 2112 3295 suum
2148 3241 2219 3296 de
2248 3240 2444 3296 divina
2474 3242 2665 3314 gratia
2695 3245 2952 3313 systema
3000 3249 3319 3301 annotator
3348 3246 3599 3302 stabilire
3644 3254 3692 3301 et
3728 3259 3817 3316 pro-

476 3355 739 3412 pugnare
768 3334 1037 3391 intendit.
1070 3333 1232 3398 Quod
1260 3334 1383 3404 jam
1416 3332 1639 3403 pridem
1695 3348 1727 3386 a
1759 3330 1962 3386 multis
2010 3327 2356 3385 clarissimis
2402 3331 2878 3403 doctissimisque
2908 3331 3048 3388 viris
3098 3334 3321 3390 factum
3374 3336 3569 3404 fuisse,
3598 3349 3738 3390 nemo
3760 3341 3819 3384 est

475 3428 574 3500 qui
606 3428 853 3500 ignoret.
887 3425 1009 3480 Non
1042 3423 1241 3494 itaque
1273 3420 1641 3488 Quesnellus,
1676 3421 2067 3491 undequaque
2098 3418 2223 3475 suis
2263 3420 2617 3491 conjecturis
2658 3421 2925 3476 subsidia
2955 3438 3244 3493 quaerens,
3282 3440 3626 3497 quemquam
3660 3418 3819 3478 invenit

474 3519 575 3589 qui
607 3517 659 3573 ei
689 3515 935 3571 voluerit
966 3510 1293 3583 sutl‘ragari.
1320 3511 1443 3566 Nisi
1478 3511 1623 3565 forte
1656 3509 1925 3565 arbitrari
1960 3508 2211 3564 velimus
2231 3510 2627 3580 Augustinum
2661 3509 2896 3580 Savioli,
2919 3509 3207 3567 Venetum
3241 3514 3674 3586 typographum,
3699 3510 3818 3565 aliter

465 3606 789 3677 judicasse,
822 3619 977 3668 cum,
1001 3600 1307 3673 expunctis
1341 3599 1533 3672 pravis
1563 3597 1947 3669 violentisque
1978 3597 2479 3654 commentariolis
2505 3599 2720 3670 quibus
2754 3598 3102 3665 Quesnellus
3130 3601 3248 3659 tria
3280 3602 3382 3659 illa
3410 3602 3670 3671 opuscula
3695 3598 3814 3654 foeda-

472 3698 632 3748 verat
662 3697 837 3763 atque
867 3694 1225 3761 corruperat,
1257 3688 1455 3743 eadem
1494 3687 1659 3742 Leoni
1696 3704 1957 3742 asserere
2007 3685 2217 3742 maluit
2265 3704 2439 3757 quam
2494 3687 2821 3754 Ambrosio,
2856 3689 3136 3760 Prospero
3178 3691 3473 3761 Aquitano
3502 3698 3555 3746 et
3581 3686 3815 3747 leestino

473 3780 731 3855 pontifici
767 3779 1122 3849 adjudicare.
1160 3778 1315 3833 Idem
1348 3776 1503 3832 enim
1536 3775 1596 3830 in
1626 3792 1794 3831 suam
1828 3775 2042 3846 pariter
2070 3779 2353 3831 Venetam
2386 3776 2701 3831 editionem
2736 3777 3035 3833 transtulit
3065 3782 3185 3834 tres
3216 3779 3353 3836 illas
3397 3780 3687 3837 recensitas
3710 3778 3811 3840 Que-

474 3870 645 3927 snelli
677 3866 1142 3937 dissertationes,
1177 3865 1339 3921 nulla
1368 3870 1564 3920 tamen
1600 3865 1748 3920 facta
1779 3864 2036 3920 auctoris
2068 3864 2381 3920 mentione.
2413 3864 2497 3919 Ad
2531 3865 2701 3935 cujus
2732 3865 2942 3937 agendi
2987 3865 3278 3923 rationem
3311 3886 3444 3925 cum
3473 3886 3572 3941 ego
3599 3864 3811 3923 attendis.

472 3977 620 4030 sem,
654 3957 905 4014 maxime
932 3955 1189 4011 hominis
1221 3954 1522 4027 ingenium
1576 3971 1707 4009 sum
1759 3953 2108 4020 admiratus,
2140 3970 2255 4025 quo
2302 3958 2467 4025 pacto
2507 3954 2731 4009 scilicet
2762 3956 2811 4009 is
2843 3955 3227 4026 quaestionem
3264 3959 3494 4014 tamdiu
3539 3958 3637 4014 sub
3671 3951 3811 4027 judice

475 4053 836 4116 manentem,
868 4062 1047 4119 quam
1080 4044 1323 4100 minime
1356 4043 1599 4099 definire
1632 4043 1761 4099 ausi
1794 4048 1935 4099 sunt
1964 4042 2064 4114 q'ui
2106 4059 2209 4115 pro
2249 4047 2497 4113 utraque
2528 4047 2691 4114 parte
2723 4043 3018 4115 Antelmii,
3053 4046 3352 4109 Quesnelli
3381 4047 3711 4116 aliorumque
3733 4040 3810 4096 cla-

470 4139 842 4194 rissimorum
874 4136 1133 4191 virorum
1186 4134 1440 4190 rationes
1493 4135 1563 4189 ad
1613 4133 1895 4188 trutinam
1950 4133 2338 4201 adduxerunt,
2370 4137 2487 4187 tam
2539 4132 2705 4188 facile
2753 4134 3025 4204 expedire
3074 4135 3351 4206 potuerit,
3387 4136 3560 4192 nullis
3610 4128 3811 4189 indicatis

474 4226 787 4281 momentis
817 4242 942 4297 quas
974 4224 1167 4295 ipsum
1203 4224 1273 4279 ad
1306 4223 1479 4279 talem
1514 4224 1749 4278 ﬁrmum
1781 4220 2276 4294 interponendum
2318 4221 2614 4291 judicium
2663 4220 3056 4277 induxissent.
3093 4223 3209 4295 Ego
3242 4228 3438 4280 tamen
3470 4222 3635 4280 malui
3678 4218 3811 4274 adhuc

473 4331 800 4387 suspensus
830 4314 1068 4377 hearers,
1096 4313 1287 4383 iisque
1317 4313 1491 4367 fidem
1539 4312 1816 4367 adhibere
1846 4311 1946 4383 qui
1970 4312 2095 4382 jam
2130 4310 2352 4382 pridem
2386 4310 2752 4383 scripserunt
2777 4310 3001 4367 nullam
3050 4314 3450 4383 conjecturam
3500 4310 3670 4369 atl'erri
3696 4316 3811 4381 posse

474 4415 535 4462 ut
567 4404 680 4460 tria
712 4403 810 4459 illa
840 4400 1125 4475 opuscula
1158 4400 1334 4455 Leoni
1364 4400 1792 4470 adjudicentur.

545 4493 724 4549 Multo
757 4491 949 4546 minus
982 4495 1176 4545 tamen
1201 4487 1530 4554 Quesnello,
1556 4493 1657 4543 aut
1682 4488 1987 4559 quibusvis
2021 4486 2175 4556 aliis,
2203 4486 2251 4542 si
2277 4486 2374 4559 qui
2398 4490 2556 4557 sunt,
2582 4486 2856 4542 assentiri
2888 4488 3047 4558 potui
3080 4492 3144 4544 ut
3164 4489 3445 4546 Romanzc
3474 4487 3704 4546 Ecclesia:
3722 4496 3809 4536 cen-

473 4583 692 4639 suerim
720 4580 1102 4637 asserendum
1127 4578 1293 4633 illum
1319 4594 1609 4632 canonum
1635 4577 1891 4632 codicem
1916 4594 1950 4631 a
1971 4594 2086 4648 quo
2118 4576 2245 4648 ipse
2266 4575 2569 4631 Parisinus
2592 4576 2843 4647 scriptor
2872 4578 3202 4634 secundum
3229 4580 3603 4637 Leoninorum
3627 4577 3809 4647 Operum

470 4688 697 4741 tomum
719 4688 889 4726 orsus
910 4678 1015 4725 est.
1039 4669 1140 4724 Cui
1175 4668 1465 4722 sexdecim
1500 4666 1747 4737 subjecit
1769 4666 2213 4721 dissertationes
2245 4665 2505 4721 studiose
2528 4666 2846 4721 admodum
2872 4665 3221 4734 elaboratas,
3246 4674 3523 4740 praetextu
3552 4655 3807 4737 expiscsndi

471 4766 642 4830 atque
667 4758 1003 4815 illustrandi
1026 4757 1328 4829 antiquam
1348 4755 1736 4811 Ecclesiarum
1760 4754 2108 4824 doctrinam,
2124 4759 2181 4810 et
2203 4754 2380 4825 hujus
2403 4754 2611 4825 agendi
2636 4756 3087 4822 rationem,tum
3110 4757 3169 4813 in
3193 4758 3516 4815 haeresibus
3535 4748 3805 4813 evertendis.

470 4852 527 4903 et
559 4846 860 4902 citholicis
897 4847 1270 4918 dogmatibus
1301 4843 1685 4913 definiendis;
1720 4848 1843 4899 tum
1876 4843 1933 4897 in
1963 4843 2202 4915 synodis
2235 4843 2533 4914 cogendis,
2557 4842 3050 4913 appellationibus
3081 4846 3494 4918 episcoporum
3516 4845 3592 4900 vel
3622 4840 3804 4896 aliorum

468 4934 856 5008 excipiendis;
878 4940 935 4989 et
963 4935 1114 5005 quod
1141 4939 1366 5005 spectat
1396 4933 1454 4988 in
1488 4932 1691 4988 ordine
1723 4934 1793 4987 ad
1826 4931 1967 4987 illud
1996 4950 2231 4989 sacrum
2262 4930 2721 4987 ecclesiasticum
2751 4933 3013 5004 regimen
3037 4951 3070 4989 a
3090 4934 3325 4991 Christo
3348 4933 3582 4991 Domino
3611 4931 3660 4985 in
3686 4920 3805 4981 terris

468 5024 821 5089 stabilitum,
841 5023 910 5077 ad
937 5040 1041 5078 nos
1064 5040 1251 5095 usque
1274 5039 1377 5095 per
1397 5021 1693 5094 apostolos
1719 5022 2048 5093 horumque
2071 5037 2440 5077 successores
2462 5021 2809 5076 derivatum.
2835 5021 2905 5077 Et
2935 5022 2994 5077 in
3028 5023 3233 5094 primis
3256 5025 3412 5095 quod
3437 5023 3626 5079 attinet
3644 5015 3700 5072 ad
3719 5012 3803 5065 lau-

469 5117 675 5171 datum
708 5127 999 5167 canonum
1034 5111 1314 5181 codicem,
1341 5110 1485 5165 mihi
1519 5110 1611 5164 vix
1646 5109 1837 5165 locum
1871 5126 2178 5182 superesse
2210 5108 2462 5164 arbitror
2494 5113 2555 5163 ut
2584 5108 2655 5164 de
2685 5125 2751 5164 eo
2784 5110 2970 5165 multa
2988 5111 3162 5168 verba
3192 5113 3426 5181 faciam,
3458 5129 3523 5168 ne
3552 5117 3742 5165 manum
3764 5096 3802 5149 in

466 5205 715 5260 aliorum
740 5216 991 5255 messem
1016 5198 1245 5253 mittere
1266 5198 1411 5253 velle
1433 5199 1654 5255 videar.
1677 5200 1818 5254 Cum
1838 5200 1956 5270 jam
1981 5198 2212 5253 duobus
2234 5197 2448 5253 abhinc
2470 5198 2641 5253 annis
2668 5198 2812 5254 mihi
2842 5199 3161 5256 innotuerit
3184 5202 3335 5257 duos
3356 5200 3681 5257 clarissimos
3697 5188 3801 5243 vim

466 5295 524 5349 in
554 5294 839 5365 optimum
866 5287 1179 5345 consilium
1212 5288 1490 5343 incidisse
1514 5290 1775 5345 codicem
1808 5289 1965 5343 hunc
1990 5288 2155 5343 novis
2177 5288 2335 5343 curis
2364 5288 2669 5353 adornare,
2694 5293 2757 5343 ut
2787 5306 2903 5344 non
2936 5294 3166 5346 tantum
3199 5291 3255 5345 in
3283 5290 3644 5363 cognitionem
3663 5274 3799 5333 venire

464 5384 697 5454 possint
728 5380 983 5437 auctoris
1024 5378 1123 5451 qui
1157 5395 1255 5434 eos
1307 5395 1559 5433 canones
1600 5384 1657 5433 et
1687 5382 2072 5434 monumenta
2104 5377 2359 5449 collegit,
2394 5378 2495 5434 sed
2528 5377 2704 5433 etiam
2736 5378 3085 5451 investigare
3116 5381 3201 5437 vel
3232 5380 3475 5436 definire
3501 5393 3593 5451 pro
3620 5376 3796 5444 qua?um

466 5471 854 5527 Ecclesiarum
884 5487 993 5525 usu
1023 5468 1373 5524 inservirent
1398 5484 1410 5522 :
1436 5468 1591 5539 quod
1624 5472 1684 5522 ut
1707 5467 1935 5524 facilius
1959 5471 2136 5538 atque
2161 5466 2387 5522 felicius
2409 5467 2642 5538 assequi
2668 5474 2930 5540 possent,
2956 5469 3164 5525 horum
3191 5468 3338 5526 alter
3358 5474 3581 5525 Romam
3605 5459 3796 5529 veniens,

463 5561 817 5633 insigniores
848 5561 1027 5631 hujus
1061 5558 1225 5615 urbis
1256 5558 1644 5615 bibliothecas
1675 5559 2079 5632 frequentavit,
2113 5562 2170 5614 et
2200 5556 2468 5613 lustratis
2513 5558 2775 5630 antiquis
2806 5576 2949 5617 mss.
2982 5561 3415 5635 exemplaribus
3440 5561 3578 5615 hunc
3604 5549 3793 5635 codices.1

465 5624 1233 5721 continentium-quidquid
1258 5647 1318 5703 in
1339 5647 1468 5718 ejus
1490 5647 1669 5704 studii
1691 5624 1935 5721 scopum
1959 5624 2228 5705 conferre
2251 5651 2450 5720 posset
2470 5624 2725 5720 excepit;
2751 5665 2885 5705 cum
2910 5649 3106 5722 itaque
3130 5624 3171 5707 ἆ
3185 5649 3450 5724 pluribus
3472 5646 3571 5703 fide
3588 5634 3738 5711 dignis
3753 5624 3791 5682 id
