3986 6172
173 154 273 260 τη
1636 186 2057 251 PIUEFATIO
3435 198 3560 262 778

171 331 459 401 audierim,
491 343 733 401 prorsus
761 325 1157 382 necessarium
1190 324 1327 380 duxi
1359 339 1453 380 me
1484 324 1555 378 ab
1584 323 1694 378 hoc
1724 322 1920 380 labore
1950 326 2008 381 in
2044 342 2306 397 praesens
2344 331 2675 399 abstinere;
2700 334 2756 386 et
2787 332 2960 385 modo
2992 330 3228 388 silentio
3257 332 3561 404 praeterire

168 421 530 496 gravissimas
560 435 659 473 eas
689 416 944 472 rationes
992 431 1120 486 quas
1153 414 1438 469 hactenus
1488 428 1580 467 me
1608 419 1915 469 moverunt
1958 421 2023 470 ut
2062 418 2490 483 Quesnellianaa
2541 420 2800 492 opinioni
2848 438 3091 491 prorsus
3138 438 3555 493 repugnarem.

167 517 405 579 Quarum
442 507 757 576 nonnullas,
788 506 897 562 etsi
926 506 982 561 in
1037 506 1214 576 hujus
1244 505 1437 577 operis
1485 504 1737 559 decursu
1786 503 1986 560 leviter
2035 508 2342 565 dumtaxat
2372 528 2405 565 a
2438 528 2528 567 me
2580 512 2847 566 indicata:
2900 500 3135 579 fuerint,
3170 512 3316 567 alias
3357 516 3555 569 tamen

163 601 443 676 graviores
472 603 532 654 et
563 595 926 669 urgentiores
956 592 1185 659 reticui,
1219 610 1290 648 ne
1320 596 1481 647 extra
1510 592 1841 664 propositos
1873 594 2017 648 mihi
2044 595 2267 653 limites
2300 600 2494 671 vagari
2544 600 2803 669 viderer;
2838 601 2982 656 satis
3038 600 3273 657 interim
3306 601 3553 674 habens,

160 694 388 766 sapiena
418 690 668 747 aliorum
694 686 983 760 judicium
1016 684 1361 757 prastolari.

225 784 475 839 Gradum
506 795 643 852 ergo
676 777 961 833 faciamus
992 777 1063 831 ad
1096 774 1229 830 illas
1262 772 1706 830 dissertationes
1739 774 1933 830 fucato
1966 775 2156 832 colore
2188 778 2595 835 ecclesiastica:
2644 780 2981 837 traditionis
3019 786 3075 837 et
3124 782 3384 838 L80!)ti
3414 783 3555 838 doc-

153 874 307 928 trinae
337 867 701 925 illustrandae
732 882 765 921 a
795 863 1107 920 Paschasio
1138 861 1448 929 Quesnello
1479 864 1867 933 conscriptas,
1900 880 2048 935 quas
2079 864 2235 921 inter
2265 867 2594 939 principem
2643 868 2845 937 locum,
2868 869 3044 925 habet
3072 869 3175 925 illa
3206 887 3219 925 :
3255 872 3327 926 De
3354 873 3469 926 vita
3498 880 3552 927 et

147 963 298 1018 rebus
324 960 490 1032 gestis
518 958 703 1013 sancti
732 955 925 1011 Leonis
952 954 1137 1024 Magni
1166 954 1274 1007 PP.
1309 950 1503 1006 Multis
1537 952 1841 1007 fraudibus
1870 953 2049 1024 enim,
2083 957 2258 1025 nugis
2280 960 2453 1027 atque
2485 958 2836 1014 commentis
2868 963 3048 1014 totam
3082 959 3232 1015 hanc
3263 960 3550 1016 disserta-

147 1056 357 1109 tionem
396 1054 455 1105 et
485 1052 726 1105 cateras
774 1045 1203 1113 subsequentes
1234 1058 1363 1097 esse
1393 1042 1657 1110 refertas,
1688 1041 1781 1096 vix
1810 1042 2141 1114 intelligere
2176 1047 2524 1115 potuissem,
2558 1048 2608 1102 si
2636 1046 2695 1101 in
2728 1047 2845 1104 illis
2874 1049 3287 1119 percurrendis
3318 1066 3553 1122 semper

148 1144 215 1198 ad
254 1143 448 1213 ipsum
484 1136 804 1193 Leoninum
838 1138 1058 1189 textum
1095 1149 1209 1187 non
1241 1147 1671 1203 provocassem,
1707 1136 1770 1185 ut
1796 1149 1990 1188 rerum
2049 1135 2351 1190 veritatem
2409 1136 2781 1208 inspicerem.
2813 1140 2886 1193 At
2917 1155 3048 1193 cum
3094 1142 3255 1193 tanto
3302 1140 3549 1196 artiﬁcio

149 1234 267 1304 ipse
298 1230 381 1285 uti
412 1227 615 1298 soleat,
648 1230 713 1280 ut
743 1223 965 1280 sensim
998 1223 1243 1277 lectores
1273 1221 1448 1277 etiam
1482 1222 1694 1291 probos
1723 1225 1780 1277 et
1810 1222 2066 1293 optimos
2104 1224 2161 1278 in
2216 1242 2423 1295 pravas
2456 1243 2594 1281 suas
2642 1226 2948 1297 opiniones
2978 1228 3309 1299 pertrahere
3339 1230 3547 1301 possit,

147 1323 360 1391 hosque
391 1316 598 1374 multis
630 1312 986 1387 praajudiciis
1016 1311 1298 1381 imbuere,
1328 1308 1652 1381 plurimum
1689 1310 1835 1365 mihi
1868 1311 2253 1369 laborandum
2287 1316 2470 1371 fuisse
2502 1333 2759 1387 praesens
2792 1316 2900 1372 hoc
2931 1335 3078 1388 opus
3109 1318 3411 1373 indicabit.
3443 1319 3551 1374 Vix

149 1412 294 1467 enim
326 1421 601 1464 enarrare
635 1420 875 1476 possum
910 1401 1173 1457 studium
1221 1400 1549 1455 adhibitum
1580 1400 1639 1454 in
1690 1404 2098 1472 exaggeranda
2150 1421 2257 1458 sua
2310 1421 2446 1475 erga
2479 1409 2533 1459 ὃ.
2572 1406 2820 1461 Leonem
2853 1410 2908 1461 et
2937 1407 3319 1478 apostolicam
3349 1409 3549 1464 sedem

151 1500 463 1563 devotione,
496 1493 797 1565 animique
828 1492 1062 1563 pietate,
1095 1506 1271 1561 quam
1306 1489 1502 1544 testari
1538 1506 1600 1544 se
1640 1489 1883 1545 simulat
1912 1495 2118 1547 ornata
2172 1494 2428 1564 quadam
2479 1495 2759 1565 oratione,
2792 1495 2880 1551 vel
2913 1496 2972 1551 in
3005 1497 3182 1567 hujus
3214 1497 3418 1553 laudes
3447 1515 3548 1553 ex-

154 1588 450 1658 currendo,
484 1584 569 1640 vel
604 1583 853 1639 Leonina
882 1586 1049 1654 gesta
1080 1585 1255 1650 atque
1286 1582 1507 1633 statuta
1538 1595 1670 1633 cum
1704 1579 1954 1635 aliorum
1985 1581 2401 1653 episcoporum
2454 1584 2739 1651 doctrina,
2775 1585 3007 1657 pietate,
3040 1586 3319 1657 religione
3349 1586 3551 1642 claris-

155 1680 422 1736 simorum
456 1673 733 1747 operibus
764 1670 942 1728 simul
973 1669 1408 1740 comparando;
1444 1667 1531 1723 vel
1562 1668 1619 1723 in
1673 1669 1932 1724 medium
1969 1671 2207 1727 interim
2260 1674 2602 1729 adducendo
2652 1675 3043 1747 quorumdam
3100 1676 3547 1748 particularium

155 1768 496 1841 synodorum
530 1761 765 1833 regulas
797 1778 924 1833 quae
953 1764 1087 1814 ante
1138 1758 1341 1813 Leonis
1372 1774 1560 1812 aevum
1612 1757 1828 1813 alicubi
1877 1759 2281 1829 obtinuerunt,
2316 1763 2534 1834 quibus
2578 1765 2823 1820 subesse
2863 1770 2921 1820 et
2951 1765 3221 1821 insistere
3252 1766 3310 1821 S.
3346 1767 3408 1823 P.
3442 1768 3548 1822 de-

154 1859 334 1913 buisse
366 1857 679 1911 asseverat.
714 1850 860 1917 Quid
888 1847 1091 1905 enim?
1122 1846 1455 1919 Aliquando
1488 1847 1665 1903 talem
1716 1852 2068 1919 tantumque
2122 1850 2472 1907 eruditionis
2504 1858 2853 1924 apparatum
2887 1854 2955 1909 ad
2990 1872 3130 1909 suos
3179 1854 3427 1911 lectores
3454 1856 3549 1911 de-

156 1945 433 2004 lectandos
466 1940 814 2005 construxit,
848 1939 1093 2007 sensim,
1125 1937 1537 2008 susquedeque
1567 1936 1840 2006 antiquas
1868 1936 2138 1993 Ecclesiae
2182 1956 2273 1995 res
2322 1940 2515 2006 vertit,
2550 1942 2932 2012 perturbavit,
2966 1943 3225 2010 miscuit,
3263 1948 3325 1998 ut
3355 1961 3427 1999 ne
3456 1945 3550 2000 vix

156 2036 371 2106 quidem
400 2033 724 2104 appareant
751 2026 930 2083 illioia
960 2026 1177 2097 quibus
1211 2042 1353 2080 usus
1385 2029 1473 2080 est
1503 2026 1571 2080 ad
1608 2042 1785 2096 prava
1815 2042 1923 2080 sua
1953 2029 2275 2097 systemata
2306 2027 2663 2084 insinuanda
2695 2034 2871 2101 atque
2902 2031 3225 2097 firmanda;
3260 2032 3371 2086 sibi
3403 2032 3548 2087 forte

153 2121 510 2189 blandiendo,
544 2120 602 2173 in
634 2116 816 2172 sacris
846 2119 903 2171 et
931 2114 1346 2170 ecclesiasticis
1379 2115 1553 2169 rebus
1604 2116 2054 2185 pertractandis,
2089 2115 2397 2172 hominum
2449 2118 2701 2191 ingenia,
2737 2125 2792 2175 et
2822 2119 3052 2175 dicendi
3101 2126 3245 2190 arte,
3276 2125 3334 2176 et
3365 2121 3552 2193 philo-

152 2211 394 2284 sOpbicis
424 2205 778 2279 conjecturis
811 2204 1004 2275 potius
1044 2220 1221 2274 quam
1255 2219 1448 2258 rerum
1479 2204 1720 2259 veritate
1770 2208 1825 2259 et
1874 2204 2169 2260 rationum
2220 2208 2475 2277 pondere
2508 2209 2847 2277 persuaderi
2881 2225 3072 2280 posse.
3117 2210 3317 2275 Qualis
3348 2216 3545 2267 autem

150 2306 475 2374 quantaque
505 2294 813 2367 diligentia
840 2298 898 2349 et
927 2293 1109 2348 animi
1141 2292 1383 2348 attentio
1434 2309 1503 2347 ne
1533 2293 1831 2363 deciperer
1872 2293 2207 2349 adhibenda
2256 2294 2402 2349 mihi
2438 2295 2611 2350 fuerit
2642 2296 2701 2349 in
2734 2299 3129 2367 perourrenda
3160 2297 3267 2353 hac
3298 2299 3547 2372 aliisque

147 2389 426 2454 Quesnelli
460 2384 998 2449 dissertationibus,
1029 2398 1199 2437 nemo
1227 2381 1393 2436 facile
1424 2382 1679 2453 potuerit
1726 2382 2070 2453 intelligere,
2106 2382 2219 2438 nisi
2253 2384 2288 2436 ii
2324 2384 2469 2439 forte
2517 2385 2616 2456 qui
2652 2385 2708 2439 in
2741 2386 3181 2443 conscribendis
3212 2389 3549 2444 eruditissi-

147 2482 248 2536 mis
279 2474 720 2535 commentariis
750 2473 820 2527 ad
851 2471 1283 2527 ecclesiasticas
1312 2488 1403 2525 res
1435 2471 1885 2541 pertinentibus,
1917 2488 2008 2525 me
2040 2477 2487 2542 praecesserunt.
2524 2474 3029 2536 Quemadmodum
3079 2476 3396 2532 novissime
3426 2478 3544 2534 fac-

144 2576 257 2625 tum
292 2569 476 2624 fuisse
505 2582 539 2620 a
570 2564 643 2619 cl.
675 2562 813 2618 Viro
842 2561 1068 2617 Joanne
1096 2560 1343 2615 Antonio
1378 2560 1613 2615 Blanchi
1645 2560 1681 2614 ii
1718 2564 1936 2614 norunt
1967 2560 2065 2630 qui
2099 2561 2368 2631 ejusdem
2401 2578 2503 2617 sex
2533 2562 2827 2617 volumina
2856 2565 2927 2619 de
2957 2564 3226 2620 Ecclesia:
3259 2570 3543 2636 potestate

143 2660 526 2715 aestimarunt.
561 2654 612 2709 Is
644 2652 799 2709 enim
835 2652 893 2705 in
944 2649 1340 2705 familiaribus
1390 2649 1697 2720 colloquiis
1751 2647 1905 2703 inter
1955 2666 2060 2704 nos
2108 2649 2325 2704 habitis
2358 2668 2472 2705 non
2523 2651 2705 2707 semel
2753 2657 3005 2707 testatus
3037 2658 3126 2709 est
3154 2654 3336 2709 alium
3371 2672 3539 2710 num-

143 2766 312 2822 quam
346 2746 690 2817 scriptorem
721 2741 938 2813 legisse
970 2740 1070 2811 qui
1103 2744 1190 2795 tot
1237 2738 1715 2795 simulationibus
1766 2744 1822 2794 et
1853 2739 2121 2794 artiﬁciis
2171 2744 2434 2795 uteretur
2482 2745 2687 2811 printer
2735 2742 3134 2807 Quesnellum.
3167 2743 3392 2817 Quippe
3438 2747 3540 2817 qui

140 2856 266 2894 cum
296 2834 617 2908 aliquando
648 2849 711 2888 se
742 2829 907 2886 facile
937 2829 1254 2901 perstringi
1284 2833 1341 2885 et
1362 2828 1624 2901 jugulari
1656 2845 1828 2900 posse
1862 2829 2175 2901 persensit,
2206 2829 2408 2885 statim
2441 2830 2609 2900 quasi
2653 2832 2861 2901 anguis
2894 2831 3146 2887 elabitur
3170 2879 3183 2903 ,
3214 2838 3292 2899 et,
3326 2852 3394 2889 ex
3426 2852 3544 2890 una

139 2929 206 2982 ad
241 2927 419 2982 aliam
451 2922 541 2979 vel
574 2922 773 2994 plures
806 2918 1161 2991 quaestiones
1194 2918 1595 2990 progrediens,
1627 2935 1759 2973 vera
1812 2918 2053 2974 incertis
2086 2923 2144 2973 et
2192 2919 2507 2989 a3quivocis
2555 2920 2913 2988 admiscuit,
2963 2925 3020 2976 et
3070 2939 3279 2978 rursus
3312 2923 3458 2979 falsa
3487 2928 3545 2979 et

138 3032 380 3071 erronea
404 3011 599 3068 dubiis
625 3015 679 3066 et
712 3007 1118 3081 probabilibus
1146 3007 1445 3063 interserit
1473 3012 1530 3063 et
1560 3007 1845 3079 implicat,
1875 3011 1940 3062 ut
1967 3009 2039 3063 ad
2086 3008 2200 3063 sibi
2232 3008 2534 3078 praefixum
2585 3025 2828 3080 scopum
2862 3009 3175 3081 perveniat.
3206 3011 3330 3066 Non
3364 3012 3546 3084 igitur

142 3106 207 3159 ad
241 3102 609 3162 eliminanda
640 3116 669 3155 e
705 3099 907 3154 Leonis
938 3098 1228 3170 Operibus
1258 3101 1343 3152 tot
1381 3102 1737 3161 commenta,
1771 3096 2053 3168 fallacias,
2088 3102 2258 3167 atque
2284 3114 2495 3168 nugas,
2526 3102 2583 3153 et
2608 3099 2676 3154 ad
2712 3100 3028 3154 asserenda
3059 3100 3182 3155 sedi
3214 3101 3543 3172 apostolicae

140 3210 244 3247 sua
267 3191 536 3265 legitima
559 3190 700 3260 jura
728 3187 998 3244 sufficere
1036 3190 1261 3255 poterat
1288 3183 1523 3241 illorum
1574 3190 1796 3241 textum
1833 3187 2055 3240 nudum
2106 3191 2161 3241 et
2210 3186 2507 3241 sincerum
2543 3187 2936 3259 undequaque
2966 3188 3038 3243 ab
3068 3189 3346 3246 omnibus
3377 3207 3543 3247 men-

141 3283 248 3350 dis,
280 3280 594 3353 aaquivocis
624 3282 682 3334 et
712 3276 877 3332 falsis
910 3274 1496 3347 interpretationibus
1545 3278 1929 3346 expurgatum
1977 3274 2269 3341 exhibere,
2301 3292 2502 3330 verum
2553 3275 2730 3331 etiam
2778 3294 2927 3349 opus
2958 3281 3083 3333 erat
3119 3279 3388 3335 ordinata
3420 3297 3545 3336 me-

141 3370 316 3426 thodo
384 3369 669 3441 quasdam
718 3365 1161 3421 exercitationes
1227 3364 1619 3430 conscribere,
1671 3364 1887 3435 quibus
1936 3364 2092 3419 haud
2145 3364 2419 3436 exiguum
2471 3364 2669 3419 lumen
2722 3366 2991 3422 Leoninis
3048 3367 3255 3438 gestis,
3308 3375 3544 3439 aposto-

143 3457 263 3513 licae
293 3456 734 3527 sedisjuribus,
768 3459 825 3509 et
867 3453 1248 3510 ecclesiastici
1295 3454 1601 3527 regiminis
1651 3454 1847 3509 formae
1895 3458 1953 3508 et
2001 3453 2191 3508 ordini
2242 3454 2446 3508 afferre
2495 3470 2833 3524 possemus.
2874 3454 3054 3510 Nobis
3088 3454 3310 3527 placuit
3341 3457 3399 3512 in
3433 3458 3543 3513 hac

148 3553 304 3616 parte
335 3545 552 3601 imitari
584 3542 658 3599 cl.
692 3542 882 3597 virum
916 3542 1309 3599 marchionem
1342 3542 1629 3599 Joannem
1662 3542 1883 3609 Poleni,
1906 3542 2233 3597 Matheseos
2255 3546 2311 3597 et
2340 3541 2625 3597 naturalis
2658 3542 3040 3615 philosophiae
3072 3544 3132 3599 in
3164 3544 3542 3602 celeberrima

149 3634 419 3690 Patavina
448 3632 753 3689 Academia
783 3632 1191 3703 professorem.
1224 3632 1330 3699 Qui
1366 3640 1676 3703 postquam
1709 3632 2083 3687 Vitruvianos
2115 3630 2296 3686 libros
2328 3630 2709 3687 illustrandos
2753 3633 3099 3704 assumpsit,
3130 3632 3225 3689 cui
3255 3652 3362 3691 nos
3393 3653 3541 3707 quo-

154 3740 256 3793 que
285 3742 354 3779 ea
379 3722 641 3779 subsidia
668 3720 1000 3790 attulimus,
1034 3738 1283 3793 quorum
1318 3739 1425 3777 sua
1472 3722 1833 3793 benignitate
1881 3721 2019 3776 facit
2049 3720 2428 3789 mentionem,
2462 3720 2532 3775 ad
2568 3720 2674 3775 sibi
2728 3722 3027 3793 praefixum
3057 3739 3302 3795 scopum
3343 3742 3541 3796 perve-

160 3812 272 3867 nire
304 3830 417 3867 non
450 3827 624 3884 posse
650 3810 969 3865 arbitratus
1020 3814 1128 3877 est,
1164 3811 1275 3865 nisi
1326 3811 1602 3866 omnibus
1652 3810 1955 3866 industria:
2003 3810 2194 3865 nervis
2246 3810 2640 3877 contenderet,
2674 3819 2728 3866 et
2775 3828 3012 3883 operam
3059 3813 3441 3869 constitueret
3493 3815 3554 3870 in

162 3903 502 3972 quibusdam
535 3900 897 3955 Vitruvianis
929 3900 1452 3956 exercitationibus
1484 3901 1884 3957 contexendis.
1914 3900 2292 3955 Gravissimis
2324 3904 2519 3955 autem
2553 3900 2623 3955 de
2655 3902 2850 3957 causis
2881 3904 2951 3957 ad
2986 3903 3043 3957 id
3075 3904 3306 3960 consilii
3339 3907 3559 3962 adduc-

166 3998 277 4045 tum
312 3992 513 4058 fuisse,
544 3990 602 4045 in
637 3988 759 4045 suis
793 3988 1237 4060 praefationibus
1268 3994 1537 4045 testatur.
1573 3991 1680 4045 Sed
1716 3996 1770 4045 et
1800 4008 1830 4043 a
1861 3990 2156 4044 similibus
2190 4007 2295 4045 nos
2326 3994 2515 4045 motos
2549 4006 2677 4046 esse
2720 3990 2757 4043 ii
2786 3992 3161 4059 judicabunt,
3195 3993 3297 4062 qui
3349 4001 3559 4049 nostra:

169 4079 540 4136 mediocritati
568 4078 799 4135 veniam
830 4078 969 4132 dare
1000 4076 1281 4145 volentes,
1311 4078 1533 4134 bonum
1568 4083 1833 4135 nostrum
1867 4078 2180 4133 consilium
2214 4078 2401 4150 magis
2432 4096 2607 4149 quam
2660 4078 2994 4150 insumptos
3033 4080 3262 4135 labores
3316 4084 3563 4151 probare

172 4175 261 4223 aut
288 4187 398 4226 non
431 4171 761 4241 improbare
791 4167 1001 4223 saltem
1033 4167 1458 4239 dignabuntur.

240 4258 296 4313 In
330 4260 417 4315 his
450 4275 588 4330 ergo
620 4257 1132 4314 exercitationibus
1162 4257 1599 4314 conscribendis
1632 4256 1996 4312 occasionem
2028 4256 2277 4311 maxime
2308 4256 2463 4311 nacti
2511 4272 2718 4311 sumus
2750 4273 2784 4311 a
2814 4260 3070 4327 quatuor
3114 4261 3423 4334 praecipuis
3455 4262 3566 4319 ha:-

176 4349 387 4405 resibua
434 4365 566 4421 qua:
609 4364 643 4403 a
692 4352 954 4419 tempore
1003 4365 1118 4419 quo
1168 4348 1228 4403 S.
1283 4352 1390 4403 Leo
1440 4348 1509 4402 ad
1563 4364 1862 4402 summum
1916 4344 2318 4418 pontiﬁcatum
2370 4344 2475 4399 fuit
2525 4350 2893 4417 assumptus,
2927 4348 2996 4402 ad
3030 4348 3157 4405 vitae
3204 4350 3393 4423 ipsius
3450 4354 3569 4409 exi-

176 4439 286 4491 tum
318 4455 524 4511 usque,
558 4437 860 4494 catholica:
891 4438 1159 4510 religioni
1190 4438 1305 4492 vim
1340 4437 1687 4503 intulerunt,
1721 4442 1777 4493 et
1798 4436 2171 4493 Occidentem
2224 4440 2396 4505 atque
2428 4432 2721 4490 Orientem
2755 4436 3128 4493 infestarunt.
3164 4440 3476 4513 PrOpterea
3508 4446 3573 4497 ut

180 4541 401 4583 suorum
434 4544 745 4583 munerum
796 4531 992 4598 partes
1042 4527 1333 4598 impleret,
1366 4533 1424 4583 et
1472 4527 1864 4582 Christianam
1918 4525 2092 4580 ﬁdem
2124 4524 2465 4591 custodiret,
2500 4542 2671 4581 omne
2711 4527 2978 4581 studium
3029 4533 3085 4583 et
3128 4528 3383 4585 laborem
3435 4548 3569 4586 eum

182 4612 499 4686 impendere
531 4616 789 4687 oportuit
820 4617 889 4672 ad
925 4617 1215 4672 sedandas
1248 4617 1605 4672 saevissimas
1636 4620 2011 4687 tempestates
2058 4632 2185 4686 quae
2226 4613 2514 4670 diabolico
2562 4616 2753 4671 furore
2801 4616 3125 4671 bacchante
3154 4618 3287 4672 fidei
3330 4620 3572 4677 exitium

184 4706 603 4772 promovebant,
635 4705 844 4760 Christi
880 4705 1194 4776 imperium
1221 4710 1277 4761 et
1308 4706 1630 4760 Romanam
1664 4703 1979 4760 Ecclesiam
2013 4703 2317 4773 vexabant,
2352 4704 2422 4758 de
2455 4702 2668 4774 quibus
2701 4702 2977 4758 omnibus
3022 4720 3117 4757 eas
3148 4704 3417 4761 victorias
3451 4706 3577 4777 ipse

185 4808 432 4850 summus
464 4794 722 4867 pontifex
755 4796 1073 4867 reportavit
1103 4812 1251 4867 quas
1283 4796 1414 4850 divo
1463 4800 1631 4850 Petro
1682 4795 1977 4865 hujusque
2027 4791 2471 4847 successoribus
2522 4792 2785 4846 Christus
2836 4791 3210 4847 Dominusin
3259 4794 3580 4865 Scripturis

188 4884 535 4951 promiserat.
574 4885 791 4938 Harum
827 4884 1116 4941 haeresum
1148 4886 1338 4957 prima
1384 4885 1490 4939 fuit
1535 4884 2005 4951 Manichaeorum,
2039 4881 2261 4936 caeteris
2311 4880 2548 4951 quidem
2602 4879 2919 4949 antiquior,
2952 4884 3010 4935 et
3040 4880 3188 4937 forte
3230 4883 3585 4954 pertinacior

190 4970 340 5042 facta,
370 4990 495 5045 qua:
529 4974 801 5044 quamvis
835 4974 893 5028 in
925 4974 1120 5029 Africa
1152 4974 1371 5029 multas
1421 4973 1616 5030 clades
1667 4972 2070 5037 sustinuisset,
2105 4968 2503 5024 vehementior
2552 4968 2609 5021 in
2645 4966 2834 5033 Italia,
2869 4973 2927 5023 et
2969 4969 3029 5024 in
3062 4970 3189 5042 ipsa
3222 4973 3372 5030 Urbe
3402 4976 3585 5047 potis-

195 5060 391 5117 simum
424 5064 828 5135 grassabatur.
864 5064 1189 5129 Quamdam
1224 5064 1576 5135 peculiarem
1602 5062 1811 5133 judicii
1847 5062 2094 5116 formam
2130 5062 2397 5113 nostrum
2432 5056 2767 5128 pontiﬁcem
2818 5057 3166 5116 adhibuisse
3197 5078 3254 5117 in
3287 5062 3587 5117 Manichae-

195 5164 343 5206 orum
374 5152 798 5224 nequitiis,sub
832 5152 1255 5209 catholicorum
1288 5154 1525 5207 nomine
1557 5149 2049 5213 delitescentium,
2081 5145 2444 5217 detegendis,
2480 5146 2733 5216 produnt
2764 5146 2943 5218 huius
2976 5151 3267 5206 orationes
3298 5153 3367 5206 ad
3401 5167 3587 5221 popu-

196 5235 319 5311 lum,
352 5246 406 5297 et
435 5240 697 5313 epistolae
739 5243 811 5297 ad
857 5242 1164 5314 episcopos
1199 5243 1372 5297 Italia;
1418 5241 1776 5311 conscriptis.
1830 5237 1973 5293 Cum
2026 5252 2162 5308 ergo
2212 5236 2281 5289 de
2312 5234 2424 5289 hac
2473 5234 2677 5290 haeresi
2710 5238 2885 5292 verba
2920 5240 3073 5307 fecit,
3110 5239 3261 5295 clare
3310 5238 3591 5294 indicavit

206 5328 309 5397 ejus
336 5330 648 5403 originem,
689 5336 945 5402 tempus,
979 5334 1268 5397 auctores,
1304 5331 1647 5402 discipulos,
1681 5330 1977 5399 dogmata,
2014 5324 2267 5381 nefanda
2299 5323 2597 5395 mysteria,
2632 5328 2688 5379 et
2738 5326 2925 5381 multa
2976 5328 3088 5382 alia
3119 5328 3189 5383 ad
3241 5329 3369 5399 ejus
3402 5328 3593 5382 incre-

209 5424 439 5474 mentum
481 5424 537 5475 et
569 5420 1051 5493 propagationem
1086 5421 1478 5493 pertinentia;
1515 5418 1815 5490 simulque
1846 5417 1971 5489 ipse
2006 5416 2065 5471 S.
2102 5414 2360 5488 pontifex
2392 5412 2579 5467 multa
2628 5416 3005 5471 sanctissima
3037 5417 3272 5471 decreta
3303 5416 3488 5471 edidit
3520 5416 3591 5471 ad

205 5497 383 5563 horum
416 5508 722 5563 hominum
760 5509 1084 5580 nequitiam
1119 5508 1695 5581 deprehendendum,
1731 5507 1879 5561 ritus
1930 5504 2269 5572 abolendos,
2302 5501 2555 5555 latebras
2605 5503 2714 5557 sub
2767 5503 2981 5573 quibus
3033 5503 3369 5559 delitescere
3419 5522 3595 5560 cona-

208 5587 389 5655 bantur
422 5599 805 5672 inquirendas
837 5604 892 5655 et
925 5600 1309 5671 retegendas;
1346 5598 1561 5655 idcirco
1594 5598 1652 5652 in
1687 5597 1780 5653 bis
1813 5594 2223 5665 similibusque
2259 5590 2391 5646 aliis
2422 5608 2592 5664 posse
2623 5597 2679 5646 et
2728 5592 2935 5647 debere
2986 5593 3206 5664 priores
3238 5608 3399 5649 meas
3442 5610 3600 5650 exer-

202 5685 483 5748 citationes
514 5689 759 5757 versari,
808 5706 926 5746 non
958 5689 1350 5765 incongruum
1402 5688 1731 5747 existimavi
1759 5708 1773 5759 ;
1806 5702 1940 5745 cum
1973 5683 2162 5741 multa
2187 5698 2256 5740 ex
2287 5682 2491 5740 eodem
2521 5686 2576 5739 S.
2613 5684 2801 5740 Leone
2832 5682 3079 5739 dicenda
3108 5687 3436 5753 occurrant,
3470 5700 3594 5760 qum

496 5819 761 5880 Pamoa.
806 5819 934 5883 LV.
3202 5813 3277 5874 25
