4050 6164
484 167 606 228 ’179
1013 163 1016 166 ’
2011 157 2083 215 ΡΙ

2282 155 2429 217 .TIO
3728 164 3822 226 780
3879 103 3881 106 i

485 299 721 357 illorum
756 300 1086 367 temporum
1117 289 1572 348 ecclesiasticam
1605 287 1983 362 disciplinam
2015 293 2072 344 et
2102 289 2508 346 Romanorum
2539 289 2886 364 pontificum
2935 287 3146 362 agendi
3176 288 3457 346 rationem
3501 295 3825 363 patefaciunt.

486 390 908 445 Verumtamen
940 399 1073 439 cum
1105 381 1328 453 priores
1359 379 1466 436 has
1496 379 1555 434 in
1590 379 1850 456 Leonina
1899 379 2087 451 Opera
2117 379 2564 436 exercitationes
2615 395 2762 452 pene
2793 380 2865 435 ad
2909 379 3086 434 finem
3130 377 3542 450 perduxissem,
3569 389 3620 437 et
3659 386 3718 441 de
3754 389 3827 446 bis

491 495 624 535 cum
655 476 728 532 cl.
763 475 885 530 viro
916 471 1143 527 Thoma
1172 469 1520 535 Mamachio,
1555 469 1612 523 in
1651 468 1897 540 collegio
1947 469 2171 524 urbano
2205 468 2596 541 Propagandas
2645 469 2804 525 Fidei
2837 473 2963 523 tum
2997 467 3340 540 professors,
3383 484 3530 524 nunc
3558 486 3673 529 vero
3698 477 3833 534 Casa-

495 564 728 624 natensi
757 560 1049 631 theologo,
1081 559 1257 613 verba
1287 559 1556 622 fecerem,
1591 557 1640 612 is
1671 556 1818 612 mihi
1851 573 1954 628 pro
2005 573 2112 612 sua
2160 571 2298 628 erga
2329 573 2423 613 me
2454 557 2714 614 amicitia
2751 556 3050 622 indicavit,
3092 556 3353 612 lsaacum
3384 555 3702 631 Beausobrs,
3725 580 3832 619 aca-

497 654 782 712 tholicum
814 650 1027 720 virum,
1056 646 1304 703 Manetis
1336 651 1392 702 et
1422 645 1874 702 Manichaeorum
1908 645 2214 702 historiam
2269 647 2718 703 Amstelodamii
2763 645 2984 702 Gallico
3037 645 3314 702 idiomate
3360 645 3420 702 in
3457 647 3564 703 duo
3592 647 3836 710 volumina

495 743 837 800 distinctam
873 735 1296 808 conscripsisse
1327 739 1383 790 et
1430 736 1584 806 typis
1636 734 2028 790 commisisse.
2062 738 2252 790 Meum
2302 737 2503 807 itaque
2534 735 2799 792 animum
2848 733 3104 806 optimus
3147 734 3374 790 amicus
3402 733 3624 807 impulit
3646 739 3706 793 ad
3733 758 3832 798 eam

496 831 886 896 lustrandam,
930 831 1243 898 antequam
1277 840 1438 881 meas
1469 824 1913 881 exercitationes
1945 825 2006 880 in
2038 824 2229 881 lucem
2260 825 2610 882 emitterem.
2645 825 2835 898 Hujus
2865 823 3128 881 consiliis
3159 839 3296 896 ergo
3325 840 3457 880 cum
3475 826 3657 882 statim
3683 829 3835 888 adha-

497 923 729 989 sissem,
763 933 1008 991 prorsus
1040 913 1440 971 necessarium
1473 913 1609 968 duxi
1644 912 1821 969 aliam
1853 913 2093 969 omnino
2127 913 2471 970 methodum
2504 913 2563 969 in
2595 913 2705 970 hoc
2727 929 2900 985 opere
2929 912 3348 969 conscribendo
3370 929 3495 970 esse
3524 918 3838 991 servandam,

498 1017 555 1069 et
584 1011 653 1066 ad
687 1007 975 1066 trutinam
1002 1021 1120 1061 non
1154 1002 1346 1060 solum
1378 1019 1668 1068 revocare,
1701 1003 1802 1059 sed
1835 1002 2012 1059 etiam
2047 1007 2394 1075 argumenta
2426 1002 2684 1060 refellere
2715 1020 2840 1075 qua
2871 1001 3233 1060 acatholicus
3263 1002 3509 1074 scriptor
3535 1009 3714 1061 contra
3735 1024 3839 1063 nos-

498 1105 600 1157 trae
633 1097 929 1155 catholicae
964 1094 1094 1150 {idsi
1125 1094 1420 1165 dogmata,
1455 1109 1755 1148 sacrorum
1787 1092 2010 1147 rituum
2043 1092 2388 1164 dignitatem
2422 1096 2592 1164 atque
2623 1092 3024 1165 praestantiam
3071 1091 3374 1160 confinxit,
3403 1095 3457 1148 et
3486 1093 3714 1150 maxima
3737 1113 3841 1154 cum

499 1187 762 1244 veritatis
817 1182 1037 1256 injuria
1085 1182 1144 1236 in
1189 1197 1296 1236 suo
1340 1197 1512 1252 opere
1563 1180 1875 1253 evulgavit.
1910 1181 1972 1235 In
2005 1197 2120 1253 quo
2153 1180 2374 1252 passim
2405 1187 2460 1237 et
2490 1181 2929 1253 Scripturarum
2963 1197 3266 1238 sacrarum
3298 1185 3489 1237 textus
3519 1181 3575 1237 in
3603 1199 3780 1254 pravas
3801 1193 3845 1243 et

502 1278 794 1346 malignas
824 1271 1334 1344 interpretationes
1364 1271 1694 1341 detorquet,
1727 1271 2105 1342 apostolicam
2136 1271 2509 1327 traditionem
2540 1271 2764 1340 evertit,
2794 1275 2998 1327 contra
3027 1271 3144 1326 RR.
3177 1271 3286 1327 PP.
3322 1270 3745 1330 ecclesiasticam
3769 1278 3846 1330 ad-

503 1365 1001 1424 ministrationem
1034 1360 1450 1430 debacchatur,
1484 1359 1863 1415 conciliorum
1915 1361 2151 1416 decreta
2181 1376 2284 1432 pro
2315 1360 2499 1416 nihilo
2545 1361 2728 1429 ducit,
2762 1361 3037 1433 antiquos
3070 1359 3338 1416 Ecclesia
3369 1361 3474 1415 PP.
3506 1363 3752 1434 exagitat,
3775 1365 3844 1420 vel

501 1462 808 1528 tamquam
859 1449 1319 1516 mendaciorum,
1356 1449 1845 1520 superstitionum
1901 1454 1956 1505 et
1987 1449 2450 1522 imposturarum
2499 1465 2628 1506 reos
2660 1450 2721 1505 in
2752 1466 2989 1507 scenam
3029 1450 3322 1519 traducit;
3355 1455 3413 1505 st
3443 1451 3627 1507 omnia
3653 1453 3842 1508 tandem

502 1544 849 1602 Christianae
881 1539 1264 1614 philosophice
1295 1555 1361 1595 ac
1391 1538 1694 1612 theologias
1745 1538 2111 1595 solidissima
2157 1539 2447 1612 principia
2493 1543 2746 1596 evertere
2795 1539 2963 1596 nisus
3007 1543 3117 1610 est,
3151 1539 3466 1595 calumniis
3495 1544 3549 1596 et
3574 1541 3846 1598 maledictis

504 1652 604 1692 eos
636 1633 914 1704 antiquos
944 1630 1261 1702 scriptores
1290 1628 1646 1700 impetendo,
1679 1645 1928 1699 quorum
1977 1629 2308 1684 doctrinam
2341 1629 2538 1700 pravis
2585 1629 3169 1701 interpretaiionibus
3218 1645 3584 1701 corrumpere
3612 1636 3700 1686 aut
3723 1629 3847 1688 labe-

501 1725 719 1780 factare
749 1737 866 1776 non
898 1719 1107 1792 potuit.
1156 1719 1344 1787 Hujus
1375 1734 1542 1788 porro
1589 1718 1793 1789 nuperi
1827 1718 2133 1790 scriptoris
2180 1717 2477 1774 licentiam
2511 1718 2888 1774 dissimulare
2935 1735 3068 1774 cum
3101 1718 3347 1774 minime
3377 1735 3622 1790 possem,
3649 1720 3773 1775 duos
3796 1722 3849 1777 de

503 1811 958 1870 Manichaeorum
994 1807 1241 1863 historia
1275 1807 1454 1862 libros
1486 1807 1852 1862 conscribere
1895 1807 2195 1864 constitui.
2229 1823 2296 1864 eo
2343 1809 2555 1864 ductus
2603 1807 2847 1864 consilio
2880 1807 3183 1875 nimirum,
3223 1811 3288 1862 ut
3331 1806 3516 1863 multa
3543 1824 3658 1880 quae
3685 1809 3744 1863 dc
3768 1809 3850 1864 hac

502 1901 711 1958 haeresi
744 1899 882 1954 hinc
913 1903 968 1952 et
996 1896 1155 1952 illinc
1189 1898 1246 1951 in
1275 1895 1521 1951 aliorum
1555 1900 1815 1952 veterum
1857 1896 2095 1968 scriptis
2140 1896 2384 1969 legenda
2433 1902 2752 1954 occurrunt
2796 1898 2854 1952 in
2905 1913 3090 1953 unum
3135 1895 3316 1952 veluti
3369 1913 3575 1970 corpus
3617 1898 3849 1954 adornata

501 1989 930 2057 contraherem,
963 1990 1140 2058 atque
1167 1985 1494 2056 detegerem
1527 1984 1760 2056 qualem
1804 1991 2208 2057 quantamque
2238 1985 2556 2058 perniciem
2606 1984 3030 2042 catholicorum
3062 1986 3250 2058 pietas
3300 1986 3508 2042 subeat
3533 1985 3690 2041 fidem
3717 1985 3848 2041 adhi-

502 2079 692 2136 bendo
717 2077 790 2132 iis
822 2073 1262 2132 commentariis
1293 2091 1420 2146 quae
1449 2075 1520 2130 de
1550 2075 1777 2130 Manete
1803 2078 1860 2130 et
1887 2075 2339 2131 Manichmorum
2363 2075 2655 2132 institutis
2682 2075 3010 2131 Beausobrs
3041 2075 3416 2148 conscripsit.
3441 2075 3588 2131 Duos
3614 2074 3710 2131 hos
3734 2074 3849 2146 prio-

495 2187 588 2227 res
621 2168 802 2224 libros
835 2166 983 2222 alter
1011 2163 1226 2236 excipit
1257 2163 1328 2220 (16
1358 2163 1607 2220 historia
1630 2163 1917 2220 haereseos
1950 2164 2549 2233 Priscillianistarum,
2582 2182 2707 2236 quae
2738 2165 2991 2221 nefanda
3018 2169 3179 2220 secta
3206 2168 3264 2220 S.
3300 2163 3506 2220 Leonis
3534 2179 3640 2219 (svo
3665 2162 3840 2218 multas

498 2256 828 2316 Occidentis
858 2259 1052 2327 partes
1083 2257 1442 2325 corruperat,
1476 2269 1710 2310 summo
1737 2270 1868 2310 cum
1901 2255 2182 2310 dedecore
2211 2253 2595 2310 ecclesiastici
2627 2259 2828 2310 castus.
2851 2253 3284 2326 Quamplurimi
3315 2253 3471 2310 enim
3499 2253 3636 2310 sacri
3666 2269 3842 2325 presu-

496 2350 602 2416 les,
629 2352 687 2404 et
717 2345 970 2402 clericali
1001 2343 1224 2398 militiae
1257 2343 1516 2416 ascripti,
1548 2343 1608 2398 in
1640 2343 1942 2416 Hispania,
1975 2343 2249 2400 Gallaecia
2277 2349 2334 2400 et
2365 2343 2669 2400 Lusitania
2714 2343 2826 2399 hac
2855 2343 3130 2416 pestifera
3158 2341 3292 2399 labe
3335 2342 3776 2415 inquinabantur,
3800 2346 3845 2396 st

497 2445 618 2496 tam
648 2437 1025 2492 vehementer
1053 2431 1400 2489 Priscilliani
1430 2431 1719 2489 institutis
1767 2432 2166 2499 adhaerebant,
2197 2437 2262 2488 ut
2308 2439 2440 2505 post
2469 2437 2771 2488 cruentam
2806 2433 2966 2488 illam
2999 2433 3218 2488 caedem
3250 2449 3429 2504 quam
3463 2429 3782 2488 Priscilliano
3804 2436 3846 2486 et

497 2527 671 2586 sociis
701 2523 987 2580 Maximus
1015 2528 1299 2592 tyrannus
1327 2520 1630 2588 intulerat,
1656 2525 1955 2592 tamquam
2007 2526 2282 2578 sanctum
2313 2527 2371 2578 et
2405 2527 2716 2595 martyrem
2749 2521 2937 2578 colere
2969 2539 3084 2578 non
3125 2521 3641 2578 rsformidaverint.
3673 2521 3844 2574 Horum

499 2617 718 2689 scripta
747 2618 804 2670 et
833 2611 1196 2684 apocrypbas
1223 2610 1566 2682 scripturas,
1600 2628 1714 2666 non
1748 2615 1979 2667 tantum
2011 2611 2069 2665 in
2101 2611 2344 2682 privatis
2367 2612 2638 2667 domibus
2669 2611 3019 2682 retinebant,
3043 2613 3144 2667 sed
3167 2611 3346 2667 etiam
3381 2609 3600 2684 publice
3625 2609 3679 2664 in
3705 2607 3848 2664 eccle—

501 2707 608 2764 siis
638 2706 794 2760 inter
823 2718 993 2758 sacra
1022 2699 1321 2771 mysteria,
1355 2699 1709 2770 quibusdam
1742 2700 1800 2754 in
1833 2699 1979 2756 locis
2009 2699 2304 2772 legebant,
2334 2700 2715 2773 iniquissima
2745 2699 2927 2772 hujus
2957 2704 3128 2756 secta:
3159 2701 3465 2773 dogmata,
3494 2699 3727 2756 maxime.
3748 2712 3851 2752 cum

502 2791 775 2850 catholici
806 2789 1066 2845 nominis
1095 2792 1152 2843 et
1183 2787 1514 2842 animarum
1547 2787 1802 2859 pernicie
1832 2787 2027 2860 palam
2060 2789 2511 2860 profitebantur.
2545 2789 2694 2852 Quid
2727 2789 2946 2856 fecerit,
2979 2789 3119 2861 quid
3151 2787 3492 2862 apostolicis
3520 2787 3664 2845 sedis
3689 2790 3852 2843 aucto-

501 2883 672 2940 ritate
698 2879 1030 2936 faciendum
1058 2876 1476 2948 praescripserit
1503 2880 1554 2930 S.
1591 2876 1851 2947 pontifex
1882 2878 1993 2934 Leo
2023 2877 2082 2932 in
2116 2878 2292 2949 hujus
2319 2878 2608 2935 haereseos
2637 2877 2901 2950 exitium,
2925 2882 2983 2934 et
3002 2877 3163 2934 illius
3193 2877 3476 2950 reliquias
3505 2876 3717 2949 penitus
3743 2875 3853 2930 abo-

502 2971 733 3036 lendas,
768 2985 836 3024 ex
867 2964 1217 3023 certissimis
1249 2965 1646 3021 monumentis
1678 2965 1738 3020 in
1772 2967 1941 3022 tertio
1971 2983 2038 3023 eo
2065 2967 2214 3025 libro
2244 2967 2641 3041 sxplicamus;
2675 2973 2732 3024 st
2770 2968 3132 3024 occurrimus
3163 2968 3446 3024 omnibus
3474 2967 3546 3023 iis
3570 2961 3850 3038 quaestioni-

505 3061 617 3117 bus
649 3073 779 3128 quas
802 3057 929 3128 jam
979 3053 1206 3126 pridem
1239 3071 1272 3109 a
1305 3053 1606 3110 nonnullis
1655 3054 2038 3127 scriptoribus
2091 3057 2356 3113 excitatas
2387 3057 2645 3128 fuerunt,
2676 3056 2764 3114 vel
2813 3057 2970 3113 circa
3016 3058 3271 3130 synodos
3309 3058 3381 3113 de
3409 3057 3467 3112 S.
3500 3055 3691 3112 Leonis
3717 3068 3849 3108 man-

509 3149 646 3204 dato
675 3145 852 3202 variis
881 3144 942 3199 in
971 3143 1114 3200 locis
1145 3147 1397 3213 coactas,
1429 3143 1516 3200 vel
1557 3144 1793 3216 regulas
1841 3147 2156 3202 servandas
2207 3147 2266 3202 in
2319 3147 2527 3203 iisdem
2577 3146 2977 3219 pmnitentiam
3036 3146 3354 3220 agentibus
3406 3140 3850 3218 recipiendis;vel

508 3237 747 3295 tandem
778 3234 933 3290 circa
963 3250 1163 3290 eorum
1215 3234 1559 3306 scripturas,
1596 3251 1744 3307 quas
1789 3235 1897 3291 sub
1945 3236 2340 3293 anathematis
2387 3254 2576 3309 pcena,
2610 3241 2712 3292 aut
2757 3235 2966 3310 legere,
3001 3240 3102 3292 aut
3151 3237 3317 3292 domi
3367 3236 3624 3305 retinere,
3653 3233 3782 3288 idem
3805 3229 3848 3285 S.

509 3326 771 3400 pontifex
797 3324 1062 3380 districts
1090 3323 1364 3380 omnibus
1394 3324 1870 3396 quibuscumque
1902 3327 2120 3398 gradus
2169 3333 2242 3384 et-
2267 3327 2624 3384 conditionis
2656 3326 2994 3382 hominibus
3025 3325 3352 3398 prohibuit.
3385 3326 3534 3395 Haec,
3563 3325 3789 3395 inquam,
3813 3322 3854 3373 et

511 3417 570 3473 id
599 3432 788 3490 genus
817 3413 954 3484 alia,
985 3421 1212 3470 servata
1242 3420 1529 3486 quantum
1562 3415 1866 3488 potuimus
1913 3419 2247 3488 temporum
2280 3417 2523 3485 ratione,
2557 3417 2730 3476 tertio
2759 3416 2870 3473 hoc
2908 3416 3057 3473 libro
3098 3419 3200 3472 aut
3246 3415 3649 3483 delibavimus,
3679 3414 3763 3468 aut
3785 3408 3850 3463 fu-

509 3505 648 3564 siori
679 3505 829 3579 stylo
861 3503 1305 3575 descripsimus,
1338 3505 1824 3578 quotiescumque
1855 3507 2149 3563 contraria
2178 3507 2428 3564 aliorum
2461 3511 2812 3580 argumenta
2840 3510 2896 3564 et
2940 3507 3310 3578 conjecturas
3358 3506 3574 3579 eripere
3600 3507 3690 3560 aut
3723 3495 3852 3556 refel-

512 3596 630 3652 lere
661 3593 832 3650 nobis
863 3609 1011 3665 opus
1041 3592 1171 3648 fuit.

578 3686 740 3741 Hanc
771 3687 964 3738 tamen
997 3681 1208 3753 agendi
1257 3681 1541 3738 rationem
1593 3683 1652 3738 in
1684 3684 1870 3740 tribus
1922 3684 2089 3742 libris
2121 3686 2522 3742 describendis
2573 3685 2903 3742 adhibitam
2956 3685 3199 3741 minime
3246 3700 3482 3742 servare
3528 3681 3787 3756 potuimus
3809 3678 3851 3730 ln

511 3777 720 3848 quarto
753 3771 1021 3842 sequenti
1054 3774 1254 3826 nostro
1286 3770 1455 3839 libro,
1491 3771 1588 3842 qui
1621 3776 1712 3828 est
1758 3773 1827 3829 de
1857 3773 2188 3847 Pelagianis
2218 3777 2274 3832 S.
2307 3775 2517 3832 Leonis
2567 3779 2734 3832 aetate
2763 3775 3170 3849 gliscentibus.
3204 3775 3290 3831 Ob
3344 3773 3558 3831 multas
3603 3783 3784 3828 causas
3805 3765 3855 3820 de

503 3864 622 3947 hac
657 3859 867 3917 haeresi
895 3859 1071 3916 verba
1116 3859 1324 3916 facturi
1357 3860 1650 3918 calamum
1701 3863 1997 3920 continere
2045 3865 2375 3935 debuimus,
2411 3883 2516 3922 nec
2547 3865 2733 3921 ullum
2782 3866 3026 3922 verbum
3083 3865 3267 3921 facere
3302 3865 3374 3921 de
3403 3865 3526 3936 ejus
3571 3859 3778 3930 origine,
3811 3863 3854 3914 et

515 3950 875 4021 auctoribus,
910 3948 1105 4020 pravis
1135 3949 1533 4022 dogmatibus,
1563 3955 1622 4007 et
1651 3951 2037 4025 incremento,
2068 3954 2159 4011 vel
2190 3956 2261 4012 de
2290 3955 2699 4011 Africanorum
2731 3959 2789 4012 et
2816 3953 3205 4012 Orientalium
3241 3954 3484 4027 synodis
3527 3967 3644 4024 quas
3673 3947 3734 4004 ad
3755 3957 3852 4001 eam

515 4056 759 4114 prorsus
790 4039 1276 4110 exstinguendam
1305 4039 1436 4096 aliis
1460 4045 1517 4095 et
1541 4040 1674 4097 aliis
1705 4043 2067 4114 temporibus
2099 4050 2462 4117 congregatas
2494 4045 2748 4101 fuerunt.
2782 4044 3096 4101 Historiam
3128 4042 3283 4100 enim
3321 4043 3491 4109 hanc,
3520 4053 3731 4097 summa
3753 4048 3851 4089 eru-

513 4131 736 4186 ditione
766 4145 883 4200 qua
912 4126 1190 4200 pollebat,
1224 4129 1641 4187 eruditissimis
1667 4132 2107 4189 commentariis
2139 4133 2443 4189 adornavit
2473 4133 2979 4190 eminentissimus
3010 4131 3329 4189 cardinalis
3373 4130 3648 4194 Norisius,
3675 4127 3728 4181 ut
3752 4135 3851 4177 nos-

510 4225 670 4276 trum
703 4235 818 4274 non
851 4222 1119 4288 reputem
1149 4235 1215 4274 eo
1248 4219 1420 4275 modo
1451 4224 1767 4277 retractare
1799 4238 1925 4293 quae
1957 4222 2028 4278 ab
2061 4239 2128 4279 eo
2157 4239 2289 4279 cum
2323 4239 2536 4296 magna
2566 4223 2748 4279 totius
2793 4221 3199 4279 ecclesiastica
3229 4226 3286 4278 et
3319 4220 3606 4278 litterariae
3629 4215 3699 4272 rei
3726 4207 3850 4267 utili-

504 4314 622 4366 tate
643 4310 771 4380 jam
799 4307 1025 4379 pridem
1061 4308 1280 4379 scripta
1311 4309 1490 4365 fuere.
1523 4309 1648 4366 Non
1680 4326 1773 4366 me
1805 4315 1998 4367 tamen
2031 4311 2172 4368 latet
2201 4313 2391 4368 virum
2425 4312 2720 4383 hunc,etsi
2753 4313 3189 4379 doctissimum,
3209 4310 3459 4368 aliorum
3488 4309 3546 4364 in
3577 4302 3752 4362 multis
3775 4313 3852 4353 su-

504 4399 630 4456 bire
661 4413 992 4453 censuram.
1028 4396 1175 4460 Quid
1207 4396 1343 4453 inde
1373 4403 1566 4454 tamen
1587 4399 1615 4454 ?
1643 4403 1755 4455 Res
1785 4401 1941 4456 enim
1974 4401 2216 4458 minime
2245 4403 2458 4471 dubiae,
2492 4403 2844 4474 quandoque
2875 4402 2934 4457 in
2959 4401 3214 4458 medium
3252 4400 3510 4473 prolatas,
3543 4396 3760 4453 aliorum
3783 4403 3854 4442 ar-

507 4486 806 4561 gumentis
836 4484 1216 4541 contentiosis
1247 4485 1458 4541 dubias
1491 4486 1614 4541 fieri
1645 4503 1817 4558 posse
1851 4489 2044 4546 Cicero
2077 4491 2410 4558 affirmavit,
2444 4490 2819 4562 potissimum
2853 4489 2901 4546 si
2933 4487 3366 4561 disputationes
3396 4488 3470 4544 ab
3499 4486 3568 4542 iis
3596 4481 3851 4539 instituan-

503 4585 601 4634 tur
631 4577 730 4648 qui
763 4579 864 4631 aut
895 4591 1089 4630 rerum
1123 4575 1338 4631 cortice
1369 4576 1675 4632 dumtaxat
1701 4577 2090 4646 delectantur,
2125 4585 2244 4648 aut,
2279 4580 2458 4637 nimis
2490 4581 2884 4652 przejudicatis
2933 4579 3314 4652 opinionibus
3365 4577 3648 4634 adhaerere
3689 4566 3844 4623 volen-

502 4671 612 4736 tes,
645 4682 850 4722 averae
879 4665 1178 4736 sapientiae
1231 4665 1448 4738 regulis
1500 4664 1874 4724 abhorreani.
1916 4669 2120 4740 Itaque
2169 4671 2229 4725 in
2279 4677 2486 4742 quarto
2521 4670 2630 4726 hoc
2679 4669 2826 4725 libro
2875 4685 2944 4726 ea
2993 4670 3299 4724 dumtaxat
3349 4665 3492 4722 mihi
3539 4652 3844 4734 expedienda

504 4755 804 4827 assumpsi
837 4771 964 4824 quas
999 4755 1068 4809 ad
1117 4753 1489 4826 Pelagianam
1539 4754 1849 4812 historiam
1879 4761 1935 4814 S.
1967 4759 2176 4815 Leonis
2225 4763 2487 4831 tempore
2536 4758 2878 4832 gliscentem
2929 4758 3243 4830 pertinent.
3276 4757 3420 4812 Cum
3469 4751 3712 4809 videlicet
3749 4749 3845 4798 tum

497 4843 719 4902 Juliani
749 4841 1087 4899 Eclansnsis
1117 4844 1376 4917 episcopi
1410 4844 1681 4917 praesidio
1713 4850 1770 4900 et
1817 4845 2297 4904 institutionibus
2347 4849 2524 4905 latius
2557 4866 2659 4921 per
2703 4847 3083 4920 Campaniam
3117 4845 3383 4918 aliasque
3431 4841 3601 4899 Italia
3631 4834 3846 4921 regioni"8

506 4936 760 5004 cmperat
789 4932 1068 5004 grassari.
1102 4933 1244 4998 Quis
1277 4933 1431 4989 enim
1463 4934 1691 5007 ignorat
1720 4937 1770 4992 S.
1807 4935 2054 4993 Leonem
2085 4937 2275 4994 adhuc
2308 4917 2582 4996 Romanas
2607 4917 2877 4996 Ecclesiae
2902 4938 3214 4994 diaconum
3239 4917 3456 4992 multos
3478 4933 3699 4988 conatus
3723 4917 3848 5013 adhi-

503 5022 708 5079 buisse
757 5026 821 5076 ut
865 5022 1140 5093 pestifera
1187 5023 1288 5078 illa
1334 5006 1564 5080 soboles
1615 5023 1943 5082 divinorum
1989 5027 2276 5083 donorum
2325 5027 2567 5084 inimica
2614 5027 3139 5101 exstinguerstur?
3172 5026 3238 5082 In
3287 5040 3401 5097 quo
3449 5006 3845 5101 propositopsibi

503 5128 681 5185 scopo
715 5127 846 5166 cum
880 5111 1256 5183 perstitisset,
1291 5113 1348 5168 in
1382 5114 1508 5169 dies
1553 5115 1743 5188 magis
1775 5115 1936 5173 illius
1981 5117 2244 5173 studium
2273 5119 2344 5173 ad
2381 5118 2544 5175 illam
2595 5099 2940 5175 abolendam
2995 5116 3359 5187 augebatur;
3395 5116 3450 5168 et
3478 5115 3596 5166 tum
3622 5099 3844 5161 maxime,

503 5219 636 5258 cum
670 5203 739 5257 ad
775 5201 1163 5257 universalem
1195 5203 1505 5259 Ecclesiam
1539 5205 1854 5276 regendam
1900 5211 2265 5278 assumptus,
2299 5210 2495 5276 verbo,
2531 5207 2788 5280 scriptis,
2821 5206 3019 5281 gestis,
3048 5204 3215 5261 miris
3268 5207 3325 5260 et
3352 5200 3523 5258 variis
3553 5191 3720 5252 modis
3745 5199 3845 5282 grti-

497 5293 628 5348 vius
659 5309 757 5348 eos
788 5291 1062 5347 insectari
1095 5291 1288 5363 coepit,
1319 5294 1502 5349 donec
1533 5293 1631 5349 alii
1666 5298 1967 5366 tamquam
2000 5297 2350 5368 poenitentes
2404 5300 2474 5354 ad
2509 5298 2773 5356 Ecclesiae
2826 5313 3028 5370 pacem
3061 5299 3119 5352 et
3168 5288 3679 5351 reconciliationem
3714 5289 3845 5333 vent-

499 5389 667 5450 rent;
703 5380 800 5438 alii
831 5398 986 5452 vero,
1019 5381 1454 5450 obstinatiores,
1487 5383 1902 5441 ecclesiasticis
1933 5389 2198 5444 censuris
2231 5389 2759 5461 obstringerentur,
2794 5386 3166 5444 clericalibus
3216 5379 3552 5440 ministeriis
3599 5373 3848 5461 privaren-

499 5475 614 5542 tur,
641 5469 726 5526 vel
761 5471 952 5527 exsilii
986 5487 1215 5542 poenam
1250 5471 1532 5528 subirent.
1567 5473 1818 5530 Victoria
1848 5474 1968 5531 haec
1995 5477 2066 5533 de
2087 5477 2296 5534 divinae
2326 5453 2526 5552 gratiae
2549 5453 2818 5536 hostibus
2850 5481 3015 5551 parta
3043 5480 3206 5532 tanto
3238 5473 3424 5546 magis
3455 5464 3614 5525 Leoni
3640 5453 3847 5552 gloriosa

496 5557 627 5629 fuit,
664 5565 882 5631 quanto
915 5561 1266 5628 diuturnior,
1301 5577 1432 5616 cum
1486 5563 1543 5617 in
1590 5564 1835 5636 reliquis
1883 5566 2194 5623 duodecim
2245 5547 2356 5624 sui
2387 5570 2762 5640 pontiﬁcatus
2805 5547 2977 5624 annis
3028 5565 3222 5638 palam
3271 5561 3496 5626 saltem,
3528 5547 3840 5622 Pelagianum

499 5646 714 5720 dogma
745 5650 901 5706 intra
931 5656 1142 5706 nostrae
1174 5650 1350 5708 Italia.-
1381 5650 1618 5726 limites,
1654 5654 1909 5727 amplius
1941 5661 2258 5715 sectatores
2287 5657 2372 5715 vel
2403 5666 2867 5734 propugnatores
2905 5673 3021 5715 non
3051 5655 3343 5712 habuerit.
