3986 6172
192 199 283 259 781
1670 188 1766 249 PR

2003 190 2090 252 '10
3454 200 3577 263 782

242 327 321 385 Illi
349 331 547 383 tamen
582 323 784 380 durior
812 337 1010 395 pugna
1038 324 1097 377 et
1126 321 1336 377 melior
1362 320 1606 375 victoria
1637 320 2095 392 prteludebatur,
2130 323 2202 379 ob
2236 341 2444 379 novam
2496 324 2764 380 haeresim
2813 325 3261 397 Eutychianam,
3289 343 3446 384 anno
3473 329 3581 383 448

182 412 658 487 Constantinopoli
692 418 902 477 ortam,
934 412 1105 482 cujus
1136 410 1443 482 originem,
1476 410 1932 482 progressiones.
1967 412 2242 482 facinora,
2278 413 2667 469 Ecclesiarum
2702 415 3576 487 subversiones,scandala,fau-

178 515 312 562 tores
340 506 656 577 principes,
687 505 1170 574 propugnatores,
1203 503 1258 555 et
1287 500 1571 569 vindices,
1604 505 1660 556 et
1689 504 1899 557 caetera
1930 501 2106 570 mala,
2141 519 2267 573 quae
2299 503 2357 557 in
2391 503 2607 559 Christi
2640 504 2941 575 religionis
2991 505 3193 559 odium
3228 509 3404 577 atque
3435 523 3574 562 con-

172 600 442 669 temptum
475 593 865 663 contigerunt,
898 591 957 645 in
990 590 1222 647 duobus
1254 590 1563 661 postremis
1596 590 1806 645 harum
1843 596 2173 647 nostrarum
2198 594 2689 648 Exercitationum
2725 592 2912 660 libris,
2952 609 3052 665 pro
3104 595 3290 649 nostri
3344 595 3570 668 ingenii

168 686 454 750 tenuitate,
488 700 555 739 ex
586 680 854 737 Leoninis
884 680 1120 750 scriptis
1153 679 1647 750 expressimusln
1676 679 1766 734 his
1792 697 1960 751 porro
1989 680 2153 735 libris
2186 683 2625 737 conscribendis
2659 682 3034 754 potissimum
3069 684 3238 739 nobis
3272 687 3565 755 agendum

164 776 263 831 fuit
290 775 357 829 de
388 774 576 828 forma
601 775 657 825 et
686 768 1270 839 ordinejudiciorum
1302 767 1717 823 canonicorum
1752 768 2038 839 Ecclesiae,
2076 787 2202 840 quae
2236 771 2489 825 haeretici
2516 775 2572 825 et
2604 771 2931 826 novitatum
2962 777 3254 828 amatores
3287 774 3564 829 omnibus

159 865 454 921 conatibus
484 866 738 917 evertere
761 858 874 914 nisi
904 861 1067 925 sunt,
1099 862 1163 913 ut
1196 857 1583 913 universalem
1618 858 1992 930 potissimum
2023 860 2356 931 apostolicae
2390 861 2547 915 sedis
2598 861 3003 916 auctoritatem
3056 866 3113 916 et
3164 862 3560 932 majestatem,

157 960 252 1009 aut
280 967 519 1025 prorsus
551 948 888 1020 dejicerent,
922 952 1025 1003 aut
1056 946 1263 1002 saltem
1298 946 1611 1003 elevarent.
1643 948 1928 1011 Quoniam
1960 964 2094 1003 vero
2128 950 2372 1005 istorum
2408 950 2714 1004 hominum
2750 950 2961 1021 agendi
2995 950 3138 1005 ratio
3169 967 3236 1005 ea
3263 951 3373 1006 fuit
3402 968 3557 1006 sem-

152 1061 265 1115 per,
299 1043 357 1097 in
388 1041 513 1096 suis
546 1036 1064 1111 congressionibus
1094 1036 1293 1091 omnia
1324 1037 1735 1107 susquedeque
1765 1042 2009 1105 vertere,
2042 1039 2111 1093 ad
2146 1038 2408 1093 fallacias
2442 1044 2497 1094 et
2527 1039 3013 1110 zequivocationes
3048 1056 3377 1110 provocare,
3413 1044 3469 1094 et
3489 1056 3558 1096 ea

155 1150 274 1204 quas
304 1134 443 1187 sunt
467 1128 621 1200 juris
653 1132 706 1183 et
742 1125 875 1181 facti
907 1125 1084 1180 simul
1119 1126 1493 1193 contundere,
1530 1130 1593 1180 ut
1633 1143 1842 1181 novam
1875 1126 2123 1182 formam
2157 1133 2212 1182 et
2242 1128 2507 1183 ordinem
2549 1128 2929 1183 ecclesiastici
2979 1128 3284 1199 regiminis
3333 1129 3558 1184 consti-

148 1226 329 1285 tuant,
364 1222 575 1291 praeter
601 1232 731 1272 eam
764 1231 937 1286 quam
973 1214 1241 1269 Christus
1271 1214 1557 1270 Dominus
1588 1215 1646 1269 in
1678 1216 1850 1270 terris
1882 1216 2158 1286 ﬁrmavit,
2203 1233 2500 1289 quamque
2532 1216 2780 1287 apostoli
2811 1222 2865 1273 et
2924 1217 3133 1272 horum
3186 1234 3555 1274 successores

146 1312 555 1374 servaverunt;
589 1306 805 1361 idcirco
835 1304 907 1359 ad
941 1319 1091 1358 nova
1121 1307 1177 1359 et
1208 1304 1515 1375 peregrina
1546 1303 1795 1359 aliorum
1828 1308 2151 1376 systemata
2182 1304 2499 1360 refellenda
2530 1310 2585 1361 et
2614 1307 2925 1361 evertenda
2954 1306 3098 1361 nihil
3130 1306 3427 1362 efﬁcacius
3460 1308 3558 1362 ha-

146 1401 261 1457 beri
292 1395 647 1463 existimavi,
692 1410 873 1466 quam
904 1394 1260 1465 pedetentim
1289 1397 1347 1447 et
1377 1392 1721 1462 diligentius
1751 1394 2136 1449 Orientalium
2156 1394 2565 1466 episcoporum
2598 1398 2654 1450 et
2677 1394 2794 1450 divi
2827 1395 3034 1450 Leonis
3067 1400 3228 1467 gesta
3256 1397 3553 1468 prosequi,

143 1492 209 1545 ad
242 1488 428 1544 tutius
461 1491 518 1542 ct
548 1484 793 1539 uberius
826 1498 1021 1537 rerum
1055 1482 1330 1536 veritates
1362 1482 1631 1537 erendas.

211 1580 288 1634 Ex
316 1592 495 1649 scopo
517 1574 701 1647 igitur
726 1571 978 1643 quemin
1005 1570 1163 1625 hisce
1184 1571 1416 1626 duobus
1439 1570 1605 1627 libris
1639 1571 2080 1627 conscribendis
2105 1571 2248 1625 mihi
2276 1572 2715 1643 proposui,jam
2751 1577 2889 1645 puto
2921 1573 3213 1629 neminem
3248 1573 3392 1628 mihi
3418 1591 3557 1630 suc-

138 1684 369 1723 censere
400 1680 593 1736 posse,
630 1662 678 1718 si
706 1662 779 1716 ad
810 1661 1099 1715 trutinam
1136 1660 1397 1715 revocavi
1431 1658 1905 1732 quamplurimas
1935 1677 2005 1715 ex
2036 1660 2105 1715 iis
2140 1660 2564 1733 quaestionibus
2597 1678 2743 1732 quas
2776 1663 2889 1731 iam
2924 1661 3148 1731 pridem
3181 1662 3277 1717 alii
3309 1663 3555 1735 scripto-

134 1774 225 1813 res
256 1755 919 1822 instituerunt,quzsque
945 1748 1303 1819 quibusdam
1329 1749 1513 1804 nostri
1534 1750 1638 1805 aevi
1659 1748 1858 1804 sciolis
1887 1751 1980 1804 vix
2011 1766 2210 1804 earum
2235 1754 2721 1821 argumentorum
2755 1766 3022 1806 summas
3054 1751 3386 1823 legentibus
3422 1752 3555 1807 ideo

137 1846 368 1903 omnino
400 1844 644 1915 ingratas
677 1838 930 1907 sunt,vel
962 1839 1099 1909 quia
1130 1842 1469 1893 nostrorum
1504 1839 1974 1894 adversariorum
2009 1839 2412 1910 przejudicatis
2443 1847 2497 1894 et
2533 1839 2697 1894 falsis
2729 1839 3106 1910 opinionibus
3129 1841 3255 1910 jam
3288 1842 3555 1897 tenacius

143 1937 528 1998 adhaeserunt,
556 1931 647 1986 vel
679 1930 818 2001 quia
848 1944 1009 1983 arma
1040 1926 1152 1982 sibi
1184 1927 1415 1999 praeripi
1438 1934 1800 2000 cognoscunt
1828 1929 1900 1983 ad
1934 1945 2114 1984 novas
2147 1945 2239 1983 res
2271 1935 2477 1984 contra
2507 1930 2706 1985 sedem
2742 1928 3133 2001 apostolicam,
3167 1934 3222 1985 et
3254 1929 3429 1986 istius
3451 1931 3555 2002 ju-

144 2025 419 2079 diciorum
452 2035 664 2091 genera
692 2015 1038 2073 moliendae.
1072 2015 1188 2070 Nec
1219 2015 1373 2069 enim
1408 2015 1748 2085 hujusmodi
1784 2017 2138 2087 quaestiones
2171 2016 2460 2087 praeterire
2492 2022 2776 2088 poteram,
2809 2022 2865 2072 et
2904 2018 2961 2071 in
2992 2017 3063 2072 iis
3114 2018 3547 2089 pertractandis

144 2131 229 2169 eas
258 2110 706 2182 congressiones
737 2122 1080 2178 przecavere,
1113 2103 1198 2159 vel
1234 2105 1303 2159 ab
1334 2105 1407 2160 iis
1440 2106 1649 2160 saltem
1681 2105 1931 2172 resilire,
1963 2123 2089 2177 qua:
2123 2123 2192 2161 ex
2219 2106 2473 2161 Leonino
2508 2094 2667 2162 textu
2700 2112 2757 2161 et
2788 2106 2969 2178 gestis
3002 2107 3283 2162 violenter
3314 2113 3370 2163 et
3401 2107 3547 2163 falso

151 2222 180 2258 a
203 2201 551 2274 quibusdam
580 2196 977 2268 interpretatis
1010 2195 1365 2249 oriebantur.
1399 2194 1747 2265 Cujusmodi
1775 2202 1915 2250 sunt
1948 2195 2057 2250 illae
2090 2213 2215 2267 quae
2248 2196 2319 2251 de
2352 2196 2799 2267 provincialium
2831 2196 2919 2251 vel
2954 2196 3342 2267 generalium,
3376 2214 3549 2269 syno-

155 2294 339 2347 dorum
374 2289 719 2345 auctoritate
750 2284 1163 2350 instituuntur,
1195 2300 1322 2354 qua:
1351 2282 1771 2355 appellationes
1803 2286 1875 2339 ad
1919 2284 2300 2355 apostolicam
2327 2286 2525 2340 sedem
2579 2286 2757 2340 factas
2805 2284 3113 2357 perspicue
3162 2285 3548 2356 patefaciunt,

153 2400 261 2453 qua:
286 2382 359 2436 de
391 2394 695 2435 sacrorum
727 2391 1021 2430 canonum
1054 2373 1518 2442 conﬁrmatione,
1553 2375 1993 2429 conservatione
2024 2381 2080 2429 et
2113 2375 2657 2445 dispensationibus
2691 2378 3146 2445 pertractantur,
3180 2391 3307 2445 quae
3360 2375 3429 2431 de
3458 2393 3554 2431 ca-

152 2471 359 2527 nonicis
386 2467 574 2541 poenis
603 2470 660 2521 et
691 2466 901 2519 harum
932 2462 1391 2518 relaxationibus
1423 2462 1509 2517 vel
1543 2463 2036 2519 reservationibus
2069 2471 2613 2536 recensentur,quaa
2640 2464 2875 2518 tandem
2908 2479 3184 2534 suprema
3221 2463 3555 2534 apostolicae

150 2560 288 2615 sedis
320 2556 522 2612 divina
552 2559 610 2609 et
639 2552 1037 2609 ecclesiastica
1061 2552 1219 2622 jura,
1251 2556 1553 2623 tantOpere
1584 2552 1643 2606 in
1676 2553 2053 2623 generalibus
2079 2552 2317 2624 synodis
2352 2557 2643 2619 venerata,
2672 2558 2728 2607 et
2774 2569 3009 2608 summa
3057 2558 3397 2607 sanctorum
3443 2553 3550 2607 Pa-

146 2656 287 2703 trum
321 2643 709 2702 consensione
742 2640 1073 2714 praedicata,
1107 2641 1187 2695 ita
1217 2640 1473 2712 produnt
1503 2645 1559 2695 et
1588 2640 1896 2712 explicant,
1932 2645 1997 2694 ut
2031 2641 2089 2695 in
2122 2640 2369 2695 dubium
2404 2658 2437 2695 a
2467 2657 2621 2696 sana:
2667 2640 2881 2695 mentis
2923 2640 3267 2695 hominibus
3300 2640 3559 2696 revocari

144 2753 246 2793 non
276 2734 533 2809 possint.
567 2736 729 2787 Certe
771 2730 977 2785 Leonis
1009 2735 1173 2802 gesta
1205 2746 1271 2785 ex
1303 2729 1687 2785 Orientalium
1713 2730 2103 2785 Ecclesiarum
2128 2730 2323 2784 causis
2354 2728 2728 2801 Eutychianac
2757 2728 3041 2784 hmreseos
3075 2728 3381 2784 occasione
3406 2729 3557 2784 deri-

139 2826 297 2893 vatis,
330 2828 496 2880 tanto
526 2827 749 2877 cmteris
770 2824 1045 2893 praestare
1075 2819 1347 2887 arbitror,
1384 2825 1603 2891 quanto
1646 2820 1705 2874 in
1736 2818 2150 2875 ecclesiasticis
2200 2820 2375 2874 rebus
2406 2817 2894 2874 administrandis
2943 2817 3132 2889 ipsius
3179 2834 3552 2875 successores

136 2921 434 2986 tamquam
460 2912 919 2982 antesignanum
952 2909 1120 2965 illum
1154 2925 1385 2979 semper
1414 2909 1748 2964 habuerunt
1768 2914 1825 2963 et
1849 2909 2068 2963 imitari
2099 2909 2456 2964 studuerunt
2482 2925 2495 2975 ;
2526 2908 2599 2963 ab
2631 2908 2758 2979 ipso
2779 2907 3045 2964 videlicet
3068 2908 3446 2963 desumentes
3478 2924 3545 2965 ea

134 3003 519 3071 fortitudinis,
551 3000 853 3073 sapientiae
886 3003 941 3054 et
971 2998 1292 3070 prudentia:
1324 2999 1610 3070 exempla,
1637 2999 1851 3070 quibus
1884 3003 1938 3053 et
1978 2998 2387 3053 haereticorum
2428 2999 2761 3069 frangerent
2792 2997 3401 3068 pertinaciam,sa:culi
3435 3015 3546 3070 po-

132 3098 365 3151 testates
396 3093 457 3148 in
489 3090 758 3146 Ecclesiae
790 3088 1129 3160 praesidium
1162 3093 1491 3159 quaererent
1522 3093 1579 3143 et
1609 3093 1905 3157 vocarent,
1948 3092 2012 3142 ut
2051 3088 2264 3143 amotis
2309 3088 2584 3142 omnibus
2633 3086 2908 3158 periculis
2957 3092 3013 3142 et
3061 3086 3542 3155 adversitatibus,

129 3183 455 3254 expeditius
487 3182 559 3237 de
590 3178 723 3235 fidei
754 3184 811 3233 et
831 3176 1221 3233 Ecclesiarum
1256 3177 1506 3247 negotiis
1529 3177 1882 3247 judicarent.
1920 3177 2048 3231 Haec
2075 3194 2211 3247 ergo
2244 3181 2384 3231 sunt
2414 3177 2483 3230 de
2514 3176 2730 3247 quibus
2762 3176 2820 3229 in
2852 3176 3063 3231 horum
3097 3193 3198 3232 sex
3245 3177 3529 3232 librorum

129 3272 418 3327 vestibulo
450 3285 543 3325 me
576 3266 803 3341 prefari
830 3266 1088 3338 oportuit
1116 3266 1189 3320 ad
1222 3270 1485 3320 nostrum
1515 3264 1789 3320 lectorem
1821 3265 2280 3320 admonendum.
2312 3265 2419 3319 Sed
2452 3264 2687 3319 interim
2722 3265 2957 3319 tandem
2990 3265 3061 3319 ad
3113 3281 3181 3321 ea
3210 3265 3541 3336 recogitans

131 3379 248 3433 qua
281 3363 346 3417 in
381 3362 544 3416 hisce
575 3376 674 3415 sex
702 3356 871 3412 libris
902 3356 1192 3429 congessi,
1226 3356 1370 3410 mihi
1404 3356 1728 3427 persuadeo
1760 3356 2005 3411 minime
2027 3356 2331 3410 defuturos
2355 3354 2581 3425 aliquos
2606 3355 2730 3425 qui,
2764 3354 2941 3409 nimis
2977 3355 3338 3425 frequentem
3368 3356 3544 3425 hujus

128 3453 306 3507 nostri
340 3450 627 3520 temporis
658 3446 890 3503 critices
920 3450 1106 3501 artem
1140 3449 1477 3517 sequentes,
1512 3448 1567 3499 et
1596 3460 1695 3499 eos
1726 3444 2101 3516 potissimum
2135 3444 2236 3515 qui
2280 3460 2475 3498 rerum
2525 3442 2833 3514 speciebus
2883 3444 3192 3499 dumtaxat
3222 3443 3549 3511 adhaerent,

126 3540 269 3596 male
300 3542 382 3596 de
410 3540 521 3595 hoc
552 3542 747 3593 nostro
780 3534 1199 3607 qualicumque
1232 3534 1428 3589 labore
1452 3534 1826 3604 judicabunt.
1862 3534 2009 3597 Quia
2040 3550 2156 3588 non
2180 3538 2378 3588 omnia
2408 3533 2466 3588 S.
2492 3532 2786 3611 pontifiqis
2816 3538 2984 3605 gesta
3018 3533 3077 3587 in
3111 3534 3216 3589 hoc
3248 3532 3549 3589 volumine

122 3630 422 3701 explicata
451 3632 617 3694 sunt,
638 3642 773 3681 cum
806 3624 990 3681 multa
1021 3624 1214 3679 adhuc
1246 3624 1655 3679 desiderentur
1686 3640 1813 3695 quae
1845 3624 1916 3679 ad
1942 3622 2333 3679 Ecclesiarum
2362 3622 2741 3691 Mauritaniae,
2775 3622 3124 3691 Galliarum,
3153 3623 3553 3679 Narbonensis

123 3717 419 3785 videlicet,
450 3722 506 3772 et
538 3713 920 3784 Arelatensis,
946 3712 1037 3767 vel
1067 3712 1294 3779 Siciliae,
1329 3716 1386 3767 et
1410 3710 1589 3768 Italiae
1620 3728 1711 3767 res
1745 3713 2054 3783 pertinent,
2090 3728 2342 3784 quarum
2372 3710 2743 3781 disciplinam
2779 3710 3100 3783 collapsam
3132 3712 3259 3783 ipse
3292 3713 3419 3767 suis
3451 3714 3555 3767 de-

134 3808 309 3863 cretis
347 3822 618 3878 reparare
649 3809 825 3875 atque
855 3803 1089 3857 firmare
1124 3801 1290 3857 nisus
1323 3807 1447 3871 est;
1482 3818 1581 3856 eas
1613 3819 1823 3873 pravas
1854 3802 2314 3858 consuetudines
2357 3800 2773 3871 proscribendo
2806 3818 2933 3872 qua
2989 3801 3289 3856 canonicis
3339 3801 3559 3873 regulis

134 3897 571 3969 repugnabant,
604 3897 662 3950 et
692 3894 749 3948 in
780 3892 1035 3947 dedecus
1064 3890 1379 3946 Christiani
1412 3891 1689 3956 nominis,
1724 3908 2025 3945 sacrorum
2060 3892 2283 3945 rituum
2315 3895 2740 3961 contemptum,
2774 3897 2831 3945 et
2866 3890 3155 3946 clericalis
3205 3891 3451 3958 militias,
3504 3896 3561 3946 et

134 3987 371 4041 ordinis
397 3982 817 4041 contumeliam
850 3997 1095 4052 prorsus
1127 3981 1552 4035 redundabant.
1578 3985 1648 4035 At
1673 3982 1904 4051 culpam
1938 3981 2135 4051 procul
2170 3998 2202 4035 a
2239 3996 2329 4035 me
2358 3996 2487 4035 esse
2518 3980 2626 4034 hac
2658 3978 2783 4034 sola
2813 3981 2883 4034 de
2914 3996 3112 4048 causa,
3144 3985 3270 4034 tum
3302 3980 3556 4035 volumi-

131 4073 314 4130 minis
349 4074 555 4129 titulus
582 4070 946 4127 sufficienter
976 4070 1253 4140 ostendit,
1288 4074 1411 4123 tum
1445 4069 1912 4124 clarissimorum
1944 4070 2204 4123 virorum
2238 4068 2502 4140 exempla
2533 4068 2912 4138 patefaciunt.
2948 4068 3076 4121 Hwe
3106 4067 3263 4121 enim
3291 4068 3363 4121 ad
3397 4066 3558 4121 aliud

122 4162 321 4218 otium
364 4162 713 4219 reservanda
743 4175 873 4215 esse
904 4158 1147 4227 credidi,
1183 4175 1253 4213 ne
1282 4164 1443 4213 extra
1474 4158 1807 4229 propositos
1839 4164 2095 4229 quatuor
2127 4158 2363 4212 illarum
2398 4158 2686 4211 haeresum
2721 4156 2938 4209 limites
2982 4172 3244 4227 vagarer.
3297 4158 3557 4221 Quorum

124 4255 365 4323 pariter
394 4268 707 4310 censuram
740 4250 983 4305 minime
1014 4250 1159 4305 forte
1192 4254 1391 4319 potero
1418 4250 1697 4322 effugere,
1729 4250 1774 4304 si
1807 4249 2096 4321 quasdam
2130 4248 2372 4319 phrases
2406 4253 2461 4302 et
2488 4247 2766 4317 loquendi
2797 4248 3003 4302 modos
3033 4247 3351 4313 offendant,
3411 4264 3560 4319 quas

122 4340 264 4413 ipsi,
302 4348 620 4415 tamquam
653 4338 1095 4396 delicatioribus
1125 4339 1370 4394 auribus
1403 4339 1700 4403 instructi,
1735 4338 1935 4394 minus
1967 4344 2135 4409 aptas
2168 4338 2226 4391 in
2253 4336 2413 4391 hisce
2448 4336 2593 4391 meis
2624 4336 2888 4408 legendis
2920 4336 3445 4393 Exercitationibus
3476 4343 3560 4392 ta-

122 4432 385 4499 xabunt,
418 4431 506 4486 vel
539 4430 590 4485 si
622 4429 766 4484 mihi
800 4428 1265 4499 adjudicaverint
1296 4428 1562 4494 quaedam
1592 4427 2023 4499 typographicaa
2056 4426 2197 4482 artis
2218 4432 2566 4497 errata,qua3
2600 4428 2947 4499 quandoque
2970 4428 3029 4482 in
3054 4444 3152 4483 eas
3174 4427 3560 4499 irrepserunt.

123 4518 243 4575 llos
279 4526 490 4576 autem
523 4518 673 4575 scire
703 4516 999 4584 volumus,
1031 4533 1139 4571 nos
1166 4533 1281 4571 non
1313 4516 1614 4571 rhetorum
1636 4516 1979 4572 methodum
2012 4520 2070 4571 et
2099 4521 2282 4571 artem
2316 4532 2443 4571 esse
2473 4518 2847 4586 secutos,sed
2872 4516 3017 4571 illud
3049 4517 3343 4571 scribendi
3376 4532 3563 4586 genus

123 4610 291 4678 quod
339 4611 401 4665 in
432 4606 827 4664 familiaribus
860 4606 1365 4678 disputationibus
1395 4606 1681 4662 habendis
1715 4623 1889 4662 usum
1920 4606 2177 4661 obtinuit
2202 4626 2215 4675 ;
2240 4611 2416 4679 atque
2447 4624 2480 4662 a
2512 4608 2804 4679 praeterito
2832 4606 3023 4661 hieme
3056 4606 3127 4660 ad
3171 4607 3276 4660 hoc
3328 4610 3562 4677 tempus

128 4713 333 4769 usque
367 4698 625 4770 quadam
659 4695 962 4751 oculorum
1005 4694 1357 4766 lippitudine
1388 4694 1708 4763 laborasse,
1740 4712 1857 4767 qua
1888 4695 2125 4750 adducti
2162 4696 2381 4751 fuimus
2414 4695 2661 4751 aliorum
2687 4712 2865 4766 opera
2891 4695 2940 4749 ei
2975 4692 3265 4748 industria
3312 4694 3395 4747 uti
3428 4710 3563 4749 cum

129 4784 188 4840 in
219 4787 639 4843 exscribendis
669 4802 794 4856 quae
826 4785 885 4838 in
910 4784 1019 4839 hoc
1048 4785 1341 4839 volumine
1373 4791 1651 4857 congesta
1682 4790 1846 4853 sunt,
1872 4790 1997 4840 tum
2032 4786 2091 4839 in
2124 4785 2333 4840 horum
2367 4786 2519 4857 typis
2551 4783 3035 4855 recognoscendis
3068 4787 3123 4837 et
3182 4782 3560 4855 castigandis.

137 4872 572 4932 Verumtamen
606 4876 665 4929 in
698 4874 769 4929 iis
793 4873 1069 4929 omnibus
1100 4875 1316 4944 quibus
1350 4874 1631 4930 lectorum
1670 4876 1934 4930 animum
1966 4874 2197 4947 explere
2227 4875 2506 4929 hactenus
2539 4874 2693 4928 haud
2729 4872 2912 4943 potui,
2963 4871 3192 4927 veniam
3243 4873 3390 4927 mihi
3440 4872 3565 4927 dari

157 4975 260 5029 oro,
293 4971 355 5021 et
387 4966 925 5034 obtestor,sperans
948 4963 1351 5034 opportuniori
1381 4966 1497 5019 otio
1517 4981 1761 5019 manum
1795 4964 1990 5019 siatim
2027 4964 2291 5034 posthaec
2314 4964 2619 5018 admovere
2650 4962 2719 5016 ad
2754 4961 3094 5016 excudenda
3114 4961 3311 5017 omnia
3341 4962 3398 5016 S.
3421 4979 3563 5034 pon-

160 5047 317 5108 tificis
350 5054 597 5125 scripta,
630 5056 686 5107 et
716 5051 945 5122 reliqua
974 5058 1355 5108 monumenta
1390 5054 1459 5108 ad
1487 5053 1683 5124 ipsum
1716 5052 2089 5123 pertinentia,
2115 5069 2240 5122 quia
2265 5053 2390 5121 jam
2423 5051 2647 5121 pridem
2681 5048 2909 5121 collegi,
2940 5054 2996 5105 et
3027 5052 3099 5105 ad
3146 5052 3303 5107 varia
3335 5068 3478 5107 mss.
3513 5058 3568 5105 et

170 5139 305 5196 edita
329 5141 690 5213 exemplaria
721 5139 1176 5212 diligentissime
1208 5143 1392 5213 exegi.
1426 5142 1700 5205 Quaenam
1734 5141 1967 5196 tandem
1999 5146 2056 5195 et
2087 5141 2257 5211 cujus
2288 5139 2516 5210 generis
2549 5139 2667 5193 sint
2696 5155 2843 5193 nova
2872 5138 2975 5194 illa
3006 5144 3385 5195 monumenta
3441 5155 3567 5209 quas

177 5230 376 5291 publici
402 5229 565 5302 juris
600 5230 789 5286 facere
816 5228 1112 5301 polliceor,
1144 5229 1234 5284 vel
1266 5246 1333 5284 ex
1366 5231 1582 5301 quibus
1615 5229 1873 5285 fontibus
1906 5229 2007 5285 illa
2050 5228 2262 5284 hausta
2312 5227 2547 5298 fuerint,
2599 5228 2931 5283 rationabili
2982 5230 3304 5284 mconomia
3335 5227 3391 5281 in
3426 5244 3569 5297 prae-

176 5327 290 5375 iens
324 5320 608 5390 reticebo,
643 5320 714 5375 de
745 5319 973 5389 iisdem,
1008 5318 1123 5374 Deo
1156 5318 1501 5390 opitulante,
1537 5320 1593 5374 in
1623 5319 1866 5375 alterius
1892 5320 2035 5374 tomi
2070 5319 2409 5391 praefatione
2438 5319 2611 5373 verba
2645 5320 2926 5375 facturus.
2959 5319 3224 5390 Spondeo
3258 5317 3366 5371 hoc
3390 5332 3571 5370 unum

176 5404 490 5478 dumtaxat,
528 5409 689 5465 omni
722 5425 898 5481 opera
925 5414 1267 5464 curaturum
1303 5415 1367 5465 ut
1398 5415 1658 5481 tempore
1691 5414 1749 5465 et
1781 5409 1978 5465 labore
2022 5427 2147 5480 quae
2195 5408 2387 5463 Graece
2427 5413 2483 5462 et
2532 5407 2734 5464 Latine
2772 5410 2926 5481 typis
2976 5408 3117 5483 mihi
3152 5405 3577 5461 committenda

174 5505 507 5575 Supersunt,
545 5500 769 5569 absque
800 5498 917 5553 ullo
948 5498 1090 5553 vitio
1120 5497 1309 5553 lucem
1337 5498 1644 5570 aspiciant.
1682 5500 1805 5563 Qua
1835 5498 2139 5570 diligentia
2172 5498 2377 5553 saltem
2410 5513 2579 5568 spero
2612 5498 2732 5553 fore
2764 5509 2822 5552 ut
2850 5496 3073 5552 diluam
3114 5493 3439 5551 censoriam
3473 5510 3578 5549 no-

174 5588 280 5649 lam
308 5606 490 5665 quam
527 5588 672 5645 forte
700 5588 773 5643 ob
803 5587 977 5643 hasce
1008 5588 1459 5645 Exercitationes
1490 5588 1874 5645 inclementer
1904 5590 2058 5661 apud
2092 5587 2319 5660 aliquos
2352 5587 2658 5643 subiturus
2692 5587 2824 5642 sim.
