3960 6176
186 215 289 273 ΒίΊ

922 218 1022 276 DE
1069 218 1671 283 MANICH/EOHUM
1720 219 2026 280 ΗλΕΡιΕδῙ
2074 221 2172 281 ΕΤ
2216 221 2585 282 HISTORIA
2630 221 2771 280 LIB.
2824 222 2873 281 I.

3474 225 3594 287 818

186 340 439 421 Zoara‘et
453 344 673 421 _Isaacio
688 343 863 421 Persa
879 346 1053 421 verba
1068 347 1601 416 fecerunt,minime
1617 350 1829 406 horum
1858 354 1913 421 Α
1944 366 2090 420 quas
2104 350 2351 405 Manetis
2372 349 2620 419 nomini,
2638 353 2898 421 spectato
2917 353 3223 404 Persarum
3238 350 3293 405 et
3309 350 3587 420 Syrorum

181 416 574 489 sacerdotium
596 416 988 473 etclericalem
1002 421 1269 475 ordinem
1284 421 1573 476 reticueru
1585 423 1830 489 nt,arhi-

178 486 304 557 trati
332 487 566 543 nullum
585 489 717 543 inde
738 490 1282 557 detrimentum,aut
1298 494 1553 549 infamias
1575 486 1828 550 dedecus

176 556 511 632 Sacerdotio
548 561 761 615 Christi
802 579 973 632 posse
1014 564 1307 629 obvenire,
1330 566 1379 619 si
1420 583 1652 621 summo
1692 568 1826 621 odio

174 628 480 706 habendos
501 628 873 706 afﬁrmabant
911 634 1032 705 qui,
1069 628 1435 706 gravioribus
1478 638 1823 694 criminibus

172 706 225 755 et
246 701 539 758 hereseos
558 703 687 759 labe
703 701 945 779 polluti;
959 701 1143 762 curua
1161 709 1468 764 sacerdotii
1487 710 1821 779 sanctitate,

172 779 296 828 tum
321 792 357 852 _a
374 792 677 831 sacrorum
691 778 1157 852 ministeriorum
1174 780 1464 835 institutis
1478 778 1822 852 turpissime

169 848 537 921 recedentes,
558 864 736 918 seque
752 854 808 903 et
828 848 1025 904 divina
1059 854 1335 921 mysteria
1358 848 1595 907 nefariis
1619 854 1819 908 crimi-

169 918 351 973 nibus
374 917 816 993 labet'actarunt.
842 922 982 993 Quis
1017 917 1187 991 porro
1228 923 1457 993 ignorat
1475 925 1820 980 Manichaeo-

169 1006 305 1063 rum
330 996 575 1063 sectam,
593 992 704 1047 sub
726 992 1155 1063 Acephalorum
1183 992 1417 1051 nomine
1440 1004 1600 1051 sexto
1629 996 1820 1052 Eccle-

168 1061 268 1138 siae
285 1062 507 1138 saeculo
529 1061 991 1138 delitescentem,
1008 1065 1301 1122 Caesarum
1322 1073 1378 1121 et
1394 1068 1749 1138 imperatoru
1763 1086 1816 1124 n1

163 1132 425 1208 Orientis
457 1136 727 1208 praesidia
764 1136 876 1190 sibi
908 1132 1247 1208 comparare
1293 1132 1495 1194 nisam'
1523 1140 1725 1208 fuisse,
1756 1146 1818 1195 ut

160 1205 403 1282 facilius
425 1207 702 1282 nimirum
723 1213 779 1262 et
801 1209 1020 1282 sensim
1039 1205 1418 1266 ecclesiastici
1440 1211 1546 1265 viri
1587 1230 1620 1265 a
1664 1205 1814 1282 nup-

159 1276 258 1353 tiis
281 1282 339 1353 et
362 1279 739 1353 matrimonio
773 1280 1045 1353 mulieres
1086 1285 1430 1353 averterent,
1457 1298 1673 1353 easque
1715 1276 1813 1337 ne-

156 1350 372 1424 fandis
396 1350 815 1424 sacrilegisque
848 1352 1233 1422 impudicitiis
1264 1350 1811 1424 corrumperentat-

154 1438 275 1491 que
299 1422 725 1497 labefactarent
749 1422 775 1476 ‘2
797 1428 944 1497 acta
967 1440 1135 1495 porro
1157 1422 1814 1497 Constantinopolitanae

152 1494 374 1568 synodi
394 1493 505 1568 sub
536 1496 794 1568 Agapeto
820 1493 986 1568 Romi
1013 1496 1288 1568 pontiﬁce
1308 1501 1365 1550 et
1389 1493 1595 1552 Manna
1628 1498 1811 1568 patri-

152 1564 342 1639 archa
390 1564 1062 1639 Constantinopolitano,
1088 1566 1412 1622 llormisdaa
1458 1564 1811 1639 papas-epis-

150 1636 309 1711 tolae,
335 1642 393 1690 et
419 1636 535 1691 alia
558 1636 1000 1711 quamplurima
1035 1646 1435 1701 monumenta,
1460 1636 1588 1711 quae
1622 1636 1708 1693 ibi
1730 1640 1813 1694 le-

1941 422 2241 491 idiomate,
2264 429 2318 478 et
2340 423 2568 477 diverso
2592 422 2694 477 PP.
2721 422 2997 493 loquendi
3032 422 3226 489 modo,
3275 424 3587 493 convenire

1939 494 2267 550 Beausobre
2289 496 2607 564 contendit,
2633 494 2918 565 quidquid
2937 511 3005 549 ex
3022 493 3269 548 aliorum
3290 492 3585 565 opinioni-

1938 565 2046 620 bus
2079 567 2295 633 retulit,
2322 567 2527 637 paucis
2562 564 2831 636 expedire
2868 566 3230 621 conabimur.
3258 564 3402 620 Illud
3428 566 3580 621 enim

1936 654 2046 703 uas,
2082 641 2512 693 instrumentum
2540 647 2590 692 et
2609 638 2859 693 habitum
2888 638 3220 709 signiﬁcare
3242 652 3310 690 ex
3332 638 3581 708 Epipha-

1935 710 2053 777 nio,
2084 710 2365 791 Archelao
2387 716 2442 791 et
2466 709 2833 791 Euphrternio
2856 710 2996 791 Syro
3020 713 3333 791 asseverat:
3358 710 3431 791 ᾼῐ
3448 710 3579 791 quis

1935 796 2046 834 non
2081 782 2354 853 intelligit
2392 779 2662 836 laudatos
2697 782 2798 835 PP.
2842 779 3037 853 potius
3072 782 3144 835 ad
3184 779 3574 853 Manichaico-

1932 868 2062 907 rum
2086 852 2313 907 morum
2356 856 2740 924 proprietates
2770 852 2945 924 quam
2982 855 3052 909 ad
3075 852 3573 922 genuinamillius

1931 924 2086 978 vocis
2098 925 2585 996 signiﬁcationem
2600 924 2856 979 alludere
2869 924 3579 980 voluisse‘mationabilius

1928 996 2163 1065 quidem
2186 1013 2281 1051 vas
2302 999 2579 1066 nequitiae,
2594 998 2643 1051 et
2658 997 2985 1052 Antichristi
3000 999 3449 1051 instrumentum.
3474 999 3575 1050 Ar—

1927 1042 2170 1149 ethel‘aus
2211 1084 2345 1149 eum
2373 1042 2665 1149 1appellat,
2687 1070 3120 1149 Scripturarum
3166 1067 3409 1137 phrases
3440 1073 3497 1122 et
3514 1068 3571 1149 S:

1927 1138 2091 1193 Pauli
2134 1138 2507 1210 potissimum
2554 1138 2831 1210 loquendi
2883 1142 3121 1195 modum
3160 1145 3416 1205 secutus,
3472 1140 3573 1210 qui

1925 1210 2219 1280 Evangelii
2244 1216 2301 1265 et
2324 1211 2620 1265 catholicas
2644 1211 2790 1282 legis
2811 1213 3190 1267 subversores
3211 1227 3342 1265 cum
3368 1226 3497 1265 vasa
3520 1215 3574 1265 et

1924 1284 2182 1352 nequitia:
2207 1284 2588 1348 instrumenta,
2609 1289 2736 1337 tum
2758 1284 3120 1338 Antichristos
3142 1282 3415 1344 declarat,
3442 1298 3567 1352 quae

1925 1354 2165 1408 nomina
2184 1352 2329 1423 ipsis
2368 1356 2675 1409 dumtaxat
2697 1356 3023 1423 convenire,
3048 1371 3279 1409 morum
3303 1354 3566 1424 proprie-

1923 1431 2042 1479 tate
2071 1432 2349 1496 spectata,
2382 1426 2760 1496 perspicuum
2792 1431 2900 1481 est.
2927 1426 3052 1481 Pari
3101 1427 3323 1481 ratione
3351 1425 3565 1480 diaboli

1924 1445 2042 1479 tate
2071 1445 2349 1496 specuua,
2382 1445 2515 1496 pers
2564 1445 2760 1481 icuum
2792 1445 2900 1481 68L.
2927 1445 3052 1481 rari
3101 1445 3323 1481 ratione
3351 1445 3563 1480 uianou

1924 1498 2109 1552 forma
2147 1502 2204 1551 et
2251 1502 2407 1552 veste
2448 1445 2721 1552 ingutum
2767 1498 2949 1552 fuisse
2974 1498 3285 1566 Manetem,
3329 1496 3483 1551 idem
3509 1498 3563 1554 S.

1924 1568 2209 1640 Ephram,
2226 1569 2297 1621 ab
2313 1576 2634 1624 Assemano
2650 1570 2967 1633 daudatus,
2983 1569 3249 1640 explicat,
3266 1568 3561 1623 scribens:

1922 1639 2184 1694 Manetem
2213 1640 2465 1695 diabolus
2516 1650 2796 1711 tamquam
2838 1639 3070 1711 propria
3098 1640 3279 1695 induit
3312 1643 3475 1704 veste,
3508 1643 3570 1694 ut

148 1708 350 1774 genda
376 1712 716 1793 occurrunt,
748 1710 1054 1793 perspicue
1076 1710 1334 1793 produnt
1354 1708 1809 1793 subscephalo-
1841 1728 1889 1791 B
1922 1727 1982 1765 eo
2011 1712 2159 1765 velut
2190 1712 2557 1793 instrumento
2605 1708 2707 1793 suo
2737 1708 3083 1793 abuterelur,
3128 1727 3335 1793 suaque
3361 1728 3460 1793 per
3480 1713 3568 1780 ip-

149 1796 287 1834 rum
314 1779 579 1845 nomine,
600 1786 760 1835 sexto
781 1785 1049 1835 currente
1075 1780 1344 1836 Ecclesiae
1368 1779 1813 1843 sreculo.iMani-

150 1851 353 1907 chasos
376 1851 598 1923 primas
621 1850 869 1907 Orientis
890 1854 1056 1906 sedes
1074 1852 1542 1920 obtinuisse,huo
1557 1854 1811 1924 illucque

159 1925 469 1997 pravahuj
483 1940 548 1977 us
571 1930 741 1997 sectae
765 1925 1036 1993 dogmata
1060 1931 1117 1978 et
1138 1924 1409 1980 instituta
1431 1942 1807 1997 propagasse,

157 2002 223 2050 ut
247 1994 369 2066 ipsi
391 1994 807 2067 opportunius,
829 2000 1159 2067 temporum
1184 1998 1407 2053 ratione
1429 1994 1680 2065 servata,
1709 1994 1809 2053 de?

168 2066 654 2122 monstrabimus.

230 2137 288 2192 Si
310 2138 509 2207 itaque
530 2136 758 2192 concilii
784 2137 891 2191 PP.
914 2142 1089 2209 atque
1111 2137 1337 2209 antiqui
1362 2139 1809 2209 scriptores,nec

166 2209 836 2280 occulereaisisunt,neq
846 2226 915 2264 ue
927 2208 1309 2264 diesimularu
1321 2208 1806 2277 ntsacerdotium,

170 2281 255 2334 vel
280 2281 424 2336 alios
444 2281 743 2336 clericales
771 2281 1025 2346 ordines,
1050 2281 1267 2352 quibus
1297 2282 1514 2352 aliquid
1542 2298 1609 2336 ex
1631 2282 1810 2336 Manio

173 2354 461 2407 chaeorum
495 2360 655 2407 secta
680 2354 917 2407 fuerunt
947 2353 1251 2423 insigniti;
1294 2354 1342 2407 si
1382 2354 1594 2408 deinde
1632 2354 1811 2408 etiam

175 2425 270 2493 qui
295 2426 361 2479 ad
385 2423 700 2479 concilium
724 2426 793 2494 (α)
818 2424 1154 2495 Gangrense
1194 2441 1536 2488 convenere,
1571 2425 1811 2479 minime

173 2496 398 2551 silentio
439 2496 943 2566 praetermiserunt
982 2496 1401 2551 sacerdotalem
1443 2496 1709 2551 ordinem
1754 2500 1813 2551 et

180 2567 583 2622 monachalem
624 2567 1043 2638 professionem
1084 2568 1378 2623 Eustathii
1416 2568 1721 2624 Sebasteni
1750 2568 1810 2622 in

173 2639 444 2694 Armenia
461 2637 739 2711 episcopi,
755 2637 856 2709 qui
879 2643 1085 2710 quarto
1109 2639 1377 2695 Ecclesiae
1393 2639 1811 2712 saeculo,paulo

173 2717 483 2781 antequam
511 2711 803 2766 Nicaenum
825 2717 1129 2781 cogeretur
1145 2712 1481 2781 concilium,
1497 2711 1665 2768 omne
1688 2717 1812 2766 stu-

175 2781 332 2836 dium
358 2782 627 2838 adhibuit
649 2783 719 2836 ad
751 2782 1171 2838 Manichaicam
1194 2788 1409 2839 sectam
1433 2789 1490 2838 et
1520 2784 1697 2853 hujus
1721 2784 1813 2837 in-

176 2853 381 2910 stituta
405 2854 780 2927 propaganda
806 2872 819 2921 ;
844 2853 1014 2926 plane
1039 2854 1195 2910 haud
1229 2856 1394 2911 video
1427 2872 1532 2910 cur
1564 2854 1817 2910 totinter

176 2930 487 2998 tantosque
509 2927 847 2998 scriptores,
880 2928 979 2998 qui
1002 2927 1085 2998 de,
1114 2927 1343 2983 Manete
1383 2928 1811 2997 disseruerunt,

176 2998 335 3053 solus
356 2998 668 3069 Gregorius
690 2997 1165 3069 Abulpharagius
1187 2999 1509 3054 sacerdotio
1545 3016 1679 3054 eum
1704 2998 1812 3052 ini-

1926 1799 2051 1836 sum
2076 1798 2326 1852 promere
2354 1784 2583 1854 oracula
2609 1783 2705 1854 (ὸ).
2730 1790 2870 1837 Cum
2906 1784 3102 1854 itaque
3124 1782 3414 1853 ejusmodi
3434 1798 3567 1853 pro-

1922 1853 2197 1924 prietates
2218 1855 2495 1909 omnibus
2511 1853 2796 1909 haereticis
2808 1853 3021 1909 Christi
3048 1854 3418 1925 Evangelium
3436 1854 3570 1925 sub-

1918 1925 2283 1997 vertentibus
2304 1926 2672 1990 conveniant,
2699 1928 2892 1981 nescio
2916 1926 3087 1997 plane
3108 1924 3332 1981 cureas
3355 1942 3424 1980 ex
3445 1924 3569 1979 solo

1918 1996 2410 2069 Manetisnomine
2430 1997 2677 2052 derivari
2698 1996 3081 2067 contendant;
3097 1997 3242 2053 alias
3261 1997 3577 2069 cujusquet

1919 2068 2077 2124 falsae
2102 2073 2561 2141 sectteauctores
2583 2070 2841 2125 Manetes
2868 2070 3161 2141 appellare
3183 2076 3572 2140 oporteret,e-

1919 2142 2057 2211 quia
2078 2140 2292 2195 diaboli
2314 2157 2439 2196 vasa
2455 2149 2504 2196 et
2524 2142 2888 2197 instrumenta
2901 2140 3420 2212 sunt,eosdemque
3439 2141 3563 2195 diat

1920 2212 2576 2285 boluspropriaginduit
2616 2218 2794 2281 veste,
2829 2219 2889 2267 ut
2930 2231 3028 2285 per
3062 2231 3163 2270 eos
3198 2230 3305 2269 sua
3334 2229 3570 2285 proma-

1920 2284 2175 2339 oracula.
2199 2283 2405 2356 Carpit
2447 2288 2578 2355 post
2618 2286 2737 2339 haec
2760 2283 3048 2356 Cyrillum
3094 2283 3575 2356 Hierosolymita-

1920 2372 2084 2421 num,
2110 2355 2208 2426 qui
2241 2372 2367 2410 eam
2404 2357 2639 2411 Manetis
2682 2355 2881 2412 vocem
2938 2358 3006 2410 ad
3039 2373 3344 2412 sermonem
3369 2355 3568 2422 ’signi-

1922 2428 2216 2482 ﬁcandum
2246 2444 2278 2498 a
2320 2428 2515 2482 Persis
2538 2427 2805 2483 adhiberi
2828 2427 3097 2495 censuit;
3142 2431 3309 2497 cujus
3330 2427 3565 2498 quidem

1921 2498 2209 2554 sermonis
2228 2497 2619 2569 eloquentiam
2636 2498 2790 2553 haud
2815 2499 2924 2553 sibi
2951 2500 3261 2554 convenire
3282 2497 3435 2553 idem
3455 2499 3572 2551 Ma-

1920 2587 2024 2626 nes
2038 2571 2093 2624 in
2110 2569 2353 2640 epistola
2367 2571 2435 2624 ad
2455 2569 2791 2625 Marcellum
2806 2571 2900 2625 al'ﬁ
2911 2588 2994 2624 rm
3005 2571 3399 2641 at.Tamquam
3416 2570 3575 2639 inep-

1920 2647 2038 2697 tam
2064 2642 2270 2695 deinde
2328 2646 2385 2695 et
2405 2641 2731 2711 jocnlarem
2771 2642 3077 2697 Pearsonis
3112 2641 3572 2696 animadversio-

1922 2730 2054 2768 nem
2078 2712 2286 2782 rejicit,
2311 2713 2833 2783 qui,rabbinorum
2850 2714 3393 2785 interpretationem
3414 2728 3577 2766 secu—

1921 2790 2038 2853 tus,
2057 2785 2266 2857 Manent
2288 2802 2319 2837 a
2338 2786 2459 2839 min
2480 2785 2731 2840 derivari
2760 2787 3057 2857 opinatur,
3082 2786 3236 2857 quod
3260 2786 3571 2857 haereticum

1921 2857 2219 2912 hominem
2244 2856 2501 2911 indicare
2524 2857 2716 2913 habet.
2745 2856 2852 2912 Sed
2890 2856 3214 2912 nomencni
3236 2856 3489 2911 infamia
3512 2859 3571 2910 et

1926 2928 2225 2983 dedecoris
2252 2932 2387 2982 nota
2412 2933 2537 2983 erat
2557 2946 2801 2996 annexa,
2836 2931 3109 3000 quodque
3132 2928 3408 2984 falsarum
3437 2942 3563 2982 sec-

1923 3006 2117 3055 tarum
2143 3000 2417 3056 omnibus
2439 3001 2779 3056 auctoribus
2802 3006 2925 3057 erat
2946 3017 3273 3067 commune,
3292 3000 3424 3071 quis
3446 3016 3577 3054 con-

181 3069 388 3158 tiatum
422 3070 606 3158 fuisse
626 3076 935 3158 asseveret.
985 3071 1162 3141 Igitur
1184 3071 1378 3158 potius
1410 3070 1706 3158 probabile
1725 3087 1814 3125 ar-
1853 3089 1896 3158 ρ
1937 3074 2154 3158 ﬁngere
2173 3076 2381 3143 potest,
2406 3073 2779 3158 potissimum
2806 3069 3341 3158 cumnilludnnomen
3365 3071 3576 3153 nonab

181 3139 469 3196 hitramur
493 3142 782 3197 Manetem
805 3157 867 3196 se
888 3139 1026 3196 esse
1048 3139 1449 3213 presbyterum
1485 3142 1821 3209 simulasse,

183 3228 293 3267 nec
317 3214 565 3268 veritum
600 3213 780 3268 fuisse
816 3213 1100 3283 sacrilego
1124 3220 1180 3269 et
1200 3214 1509 3269 temerario
1541 3232 1687 3269 ausu
1717 3215 1827 3268 mi-

182 3284 332 3355 mice
354 3286 825 3355 presbyterorum
860 3286 1060 3339 munia
1082 3301 1365 3341 exercere.
1396 3288 1478 3340 Ita
1493 3285 1831 3342 ratiocinari

189 3354 425 3429 fasesse
465 3354 847 3429 arbitramur,
871 3373 939 3411 ea
981 3357 1542 3429 dguctirconjectura,
1585 3359 1737 3429 quod
1781 3358 1829 3411 is

187 3427 312 3499 sine
347 3428 675 3484 necessaria
720 3428 971 3499 Spiritus
1011 3427 1235 3483 Domini
1266 3430 1565 3491 missione,
1600 3427 1660 3484 se
1689 3430 1829 3484 Jesu

184 3497 390 3554 Christi
413 3500 747 3569 apostolum
764 3497 945 3571 atque
969 3499 1331 3555 Paracletum
1356 3502 1691 3571 conﬁngere
1714 3518 1829 3555 non

185 3571 597 3626 reformidavit.
624 3572 694 3627 Ut
713 3571 993 3626 nimirum
1012 3571 1264 3627 falsisiis
1284 3573 1627 3628 nominibus
1653 3579 1830 3642 atque

184 3644 518 3699 muneribus
542 3644 695 3717 apud
713 3642 1103 3717 simpliciores
1144 3643 1297 3701 viros
1335 3648 1512 3717 atque
1553 3643 1829 3702 mulieres

184 3714 591 3788 auctoritatem
615 3714 727 3770 sibi
750 3714 1209 3781 nancisceretur,
1232 3734 1344 3785 qua
1367 3714 1596 3772 facilius
1618 3718 1829 3788 decep-

182 3785 247 3859 t_i,
272 3786 319 3840 ei
350 3788 519 3843 fidem
567 3804 797 3843 omnem
832 3791 1010 3859 atque
1033 3788 1428 3844 obedientiam
1454 3785 1824 3859 praestarent.

183 3854 339 3913 Hanc
375 3876 542 3930 porro
580 3859 631 3915 ei
674 3854 928 3914 minime
955 3859 1392 3925 adhibuissent,
1434 3854 1485 3916 s'i
1528 3860 1827 3931 religionis

195 3943 430 3987 munera
450 3935 507 3987 et
546 3930 877 3986 ministeria
911 3946 1045 3986 eum
1071 3932 1232 3986 obire
1262 3949 1376 3987 non
1399 3933 1825 4003 cognovissent.

264 4004 547 4065 Quantum
573 4003 827 4074 denique
856 4003 1089 4057 inﬁrma
1110 4007 1283 4074 atque
1307 4003 1450 4059 falsa
1492 4005 1571 4059 sit
1599 4005 1826 4073 conjec-

188 4073 315 4127 tura
338 4074 453 4143 illa,
481 4075 574 4130 cui
615 4073 946 4131 Beausobre
968 4073 1215 4141 insistit,
1238 4079 1304 4129 ut
1333 4076 1580 4146 patriam
1623 4082 1679 4130 et
1702 4075 1827 4129 Ma-

191 4146 339 4219 netis
368 4148 833 4219 presbyteratum
859 4147 1126 4219 suadeat,
1161 4163 1329 4201 nemo
1351 4164 1461 4201 non
1485 4148 1659 4219 videt.
1683 4146 1825 4209 Qui—

186 4214 400 4274 nimmo
420 4214 562 4275 eum
583 4219 758 4273 verba
789 4222 965 4288 atque.
999 4218 1281 4288 ﬁgmenta
1301 4219 1550 4273 vendere
1571 4217 1644 4272 iis
1667 4222 1826 4272 certo

228 4303 529 4362 ersuasum
550 4290 680 4362 erit,
704 4290 881 4362 quiin
916 4306 1093 4345 sacrae
1122 4288 1530 4345 ecclesiasticas
1560 4288 1821 4362 historiae

208 4361 423 4433 ectione
444 4361 684 4427 versati,
709 4360 972 4433 apprime
995 4365 1288 4433 noverunt
1331 4362 1538 4432 primis
1561 4360 1825 4415 Ecclesiae

1941 3142 2053 3199 alio
2087 3161 2259 3257 quam
2295 3161 2327 3198 a
2357 3142 2568 3214 seipso
2589 3145 2701 3198 sibi
2738 3145 3078 3215 inpositum
3102 3144 3285 3199 fuisse
3312 3142 3579 3198 invenia-

1943 3234 2074 3257 mnc
2146 3216 2267 3257 Nnn
2305 3219 2395 3257 aut
2423 3215 3113 3257 iaitnrvnriqimilnnnnd
3140 3216 3391 3257 Rqrrhim'i
3414 3231 3579 3257 vnnn-

1942 3234 2074 3271 mus
2096 3215 2123 3257 9
2146 3216 2269 3270 Non
2305 3219 2395 3270 est
2423 3215 2609 3286 igitur
2627 3215 2945 3271 verisimile
2962 3216 3114 3287 quod
3140 3216 3391 3271 Curbicii
3414 3231 3586 3287 voca-

1941 3288 2170 3356 bulum,
2205 3287 2549 3342 servitutem
2584 3288 2941 3359 signiﬁcans,
2982 3286 3247 3359 Studiose
3266 3286 3591 3359 reliquerit,

1942 3366 2008 3415 ut
2051 3359 2223 3431 aliud
2255 3360 2432 3429 quod,
2477 3359 2525 3431 si
2572 3357 2685 3415 non
2725 3361 3027 3431 majorem,
3069 3358 3346 3429 aequalem
3382 3357 3591 3411 saltem

1939 3430 2268 3502 turpitudin
2288 3446 2378 3483 em
2421 3435 2477 3485 et
2500 3430 2555 3484 in
2571 3430 2830 3486 famiam’
2852 3431 3261 3503 przrsel‘erebat
3290 3430 3577 3503 adplaret,

1943 3503 2115 3575 quale
2157 3519 2223 3575 ex
2267 3503 2583 3575 Pearsoﬁnis
2635 3504 2911 3573 opinione
2946 3502 3100 3575 istud
3156 3503 3382 3575 Manetis
3408 3502 3588 3565 foret;

1943 3572 2214 3658 quamvis
2253 3572 2688 3658 contendathTo
2712 3576 2894 3658 Manes
2924 3572 3200 3658 primitus
3228 3572 3464 3656 titulum
3489 3587 3593 3642 po-

1938 3644 2057 3702 tius
2077 3663 2251 3717 quam
2278 3662 2487 3701 nomen
2512 3644 2742 3717 aliquod
2769 3644 2941 3718 fuisse
2956 3646 3022 3701 ab
3041 3648 3271 3702 Hebraeo
3292 3646 3431 3715 min,
3454 3658 3593 3714 quoa

1938 3718 2213 3791 signiﬁcat
2242 3718 2559 3774 haereticum
2590 3718 2682 3788 (ε).
2766 3788 2801 3791 μ
3127 3776 3133 3783 .

2012 3791 2121 3846 Sed
2144 3789 2287 3843 illud
2314 3806 2527 3845 nomen
2548 3784 2709 3844 mani
2730 3788 2897 3844 aliter
2918 3805 2951 3843 a
2972 3791 3168 3843 Persis
3193 3784 3587 3859 interpretari,

1939 3867 2143 3917 auctor
2171 3865 2257 3917 est
2278 3861 2531 3916 Thomas
2563 3861 2739 3932 Hyde,
2761 3862 3017 3933 probans
3040 3876 3107 3914 co
3131 3863 3397 3930 pictorem
3418 3859 3593 3911 deno-

1938 3936 2047 3989 tari
2072 3934 2149 4003 (ά)
2194 3933 2471 3987 Eamdem
2496 3933 2855 4004 opinionem,
2884 3934 2963 3986 ait
2988 3933 3593 3997 Beausobre,secutus

1937 4014 2017 4061 est
2046 4004 2320 4068 Wolﬁus,
2343 4004 2604 4059 scribens
2630 4004 2839 4059 Thomm
2869 4004 3028 4074 Hyde
3045 4004 3394 4073 etymologia,
3427 4018 3592 4071 quam

1936 4094 1986 4133 c.
2014 4078 2105 4143 21,
2134 4093 2262 4147 pag.
2301 4077 2428 4140 280,
2469 4076 2536 4129 de
2564 4076 2839 4143 religione
2866 4080 3127 4147 veterum
3148 4076 3486 4147 Persarum,_
3499 4074 3585 4147 af-

1935 4151 2064 4220 fert,
2098 4142 2166 4220 ea:
2213 4148 2423 4220 linguae
2450 4142 2689 4220 Persicae
2732 4146 2924 4215 fundo.
2957 4146 3005 4198 Is
3035 4146 3185 4220 enim
3205 4145 3408 4220 reiecta
3447 4142 3584 4211 Epi-

1931 4214 2134 4292 phanii
2159 4214 2514 4292 etymologia,
2536 4214 2969 4292 ManetemAMANi
2989 4217 3211 4292 proprie
3246 4214 3450 4292 dictum
3480 4226 3595 4267 esse

1936 4287 2183 4353 testatur,
2206 4287 2345 4359 quod
2361 4288 2506 4358 apud
2534 4294 2733 4343 Persas
2754 4289 2979 4359 pictoris
3002 4287 3196 4342 habeat
3221 4288 3518 4359 rationem.

2005 4363 2057 4415 6.
2083 4358 2225 4423 Quae
2248 4364 2444 4414 tamen
2472 4358 2764 4415 hactenus
2797 4361 2868 4414 de
2890 4359 3051 4414 illius
3086 4358 3342 4414 nominis
3370 4362 3593 4428 etymo-

186 4432 425 4525 saeculis,
470 4433 690 4525 quibus
731 4428 824 4525 cat
844 4432 1096 4525 holi‘cam
1130 4428 1485 4517 religionem.
1507 4448 1827 4505 propagare
1855 4458 1901 4525 D
1933 4432 2103 4515 logiis
2124 4436 2182 4525 ejt
2205 4429 2740 4525 signiﬁcationibus
2757 4428 3489 4525 poropeqanterLannotavi‘m
3502 4443 3591 4491 us,

189 4505 502 4578 oportebat,
523 4507 897 4578 presbyteros
920 4509 1095 4578 atque
1109 4505 1415 4578 episcopos
1437 4506 1526 4560 vix
1549 4520 1821 4578 assump-

192 4577 282 4629 tos
300 4578 472 4633 fuisse
492 4576 561 4633 ei;
581 4578 656 4632 iis
678 4577 822 4632 locis
851 4576 936 4632 vel
963 4577 1323 4648 regionibus,
1348 4577 1404 4632 in
1430 4578 1644 4648 quibus
1668 4576 1822 4630 diem

198 4648 436 4705 natalem
455 4650 816 4715 habuerunt;
837 4649 936 4704 sed
962 4649 1031 4703 ab
1057 4648 1341 4720 apostolis
1375 4665 1697 4720 eorumque
1722 4648 1819 4705 35

196 4723 619 4778 successoribus
638 4720 949 4791 eos,sacris
963 4719 1270 4777 ordinibus
1294 4720 1472 4778 fuisse
1494 4719 1827 4792 insignitos,

198 4794 444 4862 atquead
468 4798 696 4850 exteras
739 4793 1006 4848 nationes
1046 4809 1145 4864 eos
1190 4793 1399 4849 missos
1448 4793 1651 4850 fuisse.
1677 4809 1822 4864 quo-

198 4876 319 4918 rum
341 4882 520 4948 mores
542 4870 601 4948 et
631 4863 1239 4948 probatzedisciplinae
1259 4864 1541 4948 instituta
1561 4863 1706 4948 satis
1730 4881 1829 4920 su-

199 4948 394 5007 perque
415 4936 822 5003 innotuerunt,
848 4940 914 4992 ut
935 4954 1041 4992 nos
1064 4936 1177 5007 ipsi
1206 4954 1341 4993 cum
1370 4938 1623 4995 Eusebio
1642 4937 1832 4992 Caesa-

200 5005 363 5082 riensi
386 5012 439 5065 in
466 5010 579 5066 alio
611 5011 893 5082 ador-nato
937 5005 1108 5080 opere
1149 5008 1293 5066 locis
1318 5027 1465 5082 pene
1503 5008 1831 5065 innumeris

203 5078 414 5137 abunde
448 5078 1011 5138 demonstravimus.

259 5151 308 5205 5.
330 5158 509 5225 Atque
529 5158 596 5210 ut
636 5154 707 5209 ad
736 5156 978 5211 caeteras
1004 5151 1465 5224 significationes
1487 5151 1833 5227 accedamus

262 5363 330 5433 (α)
349 5365 489 5422 Vide
512 5369 655 5421 tom.
684 5365 736 5421 II
761 5363 1157 5420 Conciliorum
1186 5378 1319 5435 pag.
1355 5363 1480 5435 423.

274 5431 340 5509 (λδ)
364 5436 779 5509 Metaphoricis
798 5436 1020 5491 insistit
1041 5436 1149 5490 PP.
1171 5431 1459 5509 loquendi
1470 5431 1839 5509 _iormulis,in

215 5504 405 5575 quibus
430 5512 501 5564 de
522 5504 750 5564 Manete
771 5524 966 5563 sermo
987 5510 1097 5573 est,
1122 5511 1189 5561 ut
1213 5504 1348 5560 inde
1375 5504 1613 5570 colligat
1634 5504 1841 5576 genui-

216 5593 324 5650 nam
348 5580 522 5635 istius
544 5578 807 5635 nominis
839 5577 1354 5650 signiﬁcationem.
1380 5578 1487 5632 Sed
1514 5577 1844 5650 Beausobre

223 5647 289 5723 ita
308 5651 645 5707 disserendo
677 5647 1202 5723 nugari—voluisse,
1227 5664 1378 5723 mea
1417 5649 1710 5706 sententia
1732 5654 1842 5705 est.

224 5722 335 5776 Cum
368 5724 474 5778 PP.
494 5724 569 5778 iis
586 5720 908 5788 vocabulis,
934 5738 1148 5793 mores,
1170 5720 1318 5793 falsa
1337 5721 1848 5793 dogmata,pravas

227 5793 409 5865 agendi
423 5794 679 5852 rationes
693 5794 764 5851 ab
777 5792 1049 5852 hmretico
1060 5791 1577 5865 adhibitas,potius
1592 5791 1851 5850 indicare

1937 4500 2103 4577 quasi
2129 4500 2384 4577 dedecus
2426 4508 2481 4559 et
2514 4500 2901 4575 ignominiam
2947 4504 3084 4559 huic
3124 4500 3350 4577 homini
3391 4500 3594 4577 afferre

1933 4570 2700 4653 quisarbitrabitunsi’cum
2725 4577 3106 4653 castor-isquw
3126 4575 3195 4628 de
3217 4573 3394 4653 hqcce
3417 4570 3596 4653 Manes

1932 4644 2213 4705 vocabulo
2228 4648 2687 4723 subjicitstatim
2705 4665 2818 4723 non
2838 4644 3011 4723 conte
3029 4662 3253 4723 ramqs.
3274 4644 3471 4723 Usseri
3488 4644 3595 4723 ita-

1937 4738 2049 4795 que
2068 4713 2373 4795 Armacani
2390 4720 2721 4795 opinionem
2742 4721 2801 4795 in
2821 4718 3077 4795 medium
3106 4717 3207 4795 3_6
3225 4713 3591 4795 profertiqui,

1938 4786 2191 4866 quodam
2241 4786 2711 4866 S_everi:‘Sulpicii
2766 4792 2835 4861 (e)
2879 4786 3591 4866 testimonio'insist,e_ns,

1940 4857 2252 4937 quemdam
2271 4857 2665 4937 Israelitarum
2681 4857 2874 4937 regem
2891 4865 3118 4937 Manem
3132 4857 3591 4937 fuisseappella-

1940 4930 2065 4993 tum
2099 4936 2375 5000 afﬁrmat,
2404 4935 2501 5005 qui
2528 4939 2721 4989 tamen
2748 4930 2794 4988 II
2835 4937 3056 5005 Regum
3110 4932 3256 5005 libro
3282 4930 3591 5005 Manahem

1941 5013 1998 5064 et
2023 5025 2054 5061 a
2084 5006 2215 5061 LXX
2234 5004 2653 5076 interpretibus
2677 5006 2939 5060 Manaem
2969 5004 3161 5059 dictus
3182 5004 3417 5073 legitur,
3442 5017 3591 5072 quas

1940 5093 2132 5140 voces,
2156 5078 2386 5131 duabus
2410 5077 2531 5132 illis
2554 5076 2674 5130 illis
2706 5078 2983 5132 Pararleti
3009 5083 3063 5131 et
3091 5076 3449 5131 consolatoris
3470 5091 3591 5129 res~

1943 5150 2201 5223 pondere
2232 5148 2342 5203 sibi
2374 5150 2606 5223 suadet.
2636 5147 2977 5223 Simplicem
3010 5152 3067 5223 et
3091 5148 3418 5223 naturalem
3442 5146 3593 5199 hanc

1945 5219 2074 5280 esse
2094 5219 2257 5276 illius
2276 5220 2435 5276 vocis
2459 5224 2655 5277 Manes
2677 5220 2987 5292 originem.
3012 5220 3343 5275 Beausobre
3364 5232 3598 5272 asseve-

1945 5361 2265 5418 voluerint.
3430 5404 3444 5414 _

2021 5436 2092 5510 (ο)
2117 5432 2245 5510 A_lb:
2267 5433 2404 5488 Fab.
2431 5434 2793 5510 Bibliotheca
2821 5434 3196 5510 Graecatom.
3219 5430 3449 5510 Y,_pag:
3470 5428 3596 5510 28_1.

2025 5502 2102 5573 (ἀ)
2130 5506 2271 5575 Hyd.
2297 5521 2310 5558 ε
2340 5510 2531 5561 Manes
2550 5508 2715 5561 Persa
2736 5509 2795 5561 in
2812 5522 2999 5561 eorum
3025 5503 3187 5559 libris
3206 5502 3380 5558 dictus
3399 5502 3594 5567 Manis,

1952 5579 2148 5650 pictor,
2174 5593 2308 5631 nam
2337 5575 2470 5650 talis
2494 5578 2606 5650 fuit
2634 5578 2991 5650 professione
3014 5592 3141 5650 sua.

2029 5649 2099 5721 (e)
2126 5649 2373 5721 Severus
2401 5642 2738 5720 Supulcius,
2764 5649 2910 5703 Hist.
2937 5646 3201 5721 Βειςειὶὶξζ
3226 5661 3268 5721 i_,
3290 5644 3377 5699 49.
3401 5642 3593 5711 Usser,

1955 5715 2163 5849 ﬁnita].
2206 5724 2349 5777 tom.
2393 5720 2436 5788 Ι,
2468 5715 2619 5777 anno
2648 5721 2810 5787 3035,
2845 5735 2974 5791 pag.
3019 5718 3109 5772 82.
3155 5715 3203 5772 ΙΙ
3233 5716 3458 5788 Regum
3499 5732 3593 5785 xv,

2032 5834 2047 5865 ’
2077 5832 2157 5848 ιν.
