4016 6166
217 212 333 270 849

937 211 1038 271 DE
1084 186 1691 275 MANICHEORUM
1736 214 2043 275 H/ERESI
2086 215 2188 275 ET
2233 212 2606 273 HISTORIA
2652 210 2796 271 LIB.
2845 209 2895 269 ι.

3507 211 3628 274 850

204 340 463 415 digeant.
499 345 684 412 Atque
712 340 974 404 tandem,
998 346 1317 414 utrumque
1335 345 1777 399 Testamentum
1805 348 1863 399 et
1892 350 1944 415 Α
1976 361 2073 401 cas
2104 362 2136 400 a
2167 343 2496 400 Beausobre
2526 342 2764 412 injecta,
2799 343 2863 394 ut
2895 339 3051 415 ultro
3091 338 3353 409 citroque
3382 343 3628 415 conten-

202 414 580 468 retinendum
608 419 669 487 et
706 415 1104 487 venerandum
1156 432 1285 471 esse
1334 416 1559 487 parvuli
1594 417 1860 486 exemplo

202 488 429 557 probat,
465 487 567 557 qui
592 486 716 556 jam
744 486 892 541 lacte
925 488 1206 554 nutritus,
1242 488 1314 543 ad
1340 486 1656 543 validiores
1702 488 1862 543 cibos

200 558 535 630 proficiens,
570 574 681 613 non
717 559 841 613 sine
873 562 1033 630 gravi
1057 560 1272 627 injuria
1294 566 1485 630 potest
1503 560 1753 630 abjicere
1775 566 1860 614 at-

200 645 311 701 que
333 629 745 703 exhorrescere
777 629 1022 686 nutricis
1051 629 1341 686 mamillas
1366 633 1539 702 ;quin
1558 629 1750 703 potius
1773 649 1860 686 ve-

195 708 439 755 neratur
469 707 526 757 et
553 702 693 758 colit
721 707 778 757 et
808 704 1077 759 beneﬁcii
1110 704 1201 758 sui
1250 720 1312 759 se
1358 702 1681 759 debitorem
1730 720 1860 759 csse

200 774 585 917 fatl‘laatisucr'ergo,
637 849 694 899 et
732 844 1008 917 idgenus
1040 844 1173 914 alia,
1207 846 1264 899 in
1289 862 1398 900 sua
1446 846 1609 899 valde
1636 844 1859 915 prolixa

192 916 470 989 epistola,
504 916 678 987 quam
707 916 1298 989 Epiphaniuslibrum
1326 917 1603 989 appellat,
1638 917 1857 989 Arche-

190 988 320 1043 laus
342 988 589 1043 Diodoro
602 1004 704 1061 suo
722 988 1061 1059 presbytero
1079 991 1397 1061 suggessit,
1425 990 1496 1043 ad
1524 988 1855 1044 mirabilem

186 1074 445 1128 semper,
482 1064 543 1114 ut
573 1059 851 1125 diximus,
881 1059 1290 1131 sinceramque
1322 1062 1631 1131 utriusque
1663 1067 1843 1115 testa-

184 1132 366 1186 menti
385 1132 747 1185 harmoniam
762 1138 932 1201 atque
950 1148 1241 1187 summam
1256 1132 1626 1187 concordiam
1645 1133 1851 1203 patefa-

184 1204 479 1257 ciendam.
495 1203 710 1257 Verum
732 1208 917 1257 totum
941 1204 1532 1276 Archelaiscopumin
1552 1204 1659 1258 hac
1681 1221 1848 1259 sum-

184 1290 275 1328 ma
288 1280 802 1329 Testamentorum
826 1277 1137 1330 concordia
1160 1279 1476 1331 asserenda
1494 1276 1673 1330 situm
1697 1293 1848 1347 esse,

182 1347 431 1419 minime
444 1347 819 1419 arbitramur,
836 1354 933 1400 sed
952 1346 1129 1401 altius
1144 1348 1378 1418 aliquod
1396 1349 1748 1419 exladductis
1766 1365 1849 1402 ra-

179 1418 447 1490 tionibus
473 1418 531 1473 S.
556 1419 898 1488 episcopum
925 1420 1499 1474 ostenderevoluisse
1517 1438 1529 1485 ;
1548 1418 1842 1490 videlicet,

179 1488 441 1562 hominis
472 1496 606 1543 natu
619 1505 764 1557 ram,
789 1491 914 1559 jam
940 1489 1089 1545 inter
1118 1495 1202 1545 tot
1223 1495 1507 1561 tantaque
1532 1490 1672 1545 vitia
1691 1488 1847 1562 peri;

177 1559 468 1629 clitatam,
501 1567 557 1615 et
586 1562 1029 1633 obscurioribus
1062 1559 1425 1633 ignorantiae—
1442 1559 1705 1617 tenebris
1731 1564 1845 1617 cir-

174 1633 603 1699 cumvolutam,
630 1649 741 1687 non
760 1632 915 1686 illico
938 1634 1009 1687 ad
1034 1632 1249 1688 claram
1274 1635 1534 1689 veritatis
1559 1634 1841 1705 cognitio-

1976 418 2155 485 deret,
2188 418 2357 472 tertio
2382 417 2507 485 jam
2540 410 2811 469 currente
2837 412 3079 485 saeculo,
3106 427 3300 466 veram
3329 410 3631 485 catholica;

1971 495 2029 545 et
2059 484 2701 561 ApostolicaeiEcclesiie
2734 485 2887 540 circa
2917 484 3209 561 praecipua
3249 488 3462 561 nostra:
3493 484 3628 561 ﬁdei

1972 555 2247 632 dogmata
2276 560 2651 616 traditionem
2688 563 3056 632 corruptam,
3109 555 3518 632 labefactatam
3572 558 3630 608 et

1970 626 2413 703 pessumdatam
2431 631 2630 698 fuisse,
2647 630 2718 684 ab
2737 626 3207 703 omnicalumnia
3230 632 3288 681 et
3308 626 3511 703 dolosa
3528 642 3627 703 ac-

1970 698 2273 761 cusatione
2304 704 2599 757 vindicare
2620 707 2885 756 nostrum
2916 700 3025 753 erit
3050 699 3413 753 institutum.
3445 698 3514 752 Ut
3542 698 3627 751 vi-

1968 778 2176 832 delicet
2205 793 2453 832 summes
2484 775 2739 830 audaciai
2753 770 3049 827 hominem
3069 776 3348 841 perpetuo
3372 785 3560 840 nugas
3573 774 3629 825 et

1969 853 2303 905 commenta
2334 851 2603 920 agentem
2636 861 2740 916 pro
2768 843 2993 898 viribus
3024 841 3432 913 corripiemus.

2620 950 2853 1007 CAPUT
2887 948 2956 1003 IX

1965 1036 2218 1092 Archelai
2245 1035 2392 1107 apud
2421 1032 2765 1107 Diodoridern
2795 1046 2921 1107 curn
2940 1030 3153 1107 Manete
3181 1027 3558 1107 dtspututatio
3589 1045 3623 1083 a

2035 1114 2129 1163 not
2140 1111 2186 1163 is
2217 1098 2426 1163 criticis
2439 1115 2488 1161 et
2514 1102 2947 1160 Beausobrianis
2967 1101 3263 1157 calumniis
3286 1098 3620 1154 vindicatur.

2033 1181 2175 1235 Mala
2196 1180 2491 1235 acathoticz
2508 1178 2795 1247 scriptoris
2815 1174 2954 1245 ﬁdes
2979 1176 3034 1228 in
3057 1170 3403 1247 recensendis
3424 1172 3623 1225 Arche-

2033 1255 2119 1307 tai
2147 1252 2469 1307 testimoniis
2498 1245 2849 1320 explicatur.
2875 1247 3099 1320 Demum
3120 1245 3314 1320 merito
3334 1252 3624 1320 tamquam

2032 1324 2361 1379 catholicum
2377 1328 2427 1377 et
2452 1314 2704 1377 sanctum
2728 1319 3053 1373 Archelaum
3074 1318 3133 1370 in
3155 1316 3394 1370 Ecclesia
3428 1314 3628 1370 haberi

2029 1414 2147 1450 cvm
2167 1414 2237 1451 ex
2266 1396 2490 1465 scriptis
2515 1393 3154 1465 quwrcircum/eru‘ntur.
3192 1396 3308 1442 tum
3328 1403 3397 1465 ea;
3418 1390 3540 1457 ejus
3560 1388 3620 1442 in.

2030 1485 2218 1523 veram
2254 1462 2466 1522 Christi
2494 1462 2823 1534 religionem
2850 1462 3029 1517 studio
3059 1462 3495 1516 demonstratur.

2026 1565 2395 1619 Sufﬁcienter
2425 1562 2538 1637 mei
2584 1560 2845 1637 muneris
2878 1564 3073 1631 partes
3103 1557 3324 1637 obiisce
3372 1556 3621 1637 arbitra-

1954 1636 2077 1703 bar,
2110 1653 2245 1690 cum
2277 1634 2628 1707 praecedenti
2652 1633 2839 1707 capite
2861 1631 3199 1707 summatim
3224 1631 3617 1707 recensuerim

175 1720 309 1758 nem
346 1705 532 1759 fuisse
547 1705 951 1771 revocandam,
976 1710 1081 1759 eta
1104 1706 1309 1759 mortis
1331 1711 1556 1759 aeternas
1590 1700 1836 1776 laqueis,
1872 1721 1918 1785 Β
1955 1700 2081 1778 quae
2096 1710 2166 1762 ad
2188 1700 2435 1763 Ma'netis
2449 1700 2875 1761 cumArchelao
2889 1702 3316 1773 disputationes
3330 1700 3620 1825 pertinere

179 1776 404 1825 ouihus
434 1776 969 1825 constringebatur.
1004 1777 1145 1825 solvi
1198 1778 1491 1825 debuisse-
1543 1778 1650 1825 Sed
1685 1794 1832 1825 unus
1949 1780 2318 1825 videbantur-
2364 1784 2478 1825 Nec
2521 1780 2676 1825 enim
2705 1775 3014 1825 consilium
3060 1778 3184 1825 erat
3221 1789 3330 1825 ano
3358 1777 3617 1825 ozetlcas

179 1776 969 1848 quibusconstringebatur,
1004 1777 1145 1831 solvi
1198 1778 1491 1832 debuisse.
1543 1778 1650 1832 Sed
1685 1794 1832 1848 opus

176 1851 303 1901 erat
334 1846 832 1916 utipsibomises,
860 1848 980 1917 qui,
1014 1849 1269 1902 ferarum
1294 1866 1453 1904 more
1471 1846 1829 1916 aberrantes,

175 1934 500 1989 numquam
525 1920 597 1973 de
618 1917 841 1973 Divinis
874 1918 1203 1989 cogitabant
1244 1922 1438 1983 rebus,
1463 1922 1833 1976 diversiscoa-

172 1988 428 2061 testibus
450 1995 797 2060 aeternaeque
810 1988 1112 2061 sapientiae
1126 1992 1404 2061 gradibus
1424 1994 1771 2047 edocerentu
1786 2010 1830 2047 r.

175 2059 261 2135 _Pri
277 2078 375 2116 mo
389 2062 659 2135 videlicet
686 2059 992 2135 perrarum
1008 2059 1360 2135 naturalium
1377 2065 1595 2135 ﬁguras
1624 2069 1680 2118 et
1702 2082 1829 2118 um-

170 2132 331 2199 bras,
366 2149 518 2204 quas
532 2132 700 2188 lactis
722 2133 907 2189 instar
921 2150 990 2189 ex
1022 2134 1277 2189 Mosaica
1299 2132 1793 2206 legevexsugerent
1817 2154 1829 2204 ;

172 2209 367 2275 gratia
399 2206 641 2259 demum
674 2210 731 2258 et
777 2206 1086 2275 perspicua
1110 2223 1302 2261 rerum
1335 2207 1666 2262 divinarum
1690 2224 1832 2263 con-

173 2276 582 2344 templatione,
616 2292 793 2349 quam
811 2277 878 2330 ad
897 2278 1319 2333 solidioriscibi
1338 2280 1605 2345 formam,
1636 2280 1832 2349 ipsum

172 2349 380 2422 aeterni
405 2349 594 2401 Patris
616 2348 849 2422 Filium,
876 2366 1022 2403 novo
1050 2351 1425 2405 Testamento
1450 2348 1830 2422 proponebat,

172 2419 271 2491 llis
289 2420 490 2489 itaque
510 2420 1231 2491 gravissimisrationibus,
1253 2422 1302 2476 si
1324 2419 1831 2477 DiodorusArche-

167 2490 261 2544 lao
294 2490 649 2561 suggerente
682 2492 1382 2557 utivoluisset,Manetem
1403 2494 1568 2548 facile
1583 2496 1832 2548 confun-

170 2562 308 2616 dere
340 2568 400 2615 et
429 2570 734 2635 conterere
754 2566 1042 2633 potuisset
1065 2582 1078 2631 ;
1104 2572 1159 2619 et
1192 2566 1320 2635 ipsa
1369 2565 1664 2619 catholicas
1697 2565 1832 2619 fidei

170 2635 468 2707 dogmata,
485 2639 540 2687 et
561 2634 739 2707 divini
755 2635 965 2690 veteris
978 2634 1334 2691 Testamenti
1350 2638 1686 2701 auctoritas,
1704 2654 1829 2707 qua:

169 2706 553 2779 potissimum
575 2705 635 2759 in
660 2706 971 2779 discrimen
992 2708 1411 2779 adducebatur,
1432 2709 1607 2762 dubio
1629 2705 1828 2779 procul

168 2778 718 2851 comprobarentur.
754 2778 1020 2833 Archelai
1053 2780 1249 2849 itaque
1281 2780 1515 2851 scriptis
1546 2778 1833 2835 Dicdorus

170 2849 478 2922 presbyter
508 2849 802 2922 insistens,
838 2850 945 2904 etsi
967 2851 1222 2921 episcopi
1246 2849 1662 2906 suiadventum
1688 2868 1832 2922 prae-

167 2920 453 2974 stolaretu
466 2938 509 2985 r,
526 2921 738 2975 iterum
758 2920 1214 2991 disputationem
1231 2923 1378 2977 inire
1396 2928 1519 2977 Man
1530 2925 1640 2978 etis
1658 2920 1833 2978 auda-

165 2993 256 3065 cia
273 2991 668 3065 compellitur.
686 2992 827 3047 Nam
847 2994 1044 3048 Manes
1078 2994 1136 3047 in
1156 2994 1415 3049 medium
1445 2996 1573 3065 pagi
1596 3012 1829 3051 summo

168 3062 436 3137 diluculo
460 3063 753 3135 prodiens,
789 3080 959 3137 suam
987 3081 1119 3119 cum
1140 3062 1605 3121 Diodoroiterum
1624 3068 1827 3137 dispu-

167 3136 472 3208 tationem
494 3152 664 3208 orsus
680 3140 790 3189 est.
818 3135 1051 3190 Primus
1072 3138 1321 3192 Diodoro
1345 3139 1543 3193 Manes
1557 3155 1665 3192 sua
1686 3135 1823 3208 dog-

166 3210 326 3260 mata
359 3207 691 3276 objiciebat.
709 3208 815 3261 Sed
834 3208 883 3261 is
905 3209 1179 3264 omnibus
1202 3211 1540 3264 occurrebat
1560 3207 1824 3279 quaestiO-

165 3279 367 3352 nibus,
390 3285 588 3348 atque.
615 3294 995 3352 proeaquam
1010 3297 1042 3335 a
1060 3280 1174 3335 Deo
1191 3286 1494 3352 acceperat
1509 3282 1817 3352 sapientia,

160 3348 355 3423 lenius
376 3366 552 3403 suum
567 3350 895 3423 exagitabat
918 3352 1314 3423 impostorem.
1330 3348 1405 3407 At
1424 3370 1554 3407 cum
1579 3348 1817 3408 demum

163 3421 317 3495 apud
336 3437 400 3495 se
418 3438 532 3495 non
551 3421 695 3495 nihil
710 3421 991 3493 inciperet
1005 3421 1279 3479 haesitare
1294 3426 1819 3495 repenteArchelaus

160 3492 261 3562 (ait
290 3492 709 3567 Epiphanius),
731 3509 830 3567 nec
845 3495 1085 3563 opinato,
1118 3492 1425 3566 conspectus
1444 3499 1544 3564 est,
1564 3498 1659 3567 qui
1680 3506 1818 3550 tam-

158 3581 324 3634 quam
349 3566 655 3637 accrrirnus
672 3565 772 3618 66
793 3568 1223 3635 paterfamilias,
1242 3565 1583 3637 suorumque.
1599 3570 1817 3623 studio-

152 3638 286 3690 εἰδδὶ
292 3652 438 3703 mus,
455 3636 716 3691 audacter
732 3638 789 3689 in
802 3638 1109 3703 prmdonem
1119 3640 1361 3707 fremens
1374 3636 1639 3693 incurrit.
1665 3640 1810 3704 Quid

158 3723 291 3780 vero
325 3706 527 3780 Manes
544 3711 671 3780 tum
694 3707 721 3760 ?
742 3708 1067 3777 Tamquam
1093 3709 1343 3766 callidus
1361 3710 1708 3780 versipellis,
1731 3712 1809 3765 si-

162 3779 389 3833 mulata
419 3778 725 3843 blanditia,
760 3795 821 3851 se
844 3780 913 3833 ad
947 3781 1292 3835 Archelaum
1324 3778 1627 3851 convertit,
1659 3784 1811 3837 hunc

154 3852 568 3905 obsecraturus
600 3850 711 3905 sibi
743 3850 868 3904 dari
903 3856 965 3904 ut
987 3868 1121 3905 cum
1147 3855 1481 3923 presbytero
1508 3850 1813 3909 dumtaxat

155 3923 503 4008 disputaret,
537 3938 878 4008 asseverans
898 3929 1171 4008 praeterea
1192 3925 1807 4008 mani‘melepiscopum

155 3992 432 4067 dedecere
465 4010 595 4046 cum
628 3992 866 4067 homine
896 3992 1008 4067 sibi
1038 3995 1298 4051 inferiori
1331 3998 1402 4052 de
1432 3992 1547 4052 illis
1580 3992 1808 4067 religio-

154 4068 243 4138 nis
274 4065 455 4119 rebus
486 4066 857 4138 contendere.
894 4066 1147 4136 Populus
1182 4072 1399 4133 autem,
1434 4068 1533 4138 qui
1584 4065 1805 4131 aderat,

154 4135 403 4190 Manetis
436 4135 697 4207 nequitia
726 4135 1045 4207 comperta,
1080 4140 1239 4193 itain
1272 4156 1405 4193 cum
1428 4135 1724 4193 invehitur
1745 4144 1809 4194 ut

151 4207 323 4282 etiam
345 4208 643 4282 lapidibus
667 4208 911 4282 obruere
930 4210 1243 4278 quaesierit.
1269 4211 1428 4273 Quod
1454 4212 1688 4281 quidem
1716 4228 1807 4282 pe-

154 4278 417 4352 riculurn
441 4279 685 4352 minime
713 4280 1012 4345 evasisset,
1047 4281 1157 4335 nisi
1193 4283 1363 4336 tertio
1387 4278 1513 4352 jam
1549 4283 1685 4351 fuga
1715 4278 1806 4337 ar-

152 4358 335 4421 repta,
370 4351 584 4404 iterum
617 4351 687 4405 ad
714 4352 1023 4425 Arabionis
1053 4351 1526 4424 Castellum,rquo
1550 4355 1805 4425 primum

154 4427 563 4517 seArleceperat,
597 4422 980 4517 convolasjset.
1032 4495 1041 4505 .
1128 4495 1137 4506 ο
1299 4496 1328 4517 L
1374 4422 1377 4423 ⁷
1430 4422 1445 4424 “
1550 4422 1565 4425 ’
1716 4499 1731 4517 Δ
1837 4452 1883 4517 D

219 4493 399 4566 Aliter
430 4498 622 4566 tamen
655 4511 831 4565 quam
856 4495 1280 4566 descripsimus
1299 4496 1449 4551 hanc
1472 4513 1678 4551 novam
1703 4499 1806 4550 Ar-

151 4564 331 4637 chelai
366 4581 499 4619 cum
527 4564 752 4620 Manete
782 4564 1241 4637 disputationem
1288 4570 1345 4623 in
1392 4584 1558 4623 suam
1612 4569 1809 4623 retulit

153 4635 471 4712 Ijistoriam
503 4636 853 4712 Beausobre.
883 4635 1018 4705 Qui,
1054 4640 1258 4709 utjam
1290 4641 1401 4695 sibi
1434 4640 1805 4712 propositum

154 4706 331 4784 ﬁnem
349 4708 681 4779 attingeret,
703 4710 1095 4784 undequaque
1114 4706 1457 4782 argumenta
1479 4706 1730 4784 exquirit
1751 4717 1808 4766 et

143 4778 837 4856 coll_igit,nor._’t_antumut
855 4778 1101 4835 illaA'cta
1116 4778 1415 4853 tamquam
1432 4778 1809 4856 supposititia

150 4851 394 4923 rejiciat,
418 4853 517 4907 sed
540 4852 600 4906 in
621 4870 687 4908 ea
703 4853 876 4907 etiam
897 4858 1199 4923 tamquam
1221 4851 1806 4911 multariim'hzerese-

147 4936 221 4996 on
255 4922 443 4996 fontes
474 4924 764 4980 declamat
786 4929 843 4979 et
864 4922 1271 4981 debacchatur.
1299 4930 1476 4996 Cujus
1498 4927 1803 4982 achatolici

150 4992 409 5072 hominis
439 5000 745 5072 versutum
778 5001 953 5066 atque
974 4992 1643 5072 malignum‘in'genium,
1669 5015 1799 5053 cum

147 5066 211 5136 in
238 5066 425 5136 varias
459 5067 741 5123 nimirum
764 5066 1167 5124 accusationes
1188 5074 1243 5124 et
1260 5066 1802 5136 simulationes,Ar-

149 5133 349 5211 chelao
370 5139 644 5209 episcopo
663 5143 719 5193 et
735 5140 1005 5195 universo
1026 5140 1446 5197 catholicorum
1471 5142 1643 5197 ccetui
1670 5133 1800 5211 pro-

147 5221 282 5285 rsus
303 5208 643 5285 injuriosas,
663 5227 964 5285 erumpere
982 5230 1191 5268 ausum
1212 5214 1390 5269 fuisse
1407 5208 1799 5285 deprehende-

147 5281 353 5359 rimus,
386 5298 459 5359 ne
486 5281 648 5359 falsas
681 5281 913 5359 critices
946 5286 1410 5359 assentatoribus
1442 5281 1560 5340 alta
1591 5301 1797 5359 sapere

147 5350 431 5420 videatur,
447 5353 664 5409 idcirco
684 5359 879 5410 noster
900 5356 958 5410 in
978 5356 1280 5412 veritatem
1302 5374 1466 5413 amor
1486 5372 1553 5411 ea
1565 5350 1798 5412 silentio

146 5424 637 5499 praterirehaud
665 5428 879 5499 patitur
902 5427 1117 5499 ;igitur
1140 5446 1153 5495 ;
1178 5429 1443 5485 Archelai
1475 5431 1798 5485 sententias

146 5495 205 5546 et
233 5510 385 5551 novas
420 5495 561 5553 illus
586 5495 997 5570 disputationis
1028 5505 1375 5573 argumenta
1402 5502 1461 5557 in
1486 5501 1675 5558 varias
1694 5502 1797 5556 tri-

215 5636 287 5714 (a)
320 5638 678 5714 §eausobre,
701 5638 812 5714 _l_ib.
847 5656 866 5696 ι
897 5641 1043 5697 Hist.
1077 5642 1331 5698 Manich.
1365 5660 1489 5714 cap.
1526 5646 1610 5700 10.

216 5708 289 5850 Eb)
320 5709 675 5779 Beausobre,
701 5711 804 5767 lib.
838 5729 876 5782 r,
911 5729 1038 5786 cap.
1064 5716 1151 5782 10,
1184 5732 1314 5787 pag,
1342 5708 1454 5771 113'
1472 5720 1529 5771 et
1556 5731 1722 5787 seqq.

236 5779 283 5850 c)
314 5779 706 5839 Gothofredus
733 5782 993 5850 Arnald.,
1026 5787 1085 5842 in
1118 5787 1383 5845 Ecclesia
1406 5791 1463 5845 et
1491 5786 1722 5845 haeretis

236 5779 283 5852 c)
314 5779 706 5839 Gothofredus
733 5779 1000 5855 Aruald.,'
1026 5787 1085 5842 in
1118 5779 1383 5845 Ecclesia
1406 5791 1463 5845 et
1491 5779 1792 5845 heretico-

1949 1771 2318 1851 videbantur.
2362 1784 2478 1833 Nec
2521 1771 3014 1851 enimrconsilium
3060 1778 3184 1828 erat
3221 1771 3617 1851 apologaticas

1944 1850 2304 1921 theologicas
2328 1856 2629 1903 contexere
2655 1848 3120 1921 dissertationes,
3146 1845 3243 1898 sed
3263 1841 3625 1921 Manichaeo-

1944 1937 2075 1976 curu
2092 1914 2417 1986 historiam,
2446 1923 2615 1991 quasi
2634 1921 2693 1973 in
2714 1917 3062 1991 breviarium
3082 1921 3286 1991 escort
3307 1915 3357 1968 is
3373 1914 3615 1991 authen-

1939 1984 2664 2064 ticisquemonumentiset
2678 1984 3617 2064 auctoribuscolligere;quemad-

1944 2058 2315 2135 modumjam
2337 2062 2805 2135 praestantissimi
2823 2060 2927 2113 viri
2944 2059 3087 2135 alias
3101 2058 3612 2135 etaliashistorias

1942 2128 2323 2208 l’elagiauoru
2335 2128 2389 2189 in
2402 2180 2415 2201 ,
2435 2136 2886 2208 Donatistarum,
2906 2138 2943 2184 Α
2957 2132 3372 2208 rianorum_,_Eu
3384 2128 3513 2199 tych
3525 2128 3600 2208 ia-

1942 2199 2177 2278 noruum,
2194 2199 2513 2262 etaliorum
2528 2207 2866 2260 haereticoru
2879 2221 2931 2257 m
2950 2204 3049 2280 qui
3078 2200 3426 2280 catholicam
3442 2199 3597 2280 .reli-

1942 2274 2172 2351 gionem
2187 2296 2562 2349 corrumpere
2576 2281 2898 2351 etevertere
2918 2274 3031 2327 nisi
3047 2278 3207 2351 sunt,
3226 2274 3600 2351 conscripse-

1942 2343 2098 2406 runt.
2118 2354 2223 2405 Sed
2242 2343 2517 2421 quoniam
2535 2365 2668 2403 cum
2686 2350 2743 2401 in
2760 2343 3599 2422 percurrendo_Beaus_ohriano

1939 2424 2201 2494 opere(a)
2218 2414 2434 2493 passim
2448 2422 2588 2494 talia
2602 2414 2883 2494 tantaque
2897 2416 3261 2494 mendaciaet
3272 2414 3600 2494 calumnias

1940 2487 2315 2550 offendissem
2331 2487 2971 2566 ,crassiscircumtusas
2995 2487 3267 2566 tenebris,
3284 2487 3491 2566 neniis
3512 2491 3601 2564 at-

1941 2583 2051 2633 que
2073 2563 2743 2637 sophismatibuslucem
2758 2561 3018 2637 aliquam
3039 2560 3566 2637 aﬂ'errerecogitavi
3580 2597 3594 2622 ,

1942 2628 2058 2709 qua
2080 2628 2248 2708 quasi
2278 2636 2397 2691 sole
2411 2652 2479 2709 ei;
2508 2628 3200 2709 Orientediluerenturct
3223 2628 3596 2709 ingerentur:

1940 2700 2172 2780 Alioqui
2187 2710 2244 2762 in
2264 2709 2297 2762 h
2310 2709 2363 2777 uj
2376 2725 2443 2761 us
2460 2706 2714 2781 heretici
2732 2700 3156 2781 hominismala
3169 2700 3598 2781 ﬁdedumtaxat

1938 2774 2305 2852 indigitanda
2320 2774 2367 2834 si
2393 2774 2972 2853 pers_titissem,lacile
2993 2774 3298 2853 prissentis
3316 2774 3598 2853 temporis

1938 2846 2174 2917 eruditi,
2203 2853 2298 2921 qui
2334 2846 2446 2905 non
2481 2850 2594 2903 nisi
2634 2850 2691 2901 in
2724 2864 2937 2921 rerum
2968 2846 3183 2898 cortice
3212 2858 3341 2921 sese
3369 2846 3590 2907 amant,

1940 2925 2036 2979 67
2074 2917 2480 2979 existimarent
2496 2919 2929 2994 Beausobriana
2950 2917 3445 2994 argumenta-esse
3466 2929 3596 2967 ma-

1930 2996 2065 3065 jora
2096 3012 2272 3066 quam
2291 2999 2398 3049 uta
2414 2991 2580 3048 nobis
2600 2990 2784 3045 refelli
2804 2994 3063 3066 possent,
3083 2987 3131 3066 si
3157 2986 3589 3066 breviterpers-

1941 3055 2353 3136 tringéremus,
2374 3070 2562 3139 antea
2584 3055 3384 3139 prorsusdissimularemus.
3409 3055 3589 3139 pujus

1940 3139 2020 3193 rei
2045 3126 2109 3193 ut
2128 3126 2364 3193 initium
2396 3126 2704 3209 faciamus,
2723 3133 2921 3209 licebit
2942 3130 3129 3209 primo
3160 3128 3391 3209 aliquas
3411 3126 3589 3209 hujus

1930 3210 2127 3265 Batavi
2153 3210 2457 3280 scriptoris
2477 3200 3011 3280 animadversiones
3034 3200 3265 3280 silentio
3290 3200 3584 3280 printer-ire

1930 3282 2039 3351 (b);
2063 3269 2477 3349 eas,vid.elieet,
2508 3278 2723 3348 quibus
2746 3276 2985 3351 pingere
3004 3278 3250 3326 conatus
3269 3276 3358 3351 est
3376 3269 3587 3351 Arche-

1928 3342 2087 3407 laum
2120 3342 2791 3426 episcopum,tamguam
2812 3342 3111 3426 hominem
3126 3360 3191 3397 su
3204 3342 3377 3422 perbe
3394 3342 3466 3395 de
3483 3357 3584 3395 an-

1925 3416 2213 3479 tecedenti
2255 3416 2548 3493 reportata
2584 3416 2828 3493 victoria
2844 3416 3215 3493 gloriantem,
3247 3416 3348 3483 qui
3387 3428 3584 3493 coram

1926 3496 2236 3551 humiliato
2261 3483 2438 3565 atque
2469 3492 2691 3565 devicto
2720 3483 3230 3565 ini_ni_ico_;_iterum
3262 3483 3417 3555 apud
3438 3483 3581 3565 ρίο-

1924 3570 2187 3623 doridem
2212 3555 2406 3622 vicu‘m
2422 3580 2483 3619 se
2504 3563 2708 3618 sistere
2728 3560 2929 3629 voluit,
2949 3558 3292 3624 Diodorum,
3317 3570 3416 3629 seu
3438 3555 3576 3627 Try-

1922 3640 2175 3711 phonem
2186 3681 2199 3706 ,
2219 3640 2621 3711 presbyterum
2635 3626 3011 3711 obstringens
3023 3630 3337 3711 incoeptum
3350 3626 3585 3711 abrum-

1922 3698 2055 3782 pere
2088 3698 2511 3782 certumeuaut
2540 3708 2664 3782 ipse
2694 3721 2829 3782 cum
2853 3698 3078 3782 hjanete
3100 3698 3308 3782 novam
3342 3698 3576 3782 det-idsi

1920 3769 2096 3838 rebus
2128 3769 2613 3838 concertationem
2645 3777 2838 3831 iniret.
2870 3776 3185 3850 Dumtaxat
3220 3770 3378 3850 haud
3401 3769 3578 3850 dissi-

1920 3856 2156 3909 mulabo
2172 3850 2848 3925 episcopiinChristianaa
2862 3844 3163 3917 religionis
3177 3858 3269 3925 res
3283 3841 3573 3925 studium,

1920 3943 1986 3981 su
1999 3912 2281 3996 perbiam,
2300 3912 2590 3979 tumorem
2613 3927 2789 3996 atque
2802 3912 3058 3996 furorem
3075 3913 3421 3996 appellasse,
3439 3912 3571 3982 plu-

1918 3984 2397 4067 rimumque'ipsi
2426 3994 2670 4067 Manetis
2694 3984 2911 4067 agendi
2938 3984 3226 4067 rationem
3259 3984 3571 4067 etioquen-

1918 4070 1975 4123 di
1994 4055 2275 4124 formulas
2289 4055 2681 4137 displicuisse.
2701 4055 2843 4138 Cum
2862 4055 3569 4138 videlicethaereticusAr-

1918 4141 2185 4195 chelaum
2214 4129 2540 4193 obtestatus
2572 4141 2660 4190 est
2690 4140 2754 4187 ut
2777 4132 2887 4188 sibi
2916 4132 3083 4184 daret
3102 4129 3414 4193 incoeptam
3434 4140 3567 4179 cum

1916 4213 2255 4283 presbytero
2288 4209 2743 4283 disputationem
2775 4204 2847 4259 ad
2871 4198 3452 4283 exitumpe‘rducere‘,
3476 4212 3567 4283 va-

1915 4269 2540 4354 rituspropterea‘cum
2572 4276 2866 4354 episcopo,
2890 4270 3236 4354 auctoritate
3259 4269 3569 4354 dignitate-

1958 4371 2028 4409 ue
2050 4342 2161 4409 sibi
2184 4342 2575 4423 superiorede
2604 4342 3303 4423 religionisdogmatibus
3324 4345 3570 4423 conten-

1958 4372 2028 4409 ue
2050 4372 2161 4409 SlDl
2184 4372 2483 4423 superiore
2505 4372 2575 4404 ue
2605 4372 2905 4417 religionis
2928 4372 3303 4415 uugumuuuu
3324 4372 3570 4421 γυυισιι-

1916 4372 2072 4480 gere.
2095 4427 2275 4481 Grave
2293 4422 2614 4495 absurdum
2629 4421 2756 4487 (ait)
2781 4416 3111 4495 fuitisthsec
3130 4414 3379 4495 verbain
3396 4410 3571 4491 haere-

1917 4498 2016 4552 tici
2037 4497 2295 4552 hominis
2314 4512 2410 4551 ore
2433 4493 2782 4562 confingere.
2802 4490 2908 4554 Qui
2924 4505 3039 4544 non
3056 4491 3288 4563 tantum
3305 4490 3432 4563 jam
3454 4490 3570 4563 pri-

1917 4570 2051 4625 dem
2077 4569 2306 4641 publice
2333 4583 2507 4641 super
2524 4553 2971 4641 novadogmata
2993 4574 3127 4614 cum
3144 4553 3422 4641 Archelao
3443 4553 3566 4641 dis-

1917 4624 2102 4698 seruit
2131 4658 2143 4695 :
2168 4641 2269 4696 sed
2293 4624 2491 4704 etiam,
2512 4635 2729 4692 nefarie
2746 4624 3031 4695 tumidus,
3055 4646 3117 4684 se
3132 4625 3371 4704 vocitari
3393 4624 3567 4704 aude-

1915 4696 2015 4769 bat
2049 4713 2261 4768 Christi
2272 4696 2625 4779 discipulum,
2659 4703 3193 4779 apostolumlesumt
3212 4696 3565 4779 Paracletum

1913 4803 1947 4839 a
1964 4767 2079 4840 VDei
2100 4767 2238 4840 Filio
2251 4767 2597 4855 promissum.
2617 4767 2803 4855 am
2819 4773 3226 4855 gravissimam
3248 4767 3565 4855 ditﬁ‘culta-

1914 4862 2056 4923 tem,
2090 4873 2224 4911 cum
2251 4841 2643 4912 Gothofredus
2674 4841 2908 4923 Arnoldi
2935 4843 3303 4923 cognovisset
3320 4843 3412 4910 (c),
3452 4841 3561 4923 Ar-

1914 4916 2097 4983 chelai
2130 4930 2271 4983 Acta
2300 4916 3564 5000 authenticaessesibipersuaden’s,‘cogita:

1911 4982 2005 5053 viti
2025 4982 2287 5054 officiosa
2315 4998 2417 5053 illa
2444 4996 2621 5051 verba
2645 4992 2899 5066 subdole
2919 4982 2981 5066 et
3004 4988 3221 5045 ironice
3256 4987 3345 5057 (ut
3375 4982 3558 5066 aiunt)

1914 5052 1961 5125 a7
1979 5052 2206 5125 Maneto
2232 5052 2413 5124 t‘uisse
2440 5066 2685 5138 prolata,
2720 5069 2785 5138 ut
2812 5062 3083 5138 videlicet
3112 5052 3460 5138 praecaveret
3488 5052 3563 5138 il-

1912 5124 2028 5196 lam
2050 5124 2646 5209 confusionemlquam
2674 5124 2863 5207 primo
2877 5135 3031 5207 apud
3049 5124 3398 5209 Cascharam
3422 5124 3562 5209 sub-

1913 5213 1996 5268 ire
2024 5214 2214 5287 fuerat
2244 5196 2504 5287 coactus;
2527 5196 3065 5287 potis'simum‘cum
3089 5206 3147 5287 in
3179 5215 3355 5287 spem,

1912 5290 2142 5341 ceretur
2171 5284 2395 5339 facilius
2413 5283 2812 5353 presbyterum
2835 5295 3009 5352 quam
3024 5282 3363 5353 episcopum
3392 5282 3565 5353 posse

1909 5338 2607 5429 superare.70uale'igitur'
2624 5338 2946 5429 absurdum
2969 5367 3037 5429 er
3049 5338 3172 5429 tam
3199 5338 3453 5429 n'aturnli
3468 5354 3562 5429 erc-

1907 5411 2221 5503 ὖιίὲείῑὸιὲθ
2239 5411 2567 5503 ~sequitur.
2603 5425 2804 5503 Plane.
2830 5440 2943 5479 non
2974 5420 3171 5503 νίεὲροτ.
3194 5429 3335 5503 θυαὶ
3366 5411 3562 5503 ΡΨ-

1905 5495 2155 5557 ticorum
2172 5495 2482 5556 hominum
2502 5495 2767 5555 studium
2791 5495 2850 5550 in
2874 5511 2940 5551 eo
2967 5495 3346 5566 potissimum
3362 5499 3562 5540 verse-

1903 5663 2035 5792 guzrrli
2069 5645 2346 5775 Htistoria,
2376 5643 2592 5701 Gallice
2617 5641 2858 5714 scripta,
2888 5643 3032 5694 tom.
3058 5640 3103 5707 Ι,
3129 5632 3235 5690 lib.
3254 5646 3342 5704 ιιι,
3370 5645 3477 5703 cap
3499 5630 3555 5699 7,

2064 5734 2091 5776 e
2150 5733 2315 5790 seqq.

2064 5733 2121 5776 et
2150 5733 2315 5790 seqq.
