3960 6176
170 169 285 230 889

885 167 987 227 DE
1030 167 1640 230 MANICHEORUM
1686 168 1995 232 HIERESI
2041 171 2142 232 ET
2187 170 2556 232 HISTORIA
2603 171 2751 233 LIB.
2788 171 2865 232 ll.

3467 175 3586 235 890

176 298 634 388 Persids,‘sled‘in
653 298 765 355 alia
783 298 1080 388 provincia
1100 316 1215 355 non
1239 300 1492 356 multum
1517 301 1688 373 longe
1710 302 1826 357 dis-
1852 305 1907 372 Α
1938 302 2229 388 caesisque.
2273 302 2751 385 quamplurimis,
2768 376 2781 388 ‘
2801 303 3028 359 vinctos
3087 306 3354 388 satyapas
3379 305 3582 388 misit,

177 372 307 427 sita.
330 372 514 427 Addit
540 376 1367 429 A8880!80U81MBSOPOTAMIE
1388 372 1714 429 smscosbm
1730 390 1822 430 υθ-

174 454 260 499 cat
282 444 340 517 δῖ.
374 446 747 517 Hieronymus
766 446 823 517 in
849 443 1021 499 Calal.
1042 460 1168 516 cap.
1194 446 1299 513 72;
1339 447 1513 501 locum
1548 449 1830 517 episcopa-

174 525 260 571 lus
289 516 542 585 designat
571 516 625 571 S.
661 516 1003 587 Epiphanius
1031 518 1227 572 haeresi
1245 518 1315 571 66
1340 542 1354 583 ;
1381 516 1653 584 Socrates,
1689 516 1783 573 lib.
1811 536 1830 573 ι

175 590 312 643 Hist.
346 589 665 643 Ecclesiasl.
695 604 815 659 cap.
848 589 940 655 22,
969 597 1019 644 cl
1042 589 1270 644 Photius
1300 588 1396 643 lib.
1421 593 1623 645 contra
1652 591 1824 645 Mani-

175 660 366 724 chzos,
390 660 683 714 videlicet:
704 662 931 727 Cascar,
946 659 1037 715 vel
1058 660 1319 725 Carchar,
1340 662 1825 731 indeclmabilitcr,

179 740 274 787 aut
290 731 509 802 plurali
520 733 604 786 υθι
617 733 895 802 singulari
910 748 1142 787 numero
1162 731 1511 794 Caschara.et
1526 734 1827 803 Carchara,

174 818 306 930 guis
346 802 477 857 urbs
501 805 561 857 in
590 804 983 875 MesOpolamiw
1006 804 1209 873 ﬁnibus
1231 809 1341 859 sila
1373 806 1572 860 Cascar
1601 802 1831 861 malunt

217 874 301 930 vri
332 874 713 930 antiquiores.
752 874 984 930 Garaar.
1009 892 1108 930 seu
1145 876 1368 930 Carcar.
1393 876 1478 930 vel
1513 876 1722 930 Carcha
1746 894 1829 930 re-

217 874 713 947 yriantiquiores,
732 874 984 945 ’Gargar,
1009 892 1108 930 seu
1145 876 1368 942 Carcar,
1393 876 1478 931 vel
1513 876 1722 932 Carcha
1746 894 1829 932 re-

174 945 482 1018 cautiores.
518 945 661 1018 Non
690 963 933 1018 possum
969 952 1163 1003 tamen
1196 947 1573 1003 dissimulare
1605 949 1823 1004 doctis-

174 1018 391 1073 simum
427 1017 582 1091 bunc
613 1017 805 1091 virum
837 1019 975 1074 alibi
1009 1021 1079 1074 de
1131 1019 1239 1074 bac
1272 1020 1414 1074 urbe
1446 1021 1822 1091 disseruisse,

174 1094 228 1164 et
257 1090 555 1164 descripto
585 1090 846 1164 catalogo
877 1091 1280 1162 episcoporum
1312 1091 1471 1164 illius
1502 1092 1665 1148 urbis
1696 1090 1828 1164 post

170 1162 388 1216 Marem
415 1161 796 1234 Archelaum,
829 1161 1095 1217 nostrum
1148 1162 1548 1230 constituisse,
1581 1161 1826 1234 eamque

168 1234 374 1287 urbem
410 1232 469 1287 in
507 1235 813 1288 Persarum
844 1234 1062 1288 finibus
1093 1239 1519 1299 constructam,
1552 1237 1620 1289 ad
1652 1232 1821 1290 Chal-

167 1306 428 1360 deorum
463 1305 826 1375 provinciam
860 1306 1152 1376 pertinere
1184 1306 1534 1361 afﬁrmasse.
1561 1307 1706 1370 Quid
1742 1312 1826 1361 ta-

168 1392 301 1449 men
336 1376 385 1449 si
420 1393 534 1431 non
588 1377 789 1449 eadem
840 1393 1072 1449 semper
1128 1376 1555 1447 provinciarum
1591 1379 1821 1448 divisio,

166 1448 234 1503 ob
266 1447 560 1502 bellorum
591 1447 1032 1520 vicissitudines
1062 1456 1117 1503 et
1149 1450 1391 1503 Romani
1424 1449 1653 1520 imperii
1688 1447 1824 1503 mn-

165 1520 420 1574 tationes
442 1520 525 1593 _ab
557 1520 815 1593 antiquis
847 1519 1236 1593 scriptoribus
1269 1526 1446 1593 atque
1477 1519 1824 1593 geographia

166 1594 402 1645 servata
434 1590 656 1646 fuerit?
683 1590 1233 1662 Poterant'quidem
1268 1590 1535 1662 Romani,
1569 1590 1669 1662 qui
1695 1590 1821 1647 ’Μο-

165 1662 508 1749 εοροὲαωξω
538 1665 881 1749 rebusntum
936 1663 1416 1749 dominabantur.
1447 1662 1820 1749 Qarcharam,
1849 1684 1897 1749 B

165 1732 266 1789 seu
298 1732 672 1803 Cascharam,
705 1733 866 1789 illius
899 1735 1205 1805 provincias
1248 1738 1513 1805 prielecto
1545 1751 1646 1790 seu
1683 1752 1813 1806 pro-

162 1806 393 1860 consuli
426 1806 742 1877 regendam
763 1806 1042 1874 tribuere,
1062 1822 1309 1877 eamque
1338 1806 1498 1862 illius
1526 1806 1814 1877 subjicere

164 1877 403 1945 ditioni,
436 1876 518 1931 ita
550 1882 613 1950 ut
650 1877 965 1948 scriptores
1010 1880 1397 1950 postmodum,
1429 1879 1499 1933 de
1531 1894 1598 1932 ea
1627 1878 1814 1933 disse-

162 1953 382 2015 rentes,
407 1948 599 2019 magis
620 1950 989 2005 attendentes
1009 1948 1081 2005 ad
1105 1949 1452 2004 monarchiae
1473 1951 1613 2019 jura
1635 1965 1813 2020 quam

161 2022 227 2075 ad
263 2020 533 2076 locorum
566 2020 821 2092 plagam,
855 2037 982 2076 eam
1024 2022 1082 2075 in
1133 2021 1559 2092 Mesopotamia
1594 2021 1814 2076 finibus

160 2093 419 2174 positam
451 2108 587 2174 esse
613 2093 1093 2174 asseveraverint.
1127 2092 1552 2174 Cujusquippe
1582 2094 1663 2174 rei
1689 2109 1813 2161 gra-

157 2165 408 2220 vissima
447 2164 840 2236 fundamenta
873 2164 1041 2219 nobis
1074 2165 1409 2236 suppeditat
1437 2164 1565 2235 ipsa
1598 2168 1810 2218 Roma-

158 2252 376 2291 narum
409 2251 605 2290 rerum
638 2234 906 2302 historia,
938 2253 1006 2291 ex
1039 2234 1165 2361 qua
1184 2234 1517 2306 colligimus
1555 2236 1626 2289 ab
1658 2251 1812 2291 anno

158 2308 265 2361 235
296 2306 513 2361 Christi
540 2307 610 2361 ad
642 2308 750 2361 276
782 2307 987 2361 Persas
1018 2324 1050 2361 a
1078 2308 1282 2361 insnue
1316 2308 1536 2361 vicinos
1565 2307 1812 2361 nonulos

158 2308 265 2362 235
296 2306 513 2362 Christi
540 2307 610 2361 ad
642 2308 750 2361 276
782 2307 987 2363 Persas
1018 2306 1282 2377 aliusque
1316 2308 1536 2361 vicinos
1565 2307 1813 2377 papulos

160 2378 439 2433 maximis
470 2378 753 2433 bellorum
780 2378 1046 2433 cladibus
1068 2379 1249 2433 fuisse
1271 2379 1538 2448 agitatas.
1577 2380 1650 2432 De
1670 2382 1809 2431 Gor-

158 2449 528 2522 dianorenim
575 2450 827 2522 legimus
876 2451 1107 2522 magnis
1155 2449 1332 2522 copiis
1374 2456 1577 2522 contra
1606 2449 1811 2505 Persas

157 2521 543 2604 potissimum
594 2520 1131 2604 tetendisse,nanno
1177 2520 1408 2604 imperii
1459 2520 1687 2602 quinto,
1738 2522 1811 2604 ab

154 2592 354 2663 iisque
384 2592 593 2648 Carras
622 2592 871 2657 Nisibin,
906 2592 1135 2663 aliaque
1173 2593 1389 2663 oppida
1418 2593 1722 2662 recepisse,
1757 2597 1814 2647 et

156 2665 400 2719 eosdem
437 2663 494 2717 in
540 2665 836 2734 regionem
870 2681 1039 2719 suam
1089 2663 1467 2735 compulisse.
1518 2669 1640 2719 Non
1670 2663 1813 2735 latet

155 2736 443 2791 Gordiani
474 2752 869 2792 successorem
920 2752 1054 2791 cum
1100 2734 1315 2807 Sapere
1345 2736 1525 2805 hujus
1556 2734 1812 2790 nominis

156 2809 357 2879 primo
399 2807 705 2861 Persarum
754 2823 890 2878 rege
938 2824 1136 2878 pacem
1184 2806 1668 2879 constituisse,et
1699 2808 1809 2879 llo—

158 2848 325 2934 lmam
360 2893 693 2950 regressum
726 2848 908 2934 fuisse
930 2848 1078 2945 reed
1114 2880 1289 2933 iidem
1322 2848 1708 2933 Orientalium
1740 2878 1809 2932 li-

157 2954 339 3006 mites
384 2950 565 3004 armis
614 2951 972 3011 invadentes,
1021 2950 1392 3007 Antiochiam
1444 2950 1808 3021 diripientes,

1940 377 2107 447 quasi
2126 375 2358 431 vicisset
2376 376 2521 447 ipse,
2542 376 2906 447 triumphare
2928 393 3043 432 non
3066 375 3301 431 erubuit
3320 376 3415 446 (a).
3432 379 3586 430 Hanc

1938 448 2239 503 victoriam
2272 448 2494 504 notavit
2532 449 2876 515 Trebellius,
2924 465 3075 503 coss.
3108 447 3368 502 Gallieno
3399 454 3456 501 et
3483 452 3587 503 Sa-

1938 522 2200 589 turnino,
2233 521 2330 590 qui
2382 528 2469 576 est
2516 519 2730 574 Christi
2762 536 2954 574 annus
3000 520 3126 573 264.
3180 520 3265 573 Ab
3300 518 3407 573 hoc
3437 535 3586 573 anno

1939 593 2156 664 itaque,
2193 608 2380 662 usque
2429 592 2496 645 ad
2550 592 2727 645 Marci
2771 592 2993 646 Aurelii
3043 591 3214 664 Probi
3248 591 3584 664 imperium,

1938 661 2092 734 quod
2127 664 2390 788 contingit,
2421 668 2485 717 ut
2513 663 2795 731 vidimus,
2827 680 2981 718 anno
3004 664 3132 731 276,
3165 661 3418 717 Orientis
3449 666 3583 716 Per-

1939 751 2137 788 sarum
2170 750 2237 788 ac
2327 736 2703 788 esonotamiaa
2735 751 2826 788 res
2858 739 3116 788 mutatas
3164 734 3367 788 fuisse.
3398 733 3583 788 scrin-

1939 733 2137 790 Sarum
2170 750 2237 788 ac
2267 733 2703 805 Mesopotamia:
2735 751 2826 789 res
2858 739 3116 789 mutatas
3164 734 3367 805 fuisse,
3398 733 3583 805 scrip-

1937 810 2094 862 tores
2128 821 2241 861 non
2274 804 2539 861 tradunt.
2575 806 2763 868 Quare
2794 822 2925 860 cum
2968 804 3391 861 rationabiliter
3419 804 3583 859 colli-

1936 894 2072 949 gere
2103 878 2403 949 possimus
2435 879 2699 932 eamdem
2747 894 2990 947 prorsus
3020 894 3053 931 a
3083 876 3362 931 Romanis
3406 877 3582 949 ratio-

1938 947 2068 1004 nem
2097 947 2688 1020 jurisdictionemque
2706 955 2989 1003 servatam
3013 951 3213 1013 fuisse,
3234 964 3347 1020 non
3372 947 3582 1003 mirum

1936 1022 1983 1075 si
2016 1018 2340 1078 Archelaus
2371 1018 2790 1092 disputationis
2820 1026 3042 1082 auctor.
3068 1018 3283 1092 utvult
3313 1024 3582 1075 Assema-

1935 1110 2068 1161 nus,
2102 1090 2670 1164 aut'Hsgemonius,
2724 1092 2824 1162 qui
2878 1098 3059 1147 totam
3108 1090 3267 1164 illam
3301 1098 3582 1164 Actorum

1935 1165 2143 1219 seriem
2179 1162 2512 1234 descripsit.
2539 1168 2764 1218 servato
2798 1178 2992 1218 rerum
3016 1168 3070 1217 et
3103 1162 3333 1233 imperii
3357 1163 3581 1233 ordine,

1933 1251 2061 1290 eam
2098 1236 2300 1290 urbem
2336 1236 2766 1306 Mesopotamia
2794 1236 3143 1304 attribuerit,
3177 1243 3234 1289 et
3263 1236 3321 1289 in
3355 1235 3483 1303 ejus
3516 1236 3582 1288 fi-

1934 1309 2109 1362 nibus
2141 1307 2311 1361 sitam
2337 1323 2465 1361 esse
2496 1306 2869 1377 dixerit,quas
2901 1306 3107 1361 deinde
3138 1307 3197 1360 in
3222 1307 3583 1376 subsequen-

1934 1379 2092 1433 tibus
2124 1378 2557 1448 provinciarum
2577 1378 2969 1433 divisionibus
2986 1377 3263 1433 Chaldasas
3290 1378 3402 1431 fuit
3421 1378 3582 1432 attri-

1933 1451 2095 1504 buta.
2128 1451 2441 1505 Provinciae
2473 1450 2709 1505 nomine
2758 1451 3068 1521 designare
3120 1449 3397 1520 antiquos
3427 1450 3581 1504 106

1933 1522 2306 1577 consuevisse
2354 1523 2619 1593 regiones
2648 1520 2825 1593 bello,
2854 1520 3014 1576 citra
3048 1521 3271 1593 Italiam
3321 1521 3583 1575 devictas

1933 1599 2107 1661 atque
2156 1592 2454 1659 subactas,
2496 1608 2746 1665 quarum
2779 1592 2905 1647 aliis
2937 1592 3295 1665 consulares,
3330 1593 3398 1646 ad
3433 1609 3582 1662 quas

1929 1665 2341 1735 gubernandas
2375 1663 2758 1735 proconsules
2792 1665 3197 1731 mittebantur,
3223 1663 3583 1735 aliaapraeto-

1927 1734 2045 1807 rgias,
2079 1736 2148 1790 ad
2175 1751 2322 1805 quas
2355 1734 2652 1807 pratores,
2677 1752 2744 1790 ex
2765 1736 3059 1791 veteribus
3082 1734 3467 1805 scriptoribus
3492 1752 3579 1807 sa-

1923 1806 1997 1888 tis
2027 1806 2387 1889 esploratum
2413 1813 2511 1889 est.
2662 1808 2823 1889 Quod
2856 1824 2989 1889 cum
3022 1807 3316 1889 fiebst,.in_
3343 1806 3578 1889 provin-

1922 1880 2027 1934 cias
2052 1877 2293 1934 formam
2330 1880 2511 1951 redigi
2545 1877 2908 1951 dicebantur.
2942 1882 3057 1934 Nec
3091 1878 3233 1951 mihi
3265 1877 3580 1947 objiciatur

1924 1951 1995 2004 de
2024 1951 2199 2006 Carra
2229 1955 2286 2005 et
2316 1950 2500 2006 Nisibi
2550 1950 2605 2004 id
2639 1967 2842 2005 verum
2896 1952 3037 2016 fore,
3075 1950 3209 2020 quia
3242 1965 3445 2004 earum
3476 1966 3575 2003 ur-

1922 2021 2086 2077 bium
2121 2022 2517 2077 Romanorum
2552 2022 2799 2093 imperio
2831 2023 3208 2076 subactarum
3233 2036 3575 2092 expressam

1922 2096 2133 2176 fac-tam
2168 2094 2731 2176 fuisse-mentionem
2784 2094 3147 2176 reperimus;
3181 2093 3260 2160 id,
3305 2097 3573 2176 inquam,

1922 2166 2064 2220 mihi
2101 2182 2213 2220 non
2242 2166 2573 2237 objiciatur.
2608 2167 2748 2220 Nam
2779 2164 3027 2220 aliorum
3062 2180 3296 2237 quoque
3325 2164 3570 2237 oppido-

1923 2253 2052 2291 rum
2082 2236 2436 2292 mentionem
2464 2238 2686 2291 faciunt
2706 2237 3017 2306 scriptores
3035 2237 3165 2305 jure
3187 2236 3319 2291 belli
3343 2253 3410 2290 ex
3434 2236 3567 2290 Per-

1921 2324 2121 2363 sarum
2145 2307 2411 2363 cladibus
2430 2309 2690 2363 Romano
2709 2308 2951 2377 imperio
2973 2308 3331 2362 devictorum
3350 2313 3406 2361 et
3428 2308 3566 2362 sub-

1923 2386 2187 2434 actorum
2214 2398 2227 2445 ;
2266 2396 2512 2450 quorum
2537 2379 2775 2434 nomina
2799 2380 3249 2450 haudquaquam
3275 2380 3568 2449 descripta

1921 2452 2099 2505 fuere.
2118 2450 2443 2505 Verisimile
2462 2452 2640 2521 igitur
2655 2457 2743 2505 est
2766 2452 2919 2522 quod
2944 2450 3201 2520 generali
3221 2450 3319 2504 illa
3338 2466 3571 2520 expres-

1920 2523 2099 2585 sione,
2124 2522 2348 2592 aliaque
2364 2523 2563 2593 oppida
2584 2539 2651 2577 ex
2677 2522 2867 2577 Persis
2885 2522 3243 2593 Gordianum
3265 2522 3553 2593 recepisse,

1918 2594 2265 2648 Cascharam
2300 2592 2403 2647 aut
2428 2595 2732 2650 Carcaram
2757 2596 2936 2649 etiam
2968 2592 3403 2665 comprehendi,
3429 2608 3557 2663 qua:

1921 2666 2229 2721 Persarum
2264 2666 2479 2721 ﬁnibus
2508 2666 2756 2720 vicinior
2784 2670 2927 2720 erat.

1992 2737 2221 2791 Diutius
2247 2743 2442 2792 tamen
2473 2737 2531 2791 in
2565 2736 2656 2792 his
2700 2734 3094 2809 expendendis
3126 2732 3425 2788 immorari
3457 2749 3557 2788 su-

1917 2823 2340 2879 pervacaneum
2354 2825 2482 2864 esse
2496 2809 3053 2864 duco.Potissimum
3068 2823 3199 2861 cum
3216 2808 3564 2879 argumenta

1919 2878 2048 2949 quae
2082 2886 2375 2951 postremo
2420 2880 2544 2935 loco
2592 2881 2922 2935 Beausobre
2952 2880 3022 2949 (c)
3053 2878 3295 2951 subjicit
3325 2893 3564 2951 prorsus

1920 2948 2188 3022 negativa
2219 2952 2373 3020 sint;
2405 2954 2718 3023 desumpta
2736 2948 3009 3006 videlicet
3037 2967 3106 3004 ex
3128 2948 3564 3023 silentioscrip-

152 3024 353 3076 varias
385 3022 653 3093 regiones
704 3025 870 3077 Rom.
919 3022 1123 3078 ditioni
1156 3023 1454 3093 subjectas
1500 3019 1809 3092 populatos
1840 3049 1883 3116 Ο
1922 3019 2113 3078 torum
2146 3019 2441 3094 Syrorum,
2475 3019 2725 3149 quorum
2758 3023 3050 3078 scribendi
3085 3038 3297 3090 scopua
3321 3019 3421 3074 ille
3450 3036 3565 3101 non

154 3094 365 3149 fuisse.
428 3109 575 3149 auos
633 3093 885 3149 denique
944 3093 1240 3149 Odenatus
1306 3093 1806 3149 Palmvremorum
1922 3100 2066 3149 erat.
2100 3100 2163 3149 ut
2193 3096 2263 3149 de
2313 3096 2493 3149 Arche
2520 3112 2589 3149 ao
2635 3096 2881 3149 eiusque
2928 3092 3342 3149 disnutatione.
3376 3107 3565 3146 omni-

2464 3112 2493 3150 6

154 3094 365 3176 fuisse,
428 3093 885 3176 quos-denique
944 3093 1240 3176 Odenatns
1278 3093 1806 3176 .Palmyremorurn

154 3165 423 3229 decurio,
457 3165 550 3219 cui
582 3165 833 3220 Zenobia
862 3174 1162 3236 nupserat,
1186 3165 1410 3220 fortiter
1438 3165 1807 3235 compressit,

154 3254 215 3292 ac
246 3242 581 3292 Romanam
614 3252 733 3292 rem
781 3236 1083 3300 sustinuit,
1117 3253 1249 3291 cum
1300 3236 1525 3307 regium
1561 3236 1671 3290 sibi
1707 3252 1809 3290 no-

153 3307 672 3391 men_assuni_psit.
720 3308 774 3391 Is
804 3308 1043 3391 itaque,
1072 3313 1240 3378 capta
1288 3308 1471 3362 Nisibi
1505 3312 1562 3362 et
1591 3307 1806 3391 garris,

154 3380 451 3436 vindicata
510 3378 949 3450 Mesopotamia,
1005 3380 1314 3443 Persarum
1388 3395 1522 3451 rege
1587 3378 1808 3450 fugato,

220 3496 303 3567 (α)
337 3494 634 3561 Petavius,
676 3494 1009 3567 Rationario
1049 3496 1278 3566 Temp.,
1308 3497 1479 3567 part.
1527 3511 1566 3553 ι.
1618 3493 1721 3551 lib.
1752 3510 1808 3560 ν,

158 3566 291 3640 cap.
318 3568 411 3640 12,
441 3583 577 3640 pag.
606 3567 750 3640 28h
783 3571 842 3640 et
878 3566 1119 3640 Victor.,
1152 3566 1700 3640 Euseb.,Zosimus_.

224 3636 297 3709 (ὁ)
330 3636 553 3709 Cicero;
588 3638 658 3693 de
688 3637 944 3712 Legibus
975 3639 1096 3693 184.
1130 3640 1341 3707 Cesar,
1374 3639 1445 3695 de
1476 3638 1630 3694 Bello
1659 3636 1806 3694 Gal].

1922 3100 2066 3161 erat,
2100 3100 2163 3149 ut
2187 3091 2263 3150 de
2313 3091 2589 3151 Archelao
2635 3096 2881 3166 ejusque
2928 3092 3342 3166 disputatione,
3372 3091 3565 3166 omni-

1919 3166 2031 3221 bus
2062 3166 2393 3232 notissima,
2418 3162 2681 3223 facerent
2697 3162 3072 3222 mentionem.
3093 3162 3568 3219 Cumulatissime

1919 3238 2074 3319 enim
2102 3237 2432 3319 illanrefelli‘
2450 3243 2698 3309 possunt
2726 3238 2901 3319 cca-ptis
2923 3242 2979 3291 et
3010 3236 3276 3319 positivis
3299 3234 3569 3319 ‘testimo:

1920 3308 2034 3363 niis
2079 3309 2337 3364 omnium
2394 3305 2722 3365 Graecorum
2774 3309 2878 3363 PP.
2932 3305 3194 3376 cujusvis
3242 3305 3437 3361 aetatis
3468 3305 3567 3377 qui

1919 3385 2052 3451 post
2080 3383 2363 3437 Manetem
2397 3386 2455 3436 et
2481 3381 2827 3437 Archelaum
2861 3380 3211 3435 ﬂoruerunt.

1920 3493 2021 3550 lib.
2059 3496 2107 3562 1,
2141 3511 2268 3566 cap.
2297 3495 2385 3549 45.

1992 3567 2061 3638 (c)
2090 3567 2442 3635 Beausobre,
2475 3566 2577 3625 lib.
2610 3584 2650 3636 ι,
2684 3584 2813 3640 cap.
2848 3566 2935 3623 13.

1302 3858 1674 3955 LIBER
1748 3857 2418 3953 SECUNDUS.

1083 4019 1172 4077 DE
1215 4018 1678 4079 MANICHAIC/E
1716 4018 2102 4077 H/ERESEOS
2140 4016 2633 4076 INCREMENTIS.

740 4206 885 4261 107
920 4204 1152 4262 CAPUT
1183 4204 1225 4261 Ι.

365 4293 669 4365 Scriptoris
692 4293 1013 4351 disserentis
1040 4311 1229 4366 scopus
1254 4295 1591 4366 explicatur.

219 4417 477 4474 Alteram
512 4418 888 4492 Manichaicsa
920 4419 1177 4476 historia:
1220 4423 1444 4492 partem
1480 4419 1807 4476 describere

152 4490 836 4565 aggredientes_,_multzs,
870 4498 926 4547 et
956 4492 1193 4564 quidem
1222 4490 1617 4565 gravissimas,
1650 4492 1805 4547 difﬁ-

153 4563 408 4636 cultates
460 4562 638 4636 nobis
677 4562 1494 4636 _occurrun't;rpotis'simum,
1549 4581 1680 4619 cum
1736 4565 1807 4619 de

1916 4202 2281 4268 cedentibus,
2300 4204 2361 4257 ut
2378 4201 2653 4274 vidimus,
2683 4202 2960 4274 perpetuo
2989 4197 3359 4274 adhte_sit_(a)_.
3384 4198 3563 4274 Cujus

1916 4277 2153 4348 quidem
2188 4275 2398 4348 agendi
2432 4270 2760 4348 rationis—in
2795 4271 2903 4348 hoc
2946 4271 3188 4328 secundi
3220 4270 3353 4325 libri
3384 4270 3561 4325 vesti-

1916 4344 2054 4403 bulo
2102 4344 2398 4419 specimen
2443 4344 2683 4416 aliquod
2742 4344 3012 4419 exhibere
3060 4357 3560 4419 supervacaneum

1917 4414 2209 4484 ducimus,
2243 4435 2377 4474 cum
2410 4414 2616 4488 praeter
2644 4416 2908 4488 exempla
2934 4414 3220 4488 superiori
3266 4414 3415 4488 libro
3444 4415 3561 4488 iam

1915 4492 2151 4561 tradita,
2186 4485 2496 4546 innumera
2526 4488 2641 4545 alia
2674 4485 3355 4561 mendacia—calumniae,
3391 4489 3447 4561 et
3477 4485 3561 4561 fa-

1916 4556 2148 4620 bulosae
2195 4562 2706 4636 interpretationes
2762 4561 3062 4633 eripienda
3111 4557 3432 4636 supersint,
3495 4556 3566 4611 de

148 4635 403 4709 manetis
437 4634 747 4709 discipulis
797 4640 855 4691 et
899 4633 1174 4709 genuinis
1222 4636 1583 4709 nominibus,
1606 4653 1807 4709 eorum
1839 4636 1887 4701 D
1920 4636 2135 4709 quibus
2162 4653 2270 4692 suo
2300 4633 2426 4709 loco
2465 4640 2521 4690 et
2553 4639 2811 4706 tempore
2860 4650 2926 4709 ea
2956 4636 3235 4687 annotare
3266 4633 3441 4709 atque
3466 4644 3565 4709 _re-

148 4708 255 4780 qni
289 4707 443 4763 hanc
472 4706 742 4762 haeresim
776 4706 927 4780 post'
954 4708 1219 4779 magistri
1254 4725 1456 4765 necem
1487 4708 1663 4764 latius
1690 4708 1804 4764 huc

148 4778 421 4853 illucque
446 4778 867 4853 propagarunt,
898 4797 1004 4853 nos
1050 4778 1243 4853 verba,
1272 4781 1460 4837 facere
1499 4784 1801 4853 oporteat;

139 4850 239 4925 vel
298 4850 417 4925 eas,
450 4850 789 4925 provincias
846 4856 922 4925 et
942 4851 1074 4925 loca
1123 4852 1431 4925 designare
1483 4850 1807 4925 inquibus

143 4923 317 4997 brevi
351 4923 423 4979 ad
456 4922 804 4997 catholicam
847 4923 1187 4997 religionem
1220 4922 1685 4981 labefactandam
1719 4923 1806 4997 in:

146 4995 432 5051 troducta
464 4996 613 5063 fuit;
668 4994 751 5051 vel
782 4993 1019 5051 tandem
1069 5013 1167 5052 eos
1219 4997 1322 5053 PP.
1369 5012 1668 5052 recensere
1706 4993 1806 5065 qui

151 5068 501 5140 eorumdem
546 5066 956 5140 haereticorum
1005 5068 1208 5140 libros,
1243 5068 1522 5140 epistolas
1553 5066 1807 5140 etgfabu-

148 5139 283 5195 losa
311 5140 531 5211 scripta
562 5139 899 5210 disperdere
919 5144 976 5194 et
1003 5139 1264 5195 refellere
1280 5138 1397 5195 'nisi
1421 5142 1577 5195 sunt.
1610 5138 1666 5192 In
1694 5154 1807 5211 quo

158 5228 407 5267 munere
436 5209 728 5279 obeundo,
762 5228 895 5266 cum
918 5217 1139 5267 veteres
1170 5213 1639 5281 recentioresque
1665 5209 1807 5281 srri-

160 5288 360 5354 ptcres
389 5284 543 5338 inter
574 5300 635 5339 se
673 5282 998 5352 sepissime
1046 5283 1394 5351 dissideant,
1426 5280 1669 5353 prorsus
1698 5280 1809 5335 dif-

162 5355 312 5410 ﬁcile
343 5355 764 5427 reputabamus
786 5355 925 5411 certi
942 5354 1161 5424 aliquid
1196 5372 1365 5427 posse
1394 5358 1669 5427 statuere.
1691 5355 1811 5407 Ma-

161 5427 316 5499 xime
345 5426 484 5499 quia
511 5427 840 5483 Beausob‘ra
872 5427 998 5483 suis
1029 5426 1348 5499 dumtaxat
1386 5426 1654 5499 partibus
1686 5428 1808 5480 stu-

165 5497 394 5572 diisque
424 5500 758 5571 indulgens,
790 5516 886 5556 eas
916 5499 1148 5556 critices
1189 5497 1436 5572 regulas
1454 5498 1564 5554 sibi
1598 5513 1811 5572 propo-

168 5569 384 5644 suit,'et
410 5569 759 5644 prosecutus
791 5576 896 5639 est,
928 5588 1055 5644 qum
1089 5589 1203 5629 non
1229 5569 1300 5628 ad
1322 5569 1625 5644 veritatem
1650 5569 1810 5625 inve-

167 5642 495 5716 stigandam
513 5642 980 5713 deserviunt;sed
1002 5660 1102 5703 eas
1116 5661 1359 5719 prorsus
1370 5643 1586 5717 quibus
1598 5642 1656 5699 in
1671 5659 1812 5715 prai-

1918 4700 2116 4781 fellere
2147 4708 2335 4781 parati
2361 4724 2591 4781 sumus,
2620 4700 2693 4761 ut'
2711 4704 3089 4781 ostendamus
3113 4718 3290 4781 quam
3310 4700 3564 4781 _f_raudu-

1912 4780 2118 4856 lenter,
2148 4772 2442 4856 "minusve
2488 4772 2678 4856 docte,
2710 4776 2896 4832 multa
2942 4772 3371 4856 conscripserit,
3421 4788 3565 4856 qum

1916 4870 2030 4908 non
2064 4846 2174 4908 nisi
2208 4850 2795 4923 apertumghmreseos
2827 4863 3084 4923 errorem
3114 4846 3173 4923 in
3203 4863 3266 4923 ss
3292 4861 3396 4923 con
3415 4846 3563 4901 tine-

1916 4941 1996 4989 re,
2030 4924 2116 4978 vel
2148 4917 2352 4977 saltem
2379 4923 2449 4977 ad
2482 4920 2752 4976 haeresim
2776 4917 3559 4989 conducere,judicavimus.

1915 4996 2153 5074 Interim
2199 4992 2682 5074 tamen-silentio
2733 4992 3555 5074 minime__prasterire_possu-

1916 5059 3251 5149 mus.licentiam‘libertatemque'quibjis.ipse
3283 5059 3561 5149 ntiturgin

1917 5137 2279 5211 exagitandis
2336 5136 2455 5191 illis
2513 5140 2623 5192 PP.
2674 5134 2774 5208 qui
2823 5134 3247 5211 Manicbaicam
3299 5134 3562 5211 haeresim

1918 5208 2635 5285 aut'descripserunt,gaut
2665 5214 3104 5281 oppugnarunt.
3137 5208 3265 5285 llos
3285 5208 3564 5285 perpetuo

1916 5287 2221 5355 tamquam
2243 5275 2595 5355 ignorantiae
2630 5275 2759 5337 reos
2799 5275 3055 5355 accusat,
3088 5278 3267 5355 veluti
3288 5275 3415 5355 non
3446 5275 3558 5329 sibi

1919 5349 2254 5410 constantes
2277 5349 2301 5421 ξ
2328 5354 2429 5409 sed
2450 5357 2752 5423 tamquam
2779 5353 2903 5407 suis
2927 5351 3178 5423 propriis
3210 5349 3380 5404 dictis
3401 5362 3565 5423 repu-

1920 5443 1993 5498 gn
2003 5433 2165 5483 antes
2178 5424 2382 5502 carpit,
2400 5441 2505 5502 nep
2515 5421 2765 5502 perfecte
2779 5421 3165 5502 Manichaéoru
3177 5440 3228 5502 m
3245 5421 3565 5502 systemats

1920 5489 2093 5569 atque
2112 5489 2440 5571 mysteria]
2454 5489 2554 5571 08
2569 5494 3244 5571 intellexisse‘asseverat,
3262 5489 3335 5571 q_u
3345 5490 3431 5571 asi_
3449 5489 3562 5545 sibi

1920 5562 2333 5626 dumtaxatilla
2353 5568 2538 5642 gloria
2563 5572 2618 5642 et
2637 5562 3311 5642 honos_d_ebeatur,quo_d
3336 5562 3563 5642 univer-

1921 5659 2048 5700 sam
2069 5642 2229 5699 illius
2249 5636 2537 5698 haefeseos
2557 5638 3010 5714 philosOphiam,
3032 5636 3385 5711 theologiam
3402 5638 3458 5694 et
3474 5650 3561 5690 re-

232 5758 303 5831 (a)
334 5759 685 5831 Beausobre,
717 5759 777 5816 in
808 5776 986 5819 serm.
1018 5759 1399 5835 praliminari
1426 5759 1501 5819 ad
1530 5758 1850 5818 secundam
1882 5763 2128 5834 partem,
2159 5775 2293 5834 pag.
2322 5757 2431 5817 219
2458 5761 2518 5816 at
2546 5772 2715 5830 seqq.
