3960 6176
160 175 270 238 917

864 175 1001 239 .na
1044 174 1648 243 MANICHZEORUM
1695 178 2003 241 HAZRESI
2050 178 2153 242 ET
2186 180 2563 243 'HlSTOltIA
2611 181 2755 245 LIB.
2800 178 2881 244 ιι.

3462 183 3581 247 918

156 307 978 400 colngressipnem'indicavit,
1013 310 1379 400 ita‘Felicem
1428 314 1810 400 Manichaeum
1842 319 1896 384 Α
1925 316 2250 400 Fortunatus
2281 318 2588 400 defecerat.
2618 312 2733 373 Bed’
2763 317 2875 400 alia
2905 319 3098 400 inesse
3128 314 3201 372 iis
3232 314 3580 400 disputatio-

157 383 511 458 alloquendo
540 388 554 439 ξ
588 388 858 458 Hesterno
901 384 992 458 die
1020 386 1121 440 scil
1148 402 1203 441 se
1232 388 1456 441 dixisse.
1488 391 1675 458 Atque
1706 388 1811 442 ite-

157 472 280 529 rum
302 456 462 510 Felix
479 456 603 526 ipse
619 457 1063 527 Augustinianis
1080 474 1394 514 occurrens
1414 460 1468 511 in
1482 456 1831 529 terrogatiou

157 527 350 601 nibus,
377 544 441 582 se
472 534 751 601 paratum,
773 530 1021 598 probare
1048 530 1337 599 promittit
1365 532 1516 599 quod
1556 527 1734 601 impie
1758 535 1814 585 et

156 598 435 670 sacrilege
469 600 862 667 asseverabat,
886 600 935 653 si
970 601 1021 655 ei
1052 598 1334 655 darentur
1358 598 1657 658 Manio/ieci
1679 606 1813 656 scri-

153 675 354 738 pturae,
378 673 617 741 quinque
642 679 900 726 auctores
931 673 1057 742 (ait)
1089 689 1220 741 quos
1250 674 1352 727 tibi
1379 672 1519 739 dixi,
1545 674 1811 743 quidquid

152 758 233 797 me
265 744 692 812 interrogaveris
719 743 885 813 probo
919 745 1041 798 tibi.
1072 744 1251 813 Cujus
1283 761 1423 798 sane
1455 750 1628 800 verba
1660 750 1809 799 rete-

153 814 329 867 renda
360 821 500 868 sunt
530 815 599 868 ad
638 814 767 868 illos
790 814 1021 869 codices
1044 831 1190 884 quos
1220 817 1276 869 in
1307 822 1599 884 postrema
1630 816 1807 871 colla-

153 886 303 940 tione
336 887 516 940 etiam
539 888 906 953 exposcebat,
930 889 1134 956 quique
1161 888 1262 941 sub
1288 887 1512 956 publica
1543 891 1806 942 custodie-

154 958 356 1011 bantur
372 957 567 1028 sigillo
588 960 686 1023 (a).
714 962 786 1011 At
809 959 1099 1024 ejusmodi
1131 959 1263 1011 libri
1291 962 1413 1025 jam
1440 960 1803 1013 custodiendi

151 1029 254 1083 sub
268 1027 467 1102 sigillo
483 1028 677 1082 traditi
693 1034 858 1102 erant
874 1038 1187 1102 antequam
1204 1029 1545 1085 collationes
1560 1048 1633 1102 pu
1646 1031 1807 1087 blicae

151 1105 204 1155 et
232 1099 531 1173 solemnes
565 1116 597 1152 a
628 1100 874 1154 notariis
905 1100 1124 1171 scripto
1162 1099 1588 1171 exciperentur.
1624 1102 1806 1173 Igitur

151 1188 275 1225 cum
311 1171 434 1225 haec
456 1173 657 1225 omnia
678 1188 907 1226 mecum
934 1179 1165 1241 reputo,
1192 1172 1358 1227 facile
1390 1174 1447 1226 in
1471 1190 1597 1228 eam
1624 1171 1805 1229 ducor

152 1243 681 1312 Opinionem,duas
720 1244 1026 1298 dumtaxat
1077 1245 1147 1297 ad
1200 1244 1489 1299 cancellos
1539 1245 1801 1301 Ecclesiae

151 1321 375 1368 astante
406 1316 622 1388 populo
647 1314 984 1388 collationes
1016 1330 1119 1388 seu
1148 1316 1575 1387 dieputationes
1599 1318 1655 1372 S.
1679 1320 1802 1388 epi-

151 1332 375 1368 asiante
406 1332 622 1439 plepqu
647 1332 984 1370 couauones
1016 1332 1119 1369 seu
1148 1332 1575 1387 mepmauones
1599 1332 1655 1372 δ.
1679 1334 1797 1388 θρι-

151 1401 388 1455 scopum
456 1385 721 1452 abuisse;
747 1387 847 1441 sed
880 1386 984 1440 has
1017 1386 1191 1440 aliam
1219 1388 1342 1459 jam
1380 1388 1675 1459 przeivisse
1699 1406 1797 1443 co-

151 1472 262 1510 ram
300 1459 590 1538 imperiali
616 1462 883 1538 curatore,
913 1459 1149 1538 quando
1183 1458 1337 1538 [felix
1365 1458 1657 1526 Videlicet,
1690 1478 1797 1517 suo

152 1526 398 1603 supplici
427 1526 623 1603 libello
654 1529 723 1582 ad
756 1526 1149 1603 imperialium
1191 1529 1385 1603 legum
1428 1547 1628 1602 ptenas
1662 1550 1798 1603 pro-

149 1600 389 1673 vocavit,
423 1600 657 1673 quando
690 1602 925 1673 tandem
967 1600 1330 1673 apocryph’os
1359 1600 1795 1673 Scripturarum

150 1671 517 1754 codices-sub
566 1671 798 1752 publico
847 1671 1790 1754 custodien'dos‘sigillotradidit.
1826 1690 1873 1754 B

148 1742 221 1796 lta
243 1742 516 1816 profecto
565 1743 839 1816 cuiquam
890 1744 1222 1816 ratiocinari
1274 1742 1491 1809 licebit,
1526 1748 1626 1816 qui
1676 1764 1792 1802 non

140 1815 461 1869 oscitanter
488 1819 547 1867 et
589 1814 836 1869 Possidii
866 1815 1292 1882 testimonium,
1317 1825 1375 1869 et
1405 1814 1639 1873 illarum
1671 1820 1792 1874 dis-

137 1886 513 1956 putationum
548 1888 689 1940 Acta
719 1886 923 1941 sedulo
960 1886 1210 1942 lustrare
1242 1887 1506 1943 voluerit.

202 1958 260 2012 7.
286 1957 549 2031 Priorem
576 1958 1129 2031 bancquaaﬁstionem
1162 1958 1263 2012 illa
1292 1958 1404 2014 alia
1427 1960 1790 2031 excipit,quze

135 2027 204 2103 ad
220 2028 434 2103 Felicis
451 2028 747 2103 Manichaei
763 2027 1158 2103 ecclesiasticu
1172 2047 1224 2084 m
1240 2032 1379 2103 grad
1392 2049 1487 2086 um
1506 2027 1791 2103 pertinere

132 2100 499 2175 visaest.Gui
515 2100 749 2175 quidem
769 2101 1138 2172 inquisitioni
1159 2100 1523 2159 oceasioneni
1545 2106 1792 2175 prtebuit

137 2172 455 2241 Augustini
504 2172 753 2243 epistola
780 2174 851 2227 79
893 2190 1070 2244 quam
1104 2175 1437 2245 presbytero
1472 2172 1787 2230 Manichaao

142 2245 429 2317 Fortunati
472 2246 774 2317 successori
801 2246 859 2299 S.
890 2247 1202 2317 episcopus
1254 2245 1575 2317 inscripsit.
1612 2248 1690 2301 Ex
1719 2265 1787 2302 ea

144 2315 286 2369 enim
304 2316 621 2385 Augustini
637 2315 889 2387 Operum
905 2315 1228 2371 editoribus
1248 2315 1497 2385 iniectos
1522 2325 1609 2372 est
1630 2336 1785 2372 scru-

146 2387 328 2460 pulus,
356 2394 419 2460 ut
441 2387 884 2460 suspicarentur
905 2390 1060 2443 hunc
1081 2390 1360 2460 eumdem
1378 2390 1783 2460 presbyterum

144 2456 314 2531 fuisse
347 2459 512 2531 illum
542 2456 783 2514 Felicem
809 2461 879 2515 de
906 2478 1019 2531 quo
1043 2460 1326 2513 hactenus
1352 2456 1529 2514 locuti
1552 2456 1780 2516 sumus.

142 2530 397 2604 Suspicio
420 2536 616 2604 autem
639 2530 860 2597 istbtec,
887 2533 1105 2604 quibus
1126 2532 1327 2604 innixa
1348 2538 1437 2586 est
1457 2532 1782 2604 momentis

140 2600 212 2655 vel
262 2602 738 2671 conjecturis,ne
780 2600 990 2657 vanam
1042 2603 1277 2657 omnino
1309 2608 1364 2657 et
1395 2603 1600 2659 falsam
1649 2621 1778 2659 eam

140 2672 573 2745 existimemus?
603 2672 765 2728 Unde
795 2680 859 2728 ut
888 2676 969 2729 ita
1000 2677 1371 2745 suspicemur
1402 2676 1781 2731 fundamenta

137 2743 511 2817 hauriemus?
544 2744 661 2815 Ego
692 2748 948 2816 profecto
971 2743 1261 2817 quinullo
1292 2747 1546 2816 partium
1582 2747 1777 2802 studio

134 2816 401 2876 adducor,
426 2816 476 2869 si
508 2818 661 2886 quod
697 2818 893 2872 animo
945 2816 1172 2871 revolvo
1222 2818 1448 2871 sincere
1479 2820 1642 2872 fateri
1678 2821 1776 2872 de-

135 2887 310 2960 beam,
329 2888 731 2959 presbyterum
756 2889 913 2943 hunc
938 2888 1319 2943 Manichaaum
1343 2890 1410 2942 ad
1439 2906 1614 2960 quem
1646 2890 1774 2944 lau-

133 2959 313 3013 datam
349 2960 509 3013 dedit
547 2960 853 3030 epistolam
895 2961 1287 3029 Augustinus,
1312 2959 1492 3015 alium
1527 2962 1710 3017 fuisse
1742 2979 1774 3016 a

134 3030 304 3103 Felice
354 3030 647 3101 iudicabo.
676 3033 746 3086 At
777 3048 847 3087 ne
879 3032 1200 3103 probabilis
1252 3032 1427 3101 hujus
1474 3033 1768 3103 opinionis

132 3102 507 3158 fundamenta
547 3102 923 3158 dissimulare
952 3103 1167 3165 videar,
1220 3104 1417 3158 statim
1452 3102 1533 3159 ita
1566 3106 1766 3174 paucis

132 3174 534 3230 ratiocinabor.
553 3175 788 3243 Rogabo
806 3175 1075 3230 videlicet
1096 3174 1445 3229 novissimos
1460 3177 1770 3246 Augustini

130 3246 369 3300 editores
383 3262 454 3300 an
471 3246 800 3318 epistola79
815 3246 1088 3301 laudatas
1109 3247 1419 3318 Augustini
1436 3264 1567 3301 cum
1590 3248 1772 3302 Felice

130 3319 462 3389 collationes
482 3318 885 3388 exceperit,vel
913 3318 1045 3372 illas
1078 3317 1400 3389 praaiverit?
1423 3318 1531 3371 Sed
1559 3318 1630 3372 iis
1652 3319 1770 3373 col-

128 3386 442 3460 lationibus
461 3406 590 3443 esse
620 3386 997 3460 posteriorem
1022 3386 1479 3459 haudquaquam
1506 3391 1772 3457 judicare

130 3457 263 3515 licet.
288 3460 439 3514 Nam
466 3457 761 3529 Felixjam
786 3479 852 3516 ex
875 3462 1070 3516 animo
1093 3457 1433 3523 conversus,
1455 3468 1768 3532 antequam

128 3532 450 3587 novissimae
472 3532 802 3587 collationis
827 3536 966 3588 Acta
991 3534 1061 3587 ad
1091 3532 1265 3587 tinem
1293 3533 1770 3603 perducerentur,

127 3603 470 3659 catholicam
494 3604 832 3675 religionem
850 3606 971 3674 jam
997 3604 1188 3675 palam
1210 3604 1516 3659 confessus
1538 3608 1644 3670 est,
1661 3611 1773 3660 Ma-

129 3676 415 3747 nicheum
441 3676 686 3745 ejusque
708 3676 985 3747 dogmata
1006 3675 1273 3747 ejuravit,
1299 3692 1405 3730 nec
1427 3692 1558 3730 eum
1586 3677 1640 3729 in
1666 3677 1777 3747 pri-

127 3748 305 3801 stinos
338 3746 632 3815 relapsum
663 3746 888 3802 errores
920 3763 1048 3802 esse
1071 3748 1195 3801 sine
1218 3748 1586 3817 gravissimis
1607 3746 1774 3803 teeti-

131 3818 342 3873 moniis
396 3835 710 3889 possumus
758 3820 1110 3874 existimare.
1148 3819 1471 3873 Laudatam
1523 3836 1659 3889 ergo
1704 3822 1775 3874 79

130 3888 439 3961 Augustini
469 3890 778 3959 epistolam
814 3892 962 3945 duas
1013 3891 1146 3944 illas
1184 3890 1526 3946 collationes
1557 3888 1774 3961 scripto

132 3967 397 4033 exceptas
418 3962 711 4032 prasivisse
733 3963 975 4017 minime
994 3962 1258 4031 ejusdem
1282 3962 1533 4017 editores
1554 3964 1777 4017 dubita-

136 4032 293 4087 bunt.
326 4033 484 4087 Istud
520 4033 939 4089 saneindicare
960 4034 1216 4089 voluisse
1247 4034 1623 4100 arbitramur,
1649 4051 1774 4089 cum

136 4105 193 4158 ad
224 4105 522 4160 editorum
546 4104 969 4173 exemplarium
1004 4105 1327 4175 marginem
1362 4106 1643 4176 temporis
1676 4124 1777 4161 no-

137 4179 242 4248 tam
293 4182 618 4247 posuerunt
649 4194 661 4231 :
697 4177 923 4248 Scripta
976 4178 1121 4232 forte
1168 4192 1321 4230 anno
1354 4178 1475 4230 404.
1514 4178 1570 4230 In
1605 4195 1777 4247 quem

137 4247 364 4314 quidem
396 4265 615 4303 annum
651 4248 779 4318 etsi,
810 4247 997 4305 certas
1029 4248 1435 4319 genuinasque
1466 4250 1776 4303 consulum

138 4324 298 4372 notas
331 4322 540 4388 secuti,
572 4320 840 4390 publicas
888 4318 1202 4384 Augustini
1236 4334 1369 4372 cum
1426 4319 1606 4374 Felice
1657 4322 1780 4375 Ma-

136 4390 348 4445 nicbeo
389 4392 834 4463 congressiones
882 4391 1240 4459 rejiciamus,
1274 4395 1465 4445 tamen
1517 4408 1647 4444 cum
1686 4409 1777 4446 ea-
1810 4420 1857 4485 D

136 4460 289 4485 λλ-..
326 4462 555 4485 1-ι.--Δ-
589 4464 693 4485 LA-
734 4482 873 4485 -___-
925 4464 1195 4485 ι.-ι.---..ει.
1252 4462 1586 4485 “---..L_Z_
1619 4464 1743 4485 _-!J-

136 4460 293 4528 edem
326 4460 559 4518 labente
589 4464 699 4519 hoc
731 4482 882 4519 anno
925 4464 1218 4528 habuerit,
1252 4462 1587 4516 Decembris
1619 4464 1781 4517 vide-

136 4527 261 4587 licet
292 4534 641 4589 duodecima
670 4536 784 4600 die,
812 4536 1028 4590 idcirco
1062 4527 1232 4589 nemo
1265 4550 1419 4587 sanae
1454 4536 1666 4589 mentis
1698 4535 1789 4589 his

142 4606 512 4678 posteriorem
556 4622 684 4662 esse
728 4607 1035 4678 epistolam
1086 4607 1154 4678 79
1207 4606 1421 4675 poterit
1471 4607 1786 4661 affirmare.

142 4673 265 4736 Ome
299 4680 537 4733 tandem
571 4695 704 4734 cum
757 4673 1065 4750 agitarem,
1090 4673 1269 4743 hujus
1299 4678 1577 4750 epistolae
1610 4696 1788 4745 argu-

147 4755 403 4821 mentum
434 4766 565 4803 cum
589 4750 664 4805 iis
687 4748 817 4821 quae
838 4751 896 4805 in
923 4748 1429 4821 disputationibus
1452 4750 1793 4804 describun-

144 4818 231 4872 tur
262 4837 376 4875 non
418 4818 797 4891 indiligenter
826 4818 1081 4888 contuli;
1126 4836 1230 4873 nec
1263 4820 1372 4875 sibi
1410 4823 1556 4878 135
1594 4823 1793 4877 conci-

147 4902 277 4946 nere
308 4893 684 4965 deprehendi.
717 4895 862 4949 Nam
916 4893 1013 4947 ille
1062 4892 1367 4965 presbyter
1416 4893 1791 4965 Manichaeus,

146 4973 315 5037 quem
379 4964 627 5020 Felicem
681 4967 861 5022 fuisse
914 4964 1433 5037 laudatigeditores
1484 4966 1795 5037 suspican-

149 5034 260 5102 tur,
296 5052 425 5090 cum
464 5037 817 5107 quihusdam
862 5035 1171 5098 Augustini
1214 5036 1491 5090 fratribus
1526 5034 1797 5107 quaestio-

149 5116 277 5159 nem
307 5107 658 5163 excitaverat
706 5110 777 5163 de
825 5107 1039 5163 visibili
1084 5111 1269 5161 morte
1318 5123 1430 5160 non
1486 5108 1794 5175 fugienda;

148 5180 505 5234 contendens
540 5196 666 5235 eam
713 5198 826 5236 non
860 5196 988 5235 esse
1019 5180 1325 5233 dumtaxat
1358 5179 1573 5233 mentis
1606 5198 1637 5232 a
1669 5197 1797 5232 cor-

147 5258 284 5320 pore
330 5253 784 5320 separationem,
820 5254 919 5305 sed
973 5250 1332 5304 avulsinnem
1384 5251 1556 5305 etiam
1612 5252 1738 5305 1mm"
1767 5267 1798 5304 α

141 5319 311 5394 malo.
341 5319 460 5378 Hoc
512 5340 643 5378 cum
677 5340 745 5378 ex
781 5322 1145 5379 Manichaico
1177 5323 1449 5388 dogmate
1500 5324 1803 5394 presbyter

142 5388 244 5465 ille
274 5394 616 5461 affirmaret,
644 5394 800 5450 hunc
832 5394 1196 5465 Augustinus
1239 5388 1631 5463 perstringere
1663 5393 1804 5447 niti-

138 5461 261 5532 tur,
282 5466 578 5539 simulque
600 5484 732 5523 eum
767 5469 837 5539 ad
863 5464 1294 5539 dieputationes
1327 5461 1592 5533 publicas
1614 5470 1800 5529 vocat,

144 5538 213 5591 ut
262 5537 649 5609 quaestidnem
711 5537 977 5607 solveret,
1012 5537 1071 5593 in
1122 5553 1240 5607 qua
1289 5553 1604 5610 praecessor
1660 5554 1807 5594 suus

1926 388 2100 443 nibus
2132 396 2498 459 argumenta,
2523 391 2647 460 jam
2682 407 2750 445 ex
2779 392 2908 462 ipsa
2930 394 3201 445 Actorum
3226 388 3376 444 serie
3406 390 3576 445 inno-

1921 462 2501 533 tescit.7Augustinus
2533 469 2809 533 praeterea
2842 478 3028 531 neque
3074 462 3133 515 in
3186 462 3575 533 Retractatio-

1922 548 2063 585 num
2097 531 2283 601 libris,
2320 548 2511 603 neque
2535 531 2611 587 ‘in
2655 532 3033 588 collationum
3084 531 3266 600 Actis,
3302 532 3451 587 hanc
3499 535 3573 587 ad

1922 603 2169 675 Felicem
2212 604 2524 674 epistolam‘
2551 604 2785 659 dedisse
2830 608 3155 670 asseverat;
3191 608 3365 675 atque
3412 604 3572 659 istud

1920 674 2073 728 idem
2106 675 2404 730 silentium
2450 676 2781 731 Possidium
2833 677 2889 730 in
2940 674 3418 745 Augustini’Vita
3447 692 3572 730 ser-

1918 762 2124 809 vasse;
2146 748 2449 817 perspicue
2481 748 2860 802 manifestum
2893 754 3005 803 est.
3042 747 3243 801 Fateor
3272 746 3452 813 igitur
3480 764 3575 802 me

1919 834 2158 887 prorsus
2193 818 2367 873 latere
2390 818 2605 887 quibus
2630 821 2983 890 conjecturis
3008 819 3275 873 insistere
3306 820 3571 884 debeam,

1918 905 1989 963 ne
2023 896 2237 963 temere
2262 894 2548 961 suspicer,
2570 892 2875 963 epistolam
2906 893 2977 944 de
3007 908 3123 960 qua
3146 890 3377 963 agimus
3403 890 3574 945 Felici

1918 960 2238 1015 Manichreo
2274 960 2619 1034 presbytero'
2657 963 3052 1033 Augustinum
3086 961 3426 1034 inscribere
3457 978 3572 1034 _po-

1915 1034 2121 1105 tuisse.
2158 1034 2213 1087 ld
2246 1032 2465 1088 tamen
2494 1034 2702 1089 melius
2733 1032 2908 1105 atque
2943 1033 3172 1088 facilius
3204 1032 3303 1087 alii
3341 1032 3568 1105 judica-

1913 1103 2082 1170 bunt,
2118 1120 2251 1158 cum
2298 1106 2420 1174 jam
2470 1107 2541 1159 ad
2594 1105 2702 1161 hos
2748 1103 3155 1178 praecavendos
3175 1104 3479 1178 scopulos,
3511 1105 3569 1178 in

1914 1191 2062 1248 quos
2122 1178 2398 1245 postremi
2452 1175 2762 1248 Augustini
2808 1178 3061 1248 Operum
3120 1176 3370 1231 editores
3418 1175 3568 1229 inci—

1914 1194 2062 1244 quos
2122 1194 2398 1245 pOStI‘eml
2452 1194 2529 1231 au
2579 1194 2757 1231 usum
2808 1194 3061 1248 uperum
3120 1194 3370 1231 eauores
3418 1194 3568 1229 inci—

1911 1246 2069 1302 disse
2099 1249 2390 1315 videntur,
2418 1194 2574 1302 nihil
2596 1248 2806 1303 deinde
2837 1253 3185 1316 statuentes,
3219 1248 3289 1303 ad
3323 1248 3570 1302 certiora

1911 1319 2026 1374 alia
2065 1320 2452 1374 describenda
2499 1323 2748 1393 gradum
2798 1319 2995 1392 potius
3048 1322 3232 1375 facere
3280 1319 3567 1375 delibera-

1910 1406 2064 1446 IDUS.

2545 1480 2776 1537 CAPUT
2818 1481 2917 1535 VI.

1907 1567 1981 1623 De
2008 1568 2257 1623 Ecclesiae
2297 1566 2772 1639 Carthaginiensis
2792 1568 3003 1638 judicio
3034 1568 3091 1623 in
3125 1567 3560 1625 Manichmorum

1975 1642 2161 1695 causis
2180 1640 2442 1695 adhibito.
2465 1640 2874 1695 Cat/colicorum
2896 1642 3271 1711 episcoporum
3294 1639 3563 1709 studium,

1973 1719 2024 1765 et
2052 1712 2437 1769 ecclesiasticae
2466 1713 2779 1782 disciplina?
2798 1713 2947 1766 ratio
2979 1728 3037 1766 τη
3065 1711 3260 1766 iisdem
3284 1712 3560 1783 poeniten-

1974 1783 2108 1837 tiam
2134 1784 2421 1854 agentibus
2454 1785 2804 1855 iecipiendis.

1973 1889 2023 1944 1.
2055 1888 2210 1943 Inter
2260 1888 2473 1943 multas
2515 1889 2766 1943 haereses
2798 1888 3002 1958 quinto
3038 1886 3306 1943 Ecclesia
3341 1887 3554 1943 saeculo

1899 1960 2151 2014 Africam
2167 1966 2483 2027 vastantes,
2499 1960 2853 2015 Manichaica
2868 1977 2899 2031 q
2912 1961 3104 2015 uidem
3127 1960 3449 2031 principem
3464 1960 3560 2015 ob-

1899 2032 2124 2086 tinebat
2146 2033 2455 2096 locum,vel
2478 2034 2615 2103 quia
2632 2039 2764 2087 ante
2788 2030 3080 2099 Arianam,
3102 2030 3525 2103 Priscillianam
3541 2075 3555 2098 ,

1902 2102 2869 2174 Pelagianam,Donatistarumque
2900 2108 3117 2158 sectam
3153 2108 3371 2171 exorta,
3391 2120 3457 2158 eo
3488 2102 3545 2156 in

1897 2191 2095 2247 regno,
2120 2192 2188 2230 ex
2224 2176 2453 2230 Perside
2476 2182 2578 2231 aut
2607 2175 2886 2231 Armenia
2910 2176 3246 2242 adveniens,
3266 2191 3421 2247 anno
3441 2175 3548 2229 290

1897 2248 2102 2301 fixerat
2136 2248 2361 2317 pedem,
2386 2252 2443 2301 et
2483 2250 2581 2302 diu
2616 2248 2935 2302 catholicos
2983 2247 3175 2302 latens
3225 2246 3546 2311 antistites,

1897 2320 2068 2372 modo
2095 2320 2392 2383 hic,modo
2417 2318 2534 2371 illic
2560 2320 2783 2373 radices
2805 2324 3023 2389 egerat,
3048 2318 3132 2372 vel
3157 2320 3293 2389 quia
3312 2317 3370 2370 in
3396 2318 3545 2372 duas

1894 2388 2112 2444 classes
2143 2391 2349 2453 divisa,
2377 2390 2692 2444 auditorum
2720 2388 2993 2445 videlicet
3021 2396 3077 2443 et
3105 2388 3423 2457 electorum,
3455 2390 3541 2442 fa-

1892 2460 1999 2515 cile
2030 2463 2146 2515 duo
2192 2462 2496 2515 hominum
2548 2477 2764 2530 genera
2796 2463 2865 2515 ad
2909 2477 2970 2516 se
3000 2461 3230 2515 trahere
3280 2464 3539 2531 poterat;

1892 2531 2137 2603 alterum
2163 2549 2365 2596 eorum
2390 2532 2486 2603 qui
2513 2533 2838 2587 divinorum
2872 2530 3541 2603 mysteriorum’inscitia

1888 2602 2252 2673 laborabant,
2273 2601 2518 2658 alterum
2543 2620 2676 2658 vero
2704 2620 2903 2657 eorum
2928 2601 3026 2673 qui
3056 2602 3307 2657 maximo
3339 2601 3538 2655 libidi-

1888 2690 2025 2729 num
2044 2676 2516 2746 turpissimarum
2531 2676 2735 2730 ardore
2749 2673 3540 2743 etl'ervescebant.Utrumqua

1886 2753 2080 2801 autem
2102 2748 2311 2801 borum
2336 2748 2637 2801 hominum
2658 2763 2845 2818 genus
2869 2752 3000 2817 post
3021 2746 3542 2818 suamconversio-

1887 2834 2041 2878 nem,
2058 2819 2382 2889 colloquiis,
2402 2819 2903 2888 disputationibus
2926 2822 2982 2871 et
3003 2817 3239 2889 scriptis
3262 2817 3319 2871 S.
3342 2818 3541 2886 Augu-

1884 2893 2077 2944 stinus
2109 2888 2347 2944 strenue
2392 2891 2717 2955 exagitavit,
2742 2895 2807 2944 ut
2833 2889 3110 2953 vidimus,
3134 2893 3190 2943 et
3212 2888 3535 2943 insectatus

1883 2966 1989 3016 est.
2017 2963 2125 3015 Sed
2155 2966 2433 3032 majorem
2460 2962 2649 3016 adhuc
2672 2962 2786 3014 vim
2822 2961 2880 3013 in
2906 2959 3235 3032 refellendis
3257 2963 3313 3013 et
3334 2958 3535 3032 exstir-

1886 3034 2092 3104 pandis
2122 3030 2455 3088 Man'ichzeis
2486 3034 2773 3096 adhibuit,
2800 3032 3034 3104 quando
3063 3030 3530 3104 videlicet,_apud

1884 3100 2289 3175 Carthaginem
2334 3104 2635 3159 nonnullis
2675 3100 2869 3159 eorum
2907 3104 3172 3171 detectis,
3207 3100 3438 3174 publica
3472 3105 3530 3158 et

1881 3176 2277 3231 ecclesiastica
2320 3176 2664 3230 auctoritate
2694 3176 2749 3230 in
2785 3192 2883 3229 eos
2912 3175 3386 3229 animadversum
3418 3178 3527 3230 est.

1881 3249 2123 3303 Constat
2151 3248 2306 3301 enim
2340 3264 2406 3301 ex
2440 3247 2705 3316 Prosperi
2737 3247 3044 3312 Chronico,
3070 3246 3306 3309 Ursum,
3339 3244 3528 3316 Regiis

1881 3318 2199 3373 Constantii
2232 3319 2603 3389 imperatoris
2624 3319 2834 3372 domus
2859 3317 3530 3389 praefectumpjuitribu-

1882 3392 2027 3444 nitia
2060 3392 2274 3461 pariter
2319 3386 2695 3462 praefulgebat
2728 3386 3013 3462 dignitate
3043 3393 3098 3443 et
3128 3389 3185 3442 in
3221 3386 3414 3462 Africa
3443 3386 3528 3443 ci-

1880 3458 2094 3515 vilibus
2127 3458 2593 3533 rebus'prmerat,
2629 3477 2759 3515 cum
2796 3458 3151 3533 catholicam
3185 3458 3527 3530 religionem

1925 3534 2252 3587 roﬁteretur
2274 3530 2493 3587 et'totis
2520 3532 2742 3586 viribus
2773 3537 3050 3599 tueretur,
3075 3530 3305 3602 aliquos
3325 3546 3525 3586 eorum

1915 3606 2331 3659 Ianichmorum
2359 3604 2412 3658 in
2425 3604 2911 3675 tercepisse,quos
2927 3604 3124 3658 electos
3142 3607 3317 3675 atque
3333 3604 3528 3657 electas

1881 3677 2281 3732 nominabant.
2302 3676 2373 3731 Ut
2404 3676 2461 3730 hi
2486 3674 2621 3745 ergo
2646 3677 2717 3730 ad
2743 3675 3006 3730 Ecclesiae
3033 3674 3288 3729 tribunal
3314 3675 3529 3745 perdu-

1883 3754 2172 3811 cerentur,
2188 3749 2311 3819 ipse
2332 3748 2603 3802 tribunus
2618 3748 2800 3803 Rufus
2820 3746 3394 3817 nostrorumjurium
3412 3746 3531 3819 vin-_

1885 3822 1991 3875 dex
2017 3816 2428 3888 imperaverat;
2451 3821 2547 3874 ubi
2574 3822 2645 3874 ab
2668 3819 2979 3889 episcopis.
2996 3834 3189 3873 coram
3213 3818 3428 3888 quibus
3451 3816 3534 3871 rei

1885 3909 1946 3973 se
1968 3893 2586 3973 sistebant1prmsente
2617 3888 2790 3973 etiam
2827 3888 3336 3973 populo,.qumstio
3363 3888 3532 3971 insti-

1885 3970 2169 4026 tueretur,
2195 3963 2384 4033 primo
2407 3964 2477 4017 de
2494 3979 2694 4017 eorum
2720 3960 2958 4031 ﬂagitiis
2980 3967 3036 4016 et
3058 3960 3539 4033 dogmatibus_in-

1884 4030 2559 4105 terrogaredturﬂeinde
2583 4030 2845 4105 omnium
2875 4030 3193 4105 criminum
3212 4030 3534 4105 confessio-

1888 4124 1959 4161 ne
1976 4103 2199 4171 audita,
2216 4106 2710 4173 quemadmodum
2733 4104 2888 4173 leges
2910 4103 3343 4173 praecipiebant,
3360 4104 3418 4158 in
3437 4118 3536 4156 eos

1888 4194 2016 4233 esse
2051 4177 2636 4231 animadvertendum
2681 4174 2956 4228 decrevit.
2981 4176 3064 4229 Ad
3098 4174 3307 4229 horum
3341 4177 3537 4228 autem

1890 4248 2314 4303 confessionem
2364 4248 2713 4301 audiendam
2754 4263 2869 4299 non
2904 4250 3129 4300 tantum
3162 4244 3396 4312 notarii,
3437 4244 3538 4314 qui

1888 4320 1969 4375 ibi
2005 4326 2306 4389 tamquam
2331 4317 2561 4388 judiccs
2584 4318 2944 4386 assidebant,
2969 4322 3033 4371 ut
3054 4318 3225 4387 juxta
3251 4318 3542 4372 humanas

1891 4398 1947 4447 et
1985 4390 2411 4445 ecclesiasticas
2444 4390 2599 4454 leges
2632 4389 2809 4444 totius
2840 4389 3245 4461 inquisitionis
3276 4390 3459 4461 forma
3487 4390 3544 4461 et

1893 4464 2033 4520 ordo
2065 4470 2455 4517 servarentur.
2490 4458 3148 4533 Episcoporumr'autem
3197 4460 3457 4533 nomina,
3492 4458 3541 4533 si

1898 4551 2079 4590 unum
2107 4533 2407 4588 Aurelium
2432 4529 2812 4604 excipiam—us,
2833 4532 2928 4601 qui
2952 4532 3218 4588 Ecclesize
3240 4529 3537 4604 Carthagi-

1901 4607 2065 4663 nensi
2092 4623 2322 4661 summa
2344 4622 2474 4659 cum
2502 4602 2672 4660 laude
2693 4611 2817 4659 tum
2841 4610 3105 4674 prmerat,
3126 4619 3366 4672 prorsus
3389 4602 3548 4674 igno-

1900 4695 2122 4734 ramus.
2148 4679 2300 4733 136
2325 4678 2433 4732 Sed
2459 4694 2525 4731 ex
2550 4682 2667 4732 tota
2697 4677 2795 4731 illa
2820 4672 3114 4745 provincia
3140 4674 3319 4729 fuisse
3341 4672 3548 4728 collec-

1898 4756 1992 4806 tos
2024 4752 2329 4821 episcopos
2356 4749 2653 4819 probabile
2675 4754 2782 4821 est.
2805 4748 3003 4803 Adfuit
3025 4745 3392 4821 Augustinus
3411 4760 3551 4816 quo-

1904 4838 2037 4892 que,
2064 4817 2155 4876 eui
2194 4817 2336 4875 forte
2361 4817 2484 4891 prie
2516 4820 2737 4874 castoris
2769 4819 2945 4887 hujus
2977 4817 3353 4875 exsecrabilis
3382 4821 3550 4873 sectae

1904 4896 2178 4961 dogmata
2210 4898 2381 4962 atque
2410 4892 2623 4960 ﬂagitia
2650 4892 3051 4962 innotuerunt.

1974 4967 2025 5017 2.
2044 4964 2187 5026 Quid
2214 4980 2344 5017 vero
2366 4980 2431 5017 ex
2455 4963 2525 5016 iis
2546 4961 2977 5033 episcopalibus
2993 4961 3553 5033 Carthaginensibus

1905 5032 3190 5104 gestisinnotuerit.,quotpraatereafuerintilli
3208 5050 3351 5103 quos
3370 5032 3553 5104 Rufus

1905 5108 2181 5161 tribunus
2214 5103 2565 5175 interceptos
2588 5103 2781 5161 Coram
2816 5104 3230 5160 ecclesiasticis
3257 5103 3555 5174 judicibus

1910 5179 2119 5234 sistere
2141 5179 2419 5244 jussorat,
2444 5178 2610 5233 valde
2641 5176 2879 5231 difﬁcile
2910 5182 2997 5232 est
3021 5175 3283 5231 deﬁnire.
3308 5176 3554 5245 Tempo-

1909 5267 2035 5305 rum
2069 5250 2221 5303 enim
2258 5250 2471 5318 injuria
2500 5256 2637 5304 Acta
2663 5249 2950 5319 ejusmodi
2985 5267 3017 5303 a
3048 5248 3292 5301 notariis
3321 5249 3558 5319 excepta

1910 5322 2279 5381 intercidere,
2297 5316 2353 5374 et
2371 5316 2738 5387 Augustinus
2760 5320 2995 5374 aliunde
3015 5324 3067 5374 et
3082 5321 3331 5389 Prosper
3345 5318 3415 5372 de
3432 5316 3557 5387 qui-

1911 5394 2057 5448 busd
2071 5411 2160 5446 am
2177 5394 2522 5449 mulieribus
2535 5392 2751 5447 vitiatis
2766 5388 3556 5459 dumtaxatfacta’mentione,

1912 5466 2193 5534 reliquam
2227 5470 2521 5531 gestorum
2556 5465 2767 5519 seriem
2809 5464 3137 5518 describere
3170 5460 3561 5534 praetermise-

1913 5532 2068 5592 runt.
2091 5537 2151 5592 Id
2192 5537 2401 5593 harum
2434 5537 2751 5593 mulierum
2797 5551 3111 5591 numerum
3133 5534 3279 5590 dues
3321 5532 3560 5607 potissi-

242 5734 294 5810 ᾳ)
326 5736 583 5809 August.
614 5737 718 5795 lib.
754 5755 773 5795 ι
803 5739 873 5795 de
921 5733 1083 5792 Actis
1132 5751 1266 5793 cum
1314 5736 1502 5795 Felice
1550 5735 1892 5805 Manichaee,
1922 5750 2050 5808 cap.
2086 5735 2137 5806 1,
2172 5735 2344 5807 Ibid.,
2376 5751 2505 5810 cap.
2540 5735 2640 5807 14;
2672 5738 2849 5808 atque
2889 5733 2993 5791 lib.
3024 5749 3065 5793 ιι
3096 5734 3168 5793 de
3214 5733 3378 5795 Actis
3425 5749 3561 5792 cum

220 5732 294 5862 ςςι)
326 5736 583 5809 August.

144 5802 219 5865 Pe
246 5823 355 5875 106,
389 5825 519 5882 cap.
556 5812 607 5867 1.
