4016 6166
224 178 343 240 921

224 310 427 367 stinus
460 325 473 364 :
510 308 653 379 Quid
682 308 842 381 plura
865 308 893 365 ?
931 311 1106 365 coacti
1150 310 1462 382 aliquando
1509 325 1889 366 murmurave-
1918 314 1967 381 Α

223 386 363 437 runt
394 384 665 438 sustineri
692 382 795 437 illa
832 382 1098 437 mandata
1144 398 1255 437 non
1284 400 1461 455 posse,
1494 382 1624 438 inde
1654 385 1713 437 in
1739 384 1888 437 sedi-

227 465 443 511 tionem
474 455 732 509 abeuntes
765 455 859 523 (a).

302 527 358 579 5.
394 526 623 580 Nemini
676 525 910 580 interim
963 528 1153 579 autem
1207 523 1484 594 prolixior
1530 524 1649 580 haec
1692 528 1892 579 nostra

227 598 421 652 oratio
444 598 712 652 videatur
729 612 903 667 quam
925 612 1052 650 esse
1070 597 1394 668 oportebat.
1419 597 1599 651 Nemo
1616 602 1893 668 praeterea

227 675 498 725 nostram
530 670 824 724 scribendi
859 669 1140 722 rationem
1179 669 1591 739 reprehendat,
1614 670 1764 736 quod
1799 686 1891 724 res

226 743 293 795 in
328 742 528 795 Africa
553 746 755 795 contra
774 739 1121 794 Manichaeos
1147 748 1340 809 gestas
1368 757 1501 794 cum
1525 741 1597 795 iis
1630 758 1756 811 qua:
1788 742 1888 795 diu

225 816 410 866 antea
455 813 643 867 Romae
692 813 1060 881 contigerant
1109 814 1457 882 permiscere
1506 812 1887 868 voluerimus.

226 884 465 939 Etenim
500 889 565 937 ut
592 901 624 938 a
655 882 1220 954 Carthaginensibus
1241 883 1671 954 episcopalibus
1708 885 1889 955 gestis

222 972 551 1028 parumper
564 955 1154 1028 digrederemur,duo_
1173 957 1545 1025 potissimum
1573 972 1678 1009 nos
1697 957 1770 1009 im
1783 973 1886 1027 pu-

219 1026 369 1082 lere.
403 1026 664 1083 Alterum
698 1032 786 1081 est
817 1026 1241 1081 schismaillud
1264 1029 1417 1098 quod
1448 1028 1505 1081 in
1543 1028 1885 1083 Manichaeo-

219 1116 358 1154 rum
386 1099 863 1154 confessionibus
897 1115 928 1152 a
958 1100 1203 1170 notariis
1226 1099 1481 1170 exceptis
1504 1099 1689 1167 magis
1714 1106 1889 1170 atque

218 1171 422 1241 magis
436 1173 793 1243 patefactum
812 1175 919 1223 est.
938 1169 1036 1223 Cui
1053 1185 1186 1243 cum
1204 1169 1601 1225 aliud’Itoman
1614 1188 1708 1225 um
1731 1169 1885 1241 quod

214 1248 607 1312 praecesserat
642 1243 907 1313 apprime
942 1242 1310 1312 respondeat,
1335 1248 1392 1297 et
1423 1244 1578 1297 istud
1612 1243 1670 1296 in
1700 1243 1885 1298 nostri

213 1316 465 1369 lectoris
496 1313 807 1369 utilitatem
843 1313 1101 1367 indicare
1133 1330 1248 1368 non
1272 1313 1661 1385 incongruum
1694 1316 1887 1369 existi-

213 1385 541 1468 mavi-mus:
564 1384 826 1466 Alterum
846 1402 979 1467 vero
998 1389 1087 1468 est
1104 1384 1495 1468 quorumdam
1522 1385 1739 1468 ol_im.m
1750 1386 1883 1468 agni

212 1457 487 1513 nominis
519 1457 825 1513 hominum
860 1456 1082 1528 opinio,
1113 1458 1210 1527 qui
1246 1456 1444 1511 omnia
1472 1456 1884 1513 ecclesiasticae

207 1529 485 1584 historias
518 1533 901 1584 monumenta
926 1530 1341 1599 susquedeque
1362 1534 1671 1596 vertentes,
1696 1530 1883 1585 Mani-

208 1600 522 1657 chaeorum
554 1601 613 1655 in
646 1600 852 1655 urbem
898 1599 1144 1655 Romam
1179 1601 1496 1655 adventum
1545 1601 1777 1655 nonnisi
1812 1603 1883 1656 ah

954 176 1057 237 DE
1102 176 1715 240 MANICHJEORUM
1760 178 1879 239 ΗᾹΞ

1991 178 2067 241 81
2109 177 2212 241 ET
2256 178 2628 240 HISTORIA
2676 179 2822 241 LIB.
2870 176 2951 242 ΙΙ.

3530 180 3648 245 92!

2000 311 2181 397 solum
2214 312 2273 367 in
2325 311 2619 383 Malliana,
2652 311 2745 367 sed
2775 312 2831 367 in
2873 313 2993 384 ipsa
3041 313 3150 368 tota
3182 311 3402 369 omnino
3430 315 3654 386 provin-

1998 399 2103 439 ειη.

2071 457 2123 529 6_.
2148 458 2358 529 Rerum
2384 470 2555 529 porro
2578 455 2787 529 harum
2811 471 3104 529 summam
3121 472 3188 509 ex
3212 455 3517 527 Augustini
3536 457 3655 529 epi-

2002 526 2154 599 stola
2184 528 2310 594 236,
2344 526 2482 581 olim
2517 542 2650 581 vero
2681 527 2772 592 74,
2806 544 2910 581 nos
2940 527 3053 597 ipsi
3087 528 3156 582 ad
3189 526 3651 599 patefaciendam

2001 598 2453 671 ecclesiasticam
2488 614 2620 653 cum
2668 599 2997 655 Manichazis
3030 598 3353 653 adhibitam
3386 600 3651 671 discipli-

1999 686 2132 723 nam
2154 670 2551 740 excerpsimus
2574 671 2668 739 (b).
2685 672 2807 734 Quo
2830 688 2982 724 anno
3006 676 3201 724 autem
3222 672 3277 725 S.
3305 671 3507 725 doctor
3521 670 3649 728 eam

2000 741 2318 813 scripserit,
2343 743 2513 795 latuit
2546 742 2897 796 novissimos
2914 740 3221 811 Augu'stini
3248 742 3497 812 Operum
3523 745 3648 797 edi-

1998 817 2174 877 tores,
2192 814 2288 883 qui
2310 829 2436 867 cam
2467 814 2522 866 in
2548 818 2817 883 quartam
2843 814 3221 883 epistularum
3244 815 3490 868 classem
3510 817 3651 885 reje-

2000 890 2224 939 cerunt.
2259 886 2469 939 Earum
2502 884 2771 940 videlicet
2796 901 3035 955 quarum
3061 889 3275 955 tempus
3302 888 3489 940 minus
3512 884 3649 941 com-

1994 961 2213 1027 pertum
2244 965 2337 1011 est.
2373 957 2483 1011 Sed
2518 957 2573 1011 in
2628 958 3068 1027 praemonitione
3100 959 3169 1011 ad
3212 958 3357 1010 duos
3389 958 3459 1012 de
3491 958 3646 1013 Actis

1998 1046 2129 1083 cum
2150 1028 2334 1083 Felice
2357 1028 2673 1084 Manichaao
2694 1028 2894 1094 libros,
2911 1035 3204 1084 vetustum
3231 1030 3523 1099 quoddam
3543 1033 3645 1084 Fe-

1996 1099 2222 1155 licianie
2256 1100 2635 1171 professionis
2684 1102 3077 1171 fragmentum
3120 1116 3252 1154 cum
3285 1117 3352 1155 ex
3382 1101 3649 1169 Baronio,

1995 1177 2122 1226 tum
2154 1190 2222 1227 ex
2251 1174 2605 1227 Gervasiano
2637 1174 2858 1235 codice,
2893 1174 3005 1244 ipsi
3038 1173 3351 1243 Augustini
3387 1173 3644 1243 Operum

1996 1244 2251 1299 editores
2284 1244 2341 1297 in
2376 1244 2632 1298 medium
2666 1243 2987 1309 adducunt,
3010 1260 3125 1314 quo
3157 1243 3547 1314 intelligimus
3576 1260 3645 1299 ex

1996 1315 2102 1371 hac
2134 1316 2337 1370 haeresi
2365 1317 2431 1369 ad
2469 1316 2785 1370 Ecclesiam
2811 1316 3110 1387 venientes
3135 1331 3459 1387 numquam
3484 1331 3647 1370 rece-

1994 1392 2125 1458 ptos
2158 1387 2358 1455 fuisse,
2383 1388 2493 1441 nisi
2529 1388 2783 1458 primum
2820 1386 2964 1442 alios
2996 1388 3259 1457 ejusdem
3289 1386 3459 1442 Sectis
3490 1389 3647 1444 viros

1994 1461 2327 1530 proderent,
2347 1465 2403 1513 et
2426 1460 2495 1513 ad
2530 1476 2667 1513 suos
2686 1458 3073 1514 Ecclesiarum
3108 1460 3413 1529 episcopos
3435 1458 3523 1516 vel
3546 1475 3644 1529 pa-

1994 1536 2181 1586 stores
2213 1530 2543 1602 deferrent;
2577 1547 2681 1585 nec
2699 1530 2998 1602 Manichmi
3019 1532 3119 1600 qui
3140 1536 3441 1602 tamquam
3466 1531 3645 1601 poeni-

1995 1607 2188 1657 tentes
2221 1601 2673 1673 recipiebantur,
2697 1601 2945 1657 aliorum
2979 1603 3152 1671 hujus
3184 1601 3353 1657 secta
3384 1603 3643 1657 virorum

209 1689 377 1727 anno
415 1673 519 1725 427
552 1672 933 1743 repetendum
967 1688 1097 1726 esse
1124 1673 1512 1727 contendunt.
1538 1673 1803 1727 Profecto
1835 1674 1883 1729 si
1915 1679 1963 1743 Β
1997 1676 2236 1729 nomina
2268 1672 2695 1743 patefaciebant
2724 1674 2823 1743 qui
2855 1690 2982 1728 eam
3016 1676 3319 1728 dumtaxat
3348 1674 3645 1729 ditecesim

209 1744 479 1799 istorum
495 1750 674 1799 staret
696 1744 915 1813 Opinio,
940 1760 1051 1797 non
1070 1749 1297 1797 tantum
1323 1744 1883 1810 Augustinianorum

208 1816 585 1898 scriptorum
614 1816 1053 1898 fides-nutaret,
1075 1816 1176 1898 sed
1205 1815 1461 1898 plurium
1490 1816 1882 1898 Romanorum

214 1888 575 1960 pontiﬁcum
599 1887 830 1960 decreta
852 1891 908 1960 et
926 1887 1475 1960 constitutioﬁnes,ex
1496 1887 1711 1959 quibus
1733 1889 1884 1960 Afri-

208 1957 381 2014 canae
416 1958 681 2030 Ecclesiae
700 1957 981 2030 prmsules
1009 1974 1106 2013 eas
1130 1957 1452 2030 disciplina:
1479 1957 1713 2029 regulas
1736 1959 1882 2014 hau-

210 2036 456 2102 serunt,
490 2035 553 2085 ut
583 2029 642 2085 in
664 2029 1015 2085 Manicheaos
1035 2029 1617 2098 animadverteretur,
1643 2047 1879 2102 pessum

209 2103 478 2157 abirent.
513 2102 701 2227 Hulius
730 2107 925 2157 autem
950 2103 1248 2228 opinionis
1278 2104 1650 2173 potissimum
1682 2109 1884 2158 auctor

209 2174 335 2228 fuit
367 2176 597 2228 Ouesne
627 2172 739 2228 lus.
764 2189 975 2228 auema
1024 2174 1265 2228 modum
1288 2175 1346 2228 in
1380 2174 1762 2228 sequentibus
1785 2192 1879 2228 ca-

208 2174 335 2229 fuit
367 2172 739 2239 Quesnellus,
764 2172 1265 2245 quemadmodum
1286 2172 1346 2229 in
1380 2174 1762 2245 sequentibus
1785 2192 1879 2230 ca—

206 2245 457 2317 pitibus
491 2246 794 2301 ostendere
826 2262 1216 2300 reservamus.
1428 2316 1433 2317 ί
1490 2316 1517 2317 ﬂ
1632 2258 1637 2261 ‘

283 2317 429 2374 Jam
456 2333 590 2372 vero
614 2318 683 2373 ad
708 2332 837 2373 eam
861 2317 1265 2372 ecclesiasticae
1291 2316 1615 2387 disciplinae
1637 2317 1821 2388 legem
1847 2335 1880 2373 a

212 2406 348 2459 qua
379 2389 818 2461 aliquantulum
842 2389 1087 2461 digressi
1114 2406 1321 2444 sumus
1352 2394 1725 2461 revertentes,
1750 2406 1875 2444 eam

208 2462 359 2515 sine
389 2459 507 2516 ulla
538 2478 781 2532 prorsus
811 2459 1216 2533 episcoporum
1236 2459 1602 2533 indulgentia
1634 2461 1879 2532 rigidius

207 2534 415 2587 fuisse
448 2536 758 2602 servatam,
783 2534 897 2588 alia
928 2532 1192 2603 ersdem
1214 2532 1396 2588 sancti
1420 2533 1730 2603 Augustini
1750 2534 1877 2603 epi-

199 2604 372 2661 stola
402 2604 840 2661 evidentissima
872 2605 1165 2675 patefacit.
1200 2607 1568 2674 Compererat
1588 2604 1753 2675 enim
1776 2604 1873 2657 Vi-

205 2676 520 2732 ctorinum
547 2677 859 2747 quemdam
876 2674 1349 2745 Mallianensem,
1378 2677 1435 2730 in
1460 2674 1710 2731 clericali
1734 2676 1873 2732 sub-

201 2749 573 2803 diaconatus
603 2748 803 2803 ordine
834 2749 1219 2803 constitutum
1256 2747 1617 2803 Manichaica
1647 2763 1770 2801 esse
1791 2748 1874 2801 la-

200 2821 284 2875 be
324 2820 641 2892 pollutum.
678 2824 985 2892 Propterea
1028 2819 1321 2875 catholica:
1355 2819 1653 2889 religionis
1685 2820 1879 2874 studio

209 2891 421 2974 actus,
457 2892 655 2973 statim
690 2891 1028 2974 litteras‘ad
1082 2892 1413 2974 penterium
1448 2892 1713 2974 ejusdem
1747 2908 1879 2961 pro-

209 2964 438 3018 vinciae
468 2964 805 3087 episcopum
840 2963 1018 3032 dedit,
1055 2967 1118 3018 ut
1168 2962 1325 3017 hunc
1356 2962 1628 3017 clericum
1665 2979 1878 3034 prisca-

209 3040 403 3087 veret.
441 3039 516 3087 Ne
534 3035 661 3087 vide
691 3034 799 3087 icet
817 3050 918 3087 ner
934 3034 1283 3087 socordiam.
1314 3038 1413 3087 aut
1435 3035 1563 3087 eius
1590 3034 1878 3087 negligen-

199 3040 403 3090 veret.
441 3039 516 3088 Ne
534 3034 701 3089 videli

203 3108 399 3179 tiam,
430 3105 709 3179 inimicus
750 3106 946 3179 homo,
980 3107 1077 3179 qui
1131 3106 1264 3179 ovili
1297 3106 1593 3162 Dominico
1627 3105 1877 3178 eruperat

199 3177 519 3246 insidiari,
556 3177 1015 3232 Christianorum
1069 3178 1299 3233 animas
1351 3182 1499 3232 tanto
1528 3177 1879 3248 pretio’com-

194 3255 455 3329 paratas
474 3250 735 3329 perderet.
764 3249 929 3329 Hunc
961 3265 1097 3320 ergo
1119 3249 1482 3329 Victorinum
1503 3252 1880 3329 Augustinus

195 3323 258 3376 in
294 3320 600 3392 judicium
634 3326 954 3386 vocaverat,
990 3329 1037 3375 et
1074 3325 1388 3392 antequam
1422 3338 1454 3375 a
1496 3320 1746 3375 testibus
1778 3322 1876 3392 qui

193 3410 268 3448 eu
289 3409 352 3447 m
376 3396 798 3447 accusaverunt
816 3398 1249 3464 coargueretur,
1271 3394 1663 3464 interrogatus
1679 3393 1874 3448 lmsam

201 3480 388 3519 suam
412 3463 598 3535 tidem
626 3480 837 3535 negare
860 3481 972 3518 non
1008 3463 1216 3535 potuit.
1241 3465 1309 3519 Et
1330 3463 1547 3519 idcirco
1571 3465 1879 3519 auditorem

197 3534 676 3603 Manichaeorum,
708 3534 817 3590 non
846 3534 1097 3605 electum,
1128 3552 1183 3590 se
1212 3552 1324 3591 esse
1343 3538 1617 3604 confessus
1647 3544 1743 3591 est.
1767 3538 1874 3591 Cu-

192 3610 301 3672 ius
339 3607 583 3679 quidem
618 3607 1006 3663 confessionis
1049 3607 1227 3661 veluti
1277 3625 1571 3662 summam
1605 3608 1877 3679 episcopo

193 3678 491 3735 Deuterio
525 3678 785 3751 subjicit,
818 3684 881 3731 ut
900 3678 1183 3733 immania
1200 3680 1601 3751 sacrilegaque
1622 3678 1879 3735 facinora

197 3750 636 3819 percurrendo,
661 3750 981 3819 generatim
1010 3751 1216 3805 saltem
1252 3750 1731 3821 corruptissimos
1765 3752 1873 3806 hu-

182 3825 294 3891 jus
333 3827 728 3893 sectseimores
756 3821 1051 3892 impiaque
1084 3823 1358 3891 dogmata
1382 3822 1707 3893 intelligere
1738 3840 1874 3893 pos-

190 3900 312 3951 set.
355 3894 491 3965 Post
524 3892 642 3965 hinc
675 3896 871 3965 autem
909 3893 1319 3949 ecclesiasticae
1346 3892 1671 3965 disciplinae
1704 3892 1874 3965 regu-

191 3966 286 4021 las
326 3964 386 4018 in
433 3963 770 4037 Manichazis
821 3965 1238 4035 pmnitentibus
1290 3963 1641 4037 recipiendis
1672 3963 1872 4021 obser-

192 4038 460 4103 vandas,
486 4039 586 4090 aut
617 4036 665 4091 ei
692 4052 1027 4107 suggerere,
1050 4042 1151 4091 aut
1182 4039 1310 4107 ejus
1330 4036 1585 4092 mentem
1606 4054 1874 4093 revocare

189 4109 415 4165 voluit.
452 4107 607 4170 Quas
652 4107 865 4179 deinde
897 4125 1028 4163 cum
1084 4125 1282 4163 secum
1318 4113 1666 4179 reputasset,
1702 4110 1873 4163 sedu-

191 4178 970 4251 loqueianimadvertisset,
1030 4181 1250 4251 optime
1286 4178 1610 4251 perspecta
1661 4196 1871 4248 praece-

198 4251 372 4308 denti
400 4250 686 4304 Victorini
722 4251 946 4305 vivendi
1004 4250 1247 4319 ratione,
1283 4250 1569 4305 hunc'eas
1602 4251 1870 4306 observa-

199 4329 415 4377 turum
469 4338 582 4394 non
617 4337 747 4377 esse
797 4322 1052 4391 graviter
1101 4323 1534 4394 suspicabatur.
1582 4322 1769 4383 Quare
1794 4338 1872 4394 ne.

196 4394 313 4451 levi
346 4392 683 4485 siispicione
706 4394 922 4485 moveri
945 4392 1565 4485 yijdereturnanteactis
1586 4393 1871 4485 Victqrini
1903 4418 1949 4485 Ι)

201 4466 486 4522 moribus
519 4463 575 4518 in
605 4465 863 4520 medium
900 4466 1191 4536 adductis,
1217 4466 1285 4520 ad
1322 4482 1446 4520 eam
1483 4469 1757 4535 provocat
1780 4466 1873 4521 ﬂc-

197 4540 437 4593 tionem
488 4552 621 4607 qua,
657 4537 766 4592 sub
818 4537 1095 4592 simulata
1126 4536 1423 4592 catholicas
1475 4537 1606 4592 fidei
1653 4537 1869 4607 profes-

199 4612 374 4665 sione
408 4612 465 4663 et
510 4608 660 4662 sacri
714 4608 1092 4664 ecclesiastici
1149 4609 1606 4665 subdiaconatus
1647 4609 1870 4665 ordinis

198 4682 429 4748 colore,
455 4679 878 4735 Manichaicam
903 4680 1265 4751 religionem,
1287 4698 1462 4751 quam
1496 4682 1666 4735 corde
1690 4680 1867 4751 profi-

202 4756 471 4816 tebatur,
505 4751 669 4805 nisus
701 4752 889 4824 fuerat
920 4752 1202 4806 occulere.
1225 4753 1387 4807 Hunc
1420 4756 1710 4824 ergo,tam
1738 4769 1869 4824 gra-

200 4827 252 4877 vi
292 4824 593 4879 adductus
625 4822 927 4893 scrupulo,
960 4824 1346 4896 Augustinus,
1375 4822 1867 4896 nec‘postejura-

197 4901 293 4951 tos
339 4910 593 4963 errores,
626 4898 930 4965 tamquam
956 4896 1331 4967 pmnitentem
1361 4896 1418 4949 in
1446 4895 1701 4967 Ecclesia
1725 4896 1868 4951 reci-

200 4968 492 5040 piendum
510 4980 636 5022 esse
660 4968 917 5034 censuit;
947 4966 1069 5031 sed,
1085 4968 1243 5023 omni
1267 4966 1586 5040 disciplinae
1602 4967 1873 5022 ecclesia-

199 5038 366 5095 sticae
383 5038 575 5110 rigore
593 5042 843 5106 servato,
860 5055 990 5093 eum
1019 5040 1331 5094 coercitum
1355 5056 1420 5093 ex
1442 5039 1706 5110 Hippone
1726 5040 1869 5093 urbe

199 5110 512 5167 etdicecesi
537 5110 872 5181 pellendum
897 5111 1141 5166 curavit.
1170 5113 1350 5176 Quem
1374 5115 1567 5165 tamen
1594 5110 1866 5164 severiori

203 5184 407 5238 adhuc
439 5181 552 5237 alia
583 5182 734 5237 139
767 5181 1162 5238 ecclesiastica
1193 5200 1363 5253 ptrna
1394 5181 1565 5253 plecti
1598 5181 1868 5253 Deuterio

203 5272 317 5311 suo
349 5254 625 5326 episcopo
659 5255 941 5326 mandat;
976 5254 1113 5309 huic
1150 5252 1270 5308 suis
1301 5253 1567 5324 epistolis
1600 5252 1866 5309 indicens

207 5334 274 5409 iit
306 5344 342 5409 a
371 5325 907 5409 clericorumgradu
936 5342 1172 5409 congrue
1189 5326 1870 5409 ecclesiasti'ca‘severitate

202 5397 575 5453 Victorinum
615 5396 911 5466 dejiceret.
945 5402 1008 5451 ut
1058 5398 1107 5451 is
1158 5413 1534 5467 quocumque
1564 5396 1781 5451 honore
1814 5401 1868 5452 et

203 5469 626 5525 communione
645 5468 903 5539 privatus
918 5468 1192 5524 omnibus
1207 5468 1685 5525 innotesceret.Ei
1702 5468 1865 5523 deni-

201 5557 320 5610 que
348 5540 566 5611 petenti
585 5540 932 5611 paenitentiae
956 5539 1148 5596 locum
1174 5542 1489 5597 concedere
1512 5540 1750 5595 omnino
1770 5558 1868 5595 ve-

200 5618 319 5678 tat;
346 5612 461 5668 nisi
482 5612 685 5667 etalios
706 5628 840 5683 quos
860 5612 980 5667 illic
992 5615 1143 5669 novit
1158 5630 1276 5670 esse
1296 5614 1865 5683 manifestaveril,non

277 5719 357 5790 (a)
390 5718 641 5793 Consule
671 5719 946 5777 eumdem
975 5721 1223 5793 August.
1260 5722 1359 5779 lib.
1382 5738 1420 5779 v
1444 5721 1711 5779 Confess.
1740 5737 1866 5793 cap.

204 5791 295 5861 11,
330 5807 497 5847 num.
526 5790 618 5846 24.

712 3039 799 3117 cet
817 3050 918 3105 per
934 3034 1413 3117 socordiamgut
1435 3035 1563 3117 ejus
1590 3034 1878 3106 negligen-
1911 3050 1952 3116 ρ

1996 1745 2329 1800 incolebant
2351 1746 2419 1799 ad
2454 1748 2625 1815 cujus
2650 1746 3125 1800 communionem
3146 1752 3278 1816 post
3308 1745 3643 1799 reconcilia-

1993 1818 2171 1872 tionis
2202 1824 2633 1872 sacramentum
2669 1817 2780 1887 ipsi
2812 1823 2973 1871 erant
2995 1818 3259 1885 admissi,
3286 1818 3382 1872 sed
3420 1823 3474 1871 et
3498 1816 3644 1873 alios

1991 1888 2162 1961 longe
2193 1887 2423 1959 lateque
2456 1904 2556 1960 per
2590 1894 2766 1943 totam
2801 1890 3182 1961 provinciam,
3214 1888 3299 1943 vel
3332 1887 3479 1943 alias
3508 1888 3643 1943 vici-

1994 1961 2187 2033 niores
2219 1961 2515 2033 dispersos
2548 1961 2789 2033 prodere
2836 1961 3206 2015 tenebantur.
3242 1961 3642 2033 Id_perspicue

1992 2030 2400 2088 innotescit'ex
2422 2030 2608 2104 ipsius
2629 2032 2836 2088 Felicis
2857 2033 3151 2103 quondam
3177 2030 3640 2089 Manichiei’con-

1990 2105 2263 2171 fessione,
2290 2106 2361 2160 de
2392 2121 2506 2175 quo
2530 2105 2585 2159 in
2607 2104 3009 2175 superioribus
3028 2106 3201 2160 verba
3232 2104 3479 2159 fecimus
3504 2122 3517 2159 :
3541 2104 3639 2158 Vi-

1990 2177 2198 2232 delicet
2218 2178 2381 2233 Felix
2402 2192 2691 2231 conversus
2711 2193 2783 2230 ea:
2800 2176 3129 2232 Manichaeis
3148 2177 3290 2241 dixi,
3319 2176 3418 2231 sub
3438 2176 3638 2246 testiﬁ-

1988 2251 2203 2303 catione
2250 2250 2367 2313 Dei,
2419 2265 2508 2302 me
2559 2250 2751 2302 omnia
2794 2265 2923 2302 vera
2972 2250 3240 2317 conﬁteri,
3270 2246 3352 2319 ide
3399 2263 3501 2319 quo
3529 2262 3639 2302 scio

1988 2320 2341 2388 Manichams,
2391 2320 2476 2373 vel
2523 2320 2873 2386 lllanic/izeas,
2918 2324 2974 2373 in
3022 2328 3204 2388 partes
3251 2318 3635 2384 Czesarienses,

1992 2337 2341 2388 manzcna’os,
2391 2337 2476 2373 vel
2523 2337 2873 2386 mamcnzeas,
2918 2337 2974 2373 in
3062 2337 3204 2374 artes
3251 2337 3633 2384 uesarienses,

1992 2393 2233 2448 Mariam
2264 2394 2315 2444 et
2345 2391 2708 2459 Lampadium
2752 2405 2981 2445 uxorem
3012 2337 3275 2445 ἤργουνίί
3302 2391 3633 2461 argentarii,

1988 2464 2185 2533 quibus
2215 2465 2387 2517 etiam
2416 2463 2641 2517 electum
2675 2462 3065 2533 Eucharislum
3086 2463 3308 2533 pariter
3334 2462 3632 2526 orat-imus,

1991 2532 2289 2592 Caasariam
2320 2542 2373 2588 et
2401 2534 2673 2587 Lucillum
2714 2532 2897 2603 ﬁliam
2942 2550 3119 2599 suam,
3154 2532 3480 2602 Candidam,
3511 2548 3631 2601 qua:

1988 2611 2359 2661 commoratur
2412 2606 2685 2675 Thipasse,
2743 2607 3070 2659 Victorinum
3118 2607 3441 2675 Hispanam,
3488 2603 3630 2658 Sim-

1984 2679 2300 2750 plz'cianum
2329 2678 2555 2731 Antonii
2581 2678 2821 2741 Patrem,
2849 2678 3085 2731 Paulum
3117 2680 3168 2731 et
3186 2692 3429 2732 sororem
3456 2691 3636 2743 suam,

1987 2752 2083 2821 qui
2112 2760 2240 2803 sunt
2272 2750 2546 2821 Hippone,
2578 2764 2711 2821 quas
2743 2750 2909 2802 etiam
2935 2764 3031 2821 per
3058 2750 3636 2821 MarianieliLanipa-

1990 2819 2139 2875 diam
2170 2824 2310 2877 scivi
2337 2836 2452 2875 esse
2481 2820 2826 2875 Manichacus.
2862 2821 2941 2873 Ex
2970 2819 3078 2873 hac
3112 2836 3244 2885 ergo
3278 2820 3483 2874 Felicis
3515 2819 3638 2873 Ma—

1990 2892 2197 2948 nichaei
2228 2893 2296 2948 ad
2331 2891 2675 2947 catholicam
2697 2891 2868 2945 fidem
2890 2892 3229 2945 revertentis
3250 2889 3636 2953 confessione,

1989 2970 2222 3021 vetusta
2254 2964 2355 3019 illa
2377 2962 2638 3018 Ecclesiae
2662 2962 2974 3035 disciplina
3002 2962 3337 3035 innotesrcit,
3363 2978 3477 3033 qua
3500 2976 3640 3016 cau-

1990 3041 2115 3091 tum
2150 3042 2270 3091 erat
2303 3053 2374 3090 ne
2399 3052 2677 3106 umquam
2697 3036 2764 3089 ad
2787 3034 3278 3090 reconciliationis
3300 3047 3636 3106 sacramen-

1989 3116 2113 3164 tum
2148 3103 2615 3174 admitterentur,
2638 3106 2747 3160 nisi
2773 3107 2883 3162 sub
2908 3104 3451 3178 omnipotentisDei
3472 3103 3635 3178 testi-

1990 3179 2257 3235 ﬁcatione
2291 3180 2599 3250 proderent
2633 3184 2919 3250 quotquot
2941 3175 3219 3234 nove—rant
3242 3194 3307 3231 ea
3325 3175 3531 3231 haeresi
3554 3175 3638 3250 in;

1990 3245 2573 3323 quinatos.'Quorum
2607 3245 2838 3323 tandem
2861 3249 2907 3323 si
2940 3251 3227 3323 pmniiens
3249 3249 3497 3323 aliquem
3523 3245 3633 3301 sibi

1988 3320 2188 3379 notum
2223 3324 2288 3377 ad
2324 3321 2746 3377 ecclesiasticos
2768 3320 3001 3390 judices
3023 3321 3220 3375 dolose
3240 3320 3463 3376 deferre
3484 3334 3636 3390 prae-

1985 3394 2358 3457 termisisset,
2411 3395 2534 3463 jam
2593 3388 2832 3447 laudata
2885 3392 3352 3448 reconciliatione
3416 3388 3636 3444 efﬁcie-

1987 3467 2163 3522 batur
2194 3467 2493 3536 indignus.
2535 3464 2864 3536 Propterea
2890 3464 3043 3536 idem
3076 3463 3232 3518 Felix
3280 3463 3431 3517 hanc
3463 3476 3632 3536 suam

1988 3534 2412 3593 confessionem
2459 3536 2550 3590 his
2600 3534 2790 3591 verbis
2821 3534 3031 3590 clausit
3066 3552 3077 3590 :
3113 3537 3221 3590 Hoc
3247 3538 3461 3589 tantum
3496 3534 3630 3601 scio,

1986 3610 2126 3681 quod
2154 3613 2205 3664 si
2240 3610 2402 3664 aliud
2449 3610 2730 3662 inventum
2761 3608 2933 3681 fuerit
2980 3624 3065 3663 me
3092 3609 3231 3662 scire
3274 3621 3442 3677 supra
3472 3621 3636 3674 quam

1986 3680 2127 3748 dimi,
2161 3698 2247 3735 me
2278 3697 2433 3735 reum
2462 3696 2557 3745 ego
2585 3681 2702 3748 ipse
2731 3695 2827 3733 con
2835 3680 3007 3748 fiteor.

2056 3747 2121 3808 7.7
2144 3753 2249 3807 Sed
2275 3769 2339 3806 ex
2362 3747 2705 3823 precedenti
2734 3747 2843 3805 hac
2863 3748 3074 3823 Felicis
3099 3747 3464 3823 confessione
3485 3762 3633 3823 non-

1986 3825 2123 3879 dum
2162 3817 2391 3896 plenius
2424 3828 2479 3877 et
2502 3824 2815 3896 perfectius
2837 3822 2998 3896 illius
3030 3820 3281 3891 antiquae
3314 3817 3635 3896 disciplinae

1985 3897 2133 3950 ratio
2164 3890 2397 3950 'et'ordo
2449 3890 2783 3949 in'ootescit.
2835 3895 3060 3948 Etenim
3098 3890 3229 3947 cum
3277 3890 3539 3961 plerique
3569 3905 3638 3943 ex

1983 3967 2317 4022 Manichieis
2377 3983 2699 4036 numquam
2759 3982 2924 4019 sacro
2982 3962 3357 4036 baptismatis
3406 3961 3635 4014 lavacro

1983 4044 2179 4094 essent
2210 4034 2558 4109 regenerati,
2594 4043 2651 4091 et
2698 4037 3001 4109 gentilium
3057 4034 3223 4109 quasi
3258 4034 3369 4086 ritu
3406 4046 3640 4109 semper

1982 4102 2419 4173 vixissentialii
2453 4124 2583 4162 vero
2615 4125 2681 4164 ex
2700 4102 2993 4162 catholica
3026 4106 3298 4160 societate
3330 4102 3633 4173 aufugien-

1982 4186 2070 4236 tes
2121 4181 2334 4235 Maneti
2384 4194 2597 4234 nomen
2650 4179 2953 4241 dederant,
2999 4178 3215 4231 idcirco
3265 4192 3377 4229 non
3430 4173 3634 4228 eadem

1982 4249 2639 4324 episcoporumiagendi
2670 4250 2815 4304 ratio
2863 4265 2990 4304 esse
3024 4251 3245 4324 poterat
3274 4247 3332 4324 in
3366 4245 3635 4315 utrisque

1982 4320 2353 4394 recipiendis.
2386 4320 2739 4393 Et'quidem
2784 4336 2984 4394 eorum
3042 4320 3290 4394 quilibet
3334 4334 3479 4389 quos
3510 4333 3630 4394 pce-

1982 4388 2249 4470 nitebant
2280 4388 2543 4448 libellum
2580 4392 2981 4470 confessionis
3013 4388 3190 4448 simul
3230 4388 3632 4470 etque-pomi-

1980 4467 2175 4523 tentias
2210 4467 2394 4521 facere
2442 4466 2775 4531 tenebatur,
2816 4465 2873 4521 in
2921 4482 3057 4536 quo,
3109 4462 3482 4536 anathemaie
3514 4462 3630 4530 pri-

1979 4556 2141 4620 mum
2178 4539 2389 4620 Maneti
2423 4538 2597 4620 dicto,
2631 4529 2797 4620 enixe
2827 4529 3319 4620 debebatpetere,
3352 4529 3630 4620 velcate‘:

1980 4610 2253 4667 chumeni
2289 4610 2372 4665 vel
2409 4601 2749 4680 pcenitentis
2782 4609 2971 4664 locum
3006 4601 3303 4680 obtinere;
3337 4601 3630 4680 ejusmodi

2022 4702 2151 4739 orro
2185 4673 2423 4755 libellos.
2458 4682 2713 4755 episcopi
2751 4682 3133 4755 recipiebant,
3161 4678 3387 4746 hosque
3419 4673 3630 4755 proba-

2022 4702 2151 4739 orro
2185 4701 2415 4738 nneuos
2458 4701 2713 4752 episcopi
2751 4701 3128 4752 τεειριροεηῐ,
3162 4701 3387 4746 nosque
3420 4701 3629 4743 pruuu—

1980 4701 2123 4810 Eant
2164 4773 2232 4808 an
2286 4752 2699 4809 ecclesiasticis
2750 4758 2945 4807 essent
2994 4751 3322 4805 conformes
3370 4744 3629 4815 regulis;

1980 4845 2085 4882 nec
2118 4826 2285 4881 aliter
2316 4826 2517 4880 iisdem
2554 4824 3043 4878 reconciliationis
3081 4820 3327 4894 epistola
3357 4818 3628 4894 dabatur,

1981 4900 2095 4954 nisi
2124 4915 2249 4952 cum
2280 4898 2368 4952 die
2396 4905 2447 4951 el
2476 4896 2744 4951 consule:
2776 4904 2835 4949 ut
2865 4889 3192 4964 (nimirum)
3240 4906 3409 4960 neque
3439 4889 3504 4964 de
3532 4906 3627 4964 su-

1978 4972 2196 5040 periore
2230 4966 2761 5040 temporealiqaam
2806 4962 3116 5040 mOIesliam
3161 4962 3247 5020 vel
3284 4962 3522 5040 publicis
3556 4962 3631 5040 le-

1978 5031 2159 5112 pibus,
2190 5041 2271 5095 vel
2296 5031 2988 5113 disciplinaecclesiastica
3019 5031 3370 5113 paterentur.
3404 5033 3459 5087 Si
3495 5031 3627 5113 quis

1976 5105 2112 5170 vero
2151 5105 2301 5180 'post
2356 5105 2682 5181 acceptum,
2710 5105 3195 5181 ecclesiasticum,
3229 5105 3626 5181 testimonium

1980 5189 2037 5241 et
2076 5173 2507 5255 syngraphum,
2549 5179 2729 5256 certis
2766 5182 2957 5238 adhuc
3000 5180 3234 5256 indiciis
3277 5173 3629 5256 Manicheam

1980 5244 2320 5329 apparebat,
2352 5244 2495 5329 tunc
2539 5253 2789 5329 justitiae
2831 5254 3195 5329 severitatem
3244 5249 3312 5303 ad
3368 5244 3627 5327 civilium

1981 5324 2037 5383 et
2065 5324 2596 5384 ecclesiasticarum
2651 5324 3044 5396 1401rgunr
3086 5325 3327 5396 formam
3382 5324 3629 5386 experiri

1980 5401 2328 5471 cogebatur:
2381 5414 2530 5471 quos
2582 5396 2788 5471 deinde
2834 5391 3327 5471 catholicisviris
3385 5404 3629 5471 prorsus

1981 5461 2140 5541 iusta
2172 5461 2558 5541 apostolicum
2596 5467 2709 5541 divi
2740 5468 2902 5523 Pauli
2938 5467 3281 5541 mandatum
3317 5476 3516 5541 cavere
3538 5461 3633 5541 ju_-

2023 5530 2292 5599 ebanthr.
2330 5539 2862 5597 Commendahantur
2900 5542 3110 5601 autem,
3156 5537 3251 5607 qui
3279 5532 3536 5607 epistolas
3568 5530 3633 5585 ab

1978 5618 2238 5689 episcopis
2257 5610 2891 5688 acceperant,religiosis
2907 5603 3201 5665 catholicis
3215 5603 3434 5672 vicinis,
3447 5603 3533 5659 vel
3552 5617 3635 5657 co-

1977 5724 2129 5852 64ἐξ)
2161 5719 2475 5795 Augustini
2521 5717 2690 5791 epist.
2741 5718 2888 5788 236;
2942 5720 3132 5776 exstat
3179 5720 3323 5776 tom.
3375 5711 3447 5786 II,
3497 5724 3630 5784 pag.
