3960 6176
162 236 280 296 929

880 230 983 291 DE
1026 230 1631 294 MANICH/EORUM
1679 230 1991 294 HIERESI
2036 235 2136 295 ET
2181 236 2564 298 HISTORIA
2613 237 2758 297 LlB.
2807 237 2883 298 Il.

3460 246 3586 307 930

156 364 421 447 tionibus
440 362 988 447 purgare'm(a).Sed
1004 362 1821 447 eumninevotvendisscrl‘ptis
1854 372 1904 440 Α
1933 382 2084 447 gnus
2122 367 2558 447 afﬁrmavit.Ea
2591 386 2840 447 prorsus
2894 369 3119 447 ratione
3158 383 3276 447 qua
3312 371 3583 447 sacrilegi

155 436 470 494 acatholici
503 436 611 491 viri
629 436 744 509 alia
758 452 992 507 quoque
1012 438 1047 490 1
1062 437 1517 509 Aﬁoﬁ'enderim
1539 455 1666 509 qua:
1684 436 1819 493 Leo-

155 511 254 566 nis
276 509 551 582 pietatem
573 514 629 565 et
650 507 940 582 sinceram
962 509 1138 563 {idem
1160 508 1367 565 laedere
1383 507 1674 577 videntur,
1691 509 1822 564 diu-

154 580 363 638 tius—in
389 582 599 636 horum
617 580 887 635 examine
913 581 1214 635 immorari
1239 582 1636 636 necessarium
1659 582 1821 651 duxi,

156 670 234 709 ne
256 654 497 709 omnino
514 651 851 723 intelligens
866 653 937 706 ab
960 652 1173 707 invidis
1197 653 1529 724 criticisque
1551 654 1822 709 adversa-

150 724 605 796 riisjudicarer.
632 725 846 779 lterum
875 740 1012 796 ergo
1035 723 1093 779 S.
1122 723 1457 796 pontificem
1490 726 1548 779 in
1581 740 1821 780 scenam

156 795 416 865 inducit,
436 813 550 851 non
579 800 810 850 tantum
834 802 897 850 ut
922 795 1088 850 ludat
1109 795 1178 851 de
1203 797 1652 852 Manichaeorum
1679 798 1821 868 dog-

156 870 427 924 matibus
458 868 823 936 disserendo,
847 870 942 922 sed
972 872 1038 922 ut
1064 869 1228 923 novis
1253 869 1584 923 maledictis
1609 874 1666 923 et
1689 886 1820 939 pro-

154 941 285 995 bris
331 957 464 996 eum
516 939 788 1010 exagitet.
815 939 1108 1010 Confingit
1159 940 1452 1010 imprimis
1482 946 1537 994 ὃ.
1566 941 1819 995 Leonem

150 1012 356 1083 Cyrilli
382 1012 892 1083 Hierosolymitani
917 1012 1267 1066 sententiam
1296 1017 1586 1082 secutum,
1604 1028 1718 1083 qua
1741 1012 1823 1066 ait

218 1100 395 1139 anem
420 1084 844 1152 btasphemasse,
868 1099 921 1137 se
939 1087 1187 1155 sanctum
1206 1083 1477 1155 Spiritum
1500 1083 1783 1139 vocitando
1797 1099 1820 1146 ,°

149 1155 332 1210 dicit:
350 1155 533 1226 Magis
558 1155 823 1225 speciosa
843 1161 931 1211 est
946 1154 1157 1209 saltem
1181 1154 1471 1226 ejusmodi
1490 1156 1819 1225 accusatio;

154 1233 215 1281 et
243 1228 357 1283 Leo
392 1226 605 1281 melius
640 1226 872 1281 fecisset
900 1243 1027 1281 eam
1062 1228 1257 1297 potius
1287 1228 1613 1283 exscribere
1640 1243 1818 1297 quam

149 1299 498 1364 extendere,
513 1307 569 1353 et
593 1298 768 1352 latius
786 1298 1074 1369 explicare
1095 1299 1473 1353 inexcusabili
1494 1316 1624 1353 cum
1650 1299 1823 1352 liber-

150 1376 281 1425 tate
315 1371 557 1441 prtefata
587 1371 779 1437 verba,
812 1370 1142 1426 Manichacus
1166 1370 1274 1441 (ait
1307 1371 1442 1435 Leo)
1471 1371 1567 1425 sub
1596 1374 1821 1425 nomine

146 1444 409 1513 Spiritus
436 1443 635 1505 sancti,
670 1442 1089 1513 ipsumﬂtalium
1120 1443 1463 1513 impietatum
1494 1444 1823 1513 magistrum

149 1512 402 1568 adorare
432 1513 818 1585 Manichazum.
848 1512 917 1567 Et
946 1530 1153 1568 rursus
1179 1512 1278 1568 :ln
1302 1515 1569 1585 magistro
1590 1512 1686 1568 suo
1707 1515 1820 1568 Ma-

147 1586 370 1640 nichaeo
397 1587 719 1657 apparuisse
730 1583 1009 1657 Spiritum
1026 1588 1272 1639 sanctum
1293 1583 1673 1641 crediderunt.
1687 1626 1717 1638 ..
1736 1587 1821 1639 .ut

149 1657 462 1738 non_aliud
491 1658 673 1738 fuerit
721 1656 1054 1738 Manichacus
1104 1658 1219 1738 ipse
1265 1657 1816 1738 q_u_am_S_piritus_(b).

152 1726 426 1783 Profecto
457 1726 505 1783 si
538 1728 594 1783 id
622 1743 822 1782 verum
853 1726 1453 1798 exstitisset(subjicit
1474 1726 1822 1797 Beausobre)

150 1804 436 1855 nostrum
462 1800 799 1854 haereticum
835 1799 1113 1870 superbia
1144 1806 1201 1855 et
1232 1801 1599 1871 blasphemia
1622 1801 1691 1854 ad
1718 1816 1815 1854 su-

149 1887 439 1943 premum
471 1871 708 1943 malitia
731 1872 979 1942 gradum
1012 1871 1345 1927 traxissent.
1377 1875 1448 1926 At
1480 1872 1528 1925 si
1565 1872 1669 1927 Leo
1702 1888 1816 1926 non

146 1941 477 2024 estmagis
529 1941 819 2023 fidelis’in
871 1944 996 2024 suis
1046 1943 1507 2024 narrationibus,
1537 1959 1710 2024 quam
1745 1943 1821 2024 sit

138 2017 358 2086 justus
397 2013 460 2068 in
502 2013 636 2086 suis
668 2014 1059 2079 sermonibus,
1083 2014 1493 2069 excusabimur
1542 2014 1732 2086 plane,
1769 2013 1818 2069 si

146 2085 323 2141 illius
370 2085 546 2140 dictis
594 2085 770 2140 ﬁdem
814 2103 929 2140 non
978 2086 1386 2141 adhibeamus.
1441 2085 1817 2142 Potissimum

146 2175 291 2213 cum
348 2157 554 2228 paucis
585 2161 760 2211 etiam
820 2156 1081 2213 refellere
1135 2157 1337 2213 volens
1403 2161 1815 2228 praesumptam

146 2175 291 2213 cum
348 2174 554 2282 pauens
585 2174 760 2211 etiam
820 2174 1081 2213 reteuere
1135 2174 1337 2213 vonens
1403 2174 1813 2228 praesumptam

146 2229 348 2313 genie
400 2230 467 2282 sei
507 2229 851 2313 superbiam
907 2230 966 2282 in
1021 2229 1325 2313 sequentia
1372 2229 1549 2313 vorba
1600 2230 1813 2299 erupit.

146 2302 439 2369 Quoniam
467 2304 519 2354 et
550 2298 636 2355 hic
659 2298 723 2355 de
747 2301 846 2354 illa
876 2300 1074 2355 mundi
1099 2298 1313 2356 exstitit
1343 2304 1520 2370 parte,
1552 2315 1677 2370 qua
1704 2298 1815 2355 non

142 2377 329 2445 potest
389 2372 666 2442 Spiritum
720 2373 966 2427 veritatis
1000 2374 1266 2445 recipere.
1320 2372 1495 2436 Quasi
1546 2372 1817 2426 innueret

142 2442 753 2516 Spiritumsanctum
776 2443 1044 2515 angustis
1067 2446 1283 2499 finibus
1305 2459 1433 2516 esse
1458 2444 1813 2516 restrictum,

143 2514 202 2570 et
235 2514 507 2570 Orientis
533 2514 814 2586 populum
847 2514 1077 2570 cunctis
1124 2530 1255 2570 esse
1304 2514 1810 2586 miserabiliorem.

146 2588 500 2657 Numquam
532 2585 672 2642 sane
714 2587 995 2658 (subjicitr
1028 2586 1378 2657 Beausobre)
1430 2585 1814 2641 credidissem

147 2660 318 2730 quod
342 2656 511 2712 funus
536 2656 875 2730 episCOpus,
900 2656 1000 2729 qui
1030 2660 1683 2729 Magnicognomentcm
1716 2658 1814 2730 ob:

144 2728 363 2795 tinuit,
386 2728 595 2785 simile
626 2728 950 2802 absurdum
1002 2730 1061 2784 in
1111 2728 1362 2802 quodam
1413 2728 1813 2802 sermonerqui

143 2803 233 2873 ad,
262 2800 818 2873 posterosrtransiit
868 2802 1058 2855 dicere
1104 2800 1529 2873 potuissettlta
1578 2805 1644 2856 ut
1686 2800 1815 2872 ipse

141 2872 383 2929 oblitus
414 2872 567 2943 quod
601 2873 774 2943 primi
797 2874 947 2927 inter
976 2872 1221 2943 gentiles
1244 2873 1343 2945 qui
1372 2872 1653 2945 Messium
1679 2873 1815 2945 ado-

140 2960 285 3001 rare
317 2959 526 2999 venere
558 2946 797 3016 {uerunt
824 2946 1004 3016 magi,
1028 2944 1348 3016 Persarum
1370 2944 1814 3016 philosophi,_et

140 3016 328 3090 quasi
366 3015 611 3090 Manetis
643 3017 815 3090 atavi.
851 3015 1072 3090 Pariter
1108 3016 1206 3071 ille
1237 3015 1577 3090 oblitusest
1604 3014 1809 3090 seralio

138 3087 197 3144 in
235 3087 768 3182 sermone‘dixisse
794 3088 951 3182 queri
975 3090 1130 3182 magi
1163 3104 1277 3182 npn
1300 3104 1368 3143 ex
1389 3087 1808 3182 sidereo‘signo
1839 3115 1881 3182 ρ

136 3174 477 3231 cognovere
500 3159 795 3213 Christum
823 3160 879 3213 in
901 3158 1105 3214 Judaea
1126 3164 1352 3226 natum,
1369 3158 1462 3231 sed
1483 3163 1673 3228 agente
1691 3162 1810 3214 sine

136 3230 319 3287 dubio
350 3231 414 3283 in
441 3245 629 3285 eorum
659 3232 917 3285 cordibus
948 3232 1319 3300 inspiratione
1347 3230 1558 3286 divina.

211 3306 276 3357 8.
302 3306 393 3356 En
417 3305 577 3355 totus
612 3302 1076 3357 Beausobrianus
1106 3303 1302 3369 ludus,
1324 3302 1424 3371 qui
1457 3301 1670 3356 actoris
1700 3301 1807 3355 im-

142 3372 501 3444 pudentiam
525 3378 581 3426 et
598 3374 1124 3443 mendaciaarguit,
1141 3374 1187 3428 si
1214 3373 1601 3444 inspiciamus
1618 3373 1811 3427 Leoni-

142 3443 289 3527 rtum
310 3448 652 3525 contextum
673 3461 742 3499 ex
764 3462 879 3527 quo
902 3445 1015 3527 tria
1032 3446 1261 3515 objecta
1283 3443 1407 3527 loca
1424 3444 1628 3527 avulsa
1647 3449 1805 3527 sunt.

142 3519 199 3571 In
238 3531 501 3586 quorum
529 3516 714 3586 primo
739 3516 882 3571 nihil
908 3516 1076 3587 plane
1099 3516 1352 3571 occurrit
1380 3532 1412 3570 a
1447 3516 1557 3571 fide
1579 3520 1637 3570 et
1656 3517 1808 3570 veri-

142 3593 265 3643 tate
288 3586 575 3659 alienum,
593 3589 863 3659 quodque
887 3586 921 3642 a
941 3588 1274 3643 Manichteis
1296 3587 1553 3658 profiteri
1579 3588 1635 3642 S.
1663 3605 1808 3659 pon-

140 3661 283 3715 tifex
318 3675 437 3713 non
490 3658 953 3729 deprehenderit.
980 3662 1194 3724 Quarto
1237 3660 1400 3731 enim,
1443 3659 1542 3713 illo
1574 3658 1806 3731 deEpi-

142 3730 368 3799 phania
398 3747 686 3796 sermone,
714 3732 770 3786 in
799 3731 992 3801 pepuli
1020 3731 1362 3786 memoriam
1388 3730 1809 3786 incarnationis

143 3801 438 3873 mysterio
468 3808 756 3870 revocato,
788 3810 845 3857 et
875 3801 1052 3857 latius
1094 3802 1399 3873 explicatis
1431 3820 1557 3873 quae
1592 3804 1658 3855 ad
1694 3802 1808 3857 diei

140 3874 571 3939 celebritatem,
608 3875 678 3928 ad
719 3890 1023 3943 magorum
1054 3875 1113 3929 in
1148 3874 1436 3929 Bethleem
1469 3876 1807 3943 adventum,

140 3947 209 4000 ad
250 3944 458 4018 oblata
491 3961 755 4018 munera,
779 3944 847 4018 ad
884 3946 1176 4001 sidereum
1209 3944 1352 3999 illud
1386 3946 1619 4018 signum
1654 3946 1807 4018 quod

141 4033 209 4072 ex
268 4016 612 4089 longinquis
635 4017 883 4073 Orientis
904 4018 1288 4089 partibuseos
1311 4017 1650 4087 adduxerat,
1675 4016 1809 4089 per-

144 4089 445 4155 tinebant,
472 4088 816 4144 Manichaaos
839 4088 982 4159 quos
1015 4106 1149 4144 mox
1178 4088 1235 4143 in
1269 4089 1417 4143 Urbe
1447 4088 1693 4144 latentes
1715 4089 1806 4143 de-

146 4164 381 4233 texerat
398 4160 735 4231 aggreditur
750 4160 1412 4233 exagitare,summatim
1432 4162 1502 4216 ad
1528 4160 1810 4233 populum

144 4231 444 4303 sacrilega
475 4237 801 4287 commenta
822 4231 880 4287 et
901 4232 1166 4288 fabulosa
1193 4233 1497 4287 mendacia
1529 4231 1809 4297 referens,

142 4302 821 4372 quibus’incarnationis
843 4305 1142 4365 veritatem
1175 4303 1767 4368 subvertebant.0uid
1789 4307 1811 4359 Ρ

144 4376 226 4431 Ne
250 4373 530 4446 pluribus
545 4375 825 4446 populum
842 4377 1162 4439 teneret,ad
1179 4376 1495 4446 quamdam
1512 4391 1808 4430 summam

147 4446 392 4502 reduxit
412 4447 677 4519 omnium
699 4463 960 4501 errorum
993 4448 1184 4519 capita
1206 4464 1219 4502 :
1242 4447 1515 4501 videlicet
1535 4447 1811 4519 quemad-

148 4518 395 4573 modum
424 4516 711 4573 Mosaicas
733 4516 1415 4589 Scripturasrejiccrent,
1440 4516 1807 4589 evangelicae

148 4536 395 4573 moaum
426 4536 711 4573 mosaicas
733 4536 854 4573 bCl‘l
905 4536 1067 4574 iuras
1092 4536 1415 4589 rejtccrent,
1440 4536 1807 4589 avangeucas

144 4594 619 4659 corrumperent,
648 4536 1030 4661 apostoiicam
1064 4589 1311 4661 symboli
1344 4590 1641 4645 veritatem
1675 4607 1810 4645 con-

145 4664 500 4726 temnerent,
523 4665 582 4715 et
612 4666 893 4731 negantes
918 4679 951 4716 a
974 4662 1182 4718 Christo
1202 4663 1347 4717 vivos
1378 4671 1428 4717 et
1456 4667 1697 4717 mortuos
1725 4664 1809 4730 iu-

142 4731 436 4794 dicandos,
458 4731 716 4787 docebant
748 4735 807 4787 in
836 4734 945 4799 sole
974 4737 1028 4787 et
1062 4735 1195 4788 tuna
1223 4734 1397 4788 colere
1429 4734 1726 4801 Christum,
1756 4742 1810 4789 et

140 4804 246 4857 sub
278 4804 508 4857 nomine
538 4802 779 4872 Spiritus
806 4807 986 4860 sancti
1016 4807 1199 4875 ipsum
1229 4806 1428 4860 talium
1458 4807 1810 4873 impietatum

145 4876 491 4942 magistrum
510 4874 745 4931 adorare
761 4874 1150 4932 Manicheum.
1168 4876 1291 4931 Duo
1308 4881 1503 4931 autem
1526 4877 1625 4932 illa
1642 4877 1808 4933 valde

146 4947 306 5001 inter
337 4962 401 5018 se
432 4946 820 5018 diﬂ‘erre,quis
844 4964 956 5002 non
979 4948 1175 5003 videt?
1201 4948 1584 5004 Manicheum
1608 4950 1807 5003 videli-

146 5023 239 5091 cet
263 5032 326 5091 se
359 5016 643 5091 Spiritum
672 5016 943 5091 sanctum
966 5020 1205 5081 dixisse,
1225 5024 1281 5074 et
1307 5020 1466 5076 illius
1489 5020 1811 5091 discipulos

146 5090 263 5143 sub
287 5088 547 5158 Spiritus
569 5091 755 5145 sancti
791 5090 1025 5146 nomine
1048 5092 1428 5147 Manichzeum
1454 5088 1693 5146 adorare
1715 5092 1807 5161 (ε).

146 5164 341 5215 Hocce
359 5166 723 5231 postremum
740 5163 1047 5218 dumtaxat
1062 5164 1133 5219 de
1151 5163 1487 5219 Manichaeis
1503 5166 1557 5219 S.
1576 5164 1685 5217 Leo
1703 5168 1813 5218 Ma-

219 5264 300 5334 (a)
322 5265 679 5339 rBeausobre.
714 5273 861 5338 part.
888 5286 929 5323 ιι
952 5270 1101 5325 Hist.
1130 5270 1602 5339 Manichaeorum,
1636 5268 1736 5323 lib.
1768 5285 1810 5335 ι,

150 5353 290 5411 cap.
313 5337 371 5411 2,
402 5354 537 5411 pag.
571 5337 762 5411 256,7§
794 5341 847 5395 3.

220 5408 299 5479 (ὁ)
332 5408 531 5466 Ξζῐλὲο
573 5408 843 5483 Magn—us,
869 5427 1045 5468 serm.
1090 5413 1121 5467 4
1165 5412 1225 5466 in
1273 5412 1584 5483 Epiphan.,
1617 5428 1742 5483 cap.
1775 5414 1810 5465 2

149 5483 531 5635 “(3313.an
563 5551 674 5678 ipsi
707 5554 778 5608 ad
805 5554 1128 5621 marginem
1153 5554 1334 5625 hujus
1357 5570 1483 5626 cap.
1509 5554 1805 5610 annotavi-

149 5637 315 5678 mus:
353 5626 416 5677 ut
445 5624 575 5678 Vide
603 5624 716 5678 icet
758 5625 939 5678 lector
967 5628 1143 5678 unico
1193 5626 1410 5678 intuitu
1459 5626 1805 5678 intelligeret

148 5637 315 5698 mus;
339 5626 416 5698 ut
445 5624 722 5698 videlicet
758 5625 939 5682 lector
967 5628 1143 5683 unico
1193 5624 1410 5681 intuitu
1431 5624 1814 5698 'intelligeret

145 5695 302 5770 quod
319 5695 854 5770 _M_anes_magister
874 5699 1377 5770 docuerit,quidve
1399 5695 1703 5755 Manichaii
1728 5697 1815 5753 di-

148 5765 361 5897 scipuli
392 5766 603 5824 Leonis
632 5765 748 5825 aevo
776 5765 1195 5828 credidissent:
1213 5771 1409 5828 Nostri
1433 5771 1643 5827 deinde
1666 5786 1808 5828 mss.

148 5851 215 5894 co
261 5839 319 5895 d.
344 5855 453 5897 nro
469 5854 607 5897 voce
627 5843 811 5897 sancti
832 5841 1007 5897 aliam
1032 5844 1133 5897 Dei
1152 5843 1391 5897 habent.
1408 5844 1661 5897 Sanctus
1680 5846 1808 5897 Leo.

261 5839 319 5895 d.
344 5855 453 5918 pro
469 5854 607 5902 voce
627 5843 811 5904 sancti
832 5841 1007 5905 aliam
1032 5844 1133 5907 Dei
1152 5843 1391 5907 habent.
1408 5844 1661 5905 Sanctus
1680 5846 1810 5920 Leo,

1933 440 2107 495 etiam
2132 443 2565 497 contendebant
2587 440 2644 496 in
2669 442 2789 497 sole
2811 446 2869 497 et
2894 442 3037 498 luna
3058 440 3349 498 Christum
3375 440 3583 501 adora-

1934 511 2011 579 ri;
2042 528 2144 567 nec
2166 517 2363 569 tamen
2387 514 2731 569 etl'utiebant
2754 515 2933 569 solem
2963 520 3021 569 et
3048 512 3247 569 lunam
3273 531 3401 571 esse
3423 516 3586 571 Chri-

1933 584 2327 656 stum.Neque
2350 585 2464 639 alio
2487 587 2631 640 147
2664 586 2834 640 modo
2859 593 3056 641 noster
3077 591 3186 641 Leo
3200 587 3586 644 ratiocinatus

1932 656 2092 710 estin
2114 654 2295 711 altero
2320 673 2589 712 sermone
2612 657 2680 712 de
2699 656 3208 723 Pentecoste,cum
3234 658 3587 716 Manichaeos

1931 743 2053 781 sua:
2095 728 2282 783 aetatis
2333 728 2593 783 refellere
2643 745 2954 800 aggressus
3003 735 3110 799 est,
3160 732 3585 789 contendentes

1932 814 2213 922 magnum
2262 801 2577 871 quemdam
2610 806 2667 854 et
2698 801 3011 856 sublimem
3060 808 3356 857 auctorem
3390 804 3578 874 sequi,

1932 869 1986 922 in
2075 888 2176 922 ane
2208 872 2489 922 magistro
2519 888 2626 922 suo
2658 873 3000 922 annaruisse
3030 872 3302 922 Spiritum
3331 879 3578 922 sanctum

1932 869 1986 923 in
2025 869 2176 925 Mane
2208 869 2489 943 magistro
2519 888 2626 926 suo
2658 873 3000 943 apparuisse
3030 872 3302 943 Spiritum
3331 869 3584 930 sanctum

1928 943 2301 1007 crediderunt,
2318 945 2757 1014 promissumque
2784 961 2815 997 η
2839 945 3072 998 Domino
3092 946 3444 1000 Paracletum
3470 963 3580 1002 non

1925 1016 2086 1084 prius
2116 1016 2331 1070 venisse
2372 1032 2538 1085 quam
2568 1015 2659 1069 hic
2688 1017 2999 1086 infelicium
3038 1016 3281 1086 deceptor
3308 1020 3578 1085 oriretur,

1930 1087 1988 1138 in
2019 1102 2121 1157 quo
2164 1088 2244 1140 ita
2292 1086 2529 1157 Spiritus
2575 1089 2794 1141 sanctus
2842 1089 3130 1152 manserit,
3158 1092 3219 1141 ut
3262 1103 3367 1143 non
3417 1088 3581 1145 aliud

1927 1160 2100 1231 [uerit
2128 1158 2307 1231 Manes
2357 1159 2471 1231 ipse
2519 1175 2695 1231 quam,
2730 1159 2980 1227 Spiritus
3027 1159 3145 1213 Dei.
3177 1160 3231 1212 Si
3282 1161 3460 1231 igitur
3506 1161 3577 1216 ad

1930 1230 2051 1303 haec
2082 1228 2332 1303 Leonina
2362 1228 2517 1283 dicta
2532 1228 3418 1303 'rexManicbaaorumrsententia
3451 1249 3579 1303 pro-

1930 1300 2047 1376 lata
2076 1302 2467 1376 atteridamus,
2494 1300 2906 1376 nibitprorsus
2927 1301 3315 1376 intelligimus
3337 1300 3580 1376 quo—po-

1931 1372 2145 1444 tuisset
2191 1371 2519 1444 Beausohre
2552 1372 2609 1426 S.
2637 1372 2881 1426 Leonem
2923 1371 3170 1427 inﬁdum
3205 1380 3260 1428 et
3292 1371 3580 1444 injustam

1930 1443 2243 1518 appellare.
2265 1443 2759 1518 Constabatenim
2784 1445 2839 1498 S.
2864 1444 3119 1518 pontiﬁci
3139 1443 3427 1515 ejusmOdi
3453 1464 3584 1518 pra~

1930 1513 1999 1569 va
2015 1513 2296 1586 dogmata
2326 1532 2361 1569 a
2392 1513 2727 1570 Manichseis
2751 1513 3033 1587 profiteri,
3059 1513 3181 1570 non
3207 1533 3275 1571 ex
3304 1513 3584 1574 falso—ho-

1932 1587 2157 1642 minum
2202 1603 2458 1654 rumore,
2492 1603 2605 1640 non
2656 1603 2722 1641 ex
2756 1586 3022 1641 aliorum
3074 1588 3446 1654 testimoniis,
3479 1591 3581 1645 sed

1930 1657 2049 1713 haec
2076 1659 2274 1713 omnia
2297 1675 2365 1714 ex
2383 1657 2721 1712 corumdem
2744 1658 3196 1713 Manichaeorum
3217 1660 3583 1717 confessione

1930 1730 2367 1800 criminumque
2384 1729 2778 1784 exsecratione
2800 1730 3084 1800 probavit.
3101 1730 3288 1792 Quare
3305 1733 3582 1788 omnibus

1930 1818 2277 1873 persuasum
2302 1818 2429 1857 esse
2446 1802 2618 1855 debet
2636 1800 3025 1873 acatholir-um
3048 1802 3235 1857 virum
3254 1804 3584 1861 Beausobre

1928 1872 2145 1945 nodum
2177 1889 2410 1944 semper
2451 1872 2883 1945 quaesivissein
2918 1874 3134 1945 scirpo,
3175 1876 3583 1933 fraudulentas

1927 1944 2441 2016 interpretationes
2471 1944 2877 2016 contingendo.

1995 2017 2049 2070 9.
2084 2015 2155 2071 At
2203 2015 2409 2071 saltem
2456 2015 2818 2070 verum’erit
2866 2015 2923 2069 S.
2961 2015 3293 2083 pontiﬁcem
3331 2016 3582 2083 Spiritui

1927 2092 2129 2142 sancto
2160 2087 2341 2143 fuisse
2371 2088 2837 2159 injurium,cum
2870 2085 3035 2141 illum
3061 2089 3330 2157 angustis
3357 2085 3577 2145 ﬁnibus

1927 2160 2246 2232 restrinxit,
2262 2166 2317 2214 et
2339 2157 2662 2214 Orientales
2683 2157 2842 2213 illius
2864 2174 2972 2232 ope
2994 2162 3050 2212 et
3072 2160 3343 2232 praesidio
3361 2161 3577 2232 privari

1926 2230 2647 2287 indicavit.Commentum
2682 2245 2885 2302 apage.
2904 2230 3114 2284 Narrat
3140 2230 3437 2302 quippe'S.
3466 2233 3575 2288 Leo

1925 2304 2644 2374 quemadmodumrManes
2672 2302 2731 2355 in
2766 2302 2963 2374 orbem
2998 2302 3371 2374 damnandus
3403 2320 3577 2374 appa-

1924 2373 2125 2445 ruerit,
2140 2374 2324 2429 Probo
2347 2379 2403 2427 et
2423 2373 2664 2428 Paulino
2683 2373 3042 2445 consulibus.
3062 2373 3138 2426 Ex
3157 2390 3272 2445 qua
3287 2373 3571 2445 temporis

1924 2444 2144 2515 epocha
2174 2446 2475 2499 evidenter
2503 2445 2870 2515 demonstrat
2900 2444 3024 2513 jam
3061 2460 3093 2496 a
3121 2444 3336 2499 Christi
3385 2444 3569 2501 morte

1923 2514 1994 2570 ad
2029 2516 2197 2570 Probi
2230 2520 2287 2571 et
2324 2515 2547 2570 Paulini
2590 2514 2962 2570 consulatum
2998 2530 3181 2585 usque
3211 2520 3471 2570 octavam
3506 2516 3564 2571 in

1922 2587 2283 2643 Christianos
2300 2586 2762 2658 persecutionem
2794 2585 3145 2658 desaeviisse,
3165 2587 3569 2642 innumerabi-

1923 2658 2127 2731 lesque
2148 2657 2432 2731 martyres
2444 2658 2757 2731 exstitisse,
2773 2657 2990 2731 quibus
3005 2658 3171 2727 juxta
3187 2659 3416 2713 divinas
3440 2675 3571 2731 pro-

1923 2729 2236 2787 missiones
2266 2729 2419 2801 apud
2452 2729 2785 2785 Matthmum
2814 2746 2909 2783 xxx
2934 2730 3116 2801 datus
3154 2734 3277 2784 erat
3301 2730 3566 2801 _Spiritus

1922 2808 2163 2857 sanctus
2188 2820 2200 2855 :
2225 2799 2409 2858 Nolite
2432 2804 2670 2872 cogitare
2711 2799 2978 2873 quomodo
3006 2808 3103 2855 aut
3126 2802 3257 2870 quid
3290 2799 3564 2871 loouami-

1922 2876 2007 2945 ni,
2028 2880 2135 2929 etc.
2162 2874 2283 2929 Non
2318 2874 2577 2945 potuisse
2601 2888 2738 2944 ergo
2778 2875 2977 2945 Datim,
3005 2887 3249 2945 suorum
3276 2874 3564 2929 donorum

1920 2944 2248 3009 largitatem
2295 2943 2613 3013 continere,
2636 2943 2703 2998 ut
2732 2948 2816 2998 tot
2846 2943 3113 2998 Ecclesia
3154 2946 3568 3069 generationes

1921 3034 2025 3069 sua
2054 3017 2440 3069 insniratione
2479 3015 2796 3069 fraudaret.
2819 3015 3002 3069 donec
3046 3030 3148 3069 nro
3197 3014 3412 3069 iniosus
3444 3020 3568 3069 tur-

1921 3034 2025 3071 sua
2054 3017 2440 3088 inspiratione
2479 3015 2796 3088 fraudaret,
2819 3015 3002 3069 donec
3045 3014 3412 3088 prodigiosus
3444 3020 3568 3088 tur-7

1920 3090 2082 3159 pium
2116 3086 2553 3143 mendaciorum
2588 3086 2828 3159 signifer
2866 3090 3228 3156 nasceretur,
3253 3087 3364 3143 Leo
3396 3087 3568 3159 quasi

1918 3158 2188 3215 Archelai
2221 3160 2585 3230 argumentis
2620 3158 2902 3214 insistens
2931 3164 3249 3230 asseverat,
3280 3163 3337 3214 et
3367 3158 3568 3213 statim

1919 3232 1990 3285 de
2011 3232 2238 3286 Manete
2268 3229 2541 3301 subjicit.
2570 3230 2672 3283 Cui
2700 3246 2768 3284 ne
2806 3230 2903 3283 hoc
2931 3229 3149 3298 quidem
3178 3230 3353 3285 tribui
3376 3235 3567 3301 potest,

1920 3307 2063 3373 quod
2092 3304 2179 3357 vel
2206 3304 2465 3373 exiguam
2494 3301 2695 3373 diuinae
2726 3302 3115 3373 inspirationis
3143 3304 3412 3371 acceperit
3438 3317 3567 3372 por-

1920 3371 2145 3441 tionem,
2171 3371 2427 3445 quoniam
2451 3374 2538 3427 hic
2560 3372 2626 3426 de
2655 3373 2755 3425 illa
2785 3371 2982 3445 mundi
3009 3373 3219 3426 exstitit
3244 3377 3420 3445 parte,
3439 3371 3571 3445 quae

1916 3461 2029 3501 non
2060 3444 2233 3516 potest
2260 3445 2530 3516 Spiritum
2559 3444 2822 3516 veritatis
2842 3444 3108 3512 accipere.
3129 3446 3215 3516 _At
3243 3444 3366 3516 haec
3396 3444 3572 3498 verba

1919 3513 2242 3588 posteriora
2265 3513 2376 3571 non
2403 3519 2545 3571 sunt
2564 3513 2885 3588 referenda,
2911 3519 3011 3588 aut
3032 3516 3098 3588 ad
3129 3514 3448 3588 Persidem,
3467 3520 3571 3588 aut

1919 3584 1987 3643 ad
2023 3593 2208 3643 totum
2243 3588 2559 3650 Orientem,
2582 3591 2644 3641 ut
2665 3585 2754 3641 vel
2786 3584 3219 3653 allucinatione,
3243 3586 3365 3641 sive
3397 3585 3567 3640 mali-

1918 3661 2019 3729 tia,
2061 3661 2384 3715 Beausobre
2416 3660 2834 3729 interpretatus
2872 3661 2980 3726 est,
3011 3657 3106 3711 sed
3147 3657 3217 3712 ad
3263 3658 3567 3726 diabolum,

1916 3732 2330 3788 mendaciorum
2350 3740 2587 3800 patrem,
2613 3731 2783 3800 cujus
2812 3734 3003 3799 partes
3025 3733 3081 3783 et
3106 3745 3350 3784 munera
3374 3732 3572 3785 Manes

1918 3805 2143 3869 agebat,
2168 3805 2296 3872 ejus
2328 3801 2655 3857 doctrinam
2690 3802 2969 3855 docendo.
2998 3800 3129 3872 Mox
3159 3802 3311 3856 enim
3336 3801 3394 3855 S.
3426 3818 3571 3871 pon-

1916 3875 1955 3928 ti
1968 3876 2055 3929 fex
2077 3891 2138 3929 se
2156 3870 2484 3946 explicavit,
2499 3891 2564 3928 su
2575 3872 2866 3946 bjiciendo
2891 3888 2904 3928 :
2927 3870 3178 3942 Repletus
3199 3875 3347 3946 enim
3361 3870 3571 3946 spiritu

1918 3947 2146 4010 diaboli,
2172 3944 2401 4017 spiritui
2421 3947 2629 4000 resistit
2654 3944 2855 3998 Christi
2873 3962 2894 3997 .·
2917 3948 2972 3997 et
2990 3959 3115 4017 cum
3134 3945 3333 4017 sanctis
3354 3945 3450 3998 Dei
3472 3946 3574 4017 hoc

1917 4013 2207 4073 Paracleti
2223 4018 2473 4073 doctrina
2505 4017 2823 4080 contulerit,
2847 4019 2951 4068 etc.
2980 4013 3123 4067 Cum
3158 4016 3353 4084 itaque
3380 4016 3569 4068 mani-

1919 4090 2068 4143 festa
2099 4104 2190 4143 res
2220 4089 2316 4155 sit,
2345 4088 2558 4143 divinis
2587 4086 2762 4141 etiam
2796 4086 2853 4138 in
2885 4084 3199 4153 Scripturis
3230 4084 3568 4155 praedicata,

1920 4161 2208 4215 mundum
2241 4154 2468 4213 induas
2492 4157 2666 4211 dividi
2696 4160 2912 4226 partes,
2936 4171 3186 4225 quarum
3220 4154 3387 4209 alteri
3416 4155 3572 4210 Deus

1919 4236 1978 4285 et
2005 4231 2239 4295 veritas,
2264 4229 2431 4284 alteri
2480 4244 2613 4281 vero
2662 4225 2927 4296 diabolus
2955 4230 3011 4279 et
3044 4226 3353 4281 mendacia
3382 4226 3570 4281 domi-

1920 4307 2159 4368 nantur,
2184 4318 2298 4355 non
2330 4301 2497 4354 video
2529 4315 2632 4352 cur
2665 4298 2937 4351 laudatus
2962 4297 3167 4352 Leonis
3190 4313 3404 4363 sermo,
3430 4298 3573 4352 divi-

1920 4376 2012 4428 nis
2028 4372 2502 4428 institutionibus
2520 4370 2789 4437 refertus,
2806 4386 2919 4424 non
2936 4370 3201 4424 debuerit
3216 4369 3285 4423 ad
3308 4374 3571 4439 posteros

1921 4444 2247 4500 transferri.
2263 4442 2557 4498 Christum
2574 4442 2885 4497 Dominum
2908 4440 3144 4511 quidem
3160 4439 3375 4495 dixisse
3393 4440 3572 4511 Spiri-

1919 4523 2045 4572 tum
2076 4516 2342 4572 veritatis
2383 4531 2491 4571 non
2519 4530 2670 4586 posse
2698 4513 2961 4568 mundum
3006 4514 3276 4586 accipere,
3300 4514 3428 4581 quia
3460 4527 3572 4567 non

1917 4590 2061 4645 videt
2089 4606 2237 4654 cum,
2262 4604 2359 4643 nec
2388 4589 2488 4643 scit
2517 4582 2661 4654 eum,
2697 4586 2858 4641 testis
2891 4588 2980 4639 est
3005 4582 3362 4653 evangelista
3390 4586 3569 4638 Joan-

1918 4678 2022 4717 nes
2052 4660 2151 4730 (d).
2178 4664 2251 4714 At
2280 4660 2413 4731 quis
2438 4666 2741 4731 propterea
2774 4656 3571 4731 Spiritumsan‘ctumangu-

1918 4734 2027 4788 stis
2050 4726 2415 4787 ﬁnibusésse
2439 4726 2766 4786 restrictum
2793 4726 3149 4783 affirmabit?
3170 4726 3413 4781 Sublato
3435 4742 3572 4798 ergo

1918 4805 2206 4875 ejusmodi
2236 4802 2672 4858 Beausobrianse
2713 4798 3167 4875 amphibologiaa
3190 4798 3575 4875 ludo,‘ca3tera

1919 4870 2047 4947 quae
2070 4892 2276 4931 censor
2300 4875 2593 4947 objecerat
2614 4887 2854 4947 prorsus
2886 4870 3135 4947 cadunt;
3161 4875 3218 4925 et
3238 4870 3468 4947 idcirco
3501 4871 3573 4926 ad

1919 4943 2262 5003 evertendas
2286 4945 2430 4999 alias
2450 4943 2779 4997 calumnias
2798 4946 3003 5015 contra
3020 4944 3416 5015 Augustinum
3439 4958 3576 5015 pro:

1918 5020 2069 5074 latas
2110 5014 2699 5089 gradumrfaciamus.
2724 5016 2857 5089 Quae
2890 5014 2935 5067 si
2974 5014 3132 5069 brevi
3164 5032 3196 5069 a
3229 5031 3321 5071 me
3364 5014 3573 5089 exponi

1920 5106 2090 5161 posse
2112 5084 2245 5160 quis
2269 5084 3059 5161 arbitraretur,_vebementer
3074 5090 3313 5161 erraret,
3328 5084 3462 5161 cum
3483 5087 3574 5161 in-

1919 5156 2180 5217 numerae
2212 5175 2355 5232 pene
2403 5158 2522 5213 sint
2575 5156 2844 5228 maligna
2876 5157 3390 5229 interpretationes
3439 5156 3577 5211 hinc

1921 5284 2097 5324 serm.
2122 5267 2157 5319 2
2185 5267 2253 5319 de
2284 5265 2647 5329 Pentecoste,
2683 5280 2809 5333 cap.
2843 5264 2878 5316 6
2911 5266 2966 5316 et
2998 5278 3162 5333 seqq.

1991 5339 2065 5410 (ά)
2100 5338 2261 5408 Apud
2293 5336 2587 5410 Joannem
2634 5332 2936 5410 xrv,’l6_et
2967 5332 3158 5410 seqq,
3201 5332 3490 5410 legimus;
3516 5333 3580 5410 _Et

1920 5402 2013 5481 ego
2044 5402 2248 5479 rogabo
2279 5409 2521 5461 Patrem.
2554 5415 2604 5461 ct
2634 5406 2815 5481 alium
2845 5403 3195 5481 Paraclitum
3222 5404 3374 5457 dabit
3404 5402 3573 5469 vobis,

1921 5477 1980 5537 ut
2000 5477 2224 5536 maneat
2246 5482 2305 5533 in
2328 5483 2594 5533 aeternum
2615 5494 2633 5530 :
2653 5478 2915 5543 spiritum
2940 5477 3394 5544 veritatis,qu
3412 5491 3579 5529 mun-

1921 5554 2021 5609 dus
2048 5570 2159 5608 non
2185 5554 2365 5623 potest
2393 5551 2664 5619 accipere,
2695 5549 2829 5623 quia
2875 5563 2987 5601 non
3033 5546 3166 5623 vidit
3196 5561 3321 5623 eum
3347 5561 3447 5600 nec
3476 5548 3577 5602 scit

1920 5642 2068 5681 eum.
2108 5616 2216 5679 Vos
2246 5624 2433 5677 autem
2463 5616 2795 5689 cognoscetis
2823 5634 2969 5689 cum,
2993 5618 3131 5687 quia
3160 5616 3308 5689 apud
3336 5633 3426 5673 vos
3455 5634 3577 5674 ma-

1920 5698 2088 5759 nebit,
2121 5702 2171 5750 et
2202 5695 2261 5749 in
2292 5695 2442 5749 vobis
2464 5688 2594 5747 erit.
2622 5697 2707 5746 An
2735 5707 2848 5746 non
2874 5688 3142 5744 homines
3167 5688 3346 5759 hujus
3370 5691 3579 5745 mundi

1922 5769 1982 5826 in
2016 5768 2163 5840 duas
2194 5769 2393 5840 partes
2423 5764 2716 5821 etclasses
2738 5763 2878 5840 sunt
2897 5760 3089 5840 divisi,
3115 5776 3363 5840 quarum
3396 5760 3580 5824 altera

1921 5832 2506 5920 Spiritum’sanctum
2537 5851 2655 5897 non
2685 5836 2881 5914 potest
2908 5832 3209 5912 recipere?
