4016 6166
213 233 330 295 933

213 365 300 420 hic
328 363 562 421 vellicat
582 368 640 421 et
659 367 982 423 contemnit
1003 366 1396 437 Secundinus,
1421 367 1537 423 nisi
1559 383 1850 424 summam

210 438 262 492 S.
291 437 482 511 Patris
505 438 927 511 eloquentiam,
952 457 1128 511 quam
1144 440 1193 496 si
1209 442 1562 496 concordare
1575 440 1855 495 voluisset

210 526 341 583 cum
363 510 739 566 Manichaicis
764 510 1090 583 principiis,
1114 528 1241 583 quae
1266 521 1467 567 sancta
1488 517 1544 567 et
1569 528 1704 567 vera
1734 527 1865 567 esse

208 580 516 655 haereticus
547 580 1200 653 contendebat,'nostrae
1233 600 1365 639 vero
1398 584 1531 637 ﬁdei
1586 585 1864 655 dogmata

210 652 336 726 falsi
348 656 451 707 tati
466 653 717 709 obnoxia
734 670 862 710 esse
876 652 1464 726 ell'utiebat,magnum
1476 652 1865 710 ornamEntum

209 724 322 780 illis
343 726 782 781 exstitissetﬁed
799 728 1211 797 permittamus
1228 724 1628 782 Se'cundinum
1643 726 1863 781 dixisse

207 798 601 868 Augustinum
638 797 1092 853 Manichaeorum
1126 798 1537 870 mysteriorum
1562 801 1859 869 ignarum.

208 873 367 940 Rogo
393 878 615 924 tamen:
643 870 793 925 I50
816 870 908 924 cui
934 870 1075 925 lides
1091 870 1422 925 adhibenda
1440 871 1571 924 est?
1588 870 1860 925 Haeretico

211 940 461 1004 homini,
486 942 609 1010 qui,
634 957 768 994 cum
787 941 1000 995 malam
1018 958 1257 997 causam
1275 942 1531 1008 haberet,
1558 943 1864 1010 undequa-

210 1027 323 1083 que
339 1012 610 1067 subsidia
623 1013 921 1083 qumril,ut
936 1013 1095 1068 illam
1113 1019 1464 1085 apparenter
1479 1013 1685 1068 saltem
1706 1019 1861 1067 tuea-

212 1090 341 1157 tur;
367 1088 516 1157 etne
536 1085 729 1149 cadat,
754 1085 824 1139 ad
848 1086 1251 1157 mendacia,ad
1272 1086 1768 1157 exaggerationes,
1790 1085 1860 1139 ad

211 1156 378 1210 dolos
402 1155 683 1229 audacter
704 1162 977 1229 provocat
1021 1156 1209 1211 sancti
1232 1155 1491 1229 episcopi
1531 1158 1768 1223 famam,
1807 1160 1865 1211 et

209 1243 423 1300 nomen
452 1227 680 1300 probris
695 1226 871 1281 etiam
895 1226 1322 1298 proscindendo
1346 1254 1359 1295 ;
1382 1226 1471 1283 vel
1496 1228 1605 1300 ipsi
1632 1235 1863 1299 Augus-

208 1299 356 1364 tino,
388 1299 513 1372 qui,
540 1299 632 1372 vix
655 1305 893 1370 accepta
916 1300 1095 1371 hujus
1121 1300 1375 1355 haeretici
1406 1299 1676 1372 epistola,
1715 1300 1862 1372 cala-

208 1386 375 1425 mum
404 1368 878 1443 arripuitLatq‘ue
915 1368 1113 1426 omnia
1150 1374 1381 1443 objecta
1416 1368 1488 1427 ab
1529 1371 1864 1427 adversario

251 1442 512 1515 reposita
540 1441 796 1497 refellit?
816 1443 870 1497 Si
909 1441 1404 1515 Manichaicorum
1436 1444 1862 1515 mysteriorum

235 1516 424 1569 uisset
449 1513 1151 1579 ignarus,accusationem
1176 1513 1629 1570 dissimulasset.
1654 1517 1726 1569 At
1746 1530 1861 1568 non

210 1584 738 1658 dissimu_lavit,sed
764 1585 1068 1658 Manichei
1084 1592 1303 1642 sectam
1324 1592 1381 1641 et
1403 1586 1678 1658 dogmata
1691 1602 1757 1641 ex
1775 1601 1865 1658 ar-

209 1656 509 1728 gumentis
534 1656 605 1710 ab
631 1658 756 1781 ipso
789 1657 1121 1712 Secundino
1163 1658 1427 1729 prolatis,
1461 1656 1863 1712 abundantius

213 1729 443 1781 reiecit:
468 1727 548 1781 ita
572 1734 635 1781 ut
692 1730 956 1781 azreticus
978 1728 1153 1781 homo
1174 1730 1715 1781 valdeturniteraue
1737 1745 1863 1781 con-

213 1727 449 1799 rejecit;
468 1727 548 1781 ita
572 1734 635 1781 ut

214 1798 385 1855 {usus
403 1798 791 1871 obmutuerit,
817 1806 872 1854 et
898 1802 1286 1871 quoadusque
1309 1798 1785 1869 vixit'numquam
1810 1801 1866 1855 S.

214 1870 618 1943 Augustinum
645 1871 875 1942 probris
898 1870 1178 1943 impetere
1192 1870 1291 1926 ’vel
1323 1871 1668 1927 calumniari
1691 1888 1874 1927 ausus

213 1942 345 1998 fuit.
374 1942 585 1998 Totum
610 1959 747 2014 ergo
771 1942 1275 1999 BeausObrianum
1304 1944 1617 1999 artiﬁcium
1640 1944 1780 2008 ruit,
1820 1947 1876 1998 et

215 2014 591 2087 Augustinus
617 2016 837 2086 Optime
861 2015 1316 2070 Manichaeorum
1352 2021 1608 2087 systema
1648 2014 1875 2087 intelle-

214 2088 338 2154 xit;
365 2102 472 2141 nec
494 2086 552 2141 in
580 2086 827 2141 minima
857 2104 917 2142 re
940 2086 1105 2142 illum
1135 2086 1499 2142 mutavitaut
1525 2086 1802 2156 corrupit.

322 2159 380 2211 2.
404 2157 534 2213 Jam
560 2175 692 2213 vero
714 2157 977 2213 Beausob
990 2176 1048 2214 re
1071 2159 1140 2213 ad
1169 2158 1287 2212 alia
1308 2160 1554 2229 gradum
1576 2158 1793 2213 faciens
1817 2157 1876 2211 in

220 2229 623 2301 Augustinum
640 2229 849 2285 stolide
864 2232 1032 2301 quasi
1049 2228 1497 2296 invehitur,eam
1514 2228 1877 2284 instituendo

215 2302 639 2372 quaestionem,
665 2318 845 2372 quare
866 2302 1133 2356 videlicet
1155 2306 1211 2353 S.
1235 2302 1437 2355 doctor
1456 2318 1743 2356 annorum
1770 2317 1877 2355 no-

212 2389 341 2428 vem
358 2372 552 2443 spatio
583 2373 957 2428 Manichaica:
973 2378 1163 2436 sectis,
1192 2378 1386 2428 tantas
1408 2373 1877 2427 abominationes

212 2445 473 2526 docenti,
497 2460 717 2526 nomen
745 2444 973 2526 dederit
998 2448 1018 2498 ἐ
1041 2459 1222 2516 quare
1243 2444 1646 2526 ipseueasdem
1677 2449 1879 2526 contra

215 2515 536 2572 catholicos
556 2516 831 2571 audacter
853 2514 1344 2588 propugnaverit‘?
1361 2516 1487 2570 Non
1506 2516 1874 2588 respondeat,

219 2604 415 2659 quasso
439 2588 587 2658 (ait),
615 2587 757 2643 sein
783 2587 985 2643 ordine
1008 2587 1365 2653 aeditorum,
1396 2587 1637 2643 minime
1662 2587 1875 2659 electo-

220 2658 349 2714 rum
368 2659 908 2725 exstitisse,idcirco
925 2658 1150 2715 similes
1164 2659 1461 2729 ignorasse
1476 2658 1875 2730 blasphemiae

224 2731 366 2787 Nam
390 2732 639 2801 ipsemet
658 2737 955 2786 asseverat
966 2748 1061 2786 eas
1078 2732 1363 2786 contineri
1382 2732 1441 2785 in
1464 2730 1875 2802 septimolibro

219 2802 501 2858 Thesauri
526 2802 1192 2874 Manichaeorum,quem
1216 2802 1435 2857 librum
1459 2819 1665 2858 omnes
1688 2807 1875 2858 secta-

227 2879 385 2929 tores
410 2874 685 2929 manibus
707 2879 926 2929 terunt.
956 2876 1141 2941 Atque
1164 2880 1441 2944 provocat
1461 2876 1532 2929 ad
1570 2874 1672 2929 illa
1699 2874 1876 2929 verba

221 2962 287 3001 ex
313 2945 464 3018 libro
485 2946 554 3018 de
578 2945 800 3018 Natura
824 2944 959 3000 boni
981 2947 1296 3018 desumpta
1316 2947 1549 3018 (a),qua9
1570 2946 1682 3018 ipsi
1701 2944 1874 3018 paulo

222 3021 356 3072 ante
377 3017 770 3072 laudavimus.
797 3017 1317 3089 Augustinusergo
1340 3033 1439 3072 eas
1473 3017 1875 3089 blasphemiae

224 3090 533 3161 ignorabat
558 3091 792 3161 quando
824 3097 948 3144 erat
979 3088 1355 3161 Manichacus.
1386 3089 1489 3143 Vel
1524 3089 1571 3145 si
1599 3088 1749 3144 haud
1774 3106 1875 3145 eas

218 3159 763 3231 ignorabat,mirari
780 3161 960 3214 subiit
979 3160 1130 3231 quod
1148 3160 1246 3214 diu
1266 3160 1325 3213 in
1344 3177 1410 3214 ea
1431 3165 1590 3216 secta
1612 3177 1878 3231 perman-

217 3230 392 3287 serit.
426 3234 558 3285 Haec
584 3236 642 3285 et
674 3230 789 3285 alia
819 3231 1041 3285 similia
1094 3230 1427 3286 Beausobre
1475 3230 1758 3301 congerit,
1812 3236 1878 3287 ut

217 3303 505 3357 ostendat
526 3302 977 3357 Manichaeorum
995 3307 1323 3374 systemaet
1342 3304 1619 3373 dogmata
1633 3303 1878 3359 horribi-

216 3375 357 3429 liter
384 3375 567 3428 fuisse
600 3379 848 3446 mutata,
880 3380 1056 3446 atque
1079 3374 1271 3444 pravis
1292 3374 1877 3446 interpretationibus

218 3451 518 3517 corrupta.
551 3445 717 3517 Quod
751 3450 814 3517 ut
845 3445 1035 3515 magis
1067 3445 1544 3517 persuadeatgad
1569 3446 1717 3501 duas
1743 3446 1878 3502 illas

221 3521 501 3587 provocat
532 3516 987 3587 disputationes,
1020 3532 1169 3587 quas
1200 3533 1333 3571 cum
1367 3516 1557 3572 Felice
1589 3522 1646 3573 et
1670 3518 1876 3572 Fortu—

223 3594 361 3645 nato
386 3588 744 3661 presbyteris
767 3587 977 3661 habuit
996 3588 1384 3661 Augustinus.
1400 3588 1879 3661 iFelicem,homi-

225 3677 357 3716 nem
382 3658 626 3731 prorsus
648 3659 921 3731 ignarum
938 3658 1119 3715 fuisse
1137 3659 1358 3731 ait.Sed
1394 3659 1751 3716 Fortunatus
1774 3662 1881 3716 Fe-

226 3732 331 3804 lice
352 3730 804 3804 dnctior,luinen
829 3730 1066 3804 aliquod
1088 3730 1323 3785 exhibet
1344 3732 1413 3787 ad
1432 3732 1876 3804 intelligendam

227 3803 385 3859 illius
407 3808 576 3859 sectae
594 3801 1366 3858 doctrinam.Verumtamen
1385 3801 1700 3859 deduabus
1721 3804 1878 3860 hisce

225 3874 731 3948 disputationibus
756 3874 813 3948 in
840 3890 1097 3948 praesens
1123 3890 1292 3948 agere
1326 3878 1595 3948 nostrum
1623 3894 1736 3948 non
1766 3880 1877 3946 est,

224 3945 355 4003 cum
371 3948 500 4019 jam
528 3946 669 4001 satis
689 3947 869 4019 verba
886 3946 955 4019 de
976 3945 1754 4019 iisdemifecerimusmmnia
1769 3953 1881 4001 Au-

222 4016 448 4091 gustini
482 4022 685 4073 contra
714 4016 1068 4091 Manichaee
1093 4016 1329 4091 scripta,
1353 4018 1797 4091 congrﬁeesiones
1824 4022 1882 4075 et

221 4089 384 4160 gesta
414 4090 793 4146 recensendo.
830 4089 1542 4161 Proptereaidepraesenti
1567 4091 1764 4146 tabula
1791 4108 1878 4145 re-

226 4159 379 4217 moto
406 4160 655 4225 calamo,
688 4161 925 4231 quando
953 4159 1285 4215 Manichaai
1316 4160 1563 4217 Romam
1610 4162 1881 4218 venerint

220 4233 566 4306 diligentius
595 4232 892 4304 inquirere
924 4231 1406 4287 deliberavimus.

752 4331 847 4386 I5
862 4332 899 4384 Ι
939 4329 1172 4384 CAPUT
1203 4328 1348 4384 VIII.

222 4422 259 4474 Α
292 4436 400 4490 quo
420 4419 642 4476 Christi
661 4434 806 4473 anno
854 4418 1177 4490 repetendus
1218 4419 1295 4490 sit
1336 4419 1777 4474 Manichaeorum
1817 4421 1877 4475 in

294 4489 494 4549 Urbem
523 4490 808 4546 adventus.
837 4489 1066 4545 Falsum
1091 4506 1164 4546 ea
1193 4489 1259 4545 de
1288 4505 1349 4544 re
1382 4491 1675 4545 Paschasii
1705 4492 1874 4559 Ques-

292 4566 388 4618 net
395 4562 442 4617 li
480 4564 774 4624 iudicium.

291 4662 349 4743 1..
379 4657 923 4743 Reversurioitaqu‘e
945 4657 1113 4743 ‘unde
1146 4660 1347 4743 nostra
1376 4659 1580 4743 oratio.
1608 4658 1875 4743 digressa

218 4731 633 4803 est,imprimis
656 4731 748 4785 vix
774 4729 907 4803 lieet
929 4729 1199 4785 dubitare
1216 4730 1273 4786 S.
1301 4731 1540 4786 Leonem
1566 4729 1734 4803 tertio
1754 4733 1872 4802 jam

219 4806 311 4859 sui
328 4801 708 4874 pontificatus
723 4818 875 4856 anno
891 4801 1128 4855 ineunte
1144 4801 1760 4874 summaapostolatus
1775 4821 1873 4858 mu

217 4873 443 4932 nerain
482 4874 835 4929 Manichazos
871 4889 985 4926 non
1019 4873 1509 4937 exercuisse,cum
1548 4874 1601 4927 in
1638 4877 1873 4930 eosdem

257 4948 453 5004 ublice
476 4944 978 5001 animadvertit.ld
1000 4944 1243 4998 minime
1265 4945 1875 5010 inﬁciatur.Quesnel-

240 5038 331 5087 us,
354 5020 457 5092 qui
486 5023 680 5092 tamen
704 5033 807 5089 pro
836 5014 1198 5092 suo_i_ngenio
1227 5016 1875 5092 Leonisagendiratio-

220 5108 355 5147 nem
373 5087 893 5160 darscribit,parum
912 5087 1233 5141 nihilumve
1256 5087 1545 5143 sollicitus
1563 5089 1633 5143 de
1653 5088 1725 5144 iis
1747 5106 1875 5160 qua;

217 5163 415 5218 Romae
440 5164 511 5217 ab
536 5161 711 5216 istius
734 5160 1476 5232 prwdecessoribuscontra
1502 5161 1735 5232 eosdem
1762 5162 1877 5217 Μαι

216 5234 479 5289 niehaaos
501 5234 600 5287 diu
617 5230 751 5303 jam
769 5236 930 5305 gesta
956 5230 1315 5305 fuerant.Ait
1334 5231 1511 5305 igitur
1528 5231 1877 5305 Manichaeos

214 5308 461 5360 Romam
478 5302 823 5359 adventasse
839 5303 996 5357 rebus
1016 5302 1155 5371 inAf
1152 5303 1272 5356 rica
1286 5303 1878 5374 proﬂigatis,devasta-

217 5387 387 5446 taque
417 5394 453 5431 α
488 5376 734 5430 Vandale
762 5376 1071 5445 provincia.
1106 5374 1281 5429 Porro
1313 5374 1508 5446 clades
1540 5374 1641 5431 illa
1666 5393 1697 5430 a
1717 5376 1877 5432 Van-

213 5445 370 5505 dalis
398 5448 596 5503 Africa:
628 5446 813 5514 illata,
837 5446 885 5502 si
902 5450 1206 5517 Prospero,
1236 5445 1450 5502 Victori
1467 5451 1643 5519 atque
1665 5452 1877 5506 Proco-

308 5592 365 5656 α)
397 5589 526 5646 Lib.
556 5589 628 5645 de
659 5588 895 5645 Natura
926 5588 1058 5644 boni
1092 5603 1220 5658 cap.
1256 5587 1343 5642 44.

308 5592 365 5656 α)
397 5591 526 5646 Lib.
556 5591 628 5645 de
659 5591 895 5645 Natura
926 5591 1058 5644 boni
1092 5603 1220 5658 cap.
1256 5591 1343 5642 44.

282 5591 359 5733 ξω
392 5660 750 5733 Quesnellus
780 5666 923 5717 tom.
960 5662 1030 5726 lI,
1064 5658 1302 5733 dissert,
1334 5660 1406 5714 de
1427 5658 1561 5717 Vita
1581 5666 1638 5719 et
1683 5663 1880 5721 Rebus

209 5731 474 5817 auLeone
494 5733 699 5817 gestis.
721 5732 862 5817 \[id'e
887 5749 1011 5817 quae
1034 5732 1150 5805 jam
1174 5731 1879 5807 diximueinfprieceden-

208 5805 378 5864 tibus
399 5805 697 5881 capitibus
728 5805 783 5874 4,
815 5805 872 5874 5,
904 5805 964 5860 6.

949 235 1051 294 DE
1094 232 1700 297 MANICH/EORUM
1751 233 2056 296 HIERESI
2102 235 2200 294 ET
2245 234 2614 297 HISTORIA
2657 237 2807 297 LIB.
2856 239 2932 299 ΙΙ.

3510 245 3628 307 934

1885 368 1939 437 Α
1969 366 2063 439 pio
2096 365 2267 449 ﬁdem
2312 366 2694 449 adhibemus,
2728 369 2975 449 contigit
3015 387 3167 449 anno
3208 372 3450 449 pomini
3498 375 3621 449 427,

1975 440 2207 516 quando
2223 440 2695 516 Geisericuscum
2713 440 3007 514 octoginta
3021 440 3626 516 milliaVandalorum,

1972 516 2041 587 et
2057 512 2374 587 Alanorum
2409 513 2591 567 maria
2615 512 3037 583 transl‘retavit,
3062 531 3309 587 eamque
3340 512 3624 587 paulatim

1974 534 2029 566 at.
2057 534 2374 566 Alanorum
2410 534 2591 567 manu
2615 534 3037 583 transrrelavu,
3062 534 3309 587 eamque
3382 534 3624 575 aulanm

1974 583 2085 656 sibi
2110 582 2380 653 subjecit.
2408 588 2485 638 Ex
2512 601 2628 656 qua
2650 602 2843 640 rerum
2869 586 3311 644 circumstantia
3334 534 3541 645 Eorum
3567 592 3625 647 in

1973 654 2185 732 Urbem
2216 656 2501 732 adventus
2526 654 2775 732 revncari
2799 658 3035 732 deberet
3066 661 3135 713 ad
3160 664 3429 732 tempora
3453 663 3625 718 dum-

1970 729 2130 780 taxat
2151 726 2468 791 leestini,
2501 732 2601 781 aut
2630 729 2780 782 Xisti
2818 730 3158 799 pontiﬁcum
3194 726 3622 790 Romanorum.

1970 801 2051 852 Ac
2084 799 2328 876 prninde
2353 798 2861 876 conoluderethaac
2885 801 2995 855 alia
3019 804 3309 865 Quesnelli
3334 808 3628 876 conjectu-

1973 886 2033 923 ra
2068 884 2081 922 :
2119 871 2520 924 Haereticorum
2552 871 2668 926 ἠως
2706 872 2966 927 colluvies
3014 876 3117 927 diu
3148 876 3312 929 latuit
3337 871 3625 934 sub—larva

1968 940 2525 1019 piorum/laminam,
2559 945 2657 1019 qui
2672 945 3020 1019 impietatem
3048 946 3202 1019 vultu
3220 949 3460 1019 vitaque
3480 966 3631 1005 seve-

1971 1014 2123 1067 riore
2152 1013 2585 1068 dissimulabant
2612 1015 2704 1085 (b).
2733 1020 2805 1068 At
2837 1016 3183 1078 Quesnellus
3214 1018 3271 1072 in
3308 1013 3459 1074 male
3492 1037 3628 1076 sue-

1973 1089 2140 1161 cepta
2157 1100 2334 1161 causa
2355 1086 2556 1161 cedere
2579 1086 2825 1161 cogitur,
2850 1088 2898 1161 si
2932 1088 3489 1161 animadvertatjam
3517 1109 3626 1147 an-

1971 1159 2064 1210 tea
2086 1156 2181 1210 diu
2219 1156 2571 1211 Manichaaos
2604 1156 2671 1211 io’
2698 1157 2843 1212 Urbe
2876 1159 3056 1213 fuisse
3090 1156 3387 1228 inventos,
3408 1168 3464 1217 et
3496 1168 3625 1219 tum

1974 1244 2340 1301 summorum
2377 1229 2742 1299 pontiﬁcum,
2770 1234 2893 1283 tum
2929 1231 3347 1301 imperatorum
3377 1234 3628 1293 decretis

1975 1299 2180 1353 exsilio
2209 1301 2468 1375 aliectos.
2505 1306 2580 1355 De
2608 1301 2814 1355 Siricio
2848 1299 3124 1375 namque,
3159 1306 3257 1375 qui
3293 1306 3362 1359 ad
3399 1307 3625 1374 pontiﬁ-

1974 1375 2166 1425 catum
2204 1371 2311 1425 tuit
2332 1376 2676 1442 assumptus
2698 1389 2852 1426 anno
2871 1371 3234 1444 384,]egitur
3258 1392 3269 1431 :
3296 1371 3627 1434 Hic-invenit

1974 1444 2339 1511 Manichaeos,
2370 1459 2502 1513 quos
2532 1445 2594 1497 in
2625 1444 2822 1498 exsilio
2857 1445 3179 1512 deportavit,
3212 1452 3265 1501 et
3296 1448 3393 1503 hoc
3419 1452 3627 1505 consti-

1976 1516 2098 1593 tuit,
2124 1518 2185 1567 ut
2203 1516 2728 1593 non__participarent
2750 1531 2873 1571 cum
2896 1516 3145 1585 ﬁdelibus
3165 1524 3625 1593 communionem,

1972 1587 2103 1655 quia
2125 1587 2450 1660 orepolluto
2475 1602 2581 1660 non
2606 1588 2790 1642 liceret
2808 1597 3055 1643 sanctum
3076 1605 3268 1660 corpus
3280 1587 3628 1648 Dominicum

1973 1673 2197 1711 vexare.
2214 1658 2286 1711 lis
2298 1660 2481 1712 tamen
2502 1658 2763 1713 salutaris
2773 1662 3111 1730 paenitentia
3124 1658 3632 1721 reconciliationem

692 1730 956 1809 tereticus
978 1728 1715 1809 homovaldeturpiterque
1737 1745 1868 1809 con-
1895 1743 1946 1809 B
1976 1730 2195 1809 penitus
2223 1743 2333 1783 non
2359 1730 2686 1809 interdixit,
2711 1728 3009 1786 dummodo
3034 1735 3247 1809 sincere
3274 1738 3347 1809 ad
3376 1736 3633 1793 Ecclesiae

1982 1803 2163 1855 sinum
2187 1805 2547 1868 revertentes,
2570 1802 2808 1872 reliquos
2828 1818 3017 1857 eorum
3040 1806 3170 1860 vitae
3188 1807 3305 1860 dies
3326 1808 3383 1860 in
3412 1822 3631 1862 monas-

1985 1874 2160 1951 teriis
2170 1873 2409 1951 relegati
2417 1916 2429 1936 ,
2445 1872 2712 1951 jejuniis,
2738 1875 3099 1951 orationibus,
3118 1880 3430 1951 caeterisque
3443 1894 3632 1951 corpo-

1983 1946 2064 1997 ris
2094 1944 2553 2013 afﬂictattonibus
2569 1949 2844 2016 vacarent,
2870 1958 2929 1999 ut
2948 1948 3173 2016 probati
3197 1949 3296 2002 sub
3325 1944 3476 2003 omni
3496 1944 3630 2004 eaa-

1983 2016 2291 2091 minatione
2316 2030 2491 2091 usque
2508 2015 2577 2091 ad
2606 2017 2865 2091 ultimum
2890 2015 3035 2070 diem
3061 2021 3326 2074 transitus
3354 2022 3462 2091 sui,
3493 2026 3545 2077 et
3567 2022 3631 2077 ob

1986 2087 2416 2159 humanitatem,
2449 2088 2699 2141 Ecclesiae
2725 2090 2988 2142 viaticum
3022 2090 3102 2144 eis
3132 2092 3451 2159 largiretur.

2054 2159 2108 2210 2.
2137 2157 2291 2235 Ciira
2322 2174 2459 2229 ergo
2491 2160 3138 2235 omnemdubitationis
3163 2157 3345 2217 aleam
3373 2163 3631 2235 positum

1986 2244 2115 2283 esse
2139 2230 2499 2284 arbitramur
2515 2230 2570 2284 S.
2586 2230 2855 2285 Siricium
2873 2231 2927 2284 in
2956 2233 3287 2301 pestiferam
3308 2230 3515 2289 horum
3535 2236 3634 2290 hoc

1988 2302 2212 2376 minum
2238 2306 2455 2376 sectam
2473 2307 2867 2376 _anno_quarto
2888 2304 3206 2373 autquinto
3221 2306 3309 2360 sui
3334 2308 3636 2376 pontiﬁca-

1985 2380 2082 2450 tus
2105 2372 2607 2450 animndvertisse.
2630 2372 2687 2450 ld
2705 2390 2844 2450 sane
2865 2372 3241 2450 nonobscure
3263 2372 3633 2450 intelligitur,

1987 2447 2109 2497 tum
2135 2460 2199 2498 ex
2221 2443 2526 2517 Theodosii
2554 2443 2802 2517 senioris
2833 2445 3056 2517 novella
3080 2462 3231 2501 anno
3254 2449 3355 2501 388
3377 2443 3633 2517 exarata,

1987 2531 2118 2589 cum
2154 2516 2533 2589 exArescripto
2566 2516 2855 2571 Ambrosii
2885 2517 3138 2589 episcopi
3160 2516 3631 2589 Mediolanensis,

1984 2586 2200 2655 Sabini,
2226 2586 2511 2662 Bassiani,
2529 2591 2991 2662 cieterorumque
3008 2586 3167 2662 illius
3190 2591 3499 2661 provincia;
3516 2586 3635 2662 epi-

1986 2674 2323 2731 scoporum,
2355 2658 2498 2731 dato
2520 2659 2588 2731 ad
2642 2660 2913 2714 eumdem
2950 2658 3281 2730 pontiﬁcem
3319 2679 3471 2717 anno
3503 2658 3628 2731 390,

1986 2734 2296 2811 postquam
2316 2729 2860 2811 inJovinianicausa
2872 2729 3417 2811 cnnvenerantﬂmc
3431 2729 3626 2811 autem

1982 2804 2136 2854 inter
2165 2806 2367 2855 caetera
2401 2806 2730 2877 asserunt;
2767 2804 3103 2877 Manichazus
3149 2808 3227 2859 est
3269 2807 3364 2877 qui
3399 2808 3637 2874 abnegat

1982 2877 2296 2935 veritatem,
2316 2873 2411 2943 qui
2429 2889 2649 2928 carnem
2669 2873 2870 2946 Christi
2889 2880 3092 2946 negat;
3115 2884 3165 2930 et
3180 2873 3300 2931 ideo
3316 2893 3424 2935 non
3446 2887 3524 2932 est
3543 2873 3631 2931 re-

1981 2946 2172 3020 missio
2201 2952 2565 3020 peccatorum,
2589 2945 2683 2999 sed
2714 2945 2974 3016 impietas
2994 2948 3441 3017 Manichaeorum,
3464 2964 3631 3020 quam

1982 3017 2441 3091 clementissimus
2463 3025 2796 3091 exsecratus
2811 3021 2890 3071 est
2919 3021 3234 3089 imperator,
3256 3023 3309 3091 et
3337 3017 3523 3074 omnes
3542 3018 3640 3091 qui

1990 3087 2414 3161 illosividcrunt,
2449 3090 2609 3158 quasi
2636 3088 2889 3161 quzedam
2922 3087 3183 3159 contagia
3214 3087 3561 3161 refugerunt:
3592 3094 3631 3143 E

1990 3158 2316 3213 Mediolano
2349 3175 2581 3229 quoque
2612 3160 2812 3230 pulsos
2861 3160 3045 3216 fuisse
3074 3158 3419 3218 Manicbreos
3446 3161 3635 3216 Siricii

1983 3236 2099 3311 tem
2103 3246 2267 3311 pore,
2287 3230 2513 3311 favente
2530 3229 2704 3311 etiam
2726 3229 2849 3311 lege
2858 3230 2940 3311 lat
2951 3249 2982 3286 a
2995 3232 3067 3311 ab
3092 3233 3442 3311 imperatore
3456 3234 3639 3311 Theo:

1985 3302 2154 3356 dosio
2186 3302 2432 3367 seniore,
2468 3302 2660 3355 statim
2713 3302 3038 3370 subjiciunt
3071 3319 3085 3358 :
3116 3302 3274 3359 Sicut
3314 3308 3477 3360 testes
3505 3309 3637 3359 sunt

1984 3377 2190 3445 fratres
2221 3377 2272 3446 et
2300 3375 2724 3441 rompresbyteri
2753 3376 2931 3446 nostri
2962 3374 3234 3440 Crescens,
3259 3376 3567 3446 Leopardus
3586 3378 3640 3429 et

1985 3443 2319 3512 Alexander,
2351 3448 2538 3517 sancto
2566 3445 2837 3514 ferventes
2879 3444 3113 3517 Spiritu,
3148 3449 3246 3517 qui
3272 3443 3373 3502 eos'
3387 3448 3637 3501 omnium

1987 3518 2366 3591 exsecratione
2393 3516 2679 3591 damnatos
2709 3532 2778 3570 ea:
2802 3516 2940 3591 Urbe
2968 3519 3135 3587 quasi
3150 3520 3410 3589 profugos
3427 3518 3637 3591 repule-

1984 3596 2117 3643 runt
2135 3587 2224 3659 (c).
2239 3588 2387 3660 Tres
2406 3592 2599 3643 autem
2619 3587 2762 3643 istos
2785 3587 3176 3660 presbyteros,
3201 3587 3348 3660 quos
3368 3587 3635 3645 Mediola-

1989 3675 2202 3714 nenses
2235 3659 2434 3714 Patres
2456 3663 2638 3714 testes
2657 3658 2974 3729 appellant,
2993 3676 3126 3715 cum
3147 3658 3271 3716 suis
3291 3661 3503 3717 litteris
3523 3664 3637 3715 Me-

1989 3729 2288 3805 diolanum
2306 3731 2710 3805 miserat152
2731 3729 2997 3805 Siricius,
3017 3732 3112 3787 ubi
3133 3733 3459 3805 apostolica:
3480 3733 3639 3805 sedis

1987 3802 2274 3875 legatione
2310 3803 2618 3875 fungentes
2646 3819 2714 3857 ex
2744 3802 2846 3857 illa
2875 3805 3019 3858 urbe
3061 3802 3410 3875 pepulerunt
3449 3804 3637 3860 Mani-

1987 3874 2200 3949 chieos,
2234 3878 2298 3928 ut
2343 3872 2731 3949 intelligimus
2779 3874 2952 3929 etiam
2994 3872 3076 3949 gi
3104 3872 3307 3949 hujus
3345 3876 3638 3949 pontiﬁcis

1987 3944 2233 4016 epistola
2291 3945 2359 3998 ad
2421 3945 2913 4000 Mediolancnsem
2994 3944 3364 4001 Ecclesiamf
3399 3948 3635 4002 [sudati

1986 4018 2221 4071 tandem
2258 4016 2523 4070 Ecclesia:
2574 4016 3025 4071 Mediolanensis
3076 4018 3274 4072 Patres
3314 4034 3449 4071 cum
3485 4019 3637 4072 idem

1989 4089 2274 4142 claudunt
2304 4087 2678 4159 rescriptum,
2723 4088 3020 4141 declarant
3064 4088 3309 4142 Romani
3341 4090 3636 4159 pontiﬁcis

1983 4160 2275 4229 judicium
2312 4157 2673 4213 adamassim
2727 4174 2854 4212 esse
2885 4163 3249 4229 proeecutos,
3282 4157 3427 4214 adeo
3458 4164 3521 4214 ut
3548 4158 3635 4215 vel

1989 4227 2210 4300 aliquid
2245 4229 2295 4283 ei
2328 4230 2539 4284 addere
2570 4232 2672 4283 aut
2719 4227 3023 4283 detrahere
3072 4229 3316 4286 minime
3346 4231 3474 4286 ausi
3506 4232 3632 4286 fue-

1989 4299 2124 4355 rint.
2179 4301 2340 4364 Quod
2392 4315 2532 4355 sane
2576 4299 2789 4355 evincit
2842 4300 3237 4357 Romanorum
3287 4302 3634 4364 pontiﬁcum

1989 4372 2362 4444 auctoritate,
2387 4376 2445 4444 et
2474 4371 2883 4425 irreformabili
2920 4374 3173 4444 quodam
3200 4371 3426 4444 judicio
3458 4375 3639 4430 haere-

1989 4460 2081 4499 ses
2109 4459 2313 4517 omnes
2348 4443 2527 4517 fuisse
2567 4444 2894 4517 damnatas,
2942 4443 3006 4499 ut
3050 4462 3155 4501 nos
3187 4443 3297 4517 ipsi
3330 4446 3387 4500 in
3422 4460 3635 4517 praace-

1990 4464 2081 4499 SCS
2109 4464 2313 4498 omnes
2348 4464 2527 4497 IUIBSB
2567 4464 2894 4507 uamnatas,
2942 4464 3006 4499 UE
3050 4464 3155 4501 nos
3187 4464 3201 4499 1
3251 4464 3297 4500 Si
3330 4464 3387 4500 In
3422 4464 3635 4517 pPZBCB-

1990 4515 2262 4571 dentihus
2293 4514 2585 4586 capitibus
2616 4516 3169 4571 demonstravimus.
3206 4464 3411 4587 ljtaque,
3447 4519 3635 4585 aiunt,

1981 4589 2355 4649 Iovinianum,
2424 4588 2779 4651 Auxentium,
2852 4587 3306 4653 Germinatorem,
3375 4590 3632 4656 Felicem,

1984 4661 2289 4725 Plotinum,
2325 4658 2622 4726 Genialem,
2656 4659 3069 4713 Martinianum.
3100 4661 3430 4715 Ianuarium
3461 4669 3512 4715 et
3544 4661 3633 4715 ln-

1982 4734 2290 4800 geniosum,
2339 4748 2475 4801 quos
2519 4734 2785 4785 sanctitas
2829 4738 2924 4784 tua
2969 4731 3274 4794 damnavit,
3304 4733 3446 4786 scias
3491 4731 3635 4802 apud

1984 4820 2082 4857 nos
2111 4818 2321 4874 quoque
2348 4802 2643 4874 secundum
2664 4802 2951 4874 judicium
2984 4812 3140 4874 tuum
3168 4819 3282 4858 esse
3324 4803 3633 4859 damnatos.

1988 4871 2131 4928 llinc
2165 4871 2340 4942 igitur
2372 4871 2681 4927 manifeste
2704 4871 2886 4944 liquet
2917 4873 3264 4930 Manicbmos
3288 4875 3412 4944 jam
3440 4880 3633 4931 Romae

1987 4946 2250 5018 atquein
2285 4944 2415 4999 aliis
2449 4943 2628 5018 Italiae
2662 4943 2909 5018 urbibus
2931 4945 3186 5000 latebras
3218 4943 3331 5001 sibi
3364 4947 3634 5018 quaesiis-

1987 5034 2071 5080 se,
2103 5015 2308 5071 saltem
2353 5015 2802 5085 quadragesimo
2851 5032 3004 5070 anno
3059 5022 3191 5072 ante
3220 5015 3418 5073 Africae
3448 5024 3637 5073 vasta-

1987 5089 2205 5143 tionem
2237 5104 2269 5142 a
2298 5085 2585 5159 Vandalis
2611 5085 2854 5159 illatam.
2882 5087 3013 5159 iJam
3050 5091 3204 5144 enim
3240 5090 3635 5159 undequaque

1988 5159 2264 5231 pestifera
2295 5157 2396 5211 illa
2428 5156 2657 5232 soboles
2689 5158 2975 5232 imperiali
3000 5177 3065 5215 ac
3089 5156 3431 5215 sacerdotali
3468 5156 3638 5232 paéna

1987 5230 2355 5303 plectebatur
2378 5245 2537 5303 anno
2553 5230 2677 5303 39Q,
2697 5231 2928 5299 quando
2944 5232 3216 5287 videlicet
3238 5230 3637 5303 Mediolanen-

1988 5301 2081 5358 ses
2115 5307 2314 5357 Patres
2337 5301 2627 5365 ejusmodi
2657 5304 3002 5373 rescriptum
3022 5304 3311 5357 dederunt
3331 5303 3431 5369 (ά).
3454 5302 3635 5358 Nobis

1987 5375 2229 5431 omnino
2255 5372 3032 5443 sulfragaturrGothol'redus
3063 5375 3120 5428 in
3156 5374 3530 5430 annotatione
3564 5375 3634 5429 ad

1987 5447 2116 5504 cod.
2149 5445 2366 5502 Theod.
2392 5442 2491 5515 qui
2524 5460 2591 5499 ex
2620 5442 2874 5500 laudatis
2905 5446 3097 5501 verbis
3128 5444 3353 5518 colligit
3373 5446 3638 5502 Siricium

2060 5589 2129 5717 (ε)
2162 5588 2280 5671 Hoc
2315 5585 2667 5671 rescriptum
2696 5590 2885 5642 exstat
2913 5590 3057 5642 tom.
3087 5588 3135 5671 il
3167 5587 3364 5659 Cone,
3396 5606 3452 5662 p.
3478 5588 3638 5645 4220.

2061 5663 2078 5717 ί
2130 5662 2143 5717 l
2176 5661 2361 5717 Eoist.
2391 5661 2427 5712 2
2457 5658 2650 5715 Smcu
2672 5659 2743 5715 ad
2769 5658 2923 5716 Eccl.
2948 5658 3183 5717 Mediol.
3207 5659 3406 5717 Exstat
3426 5667 3570 5717 tom.
3592 5660 3638 5717 Il

2061 5658 2143 5733 (tl)
2176 5658 2361 5732 Epist.
2391 5661 2427 5712 2
2457 5658 2650 5715 Siricii
2672 5659 2743 5715 ad
2769 5658 2923 5716 Eccl.
2948 5658 3183 5717 Mediol.
3207 5658 3570 5720 Exstat-tom.
3592 5660 3643 5723 II

1989 5733 2196 5807 Conc.,
2228 5748 2359 5805 pag.
2390 5730 2550 5791 1218.
