4016 6166
144 231 246 294 937

842 220 943 284 DE
988 221 1585 287 MANlCHxEORUM
1631 224 1759 285 ΗΑΞ

1878 226 1938 285 Si
1985 224 2082 286 ΕΤ
2126 224 2498 287 HISTORIA
2544 224 2689 287 LIB.
2726 223 2813 287 .lI.

3414 234 3532 293 938

132 355 1234 434 juraetjudiciorumecclesiasticorum
1251 358 1631 434 oeconomiam
1647 372 1776 414 esse
1804 368 1857 433 Α
1888 358 2186 434 incolumes
2212 363 2571 433 perseverent,
2605 362 2699 415 sed
2736 360 2904 415 etiam
2933 361 3120 428 multi,
3141 376 3232 431 qui
3264 360 3539 420 diabolica

139 430 452 505 repetenda.
470 432 575 497 Qui
600 447 735 502 ergo
762 431 906 485 meis
929 430 1101 505 dictis
1127 433 1550 505 repugnabant,
1574 447 1774 505 secum

136 503 318 578 potius
348 506 716 578 reputabant,
744 518 950 578 npnex
983 503 1191 578 Leone,
1210 504 1318 578 sed
1349 519 1418 557 ex
1441 503 1778 578 recentiori-

135 573 234 633 bus
250 573 476 632 saeculis
496 574 873 645 illamjudieii
892 575 1136 628 formam
1159 575 1426 645 illudque
1447 573 1779 645 inquisitio-

137 652 218 705 nis
249 664 459 703 nomen
490 649 548 702 in
582 646 854 703 Ecclesiae
900 645 1147 717 judiciis
1191 649 1435 702 traxisse
1465 648 1775 718 originem.

132 723 271 777 Tum
300 737 440 775 sane
472 718 613 773 mihi
644 735 1061 790 proposueram
1086 734 1153 773 ea
1174 719 1244 772 de
1267 735 1327 773 re
1360 721 1595 790 longam
1629 718 1777 772 satis

131 800 429 849 contexere
444 790 937 856 dissertationem,
957 792 1217 858 hancque
1237 807 1348 845 non
1368 807 1435 845 ex
1451 790 1583 845 aliis
1601 806 1776 861 quam

132 882 193 921 ex
221 863 409 919 sancti
442 862 733 934 pontiﬁcis
756 861 1043 934 Operibus
1066 862 1397 916 deductam.
1424 866 1605 933 Atque
1636 862 1773 918 item

128 938 180 991 in
212 951 277 991 ea
311 933 562 1007 probare
584 933 887 1001 antiquam
922 933 1186 1007 Ecclesia:
1208 934 1608 1007 disciplinam,
1630 939 1688 1007 et
1714 938 1770 988 S.

130 1005 326 1064 Leonis
360 1005 736 1078 potissimum
768 1006 978 1078 agendi
1014 1006 1318 1078 rationem,
1346 1006 1400 1059 in
1436 1006 1774 1077 perquiren-

126 1081 209 1134 dis
238 1083 296 1134 et
325 1076 679 1132 damnandis
722 1076 1009 1132 haireticis
1062 1076 1541 1132 Manichazis.’Re
1571 1082 1769 1132 tamen

126 1151 409 1206 maturius
452 1165 759 1220 perpensa,
791 1165 981 1204 causae
1026 1148 1201 1219 hujus
1252 1150 1769 1220 pertractationcm

126 1166 409 1206 maturius
452 1166 759 1275 peﬁpensa,
791 1166 981 1204 causae
1027 1166 1201 1219 ntus
1252 1166 1769 1220 periracmiioncm

125 1223 249 1279 huic
298 1222 409 1276 loci
459 1222 513 1275 di
542 1222 839 1283 gerendam
888 1220 1277 1293 opportunius
1325 1222 1677 1289 existimavi,
1712 1226 1770 1277 et

124 1301 422 1367 prOpterea
450 1294 712 1364 quinque
733 1292 1032 1367 subjicere
1063 1308 1251 1367 cogor.

182 1363 236 1420 2:
268 1363 533 1419 Primum
578 1365 963 1435 inquisitionis
1010 1363 1355 1419 vocabulum
1398 1363 1522 1433 jam
1559 1363 1767 1419 Leonis

121 1455 225 1493 aevo
260 1438 445 1493 fuisse
496 1444 845 1507 usurpatum
879 1437 947 1490 ad
990 1435 1350 1490 innuendam
1386 1452 1511 1489 eam
1553 1436 1766 1506 judicii

121 1515 356 1565 formam
390 1524 564 1579 quam
590 1512 713 1579 tum
741 1507 1002 1562 Romana
1025 1506 1277 1562 Ecclesia
1301 1508 1768 1579 prosequebatur

120 1584 171 1637 in
202 1578 615 1652 perqui’rendis
650 1578 1170 1652 indiscriminatim
1212 1578 1641 1652 cujuscumque
1671 1596 1764 1633 or-

121 1650 262 1709 dinis
296 1650 355 1707 et
385 1651 604 1723 gradus
635 1650 985 1706 Christianis
1029 1650 1297 1706 haeretica
1338 1651 1465 1705 labe
1496 1652 1761 1719 infectis;

178 1722 535 1792 Secundum,
550 1724 623 1778 de
639 1722 1175 1794 haeresisuspectos
1195 1732 1362 1793 alque
1385 1723 1762 1794 comprehen-

118 1813 204 1852 sos
232 1812 429 1851 coram
455 1795 719 1850 Ecclesiae
749 1793 1043 1863 iudicibus
1065 1812 1126 1849 se
1148 1794 1355 1849 sistere
1378 1793 1674 1864 debuisse,
1701 1799 1763 1850 ut

119 1884 345 1923 causam
384 1867 664 1931 dicerent,
691 1871 748 1921 et
780 1866 1131 1921 sententiam
1174 1866 1471 1932 subirent;

176 1939 438 1995 Tertium
452 1979 464 2003 ,
482 1940 552 1993 ab
571 1937 716 2009 ipsis
735 1938 847 1992 reis
862 1954 1052 2009 coram
1068 1938 1471 1992 sacerdotibus
1490 1937 1600 1992 add
1613 1937 1762 1993 uctis

118 2018 457 2066 consuetum
476 2008 816 2075 fuisse,cum
838 2008 1149 2064 criminum
1166 2010 1616 2075 confessionem,
1632 2015 1760 2065 tum

116 2083 451 2138 eorumdem
485 2081 933 2137 detestationem
966 2082 1329 2152 extorqueri;

177 2158 490 2221 Quartum,
541 2155 971 2224 cujuscumque
1026 2153 1247 2209 ordinis
1295 2158 1353 2208 et
1406 2152 1759 2209 conditionis

113 2223 471 2282 Christianos
502 2229 642 2280 tunc
673 2226 850 2280 etiam
874 2223 1123 2296 quodam
1149 2229 1519 2281 sacramento
1540 2224 1757 2280 obstri-

108 2306 224 2353 ctos
246 2298 439 2353 fuisse
458 2298 528 2351 de
554 2298 760 2352 haeresi
783 2301 1088 2364 suspectos
1113 2298 1181 2351 od
1208 2296 1598 2352 Ecclesiarum
1623 2313 1758 2351 sua-

107 2387 229 2424 rum
264 2386 370 2423 seu
417 2368 803 2439 parceciarum
855 2369 1228 2440 presbyteros
1277 2370 1519 2440 de/erre,
1550 2368 1661 2434 vel,
1694 2372 1760 2423 ut

106 2443 189 2495 aiu
204 2446 293 2507 ut,
322 2441 691 2506 denuntiare;

165 2513 451 2577 Quintum
475 2512 732 2580 tandem,
752 2509 1077 2565 haeresibus
1099 2509 1417 2581 inquinati,
1438 2526 1550 2564 non
1575 2508 1755 2565 eccle-

105 2582 471 2640 siasticarum
518 2584 827 2637 dumtaxat
887 2598 1267 2637 censurarum
1321 2581 1571 2636 vinculis
1619 2598 1755 2636 con-

102 2659 566 2728 stringebantur,
596 2671 797 2709 verum
832 2655 1006 2728 etiam
1040 2652 1089 2708 si
1121 2671 1233 2708 non
1257 2654 1413 2728 satis
1446 2669 1753 2728 poenarum

102 2724 451 2784 exhaustum
486 2727 650 2793 foret,
683 2725 947 2781 saeculari
1001 2726 1290 2797 potestati,
1323 2724 1661 2797 quan'isibi
1694 2724 1754 2779 in

102 2800 431 2856 subsidium
463 2797 722 2855 Ecclesia
751 2796 1086 2863 advocabat,
1114 2796 1244 2851 aliis
1266 2802 1440 2867 atque
1465 2796 1595 2851 aliis
1619 2813 1756 2867 sup-

99 2871 292 2941 pliciis
326 2871 511 2926 affecti
546 2870 945 2925 tradebantur.
980 2869 1243 2937 Quinque
1290 2875 1484 2923 autem
1521 2867 1639 2923 haec
1673 2868 1755 2922 ita

99 2960 161 2997 ex
196 2943 328 2998 solo
364 2942 552 2997 Leone
584 2941 892 3012 perspicua
934 2946 991 2995 et
1029 2942 1328 3011 explorata
1360 2941 1545 2994 facere
1576 2956 1754 3012 cona-

99 3014 322 3078 bimur,
356 3020 420 3068 ut
450 3010 735 3083 deinceps
766 3012 920 3067 labia
951 3010 1153 3067 doloSa
1185 3012 1557 3068 mendacium
1589 3010 1751 3067 oblo-

98 3086 342 3158 quentia
371 3085 801 3140 obmutescunt.
922 3153 933 3164 .
1598 3153 1609 3164 .
1782 3115 1825 3181 ρ

170 3158 433 3181 n_:_..-.....
469 3156 665 3181 3-...--
705 3154 839 3181 -..ΑΔ
876 3152 969 3181 ις...
994 3153 1357 3181 ..-ηιιηηιιηηη
1389 3170 1750 3181 ...νηηνηηηςη

166 3158 437 3213 Primum
469 3156 666 3227 itaque
689 3154 843 3227 quod
876 3152 971 3208 hic
994 3153 1358 3227 probandum
1388 3153 1752 3227 assumimus

100 3230 489 3309 potissimum
504 3224 762 3309 colligitu
772 3224 1505 3309 r‘ex_sermone.de_cimo_qp
1516 3226 1569 3309 in
1581 3226 1748 3309 tota),

100 3297 153 3381 i_n
174 3318 295 3381 quo
310 3316 445 3355 cum
460 3297 768 3381 dejejunio
782 3297 991 3381 decimi
1010 3297 1383 3381 mensisqu
1403 3299 1440 3350 1
1456 3298 1551 3379 ᾅῦ
1574 3299 1750 3381 etiam

102 3373 168 3426 de
192 3366 674 3443 eleemosynis's.
702 3369 960 3443 pontifex
995 3368 1134 3443 agit.
1170 3366 1363 3443 _P_aulo
1403 3369 1558 3423 enim
1594 3374 1749 3436 ante,

99 3440 493 3514 praesentibus
525 3440 1015 3514 sacerdotibusret
1044 3440 1300 3514 clericis,
1320 3457 1435 3514 una
1457 3457 1600 3514 cum!
1624 3457 1752 3514 am-

99 3512 376 3585 plissimo
407 3514 580 3569 Urbis
619 3518 822 3585 senatu
848 3512 1120 3585 aliisque
1153 3512 1448 3585 nobilibus
1496 3512 1658 3578 viris,
1693 3512 1751 3565 in

102 3583 392 3657 quosdam
426 3586 745 3641 Manichaee
778 3583 916 3657 labe
946 3583 1753 3657 inquinatos_animadverte-

96 3654 205 3713 rat.
224 3660 417 3723 Quare
439 3660 507 3713 ad
532 3656 892 3713 innuendam
916 3672 1042 3710 eam
1064 3655 1272 3725 judicii
1302 3654 1549 3726 formam
1575 3672 1754 3726 quam

100 3730 421 3802 pastoralis
441 3730 578 3802 ejus
608 3728 913 3802 vigilantia
941 3731 1291 3802 servaverat,
1311 3725 1397 3780 vel
1425 3725 1756 3802 investit

96 3796 317 3873 gandis
337 3807 394 3857 et
422 3796 761 3873 detegendis
784 3800 943 3854 hisce
974 3798 1257 3873 improbis
1281 3799 1640 3873 hominibus,
1666 3796 1757 3853 vel

95 3869 153 3928 in
189 3874 344 3945 ipsis
376 3872 722 3942 evulgandis
743 3878 797 3927 et
824 3871 1177 3945 coercendis,
1199 3887 1328 3945 non
1349 3869 1462 3945 alio
1494 3878 1582 3925 est
1615 3886 1758 3925 usus

98 3941 388 4000 vocabulo
420 3941 598 4014 quam
640 3942 1039 4015 inquisitionis.
1074 3942 1272 4012 Capite
1316 3941 1497 4012 igitur
1527 3950 1757 4015 quarto,

96 4016 413 4071 locuturus
439 4013 512 4071 de
543 4013 811 4071 obscenis
838 4020 894 4069 et
926 4014 1191 4069 nefandis
1222 4030 1423 4067 eorum
1456 4013 1761 4068 sacriﬁciis

99 4095 158 4143 et
198 4086 705 4152 solemnitatibus,
757 4086 873 4141 haec
930 4085 1101 4140 habet
1152 4102 1164 4140 :
1220 4086 1290 4139 De
1345 4086 1520 4139 sacris
1578 4090 1762 4139 tamen

97 4178 317 4227 eorum,
348 4177 463 4231 qua:
494 4158 637 4230 apud
669 4159 791 4212 illos
840 4165 1028 4231 tamen
1060 4156 1281 4231 obscena
1309 4161 1437 4209 sunt
1469 4173 1632 4231 quam
1661 4171 1758 4210 nc-

94 4232 299 4301 funda,
325 4228 465 4303 quod
496 4228 853 4303 inquisitioni
876 4232 1079 4303 nostra
1104 4228 1367 4303 Dominus
1388 4230 1764 4303 manifestare

96 4304 281 4358 voluit
311 4299 421 4357 non
450 4299 715 4357 tacemus.
746 4299 995 4371 Exponit
1025 4300 1235 4355 deinde
1264 4300 1763 4369 quemadmodum

100 4376 202 4445 qui
239 4375 311 4428 ad
349 4374 640 4443 judicium
694 4372 927 4445 fuerant
961 4371 1239 4445 perducti
1275 4372 1456 4445 impia
1486 4373 1764 4445 dogmata

93 4443 153 4500 et
202 4445 591 4501 exsecrabilis
638 4443 903 4515 crimina,
936 4443 1335 4515 patefecerint.
1360 4443 1493 4505 Quae
1526 4444 1761 4515 quidem

98 4534 227 4572 non
255 4517 382 4571 sine
408 4516 663 4572 maximo
686 4514 866 4569 animi
893 4514 1131 4569 horrore
1153 4515 1223 4569 ab
1253 4514 1323 4569 iis
1352 4514 1451 4584 qui
1478 4514 1767 4585 ejusmodi

96 4587 465 4644 confessioni
500 4588 743 4643 aderant
775 4590 1089 4658 potuerunt
1120 4586 1330 4641 audiri.
1353 4586 1499 4652 Quia
1528 4588 1768 4643 tandem

93 4662 162 4714 S.
206 4660 347 4727 Leo,
370 4659 563 4715 divina
597 4659 809 4714 virtute
844 4658 1142 4730 praeditus,
1165 4663 1220 4713 et
1252 4658 1599 4714 revelatione
1631 4676 1771 4730 prae-

97 4734 399 4791 monitus.
422 4737 977 4803 praenoveratunam
998 4731 1297 4803 dumtaxat
1322 4736 1543 4801 partem
1569 4732 1771 4803 noxio-

95 4819 252 4857 rum
304 4801 607 4858 hominum
661 4803 716 4856 in
753 4801 900 4857 Urbe
949 4801 1253 4857 latentium
1307 4803 1364 4857 in
1416 4819 1482 4857 eo
1534 4802 1773 4858 solemni

96 4875 616 4945 sanctissimeque
645 4879 930 4929 conventu
975 4874 1151 4929 fuisse
1180 4874 1493 4929 coercitam
1527 4881 1585 4930 et
1614 4875 1772 4929 evul-

143 4952 346 5011 atam;
408 4951 715 5017 propterea
773 4950 1085 5016 antequam
1136 4947 1426 5016 ejusmodi
1478 4946 1776 5001 clauderet

143 4964 346 5011 aram;
408 4964 715 5017 propterea
773 4964 1085 5016 antequam
1136 4964 1426 5016 ejusmoai
1478 4964 1771 5001 eiauiierei

94 4964 449 5087 gomiliam,
486 5033 857 5087 nequaquam
893 5034 924 5071 a
957 5021 1169 5071 conatu
1212 5018 1497 5072 desistere
1542 5019 1771 5073 statuit.

98 5093 309 5144 Immo
357 5090 668 5161 incudem
722 5087 1215 5161 inquisitioneuse
1270 5095 1776 5161 perseveraturum

97 5175 257 5213 esse
312 5159 639 5230 pollicetur,
692 5160 880 5229 quoad
941 5164 1061 5214 tota
1110 5159 1381 5215 Urbs—ab
1436 5159 1777 5227 hujusmodi

95 5231 466 5303 contagione
501 5232 731 5302 penitus
762 5230 1113 5303 expiaretur,
1141 5232 1196 5286 id
1235 5233 1481 5287 maxime
1511 5233 1779 5303 exigente

95 5302 479 5373 diligentiori
507 5304 595 5359 sui
620 5302 880 5374 supremi
904 5304 1271 5373 apostolatus
1294 5304 1563 5359 cautione
1588 5302 1779 5358 {lc/eo-

92 5390 231 5446 ρης
254 5376 397 5430 enim
423 5376 740 5430 misericors
766 5376 904 5430 Deus
925 5374 1219 5445 quamdam
1240 5376 1395 5430 nobis
1413 5385 1629 5445 partem
1648 5390 1779 5446 pro-

92 5445 271 5519 didit
317 5446 609 5502 hominum
655 5447 975 5510 noxiorum,
1006 5456 1087 5517 ut,
1111 5448 1461 5502 manifestato
1511 5445 1777 5519 periculo,

92 5517 476 5573 excitaretur
514 5519 810 5589 diligentia
856 5516 1146 5573 cautionis.
1182 5519 1297 5573 Non
1348 5516 1591 5587 sufﬁciat
1643 5516 1782 5589 quod

86 5592 309 5644 actum
339 5596 439 5657 est,
471 5590 563 5646 sed
592 5591 785 5646 eadem
810 5591 1096 5661 inquisitio
1124 5594 1425 5660 perseveret
1454 5607 1471 5643 :
1503 5605 1627 5661 qua?
1657 5589 1779 5657 hoc,

86 5661 450 5719 auxiliante
464 5660 974 5735 Deo,consequitur,
988 5669 1050 5718 ut
1067 5678 1175 5719 non
1194 5660 1376 5718 solum
1392 5663 1489 5734 qui
1504 5660 1641 5721 recti
1653 5665 1785 5719 sunt

136 5776 141 5779 ‘
185 5768 279 5843 (ᾳ)
304 5774 362 5843 s.
397 5769 513 5826 Leo
544 5768 815 5843 Magnus,
841 5784 1016 5843 serm.
1043 5768 1114 5843 t5
1140 5784 1267 5841 cap.
1298 5768 1351 5825 4.

217 5783 259 5821 α
304 5774 362 5827 8.
397 5769 513 5826 Leo
544 5768 815 5843 Magnus,
841 5784 1016 5826 serm.
1043 5768 1114 5825 15
1140 5784 1267 5841 cap.
1298 5768 1351 5825 4.

185 5766 279 5919 Ebl
308 5841 422 5903 Leo
450 5845 553 5911 Μ..
582 5858 758 5902 seria.
789 5858 922 5918 sup.
955 5840 1215 5915 laudato,
1249 5856 1375 5920 cap.
1405 5843 1462 5903 6.

414 5972 683 6040 Panos.
728 5969 857 6041 LV.

1889 432 2439 505 seducti'one’decepti
2464 441 2615 505 sunt,
2646 433 2922 505 aberrare
2949 445 3269 488 revocentur
3297 436 3392 505 (ὁ).

1964 504 2166 559 Divino
2196 505 2392 576 itaque
2436 504 2643 576 Spiritu
2694 503 3049 571 illustratus,
3074 506 3329 560 maximo
3355 503 3539 562 animi

1886 576 2083 647 vigore
2105 579 2435 647 mentisque
2460 576 2756 641 ﬁrmitate,
2778 577 3070 646 quibusin
3095 577 3309 631 divinis
3332 582 3540 633 sacris-

1888 663 2001 717 que
2024 648 2195 703 rebus
2215 648 2487 720 gerendis
2507 651 2570 720 Aet
2603 648 2978 720 moderandis
3002 654 3199 703 noster
3221 649 3331 704 Leo
3354 649 3537 720 polle-

1887 720 2002 786 bat,
2024 718 2554 802 optime'praznovi‘t‘
2736 719 2999 802 Ecclesiae
3022 720 3121 802 Dei
3147 718 3374 802 utilius,
3392 721 3536 802 nihil

1885 790 2148 847 sanctius
2171 798 2227 846 et
2251 790 2477 846 fclicius
2497 790 2839 863 Christiana;
2863 791 3207 862 professioni
3241 808 3411 863 posse
3434 793 3533 848 de-

1884 863 2128 918 siderari
2160 880 2221 919 ea
2253 863 2461 935 agendi
2501 862 2825 917 meonomia
2871 881 2982 935 qua
3031 862 3321 919 utebatur.
3358 865 3437 919 Ex
3465 881 3535 922 ea

1884 881 2128 918 siaerari
2160 881 2221 919 ea
2253 881 2461 935 agendi
2501 881 2825 917 (economia
2870 881 2982 989 qua
3031 881 3321 919 utebatur.
3361 881 3437 919 isx
3465 881 3532 922 ea

1884 951 2053 1005 porro
2073 936 2203 989 fidei
2224 941 2278 989 et
2297 951 2530 1007 morum
2545 935 2851 1006 integritas
2911 936 3394 1007 et‘endituratque
3414 950 3532 991 ser-

1881 1012 2069 1079 vatur,
2088 1007 2182 1061 Dei
2215 1006 2409 1079 cultus
2436 1012 2491 1060 et
2521 1006 2706 1061 honor
2730 1012 3110 1079 augentur,et
3132 1006 3382 1063 Ecclesia
3404 1008 3531 1079 ipsa

1882 1077 2163 1133 immunis
2179 1077 3239 1151 custodituratottantiSquevitiorum
3254 1077 3525 1151 maculis,

1880 1151 2093 1219 quibus
2116 1149 2403 1205 diabolica
2424 1150 2767 1221 contagione
2788 1159 2981 1221 posset
3012 1149 3529 1207 labefactari.ConL

1878 1228 1968 1276 tra
1982 1239 2139 1292 vero,
2156 1223 2202 1277 si
2226 1222 2325 1292 qui
2350 1222 2407 1275 in
2430 1220 2686 1277 Ecclesia
2706 1220 3071 1293 reperiantur
3087 1228 3187 1279 aut
3201 1222 3523 1279 haeresihus

1878 1294 2226 1359 imbuti,aut
2249 1308 2556 1365 pravorum
2593 1294 2907 1365 criminum
2931 1294 3100 1350 sorde
3122 1294 3325 1362 vitiati,
3352 1294 3408 1349 hi
3428 1295 3520 1350 vel

1878 1366 2044 1420 facile
2073 1366 2142 1419 ad
2169 1364 2383 1420 rectam
2402 1364 2667 1437 veritatis
2690 1366 2956 1420 semitam
2982 1366 3168 1421 redire
3192 1370 3456 1437 possunt,
3474 1366 3524 1421 si

1876 1437 2224 1509 pceniteutes
2251 1437 2371 1491 ﬁeri
2394 1436 2706 1506 incipiant;
2733 1438 2821 1491 sin
2856 1442 3047 1491 autem
3071 1436 3400 1493 contumaci
3423 1438 3524 1493 ob-

1875 1508 2187 1564 Stinatione
2208 1509 2263 1562 in
2282 1509 2579 1563 erroribus
2598 1514 2878 1579 perstent,
2894 1509 3303 1565 ecclesiasticis
3319 1524 3524 1565 censu-

1875 1581 1954 1635 ris
1978 1580 2290 1651 perstricti,
2312 1598 2344 1635 a
2367 1581 2544 1635 totius
2558 1580 2823 1635 Ecclesia:
2842 1581 3255 1637 communione
3276 1580 3523 1636 abscissi

1874 1654 2458 1719 removentur.Quam
2484 1651 2719 1723 quidem
2744 1653 2949 1723 agendi
2970 1653 3422 1716 rationem,cum
3447 1653 3524 1707 ci-

1873 1724 2074 1778 vilium
2103 1741 2298 1778 rerum
2332 1724 2827 1779 administrationi
2861 1728 3035 1795 atque
3058 1724 3327 1796 regimini
3363 1723 3522 1794 prin-

1872 1795 2028 1867 cipes
2048 1797 2243 1849 saeculi
2264 1801 2319 1851 et
2338 1796 2716 1867 magistratus
2735 1796 2952 1867 optime
2972 1795 3277 1851 noscerent
3294 1812 3523 1850 accom-

1872 1866 2332 1937 modatam,jam
2364 1866 2597 1938 quidem
2624 1866 2787 1939 illud
2813 1884 3020 1921 nomen
3056 1872 3420 1939 usurparunt
3447 1868 3519 1921 ad

1870 1939 2245 1994 indicandam
2282 1955 2407 1994 eam
2448 1938 2806 2009 judiciorum
2858 1940 3101 1993 formam
3138 1938 3254 2009 qua
3282 1939 3340 1993 in
3376 1938 3521 1993 laesa:

1871 2012 2197 2082 maiestatis
2242 2027 2371 2066 reos
2421 2010 2806 2065 animadverti
2857 2012 3023 2066 solet.
3060 2009 3169 2066 Sed
3222 2010 3293 2066 ad
3343 2009 3520 2065 aliam

1861 2083 1988 2154 jam
2018 2084 2266 2154 gradum
2304 2082 2610 2138 faciamus.

1939 2100 1988 2137 m
2060 2100 2266 2139 rauum
2304 2100 2610 2138 iaciamus.

1939 2154 1973 2207 3
2018 2100 2406 2227 §3erspicuum
2443 2158 2716 2227 praeterea
2757 2150 2904 2205 illud
2932 2152 3225 2227 _e_st_,_quod
3258 2153 3517 2227 secundo

1866 2224 1992 2281 loco
2044 2222 3170 2299 proposuimus,Manichagosvidelicet
3200 2239 3230 2277 e
3276 2224 3517 2299 latebris

1912 2294 2223 2354 rode'unt'es
2272 2297 2481 2353 Leonis
2530 2294 2819 2367 pontificis
2853 2295 3026 2365 jussu
3061 2295 3120 2347 in
3147 2294 3251 2363 jus
3298 2295 3516 2350 accitos

1912 2314 2223 2354 roueuntes
2273 2314 2481 2353 Leonis
2530 2314 2819 2367 poniiiiCis
2853 2314 3026 2365 jussu
3061 2314 3120 2347 in
3147 2314 3251 2363 jus
3298 2314 3516 2350 accnos

1868 2314 2073 2439 guisse,
2101 2371 2321 2441 hosque
2352 2384 2543 2441 coram
2583 2366 3009 2441 episcoporum,
3043 2366 3516 2441 presbyterorum

1868 2436 2243 2512 aliorumque
2258 2437 2810 2512 piorumhominum
2836 2442 2983 2512 cmtu
3004 2436 3181 2512 veluti
3206 2436 3355 2512 laesa;
3383 2438 3517 2491 fidei

1865 2528 1995 2567 reos
2017 2508 2272 2578 stetisse,
2298 2518 2359 2565 ut
2382 2509 2647 2566 Ecclesiae
2666 2508 2948 2579 judicium
2975 2509 3263 2563 subirent.
3296 2510 3371 2563 Ex
3398 2525 3515 2579 quo

1865 2583 2112 2655 aliisque
2143 2583 2440 2655 similibus
2484 2580 2664 2655 gestis
2704 2580 2877 2655 etiam
2913 2580 3067 2655 apud
3094 2579 3512 2655 Carthaginem

1865 2650 2129 2727 aliasque
2158 2655 2359 2710 Africa.
2392 2651 2683 2708 Ecclesiae
2706 2651 2775 2776 ac)
2797 2650 3105 2722 Augustini
3132 2667 3247 2705 aevo
3270 2668 3304 2705 a
3326 2650 3514 2707 Mani-

1865 2727 2028 2776 ehmis
2058 2731 2310 2776 vexatas.
2331 2724 2550 2776 ontime
2571 2723 2711 2776 intel
2741 2722 2955 2776 igimus
2977 2721 3327 2776 eriminosos
3350 2722 3514 2776 Chri-

1861 2721 2311 2791 chiris'vexatas,
2331 2724 2550 2797 optime
2571 2721 2955 2797 intelligimus
2977 2721 3327 2797 criminosos
3350 2722 3517 2797 Chri-

1864 2799 2089 2853 stianos
2112 2794 2684 2868 cujuscumquesint
2712 2794 2936 2850 ordinis
2963 2800 3021 2850 et
3048 2794 3288 2865 gradus,
3312 2794 3518 2849 condi-

1862 2871 2042 2925 tionis
2072 2875 2125 2924 et
2158 2867 2351 2937 sexus,
2395 2867 2647 2941 publicis
2677 2881 2922 2941 quoque
2958 2882 3262 2941 sacrorum
3311 2868 3517 2941 pasto-

1863 2958 1992 2996 rum
2020 2942 2264 3012 judiciis
2289 2935 2533 3012 subesse
2563 2935 2799 3012 debere;
2823 2941 2881 3012 et
2909 2936 2966 3012 in
2998 2937 3073 2991 iis
3104 2935 3515 3012 causis:potis-

1863 3008 2078 3091 simum
2113 3013 2415 3091 in_quibus
2463 3008 2596 3091 fidei
2631 3008 2974 3091 integritati“
2996 3014 3053 3064 et
3097 3008 3343 3091 veritati.
3375 3024 3514 3090 pro-

1864 3086 2127 3157 spicitur.
2163 3079 2350 3150 Quare
2392 3081 2557 3138 facile
2590 3079 2875 3157 refellitur
2916 3079 3153 3157 illorum
3182 3079 3512 3157 perniciosa

1864 3151 2083 3228 opinio,
2103 3157 2202 3228 qui
2230 3158 2287 3210 in
2313 3161 2533 3211 arctum
2558 3151 3509 3228 ecclesiasticamjurisdictionem

1860 3223 2207 3301 compellere
2229 3228 2510 3301 volentes,
2534 3240 2662 3301 eam
2694 3223 2788 3301 vix
2808 3223 3040 3301 extendi
3070 3227 3509 3301 posseconten-

1860 3292 2012 3355 dunt
2038 3302 2107 3355 ad
2141 3298 2271 3354 illos
2301 3292 2573 3354 homines
2615 3296 2915 3350 dumtaxat
2944 3293 3043 3366 qui
3070 3292 3178 3365 per
3206 3292 3504 3366 clericales

1860 3373 2095 3427 ordines
2152 3371 2352 3425 altaris
2416 3368 2742 3423 ministerio
2795 3364 3331 3435 sunt‘mancipati.
3390 3366 3502 3418 Hos

1862 3444 2343 3515 (aiunt)possunt
2390 3440 2539 3515 sacri
2587 3442 2865 3515 pastores.
2900 3437 3219 3515 praesertim
3252 3436 3506 3515 inﬁt“!

1862 3507 2123 3587 conciliis
2167 3511 2498 3587 congregati
2539 3507 3187 3587 e"propr_iis_:gradibus
3235 3507 3506 3587 dejicere,

1862 3604 1962 3663 eos
1992 3578 2733 3663 ecclesiarum'benefic'iis,
2755 3578 2945 3636 titulis
2964 3585 3151 3663 atque
3179 3578 3511 3663 praebendis

1864 3658 2113 3732 privare,
2130 3664 2303 3732 atque
2320 3657 2555 3712 tandem
2580 3654 2733 3708 intra
2751 3650 3235 3732 monasteriorum
3258 3650 3515 3732 claustra

1864 3723 1951 3786 vel
1984 3731 2040 3784 in
2063 3723 2428 3784 arctissimos
2450 3742 2713 3782 carceres
2736 3724 3010 3795 relegare,
3035 3723 3319 3795 conjicere
3340 3727 3516 3792 atque

1867 3740 1951 3786 vel
1984 3748 2040 3784 in
2063 3740 2428 3784 arctissimos
2450 3742 2713 3782 carceres
2736 3740 2848 3779 reie
2896 3740 3010 3790 are,
3035 3740 3319 3795 conjicere
3340 3740 3515 3792 atque

1867 3801 2525 3885 constringere.‘(‘.ontra
2545 3814 2675 3882 vero
2698 3795 2828 3851 laici
2850 3740 3083 3885 fidunt),
3106 3799 3268 3885 extra
3289 3809 3515 3875 sacram

1868 3874 2023 3955 hierfi
2037 3865 2251 3954 rch‘i’am
2279 3874 2577 3956 degentes,
2601 3868 2889 3956 ejusmodi
2921 3865 3522 3956 inquisitionu'r'n1in:

1867 3945 2321 4015 vestigationum
2349 3938 2590 4014 judiciis
2612 3938 2853 4015 subesse
2885 3956 3002 3993 non
3035 3940 3269 4015 debent.
3298 3938 3526 4015 Habent

1870 4017 1968 4071 isti
1993 4007 2371 4086 (sulijiciuntl
2391 4031 2532 4086 suos
2565 4012 2947 4083 magistratus
2979 4018 3028 4086 et
3060 4010 3307 4086 iudices,
3335 4026 3367 4086 a
3391 4007 3524 4077 qui-

1870 4079 2071 4143 busin
2097 4079 2200 4157 jus
2225 4079 2413 4141 vocari
2440 4079 2706 4157 possunt,
2732 4088 2905 4157 atque
2928 4079 3522 4157 ad-eospotissjmum

1872 4149 2199 4232 spectat-dc
2232 4149 2605 4232 ClVlllm-leil!
2632 4149 2894 4208 moribus
2925 4149 3297 4232 et_institu_ti_s
3326 4149 3524 4232 inqui-

1873 4220 2291 4286 rere.Tandem
2317 4230 2363 4284 si
2388 4220 2775 4281 Ecclesiarurn
2802 4222 3079 4293 prmsules
3098 4224 3236 4294 quid
3263 4222 3318 4276 in
3344 4220 3527 4275 laicos

1874 4307 2133 4376 possent,
2161 4302 2213 4354 id
2248 4301 2556 4376 dumtaxat
2574 4296 2656 4376 iis
2698 4295 2987 4376 inurebus.
3010 4294 3371 4376 contingeret
3402 4308 3527 4359 qua:

1876 4366 1944 4431 ad
1980 4366 2156 4429 sacrae
2190 4367 2623 4428 communionis
2656 4366 3189 4437 participationem,
3220 4366 3305 4437 ad
3334 4380 3531 4419 sacra-

1877 4450 2211 4501 mentorum
2271 4434 2837 4497 administrationem
2863 4434 2885 4500 ,ἡ
2925 4437 3011 4491 vel
3070 4439 3139 4491 ad
3191 4434 3528 4490 divinorum

1801 4486 1845 4550 Ι)
1880 4486 2288 4589 ἔξεῐξνίοωῐη
2312 4512 2755 4589 celebrationem
2782 4486 3372 4589 reierun_tur._quibus
3397 4506 3532 4562 laici

1874 4579 2039 4660 justa
2065 4605 2129 4644 ac
2153 4585 2482 4660 rationabili
2504 4586 2573 4660 de
2595 4599 2771 4660 causa
2791 4579 3293 4660 possuntqprivari,
3309 4584 3365 4633 et
3385 4596 3417 4633 a
3439 4595 3534 4660 sa-

1882 4652 1996 4717 cris
2028 4661 2274 4715 coetibus
2304 4658 2509 4713 arceri.
2540 4658 2623 4711 lta
2654 4672 2713 4709 re
2744 4654 2871 4724 ipsa
2914 4654 3103 4708 idiota:
3128 4658 3185 4707 et
3208 4652 3534 4722 depravata)

1883 4731 2252 4789 conscientias
2296 4731 2567 4786 homines
2619 4723 2916 4780 calhblicae
2966 4723 3111 4793 legis
3155 4724 3538 4777 fundamenta

1883 4810 2137 4861 evertere
2159 4804 2355 4858 conari
2392 4798 2780 4874 possent.l_\lec
2806 4795 2970 4874 enim
2992 4794 3138 4874 ipsis
3171 4795 3303 4874 fidei
3335 4794 3535 4848 lumen

1883 4878 2179 4945 inest,quo
2204 4866 2536 4943 intelligant
2562 4868 2875 4945 Ecclesium
2902 4866 3013 4919 sibi
3031 4866 3131 4935 jus
3156 4872 3383 4945 nactam
3410 4882 3537 4945 esse

1886 4950 1941 5003 in
1968 4936 2274 5019 quotquot,
2302 4936 3013 5019 abrénuntiatisprimum
3041 4936 3537 5019 omnibussieculi

1885 5009 2313 5089 impietatibus,
2331 5014 2633 5089 se_Cl_iristo_
2650 5012 2969 5089 dederunt;
2995 5010 3230 5089 quando
3250 5009 3538 5089 videlicet,

1886 5077 2338 5147 solemnioribu's
2364 5086 2593 5147 ritibus,
2621 5084 2675 5137 in
2704 5077 3060 5153 prmcipuum
3088 5080 3387 5137 catholicas
3412 5077 3541 5153 reli-

1931 5162 2078 5216 ionis
2101 5164 2533 5215 sacramentum
2555 5149 2974 5231 iuraruntjoto
2998 5155 3127 5231 vita
3151 5169 3323 5231 cursu
3350 5149 3542 5231 catho-

1931 5180 2078 5216 iouis
2101 5180 2533 5215 sacramentum
2555 5180 2830 5226 Jurarum.
2857 5180 2974 5207 ιυιυ
3000 5180 3127 5208 Vita:
3151 5180 3323 5208 cursu
3350 5180 3538 5203 I‘uuiu'

1886 5180 2057 5289 licam
2080 5232 2419 5302 religionem
2457 5227 2810 5302 proflteri,el_
2828 5225 3095 5302 Ecclesiae
3119 5219 3538 5302 obedireguid

1888 5323 2023 5375 ergo
2055 5292 2404 5375 dicendum?
2427 5292 2483 5353 Si
2510 5315 2566 5375 re
2589 5292 2738 5370 ipsa,
2762 5297 2974 5375 violata
3003 5295 3379 5375 postmodum
3406 5292 3540 5356 fide,

1888 5368 2101 5431 divinis
2123 5374 2425 5443 sacrisque
2448 5368 2627 5445 rebus
2658 5375 2898 5441 possent
2926 5368 3111 5445 abuti,
3136 5372 3193 5445 et
3208 5368 3381 5445 quasi
3408 5380 3543 5445 san:

1891 5448 2166 5502 ctissimaa
2191 5437 2367 5516 hujus
2393 5442 2596 5516 matris
2623 5437 2832 5516 corpus
2855 5437 3552 5516 etvisceradilaniarenit

1891 5524 1939 5575 si
1964 5520 2085 5574 haec
2107 5519 2162 5572 in
2186 5507 2365 5573 laicos
2390 5515 2659 5590 homines
2682 5507 2845 5567 nulla
2866 5507 3550 5590 polleretjurisdjctione

1892 5593 1963 5647 ad
1989 5590 2346 5661 impietatem
2371 5587 2776 5651 coercendam,
2796 5584 3228 5661 quis‘umquam
3256 5584 3554 5661 scissuras

1892 5681 1994 5739 per
2015 5649 2263 5719 haereses
2296 5663 2477 5717 factas
2504 5649 2835 5731 repararet?
2859 5656 2992 5728 quis
3016 5649 3209 5710 aream
3235 5649 3558 5726 purgaret?

1898 5830 1901 5835 .
1939 5772 2035 5843 ,(c)
2066 5764 2677 5843 Augustinustlibpde
2719 5760 3076 5833 Heresibus,
3098 5773 3227 5836 cap.
3252 5758 3339 5817 ιϐ.
3368 5754 3563 5816 Possi-

1894 5836 2048 5915 dius,
2080 5841 2140 5900 in
2159 5836 2482 5917 'Augustini
2514 5836 2671 5898 Vita.

3156 5959 3236 6029 30
