4016 6166
441 125 560 188 939

945 128 1018 188 Ρ.
1064 125 1422 190 CACGIABI
1465 126 2145 192 EXEHCITATIONES
2191 128 2267 189 IN
2315 130 2379 191 S.
2427 127 2704 193 LEONIS
2748 127 2998 193 MAGNI
3043 125 3325 190 OPERA.

3737 124 3857 188 940

446 257 581 344 quis
610 257 848 316 tandem
885 258 1251 344 gravioribus
1287 259 1511 344 morbis
1540 265 1738 344 posset
1763 277 2094 344 _occnrrere,
2123 267 2180 335 Α
2206 261 2507 344 Ecclesium
2554 262 2724 344 aucti,
2753 262 2899 344 sicut
2942 261 3098 331 gesta
3141 257 3501 334 episcopalia,
3531 273 3662 332 quae
3704 262 3859 317 nobis

445 330 776 406 iisdemque
799 330 1040 406 mederi,
1057 349 1147 406 ne,
1164 330 1642 406 percrebescente
1663 335 1954 406 malarum
1976 330 2098 406 opi-

451 401 696 458 nionum
718 405 934 470 scabie,
954 410 1077 459 tota
1093 401 1553 460 Christianorum
1581 405 1928 462 universitas
1943 401 2100 462 erro-

452 474 618 550 ribus
635 475 983 530 labefactata
994 477 1066 531 ad
1080 477 1316 550 exitium
1335 479 1471 547 perd
1483 486 1747 533 uceretur
1759 479 1785 532 ‘l
1801 478 2102 550 Principes

452 545 510 620 id
532 545 676 602 forte
694 552 1033 618 potuerunt,
1047 548 1311 620 etseculi
1331 545 1892 620 magistratus,quod
1913 545 2102 605 Eccle-

456 618 605 694 eiam
638 634 811 694 agere
839 635 1010 694 posse
1057 618 1667 694 inficiantur‘lApage
1715 618 2098 694 tigmentuml

459 689 689 762 Vacant'
710 689 808 762 isti
837 691 992 746 civili
1033 692 1447 762 temporalium
1488 689 1685 748 rerum
1717 689 2103 748 administra-

457 760 631 836 tioni;
663 761 908 836 vigilant
949 780 1042 829 ne,
1082 760 1281 836 fractis
1316 770 1546 836 natura:
1577 770 1634 820 et
1664 765 2102 836 principatuum

447 831 711 908 juribus,
726 831 1125 908 maximocnm
1141 831 1742 904 justitiadetrimento
1761 831 2103 908 respublica

455 906 870 978 susquedeque
899 908 971 961 ab
1004 906 1075 961 iis
1106 912 1425 978 vertantur,
1450 909 1550 978 qui
1585 917 1819 978 prapter
1847 906 2106 963 facinora

455 981 513 1030 et
542 976 675 1051 sibi,
698 977 1335 1051 etpublicis_rehus,det
1365 976 1662 1034 communi
1688 976 2103 1051 tranquillitati

455 1049 982 1118 perturbationem,
1013 1049 1128 1102 vim
1161 1056 1218 1103 et
1260 1049 1538 1120 injuriam
1578 1052 1791 1106 inferre
1821 1049 2104 1107 audacius

457 1135 574 1174 non
599 1121 1004 1194 reformidant.
1024 1121 1148 1194 Non
1172 1127 1370 1194 tamen
1394 1128 1697 1194 propterea
1719 1122 1917 1178 saeculi
1943 1123 2102 1194 prin-

455 1193 615 1266 cipes
647 1192 777 1266 sine
813 1191 1020 1266 divinis
1063 1191 1218 1266 _legis
1244 1191 1628 1266 contemptu,
1668 1200 1728 1250 et
1773 1191 2106 1266 sacrilegio,

457 1263 872 1336 ecclesiasticis
901 1269 959 1318 et
987 1262 1397 1336 spiritualibus
1417 1262 1592 1320 rebus
1623 1282 1684 1321 se
1715 1273 1964 1336 possunt
1991 1262 2106 1321 ini;

459 1349 640 1409 scere,
673 1335 791 1409 nisi
819 1352 977 1409 cum,
1000 1335 1071 1390 ad
1107 1337 1462 1409 vindicanda
1500 1335 1801 1409 religionis
1823 1339 1983 1409 jura,
2011 1357 2104 1393 sa-

459 1407 724 1462 cerdotes
779 1406 893 1478 ipsi
953 1407 1286 1476 praesidium
1335 1415 1393 1463 et
1432 1406 1989 1478 opem'exposcunt.
2041 1409 2104 1464 Id

461 1477 679 1548 passim
703 1479 1037 1549 Scriptura,
1061 1479 1116 1532 id
1151 1479 1382 1534 Patrum
1418 1477 1819 1548 monumenta,
1846 1482 1903 1536 id
1937 1481 2104 1535 deni-

460 1565 574 1624 que
605 1551 982 1620 antiquorum
1024 1565 1228 1624 regum
1279 1556 1336 1605 et
1381 1553 1797 1624 imperatorum
1847 1552 2105 1624 epistolis

460 1619 516 1676 et
545 1621 706 1692 leges
750 1619 1062 1676 testantur.
1088 1619 1222 1684 Qum
1272 1619 1485 1677 omnia
1515 1623 1574 1678 in
1624 1619 1899 1679 medium’
1933 1625 2106 1678 modo

461 1691 666 1747 aﬂ'erre
690 1693 880 1766 nostri
910 1691 1164 1748 instituti
1203 1694 1347 1749 ratio
1381 1694 1624 1749 minime
1655 1695 1893 1766 patitur.
1927 1699 2008 1750 Ne
2038 1712 2108 1750 ex

459 1765 602 1837 facto
633 1765 704 1819 ad
737 1765 823 1831 ius
850 1770 1222 1837 transeuntes
1251 1771 1411 1820 extra
1441 1765 1827 1822 Leoninbrum
1851 1767 2106 1837 Operum

461 1834 680 1906 scripta
718 1837 912 1906 vagari
945 1836 1267 1891 videamur.
1299 1838 1398 1890 Cui
1451 1843 1648 1892 tamen
1703 1839 1783 1893 rei
1831 1841 1879 1893 si
1905 1834 2106 1893 'ﬁdem

463 1923 790 1980 accrescere
821 1907 1124 1980 vellemus,
1152 1906 1236 1962 vel
1266 1910 1338 1963 ad
1371 1909 1560 1963 Siricii
1594 1927 1755 1980 papae
1784 1911 2015 1965 decreta
2046 1910 2104 1964 in

464 1979 814 2051 praecedenti
842 1979 1031 2051 capite
1071 1979 1325 2051 laudata,
1357 1981 1444 2034 vel
1474 1981 1547 2034 ad
1596 1979 1848 2036 similem
1893 1981 2106 2051 agendi

466 2050 748 2105 rationem
779 2050 851 2104 ab
881 2050 1084 2104 Africae
1112 2050 1422 2121 episcopis,
1448 2053 1754 2123 Augustini
1779 2069 1835 2108 et
1859 2050 2106 2107 Possidii

461 2126 724 2192 tempore
743 2128 1055 2186 servatam,
1069 2137 1543 2191 provocaremus;
1565 2140 1596 2194 q
1609 2126 1800 2180 uando
1815 2124 2105 2193 videlicet,

467 2194 611 2266 Urse
633 2195 879 2266 tribuno,
904 2195 1009 2266 qui
1038 2197 1188 2266 tunc
1213 2194 1401 2249 domui
1426 2196 1613 2266 regiae
1658 2205 1915 2266 praeerat,
1949 2196 2104 2265 apud

459 2263 871 2337 Carthaginem
899 2263 1195 2320 Μαιλίοὴωί
1225 2265 1438 2337 reperti
1460 2263 1529 2321 ad
1555 2263 1821 2322 Ecclesiae
1848 2263 2104 2323 tribunal

459 2337 950 2406 perducebantur,
980 2353 1128 2407 quos
1158 2337 1310 2392 inter
1342 2337 1536 2407 puella
1565 2339 1881 2410 Margarita
1912 2337 2104 2394 nomi-

455 2423 550 2475 ne,
573 2425 701 2479 quaa
721 2424 852 2465 cum
884 2414 1041 2462 esset
1072 2424 1361 2463 annorum
1386 2411 1644 2464 nondum
1667 2412 1934 2466 duodecin
1971 2427 2103 2480 pro-

451 2483 584 2550 pter
601 2479 884 2536 scelestum
908 2482 1233 2550 mysterium
1253 2496 1318 2534 se
1339 2481 1567 2536 dicebat
1587 2498 1716 2537 esse
1746 2479 2030 2547 vitiatam,
2049 2488 2107 2538 et

449 2549 564 2606 alia
592 2551 842 2606 Eusebia
865 2549 1224 2621 nuncupata,
1241 2551 1416 2607 veluti
1439 2553 1906 2608 sanctimonialis
1930 2553 2102 2608 habi-

447 2627 527 2709 ta,
543 2639 671 2709 qum
687 2628 744 2709 e‘t
760 2621 1163 2709 simileyitium
1186 2623 1258 2678 ob
1281 2623 1696 2709 iur‘pissimuin
1721 2627 1913 2680 scelus
1931 2642 2103 2709 passa

449 2692 751 2765 l'uerat(a).
770 2693 921 2758 Haec,
953 2692 1218 2763 inquam,
1243 2699 1302 2765 et
1330 2692 1396 2748 id"
1419 2711 1605 2765 genus
1626 2695 1740 2750 alia
1767 2692 1983 2752 nostris
2008 2695 2102 2750 di-

450 2765 559 2819 ctis
590 2763 766 2820 ﬁdem
791 2769 1205 2818 accrescerent.
1231 2764 1342 2819 Sed
1366 2763 1500 2820 cum
1524 2767 1596 2821 de
1619 2767 1883 2822 Romana
1902 2767 1962 2822 in
1986 2768 2103 2823 Ma-

450 2834 704 2910 nicheos
730 2835 1114 2910 inquisitione
1135 2851 1396 2910 agamus,
1423 2839 1606 2892 nostri
1639 2839 1922 2910 propositi
1956 2841 2101 2895 ratio

449 2906 710 2977 postulat
738 2911 805 2960 ut
831 2907 901 2960 ad
935 2906 993 2960 S.
1023 2906 1260 2960 Leonem
1292 2907 1620 2964 redeamus.

524 2979 579 3030 Α.
607 2978 716 3032 Leo
737 2977 953 3048 itaque,
974 2978 1043 3031 ad
1069 2977 1478 3033 vindicandam
1505 2980 1612 3035 sibi
1634 2979 1829 3041 ﬁdem.
1850 2996 1955 3035 nec
1977 2978 2100 3034 ulla

455 3049 658 3104 fraude
681 3048 865 3123 fuisse
910 3065 1150 3123 prorsus
1171 3049 1502 3123 deceptum,
1527 3057 1627 3107 aut
1675 3051 2099 3123 praecipitanter

451 3121 811 3193 processisse
835 3120 1250 3193 inidetegendis
1271 3120 1727 3193 evulgandisquo
1748 3120 2096 3179 Manichaeo-

452 3210 583 3247 rum
607 3191 1033 3265 impietatibus,
1055 3208 1118 3248 se
1139 3191 1508 3263 nequaquam
1530 3191 1716 3252 dubiae
1733 3197 1904 3265 famae
1928 3204 1982 3251 et
2006 3198 2097 3250 in-

450 3268 612 3319 certis
667 3263 1023 3335 opinionibus
1055 3265 1393 3337 credidisse
1447 3266 1639 3337 palam
1688 3263 1936 3322 testatus
1987 3272 2094 3322 est.

457 3337 768 3406 Propterea
787 3335 1122 3410 subjungit:
1142 3335 1520 3410 Residentibus
1541 3341 1726 3410 itaque
1746 3342 2099 3410 mecumiepi-

451 3410 631 3478 scopis
661 3411 713 3461 et
740 3408 1097 3478 presbyteris,
1119 3424 1184 3462 ac
1212 3409 1268 3462 in
1300 3412 1552 3465 eumdem
1589 3408 1901 3464 ctmsessum
1935 3408 2096 3464 Chri-

452 3480 662 3534 stianis
682 3479 830 3534 151
860 3481 1019 3541 viris,
1042 3495 1106 3533 ac
1132 3480 1408 3534 nobilibus
1437 3483 1800 3550 congregatis,
1822 3483 2016 3536 electos
2045 3484 2098 3536 et

453 3551 657 3621 electas
681 3565 867 3604 eorum
900 3551 1161 3616 iussimus
1188 3553 1531 3619 prmsentari.
1562 3554 1622 3606 In
1663 3553 1912 3607 vinculis
1942 3569 2098 3621 ergo,

455 3625 556 3674 aut
577 3619 783 3693 saltem
808 3621 917 3693 sub
941 3621 1225 3685 custodia,
1241 3621 1672 3688 detinebantur,
1691 3641 1838 3693 quos
1860 3619 2100 3679 sanctus

454 3690 912 3762 pontifexjussit
932 3706 1127 3765 coram
1153 3696 1274 3746 tam
1303 3693 1589 3765 frequenti
1612 3690 2100 3765 amplissimaque

455 3766 742 3837 conventu
774 3778 837 3816 se
871 3763 1444 3837 persisterequtenim
1473 3765 1524 3820 si
1552 3763 1812 3820 nondUm
1835 3763 2100 3837 compre-

457 3833 626 3889 hensi
655 3849 722 3888 ac
752 3849 874 3905 sum
907 3849 1148 3901 prorsus
1179 3832 1466 3889 libertatis
1497 3843 1794 3905 compotes
1828 3832 2100 3902 fuissent,

455 3905 592 3978 quis
632 3921 748 3978 non
779 3904 933 3978 videt
963 3921 1085 3978 eos,
1115 3911 1346 3976 arrepta
1376 3912 1574 3962 statim
1618 3904 1774 3978 fuga,
1797 3910 2100 3966 dedecoris

454 3975 857 4048 confusionem
887 3975 1261 4048 infamimque
1287 3975 1707 4048 turpitudinem
1731 3975 1972 4036 evadere
2001 3998 2100 4035 co—

457 4053 702 4104 naturos
732 4047 953 4102 fuisse?
984 4047 1126 4102 Cum
1175 4047 1498 4110 praesertim
1535 4052 1639 4105 hoc
1668 4053 1945 4106 omnibus
1975 4068 2099 4106 om-

456 4119 596 4175 nino
622 4120 1045 4190 cujuscumque
1066 4119 1290 4176 ordinis
1310 4125 1368 4176 et
1389 4123 1739 4178 conditionis
1762 4123 2100 4178 hominibus

455 4207 489 4245 a
520 4199 725 4247 natura
753 4190 884 4262 ipsa
911 4190 1113 4265 datum
1147 4191 1242 4258 sit,
1273 4197 1335 4246 ut
1367 4194 1730 4263 praesentiam
1755 4195 1996 4265 judicia,
2019 4195 2100 4248 ri-

453 4277 650 4333 gorem
705 4261 1041 4334 sententias,
1067 4267 1240 4332 atque
1287 4261 1709 4334 suppliciorum
1756 4261 2098 4330 gravitatem

451 4332 629 4404 quam
649 4332 904 4408 maxime
929 4332 1388 4408 perhorrescant.
1406 4332 1570 4398 Quod
1599 4339 1643 4392 si
1672 4339 1777 4392 Leo
1801 4339 1924 4408 ipse
1944 4339 2099 4408 vii-os

450 4410 509 4460 et
539 4405 818 4460 mulieres
861 4421 1056 4458 coram
1112 4421 1172 4459 se
1223 4406 1508 4462 adductos
1551 4410 1739 4463 electos
1791 4405 1848 4462 et
1894 4407 2100 4464 electus

449 4476 728 4548 appellat,
751 4476 1093 4548 iisvocibus
1118 4476 1376 4531 indicare
1404 4479 1588 4532 voluit
1613 4479 1958 4535 criminosos
1984 4498 2096 4535 non

446 4547 507 4621 in
541 4548 799 4621 inferiori
829 4547 991 4621 illius
1021 4558 1191 4621 sectas
1213 4549 1394 4618 gradu
1419 4551 1776 4612 constitisse,
1801 4553 1899 4605 sed
1935 4551 2094 4621 prin-

448 4619 638 4690 cipem
661 4619 773 4675 sibi
791 4619 1119 4674 vindicasse
1140 4618 1330 4674 locum
1351 4637 1364 4685 ;
1383 4637 1530 4690 quos
1554 4623 1706 4677 inter
1726 4621 1823 4676 ille
1847 4618 2097 4678 unanima

450 4693 673 4764 caeteris
701 4690 1128 4764 eminebat,qui
1166 4695 1225 4744 ut
1245 4690 1377 4764 aliis
1409 4701 1698 4762 praeesset.
1724 4694 1982 4764 profanis
2013 4696 2092 4748 ri-

451 4761 609 4816 tibus
639 4766 696 4816 et
724 4761 1025 4817 diabolicis
1048 4761 1585 4831 superstitionibus,
1611 4761 1741 4820 eum
1764 4765 1938 4820 veluti
1969 4765 2091 4833 epi-

449 4848 693 4903 scOpum
717 4833 1215 4888 renuntiaverant.
1245 4834 1490 4907 dderunt
1509 4839 1655 4891 enim
1676 4836 1935 4907 (subjicit
1959 4836 2091 4905 Leo)

448 4919 632 4959 omnes
675 4921 937 4979 personis.
978 4922 1077 4979 per
1119 4921 1249 4979 quas
1289 4906 1593 4977 infandum
1642 4906 1861 4977 [acinus
1905 4913 2091 4979 fuerat

444 4985 838 5046 perpetratum.
873 4976 1065 5030 Puella
1093 4977 1321 5038 scilicet,
1355 4976 1414 5031 ut
1449 4976 1678 5032 multam
1725 4976 2001 5041 decennis,
2035 4985 2089 5034 et

443 5047 572 5104 dum
599 5051 878 5109 mulieres,
914 5063 1030 5116 qua:
1078 5049 1252 5113 ipsam
1298 5051 1615 5104 nutrierant
1644 5056 1694 5105 et
1723 5051 1853 5106 huic
1893 5054 2090 5107 sceleri

440 5135 700 5190 praepara
709 5123 912 5176 verant.
933 5124 1142 5173 Praesto
1155 5123 1276 5172 erat
1291 5123 1454 5174 etiam
1472 5122 1908 5178 adolescentulus
1926 5124 2088 5177 vitia-

436 5197 522 5247 tor
541 5193 759 5261 puellae.
775 5200 825 5247 et
841 5193 1124 5260 episcopus
1143 5192 1390 5260 ipsorum
1405 5193 1710 5249 detestandi
1728 5195 1981 5249 eri-minis
2001 5210 2086 5249 or-

437 5265 681 5319 dmalor.
723 5261 1004 5333 Concinit
1030 5261 1391 5330 Augustinus
1435 5263 1584 5320 libro
1615 5266 1685 5320 de
1723 5267 2079 5333 Heeresibus,

430 5336 694 5390 scribens
743 5335 814 5389 ad
855 5331 1374 5400 Carthaginensem
1424 5337 1734 5392 diaconum
1776 5331 2080 5400 Quotvult4

426 5407 602 5462 deum
630 5424 642 5461 :
679 5406 902 5464 Recenti
945 5409 1186 5473 tempore
1214 5407 1474 5462 nonnulli
1499 5423 1690 5464 eorum
1721 5411 1900 5480 reperi
1927 5419 1981 5464 et
2009 5407 2080 5463 ad

493 5512 572 5583 (α)
607 5513 682 5568 De
712 5511 821 5567 hac
841 5508 1045 5583 Africa:
1069 5509 1450 5579 inquisitione
1473 5513 1530 5568 in
1554 5513 1902 5570 Manichmos
1926 5515 2077 5572 facta

421 5581 638 5639 videsis
668 5600 799 5653 quae
836 5582 1186 5655 scripsimus
1216 5597 1342 5655 cap.
1373 5585 1409 5639 5
1439 5590 1498 5642 et
1523 5586 1559 5643 6
1588 5586 1768 5658 hujus
1798 5585 1903 5643 lib.
1936 5603 2071 5661 pag.

424 5653 528 5710 136
557 5659 616 5710 et
644 5669 772 5710 seu.

557 5671 772 5726 etkseq.

492 5724 570 5797 (ὁ)
598 5723 850 5782 Consule
886 5723 1064 5782 etiam
1112 5726 1364 5798 August.
1396 5726 1500 5788 lib.
1535 5728 1608 5788 de
1652 5728 1983 5791 Heresibus
2013 5733 2070 5792 et

2135 1643 2182 1708 B

2129 4379 2175 4445 Π

2209 333 2476 400 misistis;
2497 335 2785 390 ostendunt
2811 333 2904 405 (b).

2283 407 2506 462 Sistant
2525 423 2662 478 ergo
2679 405 2774 462 hic
2791 403 3088 478 paulisper
3106 403 3480 478 mecumyolo
3502 403 3861 475 quicumque

2211 476 2431 548 (nescio
2452 484 2572 547 cur)
2595 475 2677 532 ita
2698 475 2933 549 ingenio
2955 475 3269 547 animoque
3291 476 3478 549 allecti
3501 484 3665 544 sunt,
3692 481 3757 530 ut
3774 493 3862 549 sa-

2211 547 2318 604 Crae
2344 550 2743 621 inquisitionis
2757 547 3859 621 nomenetmuneraexhorreant,quip-

2211 637 2282 692 pe
2302 618 2473 691 huicj
2487 620 2756 677 udicandi
2777 619 3284 692 rationiaudacius
3299 618 3546 692 detrahu
3558 625 3642 692 ut.
3656 618 3858 692 Anim-

2210 689 2766 764 advertant,quaaso,
2784 709 2860 747 an
2883 690 3178 764 mulieres,
3194 708 3277 764 an
3299 690 3408 764 viri
3430 689 3622 764 illi,de
3643 690 3861 764 quibus

2211 765 2330 845 agit
2355 763 2486 832 Leo,
2506 761 2645 845 olim
2669 781 2769 836 per
2790 762 3339 845 clericalesprdines
3360 761 3859 845 altarisnministe-

2211 831 2316 890 riis
2342 831 2635 906 potuerint
2656 831 3013 906 mancipari?
3033 834 3239 888 Dicant
3257 851 3360 889 cur
3375 849 3541 889 sacer
3562 831 3661 906 ille
3677 838 3864 889 cactus

2209 905 2417 962 tumin
2442 905 2872 962 incontinentes
2891 912 2948 960 et
2967 905 3024 959 in
3052 906 3436 971 incestuosos,
3459 911 3589 960 tum
3615 905 3675 959 in
3699 907 3862 961 leno-

2213 986 2384 1034 neset
2401 986 2705 1050 corruptas
2728 978 3020 1050 mulieres,
3037 977 3430 1050 impudicitiae
3449 975 3754 1050 religionis
3777 995 3862 1033 re-

2210 1051 2324 1106 bus
2345 1047 2682 1120 miscentes,
2704 1047 3216 1120 animadverterit?
3238 1050 3297 1104 Si
3319 1049 3535 1120 injuria
3552 1047 3612 1103 id
3638 1050 3866 1104 factum

2213 1137 2342 1177 esse
2368 1119 2876 1193 suspicemur,cur
2897 1119 3196 1193 aRomani
3219 1119 3419 1192 populi
3441 1124 3801 1189 senatu,cur
3827 1137 3870 1193 Aa

2213 1191 2675 1265 Romana—plebe,
2689 1209 2793 1265 cur
2807 1192 3042 1265 tandem
3060 1208 3163 1265 per
3183 1191 3594 1265 imperatorem
3616 1208 3737 1247 non
3758 1191 3869 1247 fuit

2214 1261 2637 1320 reclamatum?
2677 1264 2818 1320 Jure
2845 1279 2980 1335 ergo
3012 1261 3204 1335 divino
3255 1261 3516 1335 Ecclesiae
3564 1267 3867 1335 pastores,

2215 1345 2422 1406 quarto
2453 1342 2510 1392 et
2529 1337 2735 1407 quinto
2761 1336 2887 1405 jam
2916 1333 3148 1407 saeculis
3168 1333 3868 1407 currentibus,'indiscri-

2214 1405 2485 1463 minutim
2516 1405 2696 1479 super
2721 1423 2929 1462 omnes
2977 1406 3299 1479 baptizatos
3349 1405 3669 1479 ulciscendi
3699 1412 3874 1478 pote-

2215 1485 2422 1534 statem
2446 1477 2850 1545 exercuerunt,
2867 1483 2934 1532 ut
2948 1494 3148 1532 eorum
3173 1477 3510 1533 cohiberent
3528 1477 3870 1548 audaciam,

2214 1552 2311 1622 qui
2347 1568 2380 1606 a
2413 1553 2625 1622 pietate
2654 1567 2794 1622 erga
2822 1565 3019 1604 verum
3061 1554 3242 1622 Deum
3275 1549 3643 1622 defecerant?

2283 1624 2336 1676 5.
2361 1620 2571 1703 _Yerum
2595 1620 2845 1703 cum'res
2866 1627 2983 1676 tam
3013 1620 3342 1703 manifestis
3363 1620 3656 1703 exemplis.
3677 1636 3870 1692 argu-

2216 1695 2544 1763 mentisque
2566 1693 2815 1764 eluceat,
2835 1709 2948 1748 non
2972 1697 3061 1748 est
3081 1709 3184 1746 cur
3201 1691 3260 1746 in
3282 1708 3349 1747 ea
3370 1691 3619 1764 amplius
3641 1691 3872 1747 immo—

2215 1781 2432 1821 remur.
2455 1769 2572 1820 Duo
2598 1781 2729 1820 vero
2760 1763 2880 1831 illa,
2906 1779 3120 1835 magna
3149 1770 3660 1836 monumentorum
3692 1763 3875 1836 cupis

2214 1843 2272 1890 et
2293 1838 2585 1892 rationum
2612 1836 2863 1908 pondere
2883 1835 3475 1908 hactenusdiscussa,
3496 1836 3750 1890 tertium
3772 1852 3874 1891 ex-

2215 1908 2376 1978 cipit,
2413 1905 2825 1963 sincerissima:
2865 1908 3119 1961 veritatis
3165 1905 3293 1962 luce
3325 1907 3719 1978 undequaque
3775 1925 3874 1962 ra-

2216 1981 2406 2061 dians,
2429 1998 2494 2034 ex
2519 1996 2632 2049 quo
2664 1980 2834 2061 prius.
2855 1995 3049 2061 rerum
3082 1979 3666 2061 gestarum‘ordinem
3698 1984 3873 2061 pate-

2216 2052 2655 2115 facientes,tum
2678 2051 2907 2120 publice
2924 2052 3133 2104 factam
3159 2050 3875 2105 aManichaeiscriininum

2214 2123 2637 2178 confessionem
2654 2127 3097 2193 cognoscentes,
3111 2121 3309 2176 nullus
3326 2121 3573 2193 amplius
3586 2120 3880 2193 dubitano

2213 2195 2269 2249 di
2296 2195 2588 2265 supererit
2615 2191 2778 2248 locus
2810 2191 3785 2265 illius_Ecelesiasticaafdiscipline
3811 2194 3881 2248 de

2213 2281 2330 2336 qua
2373 2263 2605 2335 agimus
2637 2265 2694 2336 in
2727 2263 3052 2336 praesentia.
3086 2263 3771 2336 Quandoquidem—non
3811 2281 3880 2320 ex

2213 2335 2357 2392 solis
2389 2337 2622 2392 indiciis
2651 2335 2711 2390 in
2734 2335 2994 2391 medium
3025 2335 3331 2391 dumtaxat
3350 2335 3642 2402 adductis,
3671 2335 3780 2392 vel
3816 2353 3882 2392 ex

2211 2409 2455 2480 gravissi
2466 2409 2577 2463 mis
2588 2406 2761 2480 etiam
2777 2406 3116 2480 testimoniis
3131 2407 3587 2480 quaestiohabita
3597 2412 3697 2463 est
3713 2428 3732 2474 ;
3749 2410 3876 2475 sed,

2213 2478 2409 2536 rerum
2439 2480 2614 2551 longa
2643 2478 3011 2551 discussione
3035 2478 3359 2550 praemissa,
3378 2481 3463 2534 rei
3487 2495 3676 2551 coram
3715 2488 3878 2535 centu

2211 2553 2488 2606 sistentes
2521 2550 2604 2620 se,
2634 2550 3149 2622 interrogabantur
3198 2557 3256 2606 et
3303 2550 3774 2622 respondebant,
3824 2557 3881 2606 et

2211 2622 2423 2679 notarii
2455 2621 2566 2692 ipsi
2602 2622 2671 2676 ad
2715 2622 2824 2677 hoc
2853 2621 3038 2676 vocati
3085 2626 3217 2677 acta
3263 2621 3644 2692 excipiebant,
3679 2621 3780 2677 ita
3814 2629 3880 2677 ut

2211 2711 2447 2750 summa
2469 2692 2776 2764 diligentia
2796 2693 2996 2748 omnia
3014 2693 3313 2764 dogmata,
3334 2693 3531 2749 omnia
3551 2694 3879 2749 mendacia

2209 2771 2268 2821 et
2298 2763 2713 2836 turpitudines,
2737 2764 2936 2819 omnia
2955 2763 3211 2836 denique
3238 2763 3399 2820 illius
3425 2769 3593 2836 secta
3620 2765 3877 2835 infanda

2210 2833 2600 2902 sacramenta,
2630 2836 2909 2908 mysteria
2935 2841 2994 2890 et
3017 2833 3419 2892 solemnitates
3446 2835 3635 2908 reipsa
3667 2833 3875 2892 inves-

2207 2911 2394 2980 tigata
2423 2907 2738 2973 fuerint,-ut
2762 2907 2906 2962 nihil
2926 2911 3110 2980 minus
3128 2908 3393 2980 credulis,
3410 2908 3554 2963 nihil
3583 2907 3870 2963 obtrectao

2208 2979 2422 3036 toribus
2461 2980 2872 3050 relinqueretur
2924 2979 3267 3046 ambiguum.
3299 2979 3594 3043 Quantum
3651 2993 3868 3034 autem

2209 3053 2500 3122 ejusmodi
2529 3055 2672 3107 Acta
2688 3055 2893 3122 contra
2914 3057 3124 3104 nostris
3153 3050 3333 3122 hujus
3353 3051 3730 3122 tempestatis
3755 3052 3867 3105 ini-

2205 3141 2319 3179 nus
2345 3123 2592 3179 credulos
2618 3121 2702 3194 vel
2732 3122 3151 3194 obtrectatores
3179 3121 3374 3178 valere
3394 3121 3640 3194 possint,
3663 3125 3870 3177 nemi-

2205 3212 2338 3252 nem
2372 3211 2620 3267 prorsus
2643 3193 3119 3267 laterearbitror.

2277 3260 2761 3336 Quandoquidem
2783 3263 3234 3320 Manichaeorum
3259 3261 3508 3336 crimina
3531 3278 3646 3317 non
3680 3260 3747 3317 in
3774 3278 3862 3317 se-

2205 3343 2363 3393 creta
2394 3335 2649 3408 quadam
2681 3342 2738 3391 et
2769 3352 2982 3391 arcana
3025 3335 3411 3408 confessione,
3433 3350 3631 3408 quam_
3654 3350 3862 3408 sacra-

2205 3405 2499 3465 mentalem
2528 3408 2917 3479 appellamus,
2945 3407 3501 3479 reseratadl'uerunt;
3532 3405 3632 3479 sed
3665 3405 3732 3460 in
3769 3421 3864 3460 ex-

2205 3487 2373 3536 terno
2405 3476 2770 3550 soleninique
2805 3478 3164 3548 judiciorum
3188 3477 3320 3550 foro
3350 3476 3638 3550 totusille
3668 3482 3860 3532 cestus

2205 3554 2451 3624 excepit,
2465 3556 2523 3624 et
2545 3551 2617 3624 ab
2635 3546 3046 3624 ecclesiasticis
3064 3548 3276 3624 scribis
3288 3550 3357 3624 in
3367 3546 3602 3624 tabulas
3621 3556 3862 3603 exarata

2208 3629 2294 3688 (ut
2314 3619 2486 3679 antea
2508 3622 2565 3676 in
2587 3620 2843 3677 Ecclesia
2859 3621 3300 3692 Carthaginensi
3325 3623 3360 3675 Ι
3376 3619 3476 3676 58
3495 3619 3720 3692 factum
3744 3623 3859 3674 fue-

2208 3696 2342 3762 rat),
2367 3712 2494 3766 quae
2516 3695 2750 3766 tandem
2779 3694 2850 3766 ad
2874 3690 3252 3766 posterorum
3284 3691 3630 3766 memoriam
3662 3690 3725 3766 l1]
3749 3695 3860 3766 130-

2209 3761 2401 3822 manai
2424 3765 2693 3822 Ecclesiae
2724 3761 2975 3820 archivis
2999 3764 3200 3836 reponi
3247 3768 3320 3836 et_
3339 3762 3622 3818 custodiri
3644 3761 3731 3836 _S.
3762 3763 3861 3836 Leo

2209 3839 2528 3903 mandavit,
2548 3837 2702 3893 sicut
2723 3836 2849 3907 ipse
2871 3852 2986 3891 non
3008 3833 3211 3904 semel,
3230 3839 3286 3890 et
3308 3833 3543 3907 iterum,
3558 3833 3672 3907 sed
3685 3833 3861 3888 tertio

2209 3908 2416 3965 saltem
2448 3909 2506 3964 in
2531 3909 2656 3963 suis
2679 3904 2915 3978 scriptis
2938 3913 3184 3962 testatus
3215 3909 3326 3961 est.
3351 3904 3864 3978 Sermoneitaque

2210 3981 2428 4052 pluries
2453 3980 2689 4036 laudato
2713 3976 2931 4033 dicitur
2952 3979 3022 4052 (fc)
3044 3996 3055 4033 :
3080 3979 3344 4036 Omnium
3369 3994 3473 4046 par
3498 3979 3611 4047 fuit
3639 3976 3857 4052 horum,

2206 4046 2255 4108 et
2286 4070 2398 4107 una
2425 4053 2710 4122 confessio.
2736 4055 2787 4105 et
2811 4046 3151 4121 patefactum
3193 4051 3311 4122 (uiti
3329 4046 3697 4111 exsecratum,
3720 4046 3861 4122 quod

2206 4141 2376 4179 aures
2403 4119 2608 4178 nostra:
2637 4124 2732 4177 vix
2775 4119 2920 4191 terre
2939 4119 3263 4190 potuerunt.
3286 4121 3359 4175 De
3383 4136 3490 4190 quo
3519 4135 3587 4174 ne
3614 4119 3858 4191 apertius

2208 4196 2487 4264 loquentes
2514 4198 2688 4249 castos
2715 4191 3064 4264 olfendamus
3094 4192 3342 4257 auditus,
3363 4200 3648 4264 gestorum
3691 4191 3862 4264 docu-

2206 4262 2391 4322 menta
2418 4267 2708 4336 su/ﬁciunl
2737 4262 2774 4318 ,⁵⁷
2795 4265 2992 4335 quibus
3031 4264 3348 4336 plenissime
3379 4263 3614 4317 a'ocetur
3638 4262 3862 4336 nullam

2208 4341 2269 4393 in
2301 4338 2400 4392 hac
2427 4333 2570 4394 secta
2609 4333 2958 4407 pudicitiam,
2991 4333 3206 4390 nullam
3251 4335 3610 4401 honestatem,
3639 4333 3859 4407 natlem

2201 4413 2434 4481 penitus,
2471 4403 2708 4481 reperiri
2749 4409 3326 4481 castitatem,inqua
3371 4407 3589 4481 (ει-βδε-
3625 4403 3858 4481 menda-

2205 4475 2375 4543 cium.
2405 4475 2653 4535 diabolus
2697 4479 2913 4548 religio,
2959 4475 3297 4546 sacriﬁcium
3337 4475 3642 4548 turpitudo.
3669 4475 3848 4531 Sum-

2207 4553 2413 4608 matim
2445 4551 2540 4606 hic
2570 4557 2626 4605 et
2657 4547 2834 4605 veluti
2867 4550 2926 4604 in
2956 4549 3302 4619 compendio
3331 4547 3458 4618 quis
3493 4547 3548 4602 in
3570 4549 3855 4619 Actorum

2205 4623 2606 4679 monumentis
2644 4618 3165 4677 continebantur’S
3221 4620 3482 4691 pontifex
3515 4618 3853 4691 annuntiat.

2202 4696 2312 4750 Sed
2337 4711 2512 4750 serm.
2537 4694 2568 4747 4
2590 4695 2660 4764 de
2683 4692 3011 4764 Epiphania
3031 4689 3237 4764 capies,
3258 4689 3561 4746 recensitis
3591 4689 3850 4764 primum

2203 4765 2407 4821 multis
2426 4759 2873 4820 Manichaeorum
2903 4759 3302 4835 dogmatibus,
3329 4763 3542 4818 iterum
3569 4759 3807 4835 subiicit
3834 4777 3852 4814 :

2199 4840 2386 4894 Prosit
2413 4839 2687 4893 universae
2734 4830 3160 4903 Ecclesia-quod
3209 4835 3380 4890 mulli
3428 4830 3849 4905 ipsorumiMa-f

2200 4909 2554 4965 nichaaorum
2611 4907 2932 4972 videlicet),
2983 4901 3210 4961 Domino
3268 4901 3592 4968 miserante,
3647 4901 3853 4956 detecti

2195 4991 2344 5047 sunt,
2375 4985 2427 5036 et
2457 4982 2515 5034 in
2543 4979 2738 5049 quibus
2767 4979 3081 5046 sacrilegiis
3115 4979 3359 5032 viverent
3387 4974 3695 5049 earumdem
3715 4988 3848 5049 sen-

2194 5045 2436 5123 fessione
2462 5045 2791 5122 patefactum
2820 5052 2919 5123 est.
2944 5045 3009 5104 Et
3037 5064 3246 5123 rursus
3273 5048 3603 5123 sermones
3636 5045 3699 5123 de
3725 5047 3848 5123 iis:

2196 5114 2595 5192 tivitatefcap:
2637 5123 2689 5189 4,
2733 5120 2984 5176 scribit:
3021 5119 3127 5187 Qui
3151 5124 3358 5189 praeter
3407 5114 3844 5192 omniardiaboli

2187 5197 2398 5267 probra
2425 5188 2738 5259 commenti,
2769 5195 2828 5248 in
2873 5193 2988 5262 ipso
3016 5188 3298 5267 praecipuo
3326 5188 3686 5267 observantia?
3708 5198 3837 5267 sua;

2189 5259 2350 5338 'festo,
2373 5267 2512 5321 sicut
2540 5266 2791 5335 proxima
2811 5259 2996 5338 eorum
3016 5259 3359 5338 confessione
3378 5264 3698 5338 patefaciunt
3718 5259 3830 5322 est,

2188 5331 2250 5395 ut
2277 5331 2456 5394 animi
2487 5331 2564 5392 ita
2595 5340 2648 5391 et
2675 5336 2918 5405 corporis
2942 5331 3246 5406 pollutione
3279 5331 3559 5406 testantur,
3580 5331 3639 5386 Et
3659 5331 3709 5381 in
3731 5340 3831 5406 se.

2187 5412 2378 5466 cundo
2401 5409 2470 5466 de
2489 5401 3143 5478 Pentecoste,explicato
3162 5404 3263 5462 SS.
3284 5403 3593 5462 Trinitatis
3613 5401 3826 5468 myste-

2184 5519 2314 5590 ejus
2343 5513 2646 5644 egistolam
2679 5515 2751 5569 ad
2784 5511 3280 5594 Quodvultdeum.

2184 5590 2328 5661 “(0)
2417 5603 2562 5661 erm.
2613 5586 2647 5642 li
2694 5586 2766 5642 de
2821 5585 3058 5661 J‘ejunip
3115 5583 3280 5661 decin

2417 5569 2567 5644 tim;
2613 5586 2647 5642 ιι
2694 5586 2766 5642 de
2795 5569 3058 5656 "Jejunio
3115 5581 3330 5638 decimi
3391 5579 3611 5656 magis
3647 5569 3828 5656 ein.

2179 5643 2601 5735 Elee'mosynis.
2623 5661 2810 5717 Serm.
2839 5643 2977 5715 2"de
3007 5656 3348 5715 Pentecoste
3375 5653 3562 5730 capite
3587 5650 3619 5708 4
3643 5649 3694 5704 et
3718 5643 3777 5702 6.
