4016 6166
197 198 301 260 961

908 192 1010 253 DE
1053 193 1660 257 MANICHAEORUM
1707 190 2012 255 HIERESI
2058 194 2157 254 ΕΤ
2203 194 2578 256 HISTORIA
2625 195 2767 257 UB.
2815 195 2892 257 ll.

3483 201 3605 262 962

195 328 516 403 exagitatus
546 325 1006 403 adversitatibm
1051 326 1421 403 fungebatur,
1454 328 1613 385 istud
1661 328 1839 385 etiam
1874 334 1925 401 Α
1958 342 2135 398 quam
2167 326 2520 403 catholicum
2554 328 2873 402 principem
2908 328 3247 402 aggreditur
3274 333 3331 386 et
3359 329 3605 403 alloqui-

196 399 322 460 suaa—
344 399 750 474 sincerae‘ﬁdei
783 399 1083 470 publicum
1133 400 1535 456 testimonium
1563 418 1840 474 exposce-

198 477 293 531 bat
323 479 388 528 ut
415 471 645 527 cunctis
692 471 1087 527 innotesceret
1116 478 1403 543 quantum
1455 475 1586 541 ejus
1612 471 1847 529 animus

198 564 229 603 a
259 545 618 601 Manichaico
665 543 937 614 dogmate
988 543 1241 612 abesset,
1276 550 1683 616 quantumque
1728 562 1849 601 sec-

194 626 313 675 tam
344 616 508 672 illam
567 615 1024 671 exhorresceret.

263 691 319 743 7.
348 686 654 744 Neminem
682 688 919 741 tandem
952 686 1131 743 latere
1154 686 1532 754 arbitramur,
1564 686 1720 743 inter
1748 704 1849 742 caa-

195 766 348 816 teras
373 759 700 815 calumnias
732 761 805 813 ab
827 759 1080 813 adversis
1106 758 1375 813 factionis
1403 759 1580 814 livore
1611 765 1667 814 et
1700 759 1845 814 invi-

196 834 294 888 dia
333 836 533 887 sancto
579 830 835 901 pontiﬁci
893 830 1245 900 Symmacho
1295 837 1685 897 constructas,
1719 848 1848 887 eam

198 921 314 960 non
346 904 616 957 inﬁmum
642 901 918 957 habuisse
939 904 1151 967 locum,
1175 919 1292 973 qua
1308 902 1484 957 veluti
1506 902 1848 959 Manichaici

196 976 489 1047 dogmatis
521 989 655 1028 reus
682 989 785 1047 per
802 972 1111 1047 impiorum
1136 972 1440 1047 hominum
1464 990 1566 1029 ora
1587 975 1851 1029 traduce-

196 1045 391 1103 batur.
416 1046 601 1110 Quam
634 1045 873 1115 quidem
893 1045 1281 1116 turpitudinis
1300 1046 1562 1116 laesaaque
1584 1047 1718 1100 ﬁdei
1743 1063 1850 1102 uo-

198 1125 328 1197 tam
354 1118 640 1197 italonge
672 1116 917 1197 late-que
944 1120 1073 1197 ejus
1124 1116 1348 1197 inimici
1380 1118 1850 1197 en‘untiaverant,

194 1197 259 1247 ut
289 1188 860 1259 Constantinogolim
877 1189 1186 1260 Anastasii
1212 1190 1585 1260 imperatoris
1606 1191 1849 1245 Acacia-

193 1280 283 1318 nm
319 1267 375 1317 et
402 1260 720 1316 Severiana
754 1259 1023 1315 factionis
1047 1261 1276 1332 patroni
1300 1259 1473 1316 aures
1507 1267 1849 1332 penetrave-

194 1334 293 1389 rit.
330 1338 454 1400 Qua
478 1333 549 1386 de
576 1349 773 1397 causa,
803 1337 865 1385 ut
889 1332 1043 1388 idem
1075 1333 1423 1387 Anastasius
1447 1333 1849 1387 excommuni-

193 1405 448 1462 cationis
495 1402 849 1476 sententiam
900 1404 957 1457 in
1011 1419 1145 1458 eum
1197 1421 1229 1457 a
1275 1405 1623 1476 Symmacho
1669 1405 1849 1476 latam

192 1477 481 1541 eluderet,
498 1481 673 1547 atque
687 1474 913 1529 facilius
932 1474 1353 1547 contemneret,
1372 1482 1572 1530 sancto
1594 1475 1853 1547 pontiﬁci

193 1548 613 1622 gravissimum
641 1546 815 1622 hocce
840 1548 1066 1622 facinus
1082 1546 1265 1603 multa
1278 1546 1683 1622 increpatione
1700 1548 1851 1622 obii-_-

193 1618 838 1690 ciebat.Symmachum
859 1618 1042 1690 igitur
1060 1619 1314 1689 oportuit
1331 1618 1565 1690 publica
1585 1636 1701 1673 suae
1717 1618 1852 1673 ﬁdei

199 1688 550 1773 testimonia
579 1688 1440 1773 egrhibereCExhihuitautem,
1473 1706 1630 1773 cum,
1664 1690 1853 1773 Mani-
1889 1710 1935 1773 Β
1966 1691 2125 1773 rator
2153 1688 2211 1740 in

192 1763 377 1819 chzeis
408 1762 469 1817 in
502 1760 769 1815 exsilium
805 1763 1162 1829 amandatis,
1188 1762 1398 1818 horum
1432 1762 1658 1817 codices
1691 1768 1745 1817 et
1779 1763 1857 1817 si-

193 1834 469 1890 mulacra
501 1832 711 1887 delevit
739 1834 836 1901 (α).

272 1908 462 1961 Hocce
486 1921 619 1959 vero
650 1920 767 1958 suas
801 1903 933 1958 ﬁdei
969 1903 1268 1974 publicum
1302 1903 1709 1958 testimonium
1734 1919 1860 1957 om-

191 1993 335 2032 nem
370 1992 541 2049 posse
593 1975 815 2049 diluere
869 1974 1229 2049 calumniam
1280 1976 1671 2049 Symmachus
1708 1992 1861 2049 papa

194 2046 452 2103 minime
483 2052 571 2103 est
592 2047 937 2102 arbitratus.
972 2047 1118 2101 Nam
1142 2063 1275 2101 cum
1310 2051 1380 2101 ab
1407 2046 1714 2101 Anastasio
1746 2048 1858 2100 im-

195 2127 474 2192 peratore
496 2120 783 2192 famosum
816 2117 1081 2192 libellum
1099 2119 1510 2192 conscriptum
1533 2117 1858 2192 intellexis-

200 2190 326 2255 set,
349 2208 464 2263 quo
486 2190 825 2263 maledictis
844 2190 1350 2263 proscindebatur,
1372 2196 1430 2245 et
1459 2190 1637 2263 veluti
1673 2190 1857 2244 Mani-

188 2264 262 2320 ch
283 2260 409 2318 eus
432 2263 585 2333 apud
612 2263 771 2333 ipsos
794 2260 1115 2316 Orientales
1141 2267 1196 2315 et
1217 2261 1362 2316 alios
1386 2262 1632 2332 populos
1655 2263 1859 2315 tradu-

188 2280 262 2320 cn
283 2281 409 2318 eus
432 2281 462 2318 a
512 2280 585 2316 uo
612 2280 771 2333 ipsos
794 2280 1115 2316 urieniaies
1141 2280 1196 2315 et
1217 2280 1362 2316 auos
1386 2280 1632 2332 pOpUIOS
1655 2280 1859 2315 tradu-

186 2280 614 2397 cebaturjiuic
641 2332 836 2388 libello
863 2333 1222 2404 apologetico
1247 2349 1350 2404 pro
1373 2349 1433 2387 se
1458 2334 1583 2403 ipso
1597 2333 1861 2387 oratione

186 2407 477 2471 occurrit,
502 2405 857 2477 penitusque
883 2403 1119 2477 omnem
1137 2403 1509 2477 Manichaicae
1546 2404 1695 2458 labis
1719 2421 1855 2477 sus-

225 2475 1003 2558 iciqnempurgavit‘atque
1034 2475 1266 2558 delevit.
1290 2476 1429 2558 _Jam
1461 2491 1594 2558 vero
1626 2492 1755 2558 quas
1786 2476 1858 2558 de

185 2496 490 2604 Etcnonem
526 2496 797 2558 purgavn.
827 2496 1003 2557 atque
1034 2496 1266 2558 OCIBYH.
1297 2496 1429 2530 dam
1461 2496 1594 2530 vero
1626 2496 1755 2546 quae
1786 2496 1857 2558 (ξθ

225 2567 304 2605 ac
333 2547 670 2622 Symmachi
704 2546 1065 2622 apologetIca
1094 2547 1343 2617 epistola
1373 2552 1429 2622 et
1452 2548 1523 2602 de
1543 2550 1857 2622 Anastasno

184 2618 572 2693 imperatore
588 2618 1043 2693 Manichaeorum
1063 2624 1322 2693 _patrono
1372 2619 1617 2693 dicenda
1648 2634 1853 2691 super-

183 2690 359 2761 sunt,
396 2708 526 2747 mox
560 2690 620 2745 in
648 2690 917 2762 sequenti
948 2690 1380 2763 explicabimus
1412 2691 1623 2762 capite.

715 2787 868 2841 I79
911 2787 1143 2844 CAPUT
1182 2789 1327 2844 XlIl.

181 2880 261 2934 De
293 2874 621 2946 Symmachi
645 2893 800 2946 papae
821 2877 1168 2949 apologetica
1196 2878 1438 2948 epistola
1469 2877 1733 2932 adversus
1758 2878 1853 2947 fa-

255 2964 449 3003 mosos
479 2950 829 3017 imperatoris
865 2950 1145 3003 Anastasii
1177 2949 1412 3005 libellos.
1439 2951 1587 3004 Idem
1619 2952 1849 3019 impera-

257 3026 359 3075 tor
385 3020 683 3073 mullorum
716 3022 1101 3075 tuereticorum
1130 3021 1330 3074 vindex
1358 3030 1411 3077 et
1443 3022 1852 3091 [autor,retiam

258 3094 540 3148 chaiam
572 3092 1005 3147 Manichaeorum
1022 3094 1328 3163 principem
1355 3096 1411 3147 in
1443 3077 1597 3145 suam
1621 3077 1853 3146 cliente-
1885 3077 1929 3143 C

262 3165 388 3217 lam
420 3165 635 3232 recepit.
670 3164 754 3217 Ex
783 3163 978 3234 quibus
1016 3164 1234 3217 tandem
1279 3168 1616 3218 occasionem
1643 3164 1858 3231 arripi-

258 3250 396 3289 mus
428 3238 488 3287 ut
516 3234 765 3304 ejusdem
797 3235 1019 3289 Xenaiae
1050 3251 1246 3301 mores,
1282 3237 1597 3290 institutum
1645 3242 1695 3289 et
1719 3236 1859 3288 scri-

254 3310 369 3378 pta
396 3307 593 3377 paucis
622 3306 1015 3376 expendamus.

264 3405 323 3457 1.
342 3402 679 3473 Symmachi
703 3420 863 3474 papae
888 3402 1103 3457 famam
1126 3419 1448 3474 numquam
1474 3402 1708 3473 gravius
1730 3403 1858 3469 ejus

188 3475 408 3530 hostes
440 3474 727 3538 laeserant,
767 3490 944 3545 quam
978 3491 1110 3530 cum
1137 3491 1267 3529 eum
1303 3474 1477 3530 veluti
1509 3474 1859 3529 Manichaici

186 3546 499 3618 dogmatis
530 3551 881 3618 assertorem
932 3561 1035 3618 per
1065 3546 1387 3601 multorum
1421 3563 1522 3601 ora
1552 3546 1861 3618 traducere

188 3616 329 3673 ausi
366 3622 524 3672 sunt.
561 3617 618 3671 Id
646 3616 1017 3688 potissimum
1039 3618 1377 3672 evenitcum
1406 3620 1667 3671 famosus
1691 3616 1859 3671 libel-

186 3691 289 3745 lus
330 3690 405 3743 ab
421 3690 740 3760 Anastasio
776 3690 1125 3760 imperatore
1146 3690 1204 3744 in
1228 3695 1495 3744 sanctum
1523 3689 1859 3758 pontiﬁcem

186 3759 599 3833 conscriptus,
632 3761 837 3817 multis
864 3759 1103 3832 quidem
1154 3763 1384 3833 probris
1416 3761 1862 3833 maledictisque

189 3832 776 3914 refertus,quibus§.
802 3832 1387 3914 pontifex‘tamquam
1414 3832 1735 3914 multorum
1757 3832 1864 3914 erit

190 3904 665 3959 minume-Haases
684 3903 816 3958 ﬁdei
838 3921 971 3959 reus
994 3904 1185 3975 palam
1213 3903 1649 3959 traducebatur.
1680 3910 1735 3975 tn
1759 3903 1861 3975 tali

190 3992 344 4048 ergo
367 3974 529 4046 gravi
547 3975 885 4048 discrimine
899 3974 1395 4047 positus,famosis
1417 3975 1679 4030 lustratis
1698 3974 1863 4048 libel-

190 4046 295 4111 lis,
333 4062 525 4117 neque
555 4047 687 4101 odio
736 4052 837 4101 aut
886 4046 1189 4102 iracundia
1227 4053 1557 4102 commotus
1583 4051 1692 4101 est.
1729 4046 1863 4111 Sed,

190 4119 294 4175 sui
321 4119 595 4190 muneris
615 4120 877 4189 partibus
898 4120 1092 4190 potius
1111 4118 1558 4189 apostolicaeque
1582 4118 1737 4190 sedis
1760 4117 1865 4172 ho-

193 4188 336 4246 nori
365 4188 703 4252 consulens,
729 4188 1051 4261 numquam
1078 4188 1505 4245 de’ulciscenda
1537 4189 1753 4258 injuria
1779 4204 1869 4244 re-

191 4261 502 4331 cogitans,
521 4262 725 4315 stricto
752 4260 978 4317 calamo
997 4262 1155 4316 illam
1176 4260 1461 4316 celebrem
1489 4260 1727 4331 scripsit
1748 4261 1871 4329 epi-

191 4279 502 4387 coguans,
521 4279 725 4315 εει-ιοιο
752 4279 978 4317 calamo
997 4279 1155 4316 illam
1176 4279 1461 4316 celebrem
1489 4279 1727 4331 scripsit
1748 4279 1871 4329 epi-

191 4339 293 4389 sto
326 4348 581 4401 am,qua
599 4349 912 4388 occurrens
942 4335 1163 4388 famoso
1180 4332 1469 4387 Anastasii
1498 4330 1871 4402 imperatoris

189 4402 701 4473 libello,singulas
726 4405 781 4458 in
800 4404 905 4459 hoc
928 4410 1234 4460 contentas
1256 4403 1584 4459 calumnias
1599 4404 1869 4474 purgavit

191 4482 392 4548 atque
413 4491 655 4548 prorsus
678 4476 906 4530 delevit.
928 4477 996 4530 Et
1017 4477 1199 4548 primo
1224 4477 1464 4548 quidem
1482 4473 1866 4530 suze'catboli-

194 4546 299 4602 cae
319 4546 815 4619 ﬁdeirapologiam
851 4548 923 4602 ab
954 4546 1218 4619 exemplo
1246 4546 1378 4603 octo
1413 4547 1691 4601 librorum
1720 4561 1867 4618 quos

190 4617 561 4675 Ambrosius
583 4620 655 4673 ad
671 4620 1009 4674 Gratianum
1030 4617 1438 4689 imperatorem
1456 4617 1771 4689 scripserat
1784 4634 1875 4672 or-

193 4707 311 4745 sus
346 4694 459 4756 est,
492 4706 622 4759 quia
654 4690 816 4744 illum
847 4706 955 4744 non
978 4692 1158 4761 piguit
1182 4692 1449 4759 gloriosus
1468 4691 1797 4760 praedicare,
1817 4690 1870 4761 et

195 4762 523 4844 imperator
541 4777 660 4844 non
697 4759 986 4844 fastidiuit
1024 4759 1336 4844 qi-atanterh
1360 4763 1635 4844 accipere.
1674 4759 1869 4844 [animi

194 4832 431 4916 deinde
454 4832 552 4916 sui
578 4834 755 4887 robur
777 4834 1284 4916 constantiamque
1390 4834 1549 4916 ponti
1562 4835 1648 4916 ἵεις
1673 4834 1747 4903 (b)
1773 4847 1871 4916 pa:

193 4904 330 4959 lam
355 4902 643 4976 tacit,qua
665 4920 857 4959 coram
886 4910 1132 4976 tyranno
1156 4901 1757 4975 ethnico‘imperatOre
1773 4901 1870 4976 illi

197 4980 469 5032 mortem
504 4974 831 5031 intentante
863 4974 927 5031 se
955 4976 1160 5031 sistere
1184 4994 1297 5031 non
1331 4974 1689 5043 formidaret,
1724 4974 1870 5029 illud

195 5046 606 5118 apostolicum
640 5046 798 5102 Pauli
837 5049 1126 5103 monitum
1154 5053 1344 5103 mente
1377 5047 1694 5112 revoltens,
1718 5052 1774 5101 et
1798 5046 1870 5100 ad

194 5118 720 5190 illudprovocans
756 5135 768 5173 :
811 5121 893 5174 Vae
936 5119 1079 5173 mihi
1106 5119 1234 5190 (ait)
1276 5120 1325 5173 si
1369 5134 1478 5173 non
1522 5118 1871 5190 euangelizar-

192 5204 342 5245 vero
358 5188 444 5261 (ε)
468 5205 488 5249 .'
523 5191 832 5261 meliusque
860 5199 939 5245 est
995 5193 1054 5245 in
1084 5188 1366 5253 iacturam
1411 5192 1540 5245 vitae
1583 5189 1875 5261 praesentis

193 5260 480 5332 incidere,
514 5278 677 5332 quam
708 5259 1044 5330 sempiterna
1074 5262 1433 5315 damnatione
1456 5260 1650 5332 puniri
1678 5259 1777 5332 (ά).

275 5333 337 5385 2.
372 5331 447 5405 Ut
478 5331 649 5401 plano
682 5334 891 5389 deinde
923 5334 1108 5405 gradu
1141 5338 1197 5387 et
1225 5331 1587 5387 sensim’sua
1609 5331 1875 5386 oratione

194 5403 537 5469 incederet,
571 5405 628 5460 in
662 5406 863 5460 eadem
889 5403 1067 5460 αἱ]ἱωὶ
1104 5404 1381 5459 ﬁrmitate
1412 5408 1703 5473 perstans,
1731 5406 1874 5457 Ana-

192 5474 470 5531 stasium
503 5475 679 5531 veluti
715 5477 1117 5533 Romanorum
1152 5476 1591 5548 imperatorem,
1624 5480 1682 5530 et
1724 5478 1873 5530 tam-

232 5579 361 5665 "(aj
391 5579 642 5638 Consule
676 5582 852 5638 etiam
878 5600 1004 5655 quae
1030 5584 1154 5655 jam
1187 5582 1445 5639 diximus
1477 5598 1606 5655 cap.
1633 5582 1663 5636 4
1696 5581 1876 5654 hujus

197 5653 781 5877 :Eéjﬁgqlogetica
837 5725 1083 5800 epistola
1140 5728 1330 5785 exstat
1384 5728 1530 5785 tom.
1590 5728 1641 5783 ν
1696 5725 1874 5788 Cons.

1958 407 2075 474 tur,
2110 406 2173 453 ut
2204 400 2468 474 videlicet
2502 400 2695 472 partes
2737 400 2867 457 illas
2898 400 3183 469 assumat,
3219 400 3604 474 quemadmo-

1956 472 2095 525 dum
2129 473 2295 526 etiam
2328 473 2697 528 barbararum
2722 477 3017 528 nationum
3041 472 3337 543 legationes
3359 474 3607 531 clemen-

1952 547 2035 597 ter
2090 544 2381 618 admittere
2436 548 2730 614 consuevit,
2779 554 2831 599 et
2887 547 3304 618 qualiscumque
3349 548 3610 618 pra’sulis

1954 616 2239 689 apostolici
2273 631 2449 689 uocem
2484 619 2756 687 patienter
2801 616 3015 673 audire.
3068 618 3133 672 Et
3164 616 3403 689 perinde
3434 619 3604 689 quasi

1955 686 2117 739 nullo
2136 686 2620 761 gravissimarum
2640 688 3070 761 calumniarum
3092 686 3209 744 ict'u
3232 695 3431 761 posset
3451 686 3609 761 com-

1957 761 2195 833 moveri,
2228 758 2619 833 eam_Domini
2652 760 3099 833 promissionem
3126 758 3350 827 recolit,
3387 778 3504 833 qua
3526 760 3609 816 di-

1958 828 2109 904 citur
2136 831 2290 904 apud
2328 828 2531 883 Matth.
2563 828 2685 897 (ei:
2712 830 2854 904 Cum
2884 848 2975 886 vos
3003 835 3273 902 persecuti
3300 828 3535 904 fuerint,
3559 843 3611 889 ct

1956 901 2202 975 dixerint
2235 916 2396 975 omne
2412 903 2617 955 malum
2644 903 2933 956 adversum
2966 901 3054 958 vas
3084 901 3309 975 propter
3329 901 3607 971 iusti/iam

1956 973 2401 1045 gaudete._Quod
2450 975 2687 1043 quidem
2732 974 2976 1028 interius
3009 973 3315 1045 gaudium,
3347 978 3605 1032 exterius

1958 1042 2335 1118 dissimulare
2364 1042 2513 1097 haud
2539 1050 2765 1114 potens,
2798 1042 3259 1102 benedictionem
3292 1064 3393 1118 pro
3428 1047 3605 1103 male-

1959 1116 2233 1184 dictione,
2270 1115 2772 1188 honoriﬁcentiam
2800 1134 2900 1188 pro
2932 1115 3323 1185 contumeliis,
3347 1120 3607 1175 charita-

1957 1192 2077 1261 tem
2109 1203 2212 1261 pro
2244 1187 2373 1241 odio
2406 1187 2741 1258 imperatori
2768 1187 2875 1244 sibi
2908 1188 3137 1245 infenso
3169 1192 3366 1245 studet
3396 1207 3605 1261 repen-

1959 1259 2136 1325 dere;
2190 1258 2385 1332 ipsum
2436 1265 2630 1314 tamen
2682 1261 3006 1316 admonens
3057 1270 3117 1317 ut
3168 1263 3348 1317 divini
3385 1258 3608 1332 judicia

1960 1331 2825 1405 praecaveretindignationem,
2864 1349 2933 1386 ne
2966 1338 3185 1403 quanto
3219 1335 3342 1405 ipse
3374 1331 3609 1405 gravius

1961 1402 2220 1455 otfensus
2271 1402 2520 1456 libenter
2562 1406 2917 1469 remittebat,
2951 1402 3112 1460 tanto
3160 1402 3497 1460 cumulatus
3536 1405 3608 1460 ab

1960 1472 2088 1546 ipso
2119 1472 2445 1546 otl'endente
2497 1490 2661 1545 pcena
2691 1476 3040 1546 exigeretur.
3103 1477 3222 1532 Non
3278 1477 3420 1532 nihil
3454 1477 3610 1533 hisce

1960 1544 2125 1598 addit
2155 1544 2225 1597 de
2257 1544 2513 1617 maximo
2545 1544 2821 1601 scandan
2844 1547 2900 1600 in
2926 1547 3180 1602 Ecclesia
3213 1554 3354 1604 tunc
3385 1554 3608 1617 exorto,

1960 1630 2092 1669 cum
2140 1619 2377 1740 propter
2409 1616 2695 1671 famosum
2746 1617 3031 1686 libellum,
3067 1635 3234 1689 quem
3271 1622 3393 1692 ipse
3426 1616 3611 1692 impeé

1966 1691 2125 1740 rator
2153 1688 2211 1740 in
2289 1686 2508 1740 cclesiaa
2532 1694 2707 1740 caput
2738 1691 3183 1740 conscripserat.
3218 1698 3340 1740 tum
3378 1698 3611 1740 nrnntar

2289 1686 2508 1764 cclesiaa
2532 1694 2707 1759 caput
2738 1686 3183 1764 conscripserat,
3218 1686 3340 1747 tum
3378 1686 3615 1764 prop-ter

1970 1758 2341 1834 anathemate
2373 1758 2681 1834 damnatas
2728 1761 2941 1830 Acacii,
2970 1758 3165 1817 Severi
3210 1770 3264 1818 et
3291 1758 3613 1834 Acephalo-

1971 1846 2099 1903 rum
2134 1830 2460 1899 opiniones,
2498 1832 2714 1901 quibus
2763 1835 3275 1903 patrocinabatur;
3327 1840 3385 1888 et
3408 1830 3615 1891 statim

1970 1902 2042 1956 ad
2070 1902 2246 1976 varia
2280 1908 2335 1954 δ.
2369 1906 2430 1954 Ρ.
2464 1908 2735 1976 provocat
2768 1902 3210 1976 scripturarum
3258 1907 3614 1973 testimonia,

1971 1978 2036 2049 ut
2066 1973 2201 2026 inde
2234 1972 2552 2049 imperator
2585 1974 2790 2029 harum
2826 1972 3232 2049 hraa'rcticarum
3267 1972 3617 2049 opinionum

1970 2045 2279 2121 depromat
2312 2044 2662 2121 t‘alsitatem._
2700 2048 2953 2121 Interim,
2991 2065 3122 2121 vero
3154 2064 3285 2103 cum
3307 2044 3618 2121 'pontiﬁcis

1969 2117 2221 2179 animus,
2258 2131 2369 2191 non
2404 2119 2667 2191 sucused
2700 2134 2820 2172 suae
2860 2120 3017 2174 sedis
3050 2120 3252 2175 honori
3289 2117 3615 2191 majestati-

1968 2203 2082 2263 que
2113 2189 2444 2257 prospicere
2477 2186 2631 2263 189
2661 2191 2889 2263 quarit,
2914 2208 2979 2263 ex
3010 2208 3076 2245 eo
3108 2192 3339 2246 vellicat
3362 2186 3419 2248 et
3448 2197 3618 2263 urget

1967 2259 2429 2336 imperatorem,,
2458 2260 2634 2328 quod,
2682 2262 2976 2336 humanis
3007 2263 3337 2335 divinisque
3386 2259 3616 2336 legibus

1968 2330 2201 2400 spretis,
2247 2345 2377 2383 cum
2429 2346 2643 2399 magno
2692 2332 3014 2401 imperialis
3060 2330 3283 2389 coronis
3334 2330 3616 2391 dedecore

1968 2401 2327 2474 accusatoris
2372 2401 2694 2474 e_t_judicis
2740 2409 2934 2474 partes
2986 2405 3266 2460 adversus
3312 2423 3613 2463 summum
3713 2412 3718 2417 '

1968 2472 2237 2549 Ecclesia
2256 2471 2589 2549 pontiﬁcem
2610 2471 2850 2549 subiret.
2870 2479 3175 2549 Propterea
3199 2494 3332 2531 eum
3352 2479 3615 2549 increpat

1968 2544 2229 2621 scribens
2264 2560 2276 2598 :
2312 2545 2603 2621 Dicisesse
2632 2560 2717 2621 me
2742 2544 3126 2621 Manichaéum.
3152 2549 3423 2619 Numquid
3438 2544 3610 2621 Euty-

1964 2615 2195 2691 chianus
2224 2616 2483 2691 sum,_v_el
2514 2617 2884 2691 Eutychianos
2915 2620 3165 2689 defendo,
3192 2615 3423 2690 quorum
3450 2615 3615 2691 furor

1962 2688 2216 2760 maxime
2243 2685 2670 2760 Mani'chworuin
2700 2685 3044 2760 suﬂragatur
3070 2685 3263 2747 errori.

2032 2758 2090 2812 3.
2122 2757 2246 2820 Qua
2267 2757 2501 2833 quidem
2527 2757 2801 2833 loquendi
2826 2757 3159 2831 t'ormula,et
3182 2761 3379 2817 ironia:
3398 2763 3607 2833 ﬁgura,

1964 2846 2078 2883 non
2112 2835 2341 2883 tantum
2377 2845 2438 2882 se
2468 2829 2689 2900 injuste
2717 2834 2787 2885 de
2824 2829 3186 2888 Manichaica
3228 2834 3357 2889 labe
3385 2829 3608 2889 indicat

1962 2900 2365 2977 insimulatum
2382 2901 2519 2977 _;_sed
2546 2902 2739 2977 ipsum
2763 2907 3138 2961 Anastasium
3158 2920 3394 2977 carpere
3417 2907 3606 2961 inten-

1961 2974 2067 3048 dit,
2093 2974 2192 3048 qui
2216 2972 2357 3048 dum
2382 2973 2758 3048 Eutychianie
2782 2977 3049 3047 praesidia
3072 2972 3404 3048 praestabat,
3429 2979 3607 3032 etiam

1965 3044 2301 3116 Manichmis
2340 3044 3016 3116 ipsispatrocinabatur,
3048 3044 3106 3104 in
3139 3064 3308 3104 suam
3340 3048 3611 3105 videlicet

1966 3114 2293 3189 clientelam
2318 3116 2542 3189 Xenaia
2561 3114 3131 3189 suscepto,qui,cum
3156 3120 3611 3178 Manichaeorum

1966 3192 2124 3241 esset
2148 3186 2443 3264 princeps,
2476 3186 2846 3264 imperatoris
2877 3186 3012 3264 erga
3036 3209 3098 3247 se
3128 3208 3387 3247 amorem
3422 3195 3612 3264 magis

1968 3266 2033 3335 et
2052 3258 2463 3335 magis_t'ov_ere
2496 3264 2787 3335 studebat,
2812 3258 3308 3335 Eutychianorum
3346 3258 3612 3335 partibus

1968 3328 2735 3404 adhzerendo.Symmachus
2756 3328 2955 3403 itaque
2974 3335 3041 3387 ad
3068 3328 3615 3404 delendasejusmo-

1968 3402 2024 3455 di
2050 3400 2482 3478 turpitudinum
2510 3406 2698 3478 notas,
2725 3400 2899 3478 atque
2923 3409 2987 3458 ut
3013 3400 3611 3478 Manichaicoﬁagitio

1970 3488 2031 3527 se
2053 3488 2374 3542 numquam
2392 3473 2704 3527 obnoxium
2725 3473 2905 3547 fuisse
2928 3473 3619 3547 ostenderet,urbemRo-

1968 3561 2125 3621 mam
2149 3549 2452 3621 tamquam
2475 3552 2685 3621 testem
2704 3546 3374 3621 appel_lat,provocatque
3387 3550 3455 3603 ad
3473 3566 3617 3621 apo-

1970 3616 2186 3689 stolicae
2220 3616 2377 3670 sedis
2408 3616 2646 3689 scrinia,
2672 3616 3347 3689 iniquibus'authentica
3376 3616 3614 3676 sincera:

1970 3688 2101 3742 tidei
2137 3693 2279 3742 Acta
2312 3688 3221 3754 asservabantur.Quoscumque
3252 3708 3386 3747 vero
3419 3693 3618 3747 minus

1971 3764 2169 3835 sancte
2185 3760 2255 3835 de
2272 3761 2400 3828 ejus
2418 3759 2695 3835 religione
2714 3761 3173 3835 iudicantes,aut
3195 3763 3403 3818 saltem
3424 3764 3619 3835 suspi-

1971 3832 2088 3885 cari
2122 3832 2401 3895 volentes,
2421 3832 2541 3885 suis
2574 3832 2733 3886 hisce
2756 3833 2988 3903 scriptis
3020 3835 3275 3897 lacessit,
3305 3840 3372 3889 ut
3395 3853 3505 3890 non
3534 3832 3621 3889 re-

1972 3903 2291 3956 tormident
2320 3918 2453 3957 cum
2488 3919 2554 3957 eo
2587 3907 3051 3960 concertationes
3083 3907 3415 3974 instituere,
3452 3910 3508 3961 et
3528 3907 3625 3962 ob-

1968 3976 2259 4048 jectorum
2292 3974 2399 4048 sibi
2446 3975 2756 4048 criminum
2813 3993 2975 4031 veras
3007 3978 3381 4047 probationes
3427 3976 3622 4048 palam

1975 4047 2252 4170 proferre,
2277 4046 2493 4115 alioqui
2523 4045 2694 4099 veluti
2722 4049 2973 4101 infames
2995 4045 3051 4101 et
3071 4045 3469 4103 conviciorum
3495 4065 3624 4103 reos

2020 4116 2277 4170 abendos
2308 4132 2432 4170 esse
2467 4116 2743 4170 declarat.
2780 4119 2915 4170 Eius
2946 4124 3138 4170 autem
3172 4120 3347 4170 verba
3372 4118 3465 4170 hic
3488 4120 3624 4170 sub-

2020 4116 2277 4170 abendos
2308 4132 2432 4170 esse
2467 4116 2743 4171 declarat.
2780 4119 2915 4185 Ejus
2946 4124 3138 4173 autem
3172 4120 3347 4173 verba
3372 4118 3465 4173 hic
3488 4120 3625 4173 sub-

1970 4188 2153 4261 jicere
2176 4204 2287 4240 non
2306 4187 2689 4261 incongruum
2712 4189 3122 4253 arbitror,utS.
3146 4189 3436 4261 pontiﬁcis
3455 4206 3629 4244 sensa

1978 4260 2241 4329 apprime
2263 4259 2538 4311 omnibus
2558 4258 2934 4314 innotescant
2959 4278 2971 4314 :
3001 4258 3165 4316 Roma
3183 4261 3325 4315 mihi
3352 4263 3509 4316 testis
3527 4270 3625 4330 est,

1979 4335 2030 4386 et
2058 4330 2267 4385 scrinia
2297 4332 2674 4402 testimonium
2703 4332 2985 4402 perhibent
3013 4338 3202 4387 utrum
3232 4350 3265 4388 a
3296 4332 3403 4402 ﬁde
3430 4332 3628 4387 catho-

1982 4404 2109 4465 lica,
2144 4416 2306 4470 quam
2336 4402 2396 4454 in
2422 4401 2545 4455 sede
2575 4401 2720 4456 beati
2747 4404 2986 4474 apostoli
3013 4407 3163 4459 Petri
3192 4401 3411 4460 veniens
3435 4420 3505 4458 ea:
3529 4421 3626 4473 pa-

1975 4474 2228 4542 ganilate
2255 4474 2486 4545 suscepi,
2509 4474 2697 4543 aliqua
2718 4490 2786 4529 ea:
2814 4484 2967 4545 parte
2985 4475 3342 4530 deviaverim.
3364 4475 3631 4531 Procedat

1976 4545 2199 4619 aliquis,
2232 4552 2281 4598 et
2301 4543 2486 4613 aliqua
2511 4548 2740 4619 ratione
2764 4543 3067 4619 convincat.
3116 4548 3337 4619 Alioqui
3375 4548 3630 4604 convicia

1976 4625 2104 4671 sunt
2136 4618 2258 4682 ista,
2291 4630 2401 4669 non
2431 4617 2734 4670 criminum
2763 4618 3137 4678 probamenta.

2050 4688 2100 4741 4.
2137 4688 2385 4741 Causam
2412 4704 2580 4741 suam
2605 4687 2811 4741 deinde
2836 4695 2964 4757 post
2986 4689 3107 4743 haec
3138 4688 3333 4743 divino
3356 4689 3628 4746 commit-

1978 4759 2049 4813 tit
2073 4758 2319 4827 judicio,
2354 4760 2524 4829 cujus
2546 4758 2784 4832 quidem
2804 4776 3098 4815 summam
3120 4761 3421 4831 sapientiae
3444 4762 3631 4832 provi-

1979 4832 2235 4883 dentiam
2271 4845 2333 4900 se
2364 4831 2657 4899 quondam
2692 4836 2994 4900 expertum
3019 4848 3150 4887 esse
3181 4831 3626 4889 commemorat.

1980 4902 2122 4975 Cum
2155 4899 2422 4975 videlicet
2468 4902 2524 4955 in
2558 4899 2887 4975 pontiﬁcem
2923 4902 3202 4975 legitimis
3251 4906 3628 4961 renuntiatus

1983 4970 3395 5047 suﬁ'ragiis,_ad‘_Constantinianam'proﬁciscens
3424 4977 3627 5033 basili-

1982 5060 2132 5120 cam,
2165 5042 2466 5120 pontiﬁcii
2498 5043 2762 5120 ordinem
2815 5042 3223 5120 suscepturus,
3255 5066 3329 5105 ne
3368 5049 3629 5120 lapidum

1986 5114 2171 5191 imbre
2204 5114 2548 5191 obrueretur
2578 5114 2725 5191 liber
2745 5116 2947 5191 evasit.
2980 5114 3285 5191 Propterea
3308 5114 3493 5175 Deum
3516 5118 3631 5174 sibi

1984 5184 2395 5261 Opitulatorem
2429 5202 2658 5261 semper
2698 5187 2907 5243 habere
2953 5184 3218 5261 sperans,
3252 5191 3396 5245 nihil
3428 5206 3629 5246 eorum

1984 5275 2113 5332 qua:
2132 5258 2239 5311 sibi
2267 5274 2498 5332 suaeque
2522 5258 2645 5312 sedi
2668 5260 2839 5332 noxia
2862 5258 3282 5332 esse‘poterant
3302 5262 3633 5332 permittere

1983 5328 2129 5383 velle
2160 5329 2417 5403 conﬁdit.
2447 5330 2557 5403 Nec
2587 5330 2743 5385 enim
2776 5328 3113 5403 imperatori
3135 5328 3483 5402 argumenta
3502 5348 3632 5389 esse

1986 5402 2462 5483 poterant‘Deum
2498 5402 2969 5483 Symmachoaut
3004 5406 3272 5483 Romanis
3300 5404 3425 5459 sedi
3448 5404 3630 5461 fuisse

1982 5471 2448 5529 iratum.ldcirco
2480 5471 2736 5529 maximo
2757 5473 2937 5529 animi
2969 5476 3164 5546 vigore
3196 5474 3277 5531 ita
3296 5491 3440 5531 eum
3465 5492 3633 5533 com-

2056 5578 2130 5649 (c)
2160 5580 2221 5633 In
2256 5577 2437 5649 priori
2472 5579 2543 5634 ad
2572 5579 2831 5636 Corinth.
2868 5596 2996 5647 cap.
3028 5597 3103 5636 ix.

2054 5650 2135 5727 (ά)
2170 5650 2585 5727 _S_ym_ma_chus,
2618 5652 2788 5727 ibid.,
2820 5651 3069 5712 laudans
3100 5652 3265 5713 Pauli
3298 5655 3493 5716 verba.

2058 5722 2129 5801 (e)
2170 5722 2425 5781 Matthaai
2456 5737 2507 5785 ν.
