3960 6176
174 192 271 257 969

824 179 927 241 DE
968 178 1572 244 MANICHEORUM
1621 181 1936 243 HERESI
1980 182 2080 244 ET
2125 180 2496 244 HISTORIA
2538 180 2679 242 LIB.
2729 181 2806 241 Il.

3399 186 3521 249 970
3620 184 3623 191 “

173 322 403 382 innueret
425 316 703 377 Christum
722 329 849 389 non
881 330 1076 372 veram
1112 315 1427 373 humanam
1462 320 1759 388 naturam,
1788 319 1843 387 Α
1872 316 1933 372 in
1952 319 2227 389 quartum
2247 314 2434 372 exsilii
2453 315 2645 389 locum
2664 313 2989 389 ablegatus,
3004 313 3208 389 lingua
3223 316 3524 375 vermibus

169 399 251 452 sed
280 390 679 466 phantasticsm
704 388 1010 466 dumtaxat
1032 392 1097 466 _et
1122 389 1497 466 umbratilem
1532 405 1761 466 assum-

169 460 357 552 psisse;
384 462 527 552 quod
558 461 815 552 palmere
837 460 1524 552 ManichaaoequOgma
1554 461 1761 552 fniese,

156 532 261 611 jam
289 532 632 611 nos—abunde
664 532 808 589 satis
858 532 917 587 in
972 532 1435 604 praecedentibus
1467 532 1761 605 capitibus

164 610 579 735 prgggiﬂuvsero
596 671 742 728 mihi
760 671 964 745 deesse
981 672 1238 741 videbor,
1254 673 1303 728 si
1327 677 1662 745 praeteream
1688 672 1763 729 si-

160 752 310 807 lentio
339 766 455 821 quas
482 750 838 821 Assemanus
858 744 1101 821 adduxit
1131 762 1233 821 pro
1254 744 1362 821 hac
1385 746 1608 821 Xenaiee
1642 745 1759 821 Ms:

161 816 390 878 nichaica
425 819 547 873 labe
587 816 884 872 diluenda.
926 816 1174 886 Scripsit
1204 817 1358 871 enim
1410 818 1655 872 Xenaias
1687 817 1757 872 ad

161 894 407 966 quosdam
423 888 928 966 SyriisAmonaohos
949 890 1017 943 de
1034 887 1199 966 Verbi
1222 890 1629 966 Incarnatione
1648 887 1763 966 epi-

156 959 358 1031 stolam,
373 959 481 1033 qua
498 960 802 1033 utriusque
820 965 1061 1033 naturae,
1077 959 1285 1015 divina:
1301 960 1569 1015 videlicet
1584 965 1641 1014 et
1659 960 1763 1014 hu-

158 1054 335 1101 manis,
354 1032 631 1089 veritatem
651 1032 883 1086 Christo
906 1032 1147 1087 Domino
1169 1034 1437 1086 asseruit.
1453 1033 1643 1102 Hujus
1663 1048 1763 1087 au-

158 1117 252 1164 tem
272 1107 510 1178 epistolae
536 1105 672 1178 Syro
696 1104 1336 1178 sermoneconscriptae
1370 1120 1665 1159 summam
1700 1102 1759 1178 in

154 1174 374 1252 quisq-ue
394 1177 581 1252 capita
594 1174 1111 1252 divisamenhibet,
1126 1182 1183 1252 et
1201 1176 1310 1252 sub
1329 1192 1577 1252 numero
1591 1175 1761 1252 tertio

154 1246 326 1306 isthze'c
350 1246 516 1303 verba
538 1248 743 1302 Latine
765 1247 995 1301 reddita
1015 1247 1254 1317 subjicit
1275 1249 1345 1316 (a)
1364 1264 1377 1300 :
1396 1249 1490 1302 Ill.
1516 1248 1577 1301 Si
1600 1249 1647 1302 is
1667 1246 1764 1317 qui

153 1324 442 1377 incarnatus
468 1322 548 1375 est
579 1324 747 1385 (Deus
769 1320 901 1389 est),
926 1319 1062 1373 Deus
1092 1334 1302 1390 quoque
1332 1320 1568 1390 erit,qui
1595 1323 1763 1373 natus

152 1398 241 1455 est;
257 1397 302 1447 et
328 1393 464 1446 sicut
492 1390 593 1461 qui
621 1392 681 1444 in
719 1391 997 1457 Virginem
1028 1394 1315 1460 ingressus
1342 1395 1444 1458 est,
1466 1406 1610 1444 unus
1639 1394 1764 1444 erat

151 1463 456 1532 spiritualis,
481 1464 643 1532 cujus
669 1462 981 1533 spiritualis
1012 1468 1225 1516 natura
1250 1477 1318 1517 ex
1350 1465 1515 1517 Patre
1544 1470 1653 1523 est;
1685 1462 1763 1516 ita

150 1536 266 1590 idem
295 1536 402 1606 ipse
430 1548 575 1587 unus
597 1548 667 1588 ex
686 1532 870 1606 eadem
899 1534 1123 1606 Virgine
1141 1533 1363 1606 prodiit,
1388 1535 1543 1604 cujus
1567 1548 1638 1587 ea:
1658 1549 1764 1586 na-

150 1550 266 1590 taem
295 1550 402 1606 ipse
430 1550 575 1587 unus
597 1550 667 1588 ex
686 1550 870 1588 eaaem
900 1550 1123 1659 nrqme
1141 1550 1363 1605 proazu,
1388 1550 1543 1604 cujus
1567 1550 1638 1587 ex
1658 1550 1764 1586 na-

149 1614 253 1662 tura
292 1606 571 1661 veritatem
601 1605 845 1675 corporis
874 1605 963 1659 sui
1034 1606 1181 1660 abet.
1218 1605 1577 1673 Quamobrem
1622 1606 1765 1659 recte

1874 388 2128 458 corrosa,
2148 406 2300 443 anno
2332 390 2437 443 436
2467 388 2706 453 interiit,
2732 388 3063 460 ut’quidam
3100 388 3401 456 dixerunt;
3434 392 3523 446 vel

1872 461 2081 520 saltem
2113 477 2301 531 usque
2332 462 2403 514 ad
2436 477 2656 515 annum
2690 462 2793 514 439
2842 461 2902 513 in
2948 460 3105 517 oasis
3136 460 3297 531 vixit,
3327 466 3391 516 ut
3420 463 3524 517 So

1872 538 2060 591 crates
2111 532 2427 587 afﬁrmavit
2448 533 2549 602 (c);
2582 533 2635 586 S.
2672 532 2786 587 Leo
2814 535 3060 602 Magnus
3106 548 3238 587 vero
3288 534 3525 589 nonnisi

1871 604 2137 676 sequenti
2169 620 2322 659 anno
2354 603 2477 673 440,
2510 603 2603 676 die
2632 604 2702 657 28
2729 603 2896 676 Julii,
2921 604 2991 658 ad
3016 604 3393 676 pontiﬁcatus
3425 622 3523 661 so-

1870 674 2017 733 lium
2041 677 2301 731 elevatus
2335 675 2461 730 fuit.
2489 674 2601 749 Qui
2650 676 2721 749 de
2766 674 3227 749 Chalcedonensi
3257 693 3524 749 lcongro-

1911 749 2065 803 anda
2094 749 2316 816 synodo
2340 746 2655 821 concilium
2685 747 2893 821 habuit
2920 764 3074 821 anno
3106 749 3229 817 450,
3256 746 3526 821 ᾕειηίῐᾳυθ

1911 767 2065 803 811αᾶ
2094 767 2316 816 ByDOGO
2340 767 2651 801 CODClllUID
2685 767 2893 802 Πειουιι
2921 767 3074 803 anno
3106 767 3229 817 ιιὶὶυ,
3256 767 3524 821 nauoque

1871 767 2110 876 gemum
2144 820 2411 889 sequenti
2445 836 2596 874 anno
2642 820 2823 874 fuisse
2852 819 3226 885 celebratam,
3259 837 3392 875 cum
3427 838 3524 877 sa-

1871 910 1979 948 cras
2028 897 2153 946 tum
2188 891 2457 963 profanae
2490 890 2699 945 tabulae
2740 892 3119 961 patefaciunt.
3170 891 3522 963 Palmarem,

1870 964 2136 1036 inquam,
2187 962 2341 1036 hunc
2396 977 2666 1036 errorem
2709 966 2953 1036 annotat
3010 969 3390 1032 Assemanus,
3442 962 3523 1035 et,

1871 1033 2197 1107 suspensus
2230 1033 2477 1100 haerens,
2506 1034 2832 1107 nescitcui
2883 1034 3050 1107 illum
3084 1036 3382 1107 adjudicet
3412 1033 3519 1093 Xeé

1872 1104 2020 1163 naim
2040 1104 2325 1173 videlicet,
2349 1108 2450 1159 aut
2471 1105 2643 1178 alicui
2668 1105 3089 1178 Monophysitss
3112 1104 3384 1164 Xénaiam
3408 1109 3522 1165 sibi

1871 1185 2185 1252 patronum
2204 1176 2523 1252 quaerenti.

1945 1252 2011 1305 14
2050 1251 2175 1304 Non
2200 1246 2380 1319 igitur
2398 1247 2653 1303 laudatis
2675 1246 2908 1318 scriptis
2928 1248 3136 1305 doctus
3154 1248 3241 1303 vir
3257 1251 3526 1305 Assema-

1872 1339 2085 1378 manus
2108 1326 2329 1393 tantam
2366 1320 2539 1374 ﬁdem
2564 1319 2793 1393 censuit
2819 1319 3234 1393 adhibendam,
3262 1327 3326 1376 ut
3356 1324 3525 1393 plene

1872 1394 2029 1449 hunc
2052 1410 2084 1447 a
2101 1392 2549 1447 Manichaeorum
2572 1391 2870 1445 erroribus
2888 1391 3265 1447 abhorruisse
3287 1391 3526 1449 abritre-

1870 1470 1988 1521 tur.
2012 1466 2159 1519 Nam
2190 1468 2247 1518 et
2279 1464 2541 1533 quaedam
2575 1462 2795 1516 Xenaies
2828 1462 3112 1518 dictiones
3155 1465 3206 1519 ei
3250 1480 3525 1521 occurre-

1872 1540 2030 1605 runt,
2065 1534 2579 1607 quaelhaereticum
2607 1533 3059 1607 Manichaeorum
3106 1551 3346 1590 sensum
3380 1553 3524 1607 prs:-

1874 1604 2150 1663 seferunt.
2178 1605 2294 1661 Has
2325 1606 2474 1660 inter
2497 1604 2745 1677 celebris
2768 1611 2857 1677 est
2888 1604 2987 1661 illa
3010 1623 3185 1677 quam
3211 1604 3525 1664 Orientalis

149 1678 421 1755 appellatur
454 1678 614 1745 Virgo
647 1674 745 1755 Dei
780 1674 1051 1755 quitrim,
1085 1690 1143 1731 eo
1174 1677 1514 1755 quodunam
1547 1676 1645 1729 Dei
1675 1676 1761 1729 in-
1796 1691 1842 1755 Β
1876 1680 2129 1751 scriptor
2155 1678 2491 1755 subjicitex
2522 1676 2670 1755 libro
2696 1674 3348 1755 theologico'ltadiorum
3372 1697 3524 1755 nun-

146 1746 395 1804 carnatam
409 1764 703 1819 personam
722 1746 1089 1819 ine/fabilz'ter
1102 1746 1312 1815 genuit.
1332 1747 1482 1819 Hec,
1499 1748 1737 1819 inquam
1750 1788 1763 1814 ,

148 1828 191 1875 et
210 1822 255 1874 id
277 1835 454 1891 genus
483 1819 623 1884 alia,
644 1835 711 1874 ex
734 1818 908 1873 variis
930 1819 1158 1873 Xenaiae
1184 1818 1453 1891 epistolis
1486 1824 1586 1873 aut
1617 1818 1767 1891 scri-

148 1893 243 1964 ptis
267 1889 621 1946 Assemanus
644 1891 1150 1964 pronuntiatque!
1174 1889 1632 1964 Manichaeorum
1658 1889 1769 1964 hie-

149 1961 294 2019 i'esim
325 1979 566 2034 prorsus
603 1967 967 2034 oppugnant.
994 1967 1068 2017 De
1101 1962 1280 2031 hujus
1304 1978 1436 2017 vero
1467 1961 1770 2034 scriptoris

149 2040 192 2090 et
214 2032 532 2107 interpretis
560 2032 701 2104 fide,
727 2032 978 2088 maxime
1001 2034 1060 2088 in
1083 2034 1377 2107 vertendis
1404 2051 1432 2088 e
1453 2032 1685 2107 Syriaco
1710 2032 1770 2087 in

149 2105 382 2162 Latinum
410 2121 751 2162 sermonem
779 2105 1200 2175 monumentis,
1225 2105 1482 2161 dubitari
1502 2105 1627 2160 non
1644 2120 1772 2231 dpo-

149 2182 257 2231 test.
288 2178 533 2231 Secutus
566 2194 705 2231 vero
738 2194 809 2231 ne
840 2176 1015 2231 fuerit
1044 2178 1295 2231 Xenaias
1328 2194 1445 2231 suae
1476 2176 1611 2231 ﬁdei
1688 2177 1772 2231 ic-

148 2182 257 2233 test.
288 2178 533 2234 Secutus
566 2194 705 2232 vero
738 2194 809 2233 ne
840 2176 1015 2232 fuerit
1044 2178 1295 2232 Xenaias
1328 2194 1445 2232 suae
1476 2176 1611 2231 ﬁdei
1644 2176 1772 2231 dic-

152 2254 319 2304 tamen
346 2250 405 2304 in
436 2248 510 2304 iis
539 2247 896 2315 scribendis,
929 2266 1004 2304 an
1044 2264 1239 2317 secus,
1271 2248 1527 2304 dubitari
1558 2251 1772 2320 potest.

150 2322 635 2386 Quemadmodum
694 2320 871 2375 etiam
926 2321 1194 2375 dubitare
1251 2320 1386 2375 licet
1433 2338 1506 2375 an
1556 2319 1775 2391 Scripta

149 2393 382 2448 videlicet
410 2409 541 2462 quae
576 2393 696 2446 sub
726 2392 960 2447 Xenaiae
992 2392 1227 2451 nomine
1260 2392 1431 2447 modo
1463 2392 1772 2447 circumfe-

148 2470 331 2536 runtur
352 2479 417 2519 ex
448 2464 947 2536 ejuslprodierint
975 2462 1230 2536 ofﬁcina,
1262 2480 1334 2518 an
1359 2463 1442 2536 in
1491 2463 1772 2534 Syrorum

145 2534 299 2591 libros
353 2540 408 2591 et
468 2534 711 2593 codices
768 2534 1019 2605 alicujus
1067 2534 1406 2605 impostoris
1465 2535 1661 2590 studio
1718 2539 1777 2589 et

146 2608 460 2679 conﬁctione
486 2606 877 2679 irrepserunt.
912 2606 978 2660 Et
1009 2606 1248 2679 quidem
1299 2623 1538 2679 prorsus
1584 2606 1773 2679 latue-

142 2684 259 2734 runt
306 2677 691 2734 Theodorum
751 2678 1081 2747 Lectorem,
1129 2677 1576 2749 Theophanem,
1632 2678 1775 2749 Eva-

143 2750 328 2875 grium,
344 2750 666 2806 Persarum
690 2749 1019 2821 episcopos,
1041 2749 1257 2805 Nicami
1281 2748 1523 2805 secundi
1547 2748 1773 2804 concilii

178 2826 336 2875 atres.
392 2820 776 2875 sequentium
831 2820 1179 2875 saeculorum
1237 2822 1590 2875 scriptores:
1652 2821 1773 2875 oui.

178 2820 776 2893 atres,sequentium
831 2820 1179 2877 seculorum
1237 2822 1590 2893 scriptores;
1652 2821 1775 2891 qui,

140 2909 235 2947 non
265 2908 329 2948 ex
357 2892 517 2948 inani
551 2893 796 2957 timore,
821 2894 921 2948 sed
954 2892 1226 2948 maximis
1250 2891 1574 2948 rationibus
1597 2893 1778 2947 addu-

141 2964 222 3034 cti,
250 2964 400 3021 hunc
444 2965 814 3022 nebulonem
846 2964 1025 3020 veluti
1072 2964 1526 3020 Manichaeorum
1568 2965 1776 3020 ducem

1876 1748 2120 1822 cupato;
2153 1749 2423 1804 videlicet
2456 1764 2469 1804 :
2511 1748 2871 1813 Philoxenus,
2901 1751 3198 1822 _inquiunt,
3248 1752 3529 1820 passiones

1876 1818 2100 1878 Domini
2128 1822 2500 1894 voluntarias,
2531 1835 2641 1874 non
2673 1818 3005 1894 naturales,
3026 1818 3289 1889 agnoscit.
3322 1823 3529 1894 Moyses

1879 1909 2089 1965 quoque
2124 1892 2399 1965 Barcepha
2427 1907 2621 1959 corpus
2656 1891 2808 1965 Adae,
2842 1896 3129 1961 antequam
3160 1895 3211 1965 is
3236 1891 3526 1964 peccasset,

1880 1963 2167 2021 Dominum
2199 1963 2445 2018 induisse
2503 1967 2747 2018 testatur.
2784 1964 3027 2034 Denique
3056 1965 3115 2017 in
3144 1963 3379 2020 historia
3408 1982 3532 2021 mar

1882 2043 2163 2119 parsumas
2192 2036 2849 2119 corpusHDomini'nostri
2872 2034 3037 2119 .haud
3080 2036 3532 2119 instancorporis

1882 2110 2115 2165 humani
2142 2124 2256 2164 esse
2284 2106 2493 2162 dicitur
2516 2106 2614 2177 (d).
2649 2107 2759 2160 llas
2790 2110 2983 2161 autem
3018 2122 3221 2163 omnes
3250 2106 3531 2165 dictiones

1884 2180 2371 2238 Manichaismum
2405 2177 2651 2249 spirare,
2682 2182 2738 2233 et
2769 2177 3224 2233 Manichazorum
3269 2179 3535 2236 fabulosa

1884 2253 2163 2325 ﬁgmenta
2183 2248 2661 2325 continereLquis
2681 2250 2948 2325 ignorat?
2966 2250 3120 2325 Quas
3143 2252 3378 2325 tametsi
3401 2251 3535 2325 libri

1882 2320 2097 2387 auctor,
2116 2340 2228 2377 non
2254 2338 2458 2377 omnes
2478 2320 2841 2394 Xenaiaaleeu
2876 2320 3190 2394 Philoxeno
3215 2324 3533 2394 adjudicet,

1882 2396 2147 2468 singulas
2161 2394 2396 2463 quidem
2411 2408 2477 2447 ex
2490 2391 2710 2468 nefaria
2723 2392 2967 2468 Manetis
2980 2391 3535 2468 ofﬁcinapr'odiisse,

1884 2462 2283 2541 préceden’tes
2308 2468 2522 2541 nostrze
2552 2462 3035 2541 elucubrationes
3055 2462 3287 2541 abunde
3314 2468 3537 2541 patefa-

1885 2534 2067 2596 ciunt.
2099 2538 2205 2592 Sed
2236 2534 2741 2601 Manichaismum,
2776 2534 2931 2589 istud
2981 2534 3277 2590 Philoxeni
3309 2534 3534 2591 dictum

1885 2612 2164 2674 indicare,
2186 2607 2480 2677 videlicet,
2509 2606 2801 2679 passiones
2820 2606 3045 2679 Domini
3075 2608 3443 2679 voluntarias,
3482 2612 3539 2664 et

1886 2685 2012 2756 ipse
2042 2687 2398 2756 Assemanus
2443 2683 2759 2756 asseverat,
2792 2677 3060 2756 illudque
3090 2677 3478 2756 scriptoribus
3504 2697 3540 2735 a

1888 2749 2058 2811 nobis
2090 2751 2392 2807 recensitis
2415 2750 2781 2805 occasionem
2813 2749 3135 2820 praebuisse
3167 2749 3231 2806 ut
3259 2751 3535 2807 Xenaiam

1888 2827 2066 2895 hujus
2097 2825 2384 2878 bzereseos
2410 2838 2575 2877 reum
2603 2823 2978 2895 traducerent
3004 2822 3280 2895 afﬁrmat.
3302 2825 3409 2879 Sed
3434 2824 3536 2878 do-

1889 2893 2018 2954 ctus
2046 2898 2135 2951 vir
2164 2895 2483 2949 arbitratur
2506 2898 2609 2948 aut
2634 2893 3023 2966 Philoxennm
3046 2894 3103 2966 in
3133 2896 3537 2966 Incorrupticu-

1893 2971 2073 3025 larum
2105 2966 2424 3037 impegisse
2465 2980 2742 3031 errorem,
2776 2980 2841 3038 ex
2875 2964 3254 3038 Manicbaicis
3298 2964 3538 3038 quidem

140 3039 185 3125 et
206 3036 521 3125 principem
554 3037 976 3125 traduxerunt.
998 3035 1599 3125 Valdfpifﬁcileergo
1618 3037 1776 3125 vide-
1809 3056 1852 3125 ρ
1891 3035 2207 3125 principiis
2228 3035 2551 3125 derivatum
2571 3041 2730 3125 eaut
2748 3036 2855 3125 ob
2872 3035 3537 3125 inconstantia-vitium,

139 3112 223 3187 tur
247 3107 441 3191 isthéc
467 3109 725 3191 scripta,
761 3107 1625 3191 sireveraexstiterunt,
1662 3124 1778 3190 non

141 3177 444 3261 innotuisse
464 3177 716 3261 iislvi'ris
735 3179 835 3250 qui
856 3180 1035 3250 hujus
1053 3179 1499 3261 ﬂagitiosissimli
1524 3179 1783 3261 hominis

142 3251 388 3321 patriam,
411 3252 847 3322 conditionem,
882 3268 1097 3321 mores,
1125 3250 1408 3322 instituta
1437 3256 1495 3307 et
1524 3250 1783 3322 dignita-

138 3326 213 3396 tes
251 3324 647 3396 descripsere.
672 3321 771 3378 Vel
817 3326 1055 3396 tandem
1075 3321 1138 3396 lsi
1168 3323 1495 3396 exstabant,
1528 3321 1670 3396 num
1696 3322 1785 3396 ita

140 3392 264 3468 forte
290 3392 672 3468 inlSy'rorum
721 3394 956 3468 scriniis
1000 3393 1435 3468 delitescebant,
1459 3398 1516 3449 et
1545 3393 1603 3468 in
1636 3394 1783 3468 ﬁdas

136 3463 576 3523 includeba'ntur
644 3466 964 3531 custodias,
1006 3470 1071 3522 ut
1118 3482 1233 3521 non
1285 3466 1400 3520 nisi
1446 3465 1783 3521 novissimis

135 3534 272 3612 hisce
296 3539 685 3612 temporibus
723 3536 1030 3612 Assemani
1081 3538 1363 3612 studio_et
1389 3538 1690 3612 laboribus
1722 3537 1781 3593 in

135 3606 575 3667 hominum'noti
592 3608 736 3664 tiam
756 3610 1060 3735 pervenire
1082 3608 1415 3680 potuerint?
1435 3614 1596 3665 Certe
1617 3610 1784 3665 Asse-

135 3695 339 3735 manus.
368 3683 473 3735 qui
505 3685 753 3735 eiusmo
798 3680 813 3734 i
854 3680 1040 3735 Ooera
1088 3679 1211 3735 suis
1259 3679 1784 3735 animadversioni-

133 3695 339 3754 manus,
368 3683 473 3754 qui
505 3679 813 3754 ejusmodi
854 3680 1040 3754 Opera
1088 3679 1211 3735 suis
1259 3679 1784 3754 animadversioni-

134 3750 227 3806 bus
253 3750 627 3810 illus'tran—da
656 3752 936 3823 suscepit,
960 3768 1064 3807 nec
1093 3768 1276 3807 unum
1310 3753 1613 3808 dumtaxat
1641 3752 1785 3807 scri-

134 3828 334 3891 ptorem
368 3827 487 3881 ﬁde
520 3826 783 3896 dignum
805 3823 1036 3896 laudat,
1056 3826 1156 3894 qui
1177 3824 1317 3879 talia
1340 3824 1526 3894 Opera
1555 3825 1785 3879 Xenaim

134 3895 432 3964 adjudicet.
467 3899 539 3953 Et
574 3894 851 3969 quamvis
877 3896 1227 3969 quandoque
1259 3897 1328 3949 ad
1366 3912 1548 3951 unum
1576 3901 1678 3969 aut
1706 3896 1788 3950 al-

134 3969 305 4040 terum
337 3973 563 4025 testem
605 3967 906 4040 provocet,
931 3967 1037 4022 hos
1066 3970 1589 4040 tumentemquam
1612 3968 1789 4039 Euty-

130 4038 355 4111 ehianos
382 4047 441 4097 et
469 4037 935 4111 Monophysitas
962 4037 1625 4111 carpit,vellicatatque
1646 4037 1789 4111 conl-

133 4109 371 4168 demnat.
394 4109 720 4181 Praeterea,
741 4109 1286 4179 deﬁcientibusjam
1310 4126 1629 4182 supparum
1654 4109 1794 4165 scri-

132 4186 348 4250 ptorum
381 4182 763 4241 testimoniis
794 4188 967 4251 atque
997 4198 1312 4248 consensu,
1335 4199 1407 4237 an
1446 4199 1559 4237 non
1587 4181 1792 4251 exqui-

131 4256 300 4311 renda
346 4256 552 4313 forent
590 4255 664 4309 ad
697 4253 922 4325 xenaiae
970 4253 1248 4325 epistolas
1288 4254 1671 4308 consonantia
1701 4268 1795 4307 re-

132 4328 378 4398 sponsa?
412 4327 687 4398 Scripsit
722 4324 820 4381 ille
864 4326 933 4380 ad
972 4324 1387 4398 imperatorem
1420 4325 1706 4398 Zenonem
1740 4327 1800 4379 et

1892 3108 2009 3185 quo
2036 3108 2409 3185 frequentius
2428 3108 2681 3185 haeretici
2709 3108 2921 3185 jactari
2947 3108 3155 3179 solent,
3183 3109 3539 3185 quibusdam

1891 3179 2344 3255 Manichaeorum
2388 3179 2620 3255 placitis
2652 3179 2987 3255 adhesisse,
3012 3179 3282 3251 quamvis
3326 3183 3452 3255 ipse
3480 3183 3539 3237 in

1914 3256 2085 3311 libris
2114 3254 2239 3308 suis
2267 3251 2557 3322 eapassim
2592 3254 2941 3306 exsecretur.

1962 3325 2337 3382 188Utcum
2371 3338 2630 3393 queergo
2648 3338 2738 3376 res
2754 3323 3086 3377 schabeant
3118 3322 3256 3392 ,jam
3287 3339 3393 3377 nec
3433 3324 3540 3379 Xe-

1892 3398 2058 3453 naias
2086 3397 2565 3469 ipse,Assemano
2595 3394 2932 3469 auctore,ab
2950 3394 3109 3469 omni
3133 3394 3537 3469 Manichaismi

1890 3469 2022 3525 labe
2042 3465 2279 3540 purgari
2300 3470 2618 3540 potest,nec
2642 3465 2976 3540 Operaquas
2996 3465 3106 3519 sub
3130 3466 3259 3536 ejus
3290 3466 3543 3540 circum-

1890 3536 2654 3609 feruntur—nomineﬁllique
2684 3536 3545 3609 adjudicantur,suppositioni-

1892 3611 2272 3677 bus,laciniis
2290 3615 2465 3680 atque
2484 3608 3033 3680 interpolationibus
3055 3608 3413 3673 carent.Quo
3436 3610 3543 3664 ita-

1893 3701 2007 3766 que
2024 3681 2209 3738 innixi
2226 3680 3122 3766 fundamento,rel‘ictisveternm
3143 3684 3538 3766 etsupparum

1894 3751 2247 3827 scriptorum
2282 3751 2659 3827 testimoniis,
2689 3754 2763 3827 Ade
2795 3752 3071 3827 ejusﬁde
3093 3751 3542 3827 judicabimus?

1896 3824 2175 3884 Laudatis
2206 3825 2386 3879 innixi
2421 3825 2656 3895 scriptis
2685 3824 2741 3878 in
2774 3824 2985 3880 erroris
3010 3825 3321 3880 discrimen
3354 3826 3539 3881 addu-

1896 3915 2113 3955 cemur.
2133 3913 2261 3952 cum
2287 3900 2441 3951 certo
2459 3914 2573 3951 non
2592 3895 2919 3950 innotescat
2939 3912 3011 3950 an
3036 3897 3336 3951 volumina
3352 3897 3454 3951 illa
3476 3914 3543 3951 ex

1896 3967 2566 4048 vera__Xenaieer_fﬁ_ci_ua
2587 3967 3009 4048 prodierint,“
3046 3968 3104 4021 in
3131 3967 3253 4048 illis
3284 3968 3542 4048 conscri-

1898 4042 2108 4097 bendis
2140 4057 2258 4095 suae
2290 4039 2426 4094 ﬁdei
2455 4040 2749 4093 dictamen
2783 4038 2957 4092 fuerit
2985 4042 3244 4108 secutus,
3276 4056 3346 4092 an
3381 4038 3546 4093 deni-

1902 4130 2015 4185 que
2045 4111 2295 4185 aliorum
2329 4110 2524 4165 studio
2547 4109 2767 4185 falsata
2800 4109 3031 4185 fuerint,
3066 4112 3133 4163 ad
3167 4109 3547 4165 occulendam

1902 4178 2004 4240 seu
2036 4182 2339 4238 delendam
2374 4196 2500 4236 eam
2547 4178 2957 4252 Manichaismi
3005 4185 3199 4235 notam
3251 4197 3426 4252 quam
3454 4197 3549 4236 ve-

1901 4261 2054 4311 teres
2085 4254 2398 4323 scriptores
2442 4257 2499 4307 et
2547 4251 2805 4323 septimm
2854 4252 3062 4324 synodi
3111 4251 3311 4308 Patres
3360 4254 3550 4310 eidem

1904 4328 2264 4383 inusserant.

128 4392 579 4487 ggcmonachos'
601 4397 963 4479 diversorum
1010 4392 1502 4487 monasteriorum
1548 4395 1795 4477 incolas.
1831 4422 1875 4487 Ι)
1976 4392 3555 4487 Veruminhiso‘mnibusuonscribenflisdiutiusquam

130 4466 248 4537 Ubi,
270 4487 505 4541 quaeso,
532 4470 754 4524 borum
788 4468 1052 4541 omnium
1093 4484 1395 4541 responsa,
1419 4472 1485 4541 ut
1514 4467 1800 4523 rimemur

134 4555 196 4611 an
220 4539 329 4597 sibi
354 4541 756 4605 concinnant,
774 4540 863 4596 vel
885 4539 957 4595 iis
980 4539 1177 4611 aliqua
1200 4543 1335 4595 nota
1358 4539 1499 4593 insit
1518 4556 1643 4611 quae
1668 4555 1799 4594 eru-

128 4610 256 4668 ditis
287 4613 450 4671 oleat
485 4611 1010 4684 suppositionem?
1036 4610 1156 4684 Ego
1189 4611 1343 4667 enim
1379 4610 1605 4684 cumlin
1638 4614 1800 4666 tanto

128 4697 388 4754 versarer
418 4682 805 4752 discrimine,
830 4682 1164 4754 suspicione
1190 4684 1449 4738 maxima
1469 4683 1805 4738 adducebar

126 4752 266 4829 falso
289 4757 493 4829 Opera
524 4755 636 4829 illa
666 4756 895 4810 Xenaias
918 4752 990 4829 ab
1013 4753 1211 4829 aliquo
1236 4755 1592 4829 sycophanta
1622 4755 1805 4829 fuisse

127 4824 801 4911 empta-Suspicionem
834 4824 1126 4911 actitavit
1151 4829 1221 4911 cl.
1255 4824 1570 4911 Assemani
1594 4824 1803 4898 agendi

126 4900 308 4954 ratio:
346 4901 456 4972 qui
495 4898 565 4972 in
602 4898 967 4972 gravissimis
1015 4898 1317 4972 offendens
1351 4898 1626 4969 scopulis,
1661 4912 1806 4972 quos

123 4968 455 5040 praecavere
491 4968 662 5026 haud
695 4974 940 5042 poterat,
966 4972 1092 5024 tum
1124 4969 1412 5042 Xenaiam
1430 4968 1530 5024 aut
1560 4968 1807 5024 ementi-

126 5046 269 5113 tum,
298 5048 409 5099 aut
441 5041 721 5113 aliquem
752 5041 982 5097 Xenaiee
1012 5041 1247 5097 nomine
1277 5041 1807 5113 conﬁctionemvoj

122 5110 303 5171 luisse
337 5110 633 5171 astruere
663 5118 977 5169 asseverat.
1002 5113 1339 5182 Cujusmodi
1364 5130 1532 5183 porro
1555 5118 1643 5168 est
1664 5110 1808 5166 illud

122 5192 551 5243 commentum
595 5201 608 5240 :
644 5187 955 5241 Nestorium
1003 5183 1425 5240 hwresiarcham
1471 5201 1504 5238 a
1553 5184 1606 5238 S.
1642 5184 1813 5237 Leone

122 5273 262 5326 papa
282 5259 359 5313 ad
384 5256 908 5314 Chalcedonensem
928 5258 1208 5325 synodum
1232 5259 1515 5311 evocatum
1530 5254 1809 5324 fuisse(b).

120 5326 248 5385 Haec
284 5330 485 5386 tradit
520 5328 779 5383 Xenaias
809 5328 866 5382 in
901 5327 1149 5399 epistola
1180 5328 1249 5381 ad
1283 5332 1572 5381 Zenonem
1595 5332 1653 5380 et
1686 5340 1811 5380 mo-

124 5402 375 5472 nachos,
403 5401 605 5471 cujus
651 5404 1000 5472 argumenta
1023 5413 1404 5472 persequens
1433 5400 1813 5472 Assemlanus,

121 5470 325 5542 hocce,
341 5469 681 5543 tamquam
705 5469 980 5542 putidum
1004 5469 1373 5543 ﬁgmentum,
1395 5485 1523 5543 esse
1547 5469 1816 5543 rejicien-

120 5514 646 5601 dumxnunotzvit.
662 5514 809 5599 Nam
827 5514 1142 5613 antequam
1161 5541 1337 5597 S.Leo
1358 5514 1821 5613 Magnusdcatho-

119 5614 245 5673 lices
265 5616 578 5673 Ecclesia
600 5613 888 5672 obtineret
907 5613 1817 5687 pontiﬁcatum,jamNestorius,

193 5722 274 5796 (a)
307 5720 861 5796 Assem._Bihli_oth_.
888 5720 1108 5796 Orient.
1136 5724 1278 5778 tom.
1304 5720 1379 5796 Il,
1408 5736 1534 5796 pag.
1566 5721 1657 5785 29.

194 5723 251 5790 (a
307 5722 861 5782 Assem.Biblioth.
888 5722 1108 5780 Orient.
1136 5724 1278 5778 tom.
1304 5722 1373 5787 II,
1408 5738 1409 5743 π

194 5722 275 5878 (bl
304 5800 492 5858 Tom.
533 5791 596 5851 Il
623 5793 898 5854 Biblioth.
921 5793 1141 5856 Orient.
1165 5810 1299 5875 pag.
1322 5793 1409 5853 41.

474 5923 760 5994 Paeon.
802 5924 933 6000 LV.

1909 4487 2015 4545 par
2030 4472 2153 4525 erat
2174 4469 2554 4545 immoratum
2576 4481 2664 4545 me
2688 4465 2866 4521 fuisse
2884 4464 3557 4545 intelligo,potissimum

1910 4537 2049 4617 quia
2079 4542 2463 4595 monumenta
2506 4537 2741 4617 Syriaco
2772 4553 3041 4617 sermone
3074 4538 3405 4617 conscripta
3453 4554 3558 4593 nec

1910 4608 2163 4670 lustrare
2194 4628 2427 4683 queam,
2452 4608 2559 4683 nec
2587 4609 2786 4664 eadem
2822 4608 3223 4683 interpretari;
3259 4608 3386 4683 ί]ὺῶ
3417 4626 3558 4683 sane

1912 4687 2125 4757 cuique
2137 4681 2285 4755 opus
2304 4698 2431 4757 esse
2449 4681 2662 4736 debent
2679 4696 2880 4757 eorum
2897 4681 2994 4751 qui
3016 4697 3254 4735 causam
3270 4681 3559 4757 ejusmodi

1914 4759 1983 4814 ad
2018 4751 2236 4812 exitum
2269 4755 2585 4825 perducere
2626 4751 2883 4825 cupiant.
2923 4758 3132 4825 Quare,
3166 4751 3562 4824 praetermisso

1913 4830 2023 4885 hoc
2053 4823 2378 4883 disserendi
2405 4839 2635 4896 genere,
2664 4823 2803 4877 illud
2841 4840 3023 4877 unum
3049 4823 3358 4880 dumtaxat
3388 4826 3566 4896 subji-

1915 4903 2125 4968 cimus,
2150 4903 2335 4952 totum
2368 4894 2511 4967 pene
2543 4894 2835 4968 Orientem
2869 4896 3160 4968 Anastasii
3194 4894 3566 4967 imperatoris

1916 4977 1973 5028 et
2004 4965 2428 5041 Acepbalorum
2462 4965 2658 5041 studio
2686 4966 3046 5041 ltianichaica
3076 4966 3204 5041 labe
3228 4965 3409 5024 fuisse
3446 4970 3566 5041 pol-

1919 5036 2313 5105 lutumeuod
2350 5044 2413 5093 ut
2442 5036 2657 5110 clarius
2683 5036 3013 5110 innotescat
3044 5040 3374 5110 meliusque
3404 5036 3569 5093 intel-

1917 5115 2155 5195 ligatur,
2182 5110 2453 5195 ultimum
2479 5109 2549 5165 de
2571 5108 3292 5195 Manichaeorum‘historia—
3316 5111 3568 5166 conscri-

1920 5180 2117 5242 bimus
2157 5186 2352 5253 caput,
2384 5198 2518 5253 cum
2568 5180 2791 5253 reliqua
2840 5198 2963 5249 quae
3014 5182 3204 5237 dicere
3255 5198 3570 5253 possumus

1921 5259 1991 5312 de
2022 5252 2243 5335 nefaria
2270 5253 2377 5307 hac
2410 5252 2615 5335 haeresi
2657 5253 2810 5324 apud
2862 5255 3146 5335 Armenes
3193 5252 3570 5335 pustmodum

1921 5326 2390 5384 Paulicianorum
2427 5323 2620 5396 studio
2665 5323 2986 5396 propagata
3015 5323 3373 5381 sufﬁcienter
3404 5342 3436 5382 a
3466 5326 3572 5382 Pe-

1921 5407 2013 5458 tro
2046 5398 2240 5455 Siculo
2270 5400 2328 5453 et
2357 5413 2391 5451 a
2422 5395 2620 5451 Photio
2654 5395 2869 5452 fuerint
2900 5398 3215 5468 descripta.

2540 5521 2774 5577 CAPUT
2814 5521 2960 5577 XIV.

1926 5612 2254 5672 Manichaee:
2274 5611 2464 5669 urbem
2489 5612 2714 5668 Romam
2734 5613 2912 5669 adhuc
2937 5611 3312 5671 inhabitantes
3331 5614 3581 5675 Hormiso

2023 5720 2078 5805 ei
2099 5724 2388 5805 Socrates,
2419 5719 2650 5805 Πιλῃῐε
2685 5737 2812 5793 cap.
2845 5720 2937 5805 32:.

2023 5720 2073 5792 c)
2099 5724 2388 5786 Socrates,
2419 5720 2630 5805 Κιλικίῃ
2685 5737 2812 5793 cap.
2845 5720 2937 5776 32.

2000 5720 2081 5873 lit)
2111 5794 2500 5868 Assemanus,
2528 5766 2699 5864 ibid.,
2728 5808 2862 5869 pag.
2891 5792 2924 5851 4
2952 5794 3009 5852 et
3035 5792 3090 5853 2.

3186 5925 3256 5992 3i
