  <div class='ocr_page' id='page_1' title='image "/cluster/home/n/w/nwhite01/storage/ocr_20150623/55/hvd.32044054758644/494.png"; bbox 0 0 3960 6176; ppageno 0'>
   <div class='ocr_carea' id='block_1_1' title="bbox 112 268 238 331">
    <p class='ocr_par' dir='ltr' id='par_1_1' title="bbox 112 268 238 331">
     <span class='ocr_line' id='line_1_1' title="bbox 112 268 238 331; baseline -0.008 0"><span class='ocrx_word' id='word_1_1' title='bbox 112 268 238 331; x_wconf 81' lang='lat'><strong>977</strong></span> 
     </span>
    </p>
   </div>
   <div class='ocr_carea' id='block_1_2' title="bbox 856 270 2796 338">
    <p class='ocr_par' dir='ltr' id='par_1_2' title="bbox 856 270 2796 338">
     <span class='ocr_line' id='line_1_2' title="bbox 856 270 2796 338; baseline 0.003 -6"><span class='ocrx_word' id='word_1_2' title='bbox 856 270 957 333; x_wconf 86' lang='lat' dir='ltr'><strong>DE</strong></span> <span class='ocrx_word' id='word_1_3' title='bbox 1000 270 1608 338; x_wconf 65' lang='lat' dir='ltr'><strong><em>MANICHIEOBUM</em></strong></span> <span class='ocrx_word' id='word_1_4' title='bbox 1654 273 1962 336; x_wconf 67' lang='lat' dir='ltr'><strong><em>HIERESI</em></strong></span> <span class='ocrx_word' id='word_1_5' title='bbox 2007 274 2108 338; x_wconf 88' lang='lat' dir='ltr'><strong>ET</strong></span> <span class='ocrx_word' id='word_1_6' title='bbox 2153 273 2522 338; x_wconf 77' lang='lat' dir='ltr'><strong><em>HISTORIA</em></strong></span> <span class='ocrx_word' id='word_1_7' title='bbox 2565 275 2796 338; x_wconf 88' lang='lat' dir='ltr'><strong><em>LIB.II</em></strong></span> 
     </span>
    </p>
   </div>
   <div class='ocr_carea' id='block_1_3' title="bbox 3432 278 3551 343">
    <p class='ocr_par' dir='ltr' id='par_1_3' title="bbox 3432 278 3551 343">
     <span class='ocr_line' id='line_1_3' title="bbox 3432 278 3551 343; baseline 0.025 -3"><span class='ocrx_word' id='word_1_8' title='bbox 3432 278 3551 343; x_wconf 86' lang='lat'><strong><em>978</em></strong></span> 
     </span>
    </p>
   </div>
   <div class='ocr_carea' id='block_1_4' title="bbox 108 402 3553 478">
    <p class='ocr_par' dir='ltr' id='par_1_4' title="bbox 108 402 3553 478">
     <span class='ocr_line' id='line_1_4' title="bbox 108 402 3553 478; baseline 0.004 -20"><span class='ocrx_word' id='word_1_9' title='bbox 108 403 384 459; x_wconf 79' lang='lat' dir='ltr'><strong><em>subdant</em></strong></span> <span class='ocrx_word' id='word_1_10' title='bbox 416 417 430 459; x_wconf 89' lang='lat'><strong>:</strong></span> <span class='ocrx_word' id='word_1_11' title='bbox 467 402 776 478; x_wconf 73' lang='lat' dir='ltr'><strong><em>Extendens</em></strong></span> <span class='ocrx_word' id='word_1_12' title='bbox 824 404 1110 475; x_wconf 82' lang='lat' dir='ltr'><strong><em>baculum,</em></strong></span> <span class='ocrx_word' id='word_1_13' title='bbox 1144 410 1204 462; x_wconf 83' lang='lat' dir='ltr'><strong><em>in</em></strong></span> <span class='ocrx_word' id='word_1_14' title='bbox 1252 423 1355 478; x_wconf 89' lang='lat' dir='ltr'><strong><em>quo</em></strong></span> <span class='ocrx_word' id='word_1_15' title='bbox 1401 410 1790 466; x_wconf 89' lang='lat' dir='ltr'><strong><em>inhonoratam</em></strong></span> <span class='ocrx_word' id='word_1_16' title='bbox 1819 411 1873 476; x_wconf 82' lang='grc' dir='ltr'><strong>Α</strong></span> <span class='ocrx_word' id='word_1_17' title='bbox 1903 408 2116 477; x_wconf 80' lang='lat' dir='ltr'><strong><em>Zoare,</em></strong></span> <span class='ocrx_word' id='word_1_18' title='bbox 2151 409 2333 465; x_wconf 77' lang='lat' dir='ltr'><strong><em>Issaei</em></strong></span> <span class='ocrx_word' id='word_1_19' title='bbox 2364 412 2555 466; x_wconf 75' lang='lat' dir='ltr'><strong><em>Perse</em></strong></span> <span class='ocrx_word' id='word_1_20' title='bbox 2585 409 2780 467; x_wconf 87' lang='lat' dir='ltr'><strong><em>studio</em></strong></span> <span class='ocrx_word' id='word_1_21' title='bbox 2804 408 3005 467; x_wconf 79' lang='lat' dir='ltr'><strong><em>isthec</em></strong></span> <span class='ocrx_word' id='word_1_22' title='bbox 3033 407 3379 468; x_wconf 85' lang='lat' dir='ltr'><strong><em>Anthimum</em></strong></span> <span class='ocrx_word' id='word_1_23' title='bbox 3402 410 3553 471; x_wconf 87' lang='lat' dir='ltr'><strong><em>Con-</em></strong></span> 
     </span>
    </p>
   </div>
   <div class='ocr_carea' id='block_1_5' title="bbox 103 477 1791 551">
    <p class='ocr_par' dir='ltr' id='par_1_5' title="bbox 103 477 1791 551">
     <span class='ocr_line' id='line_1_5' title="bbox 103 477 1791 551; baseline 0.003 -20"><span class='ocrx_word' id='word_1_24' title='bbox 103 482 453 551; x_wconf 80' lang='lat' dir='ltr'><strong><em>senectutem</em></strong></span> <span class='ocrx_word' id='word_1_25' title='bbox 475 492 635 533; x_wconf 87' lang='lat' dir='ltr'><strong><em>suam</em></strong></span> <span class='ocrx_word' id='word_1_26' title='bbox 655 477 882 548; x_wconf 83' lang='lat' dir='ltr'><strong><em>ﬁrmare</em></strong></span> <span class='ocrx_word' id='word_1_27' title='bbox 903 480 1082 550; x_wconf 79' lang='lat' dir='ltr'><strong><em>ﬁngit,</em></strong></span> <span class='ocrx_word' id='word_1_28' title='bbox 1104 477 1447 551; x_wconf 86' lang='lat' dir='ltr'><strong><em>implensque</em></strong></span> <span class='ocrx_word' id='word_1_29' title='bbox 1466 482 1791 536; x_wconf 81' lang='lat' dir='ltr'><strong><em>simulatum</em></strong></span> 
     </span>
    </p>
   </div>
   <div class='ocr_carea' id='block_1_6' title="bbox 102 549 1793 623">
    <p class='ocr_par' dir='ltr' id='par_1_6' title="bbox 102 549 1793 623">
     <span class='ocr_line' id='line_1_6' title="bbox 102 549 1793 623; baseline 0.004 -21"><span class='ocrx_word' id='word_1_30' title='bbox 102 549 502 603; x_wconf 81' lang='lat' dir='ltr'><strong><em>stellionatum</em></strong></span> <span class='ocrx_word' id='word_1_31' title='bbox 529 553 590 623; x_wconf 81' lang='lat' dir='ltr'><strong><em>in</em></strong></span> <span class='ocrx_word' id='word_1_32' title='bbox 619 558 965 620; x_wconf 85' lang='lat' dir='ltr'><strong><em>conspectum</em></strong></span> <span class='ocrx_word' id='word_1_33' title='bbox 996 549 1192 605; x_wconf 83' lang='lat' dir='ltr'><strong><em>eorum</em></strong></span> <span class='ocrx_word' id='word_1_34' title='bbox 1210 553 1308 621; x_wconf 84' lang='lat' dir='ltr'><strong><em>qui</em></strong></span> <span class='ocrx_word' id='word_1_35' title='bbox 1340 549 1408 606; x_wconf 80' lang='lat' dir='ltr'><strong><em>ab</em></strong></span> <span class='ocrx_word' id='word_1_36' title='bbox 1441 569 1554 623; x_wconf 80' lang='lat' dir='ltr'><strong><em>ipso</em></strong></span> <span class='ocrx_word' id='word_1_37' title='bbox 1581 553 1793 608; x_wconf 84' lang='lat' dir='ltr'><strong><em>seducti</em></strong></span> 
     </span>
    </p>
   </div>
   <div class='ocr_carea' id='block_1_7' title="bbox 108 621 1790 691">
    <p class='ocr_par' dir='ltr' id='par_1_7' title="bbox 108 621 1790 691">
     <span class='ocr_line' id='line_1_7' title="bbox 108 621 1790 691; baseline 0.003 -18"><span class='ocrx_word' id='word_1_38' title='bbox 108 621 617 691; x_wconf 79' lang='lat' dir='ltr'><strong><em>sunt,percutiebat</em></strong></span> <span class='ocrx_word' id='word_1_39' title='bbox 628 624 747 677; x_wconf 92' lang='lat' dir='ltr'><strong><em>sine</em></strong></span> <span class='ocrx_word' id='word_1_40' title='bbox 762 625 929 677; x_wconf 88' lang='lat' dir='ltr'><strong><em>venia</em></strong></span> <span class='ocrx_word' id='word_1_41' title='bbox 942 622 1368 677; x_wconf 74' lang='lat' dir='ltr'><strong><em>similitudinem</em></strong></span> <span class='ocrx_word' id='word_1_42' title='bbox 1378 621 1589 678; x_wconf 79' lang='lat' dir='ltr'><strong><em>Christo</em></strong></span> <span class='ocrx_word' id='word_1_43' title='bbox 1603 642 1790 678; x_wconf 86' lang='lat' dir='ltr'><strong><em>aman-</em></strong></span> 
     </span>
    </p>
   </div>
   <div class='ocr_carea' id='block_1_8' title="bbox 114 692 1789 763">
    <p class='ocr_par' dir='ltr' id='par_1_8' title="bbox 114 692 1789 763">
     <span class='ocr_line' id='line_1_8' title="bbox 114 692 1789 763; baseline 0.004 -18"><span class='ocrx_word' id='word_1_44' title='bbox 114 692 329 745; x_wconf 88' lang='lat' dir='ltr'><strong><em>tissimi</em></strong></span> <span class='ocrx_word' id='word_1_45' title='bbox 358 693 727 763; x_wconf 74' lang='lat' dir='ltr'><strong><em>imperatoris,</em></strong></span> <span class='ocrx_word' id='word_1_46' title='bbox 778 694 1095 749; x_wconf 64' lang='lat' dir='ltr'><strong><em>haereticum</em></strong></span> <span class='ocrx_word' id='word_1_47' title='bbox 1132 694 1537 750; x_wconf 86' lang='lat' dir='ltr'><strong><em>denominando</em></strong></span> <span class='ocrx_word' id='word_1_48' title='bbox 1557 698 1640 750; x_wconf 86' lang='lat' dir='ltr'><strong><em>sic</em></strong></span> <span class='ocrx_word' id='word_1_49' title='bbox 1680 702 1789 752; x_wconf 87' lang='lat' dir='ltr'><strong><em>Deo</em></strong></span> 
     </span>
    </p>
   </div>
   <div class='ocr_carea' id='block_1_9' title="bbox 118 763 1788 838">
    <p class='ocr_par' dir='ltr' id='par_1_9' title="bbox 118 763 1788 838">
     <span class='ocr_line' id='line_1_9' title="bbox 118 763 1788 838; baseline 0.004 -22"><span class='ocrx_word' id='word_1_50' title='bbox 118 763 369 838; x_wconf 82' lang='lat' dir='ltr'><strong><em>unitum,</em></strong></span> <span class='ocrx_word' id='word_1_51' title='bbox 388 772 440 838; x_wconf 78' lang='lat' dir='ltr'><strong><em>et</em></strong></span> <span class='ocrx_word' id='word_1_52' title='bbox 453 766 526 838; x_wconf 89' lang='lat' dir='ltr'><strong><em>ab</em></strong></span> <span class='ocrx_word' id='word_1_53' title='bbox 552 767 666 835; x_wconf 86' lang='lat' dir='ltr'><strong><em>ipso</em></strong></span> <span class='ocrx_word' id='word_1_54' title='bbox 681 764 1029 838; x_wconf 75' lang='lat' dir='ltr'><strong><em>custoditum,</em></strong></span> <span class='ocrx_word' id='word_1_55' title='bbox 1048 770 1099 820; x_wconf 91' lang='lat' dir='ltr'><strong><em>et</em></strong></span> <span class='ocrx_word' id='word_1_56' title='bbox 1119 769 1416 821; x_wconf 75' lang='lat' dir='ltr'><strong><em>veritatem</em></strong></span> <span class='ocrx_word' id='word_1_57' title='bbox 1436 767 1788 838; x_wconf 72' lang='lat' dir='ltr'><strong><em>praedicatio-</em></strong></span> 
     </span>
    </p>
   </div>
   <div class='ocr_carea' id='block_1_10' title="bbox 116 834 1788 909">
    <p class='ocr_par' dir='ltr' id='par_1_10' title="bbox 116 834 1788 909">
     <span class='ocr_line' id='line_1_10' title="bbox 116 834 1788 909; baseline 0.002 -20"><span class='ocrx_word' id='word_1_58' title='bbox 116 836 208 889; x_wconf 87' lang='lat' dir='ltr'><strong><em>nis</em></strong></span> <span class='ocrx_word' id='word_1_59' title='bbox 241 834 659 909; x_wconf 80' lang='lat' dir='ltr'><strong><em>custodientem.</em></strong></span> <span class='ocrx_word' id='word_1_60' title='bbox 693 837 754 891; x_wconf 90' lang='lat' dir='ltr'><strong><em>In</em></strong></span> <span class='ocrx_word' id='word_1_61' title='bbox 784 853 899 908; x_wconf 91' lang='lat' dir='ltr'><strong><em>quo</em></strong></span> <span class='ocrx_word' id='word_1_62' title='bbox 924 840 1116 893; x_wconf 89' lang='lat' dir='ltr'><strong><em>furore</em></strong></span> <span class='ocrx_word' id='word_1_63' title='bbox 1147 834 1788 909; x_wconf 42' lang='lat' dir='ltr'><strong><em>Isaacium—perstitisse</em></strong></span> 
     </span>
    </p>
   </div>
   <div class='ocr_carea' id='block_1_11' title="bbox 118 907 1789 975">
    <p class='ocr_par' dir='ltr' id='par_1_11' title="bbox 118 907 1789 975">
     <span class='ocr_line' id='line_1_11' title="bbox 118 907 1789 975; baseline 0.003 -15"><span class='ocrx_word' id='word_1_64' title='bbox 118 912 487 975; x_wconf 76' lang='lat' dir='ltr'><strong><em>asseverant,</em></strong></span> <span class='ocrx_word' id='word_1_65' title='bbox 519 907 689 963; x_wconf 88' lang='lat' dir='ltr'><strong><em>donec</em></strong></span> <span class='ocrx_word' id='word_1_66' title='bbox 719 909 909 964; x_wconf 83' lang='lat' dir='ltr'><strong><em>divisit</em></strong></span> <span class='ocrx_word' id='word_1_67' title='bbox 948 912 1195 964; x_wconf 84' lang='lat' dir='ltr'><strong><em>tunicam</em></strong></span> <span class='ocrx_word' id='word_1_68' title='bbox 1235 907 1522 965; x_wconf 75' lang='lat' dir='ltr'><strong><em>habentem</em></strong></span> <span class='ocrx_word' id='word_1_69' title='bbox 1550 911 1789 967; x_wconf 83' lang='lat' dir='ltr'><strong><em>nobilem</em></strong></span> 
     </span>
    </p>
   </div>
   <div class='ocr_carea' id='block_1_12' title="bbox 115 978 1787 1052">
    <p class='ocr_par' dir='ltr' id='par_1_12' title="bbox 115 978 1787 1052">
     <span class='ocr_line' id='line_1_12' title="bbox 115 978 1787 1052; baseline 0.002 -19"><span class='ocrx_word' id='word_1_70' title='bbox 115 978 392 1052; x_wconf 62' lang='lat' dir='ltr'><strong><em>effigiem,</em></strong></span> <span class='ocrx_word' id='word_1_71' title='bbox 409 987 459 1033; x_wconf 90' lang='lat' dir='ltr'><strong><em>et</em></strong></span> <span class='ocrx_word' id='word_1_72' title='bbox 474 985 687 1045; x_wconf 85' lang='lat' dir='ltr'><strong><em>partem</em></strong></span> <span class='ocrx_word' id='word_1_73' title='bbox 703 997 801 1050; x_wconf 87' lang='lat' dir='ltr'><strong><em>pro</em></strong></span> <span class='ocrx_word' id='word_1_74' title='bbox 826 998 879 1036; x_wconf 88' lang='lat' dir='ltr'><strong><em>se</em></strong></span> <span class='ocrx_word' id='word_1_75' title='bbox 896 984 1097 1045; x_wconf 78' lang='lat' dir='ltr'><strong><em>tenuit,</em></strong></span> <span class='ocrx_word' id='word_1_76' title='bbox 1119 999 1285 1052; x_wconf 87' lang='lat' dir='ltr'><strong><em>quam</em></strong></span> <span class='ocrx_word' id='word_1_77' title='bbox 1310 993 1362 1037; x_wconf 90' lang='lat' dir='ltr'><strong><em>et</em></strong></span> <span class='ocrx_word' id='word_1_78' title='bbox 1386 984 1508 1050; x_wconf 77' lang='lat' dir='ltr'><strong><em>igni</em></strong></span> <span class='ocrx_word' id='word_1_79' title='bbox 1523 982 1787 1048; x_wconf 80' lang='lat' dir='ltr'><strong><em>tradidit;</em></strong></span> 
     </span>
    </p>
   </div>
   <div class='ocr_carea' id='block_1_13' title="bbox 116 1049 1784 1122">
    <p class='ocr_par' dir='ltr' id='par_1_13' title="bbox 116 1049 1784 1122">
     <span class='ocr_line' id='line_1_13' title="bbox 116 1049 1784 1122; baseline 0.002 -18"><span class='ocrx_word' id='word_1_80' title='bbox 116 1049 215 1122; x_wconf 81' lang='lat' dir='ltr'><strong><em>sed</em></strong></span> <span class='ocrx_word' id='word_1_81' title='bbox 248 1055 429 1104; x_wconf 86' lang='lat' dir='ltr'><strong><em>totum</em></strong></span> <span class='ocrx_word' id='word_1_82' title='bbox 448 1049 831 1107; x_wconf 77' lang='lat' dir='ltr'><strong><em>exterminare</em></strong></span> <span class='ocrx_word' id='word_1_83' title='bbox 850 1069 960 1108; x_wconf 89' lang='lat' dir='ltr'><strong><em>non</em></strong></span> <span class='ocrx_word' id='word_1_84' title='bbox 978 1049 1184 1122; x_wconf 83' lang='lat' dir='ltr'><strong><em>potuit.</em></strong></span> <span class='ocrx_word' id='word_1_85' title='bbox 1210 1052 1395 1107; x_wconf 85' lang='lat' dir='ltr'><strong><em>Simul</em></strong></span> <span class='ocrx_word' id='word_1_86' title='bbox 1411 1049 1619 1108; x_wconf 80' lang='lat' dir='ltr'><strong><em>autem</em></strong></span> <span class='ocrx_word' id='word_1_87' title='bbox 1653 1071 1784 1108; x_wconf 85' lang='lat' dir='ltr'><strong><em>cum</em></strong></span> 
     </span>
    </p>
   </div>
   <div class='ocr_carea' id='block_1_14' title="bbox 118 1121 1785 1195">
    <p class='ocr_par' dir='ltr' id='par_1_14' title="bbox 118 1121 1785 1195">
     <span class='ocr_line' id='line_1_14' title="bbox 118 1121 1785 1195; baseline 0.003 -21"><span class='ocrx_word' id='word_1_88' title='bbox 118 1121 503 1191; x_wconf 87' lang='lat' dir='ltr'><strong><em>imperatoris</em></strong></span> <span class='ocrx_word' id='word_1_89' title='bbox 526 1122 781 1195; x_wconf 82' lang='lat' dir='ltr'><strong><em>imagine</em></strong></span> <span class='ocrx_word' id='word_1_90' title='bbox 798 1124 912 1195; x_wconf 84' lang='lat' dir='ltr'><strong><em>ﬁgu</em></strong></span> <span class='ocrx_word' id='word_1_91' title='bbox 924 1121 1047 1179; x_wconf 88' lang='lat' dir='ltr'><strong><em>ram</em></strong></span> <span class='ocrx_word' id='word_1_92' title='bbox 1062 1124 1357 1179; x_wconf 88' lang='lat' dir='ltr'><strong><em>Christum</em></strong></span> <span class='ocrx_word' id='word_1_93' title='bbox 1376 1125 1685 1180; x_wconf 90' lang='lat' dir='ltr'><strong><em>Dominum</em></strong></span> <span class='ocrx_word' id='word_1_94' title='bbox 1708 1141 1785 1179; x_wconf 90' lang='lat' dir='ltr'><strong><em>re-</em></strong></span> 
     </span>
    </p>
   </div>
   <div class='ocr_carea' id='block_1_15' title="bbox 122 1197 1788 1275">
    <p class='ocr_par' dir='ltr' id='par_1_15' title="bbox 122 1197 1788 1275">
     <span class='ocr_line' id='line_1_15' title="bbox 122 1197 1788 1275; baseline 0.003 -29"><span class='ocrx_word' id='word_1_95' title='bbox 122 1199 597 1275; x_wconf 75' lang='lat' dir='ltr'><strong><em>presentantem</em></strong></span> <span class='ocrx_word' id='word_1_96' title='bbox 612 1212 947 1275; x_wconf 81' lang='lat' dir='ltr'><strong><em>expressam</em></strong></span> <span class='ocrx_word' id='word_1_97' title='bbox 966 1197 1149 1275; x_wconf 87' lang='lat' dir='ltr'><strong><em>fuisse</em></strong></span> <span class='ocrx_word' id='word_1_98' title='bbox 1166 1197 1788 1275; x_wconf 13' lang='lat' dir='ltr'><strong><em>arbit_ra_mur.7Ete_nim</em></strong></span> 
     </span>
    </p>
   </div>
   <div class='ocr_carea' id='block_1_16' title="bbox 119 1267 1787 1340">
    <p class='ocr_par' dir='ltr' id='par_1_16' title="bbox 119 1267 1787 1340">
     <span class='ocr_line' id='line_1_16' title="bbox 119 1267 1787 1340; baseline 0.003 -21"><span class='ocrx_word' id='word_1_99' title='bbox 119 1267 180 1319; x_wconf 89' lang='lat' dir='ltr'><strong><em>in</em></strong></span> <span class='ocrx_word' id='word_1_100' title='bbox 234 1267 627 1336; x_wconf 88' lang='lat' dir='ltr'><strong><em>subsequenti</em></strong></span> <span class='ocrx_word' id='word_1_101' title='bbox 677 1267 967 1340; x_wconf 83' lang='lat' dir='ltr'><strong><em>sermonis</em></strong></span> <span class='ocrx_word' id='word_1_102' title='bbox 1023 1274 1187 1340; x_wconf 89' lang='lat' dir='ltr'><strong><em>parte</em></strong></span> <span class='ocrx_word' id='word_1_103' title='bbox 1237 1268 1606 1338; x_wconf 87' lang='lat' dir='ltr'><strong><em>subjiciunt:</em></strong></span> <span class='ocrx_word' id='word_1_104' title='bbox 1650 1269 1787 1323; x_wconf 83' lang='lat' dir='ltr'><strong><em>Nam</em></strong></span> 
     </span>
    </p>
   </div>
   <div class='ocr_carea' id='block_1_17' title="bbox 116 1339 1790 1409">
    <p class='ocr_par' dir='ltr' id='par_1_17' title="bbox 116 1339 1790 1409">
     <span class='ocr_line' id='line_1_17' title="bbox 116 1339 1790 1409; baseline 0.001 -16"><span class='ocrx_word' id='word_1_105' title='bbox 116 1345 509 1393; x_wconf 83' lang='lat' dir='ltr'><strong><em>conservatum</em></strong></span> <span class='ocrx_word' id='word_1_106' title='bbox 535 1340 645 1407; x_wconf 77' lang='lat' dir='ltr'><strong><em>fuit</em></strong></span> <span class='ocrx_word' id='word_1_107' title='bbox 674 1356 707 1393; x_wconf 90' lang='lat' dir='ltr'><strong><em>a</em></strong></span> <span class='ocrx_word' id='word_1_108' title='bbox 738 1339 999 1393; x_wconf 85' lang='lat' dir='ltr'><strong><em>Numinis</em></strong></span> <span class='ocrx_word' id='word_1_109' title='bbox 1029 1339 1271 1395; x_wconf 81' lang='lat' dir='ltr'><strong><em>meliori</em></strong></span> <span class='ocrx_word' id='word_1_110' title='bbox 1318 1340 1694 1409; x_wconf 85' lang='lat' dir='ltr'><strong><em>providentia,</em></strong></span> <span class='ocrx_word' id='word_1_111' title='bbox 1731 1341 1790 1394; x_wconf 86' lang='lat' dir='ltr'><strong><em>in</em></strong></span> 
     </span>
    </p>
   </div>
   <div class='ocr_carea' id='block_1_18' title="bbox 117 1409 1786 1481">
    <p class='ocr_par' dir='ltr' id='par_1_18' title="bbox 117 1409 1786 1481">
     <span class='ocr_line' id='line_1_18' title="bbox 117 1409 1786 1481; baseline 0.002 -18"><span class='ocrx_word' id='word_1_112' title='bbox 117 1409 576 1481; x_wconf 85' lang='lat' dir='ltr'><strong><em>redargitionem</em></strong></span> <span class='ocrx_word' id='word_1_113' title='bbox 602 1411 963 1481; x_wconf 78' lang='lat' dir='ltr'><strong><em>manifestam</em></strong></span> <span class='ocrx_word' id='word_1_114' title='bbox 994 1419 1048 1465; x_wconf 89' lang='lat' dir='ltr'><strong><em>et</em></strong></span> <span class='ocrx_word' id='word_1_115' title='bbox 1079 1420 1267 1466; x_wconf 90' lang='lat' dir='ltr'><strong><em>notam</em></strong></span> <span class='ocrx_word' id='word_1_116' title='bbox 1298 1410 1675 1466; x_wconf 85' lang='lat' dir='ltr'><strong><em>homicidiatis</em></strong></span> <span class='ocrx_word' id='word_1_117' title='bbox 1706 1415 1786 1467; x_wconf 89' lang='lat' dir='ltr'><strong><em>te-</em></strong></span> 
     </span>
    </p>
   </div>
   <div class='ocr_carea' id='block_1_19' title="bbox 116 1480 536 1550">
    <p class='ocr_par' dir='ltr' id='par_1_19' title="bbox 116 1480 536 1550">
     <span class='ocr_line' id='line_1_19' title="bbox 116 1480 536 1550; baseline 0 -17"><span class='ocrx_word' id='word_1_118' title='bbox 116 1480 410 1533; x_wconf 83' lang='lat' dir='ltr'><strong><em>meritatis</em></strong></span> <span class='ocrx_word' id='word_1_119' title='bbox 440 1480 536 1550; x_wconf 91' lang='lat' dir='ltr'><strong><em>(a).</em></strong></span> 
     </span>
    </p>
   </div>
   <div class='ocr_carea' id='block_1_20' title="bbox 192 1550 1788 1622">
    <p class='ocr_par' dir='ltr' id='par_1_20' title="bbox 192 1550 1788 1622">
     <span class='ocr_line' id='line_1_20' title="bbox 192 1550 1788 1622; baseline 0.001 -19"><span class='ocrx_word' id='word_1_120' title='bbox 192 1551 283 1604; x_wconf 84' lang='grc'><strong><em>11.</em></strong></span> <span class='ocrx_word' id='word_1_121' title='bbox 315 1550 447 1606; x_wconf 83' lang='lat' dir='ltr'><strong><em>Hec</em></strong></span> <span class='ocrx_word' id='word_1_122' title='bbox 468 1554 662 1606; x_wconf 88' lang='lat' dir='ltr'><strong><em>autem</em></strong></span> <span class='ocrx_word' id='word_1_123' title='bbox 680 1568 809 1622; x_wconf 83' lang='lat' dir='ltr'><strong><em>que</em></strong></span> <span class='ocrx_word' id='word_1_124' title='bbox 835 1568 939 1607; x_wconf 90' lang='lat' dir='ltr'><strong><em>nos</em></strong></span> <span class='ocrx_word' id='word_1_125' title='bbox 963 1551 1033 1606; x_wconf 90' lang='lat' dir='ltr'><strong><em>de</em></strong></span> <span class='ocrx_word' id='word_1_126' title='bbox 1056 1552 1277 1607; x_wconf 87' lang='lat' dir='ltr'><strong><em>Isaacio</em></strong></span> <span class='ocrx_word' id='word_1_127' title='bbox 1293 1552 1467 1607; x_wconf 83' lang='lat' dir='ltr'><strong><em>Persa</em></strong></span> <span class='ocrx_word' id='word_1_128' title='bbox 1490 1557 1548 1608; x_wconf 92' lang='lat' dir='ltr'><strong><em>et</em></strong></span> <span class='ocrx_word' id='word_1_129' title='bbox 1567 1550 1788 1607; x_wconf 89' lang='lat' dir='ltr'><strong><em>ceteris</em></strong></span> 
     </span>
    </p>
   </div>
   <div class='ocr_carea' id='block_1_21' title="bbox 113 1620 1787 1695">
    <p class='ocr_par' dir='ltr' id='par_1_21' title="bbox 113 1620 1787 1695">
     <span class='ocr_line' id='line_1_21' title="bbox 113 1620 1787 1695; baseline 0.001 -21"><span class='ocrx_word' id='word_1_130' title='bbox 113 1620 414 1695; x_wconf 75' lang='lat' dir='ltr'><strong><em>hactenus</em></strong></span> <span class='ocrx_word' id='word_1_131' title='bbox 446 1622 531 1677; x_wconf 90' lang='lat' dir='ltr'><strong><em>vel</em></strong></span> <span class='ocrx_word' id='word_1_132' title='bbox 554 1620 1103 1695; x_wconf 81' lang='lat' dir='ltr'><strong><em>exscripsimus,vel</em></strong></span> <span class='ocrx_word' id='word_1_133' title='bbox 1130 1624 1573 1695; x_wconf 83' lang='lat' dir='ltr'><strong><em>explicavimus,</em></strong></span> <span class='ocrx_word' id='word_1_134' title='bbox 1600 1622 1787 1695; x_wconf 82' lang='lat' dir='ltr'><strong><em>mani-</em></strong></span> 
     </span>
    </p>
   </div>
   <div class='ocr_carea' id='block_1_22' title="bbox 116 1692 1788 1767">
    <p class='ocr_par' dir='ltr' id='par_1_22' title="bbox 116 1692 1788 1767">
     <span class='ocr_line' id='line_1_22' title="bbox 116 1692 1788 1767; baseline 0 -19"><span class='ocrx_word' id='word_1_135' title='bbox 116 1692 366 1748; x_wconf 87' lang='lat' dir='ltr'><strong><em>chaicos</em></strong></span> <span class='ocrx_word' id='word_1_136' title='bbox 385 1694 628 1764; x_wconf 79' lang='lat' dir='ltr'><strong><em>prodere</em></strong></span> <span class='ocrx_word' id='word_1_137' title='bbox 645 1692 857 1761; x_wconf 74' lang='lat' dir='ltr'><strong><em>mores,</em></strong></span> <span class='ocrx_word' id='word_1_138' title='bbox 878 1694 1149 1750; x_wconf 84' lang='lat' dir='ltr'><strong><em>instituta</em></strong></span> <span class='ocrx_word' id='word_1_139' title='bbox 1172 1692 1230 1750; x_wconf 78' lang='lat' dir='ltr'><strong><em>et</em></strong></span> <span class='ocrx_word' id='word_1_140' title='bbox 1253 1696 1536 1750; x_wconf 82' lang='lat' dir='ltr'><strong><em>nefariam</em></strong></span> <span class='ocrx_word' id='word_1_141' title='bbox 1558 1694 1788 1767; x_wconf 87' lang='lat' dir='ltr'><strong><em>religio-</em></strong></span> 
     </span>
    </p>
   </div>
   <div class='ocr_carea' id='block_1_23' title="bbox 1902 480 3555 553">
    <p class='ocr_par' dir='ltr' id='par_1_23' title="bbox 1902 480 3555 553">
     <span class='ocr_line' id='line_1_23' title="bbox 1902 480 3555 553; baseline 0.003 -18"><span class='ocrx_word' id='word_1_142' title='bbox 1902 480 2346 553; x_wconf 82' lang='lat' dir='ltr'><strong><em>stantinOpolim</em></strong></span> <span class='ocrx_word' id='word_1_143' title='bbox 2372 482 2597 550; x_wconf 86' lang='lat' dir='ltr'><strong><em>fecisse,</em></strong></span> <span class='ocrx_word' id='word_1_144' title='bbox 2617 482 2913 539; x_wconf 82' lang='lat' dir='ltr'><strong><em>Marianus</em></strong></span> <span class='ocrx_word' id='word_1_145' title='bbox 2937 481 3282 551; x_wconf 83' lang='lat' dir='ltr'><strong><em>monachus,</em></strong></span> <span class='ocrx_word' id='word_1_146' title='bbox 3303 499 3436 539; x_wconf 88' lang='lat' dir='ltr'><strong><em>cum</em></strong></span> <span class='ocrx_word' id='word_1_147' title='bbox 3459 501 3555 541; x_wconf 89' lang='lat' dir='ltr'><strong><em>ar-</em></strong></span> 
     </span>
    </p>
   </div>
   <div class='ocr_carea' id='block_1_24' title="bbox 1901 554 3554 612">
    <p class='ocr_par' dir='ltr' id='par_1_24' title="bbox 1901 554 3554 612">
     <span class='ocr_line' id='line_1_24' title="bbox 1901 554 3554 612; baseline 0.002 -5"><span class='ocrx_word' id='word_1_148' title='bbox 1901 554 2310 609; x_wconf 88' lang='lat' dir='ltr'><strong><em>chimandritis</em></strong></span> <span class='ocrx_word' id='word_1_149' title='bbox 2343 555 2683 609; x_wconf 85' lang='lat' dir='ltr'><strong><em>monasterii</em></strong></span> <span class='ocrx_word' id='word_1_150' title='bbox 2716 555 2911 610; x_wconf 83' lang='lat' dir='ltr'><strong><em>Sancti</em></strong></span> <span class='ocrx_word' id='word_1_151' title='bbox 2937 554 3213 611; x_wconf 79' lang='lat' dir='ltr'><strong><em>Dalmatii</em></strong></span> <span class='ocrx_word' id='word_1_152' title='bbox 3244 559 3301 610; x_wconf 89' lang='lat' dir='ltr'><strong><em>et</em></strong></span> <span class='ocrx_word' id='word_1_153' title='bbox 3332 556 3554 612; x_wconf 87' lang='lat' dir='ltr'><strong><em>ceteris</em></strong></span> 
     </span>
    </p>
   </div>
   <div class='ocr_carea' id='block_1_25' title="bbox 1900 626 3552 695">
    <p class='ocr_par' dir='ltr' id='par_1_25' title="bbox 1900 626 3552 695">
     <span class='ocr_line' id='line_1_25' title="bbox 1900 626 3552 695; baseline 0.002 -16"><span class='ocrx_word' id='word_1_154' title='bbox 1900 626 2202 680; x_wconf 87' lang='lat' dir='ltr'><strong><em>monachis</em></strong></span> <span class='ocrx_word' id='word_1_155' title='bbox 2234 632 2291 681; x_wconf 91' lang='lat' dir='ltr'><strong><em>et</em></strong></span> <span class='ocrx_word' id='word_1_156' title='bbox 2320 626 2800 681; x_wconf 73' lang='lat' dir='ltr'><strong><em>archimandritis</em></strong></span> <span class='ocrx_word' id='word_1_157' title='bbox 2848 627 3341 682; x_wconf 86' lang='lat' dir='ltr'><strong><em>monasteriorum</em></strong></span> <span class='ocrx_word' id='word_1_158' title='bbox 3384 630 3552 695; x_wconf 83' lang='lat' dir='ltr'><strong><em>regie</em></strong></span> 
     </span>
    </p>
   </div>
   <div class='ocr_carea' id='block_1_26' title="bbox 1900 696 3553 769">
    <p class='ocr_par' dir='ltr' id='par_1_26' title="bbox 1900 696 3553 769">
     <span class='ocr_line' id='line_1_26' title="bbox 1900 696 3553 769; baseline 0.002 -19"><span class='ocrx_word' id='word_1_159' title='bbox 1900 697 2063 769; x_wconf 89' lang='lat' dir='ltr'><strong><em>urbis</em></strong></span> <span class='ocrx_word' id='word_1_160' title='bbox 2113 696 2674 766; x_wconf 84' lang='lat' dir='ltr'><strong><em>Constantinopolis,</em></strong></span> <span class='ocrx_word' id='word_1_161' title='bbox 2726 699 3286 769; x_wconf 84' lang='lat' dir='ltr'><strong><em>Hierosolymorum,</em></strong></span> <span class='ocrx_word' id='word_1_162' title='bbox 3336 701 3553 754; x_wconf 91' lang='lat' dir='ltr'><strong><em>montis</em></strong></span> 
     </span>
    </p>
   </div>
   <div class='ocr_carea' id='block_1_27' title="bbox 1898 768 3548 841">
    <p class='ocr_par' dir='ltr' id='par_1_27' title="bbox 1898 768 3548 841">
     <span class='ocr_line' id='line_1_27' title="bbox 1898 768 3548 841; baseline 0.003 -21"><span class='ocrx_word' id='word_1_163' title='bbox 1898 768 2055 841; x_wconf 74' lang='lat' dir='ltr'><strong><em>Sinni</em></strong></span> <span class='ocrx_word' id='word_1_164' title='bbox 2092 784 2156 822; x_wconf 89' lang='lat' dir='ltr'><strong><em>ac</em></strong></span> <span class='ocrx_word' id='word_1_165' title='bbox 2188 770 2456 823; x_wconf 81' lang='lat' dir='ltr'><strong><em>secunde</em></strong></span> <span class='ocrx_word' id='word_1_166' title='bbox 2490 771 2689 841; x_wconf 86' lang='lat' dir='ltr'><strong><em>Syrie,</em></strong></span> <span class='ocrx_word' id='word_1_167' title='bbox 2720 770 2778 823; x_wconf 89' lang='lat' dir='ltr'><strong><em>in</em></strong></span> <span class='ocrx_word' id='word_1_168' title='bbox 2826 787 2932 825; x_wconf 86' lang='lat' dir='ltr'><strong><em>suo</em></strong></span> <span class='ocrx_word' id='word_1_169' title='bbox 2965 768 3161 826; x_wconf 86' lang='lat' dir='ltr'><strong><em>libello</em></strong></span> <span class='ocrx_word' id='word_1_170' title='bbox 3192 770 3441 841; x_wconf 87' lang='lat' dir='ltr'><strong><em>supplici</em></strong></span> <span class='ocrx_word' id='word_1_171' title='bbox 3477 773 3548 826; x_wconf 91' lang='lat' dir='ltr'><strong><em>ad</em></strong></span> 
     </span>
    </p>
   </div>
   <div class='ocr_carea' id='block_1_28' title="bbox 1897 839 3549 911">
    <p class='ocr_par' dir='ltr' id='par_1_28' title="bbox 1897 839 3549 911">
     <span class='ocr_line' id='line_1_28' title="bbox 1897 839 3549 911; baseline 0.002 -18"><span class='ocrx_word' id='word_1_172' title='bbox 1897 839 2301 895; x_wconf 85' lang='lat' dir='ltr'><strong><em>Justinianum</em></strong></span> <span class='ocrx_word' id='word_1_173' title='bbox 2330 839 2660 911; x_wconf 82' lang='lat' dir='ltr'><strong><em>Augustum</em></strong></span> <span class='ocrx_word' id='word_1_174' title='bbox 2686 843 2841 910; x_wconf 86' lang='lat' dir='ltr'><strong><em>dato,</em></strong></span> <span class='ocrx_word' id='word_1_175' title='bbox 2866 847 3233 898; x_wconf 86' lang='lat' dir='ltr'><strong><em>contestatus</em></strong></span> <span class='ocrx_word' id='word_1_176' title='bbox 3256 839 3366 909; x_wconf 79' lang='lat' dir='ltr'><strong><em>est,</em></strong></span> <span class='ocrx_word' id='word_1_177' title='bbox 3392 843 3549 897; x_wconf 88' lang='lat' dir='ltr'><strong><em>istud</em></strong></span> 
     </span>
    </p>
   </div>
   <div class='ocr_carea' id='block_1_29' title="bbox 1899 910 3551 986">
    <p class='ocr_par' dir='ltr' id='par_1_29' title="bbox 1899 910 3551 986">
     <span class='ocr_line' id='line_1_29' title="bbox 1899 910 3551 986; baseline 0.002 -20"><span class='ocrx_word' id='word_1_178' title='bbox 1899 910 2202 986; x_wconf 76' lang='lat' dir='ltr'><strong><em>speciatim</em></strong></span> <span class='ocrx_word' id='word_1_179' title='bbox 2228 914 2297 968; x_wconf 91' lang='lat' dir='ltr'><strong><em>de</em></strong></span> <span class='ocrx_word' id='word_1_180' title='bbox 2322 910 2598 968; x_wconf 74' lang='lat' dir='ltr'><strong><em>Anthimo</em></strong></span> <span class='ocrx_word' id='word_1_181' title='bbox 2618 914 2959 985; x_wconf 86' lang='lat' dir='ltr'><strong><em>subjiciens,</em></strong></span> <span class='ocrx_word' id='word_1_182' title='bbox 2979 932 3110 970; x_wconf 92' lang='lat' dir='ltr'><strong><em>eum</em></strong></span> <span class='ocrx_word' id='word_1_183' title='bbox 3129 914 3398 969; x_wconf 88' lang='lat' dir='ltr'><strong><em>videlicet</em></strong></span> <span class='ocrx_word' id='word_1_184' title='bbox 3420 931 3551 986; x_wconf 90' lang='lat' dir='ltr'><strong><em>pro-</em></strong></span> 
     </span>
    </p>
   </div>
   <div class='ocr_carea' id='block_1_30' title="bbox 1897 984 3548 1058">
    <p class='ocr_par' dir='ltr' id='par_1_30' title="bbox 1897 984 3548 1058">
     <span class='ocr_line' id='line_1_30' title="bbox 1897 984 3548 1058; baseline 0.004 -22"><span class='ocrx_word' id='word_1_185' title='bbox 1897 985 2089 1058; x_wconf 74' lang='lat' dir='ltr'><strong><em>priam</em></strong></span> <span class='ocrx_word' id='word_1_186' title='bbox 2121 984 2605 1058; x_wconf 83' lang='lat' dir='ltr'><strong><em>Trapezuntinam</em></strong></span> <span class='ocrx_word' id='word_1_187' title='bbox 2640 984 2956 1041; x_wconf 73' lang='lat' dir='ltr'><strong><em>Eculesiam</em></strong></span> <span class='ocrx_word' id='word_1_188' title='bbox 2991 987 3047 1041; x_wconf 89' lang='lat' dir='ltr'><strong><em>in</em></strong></span> <span class='ocrx_word' id='word_1_189' title='bbox 3090 1004 3208 1058; x_wconf 87' lang='lat' dir='ltr'><strong><em>qua</em></strong></span> <span class='ocrx_word' id='word_1_190' title='bbox 3234 984 3548 1058; x_wconf 79' lang='lat' dir='ltr'><strong><em>episcdpus</em></strong></span> 
     </span>
    </p>
   </div>
   <div class='ocr_carea' id='block_1_31' title="bbox 1900 1004 3548 1130">
    <p class='ocr_par' dir='ltr' id='par_1_31' title="bbox 1900 1004 3548 1130">
     <span class='ocr_line' id='line_1_31' title="bbox 1900 1004 3548 1058; baseline 0.004 -22"><span class='ocrx_word' id='word_1_191' title='bbox 1900 1004 2089 1053; x_wconf 78' lang='lat' dir='ltr'><strong><em>prium</em></strong></span> <span class='ocrx_word' id='word_1_192' title='bbox 2128 1004 2605 1055; x_wconf 69' lang='lat' dir='ltr'><strong><em>trapezununam</em></strong></span> <span class='ocrx_word' id='word_1_193' title='bbox 2640 1004 2956 1041; x_wconf 61' lang='lat' dir='ltr'><strong><em>ecclesiam</em></strong></span> <span class='ocrx_word' id='word_1_194' title='bbox 2991 1004 3047 1041; x_wconf 80' lang='lat' dir='ltr'><strong><em>in</em></strong></span> <span class='ocrx_word' id='word_1_195' title='bbox 3133 1004 3208 1042; x_wconf 88' lang='lat' dir='ltr'><strong><em>ua</em></strong></span> <span class='ocrx_word' id='word_1_196' title='bbox 3234 1004 3548 1058; x_wconf 82' lang='lat' dir='ltr'><strong><em>episcopus</em></strong></span> 
     </span>
     <span class='ocr_line' id='line_1_32' title="bbox 1900 1004 3548 1130; baseline 0.004 -23"><span class='ocrx_word' id='word_1_197' title='bbox 1900 1055 2085 1130; x_wconf 77' lang='lat' dir='ltr'><strong><em>luerat</em></strong></span> <span class='ocrx_word' id='word_1_198' title='bbox 2124 1057 2449 1130; x_wconf 84' lang='lat' dir='ltr'><strong><em>ordinatus,</em></strong></span> <span class='ocrx_word' id='word_1_199' title='bbox 2485 1061 2686 1111; x_wconf 88' lang='lat' dir='ltr'><strong><em>contra</em></strong></span> <span class='ocrx_word' id='word_1_200' title='bbox 2732 1058 2960 1113; x_wconf 86' lang='lat' dir='ltr'><strong><em>divinas</em></strong></span> <span class='ocrx_word' id='word_1_201' title='bbox 3007 1004 3548 1130; x_wconf 53' lang='lat' dir='ltr'><strong><em>eccclesiasticasque</em></strong></span> 
     </span>
    </p>
   </div>
   <div class='ocr_carea' id='block_1_32' title="bbox 1899 1128 3548 1199">
    <p class='ocr_par' dir='ltr' id='par_1_32' title="bbox 1899 1128 3548 1199">
     <span class='ocr_line' id='line_1_33' title="bbox 1899 1128 3548 1199; baseline 0.004 -20"><span class='ocrx_word' id='word_1_202' title='bbox 1899 1128 2055 1197; x_wconf 83' lang='lat' dir='ltr'><strong><em>leges</em></strong></span> <span class='ocrx_word' id='word_1_203' title='bbox 2088 1144 2154 1199; x_wconf 81' lang='lat' dir='ltr'><strong><em>ex</em></strong></span> <span class='ocrx_word' id='word_1_204' title='bbox 2187 1129 2371 1199; x_wconf 85' lang='lat' dir='ltr'><strong><em>multo</em></strong></span> <span class='ocrx_word' id='word_1_205' title='bbox 2390 1134 2649 1199; x_wconf 87' lang='lat' dir='ltr'><strong><em>tempore</em></strong></span> <span class='ocrx_word' id='word_1_206' title='bbox 2664 1132 3015 1195; x_wconf 86' lang='lat' dir='ltr'><strong><em>deseruisse,</em></strong></span> <span class='ocrx_word' id='word_1_207' title='bbox 3035 1136 3093 1185; x_wconf 89' lang='lat' dir='ltr'><strong><em>et</em></strong></span> <span class='ocrx_word' id='word_1_208' title='bbox 3124 1131 3235 1186; x_wconf 87' lang='lat' dir='ltr'><strong><em>sub</em></strong></span> <span class='ocrx_word' id='word_1_209' title='bbox 3261 1133 3395 1186; x_wconf 84' lang='lat' dir='ltr'><strong><em>ﬁcta</em></strong></span> <span class='ocrx_word' id='word_1_210' title='bbox 3416 1128 3548 1185; x_wconf 83' lang='lat' dir='ltr'><strong><em>con-</em></strong></span> 
     </span>
    </p>
   </div>
   <div class='ocr_carea' id='block_1_33' title="bbox 1897 1197 3547 1272">
    <p class='ocr_par' dir='ltr' id='par_1_33' title="bbox 1897 1197 3547 1272">
     <span class='ocr_line' id='line_1_34' title="bbox 1897 1197 3547 1272; baseline 0.003 -21"><span class='ocrx_word' id='word_1_211' title='bbox 1897 1198 2154 1272; x_wconf 78' lang='lat' dir='ltr'><strong><em>tinentie</em></strong></span> <span class='ocrx_word' id='word_1_212' title='bbox 2188 1197 2346 1255; x_wconf 89' lang='lat' dir='ltr'><strong><em>larva</em></strong></span> <span class='ocrx_word' id='word_1_213' title='bbox 2372 1197 2526 1253; x_wconf 39' lang='lat' dir='ltr'><strong><em>cum_</em></strong></span> <span class='ocrx_word' id='word_1_214' title='bbox 2548 1201 2836 1255; x_wconf 86' lang='lat' dir='ltr'><strong><em>hereticis</em></strong></span> <span class='ocrx_word' id='word_1_215' title='bbox 2885 1201 3287 1257; x_wconf 90' lang='lat' dir='ltr'><strong><em>conventicula</em></strong></span> <span class='ocrx_word' id='word_1_216' title='bbox 3320 1202 3547 1272; x_wconf 85' lang='lat' dir='ltr'><strong><em>fecisse,</em></strong></span> 
     </span>
    </p>
   </div>
   <div class='ocr_carea' id='block_1_34' title="bbox 1900 1270 3547 1343">
    <p class='ocr_par' dir='ltr' id='par_1_34' title="bbox 1900 1270 3547 1343">
     <span class='ocr_line' id='line_1_35' title="bbox 1900 1270 3547 1343; baseline 0.003 -19"><span class='ocrx_word' id='word_1_217' title='bbox 1900 1270 2271 1343; x_wconf 18' lang='lat' dir='ltr'><strong><em>ut‘nimirum</em></strong></span> <span class='ocrx_word' id='word_1_218' title='bbox 2324 1272 2532 1326; x_wconf 89' lang='lat' dir='ltr'><strong><em>horum</em></strong></span> <span class='ocrx_word' id='word_1_219' title='bbox 2584 1273 2856 1343; x_wconf 85' lang='lat' dir='ltr'><strong><em>presidio</em></strong></span> <span class='ocrx_word' id='word_1_220' title='bbox 2905 1274 3101 1328; x_wconf 85' lang='lat' dir='ltr'><strong><em>sedem</em></strong></span> <span class='ocrx_word' id='word_1_221' title='bbox 3134 1270 3547 1329; x_wconf 49' lang='lat' dir='ltr'><strong><em>Constantino?</em></strong></span> 
     </span>
    </p>
   </div>
   <div class='ocr_carea' id='block_1_35' title="bbox 1900 1339 3547 1413">
    <p class='ocr_par' dir='ltr' id='par_1_35' title="bbox 1900 1339 3547 1413">
     <span class='ocr_line' id='line_1_36' title="bbox 1900 1339 3547 1413; baseline 0.004 -19"><span class='ocrx_word' id='word_1_222' title='bbox 1900 1339 2218 1413; x_wconf 90' lang='lat' dir='ltr'><strong><em>politanam</em></strong></span> <span class='ocrx_word' id='word_1_223' title='bbox 2250 1353 2441 1398; x_wconf 88' lang='lat' dir='ltr'><strong><em>contra</em></strong></span> <span class='ocrx_word' id='word_1_224' title='bbox 2472 1339 2656 1399; x_wconf 76' lang='lat' dir='ltr'><strong><em>omnes</em></strong></span> <span class='ocrx_word' id='word_1_225' title='bbox 2682 1346 3077 1400; x_wconf 83' lang='lat' dir='ltr'><strong><em>ecclesiasticos</em></strong></span> <span class='ocrx_word' id='word_1_226' title='bbox 3120 1362 3357 1402; x_wconf 85' lang='lat' dir='ltr'><strong><em>canones</em></strong></span> <span class='ocrx_word' id='word_1_227' title='bbox 3387 1351 3437 1401; x_wconf 87' lang='lat' dir='ltr'><strong><em>et</em></strong></span> <span class='ocrx_word' id='word_1_228' title='bbox 3471 1347 3547 1401; x_wconf 86' lang='lat' dir='ltr'><strong><em>le-</em></strong></span> 
     </span>
    </p>
   </div>
   <div class='ocr_carea' id='block_1_36' title="bbox 1895 1413 2347 1483">
    <p class='ocr_par' dir='ltr' id='par_1_36' title="bbox 1895 1413 2347 1483">
     <span class='ocr_line' id='line_1_37' title="bbox 1895 1413 2347 1483; baseline 0.007 -17"><span class='ocrx_word' id='word_1_229' title='bbox 1895 1413 2347 1483; x_wconf 12' lang='lat' dir='ltr'><strong><em>gesisubriperet.</em></strong></span> 
     </span>
    </p>
   </div>
   <div class='ocr_carea' id='block_1_37' title="bbox 1970 1482 3543 1556">
    <p class='ocr_par' dir='ltr' id='par_1_37' title="bbox 1970 1482 3543 1556">
     <span class='ocr_line' id='line_1_38' title="bbox 1970 1482 3543 1556; baseline 0.003 -19"><span class='ocrx_word' id='word_1_230' title='bbox 1970 1482 2129 1556; x_wconf 83' lang='lat' dir='ltr'><strong><em>Hanc</em></strong></span> <span class='ocrx_word' id='word_1_231' title='bbox 2158 1482 2470 1541; x_wconf 86' lang='lat' dir='ltr'><strong><em>violentam</em></strong></span> <span class='ocrx_word' id='word_1_232' title='bbox 2484 1488 2540 1539; x_wconf 89' lang='lat' dir='ltr'><strong><em>et</em></strong></span> <span class='ocrx_word' id='word_1_233' title='bbox 2556 1485 2821 1556; x_wconf 89' lang='lat' dir='ltr'><strong><em>iniquam</em></strong></span> <span class='ocrx_word' id='word_1_234' title='bbox 2834 1485 3099 1540; x_wconf 89' lang='lat' dir='ltr'><strong><em>Anthimi</em></strong></span> <span class='ocrx_word' id='word_1_235' title='bbox 3121 1489 3193 1543; x_wconf 91' lang='lat' dir='ltr'><strong><em>ad</em></strong></span> <span class='ocrx_word' id='word_1_236' title='bbox 3208 1486 3543 1543; x_wconf 89' lang='lat' dir='ltr'><strong><em>Constanti-</em></strong></span> 
     </span>
    </p>
   </div>
   <div class='ocr_carea' id='block_1_38' title="bbox 1901 1554 3547 1629">
    <p class='ocr_par' dir='ltr' id='par_1_38' title="bbox 1901 1554 3547 1629">
     <span class='ocr_line' id='line_1_39' title="bbox 1901 1554 3547 1629; baseline 0.002 -22"><span class='ocrx_word' id='word_1_237' title='bbox 1901 1554 2306 1629; x_wconf 82' lang='lat' dir='ltr'><strong><em>n0p_olita_num</em></strong></span> <span class='ocrx_word' id='word_1_238' title='bbox 2350 1558 2625 1611; x_wconf 86' lang='lat' dir='ltr'><strong><em>thronum</em></strong></span> <span class='ocrx_word' id='word_1_239' title='bbox 2660 1554 3085 1629; x_wconf 82' lang='lat' dir='ltr'><strong><em>promotionem</em></strong></span> <span class='ocrx_word' id='word_1_240' title='bbox 3121 1559 3318 1614; x_wconf 88' lang='lat' dir='ltr'><strong><em>cuncti</em></strong></span> <span class='ocrx_word' id='word_1_241' title='bbox 3348 1558 3547 1614; x_wconf 85' lang='lat' dir='ltr'><strong><em>ortho-</em></strong></span> 
     </span>
    </p>
   </div>
   <div class='ocr_carea' id='block_1_39' title="bbox 1899 1625 3547 1700">
    <p class='ocr_par' dir='ltr' id='par_1_39' title="bbox 1899 1625 3547 1700">
     <span class='ocr_line' id='line_1_40' title="bbox 1899 1625 3547 1700; baseline 0.003 -22"><span class='ocrx_word' id='word_1_242' title='bbox 1899 1625 2038 1700; x_wconf 83' lang='lat' dir='ltr'><strong><em>dox_i</em></strong></span> <span class='ocrx_word' id='word_1_243' title='bbox 2064 1627 2170 1700; x_wconf 80' lang='lat' dir='ltr'><strong><em>viri</em></strong></span> <span class='ocrx_word' id='word_1_244' title='bbox 2202 1625 2810 1700; x_wconf 43' lang='lat' dir='ltr'><strong><em>exhorrueruntfcum</em></strong></span> <span class='ocrx_word' id='word_1_245' title='bbox 2843 1628 2981 1698; x_wconf 90' lang='lat' dir='ltr'><strong><em>quia</em></strong></span> <span class='ocrx_word' id='word_1_246' title='bbox 3012 1628 3275 1700; x_wconf 89' lang='lat' dir='ltr'><strong><em>legitima</em></strong></span> <span class='ocrx_word' id='word_1_247' title='bbox 3304 1629 3547 1685; x_wconf 84' lang='lat' dir='ltr'><strong><em>catholi-</em></strong></span> 
     </span>
    </p>
   </div>
   <div class='ocr_carea' id='block_1_40' title="bbox 1899 1696 3549 1771">
    <p class='ocr_par' dir='ltr' id='par_1_40' title="bbox 1899 1696 3549 1771">
     <span class='ocr_line' id='line_1_41' title="bbox 1899 1696 3549 1771; baseline 0.002 -20"><span class='ocrx_word' id='word_1_248' title='bbox 1899 1712 1979 1751; x_wconf 85' lang='lat' dir='ltr'><strong><em>ce</em></strong></span> <span class='ocrx_word' id='word_1_249' title='bbox 2000 1696 2269 1753; x_wconf 84' lang='lat' dir='ltr'><strong><em>Ecclesie</em></strong></span> <span class='ocrx_word' id='word_1_250' title='bbox 2294 1696 2663 1771; x_wconf 82' lang='lat' dir='ltr'><strong><em>sacramenta</em></strong></span> <span class='ocrx_word' id='word_1_251' title='bbox 2687 1696 3243 1769; x_wconf 50' lang='lat' dir='ltr'><strong><em>pessumdaba&#39;ntur,</em></strong></span> <span class='ocrx_word' id='word_1_252' title='bbox 3260 1706 3386 1756; x_wconf 91' lang='lat' dir='ltr'><strong><em>tum</em></strong></span> <span class='ocrx_word' id='word_1_253' title='bbox 3410 1701 3549 1771; x_wconf 88' lang='lat' dir='ltr'><strong><em>quia</em></strong></span> 
     </span>
    </p>
   </div>
   <div class='ocr_carea' id='block_1_41' title="bbox 118 1767 3545 1843">
    <p class='ocr_par' dir='ltr' id='par_1_41' title="bbox 118 1767 3545 1843">
     <span class='ocr_line' id='line_1_42' title="bbox 118 1767 3545 1843; baseline 0.002 -25"><span class='ocrx_word' id='word_1_254' title='bbox 118 1780 287 1843; x_wconf 72' lang='lat' dir='ltr'><strong><em>nem,</em></strong></span> <span class='ocrx_word' id='word_1_255' title='bbox 311 1770 474 1819; x_wconf 84' lang='lat' dir='ltr'><strong><em>extra</em></strong></span> <span class='ocrx_word' id='word_1_256' title='bbox 503 1782 737 1843; x_wconf 81' lang='lat' dir='ltr'><strong><em>omnem</em></strong></span> <span class='ocrx_word' id='word_1_257' title='bbox 761 1767 1148 1843; x_wconf 82' lang='lat' dir='ltr'><strong><em>dubitationis</em></strong></span> <span class='ocrx_word' id='word_1_258' title='bbox 1166 1769 1353 1821; x_wconf 89' lang='lat' dir='ltr'><strong><em>aleam</em></strong></span> <span class='ocrx_word' id='word_1_259' title='bbox 1376 1767 1631 1843; x_wconf 80' lang='lat' dir='ltr'><strong><em>positum</em></strong></span> <span class='ocrx_word' id='word_1_260' title='bbox 1659 1782 1787 1822; x_wconf 89' lang='lat' dir='ltr'><strong><em>esse</em></strong></span> <span class='ocrx_word' id='word_1_261' title='bbox 1816 1777 1866 1843; x_wconf 76' lang='grc' dir='ltr'><strong>Β</strong></span> <span class='ocrx_word' id='word_1_262' title='bbox 1896 1784 2160 1843; x_wconf 81' lang='lat' dir='ltr'><strong><em>summas</em></strong></span> <span class='ocrx_word' id='word_1_263' title='bbox 2184 1772 2302 1842; x_wconf 86' lang='lat' dir='ltr'><strong><em>pati</em></strong></span> <span class='ocrx_word' id='word_1_264' title='bbox 2330 1770 2629 1843; x_wconf 86' lang='lat' dir='ltr'><strong><em>molestias</em></strong></span> <span class='ocrx_word' id='word_1_265' title='bbox 2645 1767 3024 1842; x_wconf 80' lang='lat' dir='ltr'><strong><em>cogebantur.</em></strong></span> <span class='ocrx_word' id='word_1_266' title='bbox 3042 1774 3187 1837; x_wconf 87' lang='lat' dir='ltr'><strong><em>Quid</em></strong></span> <span class='ocrx_word' id='word_1_267' title='bbox 3211 1767 3345 1828; x_wconf 88' lang='lat' dir='ltr'><strong><em>vero</em></strong></span> <span class='ocrx_word' id='word_1_268' title='bbox 3362 1767 3545 1842; x_wconf 81' lang='lat' dir='ltr'><strong><em>impe-</em></strong></span> 
     </span>
    </p>
   </div>
   <div class='ocr_carea' id='block_1_42' title="bbox 120 1835 1787 1910">
    <p class='ocr_par' dir='ltr' id='par_1_42' title="bbox 120 1835 1787 1910">
     <span class='ocr_line' id='line_1_43' title="bbox 120 1835 1787 1910; baseline 0.002 -21"><span class='ocrx_word' id='word_1_269' title='bbox 120 1835 513 1910; x_wconf 81' lang='lat' dir='ltr'><strong><em>arbitramur.</em></strong></span> <span class='ocrx_word' id='word_1_270' title='bbox 535 1839 722 1910; x_wconf 87' lang='lat' dir='ltr'><strong><em>Atque</em></strong></span> <span class='ocrx_word' id='word_1_271' title='bbox 744 1838 1117 1910; x_wconf 80' lang='lat' dir='ltr'><strong><em>potissimum</em></strong></span> <span class='ocrx_word' id='word_1_272' title='bbox 1136 1838 1191 1892; x_wconf 87' lang='lat' dir='ltr'><strong><em>in</em></strong></span> <span class='ocrx_word' id='word_1_273' title='bbox 1213 1855 1341 1893; x_wconf 87' lang='lat' dir='ltr'><strong><em>eam</em></strong></span> <span class='ocrx_word' id='word_1_274' title='bbox 1370 1835 1635 1910; x_wconf 77' lang='lat' dir='ltr'><strong><em>rapimur</em></strong></span> <span class='ocrx_word' id='word_1_275' title='bbox 1659 1855 1787 1910; x_wconf 78' lang='lat' dir='ltr'><strong><em>per-</em></strong></span> 
     </span>
    </p>
   </div>
   <div class='ocr_carea' id='block_1_43' title="bbox 122 1907 1789 1980">
    <p class='ocr_par' dir='ltr' id='par_1_43' title="bbox 122 1907 1789 1980">
     <span class='ocr_line' id='line_1_44' title="bbox 122 1907 1789 1980; baseline 0.001 -18"><span class='ocrx_word' id='word_1_276' title='bbox 122 1907 500 1977; x_wconf 82' lang='lat' dir='ltr'><strong><em>suasionem,</em></strong></span> <span class='ocrx_word' id='word_1_277' title='bbox 525 1907 677 1978; x_wconf 84' lang='lat' dir='ltr'><strong><em>quOd</em></strong></span> <span class='ocrx_word' id='word_1_278' title='bbox 706 1908 1162 1965; x_wconf 82' lang='lat' dir='ltr'><strong><em>Manicheorum</em></strong></span> <span class='ocrx_word' id='word_1_279' title='bbox 1182 1914 1360 1977; x_wconf 86' lang='lat' dir='ltr'><strong><em>secta,</em></strong></span> <span class='ocrx_word' id='word_1_280' title='bbox 1384 1907 1789 1980; x_wconf 62' lang='lat' dir='ltr'><strong><em>teinplum,al-</em></strong></span> 
     </span>
    </p>
   </div>
   <div class='ocr_carea' id='block_1_44' title="bbox 131 1980 1790 2054">
    <p class='ocr_par' dir='ltr' id='par_1_44' title="bbox 131 1980 1790 2054">
     <span class='ocr_line' id='line_1_45' title="bbox 131 1980 1790 2054; baseline 0.002 -22"><span class='ocrx_word' id='word_1_281' title='bbox 131 1980 727 2054; x_wconf 31' lang='lat' dir='ltr'><strong><em>tas-iatsacriﬁcium,</em></strong></span> <span class='ocrx_word' id='word_1_282' title='bbox 775 1981 1068 2050; x_wconf 81' lang='lat' dir='ltr'><strong><em>imagines,</em></strong></span> <span class='ocrx_word' id='word_1_283' title='bbox 1115 1980 1347 2054; x_wconf 87' lang='lat' dir='ltr'><strong><em>aliaque</em></strong></span> <span class='ocrx_word' id='word_1_284' title='bbox 1397 1982 1671 2054; x_wconf 84' lang='lat' dir='ltr'><strong><em>mysteria</em></strong></span> <span class='ocrx_word' id='word_1_285' title='bbox 1717 1981 1790 2054; x_wconf 75' lang='lat' dir='ltr'><strong><em>ad</em></strong></span> 
     </span>
    </p>
   </div>
   <div class='ocr_carea' id='block_1_45' title="bbox 129 2049 1791 2124">
    <p class='ocr_par' dir='ltr' id='par_1_45' title="bbox 129 2049 1791 2124">
     <span class='ocr_line' id='line_1_46' title="bbox 129 2049 1791 2124; baseline 0.001 -19"><span class='ocrx_word' id='word_1_286' title='bbox 129 2049 355 2124; x_wconf 71' lang='lat' dir='ltr'><strong><em>Christi</em></strong></span> <span class='ocrx_word' id='word_1_287' title='bbox 384 2067 584 2107; x_wconf 87' lang='lat' dir='ltr'><strong><em>veram</em></strong></span> <span class='ocrx_word' id='word_1_288' title='bbox 627 2049 948 2107; x_wconf 86' lang='lat' dir='ltr'><strong><em>humanam</em></strong></span> <span class='ocrx_word' id='word_1_289' title='bbox 995 2049 1269 2108; x_wconf 76' lang='lat' dir='ltr'><strong><em>naturam</em></strong></span> <span class='ocrx_word' id='word_1_290' title='bbox 1316 2049 1686 2124; x_wconf 75' lang='lat' dir='ltr'><strong><em>pertinentia,</em></strong></span> <span class='ocrx_word' id='word_1_291' title='bbox 1718 2050 1791 2106; x_wconf 91' lang='lat' dir='ltr'><strong><em>i1-</em></strong></span> 
     </span>
    </p>
   </div>
   <div class='ocr_carea' id='block_1_46' title="bbox 136 2123 1794 2195">
    <p class='ocr_par' dir='ltr' id='par_1_46' title="bbox 136 2123 1794 2195">
     <span class='ocr_line' id='line_1_47' title="bbox 136 2123 1794 2195; baseline 0.001 -19"><span class='ocrx_word' id='word_1_292' title='bbox 136 2123 395 2195; x_wconf 84' lang='lat' dir='ltr'><strong><em>lamque</em></strong></span> <span class='ocrx_word' id='word_1_293' title='bbox 435 2125 931 2194; x_wconf 86' lang='lat' dir='ltr'><strong><em>representantia,</em></strong></span> <span class='ocrx_word' id='word_1_294' title='bbox 964 2123 1335 2195; x_wconf 77' lang='lat' dir='ltr'><strong><em>dejiciebant,</em></strong></span> <span class='ocrx_word' id='word_1_295' title='bbox 1364 2126 1701 2179; x_wconf 75' lang='lat' dir='ltr'><strong><em>avertebant</em></strong></span> <span class='ocrx_word' id='word_1_296' title='bbox 1736 2127 1794 2178; x_wconf 90' lang='lat' dir='ltr'><strong><em>et</em></strong></span> 
     </span>
    </p>
   </div>
   <div class='ocr_carea' id='block_1_47' title="bbox 142 2194 1794 2277">
    <p class='ocr_par' dir='ltr' id='par_1_47' title="bbox 142 2194 1794 2277">
     <span class='ocr_line' id='line_1_48' title="bbox 142 2194 1794 2277; baseline 0.001 -28"><span class='ocrx_word' id='word_1_297' title='bbox 142 2196 219 2249; x_wconf 85' lang='lat' dir='ltr'><strong><em>ab</em></strong></span> <span class='ocrx_word' id='word_1_298' title='bbox 251 2195 329 2277; x_wconf 74' lang='lat' dir='ltr'><strong><em>iis</em></strong></span> <span class='ocrx_word' id='word_1_299' title='bbox 352 2194 750 2277; x_wconf 73' lang='lat' dir='ltr'><strong><em>abhorrebant</em></strong></span> <span class='ocrx_word' id='word_1_300' title='bbox 772 2200 888 2277; x_wconf 30' lang='lat' dir='ltr'><strong><em>sont</em></strong></span> <span class='ocrx_word' id='word_1_301' title='bbox 919 2196 977 2249; x_wconf 90' lang='lat' dir='ltr'><strong><em>in</em></strong></span> <span class='ocrx_word' id='word_1_302' title='bbox 1001 2197 1357 2277; x_wconf 78' lang='lat' dir='ltr'><strong><em>quibusdam</em></strong></span> <span class='ocrx_word' id='word_1_303' title='bbox 1385 2197 1595 2251; x_wconf 90' lang='lat' dir='ltr'><strong><em>deinde</em></strong></span> <span class='ocrx_word' id='word_1_304' title='bbox 1620 2212 1794 2277; x_wconf 68' lang='lat' dir='ltr'><strong><em>syna-</em></strong></span> 
     </span>
    </p>
   </div>
   <div class='ocr_carea' id='block_1_48' title="bbox 136 2266 1792 2392">
    <p class='ocr_par' dir='ltr' id='par_1_48' title="bbox 136 2266 1792 2392">
     <span class='ocr_line' id='line_1_49' title="bbox 136 2266 1792 2392; baseline -0.001 -71"><span class='ocrx_word' id='word_1_305' title='bbox 136 2267 339 2392; x_wconf 59' lang='lat' dir='ltr'><strong><em>gogis,</em></strong></span> <span class='ocrx_word' id='word_1_306' title='bbox 371 2281 475 2320; x_wconf 88' lang='lat' dir='ltr'><strong><em>seu</em></strong></span> <span class='ocrx_word' id='word_1_307' title='bbox 509 2266 865 2333; x_wconf 89' lang='lat' dir='ltr'><strong><em>diversoriis,</em></strong></span> <span class='ocrx_word' id='word_1_308' title='bbox 898 2266 1031 2322; x_wconf 89' lang='lat' dir='ltr'><strong><em>cum</em></strong></span> <span class='ocrx_word' id='word_1_309' title='bbox 1064 2267 1257 2339; x_wconf 88' lang='lat' dir='ltr'><strong><em>pravis</em></strong></span> <span class='ocrx_word' id='word_1_310' title='bbox 1296 2283 1497 2323; x_wconf 90' lang='lat' dir='ltr'><strong><em>eorum</em></strong></span> <span class='ocrx_word' id='word_1_311' title='bbox 1531 2266 1792 2322; x_wconf 91' lang='lat' dir='ltr'><strong><em>mulieri-</em></strong></span> 
     </span>
     <span class='ocr_line' id='line_1_50' title="bbox 185 2337 1792 2392; baseline 0 0"><span class='ocrx_word' id='word_1_312' title='bbox 185 2354 261 2392; x_wconf 88' lang='lat' dir='ltr'><strong><em>us</em></strong></span> <span class='ocrx_word' id='word_1_313' title='bbox 291 2337 600 2392; x_wconf 82' lang='lat' dir='ltr'><strong><em>dumtaxat</em></strong></span> <span class='ocrx_word' id='word_1_314' title='bbox 644 2340 947 2392; x_wconf 86' lang='lat' dir='ltr'><strong><em>nocturnis</em></strong></span> <span class='ocrx_word' id='word_1_315' title='bbox 986 2339 1146 2392; x_wconf 89' lang='lat' dir='ltr'><strong><em>horis</em></strong></span> <span class='ocrx_word' id='word_1_316' title='bbox 1176 2344 1689 2392; x_wconf 69' lang='lat' dir='ltr'><strong><em>congregarentur.</em></strong></span> <span class='ocrx_word' id='word_1_317' title='bbox 1720 2338 1792 2392; x_wconf 88' lang='lat' dir='ltr'><strong><em>ad</em></strong></span> 
     </span>
    </p>
   </div>
   <div class='ocr_carea' id='block_1_49' title="bbox 185 2337 1794 2410">
    <p class='ocr_par' dir='ltr' id='par_1_49' title="bbox 185 2337 1794 2410">
     <span class='ocr_line' id='line_1_51' title="bbox 185 2337 1794 2410; baseline 0.001 -19"><span class='ocrx_word' id='word_1_318' title='bbox 185 2354 261 2392; x_wconf 89' lang='lat' dir='ltr'><strong><em>us</em></strong></span> <span class='ocrx_word' id='word_1_319' title='bbox 291 2337 600 2393; x_wconf 83' lang='lat' dir='ltr'><strong><em>dumtaxat</em></strong></span> <span class='ocrx_word' id='word_1_320' title='bbox 644 2340 947 2394; x_wconf 87' lang='lat' dir='ltr'><strong><em>nocturnis</em></strong></span> <span class='ocrx_word' id='word_1_321' title='bbox 986 2337 1146 2395; x_wconf 81' lang='lat' dir='ltr'><strong><em>horis</em></strong></span> <span class='ocrx_word' id='word_1_322' title='bbox 1176 2344 1689 2410; x_wconf 85' lang='lat' dir='ltr'><strong><em>congregarentur,</em></strong></span> <span class='ocrx_word' id='word_1_323' title='bbox 1720 2338 1794 2393; x_wconf 88' lang='lat' dir='ltr'><strong><em>ad</em></strong></span> 
     </span>
    </p>
   </div>
   <div class='ocr_carea' id='block_1_50' title="bbox 187 2410 1795 2480">
    <p class='ocr_par' dir='ltr' id='par_1_50' title="bbox 187 2410 1795 2480">
     <span class='ocr_line' id='line_1_52' title="bbox 187 2410 1795 2480; baseline 0.001 -17"><span class='ocrx_word' id='word_1_324' title='bbox 187 2410 426 2464; x_wconf 87' lang='lat' dir='ltr'><strong><em>rofanas</em></strong></span> <span class='ocrx_word' id='word_1_325' title='bbox 443 2411 730 2480; x_wconf 89' lang='lat' dir='ltr'><strong><em>quasdam</em></strong></span> <span class='ocrx_word' id='word_1_326' title='bbox 750 2410 1074 2467; x_wconf 88' lang='lat' dir='ltr'><strong><em>oblationes</em></strong></span> <span class='ocrx_word' id='word_1_327' title='bbox 1092 2412 1207 2467; x_wconf 92' lang='lat' dir='ltr'><strong><em>Deo</em></strong></span> <span class='ocrx_word' id='word_1_328' title='bbox 1226 2410 1570 2467; x_wconf 76' lang='lat' dir='ltr'><strong><em>oﬂ‘erendas.</em></strong></span> <span class='ocrx_word' id='word_1_329' title='bbox 1604 2412 1795 2466; x_wconf 89' lang='lat' dir='ltr'><strong><em>Lucu-</em></strong></span> 
     </span>
    </p>
   </div>
   <div class='ocr_carea' id='block_1_51' title="bbox 160 2482 1796 2539">
    <p class='ocr_par' dir='ltr' id='par_1_51' title="bbox 160 2482 1796 2539">
     <span class='ocr_line' id='line_1_53' title="bbox 160 2482 1796 2539; baseline 0 -2"><span class='ocrx_word' id='word_1_330' title='bbox 160 2482 365 2537; x_wconf 86' lang='lat' dir='ltr'><strong><em>entius</em></strong></span> <span class='ocrx_word' id='word_1_331' title='bbox 396 2484 590 2536; x_wconf 87' lang='lat' dir='ltr'><strong><em>tamen</em></strong></span> <span class='ocrx_word' id='word_1_332' title='bbox 624 2483 693 2537; x_wconf 89' lang='lat' dir='ltr'><strong><em>de</em></strong></span> <span class='ocrx_word' id='word_1_333' title='bbox 723 2482 931 2537; x_wconf 90' lang='lat' dir='ltr'><strong><em>horum</em></strong></span> <span class='ocrx_word' id='word_1_334' title='bbox 979 2482 1269 2539; x_wconf 81' lang='lat' dir='ltr'><strong><em>institutis</em></strong></span> <span class='ocrx_word' id='word_1_335' title='bbox 1314 2484 1642 2538; x_wconf 85' lang='lat' dir='ltr'><strong><em>Beausobre</em></strong></span> <span class='ocrx_word' id='word_1_336' title='bbox 1675 2483 1796 2537; x_wconf 90' lang='lat' dir='ltr'><strong><em>dis-</em></strong></span> 
     </span>
    </p>
   </div>
   <div class='ocr_carea' id='block_1_52' title="bbox 138 2552 1798 2624">
    <p class='ocr_par' dir='ltr' id='par_1_52' title="bbox 138 2552 1798 2624">
     <span class='ocr_line' id='line_1_54' title="bbox 138 2552 1798 2624; baseline 0 -16"><span class='ocrx_word' id='word_1_337' title='bbox 138 2554 334 2608; x_wconf 89' lang='lat' dir='ltr'><strong><em>seruit</em></strong></span> <span class='ocrx_word' id='word_1_338' title='bbox 374 2552 485 2624; x_wconf 89' lang='lat' dir='ltr'><strong><em>(b);</em></strong></span> <span class='ocrx_word' id='word_1_339' title='bbox 535 2554 636 2608; x_wconf 88' lang='lat' dir='ltr'><strong><em>sed</em></strong></span> <span class='ocrx_word' id='word_1_340' title='bbox 682 2570 747 2608; x_wconf 90' lang='lat' dir='ltr'><strong><em>eo</em></strong></span> <span class='ocrx_word' id='word_1_341' title='bbox 797 2555 992 2609; x_wconf 90' lang='lat' dir='ltr'><strong><em>animo</em></strong></span> <span class='ocrx_word' id='word_1_342' title='bbox 1041 2559 1105 2609; x_wconf 92' lang='lat' dir='ltr'><strong><em>ut</em></strong></span> <span class='ocrx_word' id='word_1_343' title='bbox 1152 2556 1502 2609; x_wconf 88' lang='lat' dir='ltr'><strong><em>contendere</em></strong></span> <span class='ocrx_word' id='word_1_344' title='bbox 1555 2554 1798 2610; x_wconf 84' lang='lat' dir='ltr'><strong><em>auderet</em></strong></span> 
     </span>
    </p>
   </div>
   <div class='ocr_carea' id='block_1_53' title="bbox 138 2624 1795 2708">
    <p class='ocr_par' dir='ltr' id='par_1_53' title="bbox 138 2624 1795 2708">
     <span class='ocr_line' id='line_1_55' title="bbox 138 2624 1795 2708; baseline -0.001 -29"><span class='ocrx_word' id='word_1_345' title='bbox 138 2625 419 2708; x_wconf 67' lang='lat' dir='ltr'><strong><em>quaedam</em></strong></span> <span class='ocrx_word' id='word_1_346' title='bbox 442 2624 605 2708; x_wconf 59' lang='lat' dir='ltr'><strong><em>ex</em></strong></span> <span class='ocrx_word' id='word_1_347' title='bbox 628 2625 1298 2708; x_wconf 69' lang='lat' dir='ltr'><strong><em>institutisprimigenie</em></strong></span> <span class='ocrx_word' id='word_1_348' title='bbox 1324 2626 1795 2708; x_wconf 63' lang='lat' dir='ltr'><strong><em>Christianorum</em></strong></span> 
     </span>
    </p>
   </div>
   <div class='ocr_carea' id='block_1_54' title="bbox 138 2694 1798 2769">
    <p class='ocr_par' dir='ltr' id='par_1_54' title="bbox 138 2694 1798 2769">
     <span class='ocr_line' id='line_1_56' title="bbox 138 2694 1798 2769; baseline 0.001 -18"><span class='ocrx_word' id='word_1_349' title='bbox 138 2694 441 2766; x_wconf 72' lang='lat' dir='ltr'><strong><em>religioni,</em></strong></span> <span class='ocrx_word' id='word_1_350' title='bbox 473 2694 703 2769; x_wconf 83' lang='lat' dir='ltr'><strong><em>ritibus,</em></strong></span> <span class='ocrx_word' id='word_1_351' title='bbox 726 2694 1047 2769; x_wconf 84' lang='lat' dir='ltr'><strong><em>discipline</em></strong></span> <span class='ocrx_word' id='word_1_352' title='bbox 1070 2694 1532 2769; x_wconf 53' lang='lat' dir='ltr'><strong><em>el&#39;dogmatibus</em></strong></span> <span class='ocrx_word' id='word_1_353' title='bbox 1553 2714 1798 2752; x_wconf 90' lang='lat' dir='ltr'><strong><em>consen-</em></strong></span> 
     </span>
    </p>
   </div>
   <div class='ocr_carea' id='block_1_55' title="bbox 137 2768 1797 2839">
    <p class='ocr_par' dir='ltr' id='par_1_55' title="bbox 137 2768 1797 2839">
     <span class='ocr_line' id='line_1_57' title="bbox 137 2768 1797 2839; baseline 0.001 -18"><span class='ocrx_word' id='word_1_354' title='bbox 137 2772 325 2822; x_wconf 85' lang='lat' dir='ltr'><strong><em>tanea</em></strong></span> <span class='ocrx_word' id='word_1_355' title='bbox 353 2768 595 2822; x_wconf 90' lang='lat' dir='ltr'><strong><em>omnino</em></strong></span> <span class='ocrx_word' id='word_1_356' title='bbox 627 2769 828 2835; x_wconf 84' lang='lat' dir='ltr'><strong><em>fuisse,</em></strong></span> <span class='ocrx_word' id='word_1_357' title='bbox 861 2768 1033 2839; x_wconf 87' lang='lat' dir='ltr'><strong><em>quasi</em></strong></span> <span class='ocrx_word' id='word_1_358' title='bbox 1075 2786 1209 2824; x_wconf 89' lang='lat' dir='ltr'><strong><em>vero</em></strong></span> <span class='ocrx_word' id='word_1_359' title='bbox 1241 2768 1537 2824; x_wconf 82' lang='lat' dir='ltr'><strong><em>Manichei</em></strong></span> <span class='ocrx_word' id='word_1_360' title='bbox 1584 2770 1641 2822; x_wconf 91' lang='lat' dir='ltr'><strong><em>in</em></strong></span> <span class='ocrx_word' id='word_1_361' title='bbox 1673 2786 1797 2822; x_wconf 88' lang='lat' dir='ltr'><strong><em>om-</em></strong></span> 
     </span>
    </p>
   </div>
   <div class='ocr_carea' id='block_1_56' title="bbox 139 2839 1795 2908">
    <p class='ocr_par' dir='ltr' id='par_1_56' title="bbox 139 2839 1795 2908">
     <span class='ocr_line' id='line_1_58' title="bbox 139 2839 1795 2908; baseline 0.001 -14"><span class='ocrx_word' id='word_1_362' title='bbox 139 2840 329 2894; x_wconf 88' lang='lat' dir='ltr'><strong><em>nibus</em></strong></span> <span class='ocrx_word' id='word_1_363' title='bbox 373 2839 710 2908; x_wconf 88' lang='lat' dir='ltr'><strong><em>apostolicis</em></strong></span> <span class='ocrx_word' id='word_1_364' title='bbox 759 2839 898 2895; x_wconf 89' lang='lat' dir='ltr'><strong><em>viris</em></strong></span> <span class='ocrx_word' id='word_1_365' title='bbox 946 2856 1009 2895; x_wconf 88' lang='lat' dir='ltr'><strong><em>se</em></strong></span> <span class='ocrx_word' id='word_1_366' title='bbox 1038 2841 1389 2896; x_wconf 88' lang='lat' dir='ltr'><strong><em>conformari</em></strong></span> <span class='ocrx_word' id='word_1_367' title='bbox 1442 2839 1795 2895; x_wconf 89' lang='lat' dir='ltr'><strong><em>studuerint.</em></strong></span> 
     </span>
    </p>
   </div>
   <div class='ocr_carea' id='block_1_57' title="bbox 140 2908 1798 2981">
    <p class='ocr_par' dir='ltr' id='par_1_57' title="bbox 140 2908 1798 2981">
     <span class='ocr_line' id='line_1_59' title="bbox 140 2908 1798 2981; baseline 0.001 -16"><span class='ocrx_word' id='word_1_368' title='bbox 140 2908 349 2976; x_wconf 84' lang='lat' dir='ltr'><strong><em>Quid?</em></strong></span> <span class='ocrx_word' id='word_1_369' title='bbox 398 2909 601 2965; x_wconf 88' lang='lat' dir='ltr'><strong><em>Trium</em></strong></span> <span class='ocrx_word' id='word_1_370' title='bbox 648 2909 907 2981; x_wconf 88' lang='lat' dir='ltr'><strong><em>priorum</em></strong></span> <span class='ocrx_word' id='word_1_371' title='bbox 956 2912 1299 2967; x_wconf 87' lang='lat' dir='ltr'><strong><em>seculorum</em></strong></span> <span class='ocrx_word' id='word_1_372' title='bbox 1348 2916 1547 2967; x_wconf 88' lang='lat' dir='ltr'><strong><em>Patres</em></strong></span> <span class='ocrx_word' id='word_1_373' title='bbox 1595 2913 1798 2967; x_wconf 86' lang='lat' dir='ltr'><strong><em>eadem</em></strong></span> 
     </span>
    </p>
   </div>
   <div class='ocr_carea' id='block_1_58' title="bbox 140 2981 1799 3039">
    <p class='ocr_par' dir='ltr' id='par_1_58' title="bbox 140 2981 1799 3039">
     <span class='ocr_line' id='line_1_60' title="bbox 140 2981 1799 3039; baseline 0 -2"><span class='ocrx_word' id='word_1_374' title='bbox 140 2999 286 3037; x_wconf 90' lang='lat' dir='ltr'><strong><em>cum</em></strong></span> <span class='ocrx_word' id='word_1_375' title='bbox 324 2981 657 3038; x_wconf 82' lang='lat' dir='ltr'><strong><em>Manicheis</em></strong></span> <span class='ocrx_word' id='word_1_376' title='bbox 685 2983 942 3038; x_wconf 86' lang='lat' dir='ltr'><strong><em>sensisse</em></strong></span> <span class='ocrx_word' id='word_1_377' title='bbox 971 2984 1290 3039; x_wconf 87' lang='lat' dir='ltr'><strong><em>contendit.</em></strong></span> <span class='ocrx_word' id='word_1_378' title='bbox 1320 2982 1601 3038; x_wconf 88' lang='lat' dir='ltr'><strong><em>Videlicet</em></strong></span> <span class='ocrx_word' id='word_1_379' title='bbox 1628 2984 1799 3038; x_wconf 89' lang='lat' dir='ltr'><strong><em>dum-</em></strong></span> 
     </span>
    </p>
   </div>
   <div class='ocr_carea' id='block_1_59' title="bbox 138 3054 1800 3125">
    <p class='ocr_par' dir='ltr' id='par_1_59' title="bbox 138 3054 1800 3125">
     <span class='ocr_line' id='line_1_61' title="bbox 138 3054 1800 3125; baseline 0 -16"><span class='ocrx_word' id='word_1_380' title='bbox 138 3058 317 3109; x_wconf 82' lang='lat' dir='ltr'><strong><em>taxat</em></strong></span> <span class='ocrx_word' id='word_1_381' title='bbox 342 3070 545 3123; x_wconf 85' lang='lat' dir='ltr'><strong><em>puram</em></strong></span> <span class='ocrx_word' id='word_1_382' title='bbox 587 3070 811 3125; x_wconf 80' lang='lat' dir='ltr'><strong><em>precum</em></strong></span> <span class='ocrx_word' id='word_1_383' title='bbox 855 3055 1184 3111; x_wconf 82' lang='lat' dir='ltr'><strong><em>oblationem</em></strong></span> <span class='ocrx_word' id='word_1_384' title='bbox 1230 3074 1263 3109; x_wconf 90' lang='lat' dir='ltr'><strong><em>a</em></strong></span> <span class='ocrx_word' id='word_1_385' title='bbox 1310 3054 1655 3110; x_wconf 85' lang='lat' dir='ltr'><strong><em>Christianis</em></strong></span> <span class='ocrx_word' id='word_1_386' title='bbox 1690 3056 1800 3109; x_wconf 89' lang='lat' dir='ltr'><strong><em>Deo</em></strong></span> 
     </span>
    </p>
   </div>
   <div class='ocr_carea' id='block_1_60' title="bbox 1900 1840 3547 1899">
    <p class='ocr_par' dir='ltr' id='par_1_60' title="bbox 1900 1840 3547 1899">
     <span class='ocr_line' id='line_1_62' title="bbox 1900 1840 3547 1899; baseline 0.003 -6"><span class='ocrx_word' id='word_1_387' title='bbox 1900 1844 2059 1895; x_wconf 89' lang='lat' dir='ltr'><strong><em>rator</em></strong></span> <span class='ocrx_word' id='word_1_388' title='bbox 2090 1840 2148 1895; x_wconf 90' lang='lat' dir='ltr'><strong><em>in</em></strong></span> <span class='ocrx_word' id='word_1_389' title='bbox 2188 1840 2354 1897; x_wconf 82' lang='lat' dir='ltr'><strong><em>tanto</em></strong></span> <span class='ocrx_word' id='word_1_390' title='bbox 2398 1840 2930 1898; x_wconf 85' lang='lat' dir='ltr'><strong><em>ecclesiasticarum</em></strong></span> <span class='ocrx_word' id='word_1_391' title='bbox 2978 1860 3173 1899; x_wconf 88' lang='lat' dir='ltr'><strong><em>rerum</em></strong></span> <span class='ocrx_word' id='word_1_392' title='bbox 3205 1840 3547 1899; x_wconf 85' lang='lat' dir='ltr'><strong><em>discrimine</em></strong></span> 
     </span>
    </p>
   </div>
   <div class='ocr_carea' id='block_1_61' title="bbox 1899 1913 3545 1979">
    <p class='ocr_par' dir='ltr' id='par_1_61' title="bbox 1899 1913 3545 1979">
     <span class='ocr_line' id='line_1_63' title="bbox 1899 1913 3545 1979; baseline 0.001 -13"><span class='ocrx_word' id='word_1_393' title='bbox 1899 1913 2216 1968; x_wconf 88' lang='lat' dir='ltr'><strong><em>decreverit</em></strong></span> <span class='ocrx_word' id='word_1_394' title='bbox 2245 1915 2641 1969; x_wconf 89' lang='lat' dir='ltr'><strong><em>attendamus.</em></strong></span> <span class='ocrx_word' id='word_1_395' title='bbox 2665 1913 2790 1969; x_wconf 82' lang='lat' dir='ltr'><strong><em>Non</em></strong></span> <span class='ocrx_word' id='word_1_396' title='bbox 2820 1914 3000 1979; x_wconf 90' lang='lat' dir='ltr'><strong><em>enim,</em></strong></span> <span class='ocrx_word' id='word_1_397' title='bbox 3033 1916 3250 1970; x_wconf 81' lang='lat' dir='ltr'><strong><em>auditis</em></strong></span> <span class='ocrx_word' id='word_1_398' title='bbox 3273 1915 3545 1971; x_wconf 91' lang='lat' dir='ltr'><strong><em>omnibus</em></strong></span> 
     </span>
    </p>
   </div>
   <div class='ocr_carea' id='block_1_62' title="bbox 1902 1983 3545 2050">
    <p class='ocr_par' dir='ltr' id='par_1_62' title="bbox 1902 1983 3545 2050">
     <span class='ocr_line' id='line_1_64' title="bbox 1902 1983 3545 2050; baseline 0.003 -14"><span class='ocrx_word' id='word_1_399' title='bbox 1902 1983 2166 2039; x_wconf 84' lang='lat' dir='ltr'><strong><em>Anthimi</em></strong></span> <span class='ocrx_word' id='word_1_400' title='bbox 2188 1986 2556 2050; x_wconf 89' lang='lat' dir='ltr'><strong><em>criminibus,</em></strong></span> <span class='ocrx_word' id='word_1_401' title='bbox 2581 1986 2637 2040; x_wconf 87' lang='lat' dir='ltr'><strong><em>in</em></strong></span> <span class='ocrx_word' id='word_1_402' title='bbox 2664 1985 2820 2040; x_wconf 89' lang='lat' dir='ltr'><strong><em>hunc</em></strong></span> <span class='ocrx_word' id='word_1_403' title='bbox 2851 1986 3311 2043; x_wconf 87' lang='lat' dir='ltr'><strong><em>animadvertere</em></strong></span> <span class='ocrx_word' id='word_1_404' title='bbox 3344 1986 3545 2041; x_wconf 82' lang='lat' dir='ltr'><strong><em>voluit.</em></strong></span> 
     </span>
    </p>
   </div>
   <div class='ocr_carea' id='block_1_63' title="bbox 1902 2055 3547 2129">
    <p class='ocr_par' dir='ltr' id='par_1_63' title="bbox 1902 2055 3547 2129">
     <span class='ocr_line' id='line_1_65' title="bbox 1902 2055 3547 2129; baseline 0.001 -20"><span class='ocrx_word' id='word_1_405' title='bbox 1902 2055 2012 2110; x_wconf 90' lang='lat' dir='ltr'><strong><em>Sed</em></strong></span> <span class='ocrx_word' id='word_1_406' title='bbox 2048 2056 2318 2129; x_wconf 84' lang='lat' dir='ltr'><strong><em>princeps</em></strong></span> <span class='ocrx_word' id='word_1_407' title='bbox 2349 2057 2846 2129; x_wconf 87' lang='lat' dir='ltr'><strong><em>sapientissimus,</em></strong></span> <span class='ocrx_word' id='word_1_408' title='bbox 2879 2058 3547 2128; x_wconf 87' lang='lat' dir='ltr'><strong><em>ecclesiasticisjuribus</em></strong></span> 
     </span>
    </p>
   </div>
   <div class='ocr_carea' id='block_1_64' title="bbox 1900 2128 3549 2200">
    <p class='ocr_par' dir='ltr' id='par_1_64' title="bbox 1900 2128 3549 2200">
     <span class='ocr_line' id='line_1_66' title="bbox 1900 2128 3549 2200; baseline 0.001 -19"><span class='ocrx_word' id='word_1_409' title='bbox 1900 2131 1958 2200; x_wconf 85' lang='lat' dir='ltr'><strong><em>et</em></strong></span> <span class='ocrx_word' id='word_1_410' title='bbox 1979 2128 2348 2183; x_wconf 86' lang='lat' dir='ltr'><strong><em>sacerdotum</em></strong></span> <span class='ocrx_word' id='word_1_411' title='bbox 2375 2128 2735 2183; x_wconf 83' lang='lat' dir='ltr'><strong><em>immunitati</em></strong></span> <span class='ocrx_word' id='word_1_412' title='bbox 2766 2129 2986 2200; x_wconf 90' lang='lat' dir='ltr'><strong><em>optime</em></strong></span> <span class='ocrx_word' id='word_1_413' title='bbox 3017 2131 3351 2195; x_wconf 82' lang='lat' dir='ltr'><strong><em>consulens,</em></strong></span> <span class='ocrx_word' id='word_1_414' title='bbox 3375 2146 3549 2184; x_wconf 89' lang='lat' dir='ltr'><strong><em>cano-</em></strong></span> 
     </span>
    </p>
   </div>
   <div class='ocr_carea' id='block_1_65' title="bbox 1902 2198 3549 2272">
    <p class='ocr_par' dir='ltr' id='par_1_65' title="bbox 1902 2198 3549 2272">
     <span class='ocr_line' id='line_1_67' title="bbox 1902 2198 3549 2272; baseline 0.002 -21"><span class='ocrx_word' id='word_1_415' title='bbox 1902 2198 2100 2254; x_wconf 89' lang='lat' dir='ltr'><strong><em>nicum</em></strong></span> <span class='ocrx_word' id='word_1_416' title='bbox 2121 2199 2415 2272; x_wconf 84' lang='lat' dir='ltr'><strong><em>judicium</em></strong></span> <span class='ocrx_word' id='word_1_417' title='bbox 2447 2200 2758 2256; x_wconf 85' lang='lat' dir='ltr'><strong><em>aRomano</em></strong></span> <span class='ocrx_word' id='word_1_418' title='bbox 2789 2198 3062 2272; x_wconf 75' lang='lat' dir='ltr'><strong><em>pontiﬁce</em></strong></span> <span class='ocrx_word' id='word_1_419' title='bbox 3082 2218 3216 2256; x_wconf 90' lang='lat' dir='ltr'><strong><em>cum</em></strong></span> <span class='ocrx_word' id='word_1_420' title='bbox 3248 2203 3306 2257; x_wconf 91' lang='lat' dir='ltr'><strong><em>in</em></strong></span> <span class='ocrx_word' id='word_1_421' title='bbox 3338 2200 3549 2256; x_wconf 91' lang='lat' dir='ltr'><strong><em>Anthi-</em></strong></span> 
     </span>
    </p>
   </div>
   <div class='ocr_carea' id='block_1_66' title="bbox 1903 2271 3552 2345">
    <p class='ocr_par' dir='ltr' id='par_1_66' title="bbox 1903 2271 3552 2345">
     <span class='ocr_line' id='line_1_68' title="bbox 1903 2271 3552 2345; baseline 0.001 -21"><span class='ocrx_word' id='word_1_422' title='bbox 1903 2285 2063 2345; x_wconf 83' lang='lat' dir='ltr'><strong><em>mum</em></strong></span> <span class='ocrx_word' id='word_1_423' title='bbox 2097 2274 2223 2345; x_wconf 80' lang='lat' dir='ltr'><strong><em>tum</em></strong></span> <span class='ocrx_word' id='word_1_424' title='bbox 2256 2271 2313 2327; x_wconf 91' lang='lat' dir='ltr'><strong><em>in</em></strong></span> <span class='ocrx_word' id='word_1_425' title='bbox 2348 2272 2536 2345; x_wconf 87' lang='lat' dir='ltr'><strong><em>socios</em></strong></span> <span class='ocrx_word' id='word_1_426' title='bbox 2569 2272 2715 2345; x_wconf 69' lang='lat' dir='ltr'><strong><em>fieri</em></strong></span> <span class='ocrx_word' id='word_1_427' title='bbox 2743 2271 3033 2345; x_wconf 79' lang='lat' dir='ltr'><strong><em>exoravit;</em></strong></span> <span class='ocrx_word' id='word_1_428' title='bbox 3069 2272 3142 2328; x_wconf 88' lang='lat' dir='ltr'><strong><em>iis</em></strong></span> <span class='ocrx_word' id='word_1_429' title='bbox 3172 2274 3386 2339; x_wconf 79' lang='lat' dir='ltr'><strong><em>ductus</em></strong></span> <span class='ocrx_word' id='word_1_430' title='bbox 3420 2290 3552 2345; x_wconf 89' lang='lat' dir='ltr'><strong><em>per-</em></strong></span> 
     </span>
    </p>
   </div>
   <div class='ocr_carea' id='block_1_67' title="bbox 1904 2341 3550 2415">
    <p class='ocr_par' dir='ltr' id='par_1_67' title="bbox 1904 2341 3550 2415">
     <span class='ocr_line' id='line_1_69' title="bbox 1904 2341 3550 2415; baseline 0.001 -19"><span class='ocrx_word' id='word_1_431' title='bbox 1904 2341 2305 2411; x_wconf 84' lang='lat' dir='ltr'><strong><em>suasionibus,</em></strong></span> <span class='ocrx_word' id='word_1_432' title='bbox 2325 2344 2479 2415; x_wconf 88' lang='lat' dir='ltr'><strong><em>quod</em></strong></span> <span class='ocrx_word' id='word_1_433' title='bbox 2511 2342 2922 2399; x_wconf 85' lang='lat' dir='ltr'><strong><em>ecclesiasticis</em></strong></span> <span class='ocrx_word' id='word_1_434' title='bbox 2942 2343 3115 2399; x_wconf 87' lang='lat' dir='ltr'><strong><em>rebus</em></strong></span> <span class='ocrx_word' id='word_1_435' title='bbox 3146 2361 3207 2400; x_wconf 90' lang='lat' dir='ltr'><strong><em>se</em></strong></span> <span class='ocrx_word' id='word_1_436' title='bbox 3232 2341 3550 2400; x_wconf 80' lang='lat' dir='ltr'><strong><em>immisceri</em></strong></span> 
     </span>
    </p>
   </div>
   <div class='ocr_carea' id='block_1_68' title="bbox 1904 2414 3556 2488">
    <p class='ocr_par' dir='ltr' id='par_1_68' title="bbox 1904 2414 3556 2488">
     <span class='ocr_line' id='line_1_70' title="bbox 1904 2414 3556 2488; baseline 0.002 -22"><span class='ocrx_word' id='word_1_437' title='bbox 1904 2429 2025 2488; x_wconf 90' lang='lat' dir='ltr'><strong><em>non</em></strong></span> <span class='ocrx_word' id='word_1_438' title='bbox 2050 2414 2358 2488; x_wconf 56' lang='lat' dir='ltr'><strong><em>oporteret;</em></strong></span> <span class='ocrx_word' id='word_1_439' title='bbox 2381 2415 2466 2470; x_wconf 90' lang='lat' dir='ltr'><strong><em>Ab</em></strong></span> <span class='ocrx_word' id='word_1_440' title='bbox 2495 2415 2808 2471; x_wconf 85' lang='lat' dir='ltr'><strong><em>universali</em></strong></span> <span class='ocrx_word' id='word_1_441' title='bbox 2829 2414 3006 2485; x_wconf 87' lang='lat' dir='ltr'><strong><em>igitur</em></strong></span> <span class='ocrx_word' id='word_1_442' title='bbox 3023 2415 3290 2471; x_wconf 86' lang='lat' dir='ltr'><strong><em>Ecclesie</em></strong></span> <span class='ocrx_word' id='word_1_443' title='bbox 3323 2420 3556 2488; x_wconf 89' lang='lat' dir='ltr'><strong><em>pastore</em></strong></span> 
     </span>
    </p>
   </div>
   <div class='ocr_carea' id='block_1_69' title="bbox 1904 2487 3553 2558">
    <p class='ocr_par' dir='ltr' id='par_1_69' title="bbox 1904 2487 3553 2558">
     <span class='ocr_line' id='line_1_71' title="bbox 1904 2487 3553 2558; baseline 0.001 -20"><span class='ocrx_word' id='word_1_444' title='bbox 1904 2487 2259 2558; x_wconf 87' lang='lat' dir='ltr'><strong><em>sententiam</em></strong></span> <span class='ocrx_word' id='word_1_445' title='bbox 2320 2488 2439 2542; x_wconf 89' lang='lat' dir='ltr'><strong><em>fore</em></strong></span> <span class='ocrx_word' id='word_1_446' title='bbox 2495 2488 2947 2557; x_wconf 83' lang='lat' dir='ltr'><strong><em>exspectandam</em></strong></span> <span class='ocrx_word' id='word_1_447' title='bbox 2995 2487 3553 2558; x_wconf 36' lang='lat' dir='ltr'><strong><em>utriusque&#39;Testa-</em></strong></span> 
     </span>
    </p>
   </div>
   <div class='ocr_carea' id='block_1_70' title="bbox 1907 2556 3550 2627">
    <p class='ocr_par' dir='ltr' id='par_1_70' title="bbox 1907 2556 3550 2627">
     <span class='ocr_line' id='line_1_72' title="bbox 1907 2556 3550 2627; baseline 0.002 -17"><span class='ocrx_word' id='word_1_448' title='bbox 1907 2556 2087 2611; x_wconf 89' lang='lat' dir='ltr'><strong><em>menti</em></strong></span> <span class='ocrx_word' id='word_1_449' title='bbox 2123 2558 2426 2627; x_wconf 72' lang='lat' dir='ltr'><strong><em>praeceptis</em></strong></span> <span class='ocrx_word' id='word_1_450' title='bbox 2459 2573 2774 2626; x_wconf 89' lang='lat' dir='ltr'><strong><em>persuasus</em></strong></span> <span class='ocrx_word' id='word_1_451' title='bbox 2797 2562 2853 2612; x_wconf 91' lang='lat' dir='ltr'><strong><em>et</em></strong></span> <span class='ocrx_word' id='word_1_452' title='bbox 2881 2558 3145 2621; x_wconf 89' lang='lat' dir='ltr'><strong><em>edoctus,</em></strong></span> <span class='ocrx_word' id='word_1_453' title='bbox 3164 2556 3230 2613; x_wconf 84' lang='lat' dir='ltr'><strong><em>eo</em></strong></span> <span class='ocrx_word' id='word_1_454' title='bbox 3262 2559 3550 2626; x_wconf 88' lang='lat' dir='ltr'><strong><em>videlicet,</em></strong></span> 
     </span>
    </p>
   </div>
   <div class='ocr_carea' id='block_1_71' title="bbox 1905 2629 3553 2698">
    <p class='ocr_par' dir='ltr' id='par_1_71' title="bbox 1905 2629 3553 2698">
     <span class='ocr_line' id='line_1_73' title="bbox 1905 2629 3553 2698; baseline 0.002 -17"><span class='ocrx_word' id='word_1_455' title='bbox 1905 2630 2194 2696; x_wconf 86' lang='lat' dir='ltr'><strong><em>Interroga</em></strong></span> <span class='ocrx_word' id='word_1_456' title='bbox 2218 2638 2436 2697; x_wconf 90' lang='lat' dir='ltr'><strong><em>patrem</em></strong></span> <span class='ocrx_word' id='word_1_457' title='bbox 2465 2638 2639 2698; x_wconf 89' lang='lat' dir='ltr'><strong><em>tuum,</em></strong></span> <span class='ocrx_word' id='word_1_458' title='bbox 2670 2632 2725 2683; x_wconf 78' lang='lat' dir='ltr'><strong><em>et</em></strong></span> <span class='ocrx_word' id='word_1_459' title='bbox 2755 2629 3113 2683; x_wconf 83' lang='lat' dir='ltr'><strong><em>annuntiabit</em></strong></span> <span class='ocrx_word' id='word_1_460' title='bbox 3145 2631 3249 2684; x_wconf 88' lang='lat' dir='ltr'><strong><em>tibi</em></strong></span> <span class='ocrx_word' id='word_1_461' title='bbox 3272 2649 3287 2698; x_wconf 92' lang='lat'><strong>;</strong></span> <span class='ocrx_word' id='word_1_462' title='bbox 3315 2632 3553 2685; x_wconf 73' lang='lat' dir='ltr'><strong><em>seniores</em></strong></span> 
     </span>
    </p>
   </div>
   <div class='ocr_carea' id='block_1_72' title="bbox 1906 2699 3554 2766">
    <p class='ocr_par' dir='ltr' id='par_1_72' title="bbox 1906 2699 3554 2766">
     <span class='ocr_line' id='line_1_74' title="bbox 1906 2699 3554 2766; baseline 0 -13"><span class='ocrx_word' id='word_1_463' title='bbox 1906 2707 2042 2760; x_wconf 74' lang='lat' dir='ltr'><strong><em>tuos.</em></strong></span> <span class='ocrx_word' id='word_1_464' title='bbox 2061 2704 2113 2753; x_wconf 92' lang='lat' dir='ltr'><strong><em>et</em></strong></span> <span class='ocrx_word' id='word_1_465' title='bbox 2142 2699 2323 2754; x_wconf 89' lang='lat' dir='ltr'><strong><em>dicent</em></strong></span> <span class='ocrx_word' id='word_1_466' title='bbox 2354 2702 2490 2765; x_wconf 86' lang='lat' dir='ltr'><strong><em>tibi;</em></strong></span> <span class='ocrx_word' id='word_1_467' title='bbox 2513 2700 2597 2754; x_wconf 88' lang='lat' dir='ltr'><strong><em>vel</em></strong></span> <span class='ocrx_word' id='word_1_468' title='bbox 2622 2700 2754 2765; x_wconf 89' lang='lat' dir='ltr'><strong><em>alio,</em></strong></span> <span class='ocrx_word' id='word_1_469' title='bbox 2782 2700 3010 2756; x_wconf 86' lang='lat' dir='ltr'><strong><em>Obedite</em></strong></span> <span class='ocrx_word' id='word_1_470' title='bbox 3029 2701 3256 2755; x_wconf 86' lang='lat' dir='ltr'><strong><em>ducibus</em></strong></span> <span class='ocrx_word' id='word_1_471' title='bbox 3273 2703 3487 2766; x_wconf 82' lang='lat' dir='ltr'><strong><em>vestris,</em></strong></span> <span class='ocrx_word' id='word_1_472' title='bbox 3503 2708 3554 2756; x_wconf 90' lang='lat' dir='ltr'><strong><em>et</em></strong></span> 
     </span>
    </p>
   </div>
   <div class='ocr_carea' id='block_1_73' title="bbox 1906 2769 3556 2842">
    <p class='ocr_par' dir='ltr' id='par_1_73' title="bbox 1906 2769 3556 2842">
     <span class='ocr_line' id='line_1_75' title="bbox 1906 2769 3556 2842; baseline 0.001 -19"><span class='ocrx_word' id='word_1_473' title='bbox 1906 2769 2113 2824; x_wconf 85' lang='lat' dir='ltr'><strong><em>subditi</em></strong></span> <span class='ocrx_word' id='word_1_474' title='bbox 2134 2776 2330 2831; x_wconf 85' lang='lat' dir='ltr'><strong><em>estote;</em></strong></span> <span class='ocrx_word' id='word_1_475' title='bbox 2356 2774 2466 2842; x_wconf 86' lang='lat' dir='ltr'><strong><em>ipsi</em></strong></span> <span class='ocrx_word' id='word_1_476' title='bbox 2492 2774 2641 2826; x_wconf 84' lang='lat' dir='ltr'><strong><em>enim</em></strong></span> <span class='ocrx_word' id='word_1_477' title='bbox 2662 2772 2897 2842; x_wconf 85' lang='lat' dir='ltr'><strong><em>vigilant</em></strong></span> <span class='ocrx_word' id='word_1_478' title='bbox 2918 2788 3017 2842; x_wconf 89' lang='lat' dir='ltr'><strong><em>pro</em></strong></span> <span class='ocrx_word' id='word_1_479' title='bbox 3039 2774 3331 2827; x_wconf 84' lang='lat' dir='ltr'><strong><em>animabus</em></strong></span> <span class='ocrx_word' id='word_1_480' title='bbox 3360 2775 3556 2827; x_wconf 85' lang='lat' dir='ltr'><strong><em>vestris</em></strong></span> 
     </span>
    </p>
   </div>
   <div class='ocr_carea' id='block_1_74' title="bbox 1908 2842 3552 2913">
    <p class='ocr_par' dir='ltr' id='par_1_74' title="bbox 1908 2842 3552 2913">
     <span class='ocr_line' id='line_1_76' title="bbox 1908 2842 3552 2913; baseline 0.001 -17"><span class='ocrx_word' id='word_1_481' title='bbox 1908 2850 2188 2913; x_wconf 85' lang='lat' dir='ltr'><strong><em>tamquam</em></strong></span> <span class='ocrx_word' id='word_1_482' title='bbox 2208 2844 2481 2898; x_wconf 89' lang='lat' dir='ltr'><strong><em>rationem</em></strong></span> <span class='ocrx_word' id='word_1_483' title='bbox 2510 2846 2822 2901; x_wconf 84' lang='lat' dir='ltr'><strong><em>reddituris</em></strong></span> <span class='ocrx_word' id='word_1_484' title='bbox 2843 2842 2941 2913; x_wconf 87' lang='lat' dir='ltr'><strong><em>(d).</em></strong></span> <span class='ocrx_word' id='word_1_485' title='bbox 2974 2847 3315 2913; x_wconf 88' lang='lat' dir='ltr'><strong><em>Perpetrata</em></strong></span> <span class='ocrx_word' id='word_1_486' title='bbox 3347 2844 3416 2898; x_wconf 88' lang='lat' dir='ltr'><strong><em>ab</em></strong></span> <span class='ocrx_word' id='word_1_487' title='bbox 3438 2846 3552 2898; x_wconf 86' lang='lat' dir='ltr'><strong><em>An-</em></strong></span> 
     </span>
    </p>
   </div>
   <div class='ocr_carea' id='block_1_75' title="bbox 1907 2912 3553 2987">
    <p class='ocr_par' dir='ltr' id='par_1_75' title="bbox 1907 2912 3553 2987">
     <span class='ocr_line' id='line_1_77' title="bbox 1907 2912 3553 2987; baseline 0.001 -21"><span class='ocrx_word' id='word_1_488' title='bbox 1907 2912 2094 2987; x_wconf 74' lang='lat' dir='ltr'><strong><em>thimo</em></strong></span> <span class='ocrx_word' id='word_1_489' title='bbox 2126 2918 2184 2969; x_wconf 90' lang='lat' dir='ltr'><strong><em>et</em></strong></span> <span class='ocrx_word' id='word_1_490' title='bbox 2211 2914 2386 2970; x_wconf 89' lang='lat' dir='ltr'><strong><em>sociis</em></strong></span> <span class='ocrx_word' id='word_1_491' title='bbox 2418 2914 2677 2971; x_wconf 87' lang='lat' dir='ltr'><strong><em>facinora</em></strong></span> <span class='ocrx_word' id='word_1_492' title='bbox 2716 2912 3037 2987; x_wconf 33' lang='lat' dir='ltr'><strong><em>(sicut&#39;jam</em></strong></span> <span class='ocrx_word' id='word_1_493' title='bbox 3074 2912 3302 2987; x_wconf 86' lang='lat' dir='ltr'><strong><em>pridem</em></strong></span> <span class='ocrx_word' id='word_1_494' title='bbox 3332 2914 3553 2987; x_wconf 77' lang='lat' dir='ltr'><strong><em>laudati</em></strong></span> 
     </span>
    </p>
   </div>
   <div class='ocr_carea' id='block_1_76' title="bbox 1905 2983 3554 3057">
    <p class='ocr_par' dir='ltr' id='par_1_76' title="bbox 1905 2983 3554 3057">
     <span class='ocr_line' id='line_1_78' title="bbox 1905 2983 3554 3057; baseline 0.001 -19"><span class='ocrx_word' id='word_1_495' title='bbox 1905 2983 2089 3057; x_wconf 77' lang='lat' dir='ltr'><strong><em>libelli</em></strong></span> <span class='ocrx_word' id='word_1_496' title='bbox 2112 2991 2380 3057; x_wconf 82' lang='lat' dir='ltr'><strong><em>auctores</em></strong></span> <span class='ocrx_word' id='word_1_497' title='bbox 2404 3004 2531 3042; x_wconf 92' lang='lat' dir='ltr'><strong><em>cum</em></strong></span> <span class='ocrx_word' id='word_1_498' title='bbox 2558 2983 2879 3042; x_wconf 72' lang='lat' dir='ltr'><strong><em>Palaestinis</em></strong></span> <span class='ocrx_word' id='word_1_499' title='bbox 2905 2983 3194 3057; x_wconf 76' lang='lat' dir='ltr'><strong><em>episcopis</em></strong></span> <span class='ocrx_word' id='word_1_500' title='bbox 3221 2993 3279 3041; x_wconf 93' lang='lat' dir='ltr'><strong><em>et</em></strong></span> <span class='ocrx_word' id='word_1_501' title='bbox 3309 2985 3554 3041; x_wconf 90' lang='lat' dir='ltr'><strong><em>aliorum</em></strong></span> 
     </span>
    </p>
   </div>
   <div class='ocr_carea' id='block_1_77' title="bbox 1909 3055 3562 3128">
    <p class='ocr_par' dir='ltr' id='par_1_77' title="bbox 1909 3055 3562 3128">
     <span class='ocr_line' id='line_1_79' title="bbox 1909 3055 3562 3128; baseline 0 -18"><span class='ocrx_word' id='word_1_502' title='bbox 1909 3055 2290 3111; x_wconf 89' lang='lat' dir='ltr'><strong><em>Orientalium</em></strong></span> <span class='ocrx_word' id='word_1_503' title='bbox 2319 3060 2633 3128; x_wconf 82' lang='lat' dir='ltr'><strong><em>presulum</em></strong></span> <span class='ocrx_word' id='word_1_504' title='bbox 2657 3055 2987 3113; x_wconf 85' lang='lat' dir='ltr'><strong><em>oratoribus</em></strong></span> <span class='ocrx_word' id='word_1_505' title='bbox 3008 3055 3562 3127; x_wconf 40' lang='lat' dir='ltr'><strong><em>pos—tulaverant),ut</em></strong></span> 
     </span>
    </p>
   </div>
   <div class='ocr_carea' id='block_1_78' title="bbox 144 3125 3617 3214">
    <p class='ocr_par' dir='ltr' id='par_1_78' title="bbox 144 3125 3617 3214">
     <span class='ocr_line' id='line_1_80' title="bbox 144 3125 3617 3214; baseline 0 -33"><span class='ocrx_word' id='word_1_506' title='bbox 144 3125 278 3214; x_wconf 85' lang='lat' dir='ltr'><strong><em>ﬁeri</em></strong></span> <span class='ocrx_word' id='word_1_507' title='bbox 314 3131 603 3214; x_wconf 41' lang='lat' dir='ltr'><strong><em>oportere.</em></strong></span> <span class='ocrx_word' id='word_1_508' title='bbox 625 3126 916 3214; x_wconf 71' lang='lat' dir='ltr'><strong><em>docuisse,</em></strong></span> <span class='ocrx_word' id='word_1_509' title='bbox 950 3132 1005 3214; x_wconf 69' lang='lat' dir='ltr'><strong><em>et</em></strong></span> <span class='ocrx_word' id='word_1_510' title='bbox 1029 3129 1122 3209; x_wconf 44' lang='lat' dir='ltr'><strong><em>.ad</em></strong></span> <span class='ocrx_word' id='word_1_511' title='bbox 1173 3126 1595 3181; x_wconf 89' lang='lat' dir='ltr'><strong><em>Tertullianum</em></strong></span> <span class='ocrx_word' id='word_1_512' title='bbox 1627 3125 1801 3180; x_wconf 88' lang='lat' dir='ltr'><strong><em>nimi-</em></strong></span> <span class='ocrx_word' id='word_1_513' title='bbox 1835 3143 1878 3211; x_wconf 67' lang='grc' dir='ltr'><strong>ρ</strong></span> <span class='ocrx_word' id='word_1_514' title='bbox 1916 3128 1987 3182; x_wconf 91' lang='lat' dir='ltr'><strong><em>ab</em></strong></span> <span class='ocrx_word' id='word_1_515' title='bbox 2012 3129 2261 3214; x_wconf 80' lang='lat' dir='ltr'><strong><em>Agapeto</em></strong></span> <span class='ocrx_word' id='word_1_516' title='bbox 2284 3125 2430 3212; x_wconf 73' lang='lat' dir='ltr'><strong><em>papa</em></strong></span> <span class='ocrx_word' id='word_1_517' title='bbox 2455 3125 3560 3214; x_wconf 34' lang='lat' dir='ltr'><strong><em>recognOscerentur&#39;judicarenturque,</em></strong></span> <span class='ocrx_word' id='word_1_518' title='bbox 3613 3211 3617 3214; x_wconf 16' lang='lat'><strong>’</strong></span> 
     </span>
    </p>
   </div>
   <div class='ocr_carea' id='block_1_79' title="bbox 150 3196 1803 3269">
    <p class='ocr_par' dir='ltr' id='par_1_79' title="bbox 150 3196 1803 3269">
     <span class='ocr_line' id='line_1_81' title="bbox 150 3196 1803 3269; baseline -0.001 -16"><span class='ocrx_word' id='word_1_519' title='bbox 150 3213 315 3263; x_wconf 88' lang='lat' dir='ltr'><strong><em>rum,</em></strong></span> <span class='ocrx_word' id='word_1_520' title='bbox 348 3196 704 3269; x_wconf 88' lang='lat' dir='ltr'><strong><em>Clementem</em></strong></span> <span class='ocrx_word' id='word_1_521' title='bbox 739 3196 1189 3253; x_wconf 81' lang='lat' dir='ltr'><strong><em>Alexandrinum</em></strong></span> <span class='ocrx_word' id='word_1_522' title='bbox 1220 3214 1530 3269; x_wconf 86' lang='lat' dir='ltr'><strong><em>provocare</em></strong></span> <span class='ocrx_word' id='word_1_523' title='bbox 1562 3215 1677 3252; x_wconf 85' lang='lat' dir='ltr'><strong><em>non</em></strong></span> <span class='ocrx_word' id='word_1_524' title='bbox 1708 3214 1803 3252; x_wconf 87' lang='lat' dir='ltr'><strong><em>ve-</em></strong></span> 
     </span>
    </p>
   </div>
   <div class='ocr_carea' id='block_1_80' title="bbox 147 3268 1809 3341">
    <p class='ocr_par' dir='ltr' id='par_1_80' title="bbox 147 3268 1809 3341">
     <span class='ocr_line' id='line_1_82' title="bbox 147 3268 1809 3341; baseline -0.002 -16"><span class='ocrx_word' id='word_1_525' title='bbox 147 3274 339 3334; x_wconf 85' lang='lat' dir='ltr'><strong><em>retur,</em></strong></span> <span class='ocrx_word' id='word_1_526' title='bbox 374 3268 696 3341; x_wconf 85' lang='lat' dir='ltr'><strong><em>subjiciens</em></strong></span> <span class='ocrx_word' id='word_1_527' title='bbox 728 3287 841 3325; x_wconf 89' lang='lat' dir='ltr'><strong><em>non</em></strong></span> <span class='ocrx_word' id='word_1_528' title='bbox 867 3270 1104 3341; x_wconf 85' lang='lat' dir='ltr'><strong><em>templa,</em></strong></span> <span class='ocrx_word' id='word_1_529' title='bbox 1131 3268 1505 3341; x_wconf 83' lang='lat' dir='ltr'><strong><em>nonaltaria,</em></strong></span> <span class='ocrx_word' id='word_1_530' title='bbox 1524 3285 1637 3324; x_wconf 90' lang='lat' dir='ltr'><strong><em>non</em></strong></span> <span class='ocrx_word' id='word_1_531' title='bbox 1662 3269 1809 3341; x_wconf 86' lang='lat' dir='ltr'><strong><em>ima-</em></strong></span> 
     </span>
    </p>
   </div>
   <div class='ocr_carea' id='block_1_81' title="bbox 148 3339 1810 3413">
    <p class='ocr_par' dir='ltr' id='par_1_81' title="bbox 148 3339 1810 3413">
     <span class='ocr_line' id='line_1_83' title="bbox 148 3339 1810 3413; baseline -0.001 -17"><span class='ocrx_word' id='word_1_532' title='bbox 148 3342 324 3413; x_wconf 84' lang='lat' dir='ltr'><strong><em>gines</em></strong></span> <span class='ocrx_word' id='word_1_533' title='bbox 356 3339 578 3413; x_wconf 84' lang='lat' dir='ltr'><strong><em>primos</em></strong></span> <span class='ocrx_word' id='word_1_534' title='bbox 601 3341 813 3397; x_wconf 80' lang='lat' dir='ltr'><strong><em>Christi</em></strong></span> <span class='ocrx_word' id='word_1_535' title='bbox 838 3339 1509 3413; x_wconf 46' lang='lat' dir='ltr'><strong><em>culto&#39;resadmisissetc)</em></strong></span> <span class='ocrx_word' id='word_1_536' title='bbox 1530 3358 1563 3395; x_wconf 90' lang='lat' dir='ltr'><strong><em>a</em></strong></span> <span class='ocrx_word' id='word_1_537' title='bbox 1593 3340 1810 3413; x_wconf 83' lang='lat' dir='ltr'><strong><em>quibus</em></strong></span> 
     </span>
    </p>
   </div>
   <div class='ocr_carea' id='block_1_82' title="bbox 150 3411 1808 3485">
    <p class='ocr_par' dir='ltr' id='par_1_82' title="bbox 150 3411 1808 3485">
     <span class='ocr_line' id='line_1_84' title="bbox 150 3411 1808 3485; baseline -0.001 -17"><span class='ocrx_word' id='word_1_538' title='bbox 150 3411 573 3477; x_wconf 72' lang='lat' dir='ltr'><strong><em>abhorrebant,</em></strong></span> <span class='ocrx_word' id='word_1_539' title='bbox 609 3430 678 3469; x_wconf 89' lang='lat' dir='ltr'><strong><em>ne</em></strong></span> <span class='ocrx_word' id='word_1_540' title='bbox 707 3412 1012 3485; x_wconf 83' lang='lat' dir='ltr'><strong><em>gentilium</em></strong></span> <span class='ocrx_word' id='word_1_541' title='bbox 1037 3412 1379 3485; x_wconf 86' lang='lat' dir='ltr'><strong><em>religionem</em></strong></span> <span class='ocrx_word' id='word_1_542' title='bbox 1411 3411 1619 3467; x_wconf 88' lang='lat' dir='ltr'><strong><em>sectari</em></strong></span> <span class='ocrx_word' id='word_1_543' title='bbox 1653 3411 1808 3466; x_wconf 89' lang='lat' dir='ltr'><strong><em>vide-</em></strong></span> 
     </span>
    </p>
   </div>
   <div class='ocr_carea' id='block_1_83' title="bbox 150 3484 1810 3554">
    <p class='ocr_par' dir='ltr' id='par_1_83' title="bbox 150 3484 1810 3554">
     <span class='ocr_line' id='line_1_85' title="bbox 150 3484 1810 3554; baseline -0.002 -14"><span class='ocrx_word' id='word_1_544' title='bbox 150 3490 379 3540; x_wconf 89' lang='lat' dir='ltr'><strong><em>rentur.</em></strong></span> <span class='ocrx_word' id='word_1_545' title='bbox 414 3487 480 3539; x_wconf 85' lang='lat' dir='ltr'><strong><em>At</em></strong></span> <span class='ocrx_word' id='word_1_546' title='bbox 510 3484 738 3554; x_wconf 83' lang='lat' dir='ltr'><strong><em>nugari,</em></strong></span> <span class='ocrx_word' id='word_1_547' title='bbox 772 3484 1056 3553; x_wconf 89' lang='lat' dir='ltr'><strong><em>planeque</em></strong></span> <span class='ocrx_word' id='word_1_548' title='bbox 1079 3485 1135 3537; x_wconf 90' lang='lat' dir='ltr'><strong><em>in</em></strong></span> <span class='ocrx_word' id='word_1_549' title='bbox 1174 3484 1262 3539; x_wconf 91' lang='lat' dir='ltr'><strong><em>his</em></strong></span> <span class='ocrx_word' id='word_1_550' title='bbox 1291 3484 1617 3539; x_wconf 88' lang='lat' dir='ltr'><strong><em>Beausobre</em></strong></span> <span class='ocrx_word' id='word_1_551' title='bbox 1647 3500 1810 3539; x_wconf 86' lang='lat' dir='ltr'><strong><em>com-</em></strong></span> 
     </span>
    </p>
   </div>
   <div class='ocr_carea' id='block_1_84' title="bbox 148 3555 1810 3627">
    <p class='ocr_par' dir='ltr' id='par_1_84' title="bbox 148 3555 1810 3627">
     <span class='ocr_line' id='line_1_86' title="bbox 148 3555 1810 3627; baseline 0.001 -17"><span class='ocrx_word' id='word_1_552' title='bbox 148 3555 566 3626; x_wconf 87' lang='lat' dir='ltr'><strong><em>minisci,jam</em></strong></span> <span class='ocrx_word' id='word_1_553' title='bbox 601 3572 670 3611; x_wconf 81' lang='lat' dir='ltr'><strong><em>ex</em></strong></span> <span class='ocrx_word' id='word_1_554' title='bbox 716 3557 927 3611; x_wconf 89' lang='lat' dir='ltr'><strong><em>iisdem</em></strong></span> <span class='ocrx_word' id='word_1_555' title='bbox 982 3555 1251 3611; x_wconf 87' lang='lat' dir='ltr'><strong><em>Patribus</em></strong></span> <span class='ocrx_word' id='word_1_556' title='bbox 1301 3557 1371 3610; x_wconf 89' lang='lat' dir='ltr'><strong><em>ad</em></strong></span> <span class='ocrx_word' id='word_1_557' title='bbox 1409 3573 1557 3627; x_wconf 90' lang='lat' dir='ltr'><strong><em>quos</em></strong></span> <span class='ocrx_word' id='word_1_558' title='bbox 1605 3572 1810 3627; x_wconf 87' lang='lat' dir='ltr'><strong><em>provo-</em></strong></span> 
     </span>
    </p>
   </div>
   <div class='ocr_carea' id='block_1_85' title="bbox 146 3627 1809 3699">
    <p class='ocr_par' dir='ltr' id='par_1_85' title="bbox 146 3627 1809 3699">
     <span class='ocr_line' id='line_1_87' title="bbox 146 3627 1809 3699; baseline 0 -17"><span class='ocrx_word' id='word_1_559' title='bbox 146 3644 286 3682; x_wconf 85' lang='lat' dir='ltr'><strong><em>care</em></strong></span> <span class='ocrx_word' id='word_1_560' title='bbox 334 3627 608 3699; x_wconf 86' lang='lat' dir='ltr'><strong><em>intendit,</em></strong></span> <span class='ocrx_word' id='word_1_561' title='bbox 659 3627 1021 3699; x_wconf 85' lang='lat' dir='ltr'><strong><em>exploratum</em></strong></span> <span class='ocrx_word' id='word_1_562' title='bbox 1072 3632 1179 3682; x_wconf 91' lang='lat' dir='ltr'><strong><em>est.</em></strong></span> <span class='ocrx_word' id='word_1_563' title='bbox 1214 3632 1361 3699; x_wconf 84' lang='lat' dir='ltr'><strong><em>Nam</em></strong></span> <span class='ocrx_word' id='word_1_564' title='bbox 1413 3627 1809 3683; x_wconf 87' lang='lat' dir='ltr'><strong><em>Tertullianus</em></strong></span> 
     </span>
    </p>
   </div>
   <div class='ocr_carea' id='block_1_86' title="bbox 150 3698 1808 3770">
    <p class='ocr_par' dir='ltr' id='par_1_86' title="bbox 150 3698 1808 3770">
     <span class='ocr_line' id='line_1_88' title="bbox 150 3698 1808 3770; baseline -0.001 -16"><span class='ocrx_word' id='word_1_565' title='bbox 150 3700 311 3757; x_wconf 75' lang='lat'><strong><em>195</em></strong></span> <span class='ocrx_word' id='word_1_566' title='bbox 349 3698 663 3770; x_wconf 90' lang='lat' dir='ltr'><strong><em>imprimis,</em></strong></span> <span class='ocrx_word' id='word_1_567' title='bbox 689 3698 959 3770; x_wconf 86' lang='lat' dir='ltr'><strong><em>quamvis</em></strong></span> <span class='ocrx_word' id='word_1_568' title='bbox 982 3698 1131 3753; x_wconf 90' lang='lat' dir='ltr'><strong><em>libro</em></strong></span> <span class='ocrx_word' id='word_1_569' title='bbox 1164 3700 1234 3753; x_wconf 89' lang='lat' dir='ltr'><strong><em>ad</em></strong></span> <span class='ocrx_word' id='word_1_570' title='bbox 1265 3698 1598 3769; x_wconf 89' lang='lat' dir='ltr'><strong><em>Scapulam,</em></strong></span> <span class='ocrx_word' id='word_1_571' title='bbox 1633 3715 1808 3770; x_wconf 88' lang='lat' dir='ltr'><strong><em>quem</em></strong></span> 
     </span>
    </p>
   </div>
   <div class='ocr_carea' id='block_1_87' title="bbox 154 3770 1811 3841">
    <p class='ocr_par' dir='ltr' id='par_1_87' title="bbox 154 3770 1811 3841">
     <span class='ocr_line' id='line_1_89' title="bbox 154 3770 1811 3841; baseline 0.001 -17"><span class='ocrx_word' id='word_1_572' title='bbox 154 3771 491 3827; x_wconf 89' lang='lat' dir='ltr'><strong><em>Beausobre</em></strong></span> <span class='ocrx_word' id='word_1_573' title='bbox 522 3771 743 3841; x_wconf 89' lang='lat' dir='ltr'><strong><em>laudat,</em></strong></span> <span class='ocrx_word' id='word_1_574' title='bbox 778 3772 848 3826; x_wconf 87' lang='lat' dir='ltr'><strong><em>de</em></strong></span> <span class='ocrx_word' id='word_1_575' title='bbox 878 3770 1271 3826; x_wconf 87' lang='lat' dir='ltr'><strong><em>oblationibus</em></strong></span> <span class='ocrx_word' id='word_1_576' title='bbox 1294 3772 1407 3826; x_wconf 89' lang='lat' dir='ltr'><strong><em>Deo</em></strong></span> <span class='ocrx_word' id='word_1_577' title='bbox 1432 3771 1597 3826; x_wconf 88' lang='lat' dir='ltr'><strong><em>factis</em></strong></span> <span class='ocrx_word' id='word_1_578' title='bbox 1630 3770 1811 3825; x_wconf 85' lang='lat' dir='ltr'><strong><em>disse-</em></strong></span> 
     </span>
    </p>
   </div>
   <div class='ocr_carea' id='block_1_88' title="bbox 148 3841 1809 3913">
    <p class='ocr_par' dir='ltr' id='par_1_88' title="bbox 148 3841 1809 3913">
     <span class='ocr_line' id='line_1_90' title="bbox 148 3841 1809 3913; baseline -0.001 -14"><span class='ocrx_word' id='word_1_579' title='bbox 148 3860 313 3909; x_wconf 83' lang='lat' dir='ltr'><strong><em>rens,</em></strong></span> <span class='ocrx_word' id='word_1_580' title='bbox 340 3858 517 3913; x_wconf 82' lang='lat' dir='ltr'><strong><em>puras</em></strong></span> <span class='ocrx_word' id='word_1_581' title='bbox 545 3842 723 3899; x_wconf 78' lang='lat' dir='ltr'><strong><em>cordis</em></strong></span> <span class='ocrx_word' id='word_1_582' title='bbox 748 3858 936 3911; x_wconf 83' lang='lat' dir='ltr'><strong><em>preces</em></strong></span> <span class='ocrx_word' id='word_1_583' title='bbox 958 3842 1015 3897; x_wconf 90' lang='lat' dir='ltr'><strong><em>in</em></strong></span> <span class='ocrx_word' id='word_1_584' title='bbox 1047 3841 1167 3898; x_wconf 87' lang='lat' dir='ltr'><strong><em>lata</em></strong></span> <span class='ocrx_word' id='word_1_585' title='bbox 1187 3842 1612 3912; x_wconf 81' lang='lat' dir='ltr'><strong><em>significatione</em></strong></span> <span class='ocrx_word' id='word_1_586' title='bbox 1631 3841 1809 3898; x_wconf 86' lang='lat' dir='ltr'><strong><em>sacri-</em></strong></span> 
     </span>
    </p>
   </div>
   <div class='ocr_carea' id='block_1_89' title="bbox 147 3913 1811 3985">
    <p class='ocr_par' dir='ltr' id='par_1_89' title="bbox 147 3913 1811 3985">
     <span class='ocr_line' id='line_1_91' title="bbox 147 3913 1811 3985; baseline -0.001 -16"><span class='ocrx_word' id='word_1_587' title='bbox 147 3915 289 3970; x_wconf 79' lang='lat' dir='ltr'><strong><em>ﬁcia</em></strong></span> <span class='ocrx_word' id='word_1_588' title='bbox 319 3913 621 3985; x_wconf 66' lang='lat' dir='ltr'><strong><em>appellet,</em></strong></span> <span class='ocrx_word' id='word_1_589' title='bbox 642 3913 939 3985; x_wconf 88' lang='lat' dir='ltr'><strong><em>plerisque</em></strong></span> <span class='ocrx_word' id='word_1_590' title='bbox 989 3918 1185 3969; x_wconf 89' lang='lat' dir='ltr'><strong><em>tamen</em></strong></span> <span class='ocrx_word' id='word_1_591' title='bbox 1214 3914 1273 3968; x_wconf 92' lang='lat' dir='ltr'><strong><em>in</em></strong></span> <span class='ocrx_word' id='word_1_592' title='bbox 1308 3913 1450 3969; x_wconf 89' lang='lat' dir='ltr'><strong><em>locis</em></strong></span> <span class='ocrx_word' id='word_1_593' title='bbox 1496 3916 1689 3970; x_wconf 85' lang='lat' dir='ltr'><strong><em>misse</em></strong></span> <span class='ocrx_word' id='word_1_594' title='bbox 1719 3931 1811 3969; x_wconf 87' lang='lat' dir='ltr'><strong><em>sa-</em></strong></span> 
     </span>
    </p>
   </div>
   <div class='ocr_carea' id='block_1_90' title="bbox 146 3984 1814 4057">
    <p class='ocr_par' dir='ltr' id='par_1_90' title="bbox 146 3984 1814 4057">
     <span class='ocr_line' id='line_1_92' title="bbox 146 3984 1814 4057; baseline -0.001 -17"><span class='ocrx_word' id='word_1_595' title='bbox 146 3984 453 4057; x_wconf 76' lang='lat' dir='ltr'><strong><em>criﬁcium,</em></strong></span> <span class='ocrx_word' id='word_1_596' title='bbox 498 3984 766 4041; x_wconf 86' lang='lat' dir='ltr'><strong><em>Ecclesie</em></strong></span> <span class='ocrx_word' id='word_1_597' title='bbox 814 3984 1193 4049; x_wconf 80' lang='lat' dir='ltr'><strong><em>sacerdotium,</em></strong></span> <span class='ocrx_word' id='word_1_598' title='bbox 1238 3987 1445 4040; x_wconf 89' lang='lat' dir='ltr'><strong><em>altaria</em></strong></span> <span class='ocrx_word' id='word_1_599' title='bbox 1495 3984 1814 4057; x_wconf 86' lang='lat' dir='ltr'><strong><em>templaque</em></strong></span> 
     </span>
    </p>
   </div>
   <div class='ocr_carea' id='block_1_91' title="bbox 147 4057 1813 4127">
    <p class='ocr_par' dir='ltr' id='par_1_91' title="bbox 147 4057 1813 4127">
     <span class='ocr_line' id='line_1_93' title="bbox 147 4057 1813 4127; baseline -0.001 -14"><span class='ocrx_word' id='word_1_600' title='bbox 147 4058 628 4113; x_wconf 84' lang='lat' dir='ltr'><strong><em>Christianorum</em></strong></span> <span class='ocrx_word' id='word_1_601' title='bbox 654 4058 965 4123; x_wconf 89' lang='lat' dir='ltr'><strong><em>recensuit,</em></strong></span> <span class='ocrx_word' id='word_1_602' title='bbox 991 4060 1055 4111; x_wconf 90' lang='lat' dir='ltr'><strong><em>ut</em></strong></span> <span class='ocrx_word' id='word_1_603' title='bbox 1083 4058 1140 4110; x_wconf 91' lang='lat' dir='ltr'><strong><em>in</em></strong></span> <span class='ocrx_word' id='word_1_604' title='bbox 1173 4057 1317 4111; x_wconf 89' lang='lat' dir='ltr'><strong><em>libro</em></strong></span> <span class='ocrx_word' id='word_1_605' title='bbox 1345 4057 1715 4127; x_wconf 85' lang='lat' dir='ltr'><strong><em>potissimum</em></strong></span> <span class='ocrx_word' id='word_1_606' title='bbox 1740 4058 1813 4111; x_wconf 91' lang='lat' dir='ltr'><strong><em>de</em></strong></span> 
     </span>
    </p>
   </div>
   <div class='ocr_carea' id='block_1_92' title="bbox 150 4128 1812 4198">
    <p class='ocr_par' dir='ltr' id='par_1_92' title="bbox 150 4128 1812 4198">
     <span class='ocr_line' id='line_1_94' title="bbox 150 4128 1812 4198; baseline -0.002 -14"><span class='ocrx_word' id='word_1_607' title='bbox 150 4129 460 4184; x_wconf 87' lang='lat' dir='ltr'><strong><em>Castitatis</em></strong></span> <span class='ocrx_word' id='word_1_608' title='bbox 482 4128 917 4195; x_wconf 86' lang='lat' dir='ltr'><strong><em>Exhortatione,</em></strong></span> <span class='ocrx_word' id='word_1_609' title='bbox 934 4129 1022 4184; x_wconf 88' lang='lat' dir='ltr'><strong><em>vel</em></strong></span> <span class='ocrx_word' id='word_1_610' title='bbox 1054 4128 1111 4181; x_wconf 94' lang='lat' dir='ltr'><strong><em>in</em></strong></span> <span class='ocrx_word' id='word_1_611' title='bbox 1135 4128 1300 4183; x_wconf 90' lang='lat' dir='ltr'><strong><em>libris</em></strong></span> <span class='ocrx_word' id='word_1_612' title='bbox 1318 4128 1389 4183; x_wconf 91' lang='lat' dir='ltr'><strong><em>de</em></strong></span> <span class='ocrx_word' id='word_1_613' title='bbox 1419 4129 1812 4198; x_wconf 83' lang='lat' dir='ltr'><strong><em>Monogomia,</em></strong></span> 
     </span>
    </p>
   </div>
   <div class='ocr_carea' id='block_1_93' title="bbox 149 4198 1811 4272">
    <p class='ocr_par' dir='ltr' id='par_1_93' title="bbox 149 4198 1811 4272">
     <span class='ocr_line' id='line_1_95' title="bbox 149 4198 1811 4272; baseline -0.002 -16"><span class='ocrx_word' id='word_1_614' title='bbox 149 4202 363 4256; x_wconf 85' lang='lat' dir='ltr'><strong><em>Carnis</em></strong></span> <span class='ocrx_word' id='word_1_615' title='bbox 418 4200 886 4267; x_wconf 83' lang='lat' dir='ltr'><strong><em>Resurrectione,</em></strong></span> <span class='ocrx_word' id='word_1_616' title='bbox 920 4204 978 4255; x_wconf 90' lang='lat' dir='ltr'><strong><em>et</em></strong></span> <span class='ocrx_word' id='word_1_617' title='bbox 1026 4198 1172 4272; x_wconf 11' lang='lat' dir='ltr'><strong><em>alibi,</em></strong></span> <span class='ocrx_word' id='word_1_618' title='bbox 1199 4200 1452 4271; x_wconf 89' lang='lat' dir='ltr'><strong><em>passim;</em></strong></span> <span class='ocrx_word' id='word_1_619' title='bbox 1507 4199 1720 4272; x_wconf 84' lang='lat' dir='ltr'><strong><em>quibus</em></strong></span> <span class='ocrx_word' id='word_1_620' title='bbox 1754 4200 1811 4253; x_wconf 86' lang='lat' dir='ltr'><strong><em>in</em></strong></span> 
     </span>
    </p>
   </div>
   <div class='ocr_carea' id='block_1_94' title="bbox 149 4270 1814 4342">
    <p class='ocr_par' dir='ltr' id='par_1_94' title="bbox 149 4270 1814 4342">
     <span class='ocr_line' id='line_1_96' title="bbox 149 4270 1814 4342; baseline -0.002 -14"><span class='ocrx_word' id='word_1_621' title='bbox 149 4273 324 4342; x_wconf 83' lang='lat' dir='ltr'><strong><em>locis,</em></strong></span> <span class='ocrx_word' id='word_1_622' title='bbox 361 4288 480 4327; x_wconf 90' lang='lat' dir='ltr'><strong><em>non</em></strong></span> <span class='ocrx_word' id='word_1_623' title='bbox 500 4278 729 4327; x_wconf 88' lang='lat' dir='ltr'><strong><em>tantum</em></strong></span> <span class='ocrx_word' id='word_1_624' title='bbox 755 4272 1121 4328; x_wconf 88' lang='lat' dir='ltr'><strong><em>sacerdotum</em></strong></span> <span class='ocrx_word' id='word_1_625' title='bbox 1147 4270 1639 4342; x_wconf 53' lang='lat' dir='ltr'><strong><em>dignitatem,&#39;sed</em></strong></span> <span class='ocrx_word' id='word_1_626' title='bbox 1664 4270 1814 4325; x_wconf 89' lang='lat' dir='ltr'><strong><em>ritus</em></strong></span> 
     </span>
    </p>
   </div>
   <div class='ocr_carea' id='block_1_95' title="bbox 152 4342 1814 4417">
    <p class='ocr_par' dir='ltr' id='par_1_95' title="bbox 152 4342 1814 4417">
     <span class='ocr_line' id='line_1_97' title="bbox 152 4342 1814 4417; baseline -0.001 -18"><span class='ocrx_word' id='word_1_627' title='bbox 152 4346 379 4417; x_wconf 90' lang='lat' dir='ltr'><strong><em>quibus</em></strong></span> <span class='ocrx_word' id='word_1_628' title='bbox 408 4342 619 4417; x_wconf 85' lang='lat' dir='ltr'><strong><em>altaris</em></strong></span> <span class='ocrx_word' id='word_1_629' title='bbox 650 4344 907 4400; x_wconf 90' lang='lat' dir='ltr'><strong><em>ministri</em></strong></span> <span class='ocrx_word' id='word_1_630' title='bbox 938 4348 1372 4417; x_wconf 75' lang='lat' dir='ltr'><strong><em>consecrantur,</em></strong></span> <span class='ocrx_word' id='word_1_631' title='bbox 1409 4342 1610 4417; x_wconf 79' lang='lat' dir='ltr'><strong><em>laudat</em></strong></span> <span class='ocrx_word' id='word_1_632' title='bbox 1639 4347 1814 4417; x_wconf 82' lang='lat' dir='ltr'><strong><em>atque</em></strong></span> 
     </span>
    </p>
   </div>
   <div class='ocr_carea' id='block_1_96' title="bbox 150 4414 1811 4487">
    <p class='ocr_par' dir='ltr' id='par_1_96' title="bbox 150 4414 1811 4487">
     <span class='ocr_line' id='line_1_98' title="bbox 150 4414 1811 4487; baseline -0.002 -16"><span class='ocrx_word' id='word_1_633' title='bbox 150 4414 465 4473; x_wconf 86' lang='lat' dir='ltr'><strong><em>describit.</em></strong></span> <span class='ocrx_word' id='word_1_634' title='bbox 484 4420 687 4471; x_wconf 89' lang='lat' dir='ltr'><strong><em>Parem</em></strong></span> <span class='ocrx_word' id='word_1_635' title='bbox 708 4432 941 4487; x_wconf 88' lang='lat' dir='ltr'><strong><em>quoque</em></strong></span> <span class='ocrx_word' id='word_1_636' title='bbox 964 4416 1291 4469; x_wconf 90' lang='lat' dir='ltr'><strong><em>Beausobre</em></strong></span> <span class='ocrx_word' id='word_1_637' title='bbox 1316 4414 1483 4485; x_wconf 81' lang='lat' dir='ltr'><strong><em>ﬁngit</em></strong></span> <span class='ocrx_word' id='word_1_638' title='bbox 1499 4414 1811 4487; x_wconf 78' lang='lat' dir='ltr'><strong><em>fallaciam,</em></strong></span> 
     </span>
    </p>
   </div>
   <div class='ocr_carea' id='block_1_97' title="bbox 153 4486 1815 4569">
    <p class='ocr_par' dir='ltr' id='par_1_97' title="bbox 153 4486 1815 4569">
     <span class='ocr_line' id='line_1_99' title="bbox 153 4486 1815 4569; baseline -0.002 -27"><span class='ocrx_word' id='word_1_639' title='bbox 153 4488 567 4569; x_wconf 68' lang='lat' dir='ltr'><strong><em>callidumque</em></strong></span> <span class='ocrx_word' id='word_1_640' title='bbox 598 4488 747 4569; x_wconf 64' lang='lat' dir='ltr'><strong><em>gerit</em></strong></span> <span class='ocrx_word' id='word_1_641' title='bbox 778 4486 1173 4569; x_wconf 79' lang='lat' dir='ltr'><strong><em>ingenium_ad</em></strong></span> <span class='ocrx_word' id='word_1_642' title='bbox 1192 4486 1549 4569; x_wconf 75' lang='lat' dir='ltr'><strong><em>Clementem</em></strong></span> <span class='ocrx_word' id='word_1_643' title='bbox 1573 4486 1815 4569; x_wconf 49' lang='lat' dir='ltr'><strong><em>alexan-</em></strong></span> 
     </span>
    </p>
   </div>
   <div class='ocr_carea' id='block_1_98' title="bbox 153 4558 1813 4629">
    <p class='ocr_par' dir='ltr' id='par_1_98' title="bbox 153 4558 1813 4629">
     <span class='ocr_line' id='line_1_100' title="bbox 153 4558 1813 4629; baseline -0.002 -14"><span class='ocrx_word' id='word_1_644' title='bbox 153 4561 425 4625; x_wconf 86' lang='lat' dir='ltr'><strong><em>drinum,</em></strong></span> <span class='ocrx_word' id='word_1_645' title='bbox 449 4558 595 4615; x_wconf 91' lang='lat' dir='ltr'><strong><em>libro</em></strong></span> <span class='ocrx_word' id='word_1_646' title='bbox 629 4578 645 4614; x_wconf 83' lang='grc' dir='ltr'><strong><em>ι</em></strong></span> <span class='ocrx_word' id='word_1_647' title='bbox 675 4558 885 4615; x_wconf 85' lang='lat' dir='ltr'><strong><em>Stroui.</em></strong></span> <span class='ocrx_word' id='word_1_648' title='bbox 913 4575 1039 4629; x_wconf 89' lang='lat' dir='ltr'><strong><em>cap.</em></strong></span> <span class='ocrx_word' id='word_1_649' title='bbox 1073 4559 1128 4623; x_wconf 85' lang='lat'><strong><em>7,</em></strong></span> <span class='ocrx_word' id='word_1_650' title='bbox 1159 4559 1547 4629; x_wconf 89' lang='lat' dir='ltr'><strong><em>provocando.</em></strong></span> <span class='ocrx_word' id='word_1_651' title='bbox 1582 4559 1633 4612; x_wconf 89' lang='lat' dir='ltr'><strong><em>ls</em></strong></span> <span class='ocrx_word' id='word_1_652' title='bbox 1656 4558 1813 4612; x_wconf 89' lang='lat' dir='ltr'><strong><em>enim</em></strong></span> 
     </span>
    </p>
   </div>
   <div class='ocr_carea' id='block_1_99' title="bbox 152 4629 1813 4700">
    <p class='ocr_par' dir='ltr' id='par_1_99' title="bbox 152 4629 1813 4700">
     <span class='ocr_line' id='line_1_101' title="bbox 152 4629 1813 4700; baseline -0.002 -14"><span class='ocrx_word' id='word_1_653' title='bbox 152 4632 265 4686; x_wconf 87' lang='lat' dir='ltr'><strong><em>etsi</em></strong></span> <span class='ocrx_word' id='word_1_654' title='bbox 299 4647 581 4698; x_wconf 83' lang='lat' dir='ltr'><strong><em>purarum</em></strong></span> <span class='ocrx_word' id='word_1_655' title='bbox 609 4647 836 4700; x_wconf 79' lang='lat' dir='ltr'><strong><em>precum</em></strong></span> <span class='ocrx_word' id='word_1_656' title='bbox 866 4629 1222 4685; x_wconf 88' lang='lat' dir='ltr'><strong><em>oblationem</em></strong></span> <span class='ocrx_word' id='word_1_657' title='bbox 1269 4630 1483 4695; x_wconf 90' lang='lat' dir='ltr'><strong><em>laudet,</em></strong></span> <span class='ocrx_word' id='word_1_658' title='bbox 1521 4645 1813 4700; x_wconf 88' lang='lat' dir='ltr'><strong><em>nusquam</em></strong></span> 
     </span>
    </p>
   </div>
   <div class='ocr_carea' id='block_1_100' title="bbox 152 4700 1817 4771">
    <p class='ocr_par' dir='ltr' id='par_1_100' title="bbox 152 4700 1817 4771">
     <span class='ocr_line' id='line_1_102' title="bbox 152 4700 1817 4771; baseline -0.002 -13"><span class='ocrx_word' id='word_1_659' title='bbox 152 4708 385 4767; x_wconf 88' lang='lat' dir='ltr'><strong><em>tamen,</em></strong></span> <span class='ocrx_word' id='word_1_660' title='bbox 420 4708 522 4757; x_wconf 91' lang='lat' dir='ltr'><strong><em>aut</em></strong></span> <span class='ocrx_word' id='word_1_661' title='bbox 552 4703 922 4757; x_wconf 89' lang='lat' dir='ltr'><strong><em>incruentum</em></strong></span> <span class='ocrx_word' id='word_1_662' title='bbox 956 4700 1212 4771; x_wconf 90' lang='lat' dir='ltr'><strong><em>corporis</em></strong></span> <span class='ocrx_word' id='word_1_663' title='bbox 1235 4707 1291 4756; x_wconf 90' lang='lat' dir='ltr'><strong><em>et</em></strong></span> <span class='ocrx_word' id='word_1_664' title='bbox 1312 4701 1621 4771; x_wconf 87' lang='lat' dir='ltr'><strong><em>sanguinis</em></strong></span> <span class='ocrx_word' id='word_1_665' title='bbox 1645 4700 1817 4755; x_wconf 90' lang='lat' dir='ltr'><strong><em>Chri-</em></strong></span> 
     </span>
    </p>
   </div>
   <div class='ocr_carea' id='block_1_101' title="bbox 154 4772 1822 4842">
    <p class='ocr_par' dir='ltr' id='par_1_101' title="bbox 154 4772 1822 4842">
     <span class='ocr_line' id='line_1_103' title="bbox 154 4772 1822 4842; baseline -0.002 -11"><span class='ocrx_word' id='word_1_666' title='bbox 154 4774 227 4831; x_wconf 88' lang='lat' dir='ltr'><strong><em>sti</em></strong></span> <span class='ocrx_word' id='word_1_667' title='bbox 246 4773 633 4839; x_wconf 85' lang='lat' dir='ltr'><strong><em>sacriﬁcium,</em></strong></span> <span class='ocrx_word' id='word_1_668' title='bbox 652 4778 754 4829; x_wconf 88' lang='lat' dir='ltr'><strong><em>aut</em></strong></span> <span class='ocrx_word' id='word_1_669' title='bbox 771 4772 1236 4828; x_wconf 89' lang='lat' dir='ltr'><strong><em>Christianorum</em></strong></span> <span class='ocrx_word' id='word_1_670' title='bbox 1257 4778 1370 4828; x_wconf 90' lang='lat' dir='ltr'><strong><em>tem</em></strong></span> <span class='ocrx_word' id='word_1_671' title='bbox 1382 4772 1591 4842; x_wconf 89' lang='lat' dir='ltr'><strong><em>pla,vel</em></strong></span> <span class='ocrx_word' id='word_1_672' title='bbox 1614 4772 1822 4828; x_wconf 89' lang='lat' dir='ltr'><strong><em>altaria</em></strong></span> 
     </span>
    </p>
   </div>
   <div class='ocr_carea' id='block_1_102' title="bbox 154 4844 1820 4917">
    <p class='ocr_par' dir='ltr' id='par_1_102' title="bbox 154 4844 1820 4917">
     <span class='ocr_line' id='line_1_104' title="bbox 154 4844 1820 4917; baseline -0.001 -16"><span class='ocrx_word' id='word_1_673' title='bbox 154 4846 436 4917; x_wconf 76' lang='lat' dir='ltr'><strong><em>negavit;</em></strong></span> <span class='ocrx_word' id='word_1_674' title='bbox 485 4850 549 4900; x_wconf 91' lang='lat' dir='ltr'><strong><em>ut</em></strong></span> <span class='ocrx_word' id='word_1_675' title='bbox 581 4845 849 4917; x_wconf 86' lang='lat' dir='ltr'><strong><em>pluribus</em></strong></span> <span class='ocrx_word' id='word_1_676' title='bbox 883 4845 1196 4900; x_wconf 88' lang='lat' dir='ltr'><strong><em>momentis</em></strong></span> <span class='ocrx_word' id='word_1_677' title='bbox 1228 4861 1296 4917; x_wconf 87' lang='lat' dir='ltr'><strong><em>ex</em></strong></span> <span class='ocrx_word' id='word_1_678' title='bbox 1338 4844 1513 4911; x_wconf 88' lang='lat' dir='ltr'><strong><em>huius</em></strong></span> <span class='ocrx_word' id='word_1_679' title='bbox 1544 4845 1820 4916; x_wconf 89' lang='lat' dir='ltr'><strong><em>operibus</em></strong></span> 
     </span>
    </p>
   </div>
   <div class='ocr_carea' id='block_1_103' title="bbox 155 4915 1821 4987">
    <p class='ocr_par' dir='ltr' id='par_1_103' title="bbox 155 4915 1821 4987">
     <span class='ocr_line' id='line_1_105' title="bbox 155 4915 1821 4987; baseline -0.002 -13"><span class='ocrx_word' id='word_1_680' title='bbox 155 4915 454 4986; x_wconf 76' lang='lat' dir='ltr'><strong><em>excerptis</em></strong></span> <span class='ocrx_word' id='word_1_681' title='bbox 494 4916 784 4987; x_wconf 88' lang='lat' dir='ltr'><strong><em>explicare</em></strong></span> <span class='ocrx_word' id='word_1_682' title='bbox 834 4916 1247 4987; x_wconf 87' lang='lat' dir='ltr'><strong><em>possemus,si</em></strong></span> <span class='ocrx_word' id='word_1_683' title='bbox 1300 4922 1496 4972; x_wconf 84' lang='lat' dir='ltr'><strong><em>noster</em></strong></span> <span class='ocrx_word' id='word_1_684' title='bbox 1528 4915 1821 4972; x_wconf 79' lang='lat' dir='ltr'><strong><em>scribendi</em></strong></span> 
     </span>
    </p>
   </div>
   <div class='ocr_carea' id='block_1_104' title="bbox 156 4986 1820 5059">
    <p class='ocr_par' dir='ltr' id='par_1_104' title="bbox 156 4986 1820 5059">
     <span class='ocr_line' id='line_1_106' title="bbox 156 4986 1820 5059; baseline -0.001 -15"><span class='ocrx_word' id='word_1_685' title='bbox 156 5006 385 5059; x_wconf 84' lang='lat' dir='ltr'><strong><em>scopus</em></strong></span> <span class='ocrx_word' id='word_1_686' title='bbox 418 4988 474 5042; x_wconf 90' lang='lat' dir='ltr'><strong><em>id</em></strong></span> <span class='ocrx_word' id='word_1_687' title='bbox 510 4986 621 5043; x_wconf 79' lang='lat' dir='ltr'><strong><em>nun</em></strong></span> <span class='ocrx_word' id='word_1_688' title='bbox 651 4989 1013 5059; x_wconf 86' lang='lat' dir='ltr'><strong><em>prepediret.</em></strong></span> <span class='ocrx_word' id='word_1_689' title='bbox 1042 4987 1140 5041; x_wconf 81' lang='lat' dir='ltr'><strong><em>His</em></strong></span> <span class='ocrx_word' id='word_1_690' title='bbox 1172 4986 1352 5058; x_wconf 85' lang='lat' dir='ltr'><strong><em>igitur</em></strong></span> <span class='ocrx_word' id='word_1_691' title='bbox 1375 4987 1623 5058; x_wconf 88' lang='lat' dir='ltr'><strong><em>aliisque</em></strong></span> <span class='ocrx_word' id='word_1_692' title='bbox 1654 4988 1820 5043; x_wconf 86' lang='lat' dir='ltr'><strong><em>simi-</em></strong></span> 
     </span>
    </p>
   </div>
   <div class='ocr_carea' id='block_1_105' title="bbox 156 5058 1820 5128">
    <p class='ocr_par' dir='ltr' id='par_1_105' title="bbox 156 5058 1820 5128">
     <span class='ocr_line' id='line_1_107' title="bbox 156 5058 1820 5128; baseline -0.001 -13"><span class='ocrx_word' id='word_1_693' title='bbox 156 5058 324 5115; x_wconf 86' lang='lat' dir='ltr'><strong><em>libus</em></strong></span> <span class='ocrx_word' id='word_1_694' title='bbox 354 5059 687 5115; x_wconf 87' lang='lat' dir='ltr'><strong><em>Beausobre</em></strong></span> <span class='ocrx_word' id='word_1_695' title='bbox 718 5058 961 5115; x_wconf 88' lang='lat' dir='ltr'><strong><em>fallaciis</em></strong></span> <span class='ocrx_word' id='word_1_696' title='bbox 987 5058 1304 5121; x_wconf 87' lang='lat' dir='ltr'><strong><em>annotatis,</em></strong></span> <span class='ocrx_word' id='word_1_697' title='bbox 1329 5076 1456 5128; x_wconf 85' lang='lat' dir='ltr'><strong><em>que</em></strong></span> <span class='ocrx_word' id='word_1_698' title='bbox 1488 5061 1724 5114; x_wconf 89' lang='lat' dir='ltr'><strong><em>demum</em></strong></span> <span class='ocrx_word' id='word_1_699' title='bbox 1750 5060 1820 5114; x_wconf 92' lang='lat' dir='ltr'><strong><em>de</em></strong></span> 
     </span>
    </p>
   </div>
   <div class='ocr_carea' id='block_1_106' title="bbox 157 5130 1815 5204">
    <p class='ocr_par' dir='ltr' id='par_1_106' title="bbox 157 5130 1815 5204">
     <span class='ocr_line' id='line_1_108' title="bbox 157 5130 1815 5204; baseline -0.001 -17"><span class='ocrx_word' id='word_1_700' title='bbox 157 5130 445 5204; x_wconf 83' lang='lat' dir='ltr'><strong><em>Anthimo</em></strong></span> <span class='ocrx_word' id='word_1_701' title='bbox 475 5131 779 5204; x_wconf 88' lang='lat' dir='ltr'><strong><em>speciatim</em></strong></span> <span class='ocrx_word' id='word_1_702' title='bbox 808 5131 1054 5188; x_wconf 90' lang='lat' dir='ltr'><strong><em>dicenda</em></strong></span> <span class='ocrx_word' id='word_1_703' title='bbox 1076 5138 1393 5186; x_wconf 91' lang='lat' dir='ltr'><strong><em>occurrunt</em></strong></span> <span class='ocrx_word' id='word_1_704' title='bbox 1424 5133 1626 5203; x_wconf 87' lang='lat' dir='ltr'><strong><em>paucis</em></strong></span> <span class='ocrx_word' id='word_1_705' title='bbox 1648 5146 1815 5185; x_wconf 90' lang='lat' dir='ltr'><strong><em>enar-</em></strong></span> 
     </span>
    </p>
   </div>
   <div class='ocr_carea' id='block_1_107' title="bbox 156 5203 455 5260">
    <p class='ocr_par' dir='ltr' id='par_1_107' title="bbox 156 5203 455 5260">
     <span class='ocr_line' id='line_1_109' title="bbox 156 5203 455 5260; baseline -0.007 -1"><span class='ocrx_word' id='word_1_706' title='bbox 156 5203 455 5260; x_wconf 86' lang='lat' dir='ltr'><strong><em>rabimus.</em></strong></span> 
     </span>
    </p>
   </div>
   <div class='ocr_carea' id='block_1_108' title="bbox 234 5271 1817 5344">
    <p class='ocr_par' dir='ltr' id='par_1_108' title="bbox 234 5271 1817 5344">
     <span class='ocr_line' id='line_1_110' title="bbox 234 5271 1817 5344; baseline -0.002 -15"><span class='ocrx_word' id='word_1_707' title='bbox 234 5276 328 5329; x_wconf 84' lang='grc'><strong><em>12.</em></strong></span> <span class='ocrx_word' id='word_1_708' title='bbox 366 5274 421 5330; x_wconf 93' lang='lat' dir='ltr'><strong><em>Is</em></strong></span> <span class='ocrx_word' id='word_1_709' title='bbox 452 5290 588 5344; x_wconf 86' lang='lat' dir='ltr'><strong><em>ergo</em></strong></span> <span class='ocrx_word' id='word_1_710' title='bbox 638 5273 897 5344; x_wconf 90' lang='lat' dir='ltr'><strong><em>primum</em></strong></span> <span class='ocrx_word' id='word_1_711' title='bbox 950 5289 1068 5327; x_wconf 89' lang='lat' dir='ltr'><strong><em>una</em></strong></span> <span class='ocrx_word' id='word_1_712' title='bbox 1099 5288 1231 5327; x_wconf 87' lang='lat' dir='ltr'><strong><em>cum</em></strong></span> <span class='ocrx_word' id='word_1_713' title='bbox 1282 5271 1523 5343; x_wconf 90' lang='lat' dir='ltr'><strong><em>reliquis</em></strong></span> <span class='ocrx_word' id='word_1_714' title='bbox 1553 5271 1728 5327; x_wconf 89' lang='lat' dir='ltr'><strong><em>sociis</em></strong></span> <span class='ocrx_word' id='word_1_715' title='bbox 1758 5272 1817 5326; x_wconf 91' lang='lat' dir='ltr'><strong><em>in</em></strong></span> 
     </span>
    </p>
   </div>
   <div class='ocr_carea' id='block_1_109' title="bbox 158 5291 1821 5417">
    <p class='ocr_par' dir='ltr' id='par_1_109' title="bbox 158 5291 1821 5417">
     <span class='ocr_line' id='line_1_111' title="bbox 234 5291 1817 5344; baseline -0.002 -15"><span class='ocrx_word' id='word_1_716' title='bbox 234 5291 328 5329; x_wconf 75' lang='lat'><strong><em>12.</em></strong></span> <span class='ocrx_word' id='word_1_717' title='bbox 366 5291 421 5330; x_wconf 85' lang='lat'><strong><em>18</em></strong></span> <span class='ocrx_word' id='word_1_718' title='bbox 452 5291 588 5344; x_wconf 85' lang='lat' dir='ltr'><strong><em>ergo</em></strong></span> <span class='ocrx_word' id='word_1_719' title='bbox 681 5291 897 5327; x_wconf 78' lang='lat' dir='ltr'><strong><em>rimum</em></strong></span> <span class='ocrx_word' id='word_1_720' title='bbox 950 5291 1068 5327; x_wconf 88' lang='lat' dir='ltr'><strong><em>una</em></strong></span> <span class='ocrx_word' id='word_1_721' title='bbox 1099 5291 1231 5327; x_wconf 89' lang='lat' dir='ltr'><strong><em>cum</em></strong></span> <span class='ocrx_word' id='word_1_722' title='bbox 1282 5291 1523 5343; x_wconf 76' lang='lat' dir='ltr'><strong><em>reliquis</em></strong></span> <span class='ocrx_word' id='word_1_723' title='bbox 1553 5291 1728 5327; x_wconf 87' lang='lat' dir='ltr'><strong><em>socns</em></strong></span> <span class='ocrx_word' id='word_1_724' title='bbox 1758 5291 1817 5326; x_wconf 76' lang='lat' dir='ltr'><strong><em>in</em></strong></span> 
     </span>
     <span class='ocr_line' id='line_1_112' title="bbox 158 5291 1821 5417; baseline -0.004 -15"><span class='ocrx_word' id='word_1_725' title='bbox 158 5291 874 5417; x_wconf 56' lang='lat' dir='ltr'><strong><em>Constantinopolitanam</em></strong></span> <span class='ocrx_word' id='word_1_726' title='bbox 899 5345 1129 5399; x_wconf 90' lang='lat' dir='ltr'><strong><em>irruens</em></strong></span> <span class='ocrx_word' id='word_1_727' title='bbox 1154 5344 1378 5412; x_wconf 90' lang='lat' dir='ltr'><strong><em>urbem,</em></strong></span> <span class='ocrx_word' id='word_1_728' title='bbox 1396 5345 1613 5399; x_wconf 84' lang='lat' dir='ltr'><strong><em>altaria</em></strong></span> <span class='ocrx_word' id='word_1_729' title='bbox 1635 5348 1821 5417; x_wconf 49' lang='lat' dir='ltr'><strong><em>pro/ae</em></strong></span> 
     </span>
    </p>
   </div>
   <div class='ocr_carea' id='block_1_110' title="bbox 159 5416 1824 5489">
    <p class='ocr_par' dir='ltr' id='par_1_110' title="bbox 159 5416 1824 5489">
     <span class='ocr_line' id='line_1_113' title="bbox 159 5416 1824 5489; baseline -0.003 -16"><span class='ocrx_word' id='word_1_730' title='bbox 159 5436 258 5483; x_wconf 86' lang='lat' dir='ltr'><strong><em>na,</em></strong></span> <span class='ocrx_word' id='word_1_731' title='bbox 288 5416 621 5489; x_wconf 68' lang='lat' dir='ltr'><strong><em>baptisteria</em></strong></span> <span class='ocrx_word' id='word_1_732' title='bbox 642 5418 833 5473; x_wconf 87' lang='lat' dir='ltr'><strong><em>aliena</em></strong></span> <span class='ocrx_word' id='word_1_733' title='bbox 853 5418 911 5471; x_wconf 88' lang='lat' dir='ltr'><strong><em>in</em></strong></span> <span class='ocrx_word' id='word_1_734' title='bbox 930 5418 1238 5485; x_wconf 85' lang='lat' dir='ltr'><strong><em>oppositum</em></strong></span> <span class='ocrx_word' id='word_1_735' title='bbox 1250 5418 1366 5470; x_wconf 88' lang='lat' dir='ltr'><strong><em>veri</em></strong></span> <span class='ocrx_word' id='word_1_736' title='bbox 1378 5417 1572 5470; x_wconf 83' lang='lat' dir='ltr'><strong><em>altaris</em></strong></span> <span class='ocrx_word' id='word_1_737' title='bbox 1584 5416 1824 5489; x_wconf 83' lang='lat' dir='ltr'><strong><em>etsancti</em></strong></span> 
     </span>
    </p>
   </div>
   <div class='ocr_carea' id='block_1_111' title="bbox 159 5488 1822 5558">
    <p class='ocr_par' dir='ltr' id='par_1_111' title="bbox 159 5488 1822 5558">
     <span class='ocr_line' id='line_1_114' title="bbox 159 5488 1822 5558; baseline -0.004 -13"><span class='ocrx_word' id='word_1_738' title='bbox 159 5488 441 5558; x_wconf 78' lang='lat' dir='ltr'><strong><em>fontts,in</em></strong></span> <span class='ocrx_word' id='word_1_739' title='bbox 457 5490 650 5545; x_wconf 86' lang='lat' dir='ltr'><strong><em>multis</em></strong></span> <span class='ocrx_word' id='word_1_740' title='bbox 669 5490 838 5543; x_wconf 86' lang='lat' dir='ltr'><strong><em>claris</em></strong></span> <span class='ocrx_word' id='word_1_741' title='bbox 853 5490 983 5543; x_wconf 87' lang='lat' dir='ltr'><strong><em>locis</em></strong></span> <span class='ocrx_word' id='word_1_742' title='bbox 1006 5489 1180 5558; x_wconf 84' lang='lat' dir='ltr'><strong><em>ipsius</em></strong></span> <span class='ocrx_word' id='word_1_743' title='bbox 1200 5489 1457 5554; x_wconf 83' lang='lat' dir='ltr'><strong><em>civitatis,</em></strong></span> <span class='ocrx_word' id='word_1_744' title='bbox 1474 5496 1524 5542; x_wconf 93' lang='lat' dir='ltr'><strong><em>et</em></strong></span> <span class='ocrx_word' id='word_1_745' title='bbox 1547 5490 1605 5543; x_wconf 90' lang='lat' dir='ltr'><strong><em>in</em></strong></span> <span class='ocrx_word' id='word_1_746' title='bbox 1622 5488 1822 5542; x_wconf 86' lang='lat' dir='ltr'><strong><em>subur-</em></strong></span> 
     </span>
    </p>
   </div>
   <div class='ocr_carea' id='block_1_112' title="bbox 163 5559 1825 5631">
    <p class='ocr_par' dir='ltr' id='par_1_112' title="bbox 163 5559 1825 5631">
     <span class='ocr_line' id='line_1_115' title="bbox 163 5559 1825 5631; baseline -0.003 -14"><span class='ocrx_word' id='word_1_747' title='bbox 163 5562 295 5629; x_wconf 87' lang='lat' dir='ltr'><strong><em>biis,</em></strong></span> <span class='ocrx_word' id='word_1_748' title='bbox 326 5567 382 5617; x_wconf 85' lang='lat' dir='ltr'><strong><em>et</em></strong></span> <span class='ocrx_word' id='word_1_749' title='bbox 413 5564 473 5615; x_wconf 89' lang='lat' dir='ltr'><strong><em>in</em></strong></span> <span class='ocrx_word' id='word_1_750' title='bbox 502 5565 731 5631; x_wconf 82' lang='lat' dir='ltr'><strong><em>propria</em></strong></span> <span class='ocrx_word' id='word_1_751' title='bbox 762 5561 938 5626; x_wconf 88' lang='lat' dir='ltr'><strong><em>domo,</em></strong></span> <span class='ocrx_word' id='word_1_752' title='bbox 970 5559 1120 5628; x_wconf 71' lang='lat' dir='ltr'><strong><em>ﬁxit,</em></strong></span> <span class='ocrx_word' id='word_1_753' title='bbox 1154 5560 1346 5629; x_wconf 88' lang='lat' dir='ltr'><strong><em>iniqua</em></strong></span> <span class='ocrx_word' id='word_1_754' title='bbox 1392 5561 1451 5613; x_wconf 86' lang='lat' dir='ltr'><strong><em>in</em></strong></span> <span class='ocrx_word' id='word_1_755' title='bbox 1478 5560 1610 5630; x_wconf 82' lang='lat' dir='ltr'><strong><em>ipsis</em></strong></span> <span class='ocrx_word' id='word_1_756' title='bbox 1638 5561 1825 5631; x_wconf 83' lang='lat' dir='ltr'><strong><em>facere</em></strong></span> 
     </span>
    </p>
   </div>
   <div class='ocr_carea' id='block_1_113' title="bbox 162 5630 1821 5703">
    <p class='ocr_par' dir='ltr' id='par_1_113' title="bbox 162 5630 1821 5703">
     <span class='ocr_line' id='line_1_116' title="bbox 162 5630 1821 5703; baseline -0.004 -13"><span class='ocrx_word' id='word_1_757' title='bbox 162 5650 279 5690; x_wconf 80' lang='lat' dir='ltr'><strong><em>non</em></strong></span> <span class='ocrx_word' id='word_1_758' title='bbox 309 5630 547 5690; x_wconf 86' lang='lat' dir='ltr'><strong><em>cessans.</em></strong></span> <span class='ocrx_word' id='word_1_759' title='bbox 596 5630 905 5688; x_wconf 88' lang='lat' dir='ltr'><strong><em>Communi</em></strong></span> <span class='ocrx_word' id='word_1_760' title='bbox 956 5631 1155 5703; x_wconf 89' lang='lat' dir='ltr'><strong><em>itaque</em></strong></span> <span class='ocrx_word' id='word_1_761' title='bbox 1206 5631 1419 5702; x_wconf 89' lang='lat' dir='ltr'><strong><em>Severi,</em></strong></span> <span class='ocrx_word' id='word_1_762' title='bbox 1453 5632 1605 5686; x_wconf 89' lang='lat' dir='ltr'><strong><em>Petri</em></strong></span> <span class='ocrx_word' id='word_1_763' title='bbox 1650 5630 1821 5700; x_wconf 89' lang='lat' dir='ltr'><strong><em>lberi,</em></strong></span> 
     </span>
    </p>
   </div>
   <div class='ocr_carea' id='block_1_114' title="bbox 236 5736 1606 5885">
    <p class='ocr_par' dir='ltr' id='par_1_114' title="bbox 236 5736 1606 5885">
     <span class='ocr_line' id='line_1_117' title="bbox 236 5736 1606 5885; baseline -0.003 -89"><span class='ocrx_word' id='word_1_764' title='bbox 236 5739 319 5885; x_wconf 41' lang='grc' dir='ltr'><strong><em>(αξ</em></strong></span> <span class='ocrx_word' id='word_1_765' title='bbox 354 5738 502 5795; x_wconf 86' lang='lat' dir='ltr'><strong><em>Vide</em></strong></span> <span class='ocrx_word' id='word_1_766' title='bbox 532 5754 661 5809; x_wconf 85' lang='lat' dir='ltr'><strong><em>quas</em></strong></span> <span class='ocrx_word' id='word_1_767' title='bbox 693 5737 953 5794; x_wconf 88' lang='lat' dir='ltr'><strong><em>diximus</em></strong></span> <span class='ocrx_word' id='word_1_768' title='bbox 982 5754 1109 5810; x_wconf 88' lang='lat' dir='ltr'><strong><em>cap.</em></strong></span> <span class='ocrx_word' id='word_1_769' title='bbox 1143 5737 1211 5792; x_wconf 82' lang='grc'>12</span> <span class='ocrx_word' id='word_1_770' title='bbox 1240 5736 1420 5809; x_wconf 83' lang='lat' dir='ltr'><strong><em>hujus</em></strong></span> <span class='ocrx_word' id='word_1_771' title='bbox 1450 5737 1606 5795; x_wconf 89' lang='lat' dir='ltr'><strong><em>libri.</em></strong></span> 
     </span>
     <span class='ocr_line' id='line_1_118' title="bbox 238 5810 1199 5885; baseline -0.001 -18"><span class='ocrx_word' id='word_1_772' title='bbox 238 5812 295 5883; x_wconf 87' lang='lat' dir='ltr'><strong><em>(b</em></strong></span> <span class='ocrx_word' id='word_1_773' title='bbox 350 5812 706 5885; x_wconf 84' lang='lat' dir='ltr'><strong><em>Beausobre,</em></strong></span> <span class='ocrx_word' id='word_1_774' title='bbox 732 5810 845 5885; x_wconf 62' lang='lat' dir='ltr'><strong><em>lib.</em></strong></span> <span class='ocrx_word' id='word_1_775' title='bbox 874 5828 955 5885; x_wconf 73' lang='lat' dir='ltr'><strong><em>1x,</em></strong></span> <span class='ocrx_word' id='word_1_776' title='bbox 986 5826 1113 5885; x_wconf 78' lang='lat' dir='ltr'><strong><em>cap.</em></strong></span> <span class='ocrx_word' id='word_1_777' title='bbox 1144 5812 1199 5866; x_wconf 89' lang='lat'><strong><em>6.</em></strong></span> 
     </span>
    </p>
   </div>
   <div class='ocr_carea' id='block_1_115' title="bbox 238 5810 1199 5883">
    <p class='ocr_par' dir='ltr' id='par_1_115' title="bbox 238 5810 1199 5883">
     <span class='ocr_line' id='line_1_119' title="bbox 238 5810 1199 5883; baseline -0.001 -16"><span class='ocrx_word' id='word_1_778' title='bbox 238 5810 319 5883; x_wconf 87' lang='lat' dir='ltr'><strong><em>(b)</em></strong></span> <span class='ocrx_word' id='word_1_779' title='bbox 350 5812 706 5878; x_wconf 89' lang='lat' dir='ltr'><strong><em>Beausobre,</em></strong></span> <span class='ocrx_word' id='word_1_780' title='bbox 736 5810 838 5883; x_wconf 87' lang='lat' dir='ltr'><strong><em>lib.</em></strong></span> <span class='ocrx_word' id='word_1_781' title='bbox 874 5828 951 5883; x_wconf 81' lang='lat' dir='ltr'><strong><em>1x,</em></strong></span> <span class='ocrx_word' id='word_1_782' title='bbox 986 5826 1113 5883; x_wconf 83' lang='lat' dir='ltr'><strong><em>cap.</em></strong></span> <span class='ocrx_word' id='word_1_783' title='bbox 1144 5812 1199 5866; x_wconf 89' lang='lat'><strong><em>6.</em></strong></span> 
     </span>
    </p>
   </div>
   <div class='ocr_carea' id='block_1_116' title="bbox 244 5855 1040 5956">
    <p class='ocr_par' dir='ltr' id='par_1_116' title="bbox 244 5855 1040 5956">
     <span class='ocr_line' id='line_1_120' title="bbox 244 5855 1040 5956; baseline -0.004 -15"><span class='ocrx_word' id='word_1_784' title='bbox 244 5855 319 5955; x_wconf 72' lang='lat' dir='ltr'><strong><em>lE)’</em></strong></span> <span class='ocrx_word' id='word_1_785' title='bbox 344 5855 706 5956; x_wconf 68' lang='grc' dir='ltr'><strong><em>ἔέἔιῖἕόὖὶιὲξ</em></strong></span> <span class='ocrx_word' id='word_1_786' title='bbox 728 5855 960 5956; x_wconf 64' lang='grc' dir='ltr'><strong><em>ίϊνῖὰ.;“ξ</em></strong></span> <span class='ocrx_word' id='word_1_787' title='bbox 987 5855 1040 5938; x_wconf 70' lang='grc' dir='ltr'><strong><em>ἐξ</em></strong></span> 
     </span>
    </p>
   </div>
   <div class='ocr_carea' id='block_1_117' title="bbox 1918 3200 3322 3270">
    <p class='ocr_par' dir='ltr' id='par_1_117' title="bbox 1918 3200 3322 3270">
     <span class='ocr_line' id='line_1_121' title="bbox 1918 3200 3322 3270; baseline 0.001 -17"><span class='ocrx_word' id='word_1_788' title='bbox 1918 3214 2084 3270; x_wconf 85' lang='lat' dir='ltr'><strong><em>sacra</em></strong></span> <span class='ocrx_word' id='word_1_789' title='bbox 2113 3200 2287 3270; x_wconf 78' lang='lat' dir='ltr'><strong><em>etiam</em></strong></span> <span class='ocrx_word' id='word_1_790' title='bbox 2323 3200 2612 3269; x_wconf 83' lang='lat' dir='ltr'><strong><em>imperiali</em></strong></span> <span class='ocrx_word' id='word_1_791' title='bbox 2646 3201 2767 3270; x_wconf 88' lang='lat' dir='ltr'><strong><em>lege</em></strong></span> <span class='ocrx_word' id='word_1_792' title='bbox 2798 3200 3089 3254; x_wconf 90' lang='lat' dir='ltr'><strong><em>sancitum</em></strong></span> <span class='ocrx_word' id='word_1_793' title='bbox 3122 3200 3322 3255; x_wconf 91' lang='lat' dir='ltr'><strong><em>voluit.</em></strong></span> 
     </span>
    </p>
   </div>
   <div class='ocr_carea' id='block_1_118' title="bbox 1994 3269 3565 3343">
    <p class='ocr_par' dir='ltr' id='par_1_118' title="bbox 1994 3269 3565 3343">
     <span class='ocr_line' id='line_1_122' title="bbox 1994 3269 3565 3343; baseline 0.003 -23"><span class='ocrx_word' id='word_1_794' title='bbox 1994 3269 2226 3343; x_wconf 34' lang='lat' dir='ltr'><strong><em>13.”Nec</em></strong></span> <span class='ocrx_word' id='word_1_795' title='bbox 2255 3271 2328 3325; x_wconf 92' lang='lat' dir='ltr'><strong><em>ab</em></strong></span> <span class='ocrx_word' id='word_1_796' title='bbox 2360 3272 2471 3326; x_wconf 89' lang='lat' dir='ltr'><strong><em>alio</em></strong></span> <span class='ocrx_word' id='word_1_797' title='bbox 2521 3269 2758 3342; x_wconf 87' lang='lat' dir='ltr'><strong><em>quidem</em></strong></span> <span class='ocrx_word' id='word_1_798' title='bbox 2811 3288 2989 3343; x_wconf 86' lang='lat' dir='ltr'><strong><em>quam</em></strong></span> <span class='ocrx_word' id='word_1_799' title='bbox 3023 3272 3094 3326; x_wconf 86' lang='lat' dir='ltr'><strong><em>ab</em></strong></span> <span class='ocrx_word' id='word_1_800' title='bbox 3142 3272 3270 3343; x_wconf 89' lang='lat' dir='ltr'><strong><em>ipso</em></strong></span> <span class='ocrx_word' id='word_1_801' title='bbox 3303 3272 3565 3343; x_wconf 80' lang='lat' dir='ltr'><strong><em>Romano</em></strong></span> 
     </span>
    </p>
   </div>
   <div class='ocr_carea' id='block_1_119' title="bbox 1919 3340 3567 3414">
    <p class='ocr_par' dir='ltr' id='par_1_119' title="bbox 1919 3340 3567 3414">
     <span class='ocr_line' id='line_1_123' title="bbox 1919 3340 3567 3414; baseline 0.001 -20"><span class='ocrx_word' id='word_1_802' title='bbox 1919 3340 2194 3414; x_wconf 81' lang='lat' dir='ltr'><strong><em>pontifice</em></strong></span> <span class='ocrx_word' id='word_1_803' title='bbox 2226 3347 2485 3414; x_wconf 77' lang='lat' dir='ltr'><strong><em>Agapeto</em></strong></span> <span class='ocrx_word' id='word_1_804' title='bbox 2512 3340 2842 3398; x_wconf 52' lang='lat' dir='ltr'><strong><em>Anthimus&#39;</em></strong></span> <span class='ocrx_word' id='word_1_805' title='bbox 2870 3340 3294 3399; x_wconf 79' lang='lat' dir='ltr'><strong><em>condemnatus</em></strong></span> <span class='ocrx_word' id='word_1_806' title='bbox 3319 3346 3376 3397; x_wconf 90' lang='lat' dir='ltr'><strong><em>et</em></strong></span> <span class='ocrx_word' id='word_1_807' title='bbox 3405 3341 3567 3398; x_wconf 89' lang='lat' dir='ltr'><strong><em>omni</em></strong></span> 
     </span>
    </p>
   </div>
   <div class='ocr_carea' id='block_1_120' title="bbox 1918 3412 3566 3486">
    <p class='ocr_par' dir='ltr' id='par_1_120' title="bbox 1918 3412 3566 3486">
     <span class='ocr_line' id='line_1_124' title="bbox 1918 3412 3566 3486; baseline 0.001 -21"><span class='ocrx_word' id='word_1_808' title='bbox 1918 3412 2263 3468; x_wconf 87' lang='lat' dir='ltr'><strong><em>sacerdotali</em></strong></span> <span class='ocrx_word' id='word_1_809' title='bbox 2282 3412 2510 3470; x_wconf 81' lang='lat' dir='ltr'><strong><em>honore</em></strong></span> <span class='ocrx_word' id='word_1_810' title='bbox 2532 3416 2642 3470; x_wconf 86' lang='lat' dir='ltr'><strong><em>fuit</em></strong></span> <span class='ocrx_word' id='word_1_811' title='bbox 2661 3416 2943 3486; x_wconf 89' lang='lat' dir='ltr'><strong><em>privatus.</em></strong></span> <span class='ocrx_word' id='word_1_812' title='bbox 2964 3416 3108 3471; x_wconf 90' lang='lat' dir='ltr'><strong><em>Cum</em></strong></span> <span class='ocrx_word' id='word_1_813' title='bbox 3139 3414 3409 3486; x_wconf 83' lang='lat' dir='ltr'><strong><em>videlicet</em></strong></span> <span class='ocrx_word' id='word_1_814' title='bbox 3428 3430 3566 3468; x_wconf 88' lang='lat' dir='ltr'><strong><em>san-</em></strong></span> 
     </span>
    </p>
   </div>
   <div class='ocr_carea' id='block_1_121' title="bbox 1919 3485 3565 3557">
    <p class='ocr_par' dir='ltr' id='par_1_121' title="bbox 1919 3485 3565 3557">
     <span class='ocr_line' id='line_1_125' title="bbox 1919 3485 3565 3557; baseline 0.001 -19"><span class='ocrx_word' id='word_1_815' title='bbox 1919 3485 2911 3557; x_wconf 10' lang='lat' dir='ltr'><strong><em>ctusipontifex,Constantinopolim</em></strong></span> <span class='ocrx_word' id='word_1_816' title='bbox 2927 3485 3565 3557; x_wconf 84' lang='lat' dir='ltr'><strong><em>profectus,facinorum</em></strong></span> 
     </span>
    </p>
   </div>
   <div class='ocr_carea' id='block_1_122' title="bbox 1919 3554 3565 3629">
    <p class='ocr_par' dir='ltr' id='par_1_122' title="bbox 1919 3554 3565 3629">
     <span class='ocr_line' id='line_1_126' title="bbox 1919 3554 3565 3629; baseline 0.001 -21"><span class='ocrx_word' id='word_1_817' title='bbox 1919 3554 2219 3625; x_wconf 89' lang='lat' dir='ltr'><strong><em>impietate</em></strong></span> <span class='ocrx_word' id='word_1_818' title='bbox 2238 3564 2541 3628; x_wconf 88' lang='lat' dir='ltr'><strong><em>perspecta</em></strong></span> <span class='ocrx_word' id='word_1_819' title='bbox 2556 3564 2612 3614; x_wconf 90' lang='lat' dir='ltr'><strong><em>et</em></strong></span> <span class='ocrx_word' id='word_1_820' title='bbox 2631 3554 2789 3613; x_wconf 80' lang='lat' dir='ltr'><strong><em>omni</em></strong></span> <span class='ocrx_word' id='word_1_821' title='bbox 2810 3575 2879 3614; x_wconf 87' lang='lat' dir='ltr'><strong><em>ex</em></strong></span> <span class='ocrx_word' id='word_1_822' title='bbox 2903 3554 3063 3629; x_wconf 58' lang='lat' dir='ltr'><strong><em>parte</em></strong></span> <span class='ocrx_word' id='word_1_823' title='bbox 3084 3555 3565 3629; x_wconf 84' lang='lat' dir='ltr'><strong><em>probata,Anthi-</em></strong></span> 
     </span>
    </p>
   </div>
   <div class='ocr_carea' id='block_1_123' title="bbox 1922 3627 3564 3701">
    <p class='ocr_par' dir='ltr' id='par_1_123' title="bbox 1922 3627 3564 3701">
     <span class='ocr_line' id='line_1_127' title="bbox 1922 3627 3564 3701; baseline 0.001 -20"><span class='ocrx_word' id='word_1_824' title='bbox 1922 3643 2080 3701; x_wconf 81' lang='lat' dir='ltr'><strong><em>mum</em></strong></span> <span class='ocrx_word' id='word_1_825' title='bbox 2115 3644 2183 3701; x_wconf 81' lang='lat' dir='ltr'><strong><em>ex</em></strong></span> <span class='ocrx_word' id='word_1_826' title='bbox 2231 3645 2297 3684; x_wconf 90' lang='lat' dir='ltr'><strong><em>ea</em></strong></span> <span class='ocrx_word' id='word_1_827' title='bbox 2328 3627 2464 3686; x_wconf 84' lang='lat' dir='ltr'><strong><em>sede</em></strong></span> <span class='ocrx_word' id='word_1_828' title='bbox 2512 3632 2742 3699; x_wconf 84' lang='lat' dir='ltr'><strong><em>dejecit.</em></strong></span> <span class='ocrx_word' id='word_1_829' title='bbox 2776 3636 2834 3685; x_wconf 87' lang='lat' dir='ltr'><strong><em>et</em></strong></span> <span class='ocrx_word' id='word_1_830' title='bbox 2878 3627 3182 3701; x_wconf 79' lang='lat' dir='ltr'><strong><em>tamquam</em></strong></span> <span class='ocrx_word' id='word_1_831' title='bbox 3225 3627 3564 3701; x_wconf 79' lang='lat' dir='ltr'><strong><em>hereticum</em></strong></span> 
     </span>
    </p>
   </div>
   <div class='ocr_carea' id='block_1_124' title="bbox 1919 3697 3562 3771">
    <p class='ocr_par' dir='ltr' id='par_1_124' title="bbox 1919 3697 3562 3771">
     <span class='ocr_line' id='line_1_128' title="bbox 1919 3697 3562 3771; baseline 0.002 -20"><span class='ocrx_word' id='word_1_832' title='bbox 1919 3697 2257 3755; x_wconf 88' lang='lat' dir='ltr'><strong><em>habendum</em></strong></span> <span class='ocrx_word' id='word_1_833' title='bbox 2305 3716 2433 3757; x_wconf 90' lang='lat' dir='ltr'><strong><em>esse</em></strong></span> <span class='ocrx_word' id='word_1_834' title='bbox 2481 3697 2816 3767; x_wconf 83' lang='lat' dir='ltr'><strong><em>declaravit,</em></strong></span> <span class='ocrx_word' id='word_1_835' title='bbox 2866 3697 3037 3757; x_wconf 68' lang='lat' dir='ltr'><strong><em>omni</em></strong></span> <span class='ocrx_word' id='word_1_836' title='bbox 3068 3701 3341 3771; x_wconf 83' lang='lat' dir='ltr'><strong><em>dignitate</em></strong></span> <span class='ocrx_word' id='word_1_837' title='bbox 3386 3700 3562 3768; x_wconf 75' lang='lat' dir='ltr'><strong><em>I96,</em></strong></span> 
     </span>
    </p>
   </div>
   <div class='ocr_carea' id='block_1_125' title="bbox 1919 3771 3560 3844">
    <p class='ocr_par' dir='ltr' id='par_1_125' title="bbox 1919 3771 3560 3844">
     <span class='ocr_line' id='line_1_129' title="bbox 1919 3771 3560 3844; baseline 0 -19"><span class='ocrx_word' id='word_1_838' title='bbox 1919 3786 2073 3825; x_wconf 86' lang='lat' dir='ltr'><strong><em>sacro</em></strong></span> <span class='ocrx_word' id='word_1_839' title='bbox 2103 3772 2283 3844; x_wconf 83' lang='lat' dir='ltr'><strong><em>ofﬁcio</em></strong></span> <span class='ocrx_word' id='word_1_840' title='bbox 2310 3775 2563 3841; x_wconf 86' lang='lat' dir='ltr'><strong><em>nudavit,</em></strong></span> <span class='ocrx_word' id='word_1_841' title='bbox 2594 3774 2893 3830; x_wconf 77' lang='lat' dir='ltr'><strong><em>orthodoxi</em></strong></span> <span class='ocrx_word' id='word_1_842' title='bbox 2936 3776 2988 3829; x_wconf 88' lang='lat' dir='ltr'><strong><em>et</em></strong></span> <span class='ocrx_word' id='word_1_843' title='bbox 3032 3774 3271 3844; x_wconf 85' lang='lat' dir='ltr'><strong><em>episcopi</em></strong></span> <span class='ocrx_word' id='word_1_844' title='bbox 3300 3771 3560 3836; x_wconf 86' lang='lat' dir='ltr'><strong><em>nomine,</em></strong></span> 
     </span>
    </p>
   </div>
   <div class='ocr_carea' id='block_1_126' title="bbox 1921 3843 3565 3916">
    <p class='ocr_par' dir='ltr' id='par_1_126' title="bbox 1921 3843 3565 3916">
     <span class='ocr_line' id='line_1_130' title="bbox 1921 3843 3565 3916; baseline 0.001 -20"><span class='ocrx_word' id='word_1_845' title='bbox 1921 3843 2403 3916; x_wconf 79' lang='lat' dir='ltr'><strong><em>qqunthimus</em></strong></span> <span class='ocrx_word' id='word_1_846' title='bbox 2456 3846 2708 3902; x_wconf 89' lang='lat' dir='ltr'><strong><em>maxime</em></strong></span> <span class='ocrx_word' id='word_1_847' title='bbox 2762 3845 3141 3916; x_wconf 86' lang='lat' dir='ltr'><strong><em>gloriabatur,</em></strong></span> <span class='ocrx_word' id='word_1_848' title='bbox 3186 3843 3218 3898; x_wconf 87' lang='lat' dir='ltr'><strong><em>e</em></strong></span> <span class='ocrx_word' id='word_1_849' title='bbox 3261 3859 3565 3900; x_wconf 88' lang='lat' dir='ltr'><strong><em>sacrorum</em></strong></span> 
     </span>
    </p>
   </div>
   <div class='ocr_carea' id='block_1_127' title="bbox 1922 3913 3568 3988">
    <p class='ocr_par' dir='ltr' id='par_1_127' title="bbox 1922 3913 3568 3988">
     <span class='ocr_line' id='line_1_131' title="bbox 1922 3913 3568 3988; baseline 0.001 -20"><span class='ocrx_word' id='word_1_850' title='bbox 1922 3913 2331 3988; x_wconf 73' lang='lat' dir='ltr'><strong><em>ministrorum</em></strong></span> <span class='ocrx_word' id='word_1_851' title='bbox 2373 3918 2521 3973; x_wconf 83' lang='lat' dir='ltr'><strong><em>Albo</em></strong></span> <span class='ocrx_word' id='word_1_852' title='bbox 2563 3913 2804 3988; x_wconf 71' lang='lat' dir='ltr'><strong><em>prorsus</em></strong></span> <span class='ocrx_word' id='word_1_853' title='bbox 2853 3915 3063 3971; x_wconf 89' lang='lat' dir='ltr'><strong><em>deleto.</em></strong></span> <span class='ocrx_word' id='word_1_854' title='bbox 3102 3917 3297 3988; x_wconf 88' lang='lat' dir='ltr'><strong><em>Quam</em></strong></span> <span class='ocrx_word' id='word_1_855' title='bbox 3329 3916 3568 3988; x_wconf 80' lang='lat' dir='ltr'><strong><em>quidem</em></strong></span> 
     </span>
    </p>
   </div>
   <div class='ocr_carea' id='block_1_128' title="bbox 1922 3986 3571 4056">
    <p class='ocr_par' dir='ltr' id='par_1_128' title="bbox 1922 3986 3571 4056">
     <span class='ocr_line' id='line_1_132' title="bbox 1922 3986 3571 4056; baseline 0 -17"><span class='ocrx_word' id='word_1_856' title='bbox 1922 3986 2251 4056; x_wconf 84' lang='lat' dir='ltr'><strong><em>apostolice</em></strong></span> <span class='ocrx_word' id='word_1_857' title='bbox 2274 3989 2431 4043; x_wconf 90' lang='lat' dir='ltr'><strong><em>sedis</em></strong></span> <span class='ocrx_word' id='word_1_858' title='bbox 2460 3986 2830 4051; x_wconf 84' lang='lat' dir='ltr'><strong><em>sententiam,</em></strong></span> <span class='ocrx_word' id='word_1_859' title='bbox 2851 3991 2934 4052; x_wconf 88' lang='lat' dir='ltr'><strong><em>ut,</em></strong></span> <span class='ocrx_word' id='word_1_860' title='bbox 2954 3987 3113 4042; x_wconf 90' lang='lat' dir='ltr'><strong><em>omni</em></strong></span> <span class='ocrx_word' id='word_1_861' title='bbox 3144 3986 3571 4042; x_wconf 87' lang='lat' dir='ltr'><strong><em>contradictore</em></strong></span> 
     </span>
    </p>
   </div>
   <div class='ocr_carea' id='block_1_129' title="bbox 1922 4058 3571 4128">
    <p class='ocr_par' dir='ltr' id='par_1_129' title="bbox 1922 4058 3571 4128">
     <span class='ocr_line' id='line_1_133' title="bbox 1922 4058 3571 4128; baseline 0 -18"><span class='ocrx_word' id='word_1_862' title='bbox 1922 4062 1979 4111; x_wconf 87' lang='lat' dir='ltr'><strong><em>et</em></strong></span> <span class='ocrx_word' id='word_1_863' title='bbox 2008 4058 2358 4113; x_wconf 81' lang='lat' dir='ltr'><strong><em>otl&#39;endiculo</em></strong></span> <span class='ocrx_word' id='word_1_864' title='bbox 2389 4060 2641 4122; x_wconf 86' lang='lat' dir='ltr'><strong><em>sublato.</em></strong></span> <span class='ocrx_word' id='word_1_865' title='bbox 2676 4062 2743 4115; x_wconf 86' lang='lat' dir='ltr'><strong><em>ad</em></strong></span> <span class='ocrx_word' id='word_1_866' title='bbox 2782 4059 3006 4113; x_wconf 86' lang='lat' dir='ltr'><strong><em>felicem</em></strong></span> <span class='ocrx_word' id='word_1_867' title='bbox 3040 4058 3256 4112; x_wconf 88' lang='lat' dir='ltr'><strong><em>exitum</em></strong></span> <span class='ocrx_word' id='word_1_868' title='bbox 3286 4058 3571 4128; x_wconf 87' lang='lat' dir='ltr'><strong><em>perduce-</em></strong></span> 
     </span>
    </p>
   </div>
   <div class='ocr_carea' id='block_1_130' title="bbox 1924 4128 3572 4200">
    <p class='ocr_par' dir='ltr' id='par_1_130' title="bbox 1924 4128 3572 4200">
     <span class='ocr_line' id='line_1_134' title="bbox 1924 4128 3572 4200; baseline 0.001 -19"><span class='ocrx_word' id='word_1_869' title='bbox 1924 4134 2104 4190; x_wconf 90' lang='lat' dir='ltr'><strong><em>retur,</em></strong></span> <span class='ocrx_word' id='word_1_870' title='bbox 2144 4132 2438 4200; x_wconf 83' lang='lat' dir='ltr'><strong><em>Agapetus</em></strong></span> <span class='ocrx_word' id='word_1_871' title='bbox 2486 4132 2611 4200; x_wconf 91' lang='lat' dir='ltr'><strong><em>ipse</em></strong></span> <span class='ocrx_word' id='word_1_872' title='bbox 2642 4132 2711 4184; x_wconf 89' lang='lat' dir='ltr'><strong><em>ad</em></strong></span> <span class='ocrx_word' id='word_1_873' title='bbox 2759 4128 3160 4182; x_wconf 89' lang='lat' dir='ltr'><strong><em>Justinianum</em></strong></span> <span class='ocrx_word' id='word_1_874' title='bbox 3213 4133 3572 4195; x_wconf 79' lang='lat' dir='ltr'><strong><em>Augustum,</em></strong></span> 
     </span>
    </p>
   </div>
   <div class='ocr_carea' id='block_1_131' title="bbox 1922 4200 3568 4268">
    <p class='ocr_par' dir='ltr' id='par_1_131' title="bbox 1922 4200 3568 4268">
     <span class='ocr_line' id='line_1_135' title="bbox 1922 4200 3568 4268; baseline 0.001 -16"><span class='ocrx_word' id='word_1_875' title='bbox 1922 4204 2224 4268; x_wconf 88' lang='lat' dir='ltr'><strong><em>tamquam</em></strong></span> <span class='ocrx_word' id='word_1_876' title='bbox 2260 4218 2557 4256; x_wconf 84' lang='lat' dir='ltr'><strong><em>sacrorum</em></strong></span> <span class='ocrx_word' id='word_1_877' title='bbox 2584 4217 2873 4256; x_wconf 88' lang='lat' dir='ltr'><strong><em>canonum</em></strong></span> <span class='ocrx_word' id='word_1_878' title='bbox 2899 4200 3211 4263; x_wconf 87' lang='lat' dir='ltr'><strong><em>vindicem,</em></strong></span> <span class='ocrx_word' id='word_1_879' title='bbox 3239 4215 3568 4268; x_wconf 87' lang='lat' dir='ltr'><strong><em>exsequen-</em></strong></span> 
     </span>
    </p>
   </div>
   <div class='ocr_carea' id='block_1_132' title="bbox 1923 4270 3574 4341">
    <p class='ocr_par' dir='ltr' id='par_1_132' title="bbox 1923 4270 3574 4341">
     <span class='ocr_line' id='line_1_136' title="bbox 1923 4270 3574 4341; baseline -0.002 -16"><span class='ocrx_word' id='word_1_880' title='bbox 1923 4271 2056 4325; x_wconf 87' lang='lat' dir='ltr'><strong><em>dam</em></strong></span> <span class='ocrx_word' id='word_1_881' title='bbox 2109 4272 2421 4337; x_wconf 87' lang='lat' dir='ltr'><strong><em>commisit,</em></strong></span> <span class='ocrx_word' id='word_1_882' title='bbox 2472 4278 2537 4327; x_wconf 88' lang='lat' dir='ltr'><strong><em>ut</em></strong></span> <span class='ocrx_word' id='word_1_883' title='bbox 2582 4272 2801 4326; x_wconf 87' lang='lat' dir='ltr'><strong><em>laudati</em></strong></span> <span class='ocrx_word' id='word_1_884' title='bbox 2851 4270 3033 4341; x_wconf 87' lang='lat' dir='ltr'><strong><em>hujus</em></strong></span> <span class='ocrx_word' id='word_1_885' title='bbox 3077 4270 3257 4324; x_wconf 89' lang='lat' dir='ltr'><strong><em>libelli</em></strong></span> <span class='ocrx_word' id='word_1_886' title='bbox 3311 4277 3574 4326; x_wconf 79' lang='lat' dir='ltr'><strong><em>auctores</em></strong></span> 
     </span>
    </p>
   </div>
   <div class='ocr_carea' id='block_1_133' title="bbox 1922 4341 3574 4414">
    <p class='ocr_par' dir='ltr' id='par_1_133' title="bbox 1922 4341 3574 4414">
     <span class='ocr_line' id='line_1_137' title="bbox 1922 4341 3574 4414; baseline -0.001 -17"><span class='ocrx_word' id='word_1_887' title='bbox 1922 4341 2152 4397; x_wconf 85' lang='lat' dir='ltr'><strong><em>enixius</em></strong></span> <span class='ocrx_word' id='word_1_888' title='bbox 2182 4344 2471 4413; x_wconf 85' lang='lat' dir='ltr'><strong><em>deprecati</em></strong></span> <span class='ocrx_word' id='word_1_889' title='bbox 2506 4349 2664 4414; x_wconf 86' lang='lat' dir='ltr'><strong><em>sunt,</em></strong></span> <span class='ocrx_word' id='word_1_890' title='bbox 2688 4344 2948 4399; x_wconf 88' lang='lat' dir='ltr'><strong><em>dicentes</em></strong></span> <span class='ocrx_word' id='word_1_891' title='bbox 2984 4360 2995 4396; x_wconf 89' lang='lat'><strong>:</strong></span> <span class='ocrx_word' id='word_1_892' title='bbox 3032 4342 3375 4399; x_wconf 88' lang='lat' dir='ltr'><strong><em>Obtestamur</em></strong></span> <span class='ocrx_word' id='word_1_893' title='bbox 3390 4344 3574 4413; x_wconf 82' lang='lat' dir='ltr'><strong><em>itaque</em></strong></span> 
     </span>
    </p>
   </div>
   <div class='ocr_carea' id='block_1_134' title="bbox 1924 4414 3573 4486">
    <p class='ocr_par' dir='ltr' id='par_1_134' title="bbox 1924 4414 3573 4486">
     <span class='ocr_line' id='line_1_138' title="bbox 1924 4414 3573 4486; baseline -0.001 -17"><span class='ocrx_word' id='word_1_894' title='bbox 1924 4418 2159 4486; x_wconf 87' lang='lat' dir='ltr'><strong><em>vestrum</em></strong></span> <span class='ocrx_word' id='word_1_895' title='bbox 2194 4418 2514 4485; x_wconf 87' lang='lat' dir='ltr'><strong><em>imperium,</em></strong></span> <span class='ocrx_word' id='word_1_896' title='bbox 2545 4433 2655 4472; x_wconf 86' lang='lat' dir='ltr'><strong><em>non</em></strong></span> <span class='ocrx_word' id='word_1_897' title='bbox 2684 4419 3024 4471; x_wconf 81' lang='lat' dir='ltr'><strong><em>contemnere</em></strong></span> <span class='ocrx_word' id='word_1_898' title='bbox 3058 4416 3275 4486; x_wconf 85' lang='lat' dir='ltr'><strong><em>justum</em></strong></span> <span class='ocrx_word' id='word_1_899' title='bbox 3296 4414 3573 4486; x_wconf 84' lang='lat' dir='ltr'><strong><em>judicium</em></strong></span> 
     </span>
    </p>
   </div>
   <div class='ocr_carea' id='block_1_135' title="bbox 1923 4485 3573 4557">
    <p class='ocr_par' dir='ltr' id='par_1_135' title="bbox 1923 4485 3573 4557">
     <span class='ocr_line' id='line_1_139' title="bbox 1923 4485 3573 4557; baseline -0.001 -18"><span class='ocrx_word' id='word_1_900' title='bbox 1923 4485 2171 4553; x_wconf 76' lang='lat' dir='ltr'><strong><em>predzcti</em></strong></span> <span class='ocrx_word' id='word_1_901' title='bbox 2198 4489 2379 4542; x_wconf 87' lang='lat' dir='ltr'><strong><em>sancti</em></strong></span> <span class='ocrx_word' id='word_1_902' title='bbox 2410 4490 2539 4551; x_wconf 87' lang='lat' dir='ltr'><strong><em>viri,</em></strong></span> <span class='ocrx_word' id='word_1_903' title='bbox 2571 4490 2666 4543; x_wconf 88' lang='lat' dir='ltr'><strong><em>sed</em></strong></span> <span class='ocrx_word' id='word_1_904' title='bbox 2695 4490 2879 4557; x_wconf 82' lang='lat' dir='ltr'><strong><em>ipsum</em></strong></span> <span class='ocrx_word' id='word_1_905' title='bbox 2908 4489 3154 4557; x_wconf 74' lang='lat' dir='ltr'><strong><em>exsequi,</em></strong></span> <span class='ocrx_word' id='word_1_906' title='bbox 3187 4497 3241 4541; x_wconf 85' lang='lat' dir='ltr'><strong><em>et</em></strong></span> <span class='ocrx_word' id='word_1_907' title='bbox 3270 4485 3573 4541; x_wconf 79' lang='lat' dir='ltr'><strong><em>Ecclesium</em></strong></span> 
     </span>
    </p>
   </div>
   <div class='ocr_carea' id='block_1_136' title="bbox 1928 4558 3573 4623">
    <p class='ocr_par' dir='ltr' id='par_1_136' title="bbox 1928 4558 3573 4623">
     <span class='ocr_line' id='line_1_140' title="bbox 1928 4558 3573 4623; baseline -0.001 -12"><span class='ocrx_word' id='word_1_908' title='bbox 1928 4559 2039 4619; x_wconf 87' lang='lat' dir='ltr'><strong><em>Dei,</em></strong></span> <span class='ocrx_word' id='word_1_909' title='bbox 2070 4566 2121 4611; x_wconf 90' lang='lat' dir='ltr'><strong><em>et</em></strong></span> <span class='ocrx_word' id='word_1_910' title='bbox 2152 4563 2324 4613; x_wconf 89' lang='lat' dir='ltr'><strong><em>totum</em></strong></span> <span class='ocrx_word' id='word_1_911' title='bbox 2373 4559 2638 4614; x_wconf 88' lang='lat' dir='ltr'><strong><em>mundum</em></strong></span> <span class='ocrx_word' id='word_1_912' title='bbox 2687 4560 2928 4614; x_wconf 88' lang='lat' dir='ltr'><strong><em>liberare</em></strong></span> <span class='ocrx_word' id='word_1_913' title='bbox 2976 4575 3012 4612; x_wconf 88' lang='lat' dir='ltr'><strong><em>a</em></strong></span> <span class='ocrx_word' id='word_1_914' title='bbox 3059 4567 3211 4623; x_wconf 82' lang='lat' dir='ltr'><strong><em>peste</em></strong></span> <span class='ocrx_word' id='word_1_915' title='bbox 3244 4558 3497 4612; x_wconf 83' lang='lat' dir='ltr'><strong><em>Anthimi</em></strong></span> <span class='ocrx_word' id='word_1_916' title='bbox 3523 4565 3573 4611; x_wconf 88' lang='lat' dir='ltr'><strong><em>et</em></strong></span> 
     </span>
    </p>
   </div>
   <div class='ocr_carea' id='block_1_137' title="bbox 1926 4630 3575 4700">
    <p class='ocr_par' dir='ltr' id='par_1_137' title="bbox 1926 4630 3575 4700">
     <span class='ocr_line' id='line_1_141' title="bbox 1926 4630 3575 4700; baseline 0 -17"><span class='ocrx_word' id='word_1_917' title='bbox 1926 4630 2334 4700; x_wconf 61' lang='lat' dir='ltr'><strong><em>pra‘dictorum</em></strong></span> <span class='ocrx_word' id='word_1_918' title='bbox 2366 4631 2760 4686; x_wconf 74' lang='lat' dir='ltr'><strong><em>hereticorum.</em></strong></span> <span class='ocrx_word' id='word_1_919' title='bbox 2803 4632 2938 4685; x_wconf 86' lang='lat' dir='ltr'><strong><em>Nam</em></strong></span> <span class='ocrx_word' id='word_1_920' title='bbox 2967 4639 3153 4685; x_wconf 86' lang='lat' dir='ltr'><strong><em>sancto</em></strong></span> <span class='ocrx_word' id='word_1_921' title='bbox 3192 4630 3310 4684; x_wconf 91' lang='lat' dir='ltr'><strong><em>viro</em></strong></span> <span class='ocrx_word' id='word_1_922' title='bbox 3341 4631 3575 4700; x_wconf 83' lang='lat' dir='ltr'><strong><em>Agapeto</em></strong></span> 
     </span>
    </p>
   </div>
   <div class='ocr_carea' id='block_1_138' title="bbox 1929 4700 3576 4772">
    <p class='ocr_par' dir='ltr' id='par_1_138' title="bbox 1929 4700 3576 4772">
     <span class='ocr_line' id='line_1_142' title="bbox 1929 4700 3576 4772; baseline -0.001 -16"><span class='ocrx_word' id='word_1_923' title='bbox 1929 4717 1999 4756; x_wconf 79' lang='lat' dir='ltr'><strong><em>ex</em></strong></span> <span class='ocrx_word' id='word_1_924' title='bbox 2024 4704 2295 4770; x_wconf 67' lang='lat' dir='ltr'><strong><em>praesenti</em></strong></span> <span class='ocrx_word' id='word_1_925' title='bbox 2324 4704 2439 4757; x_wconf 89' lang='lat' dir='ltr'><strong><em>vita</em></strong></span> <span class='ocrx_word' id='word_1_926' title='bbox 2467 4712 2703 4771; x_wconf 87' lang='lat' dir='ltr'><strong><em>evocato,</em></strong></span> <span class='ocrx_word' id='word_1_927' title='bbox 2749 4710 2866 4772; x_wconf 88' lang='lat' dir='ltr'><strong><em>post</em></strong></span> <span class='ocrx_word' id='word_1_928' title='bbox 2895 4702 3061 4755; x_wconf 83' lang='lat' dir='ltr'><strong><em>Deum</em></strong></span> <span class='ocrx_word' id='word_1_929' title='bbox 3094 4700 3163 4754; x_wconf 86' lang='lat' dir='ltr'><strong><em>ad</em></strong></span> <span class='ocrx_word' id='word_1_930' title='bbox 3191 4705 3426 4755; x_wconf 88' lang='lat' dir='ltr'><strong><em>vestram</em></strong></span> <span class='ocrx_word' id='word_1_931' title='bbox 3452 4702 3576 4771; x_wconf 87' lang='lat' dir='ltr'><strong><em>pie-</em></strong></span> 
     </span>
    </p>
   </div>
   <div class='ocr_carea' id='block_1_139' title="bbox 1930 4772 3575 4843">
    <p class='ocr_par' dir='ltr' id='par_1_139' title="bbox 1930 4772 3575 4843">
     <span class='ocr_line' id='line_1_143' title="bbox 1930 4772 3575 4843; baseline -0.002 -15"><span class='ocrx_word' id='word_1_932' title='bbox 1930 4781 2096 4828; x_wconf 91' lang='lat' dir='ltr'><strong><em>tatem</em></strong></span> <span class='ocrx_word' id='word_1_933' title='bbox 2139 4776 2511 4843; x_wconf 87' lang='lat' dir='ltr'><strong><em>respicientes,</em></strong></span> <span class='ocrx_word' id='word_1_934' title='bbox 2561 4776 2678 4830; x_wconf 74' lang='lat' dir='ltr'><strong><em>hsec</em></strong></span> <span class='ocrx_word' id='word_1_935' title='bbox 2706 4773 2871 4842; x_wconf 81' lang='lat' dir='ltr'><strong><em>ﬁnem</em></strong></span> <span class='ocrx_word' id='word_1_936' title='bbox 2902 4790 2935 4826; x_wconf 89' lang='lat' dir='ltr'><strong><em>a</em></strong></span> <span class='ocrx_word' id='word_1_937' title='bbox 2986 4772 3134 4827; x_wconf 88' lang='lat' dir='ltr'><strong><em>vobis</em></strong></span> <span class='ocrx_word' id='word_1_938' title='bbox 3180 4774 3428 4842; x_wconf 87' lang='lat' dir='ltr'><strong><em>accipere</em></strong></span> <span class='ocrx_word' id='word_1_939' title='bbox 3453 4788 3575 4828; x_wconf 72' lang='lat' dir='ltr'><strong><em>exs-</em></strong></span> 
     </span>
    </p>
   </div>
   <div class='ocr_carea' id='block_1_140' title="bbox 1926 4843 3579 4916">
    <p class='ocr_par' dir='ltr' id='par_1_140' title="bbox 1926 4843 3579 4916">
     <span class='ocr_line' id='line_1_144' title="bbox 1926 4843 3579 4916; baseline -0.002 -16"><span class='ocrx_word' id='word_1_940' title='bbox 1926 4846 2281 4916; x_wconf 86' lang='lat' dir='ltr'><strong><em>pectavimus.</em></strong></span> <span class='ocrx_word' id='word_1_941' title='bbox 2318 4848 2473 4911; x_wconf 88' lang='lat' dir='ltr'><strong><em>Quas</em></strong></span> <span class='ocrx_word' id='word_1_942' title='bbox 2504 4862 2636 4900; x_wconf 87' lang='lat' dir='ltr'><strong><em>vero</em></strong></span> <span class='ocrx_word' id='word_1_943' title='bbox 2669 4848 2861 4916; x_wconf 85' lang='lat' dir='ltr'><strong><em>partes</em></strong></span> <span class='ocrx_word' id='word_1_944' title='bbox 2905 4843 2961 4897; x_wconf 91' lang='lat' dir='ltr'><strong><em>in</em></strong></span> <span class='ocrx_word' id='word_1_945' title='bbox 3011 4843 3414 4916; x_wconf 80' lang='lat' dir='ltr'><strong><em>hereticorum</em></strong></span> <span class='ocrx_word' id='word_1_946' title='bbox 3448 4860 3579 4915; x_wconf 89' lang='lat' dir='ltr'><strong><em>per-</em></strong></span> 
     </span>
    </p>
   </div>
   <div class='ocr_carea' id='block_1_141' title="bbox 1932 4914 3576 4988">
    <p class='ocr_par' dir='ltr' id='par_1_141' title="bbox 1932 4914 3576 4988">
     <span class='ocr_line' id='line_1_145' title="bbox 1932 4914 3576 4988; baseline -0.001 -17"><span class='ocrx_word' id='word_1_947' title='bbox 1932 4914 2141 4971; x_wconf 86' lang='lat' dir='ltr'><strong><em>niciem</em></strong></span> <span class='ocrx_word' id='word_1_948' title='bbox 2178 4917 2452 4972; x_wconf 87' lang='lat' dir='ltr'><strong><em>laudatus</em></strong></span> <span class='ocrx_word' id='word_1_949' title='bbox 2482 4921 2538 4971; x_wconf 89' lang='lat' dir='ltr'><strong><em>et</em></strong></span> <span class='ocrx_word' id='word_1_950' title='bbox 2570 4914 3388 4988; x_wconf 80' lang='lat' dir='ltr'><strong><em>piissimusseculiprinceps</em></strong></span> <span class='ocrx_word' id='word_1_951' title='bbox 3409 4914 3576 4971; x_wconf 83' lang='lat' dir='ltr'><strong><em>assu-</em></strong></span> 
     </span>
    </p>
   </div>
   <div class='ocr_carea' id='block_1_142' title="bbox 1933 4986 3574 5056">
    <p class='ocr_par' dir='ltr' id='par_1_142' title="bbox 1933 4986 3574 5056">
     <span class='ocr_line' id='line_1_146' title="bbox 1933 4986 3574 5056; baseline -0.001 -14"><span class='ocrx_word' id='word_1_952' title='bbox 1933 5004 2087 5042; x_wconf 90' lang='lat' dir='ltr'><strong><em>mere</em></strong></span> <span class='ocrx_word' id='word_1_953' title='bbox 2135 4987 2455 5053; x_wconf 88' lang='lat' dir='ltr'><strong><em>debuisset,</em></strong></span> <span class='ocrx_word' id='word_1_954' title='bbox 2501 4990 2696 5043; x_wconf 86' lang='lat' dir='ltr'><strong><em>statim</em></strong></span> <span class='ocrx_word' id='word_1_955' title='bbox 2740 4987 3029 5056; x_wconf 86' lang='lat' dir='ltr'><strong><em>explicant</em></strong></span> <span class='ocrx_word' id='word_1_956' title='bbox 3074 4986 3148 5043; x_wconf 89' lang='lat' dir='ltr'><strong><em>iis</em></strong></span> <span class='ocrx_word' id='word_1_957' title='bbox 3191 4986 3429 5043; x_wconf 85' lang='lat' dir='ltr'><strong><em>verbis:</em></strong></span> <span class='ocrx_word' id='word_1_958' title='bbox 3466 4991 3574 5043; x_wconf 89' lang='lat' dir='ltr'><strong><em>Im-</em></strong></span> 
     </span>
    </p>
   </div>
   <div class='ocr_carea' id='block_1_143' title="bbox 1932 5060 3579 5142">
    <p class='ocr_par' dir='ltr' id='par_1_143' title="bbox 1932 5060 3579 5142">
     <span class='ocr_line' id='line_1_147' title="bbox 1932 5060 3579 5142; baseline 0 -30"><span class='ocrx_word' id='word_1_959' title='bbox 1932 5060 2140 5142; x_wconf 73' lang='lat' dir='ltr'><strong><em>plentcs</em></strong></span> <span class='ocrx_word' id='word_1_960' title='bbox 2172 5060 2371 5142; x_wconf 81' lang='lat' dir='ltr'><strong><em>itaque</em></strong></span> <span class='ocrx_word' id='word_1_961' title='bbox 2403 5074 2527 5142; x_wconf 71' lang='lat' dir='ltr'><strong><em>qua:</em></strong></span> <span class='ocrx_word' id='word_1_962' title='bbox 2554 5062 2620 5115; x_wconf 89' lang='lat' dir='ltr'><strong><em>ab</em></strong></span> <span class='ocrx_word' id='word_1_963' title='bbox 2652 5060 2747 5114; x_wconf 89' lang='lat' dir='ltr'><strong><em>illo</em></strong></span> <span class='ocrx_word' id='word_1_964' title='bbox 2776 5060 2918 5142; x_wconf 77' lang='lat' dir='ltr'><strong><em>iuste</em></strong></span> <span class='ocrx_word' id='word_1_965' title='bbox 2946 5068 2997 5114; x_wconf 91' lang='lat' dir='ltr'><strong><em>et</em></strong></span> <span class='ocrx_word' id='word_1_966' title='bbox 3028 5061 3291 5142; x_wconf 83' lang='lat' dir='ltr'><strong><em>canonice</em></strong></span> <span class='ocrx_word' id='word_1_967' title='bbox 3320 5060 3579 5142; x_wconf 82' lang='lat' dir='ltr'><strong><em>judicata</em></strong></span> 
     </span>
    </p>
   </div>
   <div class='ocr_carea' id='block_1_144' title="bbox 1931 5131 3578 5202">
    <p class='ocr_par' dir='ltr' id='par_1_144' title="bbox 1931 5131 3578 5202">
     <span class='ocr_line' id='line_1_148' title="bbox 1931 5131 3578 5202; baseline -0.001 -19"><span class='ocrx_word' id='word_1_968' title='bbox 1931 5132 2107 5199; x_wconf 83' lang='lat' dir='ltr'><strong><em>fuere,</em></strong></span> <span class='ocrx_word' id='word_1_969' title='bbox 2140 5137 2189 5184; x_wconf 86' lang='lat' dir='ltr'><strong><em>et</em></strong></span> <span class='ocrx_word' id='word_1_970' title='bbox 2222 5148 2319 5201; x_wconf 88' lang='lat' dir='ltr'><strong><em>per</em></strong></span> <span class='ocrx_word' id='word_1_971' title='bbox 2348 5136 2583 5187; x_wconf 84' lang='lat' dir='ltr'><strong><em>vestram</em></strong></span> <span class='ocrx_word' id='word_1_972' title='bbox 2612 5131 2924 5200; x_wconf 79' lang='lat' dir='ltr'><strong><em>generalem</em></strong></span> <span class='ocrx_word' id='word_1_973' title='bbox 2943 5134 3284 5186; x_wconf 87' lang='lat' dir='ltr'><strong><em>sanctionem</em></strong></span> <span class='ocrx_word' id='word_1_974' title='bbox 3308 5131 3428 5202; x_wconf 85' lang='lat' dir='ltr'><strong><em>ipsa</em></strong></span> <span class='ocrx_word' id='word_1_975' title='bbox 3455 5145 3578 5202; x_wconf 15' lang='lat' dir='ltr'><strong><em>coin-</em></strong></span> 
     </span>
    </p>
   </div>
   <div class='ocr_carea' id='block_1_145' title="bbox 1931 5201 3578 5273">
    <p class='ocr_par' dir='ltr' id='par_1_145' title="bbox 1931 5201 3578 5273">
     <span class='ocr_line' id='line_1_149' title="bbox 1931 5201 3578 5273; baseline 0.002 -21"><span class='ocrx_word' id='word_1_976' title='bbox 1931 5202 2221 5271; x_wconf 77' lang='lat' dir='ltr'><strong><em>ﬁrmando,</em></strong></span> <span class='ocrx_word' id='word_1_977' title='bbox 2255 5205 2497 5273; x_wconf 86' lang='lat' dir='ltr'><strong><em>taliaque</em></strong></span> <span class='ocrx_word' id='word_1_978' title='bbox 2533 5203 2598 5258; x_wconf 89' lang='lat' dir='ltr'><strong><em>de</em></strong></span> <span class='ocrx_word' id='word_1_979' title='bbox 2643 5206 2835 5257; x_wconf 73' lang='lat' dir='ltr'><strong><em>catero</em></strong></span> <span class='ocrx_word' id='word_1_980' title='bbox 2880 5204 3149 5272; x_wconf 63' lang='lat' dir='ltr'><strong><em>presumi</em></strong></span> <span class='ocrx_word' id='word_1_981' title='bbox 3176 5201 3578 5270; x_wconf 81' lang='lat' dir='ltr'><strong><em>interdicendo,</em></strong></span> 
     </span>
    </p>
   </div>
   <div class='ocr_carea' id='block_1_146' title="bbox 1934 5273 2850 5329">
    <p class='ocr_par' dir='ltr' id='par_1_146' title="bbox 1934 5273 2850 5329">
     <span class='ocr_line' id='line_1_150' title="bbox 1934 5273 2850 5329; baseline -0.001 -1"><span class='ocrx_word' id='word_1_982' title='bbox 1934 5274 2092 5328; x_wconf 86' lang='lat' dir='ltr'><strong><em>illius</em></strong></span> <span class='ocrx_word' id='word_1_983' title='bbox 2124 5274 2332 5328; x_wconf 83' lang='lat' dir='ltr'><strong><em>beatam</em></strong></span> <span class='ocrx_word' id='word_1_984' title='bbox 2364 5275 2609 5329; x_wconf 86' lang='lat' dir='ltr'><strong><em>animam</em></strong></span> <span class='ocrx_word' id='word_1_985' title='bbox 2639 5273 2850 5328; x_wconf 89' lang='lat' dir='ltr'><strong><em>coletis.</em></strong></span> 
     </span>
    </p>
   </div>
   <div class='ocr_carea' id='block_1_147' title="bbox 2005 5342 3577 5417">
    <p class='ocr_par' dir='ltr' id='par_1_147' title="bbox 2005 5342 3577 5417">
     <span class='ocr_line' id='line_1_151' title="bbox 2005 5342 3577 5417; baseline -0.001 -19"><span class='ocrx_word' id='word_1_986' title='bbox 2005 5345 2091 5399; x_wconf 82' lang='grc'><strong><em>14.</em></strong></span> <span class='ocrx_word' id='word_1_987' title='bbox 2126 5345 2242 5399; x_wconf 87' lang='lat' dir='ltr'><strong><em>Hoc</em></strong></span> <span class='ocrx_word' id='word_1_988' title='bbox 2276 5347 2331 5399; x_wconf 93' lang='lat' dir='ltr'><strong><em>in</em></strong></span> <span class='ocrx_word' id='word_1_989' title='bbox 2367 5362 2577 5417; x_wconf 86' lang='lat' dir='ltr'><strong><em>genere</em></strong></span> <span class='ocrx_word' id='word_1_990' title='bbox 2606 5344 3104 5417; x_wconf 86' lang='lat' dir='ltr'><strong><em>Manicbaicorum</em></strong></span> <span class='ocrx_word' id='word_1_991' title='bbox 3154 5360 3375 5417; x_wconf 87' lang='lat' dir='ltr'><strong><em>morum</em></strong></span> <span class='ocrx_word' id='word_1_992' title='bbox 3409 5346 3472 5417; x_wconf 84' lang='lat' dir='ltr'><strong><em>et</em></strong></span> <span class='ocrx_word' id='word_1_993' title='bbox 3498 5342 3577 5396; x_wconf 92' lang='lat' dir='ltr'><strong><em>ri-</em></strong></span> 
     </span>
    </p>
   </div>
   <div class='ocr_carea' id='block_1_148' title="bbox 1936 5415 3576 5486">
    <p class='ocr_par' dir='ltr' id='par_1_148' title="bbox 1936 5415 3576 5486">
     <span class='ocr_line' id='line_1_152' title="bbox 1936 5415 3576 5486; baseline -0.001 -17"><span class='ocrx_word' id='word_1_994' title='bbox 1936 5418 2095 5470; x_wconf 90' lang='lat' dir='ltr'><strong><em>tuum</em></strong></span> <span class='ocrx_word' id='word_1_995' title='bbox 2128 5415 2391 5473; x_wconf 81' lang='lat' dir='ltr'><strong><em>versatos</em></strong></span> <span class='ocrx_word' id='word_1_996' title='bbox 2424 5418 2603 5472; x_wconf 85' lang='lat' dir='ltr'><strong><em>fuisse</em></strong></span> <span class='ocrx_word' id='word_1_997' title='bbox 2652 5416 3079 5486; x_wconf 83' lang='lat' dir='ltr'><strong><em>Acephalorum</em></strong></span> <span class='ocrx_word' id='word_1_998' title='bbox 3112 5415 3425 5486; x_wconf 88' lang='lat' dir='ltr'><strong><em>principes.</em></strong></span> <span class='ocrx_word' id='word_1_999' title='bbox 3451 5415 3576 5483; x_wconf 85' lang='lat' dir='ltr'><strong><em>jam</em></strong></span> 
     </span>
    </p>
   </div>
   <div class='ocr_carea' id='block_1_149' title="bbox 1936 5486 3581 5545">
    <p class='ocr_par' dir='ltr' id='par_1_149' title="bbox 1936 5486 3581 5545">
     <span class='ocr_line' id='line_1_153' title="bbox 1936 5486 3581 5545; baseline 0 -5"><span class='ocrx_word' id='word_1_1000' title='bbox 1936 5487 2172 5543; x_wconf 86' lang='lat' dir='ltr'><strong><em>laudata</em></strong></span> <span class='ocrx_word' id='word_1_1001' title='bbox 2208 5505 2273 5543; x_wconf 85' lang='lat' dir='ltr'><strong><em>ex</em></strong></span> <span class='ocrx_word' id='word_1_1002' title='bbox 2314 5490 2558 5545; x_wconf 89' lang='lat' dir='ltr'><strong><em>sinceris</em></strong></span> <span class='ocrx_word' id='word_1_1003' title='bbox 2608 5488 2868 5543; x_wconf 85' lang='lat' dir='ltr'><strong><em>fontibus</em></strong></span> <span class='ocrx_word' id='word_1_1004' title='bbox 2918 5492 3297 5543; x_wconf 86' lang='lat' dir='ltr'><strong><em>monumenta</em></strong></span> <span class='ocrx_word' id='word_1_1005' title='bbox 3327 5486 3581 5541; x_wconf 89' lang='lat' dir='ltr'><strong><em>dilucide</em></strong></span> 
     </span>
    </p>
   </div>
   <div class='ocr_carea' id='block_1_150' title="bbox 1934 5558 3579 5630">
    <p class='ocr_par' dir='ltr' id='par_1_150' title="bbox 1934 5558 3579 5630">
     <span class='ocr_line' id='line_1_154' title="bbox 1934 5558 3579 5630; baseline -0.001 -17"><span class='ocrx_word' id='word_1_1006' title='bbox 1934 5559 2309 5630; x_wconf 86' lang='lat' dir='ltr'><strong><em>patefaciunt.</em></strong></span> <span class='ocrx_word' id='word_1_1007' title='bbox 2333 5561 2545 5616; x_wconf 87' lang='lat' dir='ltr'><strong><em>Verum</em></strong></span> <span class='ocrx_word' id='word_1_1008' title='bbox 2573 5577 2705 5615; x_wconf 90' lang='lat' dir='ltr'><strong><em>cum</em></strong></span> <span class='ocrx_word' id='word_1_1009' title='bbox 2740 5562 2794 5614; x_wconf 91' lang='lat' dir='ltr'><strong><em>in</em></strong></span> <span class='ocrx_word' id='word_1_1010' title='bbox 2823 5559 3225 5630; x_wconf 89' lang='lat' dir='ltr'><strong><em>pervolvendis</em></strong></span> <span class='ocrx_word' id='word_1_1011' title='bbox 3247 5558 3579 5615; x_wconf 89' lang='lat' dir='ltr'><strong><em>Constanti-</em></strong></span> 
     </span>
    </p>
   </div>
   <div class='ocr_carea' id='block_1_151' title="bbox 1936 5630 3578 5702">
    <p class='ocr_par' dir='ltr' id='par_1_151' title="bbox 1936 5630 3578 5702">
     <span class='ocr_line' id='line_1_155' title="bbox 1936 5630 3578 5702; baseline -0.001 -15"><span class='ocrx_word' id='word_1_1012' title='bbox 1936 5632 2259 5702; x_wconf 86' lang='lat' dir='ltr'><strong><em>nopolitani</em></strong></span> <span class='ocrx_word' id='word_1_1013' title='bbox 2274 5636 2490 5688; x_wconf 70' lang='lat' dir='ltr'><strong><em>Mensae</em></strong></span> <span class='ocrx_word' id='word_1_1014' title='bbox 2508 5632 2737 5689; x_wconf 89' lang='lat' dir='ltr'><strong><em>concilii</em></strong></span> <span class='ocrx_word' id='word_1_1015' title='bbox 2762 5631 2917 5686; x_wconf 81' lang='lat' dir='ltr'><strong><em>Actis</em></strong></span> <span class='ocrx_word' id='word_1_1016' title='bbox 2930 5631 3044 5687; x_wconf 88' lang='lat' dir='ltr'><strong><em>alia</em></strong></span> <span class='ocrx_word' id='word_1_1017' title='bbox 3057 5636 3367 5686; x_wconf 86' lang='lat' dir='ltr'><strong><em>occurrant</em></strong></span> <span class='ocrx_word' id='word_1_1018' title='bbox 3386 5630 3578 5697; x_wconf 66' lang='lat' dir='ltr'><strong><em>nonis,</em></strong></span> 
     </span>
    </p>
   </div>
   <div class='ocr_carea' id='block_1_152' title="bbox 2009 5738 3579 5865">
    <p class='ocr_par' dir='ltr' id='par_1_152' title="bbox 2009 5738 3579 5865">
     <span class='ocr_line' id='line_1_156' title="bbox 2009 5738 3579 5865; baseline 0.001 -73"><span class='ocrx_word' id='word_1_1019' title='bbox 2009 5738 2549 5865; x_wconf 49' lang='lat' dir='ltr'><strong><em>(dlIPeuteronom.</em></strong></span> <span class='ocrx_word' id='word_1_1020' title='bbox 2601 5756 2777 5808; x_wconf 75' lang='lat' dir='ltr'><strong><em>xxxii,</em></strong></span> <span class='ocrx_word' id='word_1_1021' title='bbox 2829 5741 2887 5794; x_wconf 89' lang='lat' dir='ltr'><strong><em>et</em></strong></span> <span class='ocrx_word' id='word_1_1022' title='bbox 2935 5739 3136 5811; x_wconf 87' lang='lat' dir='ltr'><strong><em>Apost.</em></strong></span> <span class='ocrx_word' id='word_1_1023' title='bbox 3188 5739 3259 5795; x_wconf 89' lang='lat' dir='ltr'><strong><em>ad</em></strong></span> <span class='ocrx_word' id='word_1_1024' title='bbox 3308 5738 3579 5796; x_wconf 80' lang='lat' dir='ltr'><strong><em>Hebraeos</em></strong></span> 
     </span>
     <span class='ocr_line' id='line_1_157' title="bbox 2009 5826 2175 5865; baseline 0 0"><span class='ocrx_word' id='word_1_1025' title='bbox 2009 5826 2058 5865; x_wconf 79' lang='grc' dir='ltr'><strong><em>ει.</em></strong></span> <span class='ocrx_word' id='word_1_1026' title='bbox 2162 5852 2175 5865; x_wconf 95' lang='grc'><em>.</em></span> 
     </span>
    </p>
   </div>
   <div class='ocr_carea' id='block_1_153' title="bbox 1934 5826 2175 5883">
    <p class='ocr_par' dir='ltr' id='par_1_153' title="bbox 1934 5826 2175 5883">
     <span class='ocr_line' id='line_1_158' title="bbox 1934 5826 2175 5883; baseline 0.008 -19"><span class='ocrx_word' id='word_1_1027' title='bbox 1934 5826 2058 5883; x_wconf 83' lang='lat' dir='ltr'><strong><em>xm,</em></strong></span> <span class='ocrx_word' id='word_1_1028' title='bbox 2093 5826 2115 5865; x_wconf 88' lang='lat'><strong>1</strong></span> <span class='ocrx_word' id='word_1_1029' title='bbox 2134 5826 2175 5866; x_wconf 79' lang='grc' dir='ltr'><strong><em>ι.</em></strong></span> 
     </span>
    </p>
   </div>
  </div>
