  <div class='ocr_page' id='page_1' title='image "/cluster/home/n/w/nwhite01/storage/ocr_20150623/55/hvd.32044054758644/498.png"; bbox 0 0 4016 6166; ppageno 0'>
   <div class='ocr_carea' id='block_1_1' title="bbox 232 243 353 307">
    <p class='ocr_par' dir='ltr' id='par_1_1' title="bbox 232 243 353 307">
     <span class='ocr_line' id='line_1_1' title="bbox 232 243 353 307; baseline -0.025 -1"><span class='ocrx_word' id='word_1_1' title='bbox 232 243 353 307; x_wconf 78' lang='grc'>985</span> 
     </span>
    </p>
   </div>
   <div class='ocr_carea' id='block_1_2' title="bbox 1089 234 2785 310">
    <p class='ocr_par' dir='ltr' id='par_1_2' title="bbox 1089 234 2785 310">
     <span class='ocr_line' id='line_1_2' title="bbox 1089 234 2785 310; baseline 0.001 -5"><span class='ocrx_word' id='word_1_2' title='bbox 1089 244 1483 307; x_wconf 82' lang='lat' dir='ltr'>APPENDIX</span> <span class='ocrx_word' id='word_1_3' title='bbox 1525 247 1631 309; x_wconf 83' lang='lat' dir='ltr'>AD</span> <span class='ocrx_word' id='word_1_4' title='bbox 1673 234 2281 310; x_wconf 74' lang='grc' dir='ltr'>ΜΑΝΙΟΗΑΞΟΗΠΜ</span> <span class='ocrx_word' id='word_1_5' title='bbox 2327 241 2785 308; x_wconf 73' lang='lat' dir='ltr'>HISTORIAM.</span> 
     </span>
    </p>
   </div>
   <div class='ocr_carea' id='block_1_3' title="bbox 3525 242 3643 307">
    <p class='ocr_par' dir='ltr' id='par_1_3' title="bbox 3525 242 3643 307">
     <span class='ocr_line' id='line_1_3' title="bbox 3525 242 3643 307; baseline 0.017 -2"><span class='ocrx_word' id='word_1_6' title='bbox 3525 242 3643 307; x_wconf 86' lang='lat'>986</span> 
     </span>
    </p>
   </div>
   <div class='ocr_carea' id='block_1_4' title="bbox 226 376 3643 464">
    <p class='ocr_par' dir='ltr' id='par_1_4' title="bbox 226 376 3643 464">
     <span class='ocr_line' id='line_1_4' title="bbox 226 376 3643 464; baseline 0.001 -29"><span class='ocrx_word' id='word_1_7' title='bbox 226 376 587 436; x_wconf 87' lang='lat' dir='ltr'>Tertulliano</span> <span class='ocrx_word' id='word_1_8' title='bbox 618 377 947 464; x_wconf 82' lang='lat' dir='ltr'>audiamus.</span> <span class='ocrx_word' id='word_1_9' title='bbox 985 378 1265 464; x_wconf 78' lang='lat' dir='ltr'>Quantum</span> <span class='ocrx_word' id='word_1_10' title='bbox 1279 380 1418 464; x_wconf 82' lang='lat' dir='ltr'>_(ait)</span> <span class='ocrx_word' id='word_1_11' title='bbox 1446 381 1672 464; x_wconf 78' lang='lat' dir='ltr'>resoluti</span> <span class='ocrx_word' id='word_1_12' title='bbox 1697 382 1878 464; x_wconf 81' lang='lat' dir='ltr'>crines</span> <span class='ocrx_word' id='word_1_13' title='bbox 1904 386 1964 451; x_wconf 87' lang='grc' dir='ltr'><strong>Α</strong></span> <span class='ocrx_word' id='word_1_14' title='bbox 1992 381 2175 464; x_wconf 72' lang='lat' dir='ltr'>tium,</span> <span class='ocrx_word' id='word_1_15' title='bbox 2197 381 2527 464; x_wconf 75' lang='lat' dir='ltr'>Virgilium,</span> <span class='ocrx_word' id='word_1_16' title='bbox 2559 381 2844 454; x_wconf 90' lang='lat' dir='ltr'>aliosque,</span> <span class='ocrx_word' id='word_1_17' title='bbox 2869 379 3084 455; x_wconf 81' lang='lat' dir='ltr'>quibus</span> <span class='ocrx_word' id='word_1_18' title='bbox 3110 376 3489 438; x_wconf 88' lang='lat' dir='ltr'>subscribens</span> <span class='ocrx_word' id='word_1_19' title='bbox 3510 380 3643 439; x_wconf 85' lang='lat' dir='ltr'>Ovi-</span> 
     </span>
    </p>
   </div>
   <div class='ocr_carea' id='block_1_5' title="bbox 226 454 1876 527">
    <p class='ocr_par' dir='ltr' id='par_1_5' title="bbox 226 454 1876 527">
     <span class='ocr_line' id='line_1_5' title="bbox 226 454 1876 527; baseline 0.002 -23"><span class='ocrx_word' id='word_1_20' title='bbox 226 466 509 523; x_wconf 85' lang='lat' dir='ltr'>occupare</span> <span class='ocrx_word' id='word_1_21' title='bbox 533 459 781 527; x_wconf 80' lang='lat' dir='ltr'>possunt,</span> <span class='ocrx_word' id='word_1_22' title='bbox 811 457 1063 527; x_wconf 83' lang='lat' dir='ltr'>tanta_est</span> <span class='ocrx_word' id='word_1_23' title='bbox 1091 454 1381 527; x_wconf 83' lang='lat' dir='ltr'>velaminis</span> <span class='ocrx_word' id='word_1_24' title='bbox 1408 457 1584 527; x_wconf 87' lang='lat' dir='ltr'>regio,</span> <span class='ocrx_word' id='word_1_25' title='bbox 1615 463 1677 527; x_wconf 84' lang='lat' dir='ltr'>ut</span> <span class='ocrx_word' id='word_1_26' title='bbox 1703 455 1876 527; x_wconf 40' lang='lat' dir='ltr'>cervi:</span> 
     </span>
    </p>
   </div>
   <div class='ocr_carea' id='block_1_6' title="bbox 230 524 1887 597">
    <p class='ocr_par' dir='ltr' id='par_1_6' title="bbox 230 524 1887 597">
     <span class='ocr_line' id='line_1_6' title="bbox 230 524 1887 597; baseline 0 -18"><span class='ocrx_word' id='word_1_27' title='bbox 230 538 318 579; x_wconf 82' lang='lat' dir='ltr'>ces</span> <span class='ocrx_word' id='word_1_28' title='bbox 349 539 558 597; x_wconf 85' lang='lat' dir='ltr'>quoque</span> <span class='ocrx_word' id='word_1_29' title='bbox 588 524 938 579; x_wconf 84' lang='lat' dir='ltr'>ambiuntur.</span> <span class='ocrx_word' id='word_1_30' title='bbox 960 524 1100 596; x_wconf 68' lang='lat' dir='ltr'>Ipsae</span> <span class='ocrx_word' id='word_1_31' title='bbox 1118 524 1561 595; x_wconf 82' lang='lat' dir='ltr'>enim(cervices</span> <span class='ocrx_word' id='word_1_32' title='bbox 1584 525 1887 597; x_wconf 83' lang='lat' dir='ltr'>nimirum)</span> 
     </span>
    </p>
   </div>
   <div class='ocr_carea' id='block_1_7' title="bbox 232 597 1887 669">
    <p class='ocr_par' dir='ltr' id='par_1_7' title="bbox 232 597 1887 669">
     <span class='ocr_line' id='line_1_7' title="bbox 232 597 1887 669; baseline 0.001 -20"><span class='ocrx_word' id='word_1_33' title='bbox 232 611 343 666; x_wconf 88' lang='lat' dir='ltr'>qua</span> <span class='ocrx_word' id='word_1_34' title='bbox 372 597 643 669; x_wconf 81' lang='lat' dir='ltr'>subjectos</span> <span class='ocrx_word' id='word_1_35' title='bbox 673 611 787 651; x_wconf 87' lang='lat' dir='ltr'>esse</span> <span class='ocrx_word' id='word_1_36' title='bbox 828 601 1059 669; x_wconf 78' lang='lat' dir='ltr'>oportet,</span> <span class='ocrx_word' id='word_1_37' title='bbox 1088 601 1317 667; x_wconf 80' lang='lat' dir='ltr'>propter</span> <span class='ocrx_word' id='word_1_38' title='bbox 1359 613 1492 667; x_wconf 88' lang='lat' dir='ltr'>quas</span> <span class='ocrx_word' id='word_1_39' title='bbox 1528 605 1761 669; x_wconf 73' lang='lat' dir='ltr'>potestas</span> <span class='ocrx_word' id='word_1_40' title='bbox 1790 613 1887 651; x_wconf 83' lang='lat' dir='ltr'>su-</span> 
     </span>
    </p>
   </div>
   <div class='ocr_carea' id='block_1_8' title="bbox 232 667 1888 739">
    <p class='ocr_par' dir='ltr' id='par_1_8' title="bbox 232 667 1888 739">
     <span class='ocr_line' id='line_1_8' title="bbox 232 667 1888 739; baseline 0.002 -20"><span class='ocrx_word' id='word_1_41' title='bbox 232 684 342 737; x_wconf 86' lang='lat' dir='ltr'>pra</span> <span class='ocrx_word' id='word_1_42' title='bbox 371 676 533 739; x_wconf 79' lang='lat' dir='ltr'>caput</span> <span class='ocrx_word' id='word_1_43' title='bbox 564 668 762 723; x_wconf 84' lang='lat' dir='ltr'>haberi</span> <span class='ocrx_word' id='word_1_44' title='bbox 807 667 977 722; x_wconf 86' lang='lat' dir='ltr'>debet.</span> <span class='ocrx_word' id='word_1_45' title='bbox 1040 670 1293 723; x_wconf 86' lang='lat' dir='ltr'>Velamen</span> <span class='ocrx_word' id='word_1_46' title='bbox 1315 667 1536 739; x_wconf 25' lang='lat' dir='ltr'>jugum’</span> <span class='ocrx_word' id='word_1_47' title='bbox 1559 670 1711 724; x_wconf 73' lang='lat'>203</span> <span class='ocrx_word' id='word_1_48' title='bbox 1758 669 1888 723; x_wconf 81' lang='lat' dir='ltr'>illa-</span> 
     </span>
    </p>
   </div>
   <div class='ocr_carea' id='block_1_9' title="bbox 234 739 1887 811">
    <p class='ocr_par' dir='ltr' id='par_1_9' title="bbox 234 739 1887 811">
     <span class='ocr_line' id='line_1_9' title="bbox 234 739 1887 811; baseline 0.002 -19"><span class='ocrx_word' id='word_1_49' title='bbox 234 740 601 811; x_wconf 82' lang='lat' dir='ltr'>rumest(a).</span> <span class='ocrx_word' id='word_1_50' title='bbox 652 740 795 811; x_wconf 90' lang='lat' dir='ltr'>Cum</span> <span class='ocrx_word' id='word_1_51' title='bbox 829 739 1011 811; x_wconf 87' lang='lat' dir='ltr'>igitur</span> <span class='ocrx_word' id='word_1_52' title='bbox 1041 739 1153 795; x_wconf 90' lang='lat' dir='ltr'>ista</span> <span class='ocrx_word' id='word_1_53' title='bbox 1199 739 1275 794; x_wconf 87' lang='lat' dir='ltr'>sit</span> <span class='ocrx_word' id='word_1_54' title='bbox 1321 740 1683 811; x_wconf 79' lang='lat' dir='ltr'>assumptitii</span> <span class='ocrx_word' id='word_1_55' title='bbox 1730 741 1887 795; x_wconf 88' lang='lat' dir='ltr'>vela-</span> 
     </span>
    </p>
   </div>
   <div class='ocr_carea' id='block_1_10' title="bbox 233 809 1889 880">
    <p class='ocr_par' dir='ltr' id='par_1_10' title="bbox 233 809 1889 880">
     <span class='ocr_line' id='line_1_10' title="bbox 233 809 1889 880; baseline 0.001 -16"><span class='ocrx_word' id='word_1_56' title='bbox 233 809 422 865; x_wconf 89' lang='lat' dir='ltr'>minis</span> <span class='ocrx_word' id='word_1_57' title='bbox 474 810 581 876; x_wconf 83' lang='lat' dir='ltr'>lex,</span> <span class='ocrx_word' id='word_1_58' title='bbox 618 810 709 864; x_wconf 90' lang='lat' dir='ltr'>hic</span> <span class='ocrx_word' id='word_1_59' title='bbox 757 810 915 879; x_wconf 83' lang='lat' dir='ltr'>ﬁnis,</span> <span class='ocrx_word' id='word_1_60' title='bbox 949 810 1041 865; x_wconf 90' lang='lat' dir='ltr'>hic</span> <span class='ocrx_word' id='word_1_61' title='bbox 1086 812 1320 880; x_wconf 89' lang='lat' dir='ltr'>modus,</span> <span class='ocrx_word' id='word_1_62' title='bbox 1353 809 1597 867; x_wconf 82' lang='lat' dir='ltr'>minime</span> <span class='ocrx_word' id='word_1_63' title='bbox 1646 828 1889 867; x_wconf 84' lang='lat' dir='ltr'>censen-</span> 
     </span>
    </p>
   </div>
   <div class='ocr_carea' id='block_1_11' title="bbox 231 881 1889 939">
    <p class='ocr_par' dir='ltr' id='par_1_11' title="bbox 231 881 1889 939">
     <span class='ocr_line' id='line_1_11' title="bbox 231 881 1889 939; baseline 0.001 -3"><span class='ocrx_word' id='word_1_64' title='bbox 231 882 380 936; x_wconf 89' lang='lat' dir='ltr'>dum</span> <span class='ocrx_word' id='word_1_65' title='bbox 411 887 502 936; x_wconf 88' lang='lat' dir='ltr'>est</span> <span class='ocrx_word' id='word_1_66' title='bbox 549 881 1014 936; x_wconf 88' lang='lat' dir='ltr'>Christianorum</span> <span class='ocrx_word' id='word_1_67' title='bbox 1064 883 1312 938; x_wconf 82' lang='lat' dir='ltr'>feminas</span> <span class='ocrx_word' id='word_1_68' title='bbox 1363 885 1435 939; x_wconf 88' lang='lat' dir='ltr'>ab</span> <span class='ocrx_word' id='word_1_69' title='bbox 1484 884 1573 938; x_wconf 88' lang='lat' dir='ltr'>his</span> <span class='ocrx_word' id='word_1_70' title='bbox 1613 884 1889 938; x_wconf 90' lang='lat' dir='ltr'>omnibus</span> 
     </span>
    </p>
   </div>
   <div class='ocr_carea' id='block_1_12' title="bbox 233 952 1889 1025">
    <p class='ocr_par' dir='ltr' id='par_1_12' title="bbox 233 952 1889 1025">
     <span class='ocr_line' id='line_1_12' title="bbox 233 952 1889 1025; baseline 0.001 -16"><span class='ocrx_word' id='word_1_71' title='bbox 233 952 812 1021; x_wconf 87' lang='lat' dir='ltr'>abhorrere,etiamsi</span> <span class='ocrx_word' id='word_1_72' title='bbox 844 952 956 1007; x_wconf 83' lang='lat' dir='ltr'>sibi</span> <span class='ocrx_word' id='word_1_73' title='bbox 979 953 1221 1025; x_wconf 85' lang='lat' dir='ltr'>capillos</span> <span class='ocrx_word' id='word_1_74' title='bbox 1244 956 1523 1010; x_wconf 88' lang='lat' dir='ltr'>tondeant</span> <span class='ocrx_word' id='word_1_75' title='bbox 1540 971 1552 1020; x_wconf 93' lang='lat'><strong>;</strong></span> <span class='ocrx_word' id='word_1_76' title='bbox 1570 956 1889 1010; x_wconf 88' lang='lat' dir='ltr'>dummodo</span> 
     </span>
    </p>
   </div>
   <div class='ocr_carea' id='block_1_13' title="bbox 230 1024 1889 1097">
    <p class='ocr_par' dir='ltr' id='par_1_13' title="bbox 230 1024 1889 1097">
     <span class='ocr_line' id='line_1_13' title="bbox 230 1024 1889 1097; baseline 0.001 -18"><span class='ocrx_word' id='word_1_77' title='bbox 230 1032 444 1081; x_wconf 89' lang='lat' dir='ltr'>tamen</span> <span class='ocrx_word' id='word_1_78' title='bbox 476 1024 535 1079; x_wconf 92' lang='lat' dir='ltr'>in</span> <span class='ocrx_word' id='word_1_79' title='bbox 567 1040 736 1078; x_wconf 91' lang='lat' dir='ltr'>coma</span> <span class='ocrx_word' id='word_1_80' title='bbox 766 1024 1084 1091; x_wconf 85' lang='lat' dir='ltr'>tondenda,</span> <span class='ocrx_word' id='word_1_81' title='bbox 1117 1026 1382 1097; x_wconf 80' lang='lat' dir='ltr'>vanitati,</span> <span class='ocrx_word' id='word_1_82' title='bbox 1414 1026 1655 1081; x_wconf 71' lang='lat' dir='ltr'>luxuriae</span> <span class='ocrx_word' id='word_1_83' title='bbox 1689 1032 1743 1079; x_wconf 89' lang='lat' dir='ltr'>et</span> <span class='ocrx_word' id='word_1_84' title='bbox 1775 1026 1889 1081; x_wconf 90' lang='lat' dir='ltr'>im-</span> 
     </span>
    </p>
   </div>
   <div class='ocr_carea' id='block_1_14' title="bbox 234 1097 1888 1168">
    <p class='ocr_par' dir='ltr' id='par_1_14' title="bbox 234 1097 1888 1168">
     <span class='ocr_line' id='line_1_14' title="bbox 234 1097 1888 1168; baseline 0.001 -17"><span class='ocrx_word' id='word_1_85' title='bbox 234 1097 772 1168; x_wconf 12' lang='lat' dir='ltr'>modestoiornartui</span> <span class='ocrx_word' id='word_1_86' title='bbox 807 1097 1002 1168; x_wconf 87' lang='lat' dir='ltr'>potius</span> <span class='ocrx_word' id='word_1_87' title='bbox 1034 1114 1210 1168; x_wconf 91' lang='lat' dir='ltr'>quam</span> <span class='ocrx_word' id='word_1_88' title='bbox 1244 1098 1581 1154; x_wconf 62' lang='lat' dir='ltr'>Christiana:</span> <span class='ocrx_word' id='word_1_89' title='bbox 1623 1098 1888 1154; x_wconf 91' lang='lat' dir='ltr'>modera-</span> 
     </span>
    </p>
   </div>
   <div class='ocr_carea' id='block_1_15' title="bbox 227 1166 1888 1240">
    <p class='ocr_par' dir='ltr' id='par_1_15' title="bbox 227 1166 1888 1240">
     <span class='ocr_line' id='line_1_15' title="bbox 227 1166 1888 1240; baseline 0.001 -18"><span class='ocrx_word' id='word_1_90' title='bbox 227 1168 384 1222; x_wconf 90' lang='lat' dir='ltr'>tioni</span> <span class='ocrx_word' id='word_1_91' title='bbox 415 1166 838 1240; x_wconf 27' lang='lat' dir='ltr'>ethhumilitat&#39;i</span> <span class='ocrx_word' id='word_1_92' title='bbox 887 1185 1002 1223; x_wconf 91' lang='lat' dir='ltr'>non</span> <span class='ocrx_word' id='word_1_93' title='bbox 1054 1166 1315 1240; x_wconf 84' lang='lat' dir='ltr'>pareant,</span> <span class='ocrx_word' id='word_1_94' title='bbox 1347 1169 1436 1225; x_wconf 87' lang='lat' dir='ltr'>vel</span> <span class='ocrx_word' id='word_1_95' title='bbox 1485 1170 1722 1239; x_wconf 81' lang='lat' dir='ltr'>aliquod</span> <span class='ocrx_word' id='word_1_96' title='bbox 1758 1186 1888 1240; x_wconf 85' lang='lat' dir='ltr'>pra.-</span> 
     </span>
    </p>
   </div>
   <div class='ocr_carea' id='block_1_16' title="bbox 229 1238 1890 1312">
    <p class='ocr_par' dir='ltr' id='par_1_16' title="bbox 229 1238 1890 1312">
     <span class='ocr_line' id='line_1_16' title="bbox 229 1238 1890 1312; baseline 0.002 -20"><span class='ocrx_word' id='word_1_97' title='bbox 229 1256 370 1294; x_wconf 90' lang='lat' dir='ltr'>vum</span> <span class='ocrx_word' id='word_1_98' title='bbox 406 1238 675 1309; x_wconf 79' lang='lat' dir='ltr'>religioni</span> <span class='ocrx_word' id='word_1_99' title='bbox 707 1245 763 1295; x_wconf 90' lang='lat' dir='ltr'>et</span> <span class='ocrx_word' id='word_1_100' title='bbox 787 1240 919 1294; x_wconf 78' lang='lat' dir='ltr'>fidei</span> <span class='ocrx_word' id='word_1_101' title='bbox 951 1238 1428 1312; x_wconf 44' lang='lat' dir='ltr'>repugnans&#39;sibi</span> <span class='ocrx_word' id='word_1_102' title='bbox 1452 1238 1890 1312; x_wconf 82' lang='lat' dir='ltr'>assequendum</span> 
     </span>
    </p>
   </div>
   <div class='ocr_carea' id='block_1_17' title="bbox 228 1312 1890 1383">
    <p class='ocr_par' dir='ltr' id='par_1_17' title="bbox 228 1312 1890 1383">
     <span class='ocr_line' id='line_1_17' title="bbox 228 1312 1890 1383; baseline 0.001 -17"><span class='ocrx_word' id='word_1_103' title='bbox 228 1327 351 1366; x_wconf 89' lang='lat' dir='ltr'>non</span> <span class='ocrx_word' id='word_1_104' title='bbox 389 1314 699 1383; x_wconf 77' lang='lat' dir='ltr'>statuant;</span> <span class='ocrx_word' id='word_1_105' title='bbox 728 1312 1228 1382; x_wconf 85' lang='lat' dir='ltr'>quemadmodum</span> <span class='ocrx_word' id='word_1_106' title='bbox 1254 1314 1483 1366; x_wconf 70' lang='lat' dir='ltr'>femina:</span> <span class='ocrx_word' id='word_1_107' title='bbox 1512 1312 1625 1367; x_wconf 68' lang='lat' dir='ltr'>illa:</span> <span class='ocrx_word' id='word_1_108' title='bbox 1657 1313 1728 1366; x_wconf 91' lang='lat' dir='ltr'>de</span> <span class='ocrx_word' id='word_1_109' title='bbox 1758 1314 1890 1383; x_wconf 89' lang='lat' dir='ltr'>qui-</span> 
     </span>
    </p>
   </div>
   <div class='ocr_carea' id='block_1_18' title="bbox 228 1381 1892 1453">
    <p class='ocr_par' dir='ltr' id='par_1_18' title="bbox 228 1381 1892 1453">
     <span class='ocr_line' id='line_1_18' title="bbox 228 1381 1892 1453; baseline 0.001 -17"><span class='ocrx_word' id='word_1_110' title='bbox 228 1383 349 1436; x_wconf 89' lang='lat' dir='ltr'>bus</span> <span class='ocrx_word' id='word_1_111' title='bbox 383 1382 453 1453; x_wconf 84' lang='lat' dir='ltr'>in</span> <span class='ocrx_word' id='word_1_112' title='bbox 478 1381 920 1453; x_wconf 25' lang='lat' dir='ltr'>Gangren’sibus</span> <span class='ocrx_word' id='word_1_113' title='bbox 950 1384 1275 1438; x_wconf 90' lang='lat' dir='ltr'>canonibus</span> <span class='ocrx_word' id='word_1_114' title='bbox 1300 1390 1493 1438; x_wconf 90' lang='lat' dir='ltr'>actum</span> <span class='ocrx_word' id='word_1_115' title='bbox 1525 1388 1631 1438; x_wconf 88' lang='lat' dir='ltr'>est.</span> <span class='ocrx_word' id='word_1_116' title='bbox 1654 1381 1892 1438; x_wconf 40' lang='lat' dir='ltr'>Nos—in-</span> 
     </span>
    </p>
   </div>
   <div class='ocr_carea' id='block_1_19' title="bbox 230 1452 1891 1527">
    <p class='ocr_par' dir='ltr' id='par_1_19' title="bbox 230 1452 1891 1527">
     <span class='ocr_line' id='line_1_19' title="bbox 230 1452 1891 1527; baseline 0.001 -18"><span class='ocrx_word' id='word_1_117' title='bbox 230 1452 409 1509; x_wconf 87' lang='lat' dir='ltr'>terim</span> <span class='ocrx_word' id='word_1_118' title='bbox 428 1452 715 1527; x_wconf 77' lang='lat' dir='ltr'>laudatos</span> <span class='ocrx_word' id='word_1_119' title='bbox 755 1464 1010 1527; x_wconf 83' lang='lat' dir='ltr'>canones</span> <span class='ocrx_word' id='word_1_120' title='bbox 1058 1454 1116 1509; x_wconf 90' lang='lat' dir='ltr'>in</span> <span class='ocrx_word' id='word_1_121' title='bbox 1163 1456 1341 1527; x_wconf 90' lang='lat' dir='ltr'>priori</span> <span class='ocrx_word' id='word_1_122' title='bbox 1374 1455 1551 1527; x_wconf 81' lang='lat' dir='ltr'>hujus</span> <span class='ocrx_word' id='word_1_123' title='bbox 1599 1454 1737 1510; x_wconf 89' lang='lat' dir='ltr'>anni</span> <span class='ocrx_word' id='word_1_124' title='bbox 1769 1455 1891 1510; x_wconf 89' lang='lat' dir='ltr'>dis-</span> 
     </span>
    </p>
   </div>
   <div class='ocr_carea' id='block_1_20' title="bbox 230 1524 1890 1597">
    <p class='ocr_par' dir='ltr' id='par_1_20' title="bbox 230 1524 1890 1597">
     <span class='ocr_line' id='line_1_20' title="bbox 230 1524 1890 1597; baseline 0 -16"><span class='ocrx_word' id='word_1_125' title='bbox 230 1524 556 1597; x_wconf 85' lang='lat' dir='ltr'>sertatione</span> <span class='ocrx_word' id='word_1_126' title='bbox 587 1528 656 1581; x_wconf 90' lang='lat' dir='ltr'>ab</span> <span class='ocrx_word' id='word_1_127' title='bbox 704 1542 819 1580; x_wconf 91' lang='lat' dir='ltr'>uno</span> <span class='ocrx_word' id='word_1_128' title='bbox 850 1524 921 1580; x_wconf 89' lang='lat' dir='ltr'>cl.</span> <span class='ocrx_word' id='word_1_129' title='bbox 971 1530 1028 1581; x_wconf 91' lang='lat' dir='ltr'>et</span> <span class='ocrx_word' id='word_1_130' title='bbox 1074 1524 1416 1582; x_wconf 78' lang='lat' dir='ltr'>doctissimo</span> <span class='ocrx_word' id='word_1_131' title='bbox 1465 1526 1644 1597; x_wconf 88' lang='lat' dir='ltr'>hujus</span> <span class='ocrx_word' id='word_1_132' title='bbox 1677 1531 1890 1597; x_wconf 65' lang='lat' dir='ltr'>nostris</span> 
     </span>
    </p>
   </div>
   <div class='ocr_carea' id='block_1_21' title="bbox 235 1596 1890 1669">
    <p class='ocr_par' dir='ltr' id='par_1_21' title="bbox 235 1596 1890 1669">
     <span class='ocr_line' id='line_1_21' title="bbox 235 1596 1890 1669; baseline 0 -16"><span class='ocrx_word' id='word_1_133' title='bbox 235 1596 567 1669; x_wconf 65' lang='lat' dir='ltr'>Academias</span> <span class='ocrx_word' id='word_1_134' title='bbox 600 1597 865 1667; x_wconf 83' lang='lat' dir='ltr'>theologo</span> <span class='ocrx_word' id='word_1_135' title='bbox 896 1599 967 1669; x_wconf 84' lang='lat' dir='ltr'>ad</span> <span class='ocrx_word' id='word_1_136' title='bbox 1017 1613 1258 1653; x_wconf 85' lang='lat' dir='ltr'>examen</span> <span class='ocrx_word' id='word_1_137' title='bbox 1286 1599 1411 1669; x_wconf 88' lang='lat' dir='ltr'>jam</span> <span class='ocrx_word' id='word_1_138' title='bbox 1443 1596 1743 1654; x_wconf 87' lang='lat' dir='ltr'>revocatos</span> <span class='ocrx_word' id='word_1_139' title='bbox 1774 1615 1890 1653; x_wconf 92' lang='lat' dir='ltr'>non</span> 
     </span>
    </p>
   </div>
   <div class='ocr_carea' id='block_1_22' title="bbox 231 1667 1892 1740">
    <p class='ocr_par' dir='ltr' id='par_1_22' title="bbox 231 1667 1892 1740">
     <span class='ocr_line' id='line_1_22' title="bbox 231 1667 1892 1740; baseline 0.001 -17"><span class='ocrx_word' id='word_1_140' title='bbox 231 1667 617 1738; x_wconf 91' lang='lat' dir='ltr'>subjicimus.</span> <span class='ocrx_word' id='word_1_141' title='bbox 663 1668 990 1740; x_wconf 76' lang='lat' dir='ltr'>Praesertim</span> <span class='ocrx_word' id='word_1_142' title='bbox 1040 1685 1169 1724; x_wconf 89' lang='lat' dir='ltr'>cum</span> <span class='ocrx_word' id='word_1_143' title='bbox 1219 1667 1607 1740; x_wconf 50' lang='lat' dir='ltr'>id&#39;temporis</span> <span class='ocrx_word' id='word_1_144' title='bbox 1657 1670 1805 1725; x_wconf 84' lang='lat' dir='ltr'>ratio</span> <span class='ocrx_word' id='word_1_145' title='bbox 1835 1674 1892 1726; x_wconf 89' lang='lat' dir='ltr'>et</span> 
     </span>
    </p>
   </div>
   <div class='ocr_carea' id='block_1_23' title="bbox 234 1739 1708 1812">
    <p class='ocr_par' dir='ltr' id='par_1_23' title="bbox 234 1739 1708 1812">
     <span class='ocr_line' id='line_1_23' title="bbox 234 1739 1708 1812; baseline 0.001 -18"><span class='ocrx_word' id='word_1_146' title='bbox 234 1740 427 1812; x_wconf 74' lang='lat' dir='ltr'>nostri</span> <span class='ocrx_word' id='word_1_147' title='bbox 456 1739 738 1810; x_wconf 80' lang='lat' dir='ltr'>propositi</span> <span class='ocrx_word' id='word_1_148' title='bbox 771 1740 1108 1794; x_wconf 87' lang='lat' dir='ltr'>institutum</span> <span class='ocrx_word' id='word_1_149' title='bbox 1144 1758 1255 1795; x_wconf 91' lang='lat' dir='ltr'>non</span> <span class='ocrx_word' id='word_1_150' title='bbox 1288 1739 1584 1812; x_wconf 87' lang='lat' dir='ltr'>patiantur</span> <span class='ocrx_word' id='word_1_151' title='bbox 1612 1740 1708 1811; x_wconf 90' lang='lat' dir='ltr'>(b).</span> 
     </span>
    </p>
   </div>
   <div class='ocr_carea' id='block_1_24' title="bbox 309 1811 1893 1884">
    <p class='ocr_par' dir='ltr' id='par_1_24' title="bbox 309 1811 1893 1884">
     <span class='ocr_line' id='line_1_24' title="bbox 309 1811 1893 1884; baseline 0.001 -18"><span class='ocrx_word' id='word_1_152' title='bbox 309 1811 479 1866; x_wconf 85' lang='lat' dir='ltr'>Nunc</span> <span class='ocrx_word' id='word_1_153' title='bbox 506 1827 641 1884; x_wconf 78' lang='lat' dir='ltr'>vero</span> <span class='ocrx_word' id='word_1_154' title='bbox 672 1812 788 1866; x_wconf 93' lang='lat' dir='ltr'>duo</span> <span class='ocrx_word' id='word_1_155' title='bbox 819 1812 933 1866; x_wconf 88' lang='lat' dir='ltr'>alia</span> <span class='ocrx_word' id='word_1_156' title='bbox 955 1811 1431 1884; x_wconf 80' lang='lat' dir='ltr'>argumentorum</span> <span class='ocrx_word' id='word_1_157' title='bbox 1461 1829 1675 1884; x_wconf 87' lang='lat' dir='ltr'>genera</span> <span class='ocrx_word' id='word_1_158' title='bbox 1698 1812 1893 1883; x_wconf 82' lang='lat' dir='ltr'>profe-</span> 
     </span>
    </p>
   </div>
   <div class='ocr_carea' id='block_1_25' title="bbox 232 1881 1891 1955">
    <p class='ocr_par' dir='ltr' id='par_1_25' title="bbox 232 1881 1891 1955">
     <span class='ocr_line' id='line_1_25' title="bbox 232 1881 1891 1955; baseline 0.002 -19"><span class='ocrx_word' id='word_1_159' title='bbox 232 1898 385 1955; x_wconf 82' lang='lat' dir='ltr'>ram,</span> <span class='ocrx_word' id='word_1_160' title='bbox 419 1881 644 1955; x_wconf 84' lang='lat' dir='ltr'>quibus</span> <span class='ocrx_word' id='word_1_161' title='bbox 668 1887 886 1955; x_wconf 87' lang='lat' dir='ltr'>aperte,</span> <span class='ocrx_word' id='word_1_162' title='bbox 912 1899 975 1937; x_wconf 91' lang='lat' dir='ltr'>ac</span> <span class='ocrx_word' id='word_1_163' title='bbox 1006 1883 1135 1955; x_wconf 91' lang='lat' dir='ltr'>ipsa</span> <span class='ocrx_word' id='word_1_164' title='bbox 1166 1884 1294 1955; x_wconf 91' lang='lat' dir='ltr'>luce</span> <span class='ocrx_word' id='word_1_165' title='bbox 1325 1881 1543 1939; x_wconf 74' lang='lat' dir='ltr'>clarius</span> <span class='ocrx_word' id='word_1_166' title='bbox 1575 1881 1891 1954; x_wconf 80' lang='lat' dir='ltr'>constabit,</span> 
     </span>
    </p>
   </div>
   <div class='ocr_carea' id='block_1_26' title="bbox 234 1953 1895 2035">
    <p class='ocr_par' dir='ltr' id='par_1_26' title="bbox 234 1953 1895 2035">
     <span class='ocr_line' id='line_1_26' title="bbox 234 1953 1895 2035; baseline 0.002 -28"><span class='ocrx_word' id='word_1_167' title='bbox 234 1953 405 2035; x_wconf 71' lang='lat' dir='ltr'>nulla</span> <span class='ocrx_word' id='word_1_168' title='bbox 428 1953 575 2035; x_wconf 64' lang='lat' dir='ltr'>lege,</span> <span class='ocrx_word' id='word_1_169' title='bbox 600 1953 719 2009; x_wconf 87' lang='lat' dir='ltr'>sive</span> <span class='ocrx_word' id='word_1_170' title='bbox 736 1953 950 2035; x_wconf 81' lang='lat' dir='ltr'>divina,</span> <span class='ocrx_word' id='word_1_171' title='bbox 975 1953 1095 2035; x_wconf 83' lang='lat' dir='ltr'>sive</span> <span class='ocrx_word' id='word_1_172' title='bbox 1121 1954 1535 2035; x_wconf 78' lang='lat' dir='ltr'>ecclesiastica,</span> <span class='ocrx_word' id='word_1_173' title='bbox 1562 1960 1665 2035; x_wconf 63' lang='lat' dir='ltr'>aut</span> <span class='ocrx_word' id='word_1_174' title='bbox 1684 1953 1895 2035; x_wconf 84' lang='lat' dir='ltr'>huma-</span> 
     </span>
    </p>
   </div>
   <div class='ocr_carea' id='block_1_27' title="bbox 234 2024 1890 2091">
    <p class='ocr_par' dir='ltr' id='par_1_27' title="bbox 234 2024 1890 2091">
     <span class='ocr_line' id='line_1_27' title="bbox 234 2024 1890 2091; baseline 0.002 -12"><span class='ocrx_word' id='word_1_175' title='bbox 234 2042 333 2091; x_wconf 85' lang='lat' dir='ltr'>na,</span> <span class='ocrx_word' id='word_1_176' title='bbox 372 2024 608 2079; x_wconf 81' lang='lat' dir='ltr'>feminis</span> <span class='ocrx_word' id='word_1_177' title='bbox 629 2042 856 2080; x_wconf 87' lang='lat' dir='ltr'>comam</span> <span class='ocrx_word' id='word_1_178' title='bbox 875 2026 1115 2081; x_wconf 86' lang='lat' dir='ltr'>tondere</span> <span class='ocrx_word' id='word_1_179' title='bbox 1143 2026 1325 2083; x_wconf 83' lang='lat' dir='ltr'>fuisse</span> <span class='ocrx_word' id='word_1_180' title='bbox 1341 2027 1603 2082; x_wconf 88' lang='lat' dir='ltr'>vetitum.</span> <span class='ocrx_word' id='word_1_181' title='bbox 1634 2027 1890 2082; x_wconf 88' lang='lat' dir='ltr'>Primum</span> 
     </span>
    </p>
   </div>
   <div class='ocr_carea' id='block_1_28' title="bbox 233 2096 1894 2170">
    <p class='ocr_par' dir='ltr' id='par_1_28' title="bbox 233 2096 1894 2170">
     <span class='ocr_line' id='line_1_28' title="bbox 233 2096 1894 2170; baseline 0.002 -19"><span class='ocrx_word' id='word_1_182' title='bbox 233 2112 305 2170; x_wconf 73' lang='lat' dir='ltr'>ex</span> <span class='ocrx_word' id='word_1_183' title='bbox 338 2096 535 2170; x_wconf 75' lang='lat' dir='ltr'>verbis</span> <span class='ocrx_word' id='word_1_184' title='bbox 564 2096 1010 2170; x_wconf 15' lang='lat' dir='ltr'>Deuteronomii,</span> <span class='ocrx_word' id='word_1_185' title='bbox 1047 2098 1283 2170; x_wconf 87' lang='lat' dir='ltr'>desumi</span> <span class='ocrx_word' id='word_1_186' title='bbox 1301 2102 1523 2170; x_wconf 88' lang='lat' dir='ltr'>potest.</span> <span class='ocrx_word' id='word_1_187' title='bbox 1558 2098 1641 2153; x_wconf 92' lang='lat' dir='ltr'>Ibi</span> <span class='ocrx_word' id='word_1_188' title='bbox 1675 2099 1894 2170; x_wconf 86' lang='lat' dir='ltr'>quippe</span> 
     </span>
    </p>
   </div>
   <div class='ocr_carea' id='block_1_29' title="bbox 230 2167 1891 2239">
    <p class='ocr_par' dir='ltr' id='par_1_29' title="bbox 230 2167 1891 2239">
     <span class='ocr_line' id='line_1_29' title="bbox 230 2167 1891 2239; baseline 0.002 -17"><span class='ocrx_word' id='word_1_189' title='bbox 230 2167 396 2222; x_wconf 84' lang='lat' dir='ltr'>Deus</span> <span class='ocrx_word' id='word_1_190' title='bbox 428 2168 667 2224; x_wconf 88' lang='lat' dir='ltr'>Israelis</span> <span class='ocrx_word' id='word_1_191' title='bbox 698 2168 835 2223; x_wconf 83' lang='lat' dir='ltr'>ﬁliis</span> <span class='ocrx_word' id='word_1_192' title='bbox 865 2169 1151 2239; x_wconf 87' lang='lat' dir='ltr'>captivam</span> <span class='ocrx_word' id='word_1_193' title='bbox 1170 2167 1475 2225; x_wconf 74' lang='lat' dir='ltr'>mulierem</span> <span class='ocrx_word' id='word_1_194' title='bbox 1499 2174 1557 2223; x_wconf 83' lang='lat' dir='ltr'>in</span> <span class='ocrx_word' id='word_1_195' title='bbox 1586 2167 1891 2225; x_wconf 80' lang='lat' dir='ltr'>matrimo-</span> 
     </span>
    </p>
   </div>
   <div class='ocr_carea' id='block_1_30' title="bbox 234 2239 1896 2313">
    <p class='ocr_par' dir='ltr' id='par_1_30' title="bbox 234 2239 1896 2313">
     <span class='ocr_line' id='line_1_30' title="bbox 234 2239 1896 2313; baseline 0.002 -19"><span class='ocrx_word' id='word_1_196' title='bbox 234 2239 405 2313; x_wconf 88' lang='lat' dir='ltr'>nium</span> <span class='ocrx_word' id='word_1_197' title='bbox 440 2242 655 2313; x_wconf 86' lang='lat' dir='ltr'>ducere</span> <span class='ocrx_word' id='word_1_198' title='bbox 685 2240 1058 2313; x_wconf 61' lang='lat' dir='ltr'>cupientibus</span> <span class='ocrx_word' id='word_1_199' title='bbox 1080 2242 1443 2313; x_wconf 65' lang='lat' dir='ltr'>praecepitne</span> <span class='ocrx_word' id='word_1_200' title='bbox 1473 2240 1773 2312; x_wconf 87' lang='lat' dir='ltr'>sponsalia</span> <span class='ocrx_word' id='word_1_201' title='bbox 1795 2246 1896 2297; x_wconf 88' lang='lat' dir='ltr'>aut</span> 
     </span>
    </p>
   </div>
   <div class='ocr_carea' id='block_1_31' title="bbox 238 2311 1892 2385">
    <p class='ocr_par' dir='ltr' id='par_1_31' title="bbox 238 2311 1892 2385">
     <span class='ocr_line' id='line_1_31' title="bbox 238 2311 1892 2385; baseline 0.002 -21"><span class='ocrx_word' id='word_1_202' title='bbox 238 2311 483 2381; x_wconf 87' lang='lat' dir='ltr'>nuptias</span> <span class='ocrx_word' id='word_1_203' title='bbox 498 2311 880 2385; x_wconf 85' lang='lat' dir='ltr'>celebrarent,</span> <span class='ocrx_word' id='word_1_204' title='bbox 895 2312 1004 2366; x_wconf 87' lang='lat' dir='ltr'>nisi</span> <span class='ocrx_word' id='word_1_205' title='bbox 1026 2311 1188 2385; x_wconf 80' lang='lat' dir='ltr'>prius</span> <span class='ocrx_word' id='word_1_206' title='bbox 1207 2311 1449 2385; x_wconf 69' lang='lat' dir='ltr'>captivae</span> <span class='ocrx_word' id='word_1_207' title='bbox 1470 2311 1892 2385; x_wconf 75' lang='lat' dir='ltr'>desponsandaa</span> 
     </span>
    </p>
   </div>
   <div class='ocr_carea' id='block_1_32' title="bbox 234 2383 1894 2455">
    <p class='ocr_par' dir='ltr' id='par_1_32' title="bbox 234 2383 1894 2455">
     <span class='ocr_line' id='line_1_32' title="bbox 234 2383 1894 2455; baseline 0.001 -18"><span class='ocrx_word' id='word_1_208' title='bbox 234 2398 411 2455; x_wconf 71' lang='lat' dir='ltr'>come</span> <span class='ocrx_word' id='word_1_209' title='bbox 433 2384 795 2455; x_wconf 68' lang='lat' dir='ltr'>tonderetur,</span> <span class='ocrx_word' id='word_1_210' title='bbox 828 2383 1067 2455; x_wconf 82' lang='lat' dir='ltr'>totaque</span> <span class='ocrx_word' id='word_1_211' title='bbox 1098 2383 1255 2439; x_wconf 86' lang='lat' dir='ltr'>illius</span> <span class='ocrx_word' id='word_1_212' title='bbox 1280 2383 1554 2439; x_wconf 70' lang='lat' dir='ltr'>caesaries</span> <span class='ocrx_word' id='word_1_213' title='bbox 1581 2383 1894 2440; x_wconf 82' lang='lat' dir='ltr'>abradere-</span> 
     </span>
    </p>
   </div>
   <div class='ocr_carea' id='block_1_33' title="bbox 237 2453 1893 2527">
    <p class='ocr_par' dir='ltr' id='par_1_33' title="bbox 237 2453 1893 2527">
     <span class='ocr_line' id='line_1_33' title="bbox 237 2453 1893 2527; baseline 0.002 -19"><span class='ocrx_word' id='word_1_214' title='bbox 237 2459 356 2509; x_wconf 92' lang='lat' dir='ltr'>tur.</span> <span class='ocrx_word' id='word_1_215' title='bbox 381 2453 445 2508; x_wconf 90' lang='lat' dir='ltr'>Si</span> <span class='ocrx_word' id='word_1_216' title='bbox 474 2470 724 2527; x_wconf 84' lang='lat' dir='ltr'>egressus</span> <span class='ocrx_word' id='word_1_217' title='bbox 744 2453 993 2527; x_wconf 41' lang='lat' dir='ltr'>fueris&quot;;</span> <span class='ocrx_word' id='word_1_218' title='bbox 1016 2459 1068 2511; x_wconf 88' lang='lat' dir='ltr'>et</span> <span class='ocrx_word' id='word_1_219' title='bbox 1086 2455 1286 2527; x_wconf 85' lang='lat' dir='ltr'>videris</span> <span class='ocrx_word' id='word_1_220' title='bbox 1308 2458 1367 2510; x_wconf 85' lang='lat' dir='ltr'>in</span> <span class='ocrx_word' id='word_1_221' title='bbox 1396 2472 1628 2511; x_wconf 88' lang='lat' dir='ltr'>numero</span> <span class='ocrx_word' id='word_1_222' title='bbox 1651 2460 1893 2527; x_wconf 84' lang='lat' dir='ltr'>captivo-</span> 
     </span>
    </p>
   </div>
   <div class='ocr_carea' id='block_1_34' title="bbox 239 2526 1894 2598">
    <p class='ocr_par' dir='ltr' id='par_1_34' title="bbox 239 2526 1894 2598">
     <span class='ocr_line' id='line_1_34' title="bbox 239 2526 1894 2598; baseline 0.003 -20"><span class='ocrx_word' id='word_1_223' title='bbox 239 2542 371 2579; x_wconf 86' lang='lat' dir='ltr'>rum</span> <span class='ocrx_word' id='word_1_224' title='bbox 388 2526 694 2598; x_wconf 76' lang='lat' dir='ltr'>mulierem</span> <span class='ocrx_word' id='word_1_225' title='bbox 712 2526 1025 2598; x_wconf 34' lang='lat' dir='ltr'>p’ulchram,</span> <span class='ocrx_word' id='word_1_226' title='bbox 1048 2535 1096 2582; x_wconf 93' lang='lat' dir='ltr'>et</span> <span class='ocrx_word' id='word_1_227' title='bbox 1111 2526 1457 2583; x_wconf 79' lang='lat' dir='ltr'>adamaveris</span> <span class='ocrx_word' id='word_1_228' title='bbox 1478 2526 1894 2595; x_wconf 82' lang='lat' dir='ltr'>eam,volueris-</span> 
     </span>
    </p>
   </div>
   <div class='ocr_carea' id='block_1_35' title="bbox 242 2597 1892 2667">
    <p class='ocr_par' dir='ltr' id='par_1_35' title="bbox 242 2597 1892 2667">
     <span class='ocr_line' id='line_1_35' title="bbox 242 2597 1892 2667; baseline 0.003 -17"><span class='ocrx_word' id='word_1_229' title='bbox 242 2612 351 2667; x_wconf 85' lang='lat' dir='ltr'>que</span> <span class='ocrx_word' id='word_1_230' title='bbox 377 2597 579 2652; x_wconf 85' lang='lat' dir='ltr'>habere</span> <span class='ocrx_word' id='word_1_231' title='bbox 608 2597 861 2665; x_wconf 77' lang='lat' dir='ltr'>uxorem,</span> <span class='ocrx_word' id='word_1_232' title='bbox 895 2599 1201 2654; x_wconf 80' lang='lat' dir='ltr'>introduces</span> <span class='ocrx_word' id='word_1_233' title='bbox 1231 2616 1352 2654; x_wconf 89' lang='lat' dir='ltr'>eam</span> <span class='ocrx_word' id='word_1_234' title='bbox 1379 2601 1438 2653; x_wconf 84' lang='lat' dir='ltr'>in</span> <span class='ocrx_word' id='word_1_235' title='bbox 1467 2600 1687 2655; x_wconf 85' lang='lat' dir='ltr'>domum</span> <span class='ocrx_word' id='word_1_236' title='bbox 1716 2604 1892 2667; x_wconf 88' lang='lat' dir='ltr'>tuam,</span> 
     </span>
    </p>
   </div>
   <div class='ocr_carea' id='block_1_36' title="bbox 242 2668 1891 2741">
    <p class='ocr_par' dir='ltr' id='par_1_36' title="bbox 242 2668 1891 2741">
     <span class='ocr_line' id='line_1_36' title="bbox 242 2668 1891 2741; baseline 0.002 -20"><span class='ocrx_word' id='word_1_237' title='bbox 242 2668 545 2741; x_wconf 63' lang='lat' dir='ltr'>quaefadel</span> <span class='ocrx_word' id='word_1_238' title='bbox 565 2672 877 2741; x_wconf 71' lang='lat' dir='ltr'>caesariem,</span> <span class='ocrx_word' id='word_1_239' title='bbox 902 2674 952 2725; x_wconf 90' lang='lat' dir='ltr'>et</span> <span class='ocrx_word' id='word_1_240' title='bbox 971 2670 1324 2726; x_wconf 84' lang='lat' dir='ltr'>circumcidet</span> <span class='ocrx_word' id='word_1_241' title='bbox 1343 2687 1552 2740; x_wconf 77' lang='lat' dir='ltr'>ungues</span> <span class='ocrx_word' id='word_1_242' title='bbox 1568 2672 1660 2741; x_wconf 91' lang='lat' dir='ltr'>(c).</span> <span class='ocrx_word' id='word_1_243' title='bbox 1687 2671 1765 2725; x_wconf 87' lang='lat' dir='ltr'>En</span> <span class='ocrx_word' id='word_1_244' title='bbox 1785 2672 1891 2741; x_wconf 89' lang='lat' dir='ltr'>igi-</span> 
     </span>
    </p>
   </div>
   <div class='ocr_carea' id='block_1_37' title="bbox 240 2738 1892 2811">
    <p class='ocr_par' dir='ltr' id='par_1_37' title="bbox 240 2738 1892 2811">
     <span class='ocr_line' id='line_1_37' title="bbox 240 2738 1892 2811; baseline 0.004 -19"><span class='ocrx_word' id='word_1_245' title='bbox 240 2738 341 2793; x_wconf 85' lang='lat' dir='ltr'>tur</span> <span class='ocrx_word' id='word_1_246' title='bbox 362 2738 597 2795; x_wconf 90' lang='lat' dir='ltr'>Domini</span> <span class='ocrx_word' id='word_1_247' title='bbox 622 2742 967 2795; x_wconf 84' lang='lat' dir='ltr'>mandatum</span> <span class='ocrx_word' id='word_1_248' title='bbox 991 2742 1061 2796; x_wconf 92' lang='lat' dir='ltr'>de</span> <span class='ocrx_word' id='word_1_249' title='bbox 1078 2743 1392 2811; x_wconf 90' lang='lat' dir='ltr'>tondenda,</span> <span class='ocrx_word' id='word_1_250' title='bbox 1415 2738 1598 2797; x_wconf 84' lang='lat' dir='ltr'>immo</span> <span class='ocrx_word' id='word_1_251' title='bbox 1620 2738 1770 2798; x_wconf 81' lang='lat' dir='ltr'>etde</span> <span class='ocrx_word' id='word_1_252' title='bbox 1792 2738 1892 2798; x_wconf 59' lang='lat' dir='ltr'>ab-</span> 
     </span>
    </p>
   </div>
   <div class='ocr_carea' id='block_1_38' title="bbox 238 2811 1891 2886">
    <p class='ocr_par' dir='ltr' id='par_1_38' title="bbox 238 2811 1891 2886">
     <span class='ocr_line' id='line_1_38' title="bbox 238 2811 1891 2886; baseline 0.002 -22"><span class='ocrx_word' id='word_1_253' title='bbox 238 2811 501 2866; x_wconf 88' lang='lat' dir='ltr'>radenda</span> <span class='ocrx_word' id='word_1_254' title='bbox 527 2817 654 2886; x_wconf 78' lang='lat' dir='ltr'>tota</span> <span class='ocrx_word' id='word_1_255' title='bbox 683 2812 953 2886; x_wconf 83' lang='lat' dir='ltr'>muliebri</span> <span class='ocrx_word' id='word_1_256' title='bbox 986 2828 1168 2868; x_wconf 90' lang='lat' dir='ltr'>coma.</span> <span class='ocrx_word' id='word_1_257' title='bbox 1202 2814 1384 2884; x_wconf 85' lang='lat' dir='ltr'>Cujus</span> <span class='ocrx_word' id='word_1_258' title='bbox 1417 2813 1595 2869; x_wconf 87' lang='lat' dir='ltr'>divini</span> <span class='ocrx_word' id='word_1_259' title='bbox 1618 2814 1891 2886; x_wconf 60' lang='lat' dir='ltr'>pracepti</span> 
     </span>
    </p>
   </div>
   <div class='ocr_carea' id='block_1_39' title="bbox 242 2883 1894 2957">
    <p class='ocr_par' dir='ltr' id='par_1_39' title="bbox 242 2883 1894 2957">
     <span class='ocr_line' id='line_1_39' title="bbox 242 2883 1894 2957; baseline 0.002 -21"><span class='ocrx_word' id='word_1_260' title='bbox 242 2897 459 2937; x_wconf 84' lang='lat' dir='ltr'>causas</span> <span class='ocrx_word' id='word_1_261' title='bbox 490 2883 539 2937; x_wconf 88' lang='lat' dir='ltr'>si</span> <span class='ocrx_word' id='word_1_262' title='bbox 574 2900 679 2939; x_wconf 90' lang='lat' dir='ltr'>nos</span> <span class='ocrx_word' id='word_1_263' title='bbox 701 2883 903 2957; x_wconf 84' lang='lat' dir='ltr'>sedulo</span> <span class='ocrx_word' id='word_1_264' title='bbox 934 2883 1489 2957; x_wconf 85' lang='lat' dir='ltr'>animadvertamus,</span> <span class='ocrx_word' id='word_1_265' title='bbox 1511 2883 1894 2957; x_wconf 79' lang='lat' dir='ltr'>singulasque</span> 
     </span>
    </p>
   </div>
   <div class='ocr_carea' id='block_1_40' title="bbox 244 2954 1891 3081">
    <p class='ocr_par' dir='ltr' id='par_1_40' title="bbox 244 2954 1891 3081">
     <span class='ocr_line' id='line_1_40' title="bbox 244 2954 1891 3081; baseline 0.002 -72"><span class='ocrx_word' id='word_1_266' title='bbox 244 2954 1891 3081; x_wconf 58' lang='lat' dir='ltr'>persequamur,pluresquidemfuisseafﬁrmabimusIId</span> 
     </span>
     <span class='ocr_line' id='line_1_41' title="bbox 244 3027 1891 3081; baseline 0 0"><span class='ocrx_word' id='word_1_267' title='bbox 244 3042 380 3081; x_wconf 77' lang='lat' dir='ltr'>sane</span> <span class='ocrx_word' id='word_1_268' title='bbox 405 3044 440 3081; x_wconf 87' lang='lat' dir='ltr'>n</span> <span class='ocrx_word' id='word_1_269' title='bbox 469 3027 868 3081; x_wconf 87' lang='lat' dir='ltr'>enissimeaue</span> <span class='ocrx_word' id='word_1_270' title='bbox 881 3032 1097 3081; x_wconf 91' lang='lat' dir='ltr'>norunt</span> <span class='ocrx_word' id='word_1_271' title='bbox 1120 3029 1217 3081; x_wconf 91' lang='lat' dir='ltr'>oui</span> <span class='ocrx_word' id='word_1_272' title='bbox 1236 3032 1493 3081; x_wconf 89' lang='lat' dir='ltr'>veterum</span> <span class='ocrx_word' id='word_1_273' title='bbox 1512 3027 1891 3081; x_wconf 89' lang='lat' dir='ltr'>nhilosonho-</span> 
     </span>
    </p>
   </div>
   <div class='ocr_carea' id='block_1_41' title="bbox 234 3027 1892 3100">
    <p class='ocr_par' dir='ltr' id='par_1_41' title="bbox 234 3027 1892 3100">
     <span class='ocr_line' id='line_1_42' title="bbox 234 3027 1892 3100; baseline 0.001 -18"><span class='ocrx_word' id='word_1_274' title='bbox 234 3042 380 3082; x_wconf 89' lang='lat' dir='ltr'>sane</span> <span class='ocrx_word' id='word_1_275' title='bbox 404 3027 868 3100; x_wconf 71' lang='lat' dir='ltr'>planissimeque</span> <span class='ocrx_word' id='word_1_276' title='bbox 881 3032 1097 3083; x_wconf 91' lang='lat' dir='ltr'>norunt</span> <span class='ocrx_word' id='word_1_277' title='bbox 1120 3029 1217 3099; x_wconf 90' lang='lat' dir='ltr'>qui</span> <span class='ocrx_word' id='word_1_278' title='bbox 1236 3032 1493 3084; x_wconf 87' lang='lat' dir='ltr'>veterum</span> <span class='ocrx_word' id='word_1_279' title='bbox 1512 3027 1892 3100; x_wconf 90' lang='lat' dir='ltr'>philosopho-</span> 
     </span>
    </p>
   </div>
   <div class='ocr_carea' id='block_1_42' title="bbox 237 3098 1965 3190">
    <p class='ocr_par' dir='ltr' id='par_1_42' title="bbox 237 3098 1965 3190">
     <span class='ocr_line' id='line_1_43' title="bbox 237 3098 1965 3190; baseline 0.001 -37"><span class='ocrx_word' id='word_1_280' title='bbox 237 3098 616 3190; x_wconf 40' lang='lat' dir='ltr'>rumjs‘erip&#39;ta</span> <span class='ocrx_word' id='word_1_281' title='bbox 638 3098 1092 3190; x_wconf 45' lang='lat' dir='ltr'>lustrarunt.‘Ex.</span> <span class='ocrx_word' id='word_1_282' title='bbox 1116 3098 1333 3190; x_wconf 64' lang='lat' dir='ltr'>qpihus</span> <span class='ocrx_word' id='word_1_283' title='bbox 1363 3098 1643 3190; x_wconf 59' lang='lat' dir='ltr'>docemur</span> <span class='ocrx_word' id='word_1_284' title='bbox 1662 3098 1890 3190; x_wconf 69' lang='lat' dir='ltr'>servilis</span> <span class='ocrx_word' id='word_1_285' title='bbox 1921 3121 1965 3190; x_wconf 68' lang='grc' dir='ltr'>α</span> 
     </span>
    </p>
   </div>
   <div class='ocr_carea' id='block_1_43' title="bbox 234 3170 1889 3242">
    <p class='ocr_par' dir='ltr' id='par_1_43' title="bbox 234 3170 1889 3242">
     <span class='ocr_line' id='line_1_44' title="bbox 234 3170 1889 3242; baseline 0.002 -19"><span class='ocrx_word' id='word_1_286' title='bbox 234 3170 600 3225; x_wconf 89' lang='lat' dir='ltr'>conditionis</span> <span class='ocrx_word' id='word_1_287' title='bbox 627 3177 683 3225; x_wconf 90' lang='lat' dir='ltr'>et</span> <span class='ocrx_word' id='word_1_288' title='bbox 703 3172 1057 3242; x_wconf 84' lang='lat' dir='ltr'>captivitatis</span> <span class='ocrx_word' id='word_1_289' title='bbox 1078 3171 1361 3226; x_wconf 91' lang='lat' dir='ltr'>indicium</span> <span class='ocrx_word' id='word_1_290' title='bbox 1388 3171 1731 3239; x_wconf 88' lang='lat' dir='ltr'>capillorum</span> <span class='ocrx_word' id='word_1_291' title='bbox 1756 3176 1889 3227; x_wconf 89' lang='lat' dir='ltr'>ton-</span> 
     </span>
    </p>
   </div>
   <div class='ocr_carea' id='block_1_44' title="bbox 237 3242 1888 3314">
    <p class='ocr_par' dir='ltr' id='par_1_44' title="bbox 237 3242 1888 3314">
     <span class='ocr_line' id='line_1_45' title="bbox 237 3242 1888 3314; baseline 0.002 -19"><span class='ocrx_word' id='word_1_292' title='bbox 237 3242 467 3314; x_wconf 85' lang='lat' dir='ltr'>sionem</span> <span class='ocrx_word' id='word_1_293' title='bbox 492 3243 841 3314; x_wconf 89' lang='lat' dir='ltr'>quandoque</span> <span class='ocrx_word' id='word_1_294' title='bbox 865 3242 1067 3310; x_wconf 85' lang='lat' dir='ltr'>fuisse,</span> <span class='ocrx_word' id='word_1_295' title='bbox 1088 3248 1149 3298; x_wconf 92' lang='lat' dir='ltr'>ut</span> <span class='ocrx_word' id='word_1_296' title='bbox 1169 3260 1237 3298; x_wconf 83' lang='lat' dir='ltr'>ex</span> <span class='ocrx_word' id='word_1_297' title='bbox 1257 3243 1431 3298; x_wconf 77' lang='lat' dir='ltr'>variis</span> <span class='ocrx_word' id='word_1_298' title='bbox 1452 3244 1888 3314; x_wconf 91' lang='lat' dir='ltr'>Scripturarum</span> 
     </span>
    </p>
   </div>
   <div class='ocr_carea' id='block_1_45' title="bbox 236 3313 1889 3385">
    <p class='ocr_par' dir='ltr' id='par_1_45' title="bbox 236 3313 1889 3385">
     <span class='ocr_line' id='line_1_46' title="bbox 236 3313 1889 3385; baseline 0.002 -20"><span class='ocrx_word' id='word_1_299' title='bbox 236 3313 497 3367; x_wconf 82' lang='lat' dir='ltr'>textibus</span> <span class='ocrx_word' id='word_1_300' title='bbox 515 3314 688 3368; x_wconf 87' lang='lat' dir='ltr'>etiam</span> <span class='ocrx_word' id='word_1_301' title='bbox 712 3313 1064 3384; x_wconf 81' lang='lat' dir='ltr'>cclligimus.</span> <span class='ocrx_word' id='word_1_302' title='bbox 1090 3317 1269 3380; x_wconf 89' lang='lat' dir='ltr'>Quem</span> <span class='ocrx_word' id='word_1_303' title='bbox 1296 3314 1473 3369; x_wconf 84' lang='lat' dir='ltr'>ritum</span> <span class='ocrx_word' id='word_1_304' title='bbox 1497 3313 1746 3385; x_wconf 84' lang='lat' dir='ltr'>gentiles</span> <span class='ocrx_word' id='word_1_305' title='bbox 1768 3332 1889 3370; x_wconf 90' lang='lat' dir='ltr'>ser-</span> 
     </span>
    </p>
   </div>
   <div class='ocr_carea' id='block_1_46' title="bbox 236 3386 1888 3469">
    <p class='ocr_par' dir='ltr' id='par_1_46' title="bbox 236 3386 1888 3469">
     <span class='ocr_line' id='line_1_47' title="bbox 236 3386 1888 3469; baseline 0.002 -32"><span class='ocrx_word' id='word_1_306' title='bbox 236 3400 430 3469; x_wconf 82' lang='lat' dir='ltr'>vasse,</span> <span class='ocrx_word' id='word_1_307' title='bbox 457 3386 665 3469; x_wconf 74' lang='lat' dir='ltr'>prohat</span> <span class='ocrx_word' id='word_1_308' title='bbox 693 3386 1135 3456; x_wconf 81' lang='lat' dir='ltr'>Aristophanes,</span> <span class='ocrx_word' id='word_1_309' title='bbox 1170 3386 1270 3458; x_wconf 92' lang='lat' dir='ltr'>qui</span> <span class='ocrx_word' id='word_1_310' title='bbox 1295 3386 1686 3469; x_wconf 67' lang='lat' dir='ltr'>admiratione</span> <span class='ocrx_word' id='word_1_311' title='bbox 1711 3386 1888 3469; x_wconf 65' lang='lat' dir='ltr'>quasi</span> 
     </span>
    </p>
   </div>
   <div class='ocr_carea' id='block_1_47' title="bbox 237 3456 1887 3527">
    <p class='ocr_par' dir='ltr' id='par_1_47' title="bbox 237 3456 1887 3527">
     <span class='ocr_line' id='line_1_48' title="bbox 237 3456 1887 3527; baseline 0.002 -18"><span class='ocrx_word' id='word_1_312' title='bbox 237 3460 450 3527; x_wconf 88' lang='lat' dir='ltr'>captus</span> <span class='ocrx_word' id='word_1_313' title='bbox 484 3456 718 3511; x_wconf 87' lang='lat' dir='ltr'>cuidam</span> <span class='ocrx_word' id='word_1_314' title='bbox 750 3474 915 3512; x_wconf 90' lang='lat' dir='ltr'>servo</span> <span class='ocrx_word' id='word_1_315' title='bbox 948 3456 1485 3513; x_wconf 44' lang='lat' dir='ltr'>comam—nutrienti</span> <span class='ocrx_word' id='word_1_316' title='bbox 1520 3457 1657 3513; x_wconf 91' lang='lat' dir='ltr'>olim</span> <span class='ocrx_word' id='word_1_317' title='bbox 1694 3456 1841 3512; x_wconf 84' lang='lat' dir='ltr'>dixit</span> <span class='ocrx_word' id='word_1_318' title='bbox 1873 3474 1887 3513; x_wconf 91' lang='lat'><strong>:</strong></span> 
     </span>
    </p>
   </div>
   <div class='ocr_carea' id='block_1_48' title="bbox 239 3526 1888 3611">
    <p class='ocr_par' dir='ltr' id='par_1_48' title="bbox 239 3526 1888 3611">
     <span class='ocr_line' id='line_1_49' title="bbox 239 3526 1888 3611; baseline 0.002 -29"><span class='ocrx_word' id='word_1_319' title='bbox 239 3526 445 3611; x_wconf 69' lang='lat' dir='ltr'>servus</span> <span class='ocrx_word' id='word_1_320' title='bbox 461 3544 599 3611; x_wconf 53' lang='lat' dir='ltr'>eum</span> <span class='ocrx_word' id='word_1_321' title='bbox 627 3530 702 3583; x_wconf 84' lang='lat' dir='ltr'>sis</span> <span class='ocrx_word' id='word_1_322' title='bbox 721 3544 929 3609; x_wconf 75' lang='lat' dir='ltr'>eomam</span> <span class='ocrx_word' id='word_1_323' title='bbox 950 3532 1131 3610; x_wconf 75' lang='lat' dir='ltr'>nutris</span> <span class='ocrx_word' id='word_1_324' title='bbox 1153 3534 1177 3582; x_wconf 72' lang='lat'>.9</span> <span class='ocrx_word' id='word_1_325' title='bbox 1205 3529 1561 3611; x_wconf 76' lang='lat' dir='ltr'>Capiliorum</span> <span class='ocrx_word' id='word_1_326' title='bbox 1593 3530 1733 3585; x_wconf 87' lang='lat' dir='ltr'>item</span> <span class='ocrx_word' id='word_1_327' title='bbox 1756 3534 1888 3611; x_wconf 71' lang='lat' dir='ltr'>ton-</span> 
     </span>
    </p>
   </div>
   <div class='ocr_carea' id='block_1_49' title="bbox 236 3598 1889 3673">
    <p class='ocr_par' dir='ltr' id='par_1_49' title="bbox 236 3598 1889 3673">
     <span class='ocr_line' id='line_1_50' title="bbox 236 3598 1889 3673; baseline 0.002 -20"><span class='ocrx_word' id='word_1_328' title='bbox 236 3598 322 3653; x_wconf 90' lang='lat' dir='ltr'>sio</span> <span class='ocrx_word' id='word_1_329' title='bbox 339 3599 675 3673; x_wconf 76' lang='lat' dir='ltr'>multorum</span> <span class='ocrx_word' id='word_1_330' title='bbox 708 3600 827 3656; x_wconf 91' lang='lat' dir='ltr'>sive</span> <span class='ocrx_word' id='word_1_331' title='bbox 858 3600 1189 3673; x_wconf 85' lang='lat' dir='ltr'>graviorum</span> <span class='ocrx_word' id='word_1_332' title='bbox 1212 3598 1534 3673; x_wconf 85' lang='lat' dir='ltr'>criminum</span> <span class='ocrx_word' id='word_1_333' title='bbox 1568 3618 1737 3673; x_wconf 74' lang='lat' dir='ltr'>poena</span> <span class='ocrx_word' id='word_1_334' title='bbox 1759 3602 1889 3666; x_wconf 83' lang='lat' dir='ltr'>fuit,</span> 
     </span>
    </p>
   </div>
   <div class='ocr_carea' id='block_1_50' title="bbox 238 3670 1891 3745">
    <p class='ocr_par' dir='ltr' id='par_1_50' title="bbox 238 3670 1891 3745">
     <span class='ocr_line' id='line_1_51' title="bbox 238 3670 1891 3745; baseline 0.001 -20"><span class='ocrx_word' id='word_1_335' title='bbox 238 3670 535 3745; x_wconf 80' lang='lat' dir='ltr'>scribente</span> <span class='ocrx_word' id='word_1_336' title='bbox 567 3671 741 3745; x_wconf 90' lang='lat' dir='ltr'>etiam</span> <span class='ocrx_word' id='word_1_337' title='bbox 791 3670 1089 3745; x_wconf 83' lang='lat' dir='ltr'>Apostolo,</span> <span class='ocrx_word' id='word_1_338' title='bbox 1122 3690 1175 3739; x_wconf 83' lang='grc' dir='ltr'>ν,</span> <span class='ocrx_word' id='word_1_339' title='bbox 1211 3671 1428 3745; x_wconf 87' lang='lat' dir='ltr'>laudati</span> <span class='ocrx_word' id='word_1_340' title='bbox 1482 3670 1609 3745; x_wconf 82' lang='lat' dir='ltr'>cap.</span> <span class='ocrx_word' id='word_1_341' title='bbox 1647 3699 1659 3729; x_wconf 88' lang='lat'><strong>:</strong></span> <span class='ocrx_word' id='word_1_342' title='bbox 1694 3673 1891 3745; x_wconf 71' lang='lat' dir='ltr'>Sinon</span> 
     </span>
    </p>
   </div>
   <div class='ocr_carea' id='block_1_51' title="bbox 235 3742 1888 3814">
    <p class='ocr_par' dir='ltr' id='par_1_51' title="bbox 235 3742 1888 3814">
     <span class='ocr_line' id='line_1_52' title="bbox 235 3742 1888 3814; baseline 0.002 -19"><span class='ocrx_word' id='word_1_343' title='bbox 235 3742 454 3814; x_wconf 71' lang='lat' dir='ltr'>uelatur</span> <span class='ocrx_word' id='word_1_344' title='bbox 471 3744 699 3807; x_wconf 88' lang='lat' dir='ltr'>mulier,</span> <span class='ocrx_word' id='word_1_345' title='bbox 724 3742 1035 3811; x_wconf 79' lang='lat' dir='ltr'>tondeatur,</span> <span class='ocrx_word' id='word_1_346' title='bbox 1060 3744 1228 3814; x_wconf 88' lang='lat' dir='ltr'>quasi</span> <span class='ocrx_word' id='word_1_347' title='bbox 1254 3749 1316 3799; x_wconf 93' lang='lat' dir='ltr'>ut</span> <span class='ocrx_word' id='word_1_348' title='bbox 1336 3744 1393 3799; x_wconf 92' lang='lat' dir='ltr'>in</span> <span class='ocrx_word' id='word_1_349' title='bbox 1418 3742 1647 3814; x_wconf 77' lang='lat' dir='ltr'>poenam</span> <span class='ocrx_word' id='word_1_350' title='bbox 1667 3744 1888 3799; x_wconf 70' lang='lat' dir='ltr'>violatas</span> 
     </span>
    </p>
   </div>
   <div class='ocr_carea' id='block_1_52' title="bbox 237 3812 1889 3887">
    <p class='ocr_par' dir='ltr' id='par_1_52' title="bbox 237 3812 1889 3887">
     <span class='ocr_line' id='line_1_53' title="bbox 237 3812 1889 3887; baseline 0.003 -20"><span class='ocrx_word' id='word_1_351' title='bbox 237 3812 382 3887; x_wconf 83' lang='lat' dir='ltr'>legis</span> <span class='ocrx_word' id='word_1_352' title='bbox 414 3814 487 3868; x_wconf 89' lang='lat' dir='ltr'>de</span> <span class='ocrx_word' id='word_1_353' title='bbox 507 3815 799 3887; x_wconf 69' lang='lat' dir='ltr'>gestando</span> <span class='ocrx_word' id='word_1_354' title='bbox 831 3812 1348 3887; x_wconf 76' lang='lat' dir='ltr'>velaminemulier</span> <span class='ocrx_word' id='word_1_355' title='bbox 1376 3812 1504 3887; x_wconf 83' lang='lat' dir='ltr'>ipsa</span> <span class='ocrx_word' id='word_1_356' title='bbox 1536 3816 1762 3871; x_wconf 88' lang='lat' dir='ltr'>tonderi</span> <span class='ocrx_word' id='word_1_357' title='bbox 1786 3818 1889 3872; x_wconf 86' lang='lat' dir='ltr'>de-</span> 
     </span>
    </p>
   </div>
   <div class='ocr_carea' id='block_1_53' title="bbox 235 3883 1889 3943">
    <p class='ocr_par' dir='ltr' id='par_1_53' title="bbox 235 3883 1889 3943">
     <span class='ocr_line' id='line_1_54' title="bbox 235 3883 1889 3943; baseline 0.004 -6"><span class='ocrx_word' id='word_1_358' title='bbox 235 3883 373 3938; x_wconf 88' lang='lat' dir='ltr'>beat</span> <span class='ocrx_word' id='word_1_359' title='bbox 400 3888 459 3938; x_wconf 90' lang='lat' dir='ltr'>et</span> <span class='ocrx_word' id='word_1_360' title='bbox 489 3884 798 3940; x_wconf 90' lang='lat' dir='ltr'>decalvari.</span> <span class='ocrx_word' id='word_1_361' title='bbox 844 3886 951 3941; x_wconf 90' lang='lat' dir='ltr'>Sed</span> <span class='ocrx_word' id='word_1_362' title='bbox 988 3892 1044 3941; x_wconf 87' lang='lat' dir='ltr'>et</span> <span class='ocrx_word' id='word_1_363' title='bbox 1075 3886 1188 3942; x_wconf 90' lang='lat' dir='ltr'>alia</span> <span class='ocrx_word' id='word_1_364' title='bbox 1219 3883 1468 3941; x_wconf 80' lang='lat' dir='ltr'>crimina</span> <span class='ocrx_word' id='word_1_365' title='bbox 1497 3888 1760 3942; x_wconf 89' lang='lat' dir='ltr'>eamdem</span> <span class='ocrx_word' id='word_1_366' title='bbox 1790 3889 1889 3943; x_wconf 88' lang='lat' dir='ltr'>de-</span> 
     </span>
    </p>
   </div>
   <div class='ocr_carea' id='block_1_54' title="bbox 232 3954 1887 4028">
    <p class='ocr_par' dir='ltr' id='par_1_54' title="bbox 232 3954 1887 4028">
     <span class='ocr_line' id='line_1_55' title="bbox 232 3954 1887 4028; baseline 0.003 -20"><span class='ocrx_word' id='word_1_367' title='bbox 232 3954 586 4028; x_wconf 77' lang='lat' dir='ltr'>calvationis</span> <span class='ocrx_word' id='word_1_368' title='bbox 619 3973 849 4028; x_wconf 80' lang='lat' dir='ltr'>pcenam</span> <span class='ocrx_word' id='word_1_369' title='bbox 895 3958 1169 4025; x_wconf 89' lang='lat' dir='ltr'>subiisse,</span> <span class='ocrx_word' id='word_1_370' title='bbox 1203 3976 1315 4013; x_wconf 91' lang='lat' dir='ltr'>non</span> <span class='ocrx_word' id='word_1_371' title='bbox 1356 3962 1582 4014; x_wconf 90' lang='lat' dir='ltr'>tantum</span> <span class='ocrx_word' id='word_1_372' title='bbox 1616 3975 1684 4013; x_wconf 88' lang='lat' dir='ltr'>ex</span> <span class='ocrx_word' id='word_1_373' title='bbox 1712 3959 1887 4013; x_wconf 84' lang='lat' dir='ltr'>variis</span> 
     </span>
    </p>
   </div>
   <div class='ocr_carea' id='block_1_55' title="bbox 231 4026 1887 4102">
    <p class='ocr_par' dir='ltr' id='par_1_55' title="bbox 231 4026 1887 4102">
     <span class='ocr_line' id='line_1_56' title="bbox 231 4026 1887 4102; baseline 0.003 -22"><span class='ocrx_word' id='word_1_374' title='bbox 231 4026 674 4102; x_wconf 78' lang='lat' dir='ltr'>Scripturarum</span> <span class='ocrx_word' id='word_1_375' title='bbox 706 4028 872 4102; x_wconf 88' lang='lat' dir='ltr'>locis,</span> <span class='ocrx_word' id='word_1_376' title='bbox 906 4029 1006 4084; x_wconf 90' lang='lat' dir='ltr'>sed</span> <span class='ocrx_word' id='word_1_377' title='bbox 1039 4046 1107 4085; x_wconf 80' lang='lat' dir='ltr'>ex</span> <span class='ocrx_word' id='word_1_378' title='bbox 1150 4029 1418 4102; x_wconf 85' lang='lat' dir='ltr'>civilibus</span> <span class='ocrx_word' id='word_1_379' title='bbox 1472 4029 1701 4102; x_wconf 82' lang='lat' dir='ltr'>legibus</span> <span class='ocrx_word' id='word_1_380' title='bbox 1733 4031 1887 4102; x_wconf 91' lang='lat' dir='ltr'>apud</span> 
     </span>
    </p>
   </div>
   <div class='ocr_carea' id='block_1_56' title="bbox 235 4096 1887 4172">
    <p class='ocr_par' dir='ltr' id='par_1_56' title="bbox 235 4096 1887 4172">
     <span class='ocr_line' id='line_1_57' title="bbox 235 4096 1887 4172; baseline 0.002 -19"><span class='ocrx_word' id='word_1_381' title='bbox 235 4096 581 4172; x_wconf 81' lang='lat' dir='ltr'>Ulpianum,</span> <span class='ocrx_word' id='word_1_382' title='bbox 630 4100 1060 4172; x_wconf 79' lang='lat' dir='ltr'>Justinianum,</span> <span class='ocrx_word' id='word_1_383' title='bbox 1092 4101 1358 4157; x_wconf 87' lang='lat' dir='ltr'>Tacitum</span> <span class='ocrx_word' id='word_1_384' title='bbox 1409 4096 1887 4172; x_wconf 51' lang='lat' dir='ltr'>colligimus-Ad</span> 
     </span>
    </p>
   </div>
   <div class='ocr_carea' id='block_1_57' title="bbox 233 4170 1891 4240">
    <p class='ocr_par' dir='ltr' id='par_1_57' title="bbox 233 4170 1891 4240">
     <span class='ocr_line' id='line_1_58' title="bbox 233 4170 1891 4240; baseline 0.003 -17"><span class='ocrx_word' id='word_1_385' title='bbox 233 4185 413 4240; x_wconf 89' lang='lat' dir='ltr'>quem</span> <span class='ocrx_word' id='word_1_386' title='bbox 448 4170 624 4226; x_wconf 89' lang='lat' dir='ltr'>ritum</span> <span class='ocrx_word' id='word_1_387' title='bbox 656 4171 996 4227; x_wconf 84' lang='lat' dir='ltr'>Juvenalem</span> <span class='ocrx_word' id='word_1_388' title='bbox 1043 4170 1299 4228; x_wconf 86' lang='lat' dir='ltr'>alludere</span> <span class='ocrx_word' id='word_1_389' title='bbox 1348 4170 1605 4228; x_wconf 79' lang='lat' dir='ltr'>voluisse</span> <span class='ocrx_word' id='word_1_390' title='bbox 1636 4171 1891 4228; x_wconf 90' lang='lat' dir='ltr'>arbitror</span> 
     </span>
    </p>
   </div>
   <div class='ocr_carea' id='block_1_58' title="bbox 234 4241 1059 4315">
    <p class='ocr_par' dir='ltr' id='par_1_58' title="bbox 234 4241 1059 4315">
     <span class='ocr_line' id='line_1_59' title="bbox 234 4241 1059 4315; baseline 0.002 -19"><span class='ocrx_word' id='word_1_391' title='bbox 234 4241 423 4297; x_wconf 88' lang='lat' dir='ltr'>satira</span> <span class='ocrx_word' id='word_1_392' title='bbox 452 4242 507 4310; x_wconf 90' lang='lat'>5,</span> <span class='ocrx_word' id='word_1_393' title='bbox 541 4242 640 4315; x_wconf 87' lang='lat' dir='ltr'>qui</span> <span class='ocrx_word' id='word_1_394' title='bbox 674 4243 909 4315; x_wconf 88' lang='lat' dir='ltr'>scripsit</span> <span class='ocrx_word' id='word_1_395' title='bbox 940 4244 1018 4315; x_wconf 79' lang='grc' dir='ltr'>(ά)</span> <span class='ocrx_word' id='word_1_396' title='bbox 1046 4260 1059 4298; x_wconf 91' lang='lat'><strong>:</strong></span> 
     </span>
    </p>
   </div>
   <div class='ocr_carea' id='block_1_59' title="bbox 864 4358 1650 4408">
    <p class='ocr_par' dir='ltr' id='par_1_59' title="bbox 864 4358 1650 4408">
     <span class='ocr_line' id='line_1_60' title="bbox 864 4358 1650 4408; baseline 0.004 -3"><span class='ocrx_word' id='word_1_397' title='bbox 864 4358 1269 4408; x_wconf 85' lang='lat' dir='ltr'>....Pulsandum</span> <span class='ocrx_word' id='word_1_398' title='bbox 1299 4359 1498 4408; x_wconf 84' lang='lat' dir='ltr'>vertice</span> <span class='ocrx_word' id='word_1_399' title='bbox 1530 4372 1650 4408; x_wconf 87' lang='lat' dir='ltr'>raso</span> 
     </span>
    </p>
   </div>
   <div class='ocr_carea' id='block_1_60' title="bbox 362 4418 1719 4484">
    <p class='ocr_par' dir='ltr' id='par_1_60' title="bbox 362 4418 1719 4484">
     <span class='ocr_line' id='line_1_61' title="bbox 362 4418 1719 4484; baseline 0.002 -16"><span class='ocrx_word' id='word_1_400' title='bbox 362 4418 627 4484; x_wconf 61' lang='lat' dir='ltr'>Erebebit</span> <span class='ocrx_word' id='word_1_401' title='bbox 656 4419 983 4484; x_wconf 88' lang='lat' dir='ltr'>quandoque</span> <span class='ocrx_word' id='word_1_402' title='bbox 1014 4426 1190 4484; x_wconf 89' lang='lat' dir='ltr'>caput,</span> <span class='ocrx_word' id='word_1_403' title='bbox 1221 4436 1321 4471; x_wconf 84' lang='lat' dir='ltr'>nec</span> <span class='ocrx_word' id='word_1_404' title='bbox 1350 4421 1482 4470; x_wconf 89' lang='lat' dir='ltr'>dura</span> <span class='ocrx_word' id='word_1_405' title='bbox 1512 4421 1719 4471; x_wconf 85' lang='lat' dir='ltr'>timebit</span> 
     </span>
    </p>
   </div>
   <div class='ocr_carea' id='block_1_61' title="bbox 362 4481 717 4546">
    <p class='ocr_par' dir='ltr' id='par_1_61' title="bbox 362 4481 717 4546">
     <span class='ocr_line' id='line_1_62' title="bbox 362 4481 717 4546; baseline 0.008 -17"><span class='ocrx_word' id='word_1_406' title='bbox 362 4481 559 4545; x_wconf 65' lang='lat' dir='ltr'>Flagra</span> <span class='ocrx_word' id='word_1_407' title='bbox 588 4481 717 4546; x_wconf 81' lang='lat' dir='ltr'>pati.</span> 
     </span>
    </p>
   </div>
   <div class='ocr_carea' id='block_1_62' title="bbox 303 4597 1891 4673">
    <p class='ocr_par' dir='ltr' id='par_1_62' title="bbox 303 4597 1891 4673">
     <span class='ocr_line' id='line_1_63' title="bbox 303 4597 1891 4673; baseline 0.003 -20"><span class='ocrx_word' id='word_1_408' title='bbox 303 4598 505 4673; x_wconf 82' lang='lat' dir='ltr'>Tertia</span> <span class='ocrx_word' id='word_1_409' title='bbox 532 4616 664 4673; x_wconf 83' lang='lat' dir='ltr'>vero</span> <span class='ocrx_word' id='word_1_410' title='bbox 693 4597 855 4673; x_wconf 82' lang='lat' dir='ltr'>illius</span> <span class='ocrx_word' id='word_1_411' title='bbox 874 4598 1054 4673; x_wconf 82' lang='lat' dir='ltr'>divini</span> <span class='ocrx_word' id='word_1_412' title='bbox 1076 4600 1342 4673; x_wconf 74' lang='lat' dir='ltr'>praecepti</span> <span class='ocrx_word' id='word_1_413' title='bbox 1372 4601 1679 4673; x_wconf 10' lang='lat' dir='ltr'>ratiofesse</span> <span class='ocrx_word' id='word_1_414' title='bbox 1700 4600 1891 4672; x_wconf 90' lang='lat' dir='ltr'>potuit</span> 
     </span>
    </p>
   </div>
   <div class='ocr_carea' id='block_1_63' title="bbox 233 4670 1891 4757">
    <p class='ocr_par' dir='ltr' id='par_1_63' title="bbox 233 4670 1891 4757">
     <span class='ocr_line' id='line_1_64' title="bbox 233 4670 1891 4757; baseline 0.003 -34"><span class='ocrx_word' id='word_1_415' title='bbox 233 4670 528 4757; x_wconf 74' lang='lat' dir='ltr'>naturalis</span> <span class='ocrx_word' id='word_1_416' title='bbox 560 4670 1016 4757; x_wconf 68' lang='lat' dir='ltr'>pulchritudinis</span> <span class='ocrx_word' id='word_1_417' title='bbox 1048 4670 1396 4757; x_wconf 45' lang='lat' dir='ltr'>deturpatio:</span> <span class='ocrx_word' id='word_1_418' title='bbox 1423 4678 1499 4728; x_wconf 90' lang='lat' dir='ltr'>De</span> <span class='ocrx_word' id='word_1_419' title='bbox 1530 4670 1891 4757; x_wconf 44' lang='lat' dir='ltr'>bacnp&#39;ariter</span> 
     </span>
    </p>
   </div>
   <div class='ocr_carea' id='block_1_64' title="bbox 230 4741 1894 4813">
    <p class='ocr_par' dir='ltr' id='par_1_64' title="bbox 230 4741 1894 4813">
     <span class='ocr_line' id='line_1_65' title="bbox 230 4741 1894 4813; baseline 0.003 -18"><span class='ocrx_word' id='word_1_420' title='bbox 230 4741 787 4812; x_wconf 29' lang='lat' dir='ltr'>Apostolus’eodem</span> <span class='ocrx_word' id='word_1_421' title='bbox 813 4743 1023 4813; x_wconf 86' lang='lat' dir='ltr'>capitis</span> <span class='ocrx_word' id='word_1_422' title='bbox 1044 4741 1463 4800; x_wconf 89' lang='lat' dir='ltr'>versulocutus</span> <span class='ocrx_word' id='word_1_423' title='bbox 1495 4751 1602 4800; x_wconf 89' lang='lat' dir='ltr'>est.</span> <span class='ocrx_word' id='word_1_424' title='bbox 1625 4741 1688 4800; x_wconf 86' lang='lat' dir='ltr'>Si</span> <span class='ocrx_word' id='word_1_425' title='bbox 1705 4754 1894 4800; x_wconf 87' lang='lat' dir='ltr'>autem</span> 
     </span>
    </p>
   </div>
   <div class='ocr_carea' id='block_1_65' title="bbox 235 4813 1893 4887">
    <p class='ocr_par' dir='ltr' id='par_1_65' title="bbox 235 4813 1893 4887">
     <span class='ocr_line' id='line_1_66' title="bbox 235 4813 1893 4887; baseline 0.002 -20"><span class='ocrx_word' id='word_1_426' title='bbox 235 4820 397 4884; x_wconf 82' lang='lat' dir='ltr'>turpe</span> <span class='ocrx_word' id='word_1_427' title='bbox 428 4817 505 4887; x_wconf 83' lang='lat' dir='ltr'>est</span> <span class='ocrx_word' id='word_1_428' title='bbox 533 4816 766 4887; x_wconf 74' lang='lat' dir='ltr'>mulieri</span> <span class='ocrx_word' id='word_1_429' title='bbox 795 4813 1165 4887; x_wconf 26' lang='lat' dir='ltr'>tonderesaut</span> <span class='ocrx_word' id='word_1_430' title='bbox 1215 4815 1530 4879; x_wconf 77' lang='lat' dir='ltr'>decalvari.</span> <span class='ocrx_word' id='word_1_431' title='bbox 1562 4818 1701 4871; x_wconf 86' lang='lat' dir='ltr'>velet</span> <span class='ocrx_word' id='word_1_432' title='bbox 1729 4820 1893 4887; x_wconf 84' lang='lat' dir='ltr'>caput</span> 
     </span>
    </p>
   </div>
   <div class='ocr_carea' id='block_1_66' title="bbox 233 4884 1891 4959">
    <p class='ocr_par' dir='ltr' id='par_1_66' title="bbox 233 4884 1891 4959">
     <span class='ocr_line' id='line_1_67' title="bbox 233 4884 1891 4959; baseline 0.002 -21"><span class='ocrx_word' id='word_1_433' title='bbox 233 4900 439 4959; x_wconf 33' lang='lat' dir='ltr'>suums</span> <span class='ocrx_word' id='word_1_434' title='bbox 469 4886 577 4959; x_wconf 82' lang='lat' dir='ltr'>Sed</span> <span class='ocrx_word' id='word_1_435' title='bbox 613 4887 683 4941; x_wconf 87' lang='lat' dir='ltr'>de</span> <span class='ocrx_word' id='word_1_436' title='bbox 724 4886 833 4941; x_wconf 89' lang='lat' dir='ltr'>hac</span> <span class='ocrx_word' id='word_1_437' title='bbox 866 4884 1136 4959; x_wconf 84' lang='lat' dir='ltr'>muliebri</span> <span class='ocrx_word' id='word_1_438' title='bbox 1186 4888 1549 4959; x_wconf 88' lang='lat' dir='ltr'>turpitudine</span> <span class='ocrx_word' id='word_1_439' title='bbox 1596 4884 1891 4959; x_wconf 86' lang='lat' dir='ltr'>imprimis</span> 
     </span>
    </p>
   </div>
   <div class='ocr_carea' id='block_1_67' title="bbox 234 4955 1890 5042">
    <p class='ocr_par' dir='ltr' id='par_1_67' title="bbox 234 4955 1890 5042">
     <span class='ocr_line' id='line_1_68' title="bbox 234 4955 1890 5042; baseline 0.002 -33"><span class='ocrx_word' id='word_1_440' title='bbox 234 4955 632 5042; x_wconf 54' lang='lat' dir='ltr'>disertiusss:</span> <span class='ocrx_word' id='word_1_441' title='bbox 667 4961 867 5040; x_wconf 79' lang='lat' dir='ltr'>Patres</span> <span class='ocrx_word' id='word_1_442' title='bbox 889 4955 1322 5042; x_wconf 69' lang='lat' dir='ltr'>disseruerunt.</span> <span class='ocrx_word' id='word_1_443' title='bbox 1343 4959 1496 5023; x_wconf 91' lang='lat' dir='ltr'>Quos</span> <span class='ocrx_word' id='word_1_444' title='bbox 1519 4959 1671 5042; x_wconf 82' lang='lat' dir='ltr'>inter</span> <span class='ocrx_word' id='word_1_445' title='bbox 1687 4955 1890 5042; x_wconf 62' lang='lat' dir='ltr'>Hiero-</span> 
     </span>
    </p>
   </div>
   <div class='ocr_carea' id='block_1_68' title="bbox 234 5029 1893 5175">
    <p class='ocr_par' dir='ltr' id='par_1_68' title="bbox 234 5029 1893 5175">
     <span class='ocr_line' id='line_1_69' title="bbox 234 5029 1892 5113; baseline 0.002 -32"><span class='ocrx_word' id='word_1_446' title='bbox 234 5043 475 5111; x_wconf 45' lang='lat' dir='ltr'>nimus,</span> <span class='ocrx_word' id='word_1_447' title='bbox 498 5029 1240 5112; x_wconf 76' lang='lat' dir='ltr'>Ambrosius.Augustinus</span> <span class='ocrx_word' id='word_1_448' title='bbox 1255 5032 1604 5113; x_wconf 74' lang='lat' dir='ltr'>(e),quorum</span> <span class='ocrx_word' id='word_1_449' title='bbox 1623 5030 1892 5085; x_wconf 89' lang='lat' dir='ltr'>testimo-</span> 
     </span>
     <span class='ocr_line' id='line_1_70' title="bbox 238 5101 1893 5175; baseline 0.001 -22"><span class='ocrx_word' id='word_1_450' title='bbox 238 5115 369 5175; x_wconf 71' lang='lat' dir='ltr'>niis</span> <span class='ocrx_word' id='word_1_451' title='bbox 401 5102 685 5175; x_wconf 80' lang='lat' dir='ltr'>Baronlus</span> <span class='ocrx_word' id='word_1_452' title='bbox 714 5118 772 5155; x_wconf 78' lang='lat' dir='ltr'>in</span> <span class='ocrx_word' id='word_1_453' title='bbox 804 5101 1214 5175; x_wconf 81' lang='lat' dir='ltr'>Martyrologio</span> <span class='ocrx_word' id='word_1_454' title='bbox 1260 5102 1501 5175; x_wconf 71' lang='lat' dir='ltr'>insistit,</span> <span class='ocrx_word' id='word_1_455' title='bbox 1535 5102 1605 5157; x_wconf 92' lang='lat' dir='ltr'>ad</span> <span class='ocrx_word' id='word_1_456' title='bbox 1638 5101 1893 5175; x_wconf 30' lang='lat' dir='ltr'>diem‘20</span> 
     </span>
    </p>
   </div>
   <div class='ocr_carea' id='block_1_69' title="bbox 236 5170 1890 5244">
    <p class='ocr_par' dir='ltr' id='par_1_69' title="bbox 236 5170 1890 5244">
     <span class='ocr_line' id='line_1_71' title="bbox 236 5170 1890 5244; baseline 0.002 -19"><span class='ocrx_word' id='word_1_457' title='bbox 236 5170 623 5244; x_wconf 80' lang='lat' dir='ltr'>Septembris,</span> <span class='ocrx_word' id='word_1_458' title='bbox 658 5176 873 5227; x_wconf 84' lang='lat' dir='ltr'>sanctae</span> <span class='ocrx_word' id='word_1_459' title='bbox 909 5170 1391 5243; x_wconf 56' lang='lat' dir='ltr'>Faustaa&#39;virginis</span> <span class='ocrx_word' id='word_1_460' title='bbox 1424 5170 1767 5244; x_wconf 83' lang='lat' dir='ltr'>martyrium</span> <span class='ocrx_word' id='word_1_461' title='bbox 1792 5172 1890 5228; x_wconf 85' lang='lat' dir='ltr'>de-</span> 
     </span>
    </p>
   </div>
   <div class='ocr_carea' id='block_1_70' title="bbox 235 5242 1892 5316">
    <p class='ocr_par' dir='ltr' id='par_1_70' title="bbox 235 5242 1892 5316">
     <span class='ocr_line' id='line_1_72' title="bbox 235 5242 1892 5316; baseline 0.002 -21"><span class='ocrx_word' id='word_1_462' title='bbox 235 5242 524 5298; x_wconf 84' lang='lat' dir='ltr'>scribens.</span> <span class='ocrx_word' id='word_1_463' title='bbox 550 5247 690 5299; x_wconf 88' lang='lat' dir='ltr'>Eam</span> <span class='ocrx_word' id='word_1_464' title='bbox 706 5260 939 5316; x_wconf 85' lang='lat' dir='ltr'>quoque</span> <span class='ocrx_word' id='word_1_465' title='bbox 954 5242 1384 5316; x_wconf 87' lang='lat' dir='ltr'>turpitudinem</span> <span class='ocrx_word' id='word_1_466' title='bbox 1407 5242 1630 5315; x_wconf 79' lang='lat' dir='ltr'>profani</span> <span class='ocrx_word' id='word_1_467' title='bbox 1648 5244 1892 5315; x_wconf 89' lang='lat' dir='ltr'>scripto-</span> 
     </span>
    </p>
   </div>
   <div class='ocr_carea' id='block_1_71' title="bbox 235 5316 1891 5388">
    <p class='ocr_par' dir='ltr' id='par_1_71' title="bbox 235 5316 1891 5388">
     <span class='ocr_line' id='line_1_73' title="bbox 235 5316 1891 5388; baseline 0.003 -21"><span class='ocrx_word' id='word_1_468' title='bbox 235 5329 328 5371; x_wconf 86' lang='lat' dir='ltr'>res</span> <span class='ocrx_word' id='word_1_469' title='bbox 358 5322 737 5387; x_wconf 86' lang='lat' dir='ltr'>exaggerant,</span> <span class='ocrx_word' id='word_1_470' title='bbox 771 5320 837 5371; x_wconf 91' lang='lat' dir='ltr'>ut</span> <span class='ocrx_word' id='word_1_471' title='bbox 867 5317 1064 5373; x_wconf 90' lang='lat' dir='ltr'>videre</span> <span class='ocrx_word' id='word_1_472' title='bbox 1096 5322 1186 5373; x_wconf 90' lang='lat' dir='ltr'>est</span> <span class='ocrx_word' id='word_1_473' title='bbox 1216 5318 1371 5387; x_wconf 89' lang='lat' dir='ltr'>apud</span> <span class='ocrx_word' id='word_1_474' title='bbox 1399 5316 1737 5388; x_wconf 86' lang='lat' dir='ltr'>Apuleium,</span> <span class='ocrx_word' id='word_1_475' title='bbox 1759 5319 1891 5372; x_wconf 84' lang='lat' dir='ltr'>Sta-</span> 
     </span>
    </p>
   </div>
   <div class='ocr_carea' id='block_1_72' title="bbox 310 5488 1765 5563">
    <p class='ocr_par' dir='ltr' id='par_1_72' title="bbox 310 5488 1765 5563">
     <span class='ocr_line' id='line_1_74' title="bbox 310 5488 1765 5563; baseline 0.003 -20"><span class='ocrx_word' id='word_1_476' title='bbox 310 5489 384 5563; x_wconf 75' lang='lat' dir='ltr'>(al</span> <span class='ocrx_word' id='word_1_477' title='bbox 417 5488 832 5563; x_wconf 69' lang='lat' dir='ltr'>&#39;i‘ertullianus,</span> <span class='ocrx_word' id='word_1_478' title='bbox 858 5490 962 5545; x_wconf 92' lang='lat' dir='ltr'>lib.</span> <span class='ocrx_word' id='word_1_479' title='bbox 998 5491 1069 5546; x_wconf 91' lang='lat' dir='ltr'>de</span> <span class='ocrx_word' id='word_1_480' title='bbox 1098 5491 1379 5548; x_wconf 89' lang='lat' dir='ltr'>Velandis</span> <span class='ocrx_word' id='word_1_481' title='bbox 1408 5490 1765 5563; x_wconf 85' lang='lat' dir='ltr'>Virginibus.</span> 
     </span>
    </p>
   </div>
   <div class='ocr_carea' id='block_1_73' title="bbox 313 5558 1167 5634">
    <p class='ocr_par' dir='ltr' id='par_1_73' title="bbox 313 5558 1167 5634">
     <span class='ocr_line' id='line_1_75' title="bbox 313 5558 1167 5634; baseline 0.004 -19"><span class='ocrx_word' id='word_1_482' title='bbox 313 5558 390 5634; x_wconf 9' lang='lat' dir='ltr'>(rb)</span> <span class='ocrx_word' id='word_1_483' title='bbox 425 5561 855 5634; x_wconf 82' lang='lat' dir='ltr'>Deuteronomii</span> <span class='ocrx_word' id='word_1_484' title='bbox 891 5579 1018 5634; x_wconf 91' lang='lat' dir='ltr'>cap.</span> <span class='ocrx_word' id='word_1_485' title='bbox 1056 5580 1167 5618; x_wconf 71' lang='lat' dir='ltr'>xxx.</span> 
     </span>
    </p>
   </div>
   <div class='ocr_carea' id='block_1_74' title="bbox 318 5631 1892 5708">
    <p class='ocr_par' dir='ltr' id='par_1_74' title="bbox 318 5631 1892 5708">
     <span class='ocr_line' id='line_1_76' title="bbox 318 5631 1892 5708; baseline 0.001 -21"><span class='ocrx_word' id='word_1_486' title='bbox 318 5631 389 5701; x_wconf 87' lang='lat' dir='ltr'>(c)</span> <span class='ocrx_word' id='word_1_487' title='bbox 423 5633 621 5689; x_wconf 87' lang='lat' dir='ltr'>Ezech.</span> <span class='ocrx_word' id='word_1_488' title='bbox 655 5651 731 5704; x_wconf 79' lang='lat' dir='ltr'>xx,</span> <span class='ocrx_word' id='word_1_489' title='bbox 765 5650 833 5690; x_wconf 85' lang='lat' dir='ltr'>ex</span> <span class='ocrx_word' id='word_1_490' title='bbox 863 5636 912 5689; x_wconf 92' lang='lat' dir='ltr'>II</span> <span class='ocrx_word' id='word_1_491' title='bbox 943 5631 1084 5707; x_wconf 81' lang='lat' dir='ltr'>Reg.</span> <span class='ocrx_word' id='word_1_492' title='bbox 1118 5652 1247 5708; x_wconf 88' lang='lat' dir='ltr'>cap.</span> <span class='ocrx_word' id='word_1_493' title='bbox 1278 5652 1315 5691; x_wconf 72' lang='grc' dir='ltr'>κ</span> <span class='ocrx_word' id='word_1_494' title='bbox 1354 5639 1411 5691; x_wconf 90' lang='lat' dir='ltr'>et</span> <span class='ocrx_word' id='word_1_495' title='bbox 1456 5635 1644 5707; x_wconf 88' lang='lat' dir='ltr'>primo</span> <span class='ocrx_word' id='word_1_496' title='bbox 1674 5634 1892 5691; x_wconf 88' lang='lat' dir='ltr'>Parali-</span> 
     </span>
    </p>
   </div>
   <div class='ocr_carea' id='block_1_75' title="bbox 249 5717 669 5777">
    <p class='ocr_par' dir='ltr' id='par_1_75' title="bbox 249 5717 669 5777">
     <span class='ocr_line' id='line_1_77' title="bbox 249 5717 669 5777; baseline 0.005 -19"><span class='ocrx_word' id='word_1_497' title='bbox 249 5717 378 5777; x_wconf 79' lang='lat' dir='ltr'>pom</span> <span class='ocrx_word' id='word_1_498' title='bbox 392 5746 404 5758; x_wconf 93' lang='lat'>.</span> <span class='ocrx_word' id='word_1_499' title='bbox 434 5721 560 5777; x_wconf 84' lang='lat' dir='ltr'>cap.</span> <span class='ocrx_word' id='word_1_500' title='bbox 593 5723 669 5760; x_wconf 81' lang='lat' dir='ltr'>1x.</span> 
     </span>
    </p>
   </div>
   <div class='ocr_carea' id='block_1_76' title="bbox 322 5775 1891 5847">
    <p class='ocr_par' dir='ltr' id='par_1_76' title="bbox 322 5775 1891 5847">
     <span class='ocr_line' id='line_1_78' title="bbox 322 5775 1891 5847; baseline 0.002 -16"><span class='ocrx_word' id='word_1_501' title='bbox 322 5775 401 5847; x_wconf 77' lang='grc' dir='ltr'>(ἀ)</span> <span class='ocrx_word' id='word_1_502' title='bbox 434 5775 593 5833; x_wconf 74' lang='lat' dir='ltr'>Isaia:</span> <span class='ocrx_word' id='word_1_503' title='bbox 620 5794 683 5833; x_wconf 80' lang='grc' dir='ltr'>ιιι</span> <span class='ocrx_word' id='word_1_504' title='bbox 714 5779 772 5833; x_wconf 88' lang='lat' dir='ltr'>et</span> <span class='ocrx_word' id='word_1_505' title='bbox 799 5792 993 5833; x_wconf 74' lang='lat' dir='ltr'>xnvm.</span> <span class='ocrx_word' id='word_1_506' title='bbox 1026 5777 1230 5835; x_wconf 89' lang='lat' dir='ltr'>Ezech.</span> <span class='ocrx_word' id='word_1_507' title='bbox 1270 5795 1372 5834; x_wconf 80' lang='lat' dir='ltr'>vn.</span> <span class='ocrx_word' id='word_1_508' title='bbox 1420 5777 1639 5836; x_wconf 85' lang='lat' dir='ltr'>Justin.</span> <span class='ocrx_word' id='word_1_509' title='bbox 1671 5776 1891 5834; x_wconf 86' lang='lat' dir='ltr'>Novell.</span> 
     </span>
    </p>
   </div>
   <div class='ocr_carea' id='block_1_77' title="bbox 253 5844 1888 5922">
    <p class='ocr_par' dir='ltr' id='par_1_77' title="bbox 253 5844 1888 5922">
     <span class='ocr_line' id='line_1_79' title="bbox 253 5844 1888 5922; baseline 0.002 -21"><span class='ocrx_word' id='word_1_510' title='bbox 253 5844 343 5903; x_wconf 81' lang='lat'>63.</span> <span class='ocrx_word' id='word_1_511' title='bbox 377 5844 563 5906; x_wconf 90' lang='lat' dir='ltr'>Tacit.</span> <span class='ocrx_word' id='word_1_512' title='bbox 595 5851 667 5906; x_wconf 90' lang='lat' dir='ltr'>de</span> <span class='ocrx_word' id='word_1_513' title='bbox 699 5848 963 5907; x_wconf 88' lang='lat' dir='ltr'>moribus</span> <span class='ocrx_word' id='word_1_514' title='bbox 992 5848 1263 5909; x_wconf 89' lang='lat' dir='ltr'>German.</span> <span class='ocrx_word' id='word_1_515' title='bbox 1289 5850 1609 5922; x_wconf 86' lang='lat' dir='ltr'>Juvenalis,</span> <span class='ocrx_word' id='word_1_516' title='bbox 1634 5850 1817 5907; x_wconf 77' lang='lat' dir='ltr'>satira</span> <span class='ocrx_word' id='word_1_517' title='bbox 1834 5849 1888 5905; x_wconf 88' lang='lat'>5.</span> 
     </span>
    </p>
   </div>
   <div class='ocr_carea' id='block_1_78' title="bbox 1919 4492 1966 4558">
    <p class='ocr_par' dir='ltr' id='par_1_78' title="bbox 1919 4492 1966 4558">
     <span class='ocr_line' id='line_1_80' title="bbox 1919 4492 1966 4558; baseline 0 0"><span class='ocrx_word' id='word_1_518' title='bbox 1919 4492 1966 4558; x_wconf 92' lang='lat' dir='ltr'>D</span> 
     </span>
    </p>
   </div>
   <div class='ocr_carea' id='block_1_79' title="bbox 1998 454 2509 510">
    <p class='ocr_par' dir='ltr' id='par_1_79' title="bbox 1998 454 2509 510">
     <span class='ocr_line' id='line_1_81' title="bbox 1998 454 2509 510; baseline 0.002 -1"><span class='ocrx_word' id='word_1_519' title='bbox 1998 454 2111 510; x_wconf 88' lang='lat' dir='ltr'>dus</span> <span class='ocrx_word' id='word_1_520' title='bbox 2142 454 2221 509; x_wconf 89' lang='lat' dir='ltr'>ita</span> <span class='ocrx_word' id='word_1_521' title='bbox 2252 454 2465 510; x_wconf 87' lang='lat' dir='ltr'>cecinit</span> <span class='ocrx_word' id='word_1_522' title='bbox 2497 472 2509 509; x_wconf 91' lang='lat'><strong>:</strong></span> 
     </span>
    </p>
   </div>
   <div class='ocr_carea' id='block_1_80' title="bbox 2058 568 3584 633">
    <p class='ocr_par' dir='ltr' id='par_1_80' title="bbox 2058 568 3584 633">
     <span class='ocr_line' id='line_1_82' title="bbox 2058 568 3584 633; baseline 0.001 -15"><span class='ocrx_word' id='word_1_523' title='bbox 2058 571 2231 631; x_wconf 84' lang='lat' dir='ltr'>Turpe</span> <span class='ocrx_word' id='word_1_524' title='bbox 2263 584 2424 631; x_wconf 87' lang='lat' dir='ltr'>pecus</span> <span class='ocrx_word' id='word_1_525' title='bbox 2452 568 2719 633; x_wconf 88' lang='lat' dir='ltr'>mutilum,</span> <span class='ocrx_word' id='word_1_526' title='bbox 2743 568 2919 633; x_wconf 82' lang='lat' dir='ltr'>turpis</span> <span class='ocrx_word' id='word_1_527' title='bbox 2945 569 3059 617; x_wconf 89' lang='lat' dir='ltr'>sine</span> <span class='ocrx_word' id='word_1_528' title='bbox 3089 568 3329 629; x_wconf 82' lang='lat' dir='ltr'>gramine</span> <span class='ocrx_word' id='word_1_529' title='bbox 3360 582 3584 633; x_wconf 86' lang='lat' dir='ltr'>campus</span> 
     </span>
    </p>
   </div>
   <div class='ocr_carea' id='block_1_81' title="bbox 2121 632 3379 692">
    <p class='ocr_par' dir='ltr' id='par_1_81' title="bbox 2121 632 3379 692">
     <span class='ocr_line' id='line_1_83' title="bbox 2121 632 3379 692; baseline -0.001 -12"><span class='ocrx_word' id='word_1_530' title='bbox 2121 633 2184 680; x_wconf 89' lang='lat' dir='ltr'>Et</span> <span class='ocrx_word' id='word_1_531' title='bbox 2212 634 2325 682; x_wconf 86' lang='lat' dir='ltr'>sine</span> <span class='ocrx_word' id='word_1_532' title='bbox 2358 633 2543 681; x_wconf 86' lang='lat' dir='ltr'>fronde</span> <span class='ocrx_word' id='word_1_533' title='bbox 2575 632 2764 692; x_wconf 80' lang='lat' dir='ltr'>frutex,</span> <span class='ocrx_word' id='word_1_534' title='bbox 2798 636 2849 680; x_wconf 91' lang='lat' dir='ltr'>et</span> <span class='ocrx_word' id='word_1_535' title='bbox 2882 632 2997 680; x_wconf 87' lang='lat' dir='ltr'>sine</span> <span class='ocrx_word' id='word_1_536' title='bbox 3028 632 3171 681; x_wconf 88' lang='lat' dir='ltr'>crine</span> <span class='ocrx_word' id='word_1_537' title='bbox 3201 636 3379 691; x_wconf 88' lang='lat' dir='ltr'>caput.</span> 
     </span>
    </p>
   </div>
   <div class='ocr_carea' id='block_1_82' title="bbox 1998 737 3646 809">
    <p class='ocr_par' dir='ltr' id='par_1_82' title="bbox 1998 737 3646 809">
     <span class='ocr_line' id='line_1_84' title="bbox 1998 737 3646 809; baseline 0.001 -17"><span class='ocrx_word' id='word_1_538' title='bbox 1998 737 2115 792; x_wconf 84' lang='lat' dir='ltr'>Has</span> <span class='ocrx_word' id='word_1_539' title='bbox 2146 739 2532 809; x_wconf 63' lang='lat' dir='ltr'>prmcedentes</span> <span class='ocrx_word' id='word_1_540' title='bbox 2584 738 2841 792; x_wconf 87' lang='lat' dir='ltr'>rationes</span> <span class='ocrx_word' id='word_1_541' title='bbox 2892 740 3102 808; x_wconf 87' lang='lat' dir='ltr'>quarta</span> <span class='ocrx_word' id='word_1_542' title='bbox 3151 738 3385 807; x_wconf 84' lang='lat' dir='ltr'>excipit,</span> <span class='ocrx_word' id='word_1_543' title='bbox 3419 754 3547 809; x_wconf 71' lang='lat' dir='ltr'>quas</span> <span class='ocrx_word' id='word_1_544' title='bbox 3578 754 3646 793; x_wconf 83' lang='lat' dir='ltr'>ex</span> 
     </span>
    </p>
   </div>
   <div class='ocr_carea' id='block_1_83' title="bbox 2000 809 3643 880">
    <p class='ocr_par' dir='ltr' id='par_1_83' title="bbox 2000 809 3643 880">
     <span class='ocr_line' id='line_1_85' title="bbox 2000 809 3643 880; baseline 0 -17"><span class='ocrx_word' id='word_1_545' title='bbox 2000 809 2345 880; x_wconf 67' lang='lat' dir='ltr'>paenitentia</span> <span class='ocrx_word' id='word_1_546' title='bbox 2371 810 2553 875; x_wconf 87' lang='lat' dir='ltr'>luctu,</span> <span class='ocrx_word' id='word_1_547' title='bbox 2577 816 2751 880; x_wconf 90' lang='lat' dir='ltr'>atque</span> <span class='ocrx_word' id='word_1_548' title='bbox 2771 811 2923 865; x_wconf 73' lang='lat'>204</span> <span class='ocrx_word' id='word_1_549' title='bbox 2944 824 3186 864; x_wconf 73' lang='lat' dir='ltr'>mmrore</span> <span class='ocrx_word' id='word_1_550' title='bbox 3204 810 3407 864; x_wconf 87' lang='lat' dir='ltr'>desum</span> <span class='ocrx_word' id='word_1_551' title='bbox 3419 817 3513 880; x_wconf 90' lang='lat' dir='ltr'>pta</span> <span class='ocrx_word' id='word_1_552' title='bbox 3534 816 3643 865; x_wconf 89' lang='lat' dir='ltr'>est.</span> 
     </span>
    </p>
   </div>
   <div class='ocr_carea' id='block_1_84' title="bbox 1998 881 3645 953">
    <p class='ocr_par' dir='ltr' id='par_1_84' title="bbox 1998 881 3645 953">
     <span class='ocr_line' id='line_1_86' title="bbox 1998 881 3645 953; baseline 0.001 -18"><span class='ocrx_word' id='word_1_553' title='bbox 1998 881 2384 953; x_wconf 90' lang='lat' dir='ltr'>Notissimum</span> <span class='ocrx_word' id='word_1_554' title='bbox 2418 882 2634 953; x_wconf 89' lang='lat' dir='ltr'>quippe</span> <span class='ocrx_word' id='word_1_555' title='bbox 2656 882 3075 953; x_wconf 88' lang='lat' dir='ltr'>omnibusesse</span> <span class='ocrx_word' id='word_1_556' title='bbox 3095 881 3285 950; x_wconf 86' lang='lat' dir='ltr'>debet,</span> <span class='ocrx_word' id='word_1_557' title='bbox 3310 883 3645 953; x_wconf 88' lang='lat' dir='ltr'>consuevis-</span> 
     </span>
    </p>
   </div>
   <div class='ocr_carea' id='block_1_85' title="bbox 2000 952 3646 1024">
    <p class='ocr_par' dir='ltr' id='par_1_85' title="bbox 2000 952 3646 1024">
     <span class='ocr_line' id='line_1_87' title="bbox 2000 952 3646 1024; baseline -0.001 -16"><span class='ocrx_word' id='word_1_558' title='bbox 2000 968 2061 1008; x_wconf 88' lang='lat' dir='ltr'>se</span> <span class='ocrx_word' id='word_1_559' title='bbox 2089 952 2323 1024; x_wconf 69' lang='lat' dir='ltr'>Judazos</span> <span class='ocrx_word' id='word_1_560' title='bbox 2356 952 2539 1023; x_wconf 84' lang='lat' dir='ltr'>atque</span> <span class='ocrx_word' id='word_1_561' title='bbox 2558 952 2806 1024; x_wconf 78' lang='lat' dir='ltr'>gentiles</span> <span class='ocrx_word' id='word_1_562' title='bbox 2838 954 2895 1007; x_wconf 90' lang='lat' dir='ltr'>in</span> <span class='ocrx_word' id='word_1_563' title='bbox 2936 952 3093 1006; x_wconf 90' lang='lat' dir='ltr'>luctu</span> <span class='ocrx_word' id='word_1_564' title='bbox 3128 952 3517 1024; x_wconf 87' lang='lat' dir='ltr'>maximisque</span> <span class='ocrx_word' id='word_1_565' title='bbox 3551 954 3646 1007; x_wconf 89' lang='lat' dir='ltr'>fu-</span> 
     </span>
    </p>
   </div>
   <div class='ocr_carea' id='block_1_86' title="bbox 1999 1023 3642 1095">
    <p class='ocr_par' dir='ltr' id='par_1_86' title="bbox 1999 1023 3642 1095">
     <span class='ocr_line' id='line_1_88' title="bbox 1999 1023 3642 1095; baseline -0.001 -16"><span class='ocrx_word' id='word_1_566' title='bbox 1999 1023 2237 1079; x_wconf 90' lang='lat' dir='ltr'>neribus</span> <span class='ocrx_word' id='word_1_567' title='bbox 2271 1025 2380 1079; x_wconf 90' lang='lat' dir='ltr'>sibi</span> <span class='ocrx_word' id='word_1_568' title='bbox 2401 1023 2598 1079; x_wconf 80' lang='lat' dir='ltr'>comas</span> <span class='ocrx_word' id='word_1_569' title='bbox 2623 1026 2879 1079; x_wconf 76' lang='lat' dir='ltr'>tondere.</span> <span class='ocrx_word' id='word_1_570' title='bbox 2907 1024 3119 1078; x_wconf 64' lang='lat' dir='ltr'>Praeter</span> <span class='ocrx_word' id='word_1_571' title='bbox 3140 1023 3284 1077; x_wconf 92' lang='lat' dir='ltr'>illud</span> <span class='ocrx_word' id='word_1_572' title='bbox 3308 1023 3463 1079; x_wconf 89' lang='lat' dir='ltr'>enim</span> <span class='ocrx_word' id='word_1_573' title='bbox 3488 1024 3642 1095; x_wconf 91' lang='lat' dir='ltr'>quod</span> 
     </span>
    </p>
   </div>
   <div class='ocr_carea' id='block_1_87' title="bbox 1996 1095 3645 1168">
    <p class='ocr_par' dir='ltr' id='par_1_87' title="bbox 1996 1095 3645 1168">
     <span class='ocr_line' id='line_1_89' title="bbox 1996 1095 3645 1168; baseline 0 -18"><span class='ocrx_word' id='word_1_574' title='bbox 1996 1095 2258 1150; x_wconf 74' lang='lat' dir='ltr'>Jeremiae</span> <span class='ocrx_word' id='word_1_575' title='bbox 2289 1112 2364 1150; x_wconf 80' lang='lat' dir='ltr'>v11</span> <span class='ocrx_word' id='word_1_576' title='bbox 2398 1095 2647 1168; x_wconf 89' lang='lat' dir='ltr'>legimus</span> <span class='ocrx_word' id='word_1_577' title='bbox 2681 1112 2693 1149; x_wconf 89' lang='lat'>:</span> <span class='ocrx_word' id='word_1_578' title='bbox 2730 1097 2902 1151; x_wconf 81' lang='lat' dir='ltr'>Tende</span> <span class='ocrx_word' id='word_1_579' title='bbox 2942 1096 3225 1168; x_wconf 82' lang='lat' dir='ltr'>capillum,</span> <span class='ocrx_word' id='word_1_580' title='bbox 3254 1099 3305 1150; x_wconf 85' lang='lat' dir='ltr'>et</span> <span class='ocrx_word' id='word_1_581' title='bbox 3336 1097 3645 1168; x_wconf 82' lang='lat' dir='ltr'>projice,_et</span> 
     </span>
    </p>
   </div>
   <div class='ocr_carea' id='block_1_88' title="bbox 1996 1166 3643 1239">
    <p class='ocr_par' dir='ltr' id='par_1_88' title="bbox 1996 1166 3643 1239">
     <span class='ocr_line' id='line_1_90' title="bbox 1996 1166 3643 1239; baseline -0.001 -17"><span class='ocrx_word' id='word_1_582' title='bbox 1996 1183 2147 1222; x_wconf 89' lang='lat' dir='ltr'>sume</span> <span class='ocrx_word' id='word_1_583' title='bbox 2163 1168 2427 1222; x_wconf 84' lang='lat' dir='ltr'>directum</span> <span class='ocrx_word' id='word_1_584' title='bbox 2446 1166 2815 1239; x_wconf 79' lang='lat' dir='ltr'>planetum,id</span> <span class='ocrx_word' id='word_1_585' title='bbox 2843 1166 3015 1222; x_wconf 84' lang='lat' dir='ltr'>nobis</span> <span class='ocrx_word' id='word_1_586' title='bbox 3036 1171 3315 1239; x_wconf 89' lang='lat' dir='ltr'>testatum</span> <span class='ocrx_word' id='word_1_587' title='bbox 3341 1166 3433 1222; x_wconf 88' lang='lat' dir='ltr'>est</span> <span class='ocrx_word' id='word_1_588' title='bbox 3458 1184 3527 1221; x_wconf 84' lang='lat' dir='ltr'>ex</span> <span class='ocrx_word' id='word_1_589' title='bbox 3546 1166 3643 1239; x_wconf 86' lang='lat' dir='ltr'>Jo-</span> 
     </span>
    </p>
   </div>
   <div class='ocr_carea' id='block_1_89' title="bbox 2000 1238 3645 1309">
    <p class='ocr_par' dir='ltr' id='par_1_89' title="bbox 2000 1238 3645 1309">
     <span class='ocr_line' id='line_1_91' title="bbox 2000 1238 3645 1309; baseline 0.001 -16"><span class='ocrx_word' id='word_1_590' title='bbox 2000 1239 2056 1293; x_wconf 91' lang='lat' dir='ltr'>bi</span> <span class='ocrx_word' id='word_1_591' title='bbox 2092 1240 2156 1308; x_wconf 83' lang='lat' dir='ltr'>(f)</span> <span class='ocrx_word' id='word_1_592' title='bbox 2186 1246 2242 1294; x_wconf 91' lang='lat' dir='ltr'>et</span> <span class='ocrx_word' id='word_1_593' title='bbox 2272 1238 2506 1294; x_wconf 71' lang='lat' dir='ltr'>Micheaa</span> <span class='ocrx_word' id='word_1_594' title='bbox 2533 1240 2744 1295; x_wconf 90' lang='lat' dir='ltr'>verbis.</span> <span class='ocrx_word' id='word_1_595' title='bbox 2791 1240 2869 1294; x_wconf 91' lang='lat' dir='ltr'>De</span> <span class='ocrx_word' id='word_1_596' title='bbox 2900 1239 3099 1293; x_wconf 90' lang='lat' dir='ltr'>eodem</span> <span class='ocrx_word' id='word_1_597' title='bbox 3135 1238 3248 1293; x_wconf 87' lang='lat' dir='ltr'>ritu</span> <span class='ocrx_word' id='word_1_598' title='bbox 3281 1240 3498 1309; x_wconf 90' lang='lat' dir='ltr'>pariter</span> <span class='ocrx_word' id='word_1_599' title='bbox 3526 1238 3645 1294; x_wconf 90' lang='lat' dir='ltr'>dis-</span> 
     </span>
    </p>
   </div>
   <div class='ocr_carea' id='block_1_90' title="bbox 2001 1308 3645 1381">
    <p class='ocr_par' dir='ltr' id='par_1_90' title="bbox 2001 1308 3645 1381">
     <span class='ocr_line' id='line_1_92' title="bbox 2001 1308 3645 1381; baseline -0.001 -15"><span class='ocrx_word' id='word_1_600' title='bbox 2001 1316 2312 1366; x_wconf 89' lang='lat' dir='ltr'>seruerunt</span> <span class='ocrx_word' id='word_1_601' title='bbox 2360 1310 2707 1376; x_wconf 90' lang='lat' dir='ltr'>Herodotus,</span> <span class='ocrx_word' id='word_1_602' title='bbox 2756 1310 3000 1379; x_wconf 80' lang='lat' dir='ltr'>Statius,</span> <span class='ocrx_word' id='word_1_603' title='bbox 3055 1308 3357 1381; x_wconf 80' lang='lat' dir='ltr'>Virgilius,</span> <span class='ocrx_word' id='word_1_604' title='bbox 3407 1314 3645 1378; x_wconf 90' lang='lat' dir='ltr'>Seneca,</span> 
     </span>
    </p>
   </div>
   <div class='ocr_carea' id='block_1_91' title="bbox 2000 1382 3647 1454">
    <p class='ocr_par' dir='ltr' id='par_1_91' title="bbox 2000 1382 3647 1454">
     <span class='ocr_line' id='line_1_93' title="bbox 2000 1382 3647 1454; baseline 0 -18"><span class='ocrx_word' id='word_1_605' title='bbox 2000 1398 2245 1451; x_wconf 89' lang='lat' dir='ltr'>quorum</span> <span class='ocrx_word' id='word_1_606' title='bbox 2279 1382 2703 1454; x_wconf 88' lang='lat' dir='ltr'>testimoniain</span> <span class='ocrx_word' id='word_1_607' title='bbox 2728 1382 2985 1436; x_wconf 85' lang='lat' dir='ltr'>medium</span> <span class='ocrx_word' id='word_1_608' title='bbox 3015 1382 3307 1454; x_wconf 85' lang='lat' dir='ltr'>adducere</span> <span class='ocrx_word' id='word_1_609' title='bbox 3340 1397 3473 1436; x_wconf 91' lang='lat' dir='ltr'>cum</span> <span class='ocrx_word' id='word_1_610' title='bbox 3496 1397 3647 1454; x_wconf 90' lang='lat' dir='ltr'>opus</span> 
     </span>
    </p>
   </div>
   <div class='ocr_carea' id='block_1_92' title="bbox 2001 1453 3205 1525">
    <p class='ocr_par' dir='ltr' id='par_1_92' title="bbox 2001 1453 3205 1525">
     <span class='ocr_line' id='line_1_94' title="bbox 2001 1453 3205 1525; baseline -0.001 -16"><span class='ocrx_word' id='word_1_611' title='bbox 2001 1470 2131 1525; x_wconf 88' lang='lat' dir='ltr'>non</span> <span class='ocrx_word' id='word_1_612' title='bbox 2153 1454 2249 1519; x_wconf 88' lang='lat' dir='ltr'>sit,</span> <span class='ocrx_word' id='word_1_613' title='bbox 2284 1458 2597 1525; x_wconf 88' lang='lat' dir='ltr'>scriptores</span> <span class='ocrx_word' id='word_1_614' title='bbox 2630 1453 2903 1508; x_wconf 86' lang='lat' dir='ltr'>laudasse</span> <span class='ocrx_word' id='word_1_615' title='bbox 2931 1453 3205 1525; x_wconf 78' lang='lat' dir='ltr'>sufﬁciat.</span> 
     </span>
    </p>
   </div>
   <div class='ocr_carea' id='block_1_93' title="bbox 2074 1521 3649 1580">
    <p class='ocr_par' dir='ltr' id='par_1_93' title="bbox 2074 1521 3649 1580">
     <span class='ocr_line' id='line_1_95' title="bbox 2074 1521 3649 1580; baseline -0.001 -1"><span class='ocrx_word' id='word_1_616' title='bbox 2074 1524 2346 1579; x_wconf 89' lang='lat' dir='ltr'>Ultimam</span> <span class='ocrx_word' id='word_1_617' title='bbox 2372 1521 2609 1580; x_wconf 78' lang='lat' dir='ltr'>tandem</span> <span class='ocrx_word' id='word_1_618' title='bbox 2629 1526 2913 1580; x_wconf 90' lang='lat' dir='ltr'>rationem</span> <span class='ocrx_word' id='word_1_619' title='bbox 2933 1524 3101 1580; x_wconf 90' lang='lat' dir='ltr'>nobis</span> <span class='ocrx_word' id='word_1_620' title='bbox 3118 1541 3185 1579; x_wconf 84' lang='lat' dir='ltr'>ex</span> <span class='ocrx_word' id='word_1_621' title='bbox 3205 1521 3500 1579; x_wconf 88' lang='lat' dir='ltr'>veteribus</span> <span class='ocrx_word' id='word_1_622' title='bbox 3522 1522 3649 1579; x_wconf 89' lang='lat' dir='ltr'>Cle-</span> 
     </span>
    </p>
   </div>
   <div class='ocr_carea' id='block_1_94' title="bbox 2002 1593 3646 1669">
    <p class='ocr_par' dir='ltr' id='par_1_94' title="bbox 2002 1593 3646 1669">
     <span class='ocr_line' id='line_1_96' title="bbox 2002 1593 3646 1669; baseline -0.001 -18"><span class='ocrx_word' id='word_1_623' title='bbox 2002 1611 2168 1669; x_wconf 86' lang='lat' dir='ltr'>mens</span> <span class='ocrx_word' id='word_1_624' title='bbox 2195 1596 2621 1669; x_wconf 86' lang='lat' dir='ltr'>Alexandrinus</span> <span class='ocrx_word' id='word_1_625' title='bbox 2645 1597 3007 1669; x_wconf 82' lang='lat' dir='ltr'>suppeditat,</span> <span class='ocrx_word' id='word_1_626' title='bbox 3036 1597 3139 1669; x_wconf 92' lang='lat' dir='ltr'>qui</span> <span class='ocrx_word' id='word_1_627' title='bbox 3168 1593 3418 1652; x_wconf 87' lang='lat' dir='ltr'>asseruit</span> <span class='ocrx_word' id='word_1_628' title='bbox 3444 1596 3646 1669; x_wconf 76' lang='lat' dir='ltr'>Deum,</span> 
     </span>
    </p>
   </div>
   <div class='ocr_carea' id='block_1_95' title="bbox 2000 1666 3649 1739">
    <p class='ocr_par' dir='ltr' id='par_1_95' title="bbox 2000 1666 3649 1739">
     <span class='ocr_line' id='line_1_97' title="bbox 2000 1666 3649 1739; baseline 0.001 -19"><span class='ocrx_word' id='word_1_629' title='bbox 2000 1667 2061 1721; x_wconf 91' lang='lat' dir='ltr'>in</span> <span class='ocrx_word' id='word_1_630' title='bbox 2096 1668 2527 1724; x_wconf 90' lang='lat' dir='ltr'>Deuteronomii</span> <span class='ocrx_word' id='word_1_631' title='bbox 2573 1668 2696 1724; x_wconf 91' lang='lat' dir='ltr'>loco</span> <span class='ocrx_word' id='word_1_632' title='bbox 2723 1666 3016 1739; x_wconf 68' lang='lat' dir='ltr'>superius</span> <span class='ocrx_word' id='word_1_633' title='bbox 3049 1666 3305 1734; x_wconf 87' lang='lat' dir='ltr'>laudato,</span> <span class='ocrx_word' id='word_1_634' title='bbox 3340 1666 3649 1739; x_wconf 85' lang='lat' dir='ltr'>mulierem</span> 
     </span>
    </p>
   </div>
   <div class='ocr_carea' id='block_1_96' title="bbox 1922 1737 3648 1818">
    <p class='ocr_par' dir='ltr' id='par_1_96' title="bbox 1922 1737 3648 1818">
     <span class='ocr_line' id='line_1_98' title="bbox 1922 1737 3648 1818; baseline -0.001 -25"><span class='ocrx_word' id='word_1_635' title='bbox 1922 1752 1969 1818; x_wconf 82' lang='lat' dir='ltr'><strong>B</strong></span> <span class='ocrx_word' id='word_1_636' title='bbox 2001 1740 2289 1818; x_wconf 81' lang='lat' dir='ltr'>captivam</span> <span class='ocrx_word' id='word_1_637' title='bbox 2310 1740 2683 1818; x_wconf 80' lang='lat' dir='ltr'>matrimonio</span> <span class='ocrx_word' id='word_1_638' title='bbox 2702 1737 3027 1818; x_wconf 78' lang='lat' dir='ltr'>ducendam</span> <span class='ocrx_word' id='word_1_639' title='bbox 3041 1737 3555 1818; x_wconf 74' lang='lat' dir='ltr'>tonderijussisse,</span> <span class='ocrx_word' id='word_1_640' title='bbox 3577 1738 3648 1792; x_wconf 91' lang='lat' dir='ltr'>ad</span> 
     </span>
    </p>
   </div>
   <div class='ocr_carea' id='block_1_97' title="bbox 2005 1808 3649 1883">
    <p class='ocr_par' dir='ltr' id='par_1_97' title="bbox 2005 1808 3649 1883">
     <span class='ocr_line' id='line_1_99' title="bbox 2005 1808 3649 1883; baseline -0.001 -18"><span class='ocrx_word' id='word_1_641' title='bbox 2005 1808 2382 1883; x_wconf 83' lang='lat' dir='ltr'>coercendam</span> <span class='ocrx_word' id='word_1_642' title='bbox 2399 1811 2894 1883; x_wconf 91' lang='lat' dir='ltr'>minuendamque</span> <span class='ocrx_word' id='word_1_643' title='bbox 2908 1811 3011 1866; x_wconf 91' lang='lat' dir='ltr'>viri</span> <span class='ocrx_word' id='word_1_644' title='bbox 3034 1810 3303 1882; x_wconf 88' lang='lat' dir='ltr'>conjugis</span> <span class='ocrx_word' id='word_1_645' title='bbox 3322 1808 3649 1883; x_wconf 88' lang='lat' dir='ltr'>libidinem,</span> 
     </span>
    </p>
   </div>
   <div class='ocr_carea' id='block_1_98' title="bbox 2004 1880 3651 1964">
    <p class='ocr_par' dir='ltr' id='par_1_98' title="bbox 2004 1880 3651 1964">
     <span class='ocr_line' id='line_1_100' title="bbox 2004 1880 3651 1964; baseline -0.001 -28"><span class='ocrx_word' id='word_1_646' title='bbox 2004 1882 2145 1964; x_wconf 78' lang='lat' dir='ltr'>quia</span> <span class='ocrx_word' id='word_1_647' title='bbox 2167 1881 2433 1964; x_wconf 77' lang='lat' dir='ltr'>videlicet</span> <span class='ocrx_word' id='word_1_648' title='bbox 2455 1880 2863 1964; x_wconf 74' lang='lat' dir='ltr'>uxoris_capite</span> <span class='ocrx_word' id='word_1_649' title='bbox 2880 1880 3651 1964; x_wconf 36' lang='lat' dir='ltr'>de_tuArpato,:eoneupiscen-</span> 
     </span>
    </p>
   </div>
   <div class='ocr_carea' id='block_1_99' title="bbox 2004 1951 3654 2009">
    <p class='ocr_par' dir='ltr' id='par_1_99' title="bbox 2004 1951 3654 2009">
     <span class='ocr_line' id='line_1_101' title="bbox 2004 1951 3654 2009; baseline 0 -2"><span class='ocrx_word' id='word_1_650' title='bbox 2004 1951 2097 2008; x_wconf 80' lang='lat' dir='ltr'>tiae</span> <span class='ocrx_word' id='word_1_651' title='bbox 2147 1953 2398 2008; x_wconf 87' lang='lat' dir='ltr'>carnalis</span> <span class='ocrx_word' id='word_1_652' title='bbox 2448 1954 2622 2008; x_wconf 89' lang='lat' dir='ltr'>ardor</span> <span class='ocrx_word' id='word_1_653' title='bbox 2652 1951 2880 2009; x_wconf 81' lang='lat' dir='ltr'>facilius</span> <span class='ocrx_word' id='word_1_654' title='bbox 2930 1951 3292 2009; x_wconf 81' lang='lat' dir='ltr'>defervescit.</span> <span class='ocrx_word' id='word_1_655' title='bbox 3344 1956 3654 2009; x_wconf 86' lang='lat' dir='ltr'>Pronterea</span> 
     </span>
    </p>
   </div>
   <div class='ocr_carea' id='block_1_100' title="bbox 2003 2023 3651 2097">
    <p class='ocr_par' dir='ltr' id='par_1_100' title="bbox 2003 2023 3651 2097">
     <span class='ocr_line' id='line_1_102' title="bbox 2003 2023 3651 2097; baseline 0 -18"><span class='ocrx_word' id='word_1_656' title='bbox 2003 2025 2256 2097; x_wconf 57' lang='lat' dir='ltr'>subjecit</span> <span class='ocrx_word' id='word_1_657' title='bbox 2290 2042 2302 2079; x_wconf 95' lang='lat'>:</span> <span class='ocrx_word' id='word_1_658' title='bbox 2335 2024 2397 2079; x_wconf 88' lang='lat' dir='ltr'>Si</span> <span class='ocrx_word' id='word_1_659' title='bbox 2423 2027 2571 2079; x_wconf 88' lang='lat' dir='ltr'>enim</span> <span class='ocrx_word' id='word_1_660' title='bbox 2591 2027 2644 2081; x_wconf 91' lang='lat' dir='ltr'>ei</span> <span class='ocrx_word' id='word_1_661' title='bbox 2666 2030 2852 2081; x_wconf 83' lang='lat' dir='ltr'>manet</span> <span class='ocrx_word' id='word_1_662' title='bbox 2872 2034 3016 2081; x_wconf 74' lang='lat' dir='ltr'>ratio</span> <span class='ocrx_word' id='word_1_663' title='bbox 3039 2024 3324 2097; x_wconf 86' lang='lat' dir='ltr'>(loquitur</span> <span class='ocrx_word' id='word_1_664' title='bbox 3354 2024 3424 2078; x_wconf 89' lang='lat' dir='ltr'>de</span> <span class='ocrx_word' id='word_1_665' title='bbox 3447 2023 3651 2079; x_wconf 70' lang='lat' dir='ltr'>Judzeo</span> 
     </span>
    </p>
   </div>
   <div class='ocr_carea' id='block_1_101' title="bbox 2003 2096 3655 2168">
    <p class='ocr_par' dir='ltr' id='par_1_101' title="bbox 2003 2096 3655 2168">
     <span class='ocr_line' id='line_1_103' title="bbox 2003 2096 3655 2168; baseline -0.001 -15"><span class='ocrx_word' id='word_1_666' title='bbox 2003 2096 2293 2168; x_wconf 79' lang='lat' dir='ltr'>captivam</span> <span class='ocrx_word' id='word_1_667' title='bbox 2326 2097 2598 2168; x_wconf 89' lang='lat' dir='ltr'>ducente)</span> <span class='ocrx_word' id='word_1_668' title='bbox 2629 2106 2689 2152; x_wconf 91' lang='lat' dir='ltr'>ut</span> <span class='ocrx_word' id='word_1_669' title='bbox 2717 2114 2838 2153; x_wconf 88' lang='lat' dir='ltr'>eam</span> <span class='ocrx_word' id='word_1_670' title='bbox 2880 2113 3110 2151; x_wconf 75' lang='lat' dir='ltr'>uxorem</span> <span class='ocrx_word' id='word_1_671' title='bbox 3142 2096 3343 2162; x_wconf 72' lang='lat' dir='ltr'>ducat,</span> <span class='ocrx_word' id='word_1_672' title='bbox 3373 2111 3497 2150; x_wconf 88' lang='lat' dir='ltr'>eam</span> <span class='ocrx_word' id='word_1_673' title='bbox 3524 2097 3655 2168; x_wconf 77' lang='lat' dir='ltr'>reti-</span> 
     </span>
    </p>
   </div>
   <div class='ocr_carea' id='block_1_102' title="bbox 2000 2166 3654 2239">
    <p class='ocr_par' dir='ltr' id='par_1_102' title="bbox 2000 2166 3654 2239">
     <span class='ocr_line' id='line_1_104' title="bbox 2000 2166 3654 2239; baseline 0.001 -17"><span class='ocrx_word' id='word_1_674' title='bbox 2000 2166 2177 2239; x_wconf 73' lang='lat' dir='ltr'>nebit,</span> <span class='ocrx_word' id='word_1_675' title='bbox 2202 2169 2424 2223; x_wconf 85' lang='lat' dir='ltr'>etiamsi</span> <span class='ocrx_word' id='word_1_676' title='bbox 2450 2166 2633 2239; x_wconf 83' lang='lat' dir='ltr'>turpis</span> <span class='ocrx_word' id='word_1_677' title='bbox 2654 2170 2891 2224; x_wconf 78' lang='lat' dir='ltr'>evaserit</span> <span class='ocrx_word' id='word_1_678' title='bbox 2908 2170 3007 2239; x_wconf 87' lang='lat' dir='ltr'>(g).</span> <span class='ocrx_word' id='word_1_679' title='bbox 3029 2168 3191 2234; x_wconf 88' lang='lat' dir='ltr'>Quod</span> <span class='ocrx_word' id='word_1_680' title='bbox 3220 2172 3414 2239; x_wconf 87' lang='lat' dir='ltr'>autem</span> <span class='ocrx_word' id='word_1_681' title='bbox 3441 2166 3654 2239; x_wconf 89' lang='lat' dir='ltr'>mulier</span> 
     </span>
    </p>
   </div>
   <div class='ocr_carea' id='block_1_103' title="bbox 2003 2237 3651 2311">
    <p class='ocr_par' dir='ltr' id='par_1_103' title="bbox 2003 2237 3651 2311">
     <span class='ocr_line' id='line_1_105' title="bbox 2003 2237 3651 2311; baseline 0.001 -18"><span class='ocrx_word' id='word_1_682' title='bbox 2003 2237 2350 2311; x_wconf 85' lang='lat' dir='ltr'>capillorum</span> <span class='ocrx_word' id='word_1_683' title='bbox 2372 2237 2638 2311; x_wconf 83' lang='lat' dir='ltr'>tonsione</span> <span class='ocrx_word' id='word_1_684' title='bbox 2659 2257 2722 2295; x_wconf 90' lang='lat' dir='ltr'>se</span> <span class='ocrx_word' id='word_1_685' title='bbox 2753 2237 2949 2295; x_wconf 85' lang='lat' dir='ltr'>minus</span> <span class='ocrx_word' id='word_1_686' title='bbox 2966 2237 3165 2311; x_wconf 80' lang='lat' dir='ltr'>aptam</span> <span class='ocrx_word' id='word_1_687' title='bbox 3188 2238 3405 2311; x_wconf 78' lang='lat' dir='ltr'>efficiat</span> <span class='ocrx_word' id='word_1_688' title='bbox 3426 2238 3496 2293; x_wconf 89' lang='lat' dir='ltr'>ad</span> <span class='ocrx_word' id='word_1_689' title='bbox 3521 2254 3651 2311; x_wconf 81' lang='lat' dir='ltr'>car-</span> 
     </span>
    </p>
   </div>
   <div class='ocr_carea' id='block_1_104' title="bbox 2002 2309 3650 2380">
    <p class='ocr_par' dir='ltr' id='par_1_104' title="bbox 2002 2309 3650 2380">
     <span class='ocr_line' id='line_1_106' title="bbox 2002 2309 3650 2380; baseline 0.001 -15"><span class='ocrx_word' id='word_1_690' title='bbox 2002 2309 2095 2365; x_wconf 81' lang='lat' dir='ltr'>nis</span> <span class='ocrx_word' id='word_1_691' title='bbox 2114 2309 2420 2365; x_wconf 90' lang='lat' dir='ltr'>illecebras</span> <span class='ocrx_word' id='word_1_692' title='bbox 2440 2310 2796 2378; x_wconf 85' lang='lat' dir='ltr'>excitandas,</span> <span class='ocrx_word' id='word_1_693' title='bbox 2817 2327 2885 2365; x_wconf 86' lang='lat' dir='ltr'>ex</span> <span class='ocrx_word' id='word_1_694' title='bbox 2901 2329 2967 2366; x_wconf 90' lang='lat' dir='ltr'>eo</span> <span class='ocrx_word' id='word_1_695' title='bbox 2984 2309 3213 2367; x_wconf 72' lang='lat' dir='ltr'>constat</span> <span class='ocrx_word' id='word_1_696' title='bbox 3234 2310 3389 2380; x_wconf 91' lang='lat' dir='ltr'>quod</span> <span class='ocrx_word' id='word_1_697' title='bbox 3407 2309 3650 2380; x_wconf 88' lang='lat' dir='ltr'>capillos</span> 
     </span>
    </p>
   </div>
   <div class='ocr_carea' id='block_1_105' title="bbox 2000 2380 3650 2454">
    <p class='ocr_par' dir='ltr' id='par_1_105' title="bbox 2000 2380 3650 2454">
     <span class='ocr_line' id='line_1_107' title="bbox 2000 2380 3650 2454; baseline -0.001 -18"><span class='ocrx_word' id='word_1_698' title='bbox 2000 2381 2270 2436; x_wconf 89' lang='lat' dir='ltr'>videlicet</span> <span class='ocrx_word' id='word_1_699' title='bbox 2301 2381 2358 2454; x_wconf 88' lang='lat' dir='ltr'>in</span> <span class='ocrx_word' id='word_1_700' title='bbox 2408 2398 2475 2437; x_wconf 90' lang='lat' dir='ltr'>ea</span> <span class='ocrx_word' id='word_1_701' title='bbox 2522 2385 2783 2453; x_wconf 88' lang='lat' dir='ltr'>corporis</span> <span class='ocrx_word' id='word_1_702' title='bbox 2815 2387 2976 2454; x_wconf 86' lang='lat' dir='ltr'>parte</span> <span class='ocrx_word' id='word_1_703' title='bbox 3026 2389 3234 2437; x_wconf 89' lang='lat' dir='ltr'>natura</span> <span class='ocrx_word' id='word_1_704' title='bbox 3280 2380 3650 2454; x_wconf 79' lang='lat' dir='ltr'>collocaverit</span> 
     </span>
    </p>
   </div>
   <div class='ocr_carea' id='block_1_106' title="bbox 2002 2452 3647 2537">
    <p class='ocr_par' dir='ltr' id='par_1_106' title="bbox 2002 2452 3647 2537">
     <span class='ocr_line' id='line_1_108' title="bbox 2002 2452 3647 2537; baseline -0.001 -30"><span class='ocrx_word' id='word_1_705' title='bbox 2002 2470 2129 2537; x_wconf 76' lang='lat' dir='ltr'>quae</span> <span class='ocrx_word' id='word_1_706' title='bbox 2162 2453 2420 2537; x_wconf 79' lang='lat' dir='ltr'>apertius</span> <span class='ocrx_word' id='word_1_707' title='bbox 2451 2452 3081 2537; x_wconf 26' lang='lat' dir='ltr'>ostendituriquzsque</span> <span class='ocrx_word' id='word_1_708' title='bbox 3112 2470 3144 2537; x_wconf 77' lang='lat' dir='ltr'>a</span> <span class='ocrx_word' id='word_1_709' title='bbox 3175 2452 3524 2537; x_wconf 65' lang='lat' dir='ltr'>mulieribus</span> <span class='ocrx_word' id='word_1_710' title='bbox 3554 2452 3647 2507; x_wconf 84' lang='lat' dir='ltr'>di-</span> 
     </span>
    </p>
   </div>
   <div class='ocr_carea' id='block_1_107' title="bbox 2000 2524 3644 2596">
    <p class='ocr_par' dir='ltr' id='par_1_107' title="bbox 2000 2524 3644 2596">
     <span class='ocr_line' id='line_1_109' title="bbox 2000 2524 3644 2596; baseline -0.001 -17"><span class='ocrx_word' id='word_1_711' title='bbox 2000 2524 2279 2596; x_wconf 86' lang='lat' dir='ltr'>ligentius</span> <span class='ocrx_word' id='word_1_712' title='bbox 2310 2524 2701 2596; x_wconf 89' lang='lat' dir='ltr'>componitur.</span> <span class='ocrx_word' id='word_1_713' title='bbox 2723 2524 2941 2581; x_wconf 84' lang='lat' dir='ltr'>Idcirco</span> <span class='ocrx_word' id='word_1_714' title='bbox 2963 2540 3029 2580; x_wconf 90' lang='lat' dir='ltr'>eo</span> <span class='ocrx_word' id='word_1_715' title='bbox 3049 2524 3301 2596; x_wconf 87' lang='lat' dir='ltr'>naturali</span> <span class='ocrx_word' id='word_1_716' title='bbox 3330 2538 3644 2596; x_wconf 87' lang='lat' dir='ltr'>ornamen-</span> 
     </span>
    </p>
   </div>
   <div class='ocr_carea' id='block_1_108' title="bbox 2000 2594 3643 2669">
    <p class='ocr_par' dir='ltr' id='par_1_108' title="bbox 2000 2594 3643 2669">
     <span class='ocr_line' id='line_1_110' title="bbox 2000 2594 3643 2669; baseline -0.002 -18"><span class='ocrx_word' id='word_1_717' title='bbox 2000 2594 2073 2651; x_wconf 53' lang='lat' dir='ltr'>to&#39;</span> <span class='ocrx_word' id='word_1_718' title='bbox 2091 2595 2371 2665; x_wconf 88' lang='lat' dir='ltr'>abscisso,</span> <span class='ocrx_word' id='word_1_719' title='bbox 2406 2594 2521 2669; x_wconf 76' lang='lat' dir='ltr'>quo</span> <span class='ocrx_word' id='word_1_720' title='bbox 2555 2596 3078 2669; x_wconf 86' lang='lat' dir='ltr'>magismagisque</span> <span class='ocrx_word' id='word_1_721' title='bbox 3112 2595 3335 2669; x_wconf 80' lang='lat' dir='ltr'>placere</span> <span class='ocrx_word' id='word_1_722' title='bbox 3365 2611 3431 2650; x_wconf 91' lang='lat' dir='ltr'>ac</span> <span class='ocrx_word' id='word_1_723' title='bbox 3462 2594 3643 2669; x_wconf 45' lang='lat' dir='ltr'>nites:</span> 
     </span>
    </p>
   </div>
   <div class='ocr_carea' id='block_1_109' title="bbox 2003 2665 3645 2739">
    <p class='ocr_par' dir='ltr' id='par_1_109' title="bbox 2003 2665 3645 2739">
     <span class='ocr_line' id='line_1_111' title="bbox 2003 2665 3645 2739; baseline -0.002 -15"><span class='ocrx_word' id='word_1_724' title='bbox 2003 2684 2129 2724; x_wconf 88' lang='lat' dir='ltr'>cere</span> <span class='ocrx_word' id='word_1_725' title='bbox 2160 2665 2944 2739; x_wconf 59' lang='lat' dir='ltr'>student,&#39;jamhumilitati,</span> <span class='ocrx_word' id='word_1_726' title='bbox 2982 2665 3361 2739; x_wconf 56' lang='lat' dir='ltr'>&#39;paan&#39;itentiae,</span> <span class='ocrx_word' id='word_1_727' title='bbox 3392 2665 3645 2721; x_wconf 85' lang='lat' dir='ltr'>castitati</span> 
     </span>
    </p>
   </div>
   <div class='ocr_carea' id='block_1_110' title="bbox 2003 2738 3646 2812">
    <p class='ocr_par' dir='ltr' id='par_1_110' title="bbox 2003 2738 3646 2812">
     <span class='ocr_line' id='line_1_112' title="bbox 2003 2738 3646 2812; baseline -0.002 -17"><span class='ocrx_word' id='word_1_728' title='bbox 2003 2740 2347 2811; x_wconf 63' lang='lat' dir='ltr'>ceterisque</span> <span class='ocrx_word' id='word_1_729' title='bbox 2400 2738 2714 2796; x_wconf 89' lang='lat' dir='ltr'>virtutibus</span> <span class='ocrx_word' id='word_1_730' title='bbox 2782 2738 3018 2812; x_wconf 85' lang='lat' dir='ltr'>Operam</span> <span class='ocrx_word' id='word_1_731' title='bbox 3076 2739 3214 2793; x_wconf 89' lang='lat' dir='ltr'>dare</span> <span class='ocrx_word' id='word_1_732' title='bbox 3275 2741 3646 2812; x_wconf 80' lang='lat' dir='ltr'>assueseunt,</span> 
     </span>
    </p>
   </div>
   <div class='ocr_carea' id='block_1_111' title="bbox 2003 2808 3646 2877">
    <p class='ocr_par' dir='ltr' id='par_1_111' title="bbox 2003 2808 3646 2877">
     <span class='ocr_line' id='line_1_113' title="bbox 2003 2808 3646 2877; baseline -0.002 -11"><span class='ocrx_word' id='word_1_733' title='bbox 2003 2808 2323 2866; x_wconf 81' lang='lat' dir='ltr'>dummodo</span> <span class='ocrx_word' id='word_1_734' title='bbox 2344 2816 2540 2865; x_wconf 89' lang='lat' dir='ltr'>tamen</span> <span class='ocrx_word' id='word_1_735' title='bbox 2559 2808 2900 2868; x_wconf 84' lang='lat' dir='ltr'>artel&#39;actum</span> <span class='ocrx_word' id='word_1_736' title='bbox 2922 2810 3179 2866; x_wconf 88' lang='lat' dir='ltr'>velamen</span> <span class='ocrx_word' id='word_1_737' title='bbox 3204 2825 3318 2864; x_wconf 90' lang='lat' dir='ltr'>non</span> <span class='ocrx_word' id='word_1_738' title='bbox 3350 2808 3646 2877; x_wconf 89' lang='lat' dir='ltr'>abjiciant.</span> 
     </span>
    </p>
   </div>
   <div class='ocr_carea' id='block_1_112' title="bbox 2001 2880 3648 2955">
    <p class='ocr_par' dir='ltr' id='par_1_112' title="bbox 2001 2880 3648 2955">
     <span class='ocr_line' id='line_1_114' title="bbox 2001 2880 3648 2955; baseline -0.002 -18"><span class='ocrx_word' id='word_1_739' title='bbox 2001 2884 2111 2955; x_wconf 86' lang='lat' dir='ltr'>Sed</span> <span class='ocrx_word' id='word_1_740' title='bbox 2144 2882 2305 2937; x_wconf 89' lang='lat' dir='ltr'>hisce</span> <span class='ocrx_word' id='word_1_741' title='bbox 2334 2882 2403 2955; x_wconf 77' lang='lat' dir='ltr'>de</span> <span class='ocrx_word' id='word_1_742' title='bbox 2435 2883 2628 2955; x_wconf 86' lang='lat' dir='ltr'>causis</span> <span class='ocrx_word' id='word_1_743' title='bbox 2661 2883 2940 2955; x_wconf 84' lang='lat' dir='ltr'>mulieres</span> <span class='ocrx_word' id='word_1_744' title='bbox 2960 2954 2963 2955; x_wconf 16' lang='grc' dir='ltr'><em>ν</em></span> <span class='ocrx_word' id='word_1_745' title='bbox 2986 2888 3192 2955; x_wconf 84' lang='lat' dir='ltr'>gratas</span> <span class='ocrx_word' id='word_1_746' title='bbox 3216 2897 3345 2955; x_wconf 79' lang='lat' dir='ltr'>esse</span> <span class='ocrx_word' id='word_1_747' title='bbox 3375 2880 3512 2943; x_wconf 86' lang='lat' dir='ltr'>Deo,</span> <span class='ocrx_word' id='word_1_748' title='bbox 3543 2896 3648 2935; x_wconf 89' lang='lat' dir='ltr'>nec</span> 
     </span>
    </p>
   </div>
   <div class='ocr_carea' id='block_1_113' title="bbox 2005 2951 3645 3026">
    <p class='ocr_par' dir='ltr' id='par_1_113' title="bbox 2005 2951 3645 3026">
     <span class='ocr_line' id='line_1_115' title="bbox 2005 2951 3645 3026; baseline -0.002 -17"><span class='ocrx_word' id='word_1_749' title='bbox 2005 2954 2266 3010; x_wconf 89' lang='lat' dir='ltr'>divinum</span> <span class='ocrx_word' id='word_1_750' title='bbox 2298 2952 2556 3026; x_wconf 85' lang='lat' dir='ltr'>aliquod,</span> <span class='ocrx_word' id='word_1_751' title='bbox 2593 2960 2693 3010; x_wconf 89' lang='lat' dir='ltr'>aut</span> <span class='ocrx_word' id='word_1_752' title='bbox 2722 2951 3109 3026; x_wconf 57' lang='lat' dir='ltr'>apostolic&#39;um</span> <span class='ocrx_word' id='word_1_753' title='bbox 3140 2951 3357 3008; x_wconf 89' lang='lat' dir='ltr'>violare</span> <span class='ocrx_word' id='word_1_754' title='bbox 3384 2966 3645 3026; x_wconf 64' lang='lat' dir='ltr'>princep-</span> 
     </span>
    </p>
   </div>
   <div class='ocr_carea' id='block_1_114' title="bbox 2002 3025 3646 3096">
    <p class='ocr_par' dir='ltr' id='par_1_114' title="bbox 2002 3025 3646 3096">
     <span class='ocr_line' id='line_1_116' title="bbox 2002 3025 3646 3096; baseline -0.002 -16"><span class='ocrx_word' id='word_1_755' title='bbox 2002 3030 2151 3096; x_wconf 89' lang='lat' dir='ltr'>tum,</span> <span class='ocrx_word' id='word_1_756' title='bbox 2184 3030 2386 3081; x_wconf 89' lang='lat' dir='ltr'>nostra</span> <span class='ocrx_word' id='word_1_757' title='bbox 2425 3025 2534 3080; x_wconf 89' lang='lat' dir='ltr'>hac</span> <span class='ocrx_word' id='word_1_758' title='bbox 2566 3027 2695 3082; x_wconf 90' lang='lat' dir='ltr'>rudi</span> <span class='ocrx_word' id='word_1_759' title='bbox 2745 3025 3003 3083; x_wconf 83' lang='lat' dir='ltr'>oratione</span> <span class='ocrx_word' id='word_1_760' title='bbox 3050 3025 3334 3080; x_wconf 88' lang='lat' dir='ltr'>hactenus</span> <span class='ocrx_word' id='word_1_761' title='bbox 3366 3025 3646 3096; x_wconf 86' lang='lat' dir='ltr'>demons-</span> 
     </span>
    </p>
   </div>
   <div class='ocr_carea' id='block_1_115' title="bbox 2002 3094 3646 3169">
    <p class='ocr_par' dir='ltr' id='par_1_115' title="bbox 2002 3094 3646 3169">
     <span class='ocr_line' id='line_1_117' title="bbox 2002 3094 3646 3169; baseline -0.001 -17"><span class='ocrx_word' id='word_1_762' title='bbox 2002 3094 2311 3153; x_wconf 88' lang='lat' dir='ltr'>travimus.</span> <span class='ocrx_word' id='word_1_763' title='bbox 2335 3100 2611 3169; x_wconf 87' lang='lat' dir='ltr'>Superest</span> <span class='ocrx_word' id='word_1_764' title='bbox 2628 3100 2799 3153; x_wconf 91' lang='lat' dir='ltr'>modo</span> <span class='ocrx_word' id='word_1_765' title='bbox 2817 3098 3062 3154; x_wconf 89' lang='lat' dir='ltr'>alterum</span> <span class='ocrx_word' id='word_1_766' title='bbox 3087 3094 3417 3169; x_wconf 86' lang='lat' dir='ltr'>argumenti</span> <span class='ocrx_word' id='word_1_767' title='bbox 3439 3110 3646 3165; x_wconf 91' lang='lat' dir='ltr'>genus,</span> 
     </span>
    </p>
   </div>
   <div class='ocr_carea' id='block_1_116' title="bbox 2004 3166 3647 3241">
    <p class='ocr_par' dir='ltr' id='par_1_116' title="bbox 2004 3166 3647 3241">
     <span class='ocr_line' id='line_1_118' title="bbox 2004 3166 3647 3241; baseline -0.002 -18"><span class='ocrx_word' id='word_1_768' title='bbox 2004 3185 2119 3240; x_wconf 94' lang='lat' dir='ltr'>quo</span> <span class='ocrx_word' id='word_1_769' title='bbox 2152 3169 2328 3225; x_wconf 89' lang='lat' dir='ltr'>dubio</span> <span class='ocrx_word' id='word_1_770' title='bbox 2358 3166 2561 3241; x_wconf 75' lang='lat' dir='ltr'>procul</span> <span class='ocrx_word' id='word_1_771' title='bbox 2593 3171 2973 3241; x_wconf 69' lang='lat' dir='ltr'>probabimus</span> <span class='ocrx_word' id='word_1_772' title='bbox 3004 3166 3281 3241; x_wconf 79' lang='lat' dir='ltr'>mulieres</span> <span class='ocrx_word' id='word_1_773' title='bbox 3313 3166 3506 3241; x_wconf 80' lang='lat' dir='ltr'>adhuc</span> <span class='ocrx_word' id='word_1_774' title='bbox 3538 3170 3647 3221; x_wconf 91' lang='lat' dir='ltr'>Deo</span> 
     </span>
    </p>
   </div>
   <div class='ocr_carea' id='block_1_117' title="bbox 1998 3238 3649 3367">
    <p class='ocr_par' dir='ltr' id='par_1_117' title="bbox 1998 3238 3649 3367">
     <span class='ocr_line' id='line_1_119' title="bbox 2021 3238 3649 3312; baseline 0 -18"><span class='ocrx_word' id='word_1_775' title='bbox 2021 3238 2285 3295; x_wconf 61' lang='lat' dir='ltr'>ratiores</span> <span class='ocrx_word' id='word_1_776' title='bbox 2344 3238 2526 3296; x_wconf 85' lang='lat' dir='ltr'>fuisse</span> <span class='ocrx_word' id='word_1_777' title='bbox 2578 3238 2830 3312; x_wconf 82' lang='lat' dir='ltr'>quando</span> <span class='ocrx_word' id='word_1_778' title='bbox 2874 3240 3174 3311; x_wconf 90' lang='lat' dir='ltr'>religionis</span> <span class='ocrx_word' id='word_1_779' title='bbox 3221 3238 3649 3310; x_wconf 90' lang='lat' dir='ltr'>severiorisque</span> 
     </span>
     <span class='ocr_line' id='line_1_120' title="bbox 1998 3256 3216 3367; baseline -0.002 0"><span class='ocrx_word' id='word_1_780' title='bbox 1998 3256 2325 3367; x_wconf 61' lang='lat' dir='ltr'>giscinlinm</span> <span class='ocrx_word' id='word_1_781' title='bbox 2356 3328 2534 3367; x_wconf 88' lang='lat' dir='ltr'>causa</span> <span class='ocrx_word' id='word_1_782' title='bbox 2565 3329 2787 3367; x_wconf 89' lang='lat' dir='ltr'>comam</span> <span class='ocrx_word' id='word_1_783' title='bbox 2821 3312 2931 3367; x_wconf 90' lang='lat' dir='ltr'>sibi</span> <span class='ocrx_word' id='word_1_784' title='bbox 2951 3312 3216 3366; x_wconf 91' lang='lat' dir='ltr'>tondent.</span> 
     </span>
    </p>
   </div>
   <div class='ocr_carea' id='block_1_118' title="bbox 2040 3311 3216 3383">
    <p class='ocr_par' dir='ltr' id='par_1_118' title="bbox 2040 3311 3216 3383">
     <span class='ocr_line' id='line_1_121' title="bbox 2040 3311 3216 3383; baseline 0 -18"><span class='ocrx_word' id='word_1_785' title='bbox 2040 3311 2325 3383; x_wconf 67' lang='lat' dir='ltr'>isciplinm</span> <span class='ocrx_word' id='word_1_786' title='bbox 2356 3328 2534 3367; x_wconf 88' lang='lat' dir='ltr'>causa</span> <span class='ocrx_word' id='word_1_787' title='bbox 2565 3311 2787 3368; x_wconf 82' lang='lat' dir='ltr'>comam</span> <span class='ocrx_word' id='word_1_788' title='bbox 2821 3312 2931 3367; x_wconf 90' lang='lat' dir='ltr'>sibi</span> <span class='ocrx_word' id='word_1_789' title='bbox 2951 3312 3216 3383; x_wconf 86' lang='lat' dir='ltr'>tondent.</span> 
     </span>
    </p>
   </div>
   <div class='ocr_carea' id='block_1_119' title="bbox 2068 3380 3645 3454">
    <p class='ocr_par' dir='ltr' id='par_1_119' title="bbox 2068 3380 3645 3454">
     <span class='ocr_line' id='line_1_122' title="bbox 2068 3380 3645 3454; baseline -0.002 -17"><span class='ocrx_word' id='word_1_790' title='bbox 2068 3380 2168 3437; x_wconf 82' lang='lat' dir='ltr'>Sat</span> <span class='ocrx_word' id='word_1_791' title='bbox 2196 3383 2419 3438; x_wconf 90' lang='lat' dir='ltr'>celebre</span> <span class='ocrx_word' id='word_1_792' title='bbox 2448 3384 2740 3454; x_wconf 89' lang='lat' dir='ltr'>imprimis</span> <span class='ocrx_word' id='word_1_793' title='bbox 2788 3388 2876 3438; x_wconf 90' lang='lat' dir='ltr'>est</span> <span class='ocrx_word' id='word_1_794' title='bbox 2910 3382 3050 3437; x_wconf 91' lang='lat' dir='ltr'>illud</span> <span class='ocrx_word' id='word_1_795' title='bbox 3087 3380 3317 3437; x_wconf 91' lang='lat' dir='ltr'>Domini</span> <span class='ocrx_word' id='word_1_796' title='bbox 3345 3382 3645 3454; x_wconf 77' lang='lat' dir='ltr'>vetustum</span> 
     </span>
    </p>
   </div>
   <div class='ocr_carea' id='block_1_120' title="bbox 1999 3449 3645 3526">
    <p class='ocr_par' dir='ltr' id='par_1_120' title="bbox 1999 3449 3645 3526">
     <span class='ocr_line' id='line_1_123' title="bbox 1999 3449 3645 3526; baseline -0.002 -17"><span class='ocrx_word' id='word_1_797' title='bbox 1999 3456 2366 3526; x_wconf 78' lang='lat' dir='ltr'>mandatum,</span> <span class='ocrx_word' id='word_1_798' title='bbox 2399 3449 2796 3526; x_wconf 53' lang='lat' dir='ltr'>quo,&#39;Moysen</span> <span class='ocrx_word' id='word_1_799' title='bbox 2828 3454 2886 3508; x_wconf 82' lang='lat' dir='ltr'>in</span> <span class='ocrx_word' id='word_1_800' title='bbox 2912 3455 3059 3509; x_wconf 88' lang='lat' dir='ltr'>libro</span> <span class='ocrx_word' id='word_1_801' title='bbox 3089 3454 3477 3526; x_wconf 85' lang='lat' dir='ltr'>Numerorum</span> <span class='ocrx_word' id='word_1_802' title='bbox 3503 3449 3645 3526; x_wconf 83' lang='lat' dir='ltr'>allo-</span> 
     </span>
    </p>
   </div>
   <div class='ocr_carea' id='block_1_121' title="bbox 1999 3523 3649 3597">
    <p class='ocr_par' dir='ltr' id='par_1_121' title="bbox 1999 3523 3649 3597">
     <span class='ocr_line' id='line_1_124' title="bbox 1999 3523 3649 3597; baseline -0.004 -16"><span class='ocrx_word' id='word_1_803' title='bbox 1999 3542 2209 3597; x_wconf 88' lang='lat' dir='ltr'>quens,</span> <span class='ocrx_word' id='word_1_804' title='bbox 2240 3525 2383 3580; x_wconf 81' lang='lat' dir='ltr'>dixit</span> <span class='ocrx_word' id='word_1_805' title='bbox 2408 3523 2430 3579; x_wconf 70' lang='grc' dir='ltr'><em>ξ</em></span> <span class='ocrx_word' id='word_1_806' title='bbox 2444 3523 2682 3597; x_wconf 77' lang='lat' dir='ltr'>Loquere</span> <span class='ocrx_word' id='word_1_807' title='bbox 2701 3526 2771 3581; x_wconf 89' lang='lat' dir='ltr'>ad</span> <span class='ocrx_word' id='word_1_808' title='bbox 2790 3526 2933 3594; x_wconf 84' lang='lat' dir='ltr'>ﬁlios</span> <span class='ocrx_word' id='word_1_809' title='bbox 2963 3526 3128 3580; x_wconf 79' lang='lat' dir='ltr'>Israel</span> <span class='ocrx_word' id='word_1_810' title='bbox 3149 3542 3168 3580; x_wconf 88' lang='lat'><strong><em>:</em></strong></span> <span class='ocrx_word' id='word_1_811' title='bbox 3199 3525 3290 3578; x_wconf 84' lang='lat' dir='ltr'>Vir</span> <span class='ocrx_word' id='word_1_812' title='bbox 3306 3524 3423 3579; x_wconf 86' lang='lat' dir='ltr'>sive</span> <span class='ocrx_word' id='word_1_813' title='bbox 3441 3523 3649 3597; x_wconf 84' lang='lat' dir='ltr'>mulier</span> 
     </span>
    </p>
   </div>
   <div class='ocr_carea' id='block_1_122' title="bbox 1997 3594 3646 3682">
    <p class='ocr_par' dir='ltr' id='par_1_122' title="bbox 1997 3594 3646 3682">
     <span class='ocr_line' id='line_1_125' title="bbox 1997 3594 3646 3682; baseline -0.002 -30"><span class='ocrx_word' id='word_1_814' title='bbox 1997 3594 2125 3682; x_wconf 57' lang='lat' dir='ltr'>{um</span> <span class='ocrx_word' id='word_1_815' title='bbox 2147 3594 2383 3682; x_wconf 65' lang='lat' dir='ltr'>fecerint</span> <span class='ocrx_word' id='word_1_816' title='bbox 2412 3594 2613 3668; x_wconf 81' lang='lat' dir='ltr'>votum,</span> <span class='ocrx_word' id='word_1_817' title='bbox 2646 3607 2709 3653; x_wconf 90' lang='lat' dir='ltr'>ut</span> <span class='ocrx_word' id='word_1_818' title='bbox 2736 3597 3181 3682; x_wconf 63' lang='lat' dir='ltr'>saucii/iocatur,</span> <span class='ocrx_word' id='word_1_819' title='bbox 3203 3598 3254 3651; x_wconf 87' lang='lat' dir='ltr'>et</span> <span class='ocrx_word' id='word_1_820' title='bbox 3282 3611 3340 3682; x_wconf 74' lang='lat' dir='ltr'>se</span> <span class='ocrx_word' id='word_1_821' title='bbox 3358 3594 3646 3678; x_wconf 40' lang='lat' dir='ltr'>.voluermt</span> 
     </span>
    </p>
   </div>
   <div class='ocr_carea' id='block_1_123' title="bbox 2000 3667 3643 3739">
    <p class='ocr_par' dir='ltr' id='par_1_123' title="bbox 2000 3667 3643 3739">
     <span class='ocr_line' id='line_1_126' title="bbox 2000 3667 3643 3739; baseline -0.004 -14"><span class='ocrx_word' id='word_1_822' title='bbox 2000 3667 2230 3725; x_wconf 84' lang='lat' dir='ltr'>Domino</span> <span class='ocrx_word' id='word_1_823' title='bbox 2251 3684 2654 3725; x_wconf 64' lang='lat' dir='ltr'>consecrare...</span> <span class='ocrx_word' id='word_1_824' title='bbox 2677 3670 2831 3725; x_wconf 87' lang='lat' dir='ltr'>omni</span> <span class='ocrx_word' id='word_1_825' title='bbox 2856 3673 3099 3739; x_wconf 86' lang='lat' dir='ltr'>tempore</span> <span class='ocrx_word' id='word_1_826' title='bbox 3123 3667 3487 3739; x_wconf 59' lang='lat' dir='ltr'>separatienis</span> <span class='ocrx_word' id='word_1_827' title='bbox 3506 3680 3643 3739; x_wconf 64' lang='lat' dir='ltr'>suav,</span> 
     </span>
    </p>
   </div>
   <div class='ocr_carea' id='block_1_124' title="bbox 1996 3738 3643 3811">
    <p class='ocr_par' dir='ltr' id='par_1_124' title="bbox 1996 3738 3643 3811">
     <span class='ocr_line' id='line_1_127' title="bbox 1996 3738 3643 3811; baseline -0.004 -13"><span class='ocrx_word' id='word_1_828' title='bbox 1996 3742 2265 3798; x_wconf 84' lang='lat' dir='ltr'>novacula</span> <span class='ocrx_word' id='word_1_829' title='bbox 2295 3756 2408 3795; x_wconf 89' lang='lat' dir='ltr'>non</span> <span class='ocrx_word' id='word_1_830' title='bbox 2440 3742 2698 3798; x_wconf 77' lang='lat' dir='ltr'>transibit</span> <span class='ocrx_word' id='word_1_831' title='bbox 2727 3743 2892 3811; x_wconf 87' lang='lat' dir='ltr'>caput</span> <span class='ocrx_word' id='word_1_832' title='bbox 2920 3738 3083 3794; x_wconf 82' lang='lat' dir='ltr'>suum</span> <span class='ocrx_word' id='word_1_833' title='bbox 3112 3753 3283 3811; x_wconf 83' lang='lat' dir='ltr'>usque</span> <span class='ocrx_word' id='word_1_834' title='bbox 3310 3738 3643 3811; x_wconf 25' lang='lat' dir='ltr'>adﬁcomple-</span> 
     </span>
    </p>
   </div>
   <div class='ocr_carea' id='block_1_125' title="bbox 1997 3808 3645 3894">
    <p class='ocr_par' dir='ltr' id='par_1_125' title="bbox 1997 3808 3645 3894">
     <span class='ocr_line' id='line_1_128' title="bbox 1997 3808 3645 3894; baseline -0.003 -27"><span class='ocrx_word' id='word_1_835' title='bbox 1997 3818 2117 3894; x_wconf 75' lang='lat' dir='ltr'>tum</span> <span class='ocrx_word' id='word_1_836' title='bbox 2145 3813 2287 3868; x_wconf 86' lang='lat' dir='ltr'>diem</span> <span class='ocrx_word' id='word_1_837' title='bbox 2303 3828 2414 3894; x_wconf 86' lang='lat' dir='ltr'>_quo</span> <span class='ocrx_word' id='word_1_838' title='bbox 2436 3814 2666 3894; x_wconf 79' lang='lat' dir='ltr'>Domino</span> <span class='ocrx_word' id='word_1_839' title='bbox 2684 3808 3050 3894; x_wconf 70' lang='lat' dir='ltr'>consecratur</span> <span class='ocrx_word' id='word_1_840' title='bbox 3067 3808 3268 3894; x_wconf 36' lang='lat' dir='ltr'>(h-)_.nEx</span> <span class='ocrx_word' id='word_1_841' title='bbox 3283 3808 3500 3894; x_wconf 79' lang='lat' dir='ltr'>quibus</span> <span class='ocrx_word' id='word_1_842' title='bbox 3522 3824 3645 3863; x_wconf 82' lang='lat' dir='ltr'>ver-</span> 
     </span>
    </p>
   </div>
   <div class='ocr_carea' id='block_1_126' title="bbox 1998 3880 3645 3956">
    <p class='ocr_par' dir='ltr' id='par_1_126' title="bbox 1998 3880 3645 3956">
     <span class='ocr_line' id='line_1_129' title="bbox 1998 3880 3645 3956; baseline -0.004 -16"><span class='ocrx_word' id='word_1_843' title='bbox 1998 3886 2089 3940; x_wconf 89' lang='lat' dir='ltr'>bis</span> <span class='ocrx_word' id='word_1_844' title='bbox 2122 3880 2429 3956; x_wconf 82' lang='lat' dir='ltr'>perspicue</span> <span class='ocrx_word' id='word_1_845' title='bbox 2473 3890 2701 3940; x_wconf 89' lang='lat' dir='ltr'>constat</span> <span class='ocrx_word' id='word_1_846' title='bbox 2742 3885 2923 3956; x_wconf 83' lang='lat' dir='ltr'>totius</span> <span class='ocrx_word' id='word_1_847' title='bbox 2973 3880 3455 3956; x_wconf 80' lang='lat' dir='ltr'>sanctiﬁcationis</span> <span class='ocrx_word' id='word_1_848' title='bbox 3486 3895 3645 3956; x_wconf 76' lang='lat' dir='ltr'>eom-</span> 
     </span>
    </p>
   </div>
   <div class='ocr_carea' id='block_1_127' title="bbox 2000 3951 3639 4028">
    <p class='ocr_par' dir='ltr' id='par_1_127' title="bbox 2000 3951 3639 4028">
     <span class='ocr_line' id='line_1_130' title="bbox 2000 3951 3639 4028; baseline -0.004 -17"><span class='ocrx_word' id='word_1_849' title='bbox 2000 3951 2382 4028; x_wconf 80' lang='lat' dir='ltr'>plementum,</span> <span class='ocrx_word' id='word_1_850' title='bbox 2414 3961 2531 4011; x_wconf 91' lang='lat' dir='ltr'>tam</span> <span class='ocrx_word' id='word_1_851' title='bbox 2584 3972 2685 4027; x_wconf 90' lang='lat' dir='ltr'>pro</span> <span class='ocrx_word' id='word_1_852' title='bbox 2716 3955 3080 4028; x_wconf 88' lang='lat' dir='ltr'>viris__quam</span> <span class='ocrx_word' id='word_1_853' title='bbox 3115 3970 3218 4025; x_wconf 91' lang='lat' dir='ltr'>pro</span> <span class='ocrx_word' id='word_1_854' title='bbox 3269 3951 3639 4028; x_wconf 62' lang='lat' dir='ltr'>mulieribus,</span> 
     </span>
    </p>
   </div>
   <div class='ocr_carea' id='block_1_128' title="bbox 1999 4022 3644 4111">
    <p class='ocr_par' dir='ltr' id='par_1_128' title="bbox 1999 4022 3644 4111">
     <span class='ocr_line' id='line_1_131' title="bbox 1999 4022 3644 4111; baseline -0.004 -29"><span class='ocrx_word' id='word_1_855' title='bbox 1999 4022 2097 4111; x_wconf 70' lang='lat' dir='ltr'>qui</span> <span class='ocrx_word' id='word_1_856' title='bbox 2129 4029 2198 4110; x_wconf 76' lang='lat' dir='ltr'>ad</span> <span class='ocrx_word' id='word_1_857' title='bbox 2234 4032 2465 4111; x_wconf 76' lang='lat' dir='ltr'>tempus</span> <span class='ocrx_word' id='word_1_858' title='bbox 2512 4022 2815 4111; x_wconf 72' lang='lat' dir='ltr'>dumtaxat</span> <span class='ocrx_word' id='word_1_859' title='bbox 2857 4022 3253 4111; x_wconf 66' lang='lat' dir='ltr'>Nazarmatum</span> <span class='ocrx_word' id='word_1_860' title='bbox 3288 4022 3644 4111; x_wconf 32' lang='lat' dir='ltr'>prgoii‘teban-</span> 
     </span>
    </p>
   </div>
   <div class='ocr_carea' id='block_1_129' title="bbox 1998 4092 3641 4169">
    <p class='ocr_par' dir='ltr' id='par_1_129' title="bbox 1998 4092 3641 4169">
     <span class='ocr_line' id='line_1_132' title="bbox 1998 4092 3641 4169; baseline -0.005 -16"><span class='ocrx_word' id='word_1_861' title='bbox 1998 4092 2119 4163; x_wconf 68' lang='lat' dir='ltr'>tur,</span> <span class='ocrx_word' id='word_1_862' title='bbox 2152 4100 2210 4153; x_wconf 92' lang='lat' dir='ltr'>in</span> <span class='ocrx_word' id='word_1_863' title='bbox 2243 4092 2585 4169; x_wconf 83' lang='lat' dir='ltr'>capillorum</span> <span class='ocrx_word' id='word_1_864' title='bbox 2622 4098 2883 4169; x_wconf 81' lang='lat' dir='ltr'>tonsione</span> <span class='ocrx_word' id='word_1_865' title='bbox 2915 4097 3207 4169; x_wconf 85' lang='lat' dir='ltr'>totiusque</span> <span class='ocrx_word' id='word_1_866' title='bbox 3237 4092 3445 4169; x_wconf 62' lang='lat' dir='ltr'>capitis</span> <span class='ocrx_word' id='word_1_867' title='bbox 3474 4092 3641 4169; x_wconf 70' lang='lat' dir='ltr'>abra-</span> 
     </span>
    </p>
   </div>
   <div class='ocr_carea' id='block_1_130' title="bbox 1997 4161 3641 4236">
    <p class='ocr_par' dir='ltr' id='par_1_130' title="bbox 1997 4161 3641 4236">
     <span class='ocr_line' id='line_1_133' title="bbox 1997 4161 3641 4236; baseline -0.005 -11"><span class='ocrx_word' id='word_1_868' title='bbox 1997 4161 2158 4225; x_wconf 84' lang='lat' dir='ltr'>sione</span> <span class='ocrx_word' id='word_1_869' title='bbox 2206 4161 2559 4224; x_wconf 74' lang='lat' dir='ltr'>constitisse.</span> <span class='ocrx_word' id='word_1_870' title='bbox 2610 4168 2713 4222; x_wconf 88' lang='lat' dir='ltr'>Sed</span> <span class='ocrx_word' id='word_1_871' title='bbox 2748 4161 3129 4221; x_wconf 77' lang='lat' dir='ltr'>illucescente</span> <span class='ocrx_word' id='word_1_872' title='bbox 3162 4167 3285 4236; x_wconf 88' lang='lat' dir='ltr'>jam</span> <span class='ocrx_word' id='word_1_873' title='bbox 3310 4161 3641 4236; x_wconf 49' lang='lat' dir='ltr'>&#39;Evangelio</span> 
     </span>
    </p>
   </div>
   <div class='ocr_carea' id='block_1_131' title="bbox 1998 4234 3641 4312">
    <p class='ocr_par' dir='ltr' id='par_1_131' title="bbox 1998 4234 3641 4312">
     <span class='ocr_line' id='line_1_134' title="bbox 1998 4234 3641 4312; baseline -0.005 -16"><span class='ocrx_word' id='word_1_874' title='bbox 1998 4242 2285 4312; x_wconf 89' lang='lat' dir='ltr'>ejusmodi</span> <span class='ocrx_word' id='word_1_875' title='bbox 2336 4240 2427 4295; x_wconf 81' lang='lat' dir='ltr'>lex</span> <span class='ocrx_word' id='word_1_876' title='bbox 2463 4255 2610 4312; x_wconf 69' lang='lat' dir='ltr'>non</span> <span class='ocrx_word' id='word_1_877' title='bbox 2643 4239 3076 4312; x_wconf 76' lang='lat' dir='ltr'>fuit_abrogata</span> <span class='ocrx_word' id='word_1_878' title='bbox 3107 4254 3120 4292; x_wconf 90' lang='lat'>:</span> <span class='ocrx_word' id='word_1_879' title='bbox 3156 4234 3342 4312; x_wconf 75' lang='lat' dir='ltr'>immo</span> <span class='ocrx_word' id='word_1_880' title='bbox 3387 4234 3641 4312; x_wconf 72' lang='lat' dir='ltr'>maxime</span> 
     </span>
    </p>
   </div>
   <div class='ocr_carea' id='block_1_132' title="bbox 1998 4306 3643 4383">
    <p class='ocr_par' dir='ltr' id='par_1_132' title="bbox 1998 4306 3643 4383">
     <span class='ocr_line' id='line_1_135' title="bbox 1998 4306 3643 4383; baseline -0.004 -17"><span class='ocrx_word' id='word_1_881' title='bbox 1998 4306 2249 4383; x_wconf 72' lang='lat' dir='ltr'>vigebat,</span> <span class='ocrx_word' id='word_1_882' title='bbox 2283 4311 2515 4381; x_wconf 91' lang='lat' dir='ltr'>quando</span> <span class='ocrx_word' id='word_1_883' title='bbox 2560 4310 2714 4383; x_wconf 83' lang='lat' dir='ltr'>idem</span> <span class='ocrx_word' id='word_1_884' title='bbox 2738 4306 2983 4383; x_wconf 20' lang='lat' dir='ltr'>iPaulu‘s</span> <span class='ocrx_word' id='word_1_885' title='bbox 3024 4324 3160 4383; x_wconf 82' lang='lat' dir='ltr'>eam</span> <span class='ocrx_word' id='word_1_886' title='bbox 3192 4309 3262 4363; x_wconf 88' lang='lat' dir='ltr'>ad</span> <span class='ocrx_word' id='word_1_887' title='bbox 3310 4306 3643 4383; x_wconf 78' lang='lat' dir='ltr'>Corinthios</span> 
     </span>
    </p>
   </div>
   <div class='ocr_carea' id='block_1_133' title="bbox 1998 4376 3644 4457">
    <p class='ocr_par' dir='ltr' id='par_1_133' title="bbox 1998 4376 3644 4457">
     <span class='ocr_line' id='line_1_136' title="bbox 1998 4376 3644 4457; baseline -0.005 -18"><span class='ocrx_word' id='word_1_888' title='bbox 1998 4376 2317 4457; x_wconf 45' lang='lat' dir='ltr'>Ep&#39;istolani</span> <span class='ocrx_word' id='word_1_889' title='bbox 2385 4380 2638 4457; x_wconf 74' lang='lat' dir='ltr'>scripsit.</span> <span class='ocrx_word' id='word_1_890' title='bbox 2697 4382 2946 4457; x_wconf 45' lang='lat' dir='ltr'>Etenim</span> <span class='ocrx_word' id='word_1_891' title='bbox 3023 4381 3271 4457; x_wconf 79' lang='lat' dir='ltr'>ipsemet</span> <span class='ocrx_word' id='word_1_892' title='bbox 3327 4376 3644 4457; x_wconf 79' lang='lat' dir='ltr'>Apostolus</span> 
     </span>
    </p>
   </div>
   <div class='ocr_carea' id='block_1_134' title="bbox 1998 4450 3642 4531">
    <p class='ocr_par' dir='ltr' id='par_1_134' title="bbox 1998 4450 3642 4531">
     <span class='ocr_line' id='line_1_137' title="bbox 1998 4450 3642 4531; baseline -0.005 -21"><span class='ocrx_word' id='word_1_893' title='bbox 1998 4450 2180 4531; x_wconf 67' lang='lat' dir='ltr'>paulo</span> <span class='ocrx_word' id='word_1_894' title='bbox 2208 4456 2359 4531; x_wconf 80' lang='lat' dir='ltr'>post_</span> <span class='ocrx_word' id='word_1_895' title='bbox 2384 4450 2648 4531; x_wconf 83' lang='lat' dir='ltr'>eamdem</span> <span class='ocrx_word' id='word_1_896' title='bbox 2697 4450 3066 4531; x_wconf 70' lang='lat' dir='ltr'>Nazareeatus</span> <span class='ocrx_word' id='word_1_897' title='bbox 3114 4452 3300 4525; x_wconf 88' lang='lat' dir='ltr'>legem</span> <span class='ocrx_word' id='word_1_898' title='bbox 3342 4450 3642 4531; x_wconf 63' lang='lat' dir='ltr'>professus</span> 
     </span>
    </p>
   </div>
   <div class='ocr_carea' id='block_1_135' title="bbox 2001 4522 3644 4599">
    <p class='ocr_par' dir='ltr' id='par_1_135' title="bbox 2001 4522 3644 4599">
     <span class='ocr_line' id='line_1_138' title="bbox 2001 4522 3644 4599; baseline -0.006 -16"><span class='ocrx_word' id='word_1_899' title='bbox 2001 4522 2107 4583; x_wconf 75' lang='lat' dir='ltr'>est.</span> <span class='ocrx_word' id='word_1_900' title='bbox 2142 4522 2461 4599; x_wconf 81' lang='lat' dir='ltr'>Epistulam</span> <span class='ocrx_word' id='word_1_901' title='bbox 2512 4524 2728 4599; x_wconf 85' lang='lat' dir='ltr'>quippe</span> <span class='ocrx_word' id='word_1_902' title='bbox 2759 4527 2828 4581; x_wconf 89' lang='lat' dir='ltr'>de</span> <span class='ocrx_word' id='word_1_903' title='bbox 2861 4525 3062 4599; x_wconf 67' lang='lat' dir='ltr'>quain</span> <span class='ocrx_word' id='word_1_904' title='bbox 3109 4522 3366 4599; x_wconf 65' lang='lat' dir='ltr'>priesens</span> <span class='ocrx_word' id='word_1_905' title='bbox 3404 4522 3644 4575; x_wconf 91' lang='lat' dir='ltr'>disseri-</span> 
     </span>
    </p>
   </div>
   <div class='ocr_carea' id='block_1_136' title="bbox 2002 4595 3645 4684">
    <p class='ocr_par' dir='ltr' id='par_1_136' title="bbox 2002 4595 3645 4684">
     <span class='ocr_line' id='line_1_139' title="bbox 2002 4595 3645 4684; baseline -0.005 -30"><span class='ocrx_word' id='word_1_906' title='bbox 2002 4616 2136 4684; x_wconf 79' lang='lat' dir='ltr'>mus</span> <span class='ocrx_word' id='word_1_907' title='bbox 2169 4595 2484 4684; x_wconf 77' lang='lat' dir='ltr'>antequam</span> <span class='ocrx_word' id='word_1_908' title='bbox 2528 4595 2804 4684; x_wconf 50' lang='lat' dir='ltr'>Achaiam</span> <span class='ocrx_word' id='word_1_909' title='bbox 2854 4602 2911 4651; x_wconf 91' lang='lat' dir='ltr'>et</span> <span class='ocrx_word' id='word_1_910' title='bbox 2942 4595 3344 4680; x_wconf 75' lang='lat' dir='ltr'>Macedoniam</span> <span class='ocrx_word' id='word_1_911' title='bbox 3372 4608 3645 4665; x_wconf 83' lang='lat' dir='ltr'>peragra-</span> 
     </span>
    </p>
   </div>
   <div class='ocr_carea' id='block_1_137' title="bbox 2002 4669 3646 4741">
    <p class='ocr_par' dir='ltr' id='par_1_137' title="bbox 2002 4669 3646 4741">
     <span class='ocr_line' id='line_1_140' title="bbox 2002 4669 3646 4741; baseline -0.004 -16"><span class='ocrx_word' id='word_1_912' title='bbox 2002 4675 2090 4726; x_wconf 89' lang='lat' dir='ltr'>ret</span> <span class='ocrx_word' id='word_1_913' title='bbox 2119 4669 2487 4741; x_wconf 90' lang='lat' dir='ltr'>conscripsit,</span> <span class='ocrx_word' id='word_1_914' title='bbox 2519 4674 2575 4741; x_wconf 83' lang='lat' dir='ltr'>et</span> <span class='ocrx_word' id='word_1_915' title='bbox 2606 4670 2675 4722; x_wconf 88' lang='lat' dir='ltr'>ad</span> <span class='ocrx_word' id='word_1_916' title='bbox 2707 4685 2922 4741; x_wconf 89' lang='lat' dir='ltr'>annum</span> <span class='ocrx_word' id='word_1_917' title='bbox 2957 4669 3516 4741; x_wconf 81' lang='lat' dir='ltr'>quinquagesimum</span> <span class='ocrx_word' id='word_1_918' title='bbox 3550 4679 3646 4741; x_wconf 88' lang='lat' dir='ltr'>se-</span> 
     </span>
    </p>
   </div>
   <div class='ocr_carea' id='block_1_138' title="bbox 2004 4738 3648 4818">
    <p class='ocr_par' dir='ltr' id='par_1_138' title="bbox 2004 4738 3648 4818">
     <span class='ocr_line' id='line_1_141' title="bbox 2004 4738 3648 4818; baseline -0.005 -21"><span class='ocrx_word' id='word_1_919' title='bbox 2004 4743 2251 4818; x_wconf 82' lang='lat' dir='ltr'>ptimum</span> <span class='ocrx_word' id='word_1_920' title='bbox 2279 4738 2408 4818; x_wconf 57' lang='lat' dir='ltr'>mra;</span> <span class='ocrx_word' id='word_1_921' title='bbox 2459 4740 2737 4818; x_wconf 73' lang='lat' dir='ltr'>vulgaris,</span> <span class='ocrx_word' id='word_1_922' title='bbox 2770 4740 2878 4818; x_wconf 36' lang='lat' dir='ltr'>qui.</span> <span class='ocrx_word' id='word_1_923' title='bbox 2902 4746 3007 4818; x_wconf 23' lang='lat' dir='ltr'>est.</span> <span class='ocrx_word' id='word_1_924' title='bbox 3036 4738 3355 4818; x_wconf 68' lang='lat' dir='ltr'>vigesimps</span> <span class='ocrx_word' id='word_1_925' title='bbox 3399 4740 3648 4818; x_wconf 64' lang='lat' dir='ltr'>quartus</span> 
     </span>
    </p>
   </div>
   <div class='ocr_carea' id='block_1_139' title="bbox 2001 4806 3648 4876">
    <p class='ocr_par' dir='ltr' id='par_1_139' title="bbox 2001 4806 3648 4876">
     <span class='ocr_line' id='line_1_142' title="bbox 2001 4806 3648 4876; baseline -0.004 -9"><span class='ocrx_word' id='word_1_926' title='bbox 2001 4806 2036 4867; x_wconf 75' lang='lat' dir='ltr'>a</span> <span class='ocrx_word' id='word_1_927' title='bbox 2079 4813 2290 4867; x_wconf 86' lang='lat' dir='ltr'>Christi</span> <span class='ocrx_word' id='word_1_928' title='bbox 2344 4806 2803 4876; x_wconf 60' lang='lat' dir='ltr'>morte,&#39;rel‘erri</span> <span class='ocrx_word' id='word_1_929' title='bbox 2848 4811 3034 4865; x_wconf 80' lang='lat' dir='ltr'>debet.</span> <span class='ocrx_word' id='word_1_930' title='bbox 3086 4806 3331 4872; x_wconf 87' lang='lat' dir='ltr'>Quando</span> <span class='ocrx_word' id='word_1_931' title='bbox 3379 4806 3648 4862; x_wconf 87' lang='lat' dir='ltr'>videlicet</span> 
     </span>
    </p>
   </div>
   <div class='ocr_carea' id='block_1_140' title="bbox 2000 4880 3644 4954">
    <p class='ocr_par' dir='ltr' id='par_1_140' title="bbox 2000 4880 3644 4954">
     <span class='ocr_line' id='line_1_143' title="bbox 2000 4880 3644 4954; baseline -0.003 -16"><span class='ocrx_word' id='word_1_932' title='bbox 2000 4884 2432 4940; x_wconf 83' lang='lat' dir='ltr'>Corinthiorum</span> <span class='ocrx_word' id='word_1_933' title='bbox 2468 4880 2667 4954; x_wconf 89' lang='lat' dir='ltr'>populi</span> <span class='ocrx_word' id='word_1_934' title='bbox 2698 4881 2913 4954; x_wconf 84' lang='lat' dir='ltr'>Ephesi</span> <span class='ocrx_word' id='word_1_935' title='bbox 2937 4882 3235 4954; x_wconf 84' lang='lat' dir='ltr'>miserunt</span> <span class='ocrx_word' id='word_1_936' title='bbox 3256 4880 3644 4954; x_wconf 84' lang='lat' dir='ltr'>Stephanum,</span> 
     </span>
    </p>
   </div>
   <div class='ocr_carea' id='block_1_141' title="bbox 2003 4952 3646 5025">
    <p class='ocr_par' dir='ltr' id='par_1_141' title="bbox 2003 4952 3646 5025">
     <span class='ocr_line' id='line_1_144' title="bbox 2003 4952 3646 5025; baseline -0.002 -15"><span class='ocrx_word' id='word_1_937' title='bbox 2003 4957 2382 5011; x_wconf 86' lang='lat' dir='ltr'>Fortunatum</span> <span class='ocrx_word' id='word_1_938' title='bbox 2434 4952 2491 5007; x_wconf 84' lang='lat' dir='ltr'>et</span> <span class='ocrx_word' id='word_1_939' title='bbox 2542 4952 2849 5007; x_wconf 80' lang='lat' dir='ltr'>Achaicum</span> <span class='ocrx_word' id='word_1_940' title='bbox 2906 4954 2975 5008; x_wconf 88' lang='lat' dir='ltr'>ad</span> <span class='ocrx_word' id='word_1_941' title='bbox 3012 4952 3646 5025; x_wconf 30' lang='lat' dir='ltr'>Apostolum’invisen-</span> 
     </span>
    </p>
   </div>
   <div class='ocr_carea' id='block_1_142' title="bbox 1998 5025 3645 5095">
    <p class='ocr_par' dir='ltr' id='par_1_142' title="bbox 1998 5025 3645 5095">
     <span class='ocr_line' id='line_1_145' title="bbox 1998 5025 3645 5095; baseline -0.004 -13"><span class='ocrx_word' id='word_1_942' title='bbox 1998 5027 2162 5095; x_wconf 85' lang='lat' dir='ltr'>dum,</span> <span class='ocrx_word' id='word_1_943' title='bbox 2196 5032 2259 5080; x_wconf 88' lang='lat' dir='ltr'>ut</span> <span class='ocrx_word' id='word_1_944' title='bbox 2291 5025 2601 5080; x_wconf 87' lang='lat' dir='ltr'>deducitur</span> <span class='ocrx_word' id='word_1_945' title='bbox 2632 5040 2699 5078; x_wconf 85' lang='lat' dir='ltr'>ex</span> <span class='ocrx_word' id='word_1_946' title='bbox 2748 5040 2873 5095; x_wconf 91' lang='lat' dir='ltr'>cap.</span> <span class='ocrx_word' id='word_1_947' title='bbox 2925 5041 2999 5091; x_wconf 76' lang='lat' dir='ltr'>xv,</span> <span class='ocrx_word' id='word_1_948' title='bbox 3048 5042 3105 5080; x_wconf 74' lang='grc' dir='ltr'><strong>χι</strong></span> <span class='ocrx_word' id='word_1_949' title='bbox 3153 5029 3209 5079; x_wconf 91' lang='lat' dir='ltr'>et</span> <span class='ocrx_word' id='word_1_950' title='bbox 3237 5041 3350 5090; x_wconf 76' lang='lat' dir='ltr'>xvr,</span> <span class='ocrx_word' id='word_1_951' title='bbox 3383 5026 3645 5094; x_wconf 86' lang='lat' dir='ltr'>ejusdem</span> 
     </span>
    </p>
   </div>
   <div class='ocr_carea' id='block_1_143' title="bbox 1998 5095 3645 5181">
    <p class='ocr_par' dir='ltr' id='par_1_143' title="bbox 1998 5095 3645 5181">
     <span class='ocr_line' id='line_1_146' title="bbox 1998 5095 3645 5181; baseline -0.005 -27"><span class='ocrx_word' id='word_1_952' title='bbox 1998 5097 2295 5181; x_wconf 67' lang='lat' dir='ltr'>epistolm._</span> <span class='ocrx_word' id='word_1_953' title='bbox 2324 5095 2685 5181; x_wconf 39' lang='lat' dir='ltr'>Atqui‘idem.</span> <span class='ocrx_word' id='word_1_954' title='bbox 2732 5098 3048 5181; x_wconf 77' lang='lat' dir='ltr'>Apostolus</span> <span class='ocrx_word' id='word_1_955' title='bbox 3098 5096 3333 5181; x_wconf 77' lang='lat' dir='ltr'>biennio</span> <span class='ocrx_word' id='word_1_956' title='bbox 3350 5100 3514 5181; x_wconf 67' lang='lat' dir='ltr'>post,</span> <span class='ocrx_word' id='word_1_957' title='bbox 3547 5110 3645 5175; x_wconf 61' lang='lat' dir='ltr'>va-</span> 
     </span>
    </p>
   </div>
   <div class='ocr_carea' id='block_1_144' title="bbox 1998 5166 3643 5233">
    <p class='ocr_par' dir='ltr' id='par_1_144' title="bbox 1998 5166 3643 5233">
     <span class='ocr_line' id='line_1_147' title="bbox 1998 5166 3643 5233; baseline -0.004 -8"><span class='ocrx_word' id='word_1_958' title='bbox 1998 5166 2104 5225; x_wconf 84' lang='lat' dir='ltr'>riis</span> <span class='ocrx_word' id='word_1_959' title='bbox 2136 5166 2430 5225; x_wconf 78' lang='lat' dir='ltr'>absolutis</span> <span class='ocrx_word' id='word_1_960' title='bbox 2472 5166 2804 5233; x_wconf 66' lang='lat' dir='ltr'>itineribus,</span> <span class='ocrx_word' id='word_1_961' title='bbox 2839 5184 2901 5223; x_wconf 89' lang='lat' dir='ltr'>se</span> <span class='ocrx_word' id='word_1_962' title='bbox 2949 5168 3200 5223; x_wconf 91' lang='lat' dir='ltr'>totondit</span> <span class='ocrx_word' id='word_1_963' title='bbox 3248 5169 3305 5222; x_wconf 90' lang='lat' dir='ltr'>in</span> <span class='ocrx_word' id='word_1_964' title='bbox 3345 5166 3643 5226; x_wconf 89' lang='lat' dir='ltr'>Cenchris.</span> 
     </span>
    </p>
   </div>
   <div class='ocr_carea' id='block_1_145' title="bbox 2041 5236 3647 5312">
    <p class='ocr_par' dir='ltr' id='par_1_145' title="bbox 2041 5236 3647 5312">
     <span class='ocr_line' id='line_1_148' title="bbox 2041 5236 3647 5312; baseline -0.004 -15"><span class='ocrx_word' id='word_1_965' title='bbox 2041 5248 2232 5312; x_wconf 92' lang='lat' dir='ltr'>ropter</span> <span class='ocrx_word' id='word_1_966' title='bbox 2260 5246 2624 5295; x_wconf 72' lang='lat' dir='ltr'>Nazarazatus</span> <span class='ocrx_word' id='word_1_967' title='bbox 2645 5246 2868 5304; x_wconf 88' lang='lat' dir='ltr'>votum,</span> <span class='ocrx_word' id='word_1_968' title='bbox 2892 5246 2956 5294; x_wconf 91' lang='lat' dir='ltr'>ut</span> <span class='ocrx_word' id='word_1_969' title='bbox 2977 5241 3034 5294; x_wconf 83' lang='lat' dir='ltr'>in</span> <span class='ocrx_word' id='word_1_970' title='bbox 3063 5239 3222 5293; x_wconf 86' lang='lat' dir='ltr'>Actis</span> <span class='ocrx_word' id='word_1_971' title='bbox 3245 5236 3647 5312; x_wconf 78' lang='lat' dir='ltr'>apostolorum</span> 
     </span>
    </p>
   </div>
   <div class='ocr_carea' id='block_1_146' title="bbox 1998 5260 3646 5387">
    <p class='ocr_par' dir='ltr' id='par_1_146' title="bbox 1998 5260 3646 5387">
     <span class='ocr_line' id='line_1_149' title="bbox 2041 5260 3646 5312; baseline -0.004 -15"><span class='ocrx_word' id='word_1_972' title='bbox 2041 5260 2232 5312; x_wconf 82' lang='lat' dir='ltr'>ropter</span> <span class='ocrx_word' id='word_1_973' title='bbox 2260 5260 2624 5295; x_wconf 62' lang='lat' dir='ltr'>mazarazatus</span> <span class='ocrx_word' id='word_1_974' title='bbox 2645 5260 2868 5304; x_wconf 76' lang='lat' dir='ltr'>vntum,</span> <span class='ocrx_word' id='word_1_975' title='bbox 2892 5260 2956 5294; x_wconf 66' lang='lat' dir='ltr'>UE</span> <span class='ocrx_word' id='word_1_976' title='bbox 2977 5260 3034 5294; x_wconf 75' lang='lat' dir='ltr'>ll]</span> <span class='ocrx_word' id='word_1_977' title='bbox 3063 5260 3222 5293; x_wconf 76' lang='lat' dir='ltr'>ACUS</span> <span class='ocrx_word' id='word_1_978' title='bbox 3245 5260 3646 5309; x_wconf 68' lang='grc' dir='ltr'>δρυειυιυτυιιι</span> 
     </span>
     <span class='ocr_line' id='line_1_150' title="bbox 1998 5260 3646 5387; baseline -0.005 -18"><span class='ocrx_word' id='word_1_979' title='bbox 1998 5260 2251 5387; x_wconf 60' lang='lat' dir='ltr'>regitur:</span> <span class='ocrx_word' id='word_1_980' title='bbox 2290 5314 2388 5371; x_wconf 86' lang='lat' dir='ltr'>Ubi</span> <span class='ocrx_word' id='word_1_981' title='bbox 2407 5314 2706 5383; x_wconf 80' lang='lat' dir='ltr'>assumptis</span> <span class='ocrx_word' id='word_1_982' title='bbox 2726 5312 2794 5366; x_wconf 90' lang='lat' dir='ltr'>ab</span> <span class='ocrx_word' id='word_1_983' title='bbox 2814 5327 2874 5367; x_wconf 87' lang='lat' dir='ltr'>eo</span> <span class='ocrx_word' id='word_1_984' title='bbox 2899 5320 3129 5382; x_wconf 83' lang='lat' dir='ltr'>quatuor</span> <span class='ocrx_word' id='word_1_985' title='bbox 3155 5312 3291 5367; x_wconf 86' lang='lat' dir='ltr'>viris</span> <span class='ocrx_word' id='word_1_986' title='bbox 3315 5308 3646 5363; x_wconf 81' lang='lat' dir='ltr'>habentibus</span> 
     </span>
    </p>
   </div>
   <div class='ocr_carea' id='block_1_147' title="bbox 2074 5485 3646 5570">
    <p class='ocr_par' dir='ltr' id='par_1_147' title="bbox 2074 5485 3646 5570">
     <span class='ocr_line' id='line_1_151' title="bbox 2074 5485 3646 5570; baseline -0.005 -22"><span class='ocrx_word' id='word_1_987' title='bbox 2074 5492 2145 5565; x_wconf 83' lang='lat' dir='ltr'>(e)</span> <span class='ocrx_word' id='word_1_988' title='bbox 2176 5490 2586 5570; x_wconf 77' lang='lat' dir='ltr'>Ilieronymus,</span> <span class='ocrx_word' id='word_1_989' title='bbox 2639 5488 2701 5570; x_wconf 83' lang='lat' dir='ltr'>in</span> <span class='ocrx_word' id='word_1_990' title='bbox 2747 5506 2987 5570; x_wconf 79' lang='lat' dir='ltr'>cap.__vn</span> <span class='ocrx_word' id='word_1_991' title='bbox 3038 5485 3646 5570; x_wconf 42' lang='lat' dir='ltr'>Ezech.}tmbrpsius,</span> 
     </span>
    </p>
   </div>
   <div class='ocr_carea' id='block_1_148' title="bbox 1999 5558 3647 5648">
    <p class='ocr_par' dir='ltr' id='par_1_148' title="bbox 1999 5558 3647 5648">
     <span class='ocr_line' id='line_1_152' title="bbox 1999 5558 3647 5648; baseline -0.004 -29"><span class='ocrx_word' id='word_1_992' title='bbox 2130 5558 2190 5618; x_wconf 83' lang='grc' dir='ltr'>’νι</span> <span class='ocrx_word' id='word_1_993' title='bbox 2224 5558 2641 5618; x_wconf 77' lang='lat' dir='ltr'>Hexaemeron.</span> <span class='ocrx_word' id='word_1_994' title='bbox 2674 5558 3317 5633; x_wconf 82' lang='lat' dir='ltr'>Augustinus,epistola</span> <span class='ocrx_word' id='word_1_995' title='bbox 3348 5559 3420 5613; x_wconf 90' lang='lat' dir='ltr'>ad</span> <span class='ocrx_word' id='word_1_996' title='bbox 3447 5558 3647 5615; x_wconf 89' lang='lat' dir='ltr'>Possi-</span> 
     </span>
    </p>
   </div>
   <div class='ocr_carea' id='block_1_149' title="bbox 2000 5638 3091 5800">
    <p class='ocr_par' dir='ltr' id='par_1_149' title="bbox 2000 5638 3091 5800">
     <span class='ocr_line' id='line_1_153' title="bbox 2000 5638 3091 5800; baseline -0.002 -41"><span class='ocrx_word' id='word_1_997' title='bbox 2000 5638 2299 5800; x_wconf 50' lang='grc' dir='ltr'>ὼξιχῖξξεδ,</span> <span class='ocrx_word' id='word_1_998' title='bbox 2331 5720 2458 5775; x_wconf 89' lang='lat' dir='ltr'>cap.</span> <span class='ocrx_word' id='word_1_999' title='bbox 2485 5720 2538 5800; x_wconf 53' lang='lat' dir='ltr'>i.‘</span> <span class='ocrx_word' id='word_1_1000' title='bbox 2566 5702 2858 5800; x_wconf 51' lang='lat' dir='ltr'>Mich‘aeas,</span> <span class='ocrx_word' id='word_1_1001' title='bbox 2892 5720 3091 5800; x_wconf 38' lang='lat' dir='ltr'>capit.</span> 
     </span>
    </p>
   </div>
   <div class='ocr_carea' id='block_1_150' title="bbox 2094 5774 3465 5923">
    <p class='ocr_par' dir='ltr' id='par_1_150' title="bbox 2094 5774 3465 5923">
     <span class='ocr_line' id='line_1_154' title="bbox 2094 5774 3465 5851; baseline -0.001 -17"><span class='ocrx_word' id='word_1_1002' title='bbox 2094 5774 2147 5851; x_wconf 57' lang='grc' dir='ltr'>ᾖ)</span> <span class='ocrx_word' id='word_1_1003' title='bbox 2178 5774 2442 5833; x_wconf 79' lang='lat' dir='ltr'>Clemens</span> <span class='ocrx_word' id='word_1_1004' title='bbox 2474 5774 2923 5847; x_wconf 83' lang='lat' dir='ltr'>Alexandrinus,</span> <span class='ocrx_word' id='word_1_1005' title='bbox 2957 5774 3059 5833; x_wconf 92' lang='lat' dir='ltr'>lib.</span> <span class='ocrx_word' id='word_1_1006' title='bbox 3093 5774 3369 5834; x_wconf 84' lang='lat' dir='ltr'>Stromat.</span> <span class='ocrx_word' id='word_1_1007' title='bbox 3401 5788 3465 5833; x_wconf 78' lang='grc' dir='ltr'>ιι.</span> 
     </span>
     <span class='ocr_line' id='line_1_155' title="bbox 2100 5848 2556 5923; baseline -0.011 -15"><span class='ocrx_word' id='word_1_1008' title='bbox 2100 5852 2154 5923; x_wconf 70' lang='lat' dir='ltr'>Ii)</span> <span class='ocrx_word' id='word_1_1009' title='bbox 2186 5851 2359 5908; x_wconf 90' lang='lat' dir='ltr'>Num.</span> <span class='ocrx_word' id='word_1_1010' title='bbox 2392 5864 2469 5919; x_wconf 82' lang='lat' dir='ltr'>v1,</span> <span class='ocrx_word' id='word_1_1011' title='bbox 2499 5848 2556 5904; x_wconf 86' lang='lat'>2.</span> 
     </span>
    </p>
   </div>
  </div>
