4016 6166
242 228 370 291 989

1120 226 1514 289 APPENDIX
1556 229 1657 290 AD
1703 227 2308 292 MANICHEORUM
2350 226 2806 291 HISTORIAM.

3550 227 3672 294 990

248 361 474 447 scripta
497 364 659 430 sunt,
674 359 776 417 sed
796 364 855 417 et
874 359 1199 447 Levitarum
1223 362 1713 447 sacerdotumque
1736 378 1911 447 orna-
1940 364 1996 431 Α
2025 361 2295 447 Romani,
2323 365 2636 447 tamquam.
2657 375 2972 447 summum.
2993 360 3222 447 facinus
3251 359 3512 447 anClodio
3544 378 3672 447 per-

253 438 476 499 menta,
514 449 779 499 munera,
814 434 1207 505 praerogativae
1236 450 1300 488 ac
1322 434 1490 489 dotes
1521 433 1744 504 liquido
1767 435 1909 489 deti-

252 505 534 572 niuntur;
569 522 635 577 ac
666 503 918 577 denique
950 503 1083 559 Levi
1125 505 1433 559 dumtaxat
1462 503 1742 560 masculis
1776 506 1911 561 [iliis

254 577 419 631 istud
451 576 995 649 sacriﬁcandionus
1019 578 1209 632 fuerat
1235 582 1616 631 reservatum.
1636 578 1687 631 Si
1716 577 1910 649 itaque

252 649 507 720 Moyses,
536 648 733 720 divino
757 648 966 719 spiritu
992 649 1261 713 eductus,
1286 649 1389 703 tali
1413 653 1691 720 tantoque
1713 648 1909 705 studio

251 719 489 776 duobus
530 720 589 773 in
624 719 887 791 laudatis
939 720 1103 775 libris
1151 721 1412 788 modum,
1447 719 1705 791 tempus,
1736 738 1909 776 orna-

252 798 482 852 menta,
527 790 921 863 rationem,et
961 792 1334 863 caeremonias
1383 790 1682 847 sacrorum
1734 798 1911 863 atque

250 866 541 944 festorum
562 863 877 944 descripsit
896 862 1293 944 deﬁnivitque,
1309 867 1373 944 _ut
1390 863 1610 944 Hebraei
1632 862 1909 944 nimirum

249 933 564 1007 nihilcum
610 933 860 1007 ethnicis
883 935 1531 1007 communehaberent,
1559 936 1691 1006 quis
1742 952 1911 1007 porro

251 1005 545 1089 suspicari
567 1006 779 1089 poterit
799 1006 1240 1089 Deuteronomii‘
1254 1006 1440 1089 legem
1461 1007 1530 1061 de
1548 1005 1662 1089 qua
1679 1005 1913 1089 agimus

252 1077 537 1149 primario
554 1079 624 1132 ad
639 1077 1111 1133 exterminandos
1129 1077 1520 1134 idololatricos
1536 1077 1680 1133 ritus
1694 1080 1909 1134 editam

254 1150 478 1221 fuisse?
503 1150 578 1204 Eo
604 1150 760 1204 enim
784 1150 843 1205 in
866 1149 1051 1218 capite
1072 1149 1299 1221 Moyses
1324 1166 1427 1205 nec
1452 1167 1633 1207 unum
1655 1152 1726 1206 de
1749 1167 1913 1207 caere-

257 1219 622 1293 monialibus
655 1221 957 1293 praeceptis
989 1219 1227 1293 verbum
1260 1222 1501 1293 protulit
1521 1222 1617 1292 (α).

325 1293 491 1347 Alius
512 1291 692 1363 igitur
718 1292 896 1362 hujus
917 1292 1149 1346 Mosaici
1186 1291 1456 1363 praecepti
1487 1291 1703 1347 mOtiva
1734 1296 1791 1347 et
1820 1310 1909 1347 ra-

253 1363 451 1418 tiones
480 1368 619 1418 sunt
641 1364 982 1435 repetenda;
1008 1379 1113 1417 nec
1136 1364 1207 1417 ab
1227 1364 1340 1417 alia
1362 1365 1562 1435 regula
1580 1380 1751 1435 quam
1773 1381 1805 1418 a
1828 1381 1914 1418 ra-

253 1436 437 1517 tionis
451 1435 1063 1517 naturalisinstitutis,
1077 1435 1148 1489 ad
1164 1452 1339 1517 quam
1354 1439 1575 1507 Moyses
1590 1436 1911 1517 respiciens

251 1506 478 1578 scripto
495 1506 757 1562 deﬁnivit
774 1524 895 1577 quae
910 1506 1203 1578 communi
1226 1506 1630 1562 universarum
1649 1506 1909 1578 gentium

242 1577 397 1649 jure
419 1582 584 1634 erant
630 1579 876 1634 sancita.
913 1577 1115 1650 Populi
1154 1578 1370 1649 quippe
1421 1577 1683 1649 cujusvis
1731 1578 1908 1650 etiam

253 1651 540 1705 immanis
562 1655 618 1705 et
646 1652 907 1723 barbara:
940 1649 1151 1720 gentis,
1173 1658 1487 1723 antequam
1510 1655 1732 1723 Moyses
1765 1649 1911 1706 illud

2019 439 2340 560 getratum,
2373 433 2518 488 illud
2551 433 3000 501 exhorruerunt,
3025 435 3177 505 quod
3210 435 3259 488 is
3291 433 3673 489 femineo'in-

2064 510 2197 560 utus
2230 505 2432 560 habitu
2462 504 2775 560 collegium
2801 506 2972 560 Bome
2993 505 3119 560 Deae
3140 506 3446 560 ingressus
3477 506 3673 560 fuerit.

2064 510 2197 560 utus
2230 505 2432 560 habitu
2462 504 2775 578 collegium
2801 506 2972 561 Bonas
2993 504 3446 579 Deaiingressus
3477 506 3673 579 fuerit,

2018 580 2085 632 ut
2102 580 2321 633 castam
2344 581 2671 649 matronam
2690 583 2892 649 stupro
2911 577 3417 647 comprimeret.Et
3434 578 3673 649 quidem

2019 648 2508 720 ejusmodimala,
2537 654 2638 703 aut
2666 648 3068 720 alia’quaadam
3095 649 3271 705 etiam
3294 648 3580 719 graviOra,
3604 666 3673 705 ex

2019 720 2119 775 illa
2153 719 2485 792 promiscua
2521 721 2770 775 vestium
2814 719 3247 792 permutatione
3276 721 3505 775 evenire
3537 738 3670 791 pos-

2021 798 2188 858 sunt;
2221 792 2372 863 ideo,
2398 797 2657 863 spectata
2684 793 2902 847 saniuri
2928 792 3252 847 disserendi
3278 792 3521 857 ratione,
3543 809 3671 848 cen-

2022 880 2221 918 semus
2252 862 2683 917 Deuteronomii
2735 870 3087 934 praeceptum
3118 881 3233 919 non
3285 864 3564 932 primario
3596 866 3665 919 ad

2020 934 2495 989 exterminandos
2526 935 2922 990 idololatricos
2950 935 3119 1005 ritus,
3143 936 3239 990 sed
3275 936 3344 989 ad
3381 935 3670 991 humanos

2020 1023 2213 1062 mores
2247 1006 2634 1062 moderandos
2666 1008 2869 1061 datum
2904 1006 3104 1062 fuisse.
3139 1008 3207 1062 Et
3237 1007 3495 1077 quidem,
3530 1011 3668 1062 Am-

2018 1079 2216 1133 brosio
2248 1083 2504 1150 auctore,
2538 1078 2844 1133 hominum
2878 1095 3068 1133 mores
3108 1094 3342 1150 semper
3383 1081 3585 1150 turpes
3614 1084 3670 1134 et

2020 1148 2445 1206 abominabiles
2477 1151 2645 1215 fiunt,
2674 1151 2770 1204 ubi
2798 1150 3128 1221 dirigantur
3158 1168 3191 1205 a
3221 1148 3415 1205 studio
3444 1148 3670 1206 celandi

2021 1228 2079 1277 et
2108 1222 2437 1277 occultandi
2469 1239 2671 1276 sexum
2694 1224 2770 1292 (g)
2794 1240 2806 1277 ε
2833 1222 3180 1277 Mendacium
3198 1231 3249 1277 et
3270 1226 3427 1292 turpe
3456 1224 3516 1276 in
3547 1239 3665 1278 ver-

2022 1293 2103 1348 bis
2134 1298 2237 1357 est,
2268 1294 2470 1348 nedum
2500 1300 2557 1348 in
2590 1296 2811 1348 habitu.
2838 1294 3162 1365 Cyprianus
3192 1309 3425 1364 quoque
3445 1298 3567 1365 tam
3586 1294 3669 1346 vi-

2020 1381 2115 1420 ros
2139 1381 2315 1435 quam
2346 1365 2622 1420 mulieres
2645 1366 2742 1434 qui
2772 1364 2933 1420 hisce
2956 1365 3238 1419 abusibus
3262 1369 3469 1420 vacant
3488 1364 3670 1420 veluti

2020 1436 2318 1491 adulteros
2340 1436 2713 1507 reprehendit
2736 1453 2749 1491 :
2772 1438 2960 1491 Manus
2982 1438 3086 1493 Deo
3116 1438 3383 1507 inferunt,
3408 1438 3673 1507 quoniam

2020 1508 2160 1579 illud
2182 1509 2327 1577 quod
2348 1509 2443 1563 ille
2461 1510 2722 1579 formavit
2739 1511 3040 1579 reformare
3058 1508 3404 1564 contendunt.
3418 1507 3523 1563 Cui
3540 1525 3674 1565 con-

2022 1578 2256 1652 cinit_S.
2297 1580 2663 1649 Augustinus
2702 1578 2804 1635 lib.
2834 1598 2874 1635 ιι
2912 1579 3367 1650 Soliloquiorum
3416 1596 3544 1652 cap.
3582 1581 3668 1636 16.

2019 1650 2300 1706 Claudere
2331 1667 2466 1721 ergo
2503 1653 2673 1721 juvat
2713 1652 2871 1707 istud
2920 1652 3332 1722 probationum
3380 1650 3567 1723 genus
3587 1652 3671 1719 (h)

256 1722 847 1797 praceptumscripto
861 1722 1498 1797 consignaret,vestium
1512 1722 1908 1797 diversitatem
1940 1732 1987 1797 Β
2017 1727 2072 1797 S_.
2098 1723 2342 1797 Thomas
2373 1723 2684 1797 Aquinatis
2715 1724 2925 1797 verbis,
2961 1724 3207 1797 quidlad
3242 1739 3363 1778 rem
3392 1722 3670 1797 nostram

253 1794 407 1848 207
446 1794 709 1865 personis
731 1792 787 1847 et
812 1792 974 1848 sexui
997 1794 1548 1863 correspondentem
1580 1794 1637 1848 in
1663 1811 1773 1848 usu
1806 1795 1907 1848 ha-

254 1869 464 1932 buere;
500 1865 821 1936 prrssertim
854 1869 917 1937 ut
950 1880 1136 1937 mares
1160 1882 1191 1918 a
1213 1865 1445 1937 feminis
1476 1866 1909 1937 distingueren-

253 1941 373 1990 tur.
402 1939 589 2002 Quare
620 1953 727 1992 nos
750 1936 953 1991 merito
981 1936 1338 1990 arbitramur
1368 1936 1909 2007 laudatum’praace-

255 2013 428 2079 ptum
451 2008 770 2063 Mosaicum
796 2008 1164 2079 referendum
1185 2024 1314 2063 esse
1334 2008 1405 2062 ad
1428 2008 1678 2078 justitim
1696 2014 1753 2062 et
1771 2007 1911 2063 veri-

254 2078 403 2133 tatis
428 2079 789 2149 prmsidium,
812 2079 882 2135 ad
914 2078 1127 2134 erroris
1146 2084 1203 2134 et
1228 2079 1518 2134 mendacii
1551 2080 1816 2145 exitium,
1835 2080 1906 2134 ad

256 2166 461 2205 rerum
483 2151 736 2222 denique
760 2150 1123 2222 publicarum
1142 2156 1199 2205 et
1222 2151 1577 2222 privatarum
1599 2151 1909 2206 domorum

255 2221 837 2291 tranquillitatemet
864 2223 1107 2277 bonum.
1132 2221 1273 2278 Cum
1300 2223 1497 2293 itaque
1517 2224 1628 2278 tria
1660 2223 1779 2277 haec
1807 2222 1911 2277 hu-

259 2308 457 2348 manis
482 2295 610 2348 vita:
642 2295 971 2359 commoda,
996 2293 1175 2348 nullis
1205 2294 1337 2349 aliis
1369 2294 1427 2349 in
1462 2294 1570 2349 hac
1597 2293 1728 2348 luce
1760 2311 1908 2349 exae-

260 2365 525 2435 quanda,
556 2366 885 2437 animorum
930 2381 1120 2419 mores
1150 2369 1208 2421 et
1246 2365 1519 2421 instituta
1566 2366 1823 2437 dirigant
1852 2370 1910 2420 et

256 2435 735 2519 comppnant,vix
752 2436 1213 2519 dubitarip‘otest
1230 2438 1369 2507 quin
1392 2435 1739 2519 praceptum
1762 2436 1907 2519 illud

259 2507 484 2563 morale
536 2508 633 2576 sit,
658 2524 845 2581 eoque
886 2507 1199 2581 Christiani
1252 2507 1507 2564 maxime
1553 2507 1906 2581 obligentur.

258 2586 472 2634 Annon
522 2578 759 2636 morale
790 2578 934 2634 illud
966 2580 1281 2651 dicendum
1312 2585 1424 2648 est,
1448 2581 1603 2651 quod
1636 2578 1909 2636 a'natura

254 2651 668 2723 proficiscitur,
692 2652 969 2723 quodque
1001 2650 1235 2706 nonnisi
1266 2668 1334 2706 ea
1364 2650 1684 2707 reluctante
1715 2655 1909 2722 potest

252 2722 502 2776 violari?
517 2723 704 2778 Testis
720 2722 814 2777 est
834 2722 1180 2777 Ambrosius
1200 2723 1462 2777 scribens
1480 2724 1561 2793 (ὁ)
1585 2741 1595 2778 :
1620 2726 1732 2780 Cur
1750 2739 1905 2778 men-

253 2793 383 2847 tiris
402 2795 690 2862 feminam,
706 2796 787 2848 vel
818 2803 897 2860 tu,
921 2796 1153 2864 femina,
1179 2796 1392 2848 virum?
1411 2796 1527 2849 suis
1548 2811 1909 2865 unumquem-

255 2881 365 2934 que
387 2881 581 2919 sexum
604 2865 789 2921 induit
808 2870 1014 2920 natura
1035 2866 1407 2923 indumentis;
1438 2866 1686 2920 diversus
1714 2881 1908 2936 cuique

258 2951 413 2999 usus,
438 2940 603 2999 color,
624 2946 824 3002 motus,
847 2939 1111 3001 incessus,
1134 2939 1300 3002 vires,
1325 2937 1548 2992 diversa
1568 2954 1671 2991 vox
1700 2939 1761 2991 in
1790 2939 1906 2992 viro

256 3013 315 3061 et
327 3008 1180 3077 femina.TestisestSenecaita
1194 3006 1479 3063 Lucillum
1495 3008 1798 3079 alloquens
1811 3008 1901 3080 (c):

2018 1794 2103 1849 sic
2136 1793 2375 1865 scripsit
2403 1811 2415 1847 :
2442 1794 2593 1849 208
2617 1796 2771 1862 Quod
2792 1793 2999 1849 mulier
3023 1796 3297 1850 induatur
3326 1803 3465 1849 veste
3494 1795 3672 1860 virili,

2016 1874 2115 1921 aut
2145 1881 2172 1919 e
2201 1880 2474 1937 converso,
2500 1867 2836 1921 incentivum
2856 1875 2934 1921 est
2951 1868 3426 1937 concupiscentia,
3447 1869 3498 1921 et
3518 1881 3671 1923 occa-

2014 1939 2225 1994 sionem
2254 1936 2485 1991 libidini
2508 1942 2759 2006 prastat.
2950 1968 2957 1973 -
3119 1936 3130 1937 ’
3410 1936 3415 1937 '
3490 1970 3493 1973 γ

2090 2008 2240 2063 Sunt
2270 2014 2461 2062 tamen
2494 2012 2551 2062 et
2578 2007 2702 2063 aliis
2734 2007 3170 2080 huiusMosaici
3206 2007 3477 2080 praecepti
3508 2022 3667 2078 mys-

2017 2079 2148 2135 ticae
2179 2079 2572 2152 expositiones
2594 2085 2803 2136 nostrae
2827 2079 3088 2152 Vulgata:
3111 2079 3305 2135 verbis
3336 2095 3670 2152 repugnan-

2018 2154 2129 2217 tes,
2163 2149 2311 2222 quas
2335 2149 2638 2224 malumus
2668 2151 2904 2224 silentio
2930 2149 3189 2224 premere
3212 2166 3391 2222 quam
3412 2150 3674 2224 refellere

2020 2220 2400 2293 argumentis.
2425 2223 2765 2291 Cujusmodi
2815 2220 2954 2278 sunt
2982 2224 3068 2278 vel
3122 2220 3444 2292 illa‘quam
3502 2220 3671 2276 aﬂ‘ert

2016 2293 2311 2365 Josephus
2338 2293 2719 2348 Judaicarum
2746 2311 2938 2348 rerum
2964 2295 3215 2363 scriptor
3242 2295 3338 2362 (i):
3363 2294 3483 2348 Non
3503 2300 3673 2347 erunt

2017 2382 2146 2420 vasa
2175 2382 2275 2419 seu
2305 2367 2671 2419 instrumenta
2702 2367 2817 2419 viri
2843 2382 3009 2431 super
3036 2366 3348 2429 mulierem,
3371 2379 3671 2434 quamque

2017 2436 2422 2492 Chaldaeorum
2481 2436 2708 2491 codices
2768 2436 3078 2500 exhibent,
3142 2440 3199 2491 et
3257 2434 3669 2501 Maimonides,

2018 2508 2373 2573 Munsterus,
2409 2508 2619 2579 Fagius
2648 2510 2870 2572 Clarus,
2898 2505 3540 2579 SanctesfagniniLet
3572 2505 3669 2561 alii

2017 2580 2371 2650 expendunt,
2403 2583 2461 2633 et
2489 2574 2687 2650 fquam
2738 2582 3086 2650 sequuntur.
3120 2576 3223 2632 Vel
3268 2574 3386 2650 alia
3434 2574 3535 2650 illa
3566 2593 3666 2632 cu-

2008 2646 2251 2722 jusdam
2281 2649 2508 2705 Aberici
2530 2646 2970 2719 :jurisconsulti,
2995 2649 3117 2718 qui,
3144 2649 3387 2722 nimiam
3410 2646 3666 2717 philoso-

2017 2720 2237 2794 phandi
2290 2722 2593 2776 libidinem
2643 2726 2903 2787 secutus,
2941 2722 3270 2794 arbitratur
3316 2720 3556 2794 Moysen
3600 2735 3667 2794 eo

2017 2790 2293 2849 mandato
2318 2794 2749 2863 nequissimum
2800 2792 3097 2863 quoddam
3132 2791 3356 2846 tacinus
3387 2790 3668 2844 a’Judtsis

2016 2881 2308 2921 removere
2339 2863 2612 2919 voluisse.
2651 2865 2780 2919 Haec
2811 2863 2988 2919 veluti
3028 2872 3319 2934 tamquam
3352 2863 3660 2934 duo_com-

2016 2942 2215 2993 menta
2260 2936 2333 2991 ab
2381 2936 2810 3006 expositoribus
2863 2932 3180 2990 adiuventa
3231 2950 3321 2989 me
3373 2932 3666 3006 indicasse

2015 3008 2293 3073 sufﬁciat,
2326 3024 2396 3062 ne
2427 3004 2706 3080 temporis
2757 3007 2980 3064 ratione
3007 3010 3314 3078 vestraque
3354 3004 3665 3061 clementia

258 3080 379 3134 Non
394 3080 1249 3165 videnturtibiconlrnnnaturam
1266 3080 1911 3165 vigere,quico'mmut_ant
1942 3098 1985 3165 ρ
2024 3081 2279 3165 amplius
2312 3080 2540 3165 abutar:

259 3166 389 3205 cum
419 3153 641 3220 feminis
667 3155 903 3207 vestem?
931 3152 1117 3207 Testis
1165 3156 1253 3206 est
1302 3151 1585 3220 Diogenes
1629 3153 1910 3217 Laertius,

260 3222 467 3278 dicens
490 3223 567 3291 (d)
595 3240 606 3277 :
630 3224 787 3292 Legi:
814 3224 1047 3292 gemina
1072 3230 1151 3278 est
1178 3223 1541 3284 distributio,-
1567 3224 1747 3278 altera
1774 3224 1915 3278 scri-

256 3298 385 3364 pta,
437 3294 611 3348 altera
664 3311 775 3349 non
829 3295 1050 3363 scripta.
1082 3295 1170 3359 Et,
1218 3293 1515 3349 nonnullis
1565 3294 1912 3364 interjectis,

259 3364 466 3419 subdit
494 3381 507 3419 :
544 3366 678 3433 Quae
717 3381 842 3419 vero
870 3367 1017 3420 citra
1044 3367 1377 3435 scripturam
1405 3373 1504 3435 est,
1535 3381 1599 3419 ea
1641 3382 1674 3420 (ι
1714 3369 1911 3420 natura

257 3440 311 3491 et
344 3451 451 3489 usu
477 3438 863 3506 proﬁciscitur,
888 3438 1050 3507 quale
1074 3440 1153 3491 est
1172 3438 1381 3491 nudum
1413 3437 1699 3492 ambulare
1718 3438 1777 3492 in
1796 3439 1915 3505 foro

256 3524 374 3562 non
422 3507 633 3573 debere,
668 3512 763 3563 aut
810 3511 894 3563 uti
939 3513 1080 3563 veste
1125 3510 1409 3564 muliebri.
1444 3513 1675 3563 Pcsnam
1734 3508 1916 3573 igitur

258 3596 380 3661 non
414 3578 607 3635 dicam
638 3579 855 3662 legum,
889 3596 1033 3651 quas
1066 3596 1216 3705 siege
1248 3586 1658 3651 perrumpunt,
1695 3578 1794 3636 sed
1828 3580 1915 3651 ip-

258 3667 388 3704 sius
422 3652 829 3705 turpitudinis.
854 3667 980 3705 qua:
1008 3666 1137 3705 acer
1186 3652 1391 3705 issima
1420 3655 1758 3705 estnostra:
1786 3668 1915 3705 mu-

256 3650 388 3704 sius
422 3650 829 3721 turpitudinis,
854 3650 980 3720 qna:
1008 3650 1391 3707 acerbissima
1420 3655 1529 3717 est,
1548 3656 1758 3707 nostris
1786 3650 1915 3707 mu-

257 3722 441 3776 lieres
489 3739 602 3777 non
654 3722 1009 3792 intelligunt,
1044 3738 1169 3792 quae
1218 3740 1349 3777 cum
1401 3724 1666 3779 vestibus
1697 3728 1918 3779 exuunt

258 3794 571 3861 pudorem,
593 3798 657 3849 ut
680 3794 935 3849 virorum
968 3794 1331 3848 ornamentis
1362 3798 1623 3849 utantur.
1655 3796 1741 3849 Fit
1761 3796 1914 3849 enim

262 3866 323 3919 in
344 3881 414 3919 ea
432 3866 909 3920 vestimentorum
935 3865 1265 3935 promiscua
1288 3866 1627 3920 confusione
1650 3868 1914 3936 quaedam

259 3936 512 4010 mentita
542 3952 796 4010 sexuum
810 3933 1160 4010 permutatio
1186 3953 1217 3989 a
1236 3938 1446 4010 Crmcis
1473 3933 1727 4010 γενὲσεὼς
1761 3933 1915 4010 ἄγαλ-

262 4006 414 4080 λαγή
450 4008 605 4081 dicta
642 4009 727 4081 (ut
759 4006 995 4064 Grotius
1020 4008 1452 4076 animadvertit)
1484 4006 1609 4081 quae
1643 4008 1916 4081 omnibus

258 4086 491 4135 naturae
516 4080 724 4136 ofﬁciis
747 4084 1050 4151 repugnat.
1068 4084 1397 4150 Pr0pterea,
1416 4080 1914 4151 quemadmodum

256 4152 522 4205 virorum
545 4150 864 4207 auctoritas
887 4157 943 4206 et
965 4153 1245 4218 maiestas
1274 4150 1503 4205 laeditur
1526 4152 1573 4206 si
1602 4150 1918 4206 muliebria

257 4239 444 4292 opera
476 4222 663 4277 facere
691 4223 891 4288 velint,
926 4228 990 4277 ut
1020 4223 1157 4278 olim
1192 4222 1458 4279 Clemens
1487 4222 1916 4277 Alexandrinus

258 4294 570 4365 annotavit
591 4295 686 4365 (ε),
709 4294 789 4348 ita
812 4295 1034 4364 injusto
1067 4294 1412 4364 arrogantire
1433 4298 1489 4347 et
1511 4294 1767 4349 audaciai
1783 4296 1916 4363 jure

258 4382 322 4419 se
360 4364 573 4419 mulier
618 4366 864 4433 extollit,
899 4366 1138 4436 quando
1187 4370 1370 4433 motu,
1403 4365 1787 4428 indumentis,
1822 4364 1914 4418 in-

260 4452 435 4491 cessu
470 4442 643 4509 atque
666 4438 940 4509 operibus
962 4436 1290 4509 aliis,viros
1312 4436 1530 4491 imitari
1553 4441 1611 4491 et
1636 4436 1917 4491 simulare

261 4510 478 4580 studet.
506 4508 649 4563 Huic
698 4508 868 4580 porro
920 4508 1127 4579 agendi
1159 4508 1507 4578 vivendique
1556 4508 1788 4574 rationi,
1821 4525 1916 4563 ve-

262 4581 433 4645 ritas,
450 4579 778 4652 justitia’et
802 4580 1079 4635 honestas
1112 4584 1459 4652 repugnant.
1484 4580 1541 4634 Si
1565 4583 1915 4652 repugnant,

262 4656 488 4705 naturai
512 4652 649 4720 jura
679 4650 993 4716 luduntur,
1027 4650 1432 4708 universorum
1463 4650 1738 4707 Conditor
1766 4667 1919 4706 arro-

260 4726 482 4794 ganter
503 4723 918 4794 contemnitur,
945 4727 1001 4777 et
1030 4724 1313 4794 quidquid
1358 4728 1627 4780 sanctum
1662 4727 1719 4778 et
1748 4723 1916 4777 deco-

261 4810 395 4866 rum
433 4793 644 4866 divinis
676 4793 1070 4866 humanisque
1101 4793 1503 4866 praiseriptum
1539 4794 1766 4861 legibus
1797 4809 1916 4866 om-

263 4864 705 4938 ninolabjici‘tur
726 4870 784 4920 et
804 4865 1109 4938 obteritur.
1132 4871 1321 4937 Turpe
1342 4864 1430 4922 est
1450 4868 1629 4938 igitur
1658 4864 1916 4931 mentiri,

263 4935 516 5008 turpius
543 4935 760 5008 fallere,
812 4936 1224 5008 turpissimum
1255 4935 1392 4994 vero
1440 4935 1573 4993 cum
1627 4938 1739 4992 sibi
1788 4940 1915 4992 tum

261 5007 396 5063 aliis
445 5007 879 5063 incontinentis:
919 5007 984 5064 et
1033 5008 1297 5065 libidinis
1347 5010 1713 5066 occasionem
1767 5025 1915 5079 prte-

263 5080 423 5152 bcre,
458 5084 521 5152 st
542 5079 780 5152 ﬂagitiis
821 5080 1131 5152 fenestram
1184 5081 1429 5152 aperire.
1462 5083 1648 5147 Quare
1696 5080 1915 5150 Cicero,

262 5151 391 5206 solo
418 5151 661 5224 rationis
692 5151 911 5224 lumine
933 5152 1165 5219 ductus,
1191 5151 1514 5224 numquam
1539 5152 1648 5207 sibi
1681 5168 1917 5224 persuae

263 5224 408 5294 dere,
426 5222 612 5293 potuit
636 5224 730 5294 (f).
759 5222 963 5278 Cadere
988 5240 1144 5294 posse
1172 5226 1231 5279 in
1255 5222 1438 5279 virum
1463 5225 1657 5279 bonum
1684 5222 1918 5278 mentiri

260 5293 628 5349 emolumenti
652 5296 743 5349 sui
770 5311 962 5362 causa,
990 5293 1316 5358 criminari,
1348 5297 1663 5366 praeripere,
1694 5296 1910 5366 fallere,

262 5366 401 5437 quia
433 5366 555 5422 haec
585 5365 781 5421 omnia
810 5371 1029 5422 natura?
1060 5371 1412 5440 repugnant.
1441 5368 1661 5423 Idcirco
1692 5365 1915 5422 Veteres

332 5471 413 5541 (a)
445 5471 884 5528 Deuteronomii
910 5490 1049 5529 XXII.

356 5544 410 5615 b)
439 5544 811 5615 Ambrosius,
844 5543 1017 5615 epist.
1050 5546 1120 5600 ad
1154 5546 1458 5603 Irenteum.

358 5614 408 5742 9
438 5617 674 5699 Seneca,
707 5614 763 5671 in
800 5614 1107 5701 Lucillum:

402 5687 419 5742 l
449 5687 738 5742 Diogenes
771 5688 1057 5742 Laertius.
1088 5705 1102 5742 ι

402 5687 419 5757 )
449 5687 738 5760 Diogenes
771 5688 1057 5760 Laertius,
1088 5687 1146 5743 in
1176 5686 1435 5743 Platonis
1463 5687 1605 5746 Vita.

336 5759 410 5829 (ε)
439 5758 712 5817 Clemens
740 5758 1043 5826 Alexand.,
1074 5777 1115 5817 ιι
1143 5763 1358 5818 Strom.

337 5829 658 5904 (f).Cicero,
691 5831 793 5888 tib.
822 5847 886 5889 ιιι
917 5831 1272 5890 Ofﬁciorum.

330 5544 353 5751 ἓ

2095 3143 2357 3215 Interim,
2377 3152 2698 3215 dumtaxat,
2716 3166 2817 3220 pro
2835 3148 2999 3204 tertio
3021 3151 3219 3203 nostro
3234 3143 3669 3220 dissertationis

2024 3224 2211 3294 capite
2240 3222 2586 3294 brevissime
2615 3216 2991 3291 expediendo,
3015 3220 3155 3273 mihi
3210 3218 3377 3294 liceat
3406 3216 3672 3294 animad-

2022 3289 2244 3349 vertere
2277 3310 2381 3347 nos
2415 3293 2485 3346 iis
2516 3289 2743 3363 legibus
2776 3298 2941 3347 natos
2974 3308 3122 3358 esse,
3152 3295 3217 3344 ut
3249 3306 3316 3344 ea
3347 3289 3670 3343 habeamus

2025 3371 2246 3439 natura;
2278 3365 2583 3436 principia,
2609 3364 2823 3439 quibus
2856 3377 3056 3439 parere
3086 3366 3143 3416 et
3167 3378 3293 3431 quae
3324 3376 3672 3439 semperse-

2025 3438 2124 3509 qui
2157 3429 2497 3509 debeamus,
2522 3441 2586 3489 ut
2618 3429 2841 3509 utilitas
2856 3429 3063 3490 nostra
3084 3429 3415 3509 communis
3445 3429 3671 3509 utilites

2026 3501 2120 3565 sit.
2148 3513 2287 3583 cum
2331 3501 2979 3583 itaquecelaresexum
3026 3504 3567 3583 qua_ndo_que,.cum
3599 3501 3671 3583 de

2026 3582 2258 3654 propria
2290 3580 2407 3633 vita
2435 3572 2653 3654 agitur,
2675 3577 2763 3632 vel
2796 3579 2864 3632 de
2892 3572 3099 3654 patria,
3125 3576 3194 3630 de
3222 3572 3574 3654 virginitate,
3598 3572 3670 3626 de

2024 3648 2306 3724 religione
2328 3651 3000 3724 servanda,praacept_um
3021 3648 3256 3724 aliquod
3276 3650 3460 3715 urget,
3476 3648 3553 3699 sit
3575 3659 3670 3724 pe-

2026 3714 2474 3803 tiusieommuni
2503 3714 2697 3803 gloriae
2728 3726 2785 3775 et
2815 3714 3051 3803 utilitati
3082 3714 3286 3803 vacare
3320 3714 3503 3803 quam
3544 3714 3670 3803 suis

2025 3795 2238 3850 studiis
2268 3785 2601 3863 indulgere;
2636 3792 2793 3853 hinc,
2816 3791 2974 3861 gravi
3006 3785 3490 3863 ductusratione,
3526 3785 3671 3863 mihi

2024 3867 2347 3938 persuadeo
2372 3862 2542 3938 posse
2566 3864 2858 3938 mulieres,
2875 3864 3070 3934 aliqua
3092 3880 3160 3918 ex
3183 3862 3669 3938 hisci_rcumstan-

2022 3931 2122 3993 tiis
2153 3931 2417 4013 urgente,
2450 3952 2673 4013 comam
2709 3931 3221 4013 tondere,'vestem.
3249 3931 3489 4013 virilem,
3528 3945 3671 4013 prai-

2026 4004 2681 4071 sertim"monasticam,
2714 4022 2965 4071 sumere,
2999 4009 3056 4058 et
3084 4022 3144 4058 se
3172 4004 3324 4055 viros
3370 4004 3668 4055 simulare.

2006 4081 2163 4137 -Sola
2192 4084 2385 4134 autem
2431 4077 2656 4146 pietatis
2697 4093 2876 4131 causa
2906 4076 2958 4131 id
2998 4077 3180 4129 facere
3210 4072 3671 4141 haudquaquam

2026 4152 2381 4223 permissum
2413 4166 2542 4203 esse
2573 4152 2783 4223 potest,
2819 4147 2930 4223 nisi
2951 4146 3153 4223 gravis
3184 4146 3669 4223 quoqusnatur‘aa

2026 4209 2345 4278 nccessitas
2370 4225 2473 4274 aut
2499 4209 2809 4289 peculiaris
2834 4209 3133 4289 bonivratio
3159 4209 3361 4284 urgeat
3384 4217 3441 4268 et
3464 4213 3540 4266 im
3553 4209 3668 4280 pel-

2025 4293 2127 4349 lat.
2153 4292 2314 4356 Quod
2350 4292 2399 4345 si
2432 4286 2565 4361 quis
2596 4294 2761 4345 modo
2813 4288 2955 4343 mihi
2985 4286 3354 4361 Gangrenses
3390 4299 3664 4353 canones,

2030 4364 2246 4437 quibus
2278 4363 2386 4419 sub
2418 4356 2811 4437 anathematis
2855 4376 3020 4437 pinna
3054 4356 3399 4437 mulieribus
3443 4370 3669 4437 comam

2026 4431 2290 4505 tondere,
2313 4439 2370 4489 et
2396 4433 2665 4489 virilibus
2692 4431 3191 4505 uti‘vestimentis,
3214 4431 3677 4505 seponasteria

2026 4499 2528 4578 ingredi,cautum
2554 4508 2665 4578 est,
2680 4502 3049 4578 obj_iceret,_i_d
3064 4503 3187 4578 jam
3208 4499 3372 4554 facile
3391 4515 3457 4553 ex
3474 4513 3674 4578 causa,

2026 4568 2152 4636 loco
2184 4583 2235 4633 et
2266 4568 3042 4647 temporelaudaticoncilii
3068 4568 3295 4647 eripere
3326 4585 3557 4642 possem
3583 4568 3671 4647 (ά).

2023 4653 2212 4709 Causa
2233 4638 2447 4721 quippe
2469 4646 2577 4701 fuit
2598 4638 3470 4721 Manichmorum_hasresis_,'qute
3492 4638 3673 4721 eccle-

2025 4712 2295 4779 siasticas
2344 4712 2580 4795 nuptias
2608 4724 2667 4775 et
2695 4716 2991 4795 conjugia,
3047 4712 3668 4795 Eustathionducen‘te,

2024 4780 2447 4850 exsecrabatur'.
2474 4780 3223 4866 P_r0ptereaiiscanonibus
3254 4782 3528 4866 mulieres
3558 4780 3670 4866 illa:

2026 4867 2330 4921 dumtaxat
2359 4855 2750 4931 exagitantur,
2777 4878 2926 4931 quae,
2948 4859 3351 4931 haereticorum
3387 4855 3673 4931 doctrinis

2026 4937 2388 5009 insistentes,
2424 4926 2676 5002 nuptias,
2706 4926 3003 5009 eonjugia,
3026 4930 3288 5009 filiorum
3324 4926 3675 5009 procreatio-

2026 5026 2159 5066 nem
2195 4996 2583 5061 condemnare
2614 4996 2940 5070 audeban‘t’;
2984 5007 3185 5074 atque,
3216 4996 3439 5056 mutato
3469 4996 3674 5074 habitu

2025 5085 2080 5136 et
2113 5078 2359 5150 abjectis
2391 5074 2660 5150 capilliis,
2696 5075 2793 5145 qui
2828 5070 3221 5150 subjectionis
3261 5077 3485 5128 tessera
3516 5070 3675 5150 sunt,

2024 5144 2735 5208 monachorum—claustra
2766 5144 3330 5217 etiam’quandoque
3372 5144 3675 5218 penetrare

2022 5225 2345 5279 tentabant.
2382 5221 2441 5274 ld
2476 5224 2668 5292 autem
2705 5236 2817 5273 non
2865 5219 2924 5274 in
2957 5224 3180 5292 naturas
3229 5218 3430 5292 decus,
3466 5226 3579 5266 non
3612 5226 3670 5292 in

2022 5294 2328 5366 religionis
2372 5290 2732 5366 praesidium,
2758 5308 2874 5346 non
2926 5291 3183 5366 denique
3342 5288 3675 5366 communis

2022 5356 2299 5424 utilitatis
2319 5356 2561 5428 bonum,
2579 5362 2677 5417 sed
2704 5362 2760 5417 in
2784 5356 3172 5433 turpitudinis
3196 5358 3423 5426 vitium,
3444 5356 3678 5427 pietatis

2094 5474 2175 5545 (g)
2209 5466 2945 5545 Ambrosius,|Cyprianus.
2972 5468 3203 5540 August
3234 5463 3372 5533 ,lib.
3396 5479 3438 5517 ιι
3467 5457 3680 5516 Solilo-

2023 5542 2296 5619 quiorum
2325 5558 2454 5619 cap.
2486 5542 2577 5595 26.

2119 5618 2171 5681 ἡ)
2200 5618 2252 5670 S.
2278 5614 2552 5678 Thomas,
2578 5628 2635 5683 q.
2662 5612 2782 5679 162,
2808 5614 2914 5665 art.
2950 5613 3002 5665 6.

2117 5678 2165 5763 i):
2187 5678 2611 5763 {osephuslibi
2645 5700 2738 5738 xv:
2769 5678 3072 5763 Judaicar.
3099 5678 3298 5763 ‘Antiq.

2096 5748 2168 5832 (ἰ)
2200 5761 2263 5816 In
2294 5748 2421 5816 cod.
2457 5757 2780 5832 Canonum_
2794 5756 2959 5832 Rom.
2984 5748 3279 5832 Ecclesiae,
3302 5752 3357 5809 et
3384 5748 3443 5806 in
3466 5750 3670 5805 Decre-

2023 5826 2265 5905 talihus,
2298 5832 2433 5889 dist.
2462 5830 2552 5898 30,
2585 5845 2711 5901 cap.
2744 5827 2805 5883 Si
2830 5842 2955 5900 quae
2982 5826 3205 5886 mulier.
