3962 6186
136 210 276 271 1021

603 208 704 267 DE
746 208 1595 275 PRISCILLIANISTARUM
1638 210 1952 273 HIERESI
1997 213 2096 274 ET
2138 211 2508 274 HISTORIA
2552 210 2785 272 LIBER
2819 212 3053 275 UNUS.

3376 215 3532 277 1022

137 342 273 427 Eum
309 344 501 427 autem
536 338 787 427 turpiter
815 341 1483 427 aberrassemriorailla.
1503 344 1770 425 indicant
1799 342 1853 411 Α
1883 359 2145 427 cumego
2176 343 2380 427 sedqu
2404 342 2976 427 animadvertissem,
2999 342 3168 427 facile
3190 342 3247 398 in
3264 358 3537 427 camps;-

136 414 333 469 verba:
366 410 583 466 Deinde
612 427 829 466 errores
861 410 1213 469 Priscilliani
1239 420 1291 469 et
1315 418 1645 471 asseclarum
1674 417 1771 471 vix

134 485 338 556 attigit.
372 483 518 549 Quid
552 482 711 537 enim
733 483 761 537 ‘I
790 485 1092 555 Attingere
1124 487 1272 539 forte
1299 492 1357 541 et
1386 488 1645 542 conﬁteri
1680 488 1773 541 de~

133 558 354 629 hebant,
376 572 603 629 errores
634 556 881 629 inquas
928 574 1255 626 numquam
1306 558 1455 629 lapsi
1490 558 1769 613 fuerant?

133 626 399 699 Exempla
427 624 810 700 quippeillud
836 627 909 680 de
930 624 1322 700 quoa—gimus,
1348 624 1461 684 non
1488 630 1617 687 lidei
1640 647 1773 700 pro-

132 696 833 772 fessionem'in’To‘letano
859 696 1196 755 concilio—ab
1220 702 1510 772 epiSCOpis
1523 706 1578 755 et
1610 696 1768 772 pres-

130 773 201 842 by
218 771 330 825 eris
349 768 766 842 paenitentibus
790 769 999 824 factam
1021 768 1303 836 continet,
1327 768 1437 827 sed
1463 768 1768 828 dumtaxat

128 841 435 914 criminum
461 841 887 914 confessionem
912 844 1434 914 ejurationemque.
1472 845 1534 899 In
1566 860 1631 899 ea
1661 862 1766 899 au-

128 922 242 968 tem
261 930 325 987 ex
355 912 990 987 Prisci‘lianierroribus
1010 931 1105 969 eos
1125 912 1428 971 dumtaxat
1444 916 1769 987 exprimere

128 985 410 1040 debebant
442 984 657 1054 quibus
712 984 1106 1051 adhaaserunt,
1140 994 1265 1042 tum
1316 984 1532 1042 deinde
1555 988 1765 1043 Prisci-

128 1056 279 1111 liano
302 1054 521 1129 auctori
540 1055 885 1129 caeterisque
909 1059 1035 1126 ejus
1056 1058 1437 1129 brlaspbemiis
1459 1061 1771 1115 anathema

126 1129 328 1202 dicere.
362 1127 716 1202 Cumigitur
762 1143 831 1182 ex
865 1127 1227 1202 iPriscillian'i
1259 1131 1635 1202 dogmatibus
1670 1130 1769 1185 illa

128 1199 379 1270 proﬁteri
404 1197 534 1252 ausi
556 1199 833 1254 luissent:
854 1201 1243 1256 Innascibilem
1281 1197 1393 1257 esse
1417 1208 1585 1257 Deum
1599 1220 1767 1257 unam

123 1274 230 1326 Dei
257 1276 303 1325 et
323 1270 566 1343 hominis
586 1286 698 1325 esse
714 1271 1198 1338 substantiam,aut
1213 1273 1319 1328 duo
1341 1276 1764 1343 esseprincipia,

124 1344 252 1397 ideo
266 1341 677 1416 expressebaac
696 1346 923 1416 tantum
949 1346 1209 1399 confiteri
1230 1363 1379 1416 opus
1398 1341 1539 1408 erat.
1563 1341 1764 1400 eadem

122 1413 428 1481 exsecrari,
461 1413 602 1483 quin
635 1430 696 1469 se
725 1412 958 1469 illorum
992 1412 1305 1472 criminum
1340 1434 1468 1473 reos
1516 1418 1770 1473 facerent

121 1502 250 1557 quae
278 1500 607 1557 numquam
641 1486 1030 1541 admiserunt.

188 1560 244 1611 ὕ.
264 1556 697 1629 confessionem
716 1564 910 1613 autem
924 1557 1361 1629 criminumque
1375 1558 1762 1629 ejurationcm
1790 1604 1793 1605 ν

119 1627 414 1701 exemplar
427 1626 569 1701 _i_llud
586 1629 1159 1701 continere,minime
1174 1626 1305 1685 ﬁdei
1322 1626 1740 1701 professionem
1753 1674 1768 1697 ,

1882 414 2218 487 suasionem
2251 418 2540 473 adductus
2559 432 2716 480 sum,
2738 420 2839 470 aut
2861 414 3239 481 Quesnellum
3266 414 3441 472 nimis
3465 419 3529 472 ﬁ-

1879 487 2082 542 denter
2125 486 2249 545 suis
2299 488 2517 544 studiis
2562 486 2907 553 indulsisse,
2953 493 3054 542 aut
3109 488 3167 543 in
3212 488 3270 543 S.
3316 489 3527 546 Leonis

1879 558 2167 630 Operibus
2189 559 2557 631 adornandis
2582 560 2903 614 oscitanter
2931 575 3162 630 semper
3192 576 3259 614 ea
3292 576 3529 631 percur-

1879 632 2025 703 risse
2050 638 2113 703 ut
2133 648 2309 703 quam
2337 630 2659 702 saepissime
2683 631 2898 687 nostris
2920 630 3082 687 hisce
3098 630 3526 688 dissertationi-

1879 700 1989 758 bus
2022 700 2216 775 palam
2250 700 2521 759 fecimus.

2532 800 2771 856 CAPUT
2810 800 2877 854 X.

1877 889 2194 962 De_c;eteris
2223 890 2492 962 episcOpis
2533 893 2583 945 et
2613 891 2830 945 clericis
2858 888 3231 944 Priscilliana
3258 888 3379 945 labe
3395 890 3524 962 pol-

1953 960 2183 1086 ιιὲιίδιίῗ
2226 959 2500 1017 Toletana
2553 963 2739 1033 prima
2793 962 2975 1032 syndo
3020 959 3410 1017 condemnatis
3442 963 3523 1018 vel

1948 1048 1979 1085 a
2018 1048 2073 1087 so
2101 1048 2132 1085 u
2162 1048 2228 1086 zs.

1954 1129 2001 1181 l.
2037 1130 2169 1194 Qua:
2188 1129 2259 1183 de
2279 1128 2628 1201 Symphosio
2651 1132 2705 1184 et
2726 1127 2976 1184 Dictinio
2998 1126 3241 1185 dicenda
3264 1146 3527 1185 occurre-

1878 1199 2024 1274 bant
2051 1206 2273 1274 quanta
2305 1199 2606 1274 potuimus
2638 1200 2916 1274 brevitate
2962 1202 3305 1274 praicedenti
3336 1203 3525 1274 capite

1879 1272 2318 1342 explicavimus.
2336 1272 2629 1327 Nonnulla
2651 1273 2835 1327 aliain
2855 1272 3522 1344 praisentiarumdicturi

1878 1360 2086 1415 sumus
2100 1344 2168 1397 de
2183 1344 2538 1415 quibusdam
2554 1344 2685 1398 aliis
2704 1343 2992 1415 episcopis
3009 1343 3305 1400 etclericis
3318 1347 3520 1400 eadem

1877 1414 2242 1509 Purisc‘illia
2265 1416 2392 1498 labe
2417 1415 2677 1509 pollutis,
2710 1414 3228 1509 q’ui'AcumLeisdemi
3247 1417 3522 1509 S‘ymipho-

1877 1488 1963 1541 sio
1998 1492 2053 1541 et
2084 1487 2352 1552 Dictinio,
2382 1488 2639 1543 nondum
2665 1487 3083 1557 paenitentibus
3101 1493 3158 1542 et
3180 1487 3251 1541 ab
3267 1487 3522 1545 Ecclesia

1878 1557 2723 1628 absolutis,communicarunt,
2739 1558 2824 1613 vel
2840 1560 2911 1612 ad
2931 1574 3229 1614 sacrorum
3245 1561 3517 1614 ordinum

1879 1629 2209 1684 ministeria
2230 1630 2303 1685 ab
2334 1630 2407 1685 iis
2438 1647 2497 1685 se
2520 1630 2844 1701 promoveri
2870 1630 3028 1702 passi
3050 1636 3207 1685 sunt.
3233 1635 3299 1685 Et
3328 1632 3517 1701 primo

122 1698 376 1775 produnt
402 1698 500 1775 illa
515 1700 784 1765 verba,in
819 1717 945 1775 quae
966 1702 1190 1775 primus
1209 1698 1469 1757 omnium
1490 1702 1771 1757 Dictinius
1800 1706 1847 1771 Β
1878 1702 2116 1770 quidem
2151 1702 2220 1756 ad
2243 1718 2352 1775 eos
2384 1718 2458 1775 se
2479 1698 2679 1775 nostra
2702 1698 3082 1775 vertit'oratio
3115 1703 3237 1775 qui,
3262 1698 3523 1775 adsyno-

121 1770 521 1845 pmnitentiam
545 1787 725 1841 agens
752 1772 945 1845 erupit
969 1770 981 1825 ὲ
1010 1773 1208 1828 Audite
1238 1789 1341 1842 me,
1368 1776 1565 1845 optimi
1588 1791 1767 1829 sacer-

116 1843 285 1908 dotes,
318 1843 579 1911 corrigite
607 1844 813 1910 omnia,
846 1844 979 1913 quia
1017 1846 1167 1899 vobis
1217 1843 1477 1900 correctio
1504 1846 1629 1900 data
1668 1850 1766 1901 cst.

117 1915 397 1988 Scriptum
420 1921 498 1988 est
526 1915 675 1968 enim
692 1931 724 1988 :_
744 1915 905 1988 Vobis
930 1914 1081 1988 data
1110 1925 1236 1971 sunt
1266 1917 1451 1973 claves
1478 1919 1643 1988 regni
1670 1934 1769 1972 cae-

116 1986 317 2054 lorum,
343 1984 436 2040 sed
447 1992 620 2053 petoa
641 1984 786 2057 vobis
810 1990 871 2041 ut
890 1987 1065 2042 claves
1085 1988 1241 2043 nobis
1264 1991 1442 2057 regni,
1464 1984 1573 2043 non
1596 1999 1769 2054 portae

116 2007 317 2054 torum,
343 2007 436 2040 seu.
447 2007 620 2053 pewa
641 2007 786 2041 vobis
810 2007 871 2041 ut
890 2007 1065 2042 ειαυεδ
1085 2007 1241 2043 novis
1264 2007 1321 2043 re
1361 2007 1442 2057 ni,
1464 2007 1573 2043 non
1596 2007 1766 2054 portae

113 2057 683 2139 aperianturinferni:
731 2056 859 2139 Haec
881 2058 1136 2139 bo‘minis
1160 2007 1462 2139 humiliter
1483 2059 1766 2139 poeniten-

118 2127 537 2202 tiamagentis,
552 2127 1352 2202 veniam_absolutionemque
1372 2127 1539 2186 eniite
1568 2133 1768 2201 depre-

122 2200 337 2265 cantis,
354 2200 531 2253 verba
552 2215 681 2254 esse
703 2200 836 2269 quis
861 2200 1407 2258 inﬁciabituril’ost
1427 2203 1546 2257 haec
1568 2200 1762 2257 autem

119 2270 477 2345 singillatim
512 2288 625 2345 sua
666 2272 853 2342 aperit
881 2273 1149 2328 crimina.
1179 2275 1326 2343 H.730,
1357 2276 1405 2327 si
1434 2275 1763 2345 dignemini,

112 2340 312 2416 munia
343 2346 471 2398 ante
497 2340 683 2416 oculos
700 2340 857 2416 pono.
893 2348 1006 2399 Hoc
1037 2346 1205 2399 inme
1234 2340 1594 2416 reprehendo,
1627 2345 1767 2416 quod

111 2415 389 2487 dixerim,
412 2417 523 2467 etc.
556 2413 674 2484 pari
705 2413 1188 2487 rationequoque
1212 2413 1411 2472 omnia
1432 2413 1768 2473 retractavit

114 2503 246 2556 quas
277 2484 888 2555 scripserat,subdens
905 2503 917 2540 :
934 2484 1036 2541 sed
1056 2484 1110 2542 et
1131 2504 1345 2543 omnem
1372 2491 1766 2557 Pratsumptio-

106 2574 241 2612 nem
267 2573 448 2631 meam
470 2556 535 2611 de
561 2559 780 2625 scriptis
802 2561 940 2613 meis
960 2575 1149 2631 arguo
1164 2567 1213 2614 et
1235 2563 1558 2617 condemno.
1584 2556 1652 2615 Et
1683 2561 1767 2614 in-

112 2629 406 2703 terposito
424 2629 784 2703 juramento,
813 2629 1009 2684 omnia
1039 2629 1159 2685 toto
1181 2632 1351 2685 corde
1374 2648 1647 2703 respuere
1670 2631 1765 2685 Di-

110 2701 338 2774 ctinius
356 2700 682 2774 proﬁtetur,
699 2706 755 2774 et
769 2717 894 2770 quis
908 2706 1109 2756 contra
1122 2703 1294 2756 fidem
1310 2700 1621 2774 scripserat
1635 2720 1766 2757 con-

110 2770 437 2845 demnavit.
470 2772 601 2825 Haec
638 2770 833 2845 igitur
878 2774 931 2826 in
967 2789 1028 2827 se
1059 2778 1319 2845 spectata
1352 2770 1576 2829 nullam
1608 2774 1767 2829 olent

110 2842 609 2918 suppositionem,
627 2843 912 2918 fraudem,
933 2849 1034 2898 aut
1055 2842 1461 2901 confictionem
1491 2864 1503 2913 ;
1531 2863 1767 2918 praeser-

106 2918 219 2969 tim
254 2930 389 2970 cum
412 2914 502 2987 illi
524 2916 895 2987 _poenitentes
927 2932 1121 2970 coram
1154 2918 1373 2987 synodo
1396 2935 1458 2972 se
1486 2914 1764 2973 si'stentes

109 2987 256 3041 ﬁdei
290 2984 713 3060 professionem
732 2987 801 3040 ab
816 2988 887 3042 iis
910 2984 1489 3060 Patribus'acceptam
1505 3007 1571 3044 ex
1593 2989 1762 3045 char-

1877 1775 2015 1827 dum
2050 1773 2325 1828 canonice
2343 1773 2533 1840 acciti,
2558 1789 2753 1845 coram
2774 1773 3073 1845 Episcopis
3097 1790 3159 1827 se
3181 1773 3520 1829 sistere‘non

1877 1846 2295 1911 detrectarunt,
2317 1860 2465 1914 quos
2485 1846 2639 1899 inter
2662 1844 2853 1900 locum
2876 1844 3149 1899 habuisse
3179 1846 3519 1908 Paternum.

1878 1915 2193 1971 deﬁnitivze
2242 1916 2403 1970 illius
2442 1916 2673 1971 concilii
2712 1916 3019 1987 sententiae
3068 1917 3423 1987 exemplaria
3453 1933 3522 1972 ex

1877 1987 2061 2057 gestis
2083 1987 2365 2042 translata
2377 1988 2651 2058 produnt.
2668 1990 2721 2042 Is
2744 1986 2897 2041 enim
2916 1992 3047 2040 ante
3064 1986 3519 2053 ordinationem,

1877 2058 2225 2132 Priscilliani
2256 2075 2479 2113 errores
2504 2058 2723 2132 sciebat
2752 2066 2806 2112 et
2836 2058 3365 2132 proﬁteba_tur.,Sed
3391 2063 3523 2132 post

1876 2130 2147 2200 adeptam
2174 2130 2587 2185 Braearensem
2622 2130 2815 2183 sedem
2829 2128 2853 2195 ,ί
2874 2146 3048 2185 omne
3068 2128 3205 2184 illus
3236 2128 3522 2187 haereseos

1874 2202 2036 2255 virus
2066 2203 2314 2271 ejuravit
2353 2202 2598 2256 lectione
2628 2201 2911 2274 librorum
2946 2202 3134 2274 sancti
3166 2203 3478 2274 Ambrosii.

1944 2276 1997 2326 2.
2028 2274 2188 2345 Hunc
2210 2289 2345 2345 ergo
2376 2290 2508 2327 cum
2534 2272 2922 2345 Smyphosius
2952 2273 3282 2345 ordinasset
3312 2272 3515 2330 contra

1876 2343 2302 2399 ecclesiasticas
2334 2344 2510 2415 leges,
2543 2345 2798 2413 quadam
2831 2343 3097 2399 adhibita
3128 2345 3512 2415 indulgentia,

1874 2416 2531 2488 eueniretineresedem
2556 2415 2893 2488 permisere.
2919 2416 3348 2488 despondentes
3370 2434 3515 2488 prae-

1872 2491 2030 2541 terea
2047 2485 2205 2541 illius
2229 2486 2518 2541 Toletanis
2542 2485 2743 2557 prima;
2761 2487 2965 2558 synodi
2987 2487 3091 2541 PP.
3117 2504 3250 2541 eum
3274 2488 3331 2540 in
3354 2485 3512 2541 com-

1876 2574 1971 2612 mu
1984 2559 2214 2613 nionem
2231 2566 2501 2628 suscepto
2513 2574 2627 2620 ros,
2641 2574 2762 2611 cum
2775 2559 2925 2613 sedes
2938 2560 3235 2628 apostolica
3248 2559 3512 2613 rescribe-

1871 2631 2260 2684 ret.Eamdem
2291 2630 2717 2699 indulgentiam
2743 2646 2879 2699 erga
2901 2630 3155 2685 Isonium
3180 2630 3519 2695 adhibuere,

1874 2701 1993 2771 qui,
2029 2718 2216 2771 nuper
2234 2700 2561 2771 baptizatus
2586 2716 2619 2755 a
2637 2700 3008 2771 Symphosio,
3028 2700 3522 2756 contraecclesia-

1872 2773 2019 2827 ticas
2052 2772 2281 2844 regulas
2312 2772 2383 2827 ad
2417 2773 2822 2844 episcopatum
2845 2773 3038 2827 statim
3067 2772 3519 2844 fuitpromotus,

1873 2860 2045 2915 quem
2075 2843 2147 2899 ab
2180 2844 2287 2898 hoc
2318 2845 2499 2913 gradu
2526 2843 2771 2915 minime
2804 2860 2932 2898 esse
2955 2843 3347 2913 dejiciendum
3381 2860 3519 2900 con-

1873 2913 2073 2971 cilium
2089 2917 2393 2987 judicavit,
2415 2917 2553 2987 quia
2572 2913 2681 2970 lioc
2700 2920 2973 2970 setenere
2988 2917 3137 2985 quod
3163 2918 3220 2970 in
3250 2916 3520 2984 praesenti

1873 2987 2119 3042 concilio
2150 2989 2448 3058 professus
2478 2995 2568 3043 est
2588 2987 2908 3059 respondit.
2932 2992 3058 3041 Haec
3082 2988 3285 3059 synodi
3311 2993 3519 3043 Patres

106 3060 239 3140 _tula
260 3056 487 3140 scripta
509 3056 896 3140 recitarunt‘et
920 3056 1763 3140 anatbematedictoomnibus
1795 3071 1839 3140 α
1875 3076 2009 3140 cum
2041 3056 2454 3127 decrevissent,
2480 3061 2548 3140 ad
2581 3056 2891 3140 Xegentini
2917 3056 3154 3140 causam
3185 3060 3523 3140 examinan-

101 3128 522 3203 haareticorum
545 3127 711 3203 libris
735 3135 789 3183 et
808 3130 1196 3203 dogmatibus,
1221 3138 1277 3186 et
1308 3131 1651 3188 Priscilliani
1675 3150 1766 3203 po-

104 3199 654 3276 tissimum,absol_u
665 3204 704 3276 t_i
718 3204 772 3276 et
786 3202 855 3276 ad
871 3199 1341 3276 communionem
1360 3204 1570 3276 recepti
1586 3199 1764 3274 fuere,

110 3278 177 3328 ut
203 3272 630 3346 ab_exe_mplari
662 3272 973 3327 deﬁnitiva
1002 3275 1303 3329 sententiae
1338 3272 1693 3346 colligimus.

187 3346 245 3399 7.
272 3343 681 3399 Falsissimum
697 3346 1275 3414 praetereaestfucem
1291 3343 1767 3413 lacere‘voluisse,

103 3421 212 3488 aut
243 3414 367 3488 _sibi
399 3431 658 3488 suasque
679 3416 1070 3488 professiones
1092 3416 1414 3488 explicandi
1440 3433 1769 3473 reservasse

98 3485 476 3559 lacultatem.
503 3485 803 3559 Undenam
832 3487 883 3542 id
908 3485 1505 3559 conjicitannotator?
1527 3493 1765 3546 Contra-

100 3557 262 3633 rium
282 3556 538 3633 quidem
553 3557 815 3633 innuunt
834 3559 953 3615 haec
969 3556 1366 3615 etconsimilia
1383 3563 1554 3616 verba
1573 3562 1765 3633 conci-

94 3628 159 3681 lii
200 3629 478 3703 Patribus
509 3629 661 3685 dicta
687 3628 702 3685 Ξ
727 3632 950 3686 Omnem
979 3635 1465 3703 praesumptionem
1491 3650 1673 3688 meam
1704 3632 1768 3686 de

90 3701 337 3775 scrith
359 3704 498 3775 meis
549 3718 743 3775 arguo,
776 3712 936 3775 atque
990 3704 1144 3758 240
1193 3701 1508 3760 condemno.
1539 3705 1643 3759 Vel
1669 3704 1767 3757 illa

92 3772 258 3826 alia:
298 3772 470 3846 Testis
496 3780 574 3827 est
604 3773 746 3827 mihi
778 3772 953 3835 Deus;
984 3781 1085 3829 aut
1134 3775 1371 3831 isthaec:
1406 3779 1767 3846 Quacumque

87 3844 426 3918 conscripsi,
459 3847 645 3899 omnia
674 3850 900 3918 metato
917 3846 1077 3901 corde
1106 3862 1398 3915 respuere;
1416 3844 1639 3918 excepto
1668 3844 1765 3902 no-

93 3917 256 3968 mine
274 3916 397 3990 Dei,
413 3918 601 3970 omnia
616 3915 1050 3978 anathematizo;
1062 3923 1248 3990 omnia
1264 3935 1388 3990 qum
1405 3915 1768 3975 inveniuntur

92 3996 299 4061 contra
312 3987 456 4061 fidei
473 4004 596 4061 cum
618 3989 729 4061 ipso
754 3997 975 4061 auctore
995 3987 1309 4045 condemno.
1336 3991 1457 4045 Non
1485 4008 1620 4061 ergo
1645 3996 1763 4046 tam

93 4058 419 4131 subdoliet
448 4059 787 4128 versipelles
814 4060 1048 4115 fuerunt
1067 4061 1531 4130 pmnitentesilli,
1554 4058 1622 4117 de
1643 4063 1765 4131 qui-

87 4129 213 4183 bus
238 4129 322 4183 ibi
343 4146 537 4185 sermo
553 4136 661 4195 est,
680 4136 741 4186 ut
761 4131 947 4186 fucem
967 4129 1151 4186 facere
1166 4132 1277 4187 nisi
1299 4136 1543 4199 sint,aut
1565 4129 1765 4188 contra

90 4200 282 4254 ﬁdem
320 4201 547 4272 prolata
569 4202 893 4272 explicandi
920 4202 1253 4259 facultatem
1287 4205 1400 4260 sibi
1434 4222 1763 4261 reservave-

90 4272 241 4331 rint,
276 4276 351 4347 _ut
394 4271 503 4347 hac
551 4271 753 4347 nostra
783 4279 950 4347 aetate
983 4274 1327 4347 Quesnellus
1362 4277 1487 4347 ipse
1519 4278 1763 4347 ejusque

82 4342 444 4415 asseclaaiad
471 4344 802 4414 apostolicae
826 4346 981 4401 sedis
1005 4346 1295 4415 judicium
1322 4342 1513 4413 acciti,
1538 4342 1594 4402 et
1624 4342 1759 4403 con-

78 4414 391 4491 demnati,
425 4421 628 4470 contra
660 4433 832 4491 omne
868 4420 966 4491 jus
998 4414 1187 4491 quam
1220 4420 1544 4491 saepissime
1584 4420 1761 4475 nimis

75 4487 1049 4558 audactertentarunt.Splendide
1065 4487 1762 4546 tandem'nosterannota-

76 4557 577 4637 ter‘Quesnellus
600 4557 849 4632 nugatus
872 4566 982 4637 est,
1003 4578 1136 4616 cum
1157 4563 1227 4637 ad
1258 4564 1315 4618 S.
1339 4564 1546 4637 Leonis
1566 4563 1759 4637 ltlagni

73 4628 253 4702 dicta
290 4646 641 4702 provocans,
675 4628 737 4686 ea
773 4632 938 4702 quasi
969 4632 1025 4686 in
1060 4634 1458 4689 testimonium
1502 4628 1758 4689 conﬁcta:

72 4698 255 4777 illius
275 4698 667 4777 professionis
686 4698 942 4777 adduxit.
958 4705 1238 4761 Absoluta
1256 4707 1488 4777 quidem
1503 4706 1759 4762 innasci-

68 4771 292 4826 bilem'
312 4788 445 4828 esse
470 4773 673 4842 Deum,
701 4775 888 4830 Leone
912 4781 1166 4839 auctore,
1186 4771 1641 4834 Pri'scillianistze
1664 4796 1757 4833 as-

61 4848 442 4922 seruerunt.
483 4845 622 4922 Quia
653 4847 878 4901 verbum
901 4864 1041 4922 _caro
1070 4850 1281 4916 factum
1316 4851 1415 4917 (ait
1446 4854 1503 4905 S.
1535 4851 1759 4922 doctor)

62 4931 196 4969 non
223 4930 365 4992 Avere
399 4918 493 4992 isti
514 4918 800 4992 honorent.
824 4917 914 4973 sed
940 4919 1209 4992 honorare
1228 4938 1283 4976 se
1302 4921 1591 4990 simulent,
1608 4917 1757 4992 jejul

56 4989 301 5064 {iantes
332 4987 520 5064 eodem
552 4988 659 5064 die,
689 4992 835 5064 sicut
865 4994 914 5043 et
953 4989 1043 5064 die
1073 4992 1374 5057 Dominico,
1410 4996 1511 5064 qui
1539 4987 1622 5049 est
1645 4987 1760 5047 dies

56 5060 531 5134 Ricsurrcctiqnis
564 5060 770 5115 Christi
790 5079 803 5127 ;
824 5060 965 5134 quod
984 5064 1172 5131 utique
1203 5064 1322 5119 ideo
1351 5060 1603 5133 faciunt,
1629 5067 1760 5134 quia

50 5130 378 5185 Christum
408 5131 701 5187 Dominum
719 5134 775 5187 in
795 5130 923 5188 vera
941 5133 1183 5190 hominis
1201 5130 1406 5191 natura
1430 5151 1625 5191 natum
1636 5130 1759 5191 esse

40 5218 177 5275 non
215 5202 488 5275 credunt,
519 5206 613 5259 sed
642 5221 739 5275 per
785 5204 1088 5274 quamdam
1138 5208 1448 5262 illusionem
1484 5211 1758 5263 ostentata

38 5270 263 5346 uideri
295 5270 652 5346 ilotuntrquae'
674 5270 806 5331 vera
832 5292 941 5331 non
974 5278 1202 5342 luerim.
1241 5278 1485 5332 Disertis
1518 5295 1673 5346 quoq
1688 5296 1757 5333 ue

32 5342 269 5396 verbis
306 5342 797 5403 Priscillianistas
829 5348 1202 5402 contendisse
1236 5367 1410 5403 unam
1446 5342 1547 5404 Dei
1573 5355 1629 5405 et
1652 5342 1755 5404 h0-

32 5412 254 5492 Eni‘nis
285 5419 839 5492 essesubstantiam
866 5423 923 5473 et
947 5422 1217 5474 naturam
1247 5421 1370 5490 ipse
1394 5426 1446 5475 S.
1470 5426 1600 5485 Leo,
1627 5438 1755 5492 cap.

31 5488 77 5561 :5
115 5485 655 5561 docuit,_dicens:
705 5492 907 5559 Quinto
944 5492 1183 5560 capitulo
1225 5485 1466 5561 refertur
1507 5485 1759 5547 animum

31 5559 255 5611 homin
266 5559 318 5611 is
350 5557 567 5618 divinae
584 5579 696 5618 esse
724 5557 1076 5629 substantia,
1101 5580 1199 5616 nec
1215 5580 1244 5616 (ι
1265 5557 1473 5619 natura
1494 5568 1760 5620 creatoris

31 5631 146 5683 :ui
175 5631 549 5689 conditionis
581 5643 783 5691 nostra:
813 5635 1024 5690 distare
1055 5642 1317 5690 naturam
1349 5641 1444 5707 (α).
1478 5638 1610 5701 Quae
1643 5638 1758 5693 duo

1884 3131 2018 3185 dam
2054 3138 2482 3202 processerunt,
2503 3132 2646 3187 241
2678 3133 2777 3203 qui
2791 3131 2917 3184 olim
2941 3135 3067 3186 ante
3087 3130 3530 3203 Caesaraugusta-

1884 3149 2018 3185 oam
2054 3149 2482 3202 processerunt,
2504 3149 2645 3187 24‘:
2714 3149 2772 3185 ui
2791 3149 2917 3184 eum
2941 3149 3067 3186 ante
3087 3149 3526 3203 caesaraugusra-

1881 3218 2014 3255 num
2044 3204 2335 3257 concilium
2355 3205 2645 3273 episcopus
2660 3149 2861 3269 ﬂictus,
2890 3203 3147 3256 similiter
3175 3203 3340 3258 libros
3372 3206 3526 3258 Priss

1874 3275 2093 3329 cilliani
2116 3289 2239 3327 cum
2251 3277 2480 3330 auctore
2493 3274 2942 3333 damnaverat,ut
2963 3273 3028 3327 de
3046 3274 3397 3329 caeterisActa
3420 3284 3525 3328 tes-

1874 3349 2090 3419 tantur.
2108 3345 2214 3419 sed
2231 3362 2362 3419 cum
2386 3346 2759 3419 postmodum
2783 3345 2952 3399 fidem
2972 3350 3356 3419 mutasset,‘ae
3381 3347 3527 3419 Pris-

1876 3416 2207 3472 cillianistis
2234 3418 2527 3471 adhaerere
2559 3415 2853 3482 voluisset,
2890 3433 3056 3471 sacra
3108 3415 3521 3472 communione

1876 3493 2001 3544 erat
2033 3488 2312 3560 privatus.
2344 3489 2412 3542 Et
2442 3487 2576 3542 huic
2604 3487 3056 3560 indulgendum,
3080 3488 3350 3560 quamvis
3374 3489 3521 3544 forte

1877 3560 2201 3685 graviorem
2227 3559 2462 3631 culpam
2493 3559 2851 3623 admisisset,
2885 3559 3188 3614 communi
3238 3560 3519 3632 suffragio

1919 3632 2183 3685 eﬁnitum
2207 3636 2316 3685 est.
2350 3647 2604 3685 eumaue
2626 3630 2681 3684 in
2710 3630 3014 3685 pristinam
3042 3632 3519 3685 communionem

1919 3632 2183 3687 eﬁnitum
2207 3636 2316 3699 est,
2334 3630 2604 3703 eumque
2626 3630 2681 3684 in
2709 3630 3014 3701 pristinam
3042 3630 3519 3688 communionem

1878 3704 2241 3774 receperunt,
2275 3719 2343 3758 ea
2377 3702 2708 3758 conditione
2740 3702 3039 3773 proposita
3067 3708 3124 3756 et
3173 3708 3425 3766 servata.
3459 3708 3522 3757 ut

1876 3775 2163 3831 sinceram
2188 3775 2319 3829 ﬁdei
2354 3774 2775 3846 professionem
2808 3775 3025 3845 scripto
3058 3775 3453 3846 consignaret.

1946 3848 1999 3901 3.
2030 3844 2522 3902 Alitervero'cum
2549 3844 3063 3918 Ilerenaepiseopo
3094 3844 3523 3918 huju'squecle-

1877 3916 2012 3973 ricis
2048 3919 2260 3973 factum
2296 3918 2479 3973 fuisse
2509 3917 2914 3989 intelligimus.
2940 3916 3085 3973 Nam
3124 3916 3368 3975 Harenas
3400 3916 3523 3988 ille,

1872 3992 1970 4059 qui
1997 4007 2121 4045 suos
2140 3991 2373 4045 clericos
2387 3991 2543 4056 sequi
2553 3990 2846 4053 maluerat,
2872 3990 3071 4060 quique
3088 3993 3297 4059 sponte,
3321 4006 3419 4043 nec
3431 3990 3523 4043 in-

1873 4066 2203 4131 terrogatus,
2224 4063 2407 4115 Prisci
2412 4063 2453 4116 ll
2459 4064 2647 4115 ianum
2663 4061 2843 4115 cathol
2850 4077 2992 4114 acum
3005 4070 3359 4128 sanctumque
3371 4076 3522 4112 mar-

1874 4141 2049 4203 tyrem
2091 4132 2406 4195 clamasset,
2434 4142 2484 4185 et
2537 4134 2648 4201 ipse
2691 4146 2857 4203 usque
2905 4132 2975 4184 ad
3004 4133 3167 4198 ﬁnem
3192 4132 3523 4185 catholicum

1873 4202 1985 4258 esse
2015 4203 2241 4257 dixisset
2259 4204 2687 4273 persecutionem
2707 4202 2774 4255 ab
2796 4202 3058 4271 episcopis
3089 4216 3346 4267 passum;
3381 4204 3525 4256 hunc

1876 4274 2163 4344 (inquam)
2187 4290 2311 4327 cum
2341 4274 2430 4327 his
2451 4272 2703 4328 omnibus
2743 4276 2856 4326 tam
2884 4274 2999 4325 suis
3021 4273 3240 4327 clericis
3259 4289 3421 4343 quam
3443 4273 3526 4326 di-

1874 4348 2039 4400 versis
2067 4346 2350 4415 episcopis,
2385 4344 2482 4398 hoc
2523 4354 2599 4399 est
2628 4348 2862 4411 Donato,
2897 4345 3119 4410 Acurio,
3152 4345 3403 4407 Emitio,
3425 4346 3524 4413 qui

1866 4419 2205 4473 consortium
2231 4416 2572 4486 perditorum
2614 4415 2769 4485 sequi
2826 4416 3167 4481 maluerunt,
3216 4416 3515 4471 sacerdotio

1873 4488 2310 4544 submovendos
2340 4505 2468 4543 esse
2492 4489 2889 4543 decreverunt.
2917 4487 3031 4542 Nec
3060 4504 3193 4542 vero
3225 4487 3368 4542 tanti
3394 4503 3520 4541 mo-

1872 4559 2055 4615 menti
2089 4560 2472 4631 quznstionem
2506 4558 2667 4615 hisce
2712 4558 2925 4631 deretis
2959 4558 3521 4631 deﬁnitionibusque

1872 4629 2519 4688 dumtax‘atabsolutam
2541 4632 2721 4686 fuisse
2753 4629 3190 4684 arbitrabimur.
3210 4630 3334 4683 Alia
3351 4629 3520 4701 quip-

1870 4721 1941 4775 pe
1957 4705 2147 4759 adhuc
2162 4709 2530 4775 supererant,
2550 4701 3081 4775 quibusconsulere
3098 4708 3148 4755 et
3165 4700 3519 4775 medicinam

1870 4772 2147 4832 adhibere
2173 4772 2499 4848 oportebat.
2522 4775 2595 4829 lis
2616 4772 2882 4848 videlicet
2901 4773 2996 4848 qui
3014 4774 3083 4848 ad
3118 4773 3428 4848 concilium
3453 4789 3521 4828 ex

1869 4848 2138 4904 Gallaecia
2169 4844 2473 4910 venerunt,
2508 4852 2564 4899 et
2612 4847 2667 4900 in
2720 4844 3051 4913 Symphosii
3107 4847 3524 4900 communione

1869 4938 2101 4991 semper
2118 4921 2572 4991 durarunt,cum
2591 4916 2901 4991 episc0pus
2924 4915 3020 4971 ille
3040 4916 3405 4991 Priscilliana
3425 4916 3518 4991 lue

1869 4986 2257 5047 inﬁciebatur.
2292 4992 2393 5045 Pro
2419 4989 2508 5044 his
2527 5004 2663 5058 ergo
2691 4986 2844 5041 istud
2872 4988 3169 5044 decretum
3191 4990 3409 5044 factum
3432 4988 3520 5042 le-

1867 5064 2089 5133 gimus,
2122 5071 2200 5127 ut,
2234 5069 2451 5131 accepta
2473 5058 2655 5129 forma
2675 5076 2708 5112 a
2728 5060 2959 5115 concilio
2990 5063 3178 5123 missa.
3208 5064 3256 5115 si
3288 5060 3523 5115 subscri-

1865 5132 2093 5205 pserint,
2119 5136 2287 5188 etiam
2310 5134 2421 5198 ipsi
2440 5134 2495 5185 in
2514 5132 2745 5186 caelestis
2760 5134 2911 5205 pacis
2931 5134 3386 5205 contemplatione
3396 5146 3522 5186 con-

1866 5204 2085 5263 sistant.
2118 5210 2489 5274 exspectantes
2516 5205 2641 5273 pari
2661 5204 2906 5270 exemplo
2924 5204 3055 5275 quid
3081 5220 3248 5274 papa,
3268 5206 3367 5274 qui
3376 5218 3523 5257 nunc

1867 5282 1962 5339 est,
1999 5276 2129 5348 quid
2150 5283 2371 5331 sanctus
2390 5276 2782 5345 Simplicianus
2804 5275 3219 5330 Mediolanensis
3245 5275 3522 5345 episcopus

1867 5350 2175 5419 reliquique
2225 5348 2603 5403 Ecclesiarum
2650 5347 2955 5401 rescribam
2984 5348 3305 5419 sacerdotesr

1940 5415 1997 5475 Si
2048 5415 2144 5491 qui
2194 5425 2412 5483 autem,
2447 5418 2735 5474 audacius
2785 5421 3044 5487 agentes.
3077 5416 3305 5470 concilii
3336 5415 3518 5491 hujus

1869 5489 2473 5563 spreta-indulgentia.
2496 5491 2950 5558 subscriptionem
2962 5496 3160 5563 [arma
3180 5504 3341 5559 quam
3358 5489 3519 5563 misi-

1867 5559 1988 5618 mus
2016 5580 2123 5619 non
2145 5564 2418 5629 dederint,
2471 5563 2736 5617 Ecclesias
2788 5576 2930 5630 quas
2959 5559 3206 5614 detinent
3238 5576 3347 5616 non
3378 5559 3518 5614 reti-

1870 5640 2056 5705 neant,
2087 5652 2262 5706 neque
2294 5637 2380 5691 his
2409 5634 2805 5689 communicent
2828 5633 2947 5703 qui,
2979 5632 3184 5687 reversi
3202 5631 3267 5688 de
3292 5631 3519 5705 synodo,

113 5771 206 5845 (α)
245 5772 340 5830 Ex
375 5776 551 5849 epist.
586 5780 657 5835 ad
690 5778 1029 5837 Turribium
1061 5780 1525 5853 Asturicensam,
1561 5798 1684 5855 cap.
1723 5782 1756 5838 4
1786 5780 1867 5836 Ex
1896 5781 2097 5837 eadem
2131 5780 2303 5854 epist.
2337 5796 2465 5853 cap,
2498 5779 2557 5834 5.
