4044 6172
186 171 352 231 ’1153

969 170 1072 229 DE
1116 168 1627 263 EUTYGHIANA
1674 172 1981 235 HIERESI
2026 173 2127 234 ET
2169 172 2564 235 HISTORIA.
2610 173 2757 235 LIB.
2801 174 2852 235 Ι.

3456 180 3611 242 1154

194 317 361 376 pravo
396 316 587 357 errore
625 307 982 357 commotam.
1016 299 1141 377 Non
1182 302 1339 377 enim
1373 302 1607 373 plenius
1641 305 1710 359 de
1741 304 1848 360 hoc
1878 310 1931 377 Α
1963 306 2109 361 forte
2134 308 2263 376 post
2288 304 2503 361 Gelasii
2526 305 2825 361 decretum
2844 306 3209 363 observatam
3232 306 3437 375 fuisse,
3460 309 3614 365 indi-

199 374 344 430 novo
375 389 570 447 errore
594 377 853 447 recenter
872 376 1071 428 exorto
1101 388 1162 427 se
1184 374 1537 430 instructum
1562 377 1851 447 potuisset

200 447 391 519 fateri,
411 446 525 501 nisi
546 443 865 519 synodalia
880 449 1047 519 gesta
1072 461 1185 519 una
1204 463 1343 519 cum
1363 443 1578 503 litteris
1594 450 1851 519 accepis-

202 524 308 575 set.
340 517 705 587 Quapropter
719 516 969 571 maxime
990 515 1215 571 laudari
1230 519 1469 573 debetS.
1486 524 1545 573 P.
1565 515 1853 586 studium,

204 590 301 662 qui
325 591 392 662 in
408 604 601 644 rerum
624 588 1106 662 gravissimarum
1126 590 1320 662 causis
1335 590 1430 662 plu
1442 593 1555 645 ries
1568 592 1635 647 de
1650 593 1854 646 codem

204 660 438 734 negotio
460 676 795 731 expressam
818 660 954 734 facit
981 661 1360 734 mentionem.
1399 661 1467 716 Ut
1506 662 1777 717 videlicet
1806 663 1855 717 si

205 732 555 806 quandoque
568 748 811 787 suarum
825 732 1436 806 epistolarumlatores
1456 735 1538 789 vel
1554 736 1860 789 inﬁrmita-

205 804 364 862 tibus
382 804 804 876 detinerentur,
832 804 939 873 vel,
962 804 1261 875 inopinato
1284 804 1479 876 aliquo
1503 823 1637 861 casu
1663 810 1861 863 esswt

207 875 510 962 praepediti
542 892 886 962 aggressum
921 877 1029 962 iter
1061 875 1862 962 interrunip’erencogerentur

208 948 293 1005 illi
326 948 537 1003 saltem
571 948 641 1019 ad
676 964 820 1016 quos
853 949 1069 1019 scripto
1102 948 1412 1019 dirigebat,
1444 948 1683 1004 aliis'et
1730 950 1860 1005 aliis

209 1021 499 1093 epistolis,
520 1018 908 1093 perlatoribus
932 1018 987 1073 et
1019 1020 1243 1075 nuntiis
1276 1019 1478 1093 ﬁerent
1492 1024 1769 1076 certiores
1791 1023 1860 1076 de

210 1091 389 1149 rebus
419 1107 549 1163 quas
580 1108 683 1163 per
704 1091 1030 1163 litterarum
1055 1092 1471 1148 commercium
1502 1099 1628 1148 tum
1652 1098 1865 1150 tracta-

211 1162 449 1236 bantur.
474 1163 532 1216 Si
565 1162 701 1236 quae
726 1164 783 1216 in
816 1162 925 1217 hoc
956 1180 1090 1233 cap.
1128 1166 1363 1236 tandem
1398 1171 1715 1220 occurrunt
1737 1181 1862 1236 quae

214 1235 525 1307 diligenter
550 1233 839 1307 explicata
867 1251 979 1307 non
1012 1236 1271 1302 fuerunt,
1301 1235 1658 1293 luculentius
1688 1233 1865 1293 eise-

214 1306 534 1381 quentibus
565 1306 759 1378 magis
794 1306 1102 1377 magisque
1132 1308 1507 1364 constabunt.

850 1411 1080 1467 CAPUT
1110 1411 1262 1467 VIII.

217 1505 289 1561 De
319 1502 644 1575 aliis_atque
664 1500 801 1575 aliis
818 1500 871 1554 S.
899 1501 1090 1556 Leonis
1122 1503 1313 1575 Magni
1338 1502 1583 1574 epistolis
1616 1502 1873 1575 Ephesini

286 1572 521 1628 concilii
547 1574 831 1647 occasione
851 1575 1095 1647 scriptis.
1115 1574 1170 1628 S.
1198 1574 1261 1627 P.
1295 1572 1541 1647 studium
1563 1572 1664 1647 pro
1682 1576 1873 1631 Orien-

286 1647 490 1718 talium
536 1645 820 1718 scandatis
847 1644 1163 1718 abolendis,
1213 1644 1596 1718 catholicoque
1638 1648 1746 1717 fute
1773 1649 1872 1717 fir-

288 1716 518 1772 manda.
538 1716 854 1771 Christiani
875 1717 1015 1786 Lupi
1031 1718 1216 1786 Opinio
1238 1716 1539 1788 exponitur
1558 1727 1608 1774 et
1628 1716 1874 1774 illustra-

291 1794 385 1844 tur
408 1807 422 1855 ;
446 1789 733 1862 Dioscorus
755 1802 886 1862 vero
907 1788 1344 1862 Alexandrinus,
1370 1791 1653 1862 imperiali
1673 1792 1876 1846 abusus

290 1864 560 1932 potentia,
590 1860 877 1934 catholicis
909 1861 1175 1934 episcopis
1224 1862 1333 1916 vim
1370 1860 1879 1934 Oppressionemque

294 1930 560 2002 inferens,
584 1931 866 2002 Eutychen
885 1930 1141 2000 absolvit,
1182 1942 1233 1988 et
1252 1930 1523 2004 synodum
1561 1936 1622 1988 in
1661 1930 1879 1990 latroci-

294 2005 455 2078 nium
484 2005 860 2078 convertenda
878 2005 1192 2073 apostolicae
1235 2005 1375 2059 sedis
1423 2007 1631 2075 legatos
1677 2007 1879 2078 praesi-

296 2076 451 2130 dium
478 2090 721 2146 quaerere
751 2079 803 2129 et
829 2076 1020 2145 fugam
1048 2077 1301 2147 arripere
1331 2080 1522 2148 coegit.

311 2165 364 2239 ξς
387 2162 601 2239 Tribus
614 2163 1063 2239 abscedentibus
1084 2165 1156 2219 ab
1183 2166 1321 2239 urbe
1344 2166 1537 2239 Roma,
1556 2165 1883 2239 apostolicae

238 2237 399 2291 sedis
429 2235 638 2307 legatis
669 2251 803 2291 cum
834 2234 1081 2291 Dulcitio
1121 2237 1365 2304 notario,
1398 2238 1544 2293 nihil
1586 2234 1789 2293 eorum
1822 2239 1881 2293 S.

241 2308 357 2381 Leo
368 2307 751 2381 praetermisit
767 2324 894 2378 quae
914 2324 1112 2365 secum
1140 2309 1556 2381 recogitaverat
1573 2314 1643 2365 ad
1666 2313 1885 2365 exitum

239 2379 379 2435 ﬁdei
394 2396 604 2453 causas
623 2380 939 2453 perducere
954 2396 1145 2451 posse,
1164 2379 1479 2453 amputatis
1503 2388 1774 2453 praeterea
1786 2398 1889 2453 per

238 2451 663 2524 sacerdotalem
696 2452 1069 2524 concordiam
1114 2456 1171 2506 et
1218 2451 1418 2524 pacem
1465 2451 1739 2509 omnibus
1770 2451 1886 2509 illis

240 2522 540 2597 scandulis
569 2539 701 2592 quae
731 2523 805 2597 ob
838 2523 1092 2597 privatas
1126 2522 1527 2597 aemulationes
1558 2531 1616 2581 et
1645 2525 1890 2597 antiqua

239 2595 379 2651 odia
411 2610 511 2669 per
539 2598 728 2650 totum
762 2595 889 2669 fere
908 2596 1200 2651 Orientem
1229 2596 1573 2668 gliscebant.
1627 2596 1719 2652 Uti
1750 2595 1887 2669 ergo

242 2666 803 2740 censuit,gsuprema
834 2666 934 2740 illa
950 2666 1315 2740 auctoritate,
1332 2685 1522 2740 quam,
1542 2685 1643 2739 pro
1675 2666 1887 2724 conﬁr-

243 2739 478 2795 mandis
502 2738 562 2793 in
586 2738 699 2793 ﬁde
729 2738 1004 2793 fratribus
1025 2743 1079 2794 S.
1106 2738 1312 2795 Petrus
1344 2738 1376 2795 a
1397 2739 1621 2796 Christo
1646 2740 1889 2796 Domino

243 2814 568 2884 acceperat,
584 2809 725 2881 quid
739 2810 1091 2884 credendum
1114 2816 1171 2866 et
1188 2812 1259 2867 ab
1285 2811 1562 2884 omnibus
1582 2817 1737 2867 esset
1758 2829 1891 2884 pro-

245 2882 534 2955 ﬁtendum
565 2884 721 2937 circa
754 2882 980 2937 Domini
1031 2883 1511 2950 incarnationem,
1559 2882 1774 2955 quidve
1818 2884 1889 2939 ad

246 2953 585 3027 abol_endos_
600 2969 808 3023 pravos
835 2969 1082 3021 errores,
1115 2955 1216 3026 qui
1256 2972 1448 3027 nuper
1473 2953 1751 3027 praetextu
1782 2956 1893 3011 Ne-

246 3025 526 3081 storianaa
572 3024 857 3080 hzereseos
905 3024 1223 3081 evertendas
1272 3024 1689 3095 exorti—erant,
1739 3031 1894 3083 esset

250 3098 654 3162 statuendum,
686 3096 830 3169 aliis,
852 3100 909 3152 et
937 3097 1066 3169 aliis
1093 3099 1358 3169 epistolis
1389 3099 1595 3154 docere
1615 3098 1827 3166 voluit;
1861 3116 1894 3153 a

251 3184 502 3239 quarum
537 3168 755 3239 regulis
786 3167 833 3223 si
854 3168 1054 3223 nullus
1085 3167 1506 3225 catholicorum
1538 3173 1896 3239 recessisset,

251 3239 669 3314 minimeﬁdes
700 3239 984 3314 catholica
1008 3241 1153 3314 illud
1205 3258 1377 3313 grave
1423 3243 1666 3297 exitium
1725 3258 1900 3314 passa

250 3310 766 3383 fuisset,dequoin
786 3310 1233 3383 praesentiarum
1250 3314 1421 3368 verba
1440 3314 1645 3369 facturi
1666 3310 1898 3369 sumus.

253 3383 457 3457 [dibus
488 3382 853 3457 igitur‘Junii
874 3384 1139 3454 ejusdem
1163 3385 1297 3439 anni
1323 3384 1519 3456 plures
1543 3385 1821 3457 epistolas
1839 3385 1898 3439 in

251 3454 552 3509 Orientem
585 3454 932 3526 deferendas
964 3458 1089 3510 suis
1121 3454 1336 3526 legatis
1365 3457 1545 3511 dedit.
1578 3454 1726 3521 Quas
1750 3458 1904 3512 inter

254 3526 585 3652 principem
618 3525 812 3581 locum
850 3528 1020 3581 habet
1041 3528 1141 3582 illa
1167 3528 1499 3599 dogmatica
1530 3530 1599 3583 ad
1630 3534 1900 3583 sanctum

301 3597 600 3652 lavianum
636 3597 874 3652 scripta.
897 3616 1070 3652 uuam
1092 3604 1396 3652 tamnuam
1431 3606 1641 3652 nostrae
1663 3602 1900 3652 sincerae

301 3597 600 3671 lavianum
636 3597 874 3669 scripta,
897 3616 1070 3668 quam
1092 3597 1396 3671 tamquam
1431 3606 1641 3655 nostrae
1663 3602 1901 3655 sincerae

254 3670 391 3723 ﬁdei
424 3668 686 3739 regulam
721 3671 777 3723 in
812 3670 883 3724 iis
906 3688 1031 3740 quin
1056 3672 1125 3725 ad
1152 3668 1572 3727 incarnationis
1594 3672 1903 3728 Dominicze

252 3741 601 3812 mysterium
619 3745 908 3811 spectant,
924 3759 1157 3797 summa
1169 3748 1504 3799 sanctorum
1520 3744 1691 3799 Patru
1704 3761 1757 3799 m
1771 3760 1906 3799 con-

253 3812 554 3876 sensione,
587 3812 964 3868 conciliorum
1024 3815 1447 3883 sanctionibus,
1508 3821 1902 3872 Romanorum

257 3883 605 3954 pontiﬁcum
639 3884 908 3949 decretis,
943 3885 1273 3941 habendam
1315 3904 1443 3941 esse
1499 3888 1557 3941 in
1616 3888 1905 3943 catholica

255 3953 859 4027 Ecclesiastabilitum
878 3957 1002 4011 fuit.
1020 3958 1100 4010 Ad
1125 3957 1274 4012 hanc
1292 3974 1459 4027 porro
1481 3959 1906 4014 Chalcedonen-

254 4026 341 4081 sis
365 4024 597 4081 concilii
620 4031 820 4082 Patres
843 4029 1226 4098 attendentes,
1252 4024 1725 4098 hoccejudicium
1744 4031 1907 4085 elfor-

257 4098 691 4163 marunt,nulla
713 4100 936 4154 ratione
957 4099 1225 4155 videlicet
1249 4100 1480 4154 differre
1511 4100 1581 4155 ab
1606 4118 1672 4156 ea
1696 4102 1907 4156 revela-

256 4168 422 4224 tione
454 4169 585 4225 divo
618 4170 781 4226 Petro
807 4171 975 4237 facta,
1016 4171 1233 4229 Christi
1274 4171 1503 4226 Domini
1538 4172 1906 4227 divinitatem

259 4240 667 4315 conﬁtentimb
681 4260 858 4313 quam
876 4244 1081 4299 beatus
1096 4243 1505 4314 pronuntiatus
1519 4248 1625 4299 est.
1642 4248 1909 4315 Namque

260 4312 366 4368 PP.
402 4312 485 4367 illi
525 4312 757 4369 summa
780 4312 1148 4371 veneratione
1187 4320 1593 4385 susceperunt,
1635 4312 1909 4370 374m-

254 4392 391 4484 ppte
418 4392 471 4439 et
500 4387 691 4455 magni
712 4386 867 4484 illius
897 4390 1051 4484 Petri
1068 4388 1401 4470 confessioni
1418 4392 1826 4484 pongruent'em,
1854 4392 1908 4442 et
1945 4420 1988 4484 Β

254 4470 605 4511 communem
636 4458 930 4528 quamdam
958 4461 1274 4514 columnam
1296 4460 1619 4514 existentem
1655 4459 1914 4514 adversus

259 4542 515 4601 perverse
537 4534 831 4601 sentientes
878 4532 975 4600 (α).
1010 4532 1187 4600 Cujus
1220 4536 1497 4601 praeterea
1526 4531 1671 4585 tanti
1703 4531 1920 4586 facien-

259 4599 646 4673 dumesses.
682 4599 959 4673 Gelasius
991 4599 1140 4673 papa
1166 4599 1414 4671 censuit,
1468 4606 1530 4657 ut
1574 4602 1631 4656 in
1664 4606 1920 4659 Romano

260 4669 517 4745 concilio
546 4670 619 4745 de
641 4669 1007 4745 rapocryphis
1022 4669 1201 4745 agens
1225 4669 1532 4742 scripturis
1554 4673 1701 4730 illun
1721 4674 1919 4730 decre-

265 4743 397 4817 tum
429 4742 704 4817 ediderit,
724 4742 846 4817 quo
868 4742 1152 4801 asserit'ur
1182 4764 1194 4802 :
1229 4746 1527 4801 Probamus
1548 4747 1832 4817 epistolam
1851 4748 1915 4802 B.

263 4813 464 4889 Leonis
485 4830 636 4889 papa
660 4815 734 4889 ad
762 4815 1096 4872 Flavianum
1128 4819 1438 4889 episcopum
1471 4813 1922 4889 Constantinopo-

263 4884 512 4959 litanum
533 4884 863 4942 destinatam
888 4906 902 4956 ;
930 4890 1092 4959 cujus
1122 4884 1336 4945 textum
1370 4890 1645 4959 quispiam
1674 4891 1725 4944 si
1752 4884 1924 4959 usgue

261 4955 338 5010 ad
379 4972 562 5031 unum
578 4959 693 5031 iota
723 4955 1091 5031 dispunxerit,
1141 4967 1196 5016 et
1233 4976 1344 5015 non
1377 4955 1522 5017 ‘em
1560 4962 1622 5016 in
1668 4955 1921 5017 omnibus

258 5028 669 5101 venerabiliter
696 5028 989 5101 receperit,
1016 5037 1315 5087 anathema
1341 5034 1436 5087 sit.

335 5101 395 5174 2τ
448 5099 688 5174 Qualem
740 5099 872 5158 vero
922 5099 1321 5174 quantamque
1368 5104 1800 5159 venerationem
1858 5102 1919 5158 in

263 5170 888 5246 Ecclesiaobtinuerit,
920 5170 1127 5246 probat
1156 5170 1331 5230 etiam
1364 5175 1463 5231 illa
1494 5175 1855 5231 consuetudo
1888 5192 1921 5230 a

263 5240 553 5317 cardinali
576 5244 818 5317 Baronio
840 5264 910 5301 an
922 5240 1139 5311 notata,
1159 5249 1253 5317 qui
1276 5251 1566 5303 asseverat
1589 5247 1919 5302 Romanum

262 5312 493 5395 clerum
523 5316 821 5395 Adventus
846 5326 1107 5395 tempore
1131 5312 1189 5372 in
1221 5319 1435 5374 divinis
1460 5318 1923 5395 recitandis_ofﬁ-

258 5385 379 5442 ciis
430 5402 561 5443 eam
590 5386 781 5461 legere
813 5385 1206 5462 consuevisse,
1240 5406 1533 5462 quamque
1584 5390 1925 5447 immediate

308 5597 418 5680 .(a)
450 5598 921 5680 Chalcedonepse
978 5603 1314 5680 concilium,
1360 5602 1589 5680 actione
1643 5604 1696 5659 4.
1756 5602 1924 5680 Gela-

272 5673 405 5753 siup
439 5688 633 5753 papa,
681 5675 744 5736 in
798 5675 1058 5739 Romano
1107 5675 1379 5753 concilio,
1444 5675 1517 5738 de
1568 5673 1924 5753 apocryphis

267 5741 607 5822 scripturis.

1962 381 2099 432 cant
2120 393 2420 433 sacrarum
2438 377 2757 432 lectionum
2775 378 2927 445 libri,
2946 378 3043 449 qui
3067 381 3138 433 ad
3164 396 3334 435 usum
3355 381 3613 435 choriin-

1967 449 2321 514 serviebant,
2346 466 2494 519 quos
2518 450 2669 504 inter
2689 467 2872 504 unum
2896 453 3364 506 vetustissimum
3392 453 3611 508 nostris

1965 520 2152 576 oculis
2176 520 2558 576 lustravimus
2583 522 2640 575 in
2663 521 2941 577 Vaticana
2966 523 3320 578 bibliotheca
3352 540 3615 579 asserva-

1965 599 2116 647 tum.
2142 593 2305 646 Hunc
2330 609 2499 663 porro
2520 592 2837 647 lectionum
2862 595 3119 649 codicem
3139 601 3302 649 sexto
3342 595 3613 651 Ecclesia:

1968 665 2181 719 saeculo
2204 665 2275 717 ab
2297 665 2624 736 Agimundo
2640 668 2999 736 presbytero,
3016 666 3361 721 Romaniset
3377 668 3620 722 unciali-

1968 737 2080 809 bus
2102 735 2543 809 characteribus
2566 735 2946 807 descriptum,
2972 744 3027 791 et
3057 737 3112 791 in
3151 739 3297 792 duas
3321 743 3513 809 partes
3536 739 3618 793 di-

1968 808 2387 877 visum,prodit
2406 809 2756 878 epigraphes
2772 809 3036 878 quaedam
3054 811 3123 863 ad
3136 808 3352 865 calcem
3373 810 3618 865 alterius

1970 878 2150 949 partis
2173 879 2474 949 apposita,
2494 881 2549 932 in
2574 897 2813 949 quanon
2832 886 3058 933 tantum
3079 881 3380 952 scriptoris
3402 898 3614 938 nomen

1969 952 2333 1019 exprimitur,
2353 966 2553 1004 verum
2572 952 2744 1005 etiam
2772 952 3065 1005 indicatur
3081 969 3146 1005 eo
3171 954 3369 1007 codice
3385 954 3467 1007 uti
3489 971 3619 1010 con~

1972 1026 2252 1091 suevisse,
2279 1022 2338 1075 in
2362 1020 2574 1076 divinis
2611 1022 3005 1093 persolvendis
3046 1024 3276 1088 ofﬁciis,
3309 1025 3619 1081 ecclesiam

1973 1095 2318 1149 Sanctorum
2370 1095 2679 1149 duodecim
2729 1096 3139 1165 Apostolorum
3193 1097 3355 1151 urbis
3405 1101 3617 1152 Romae.

1974 1166 2145 1220 Illum
2189 1167 2384 1236 itaque
2426 1167 2646 1237 integro
2687 1171 3112 1236 percurrentes,
3164 1167 3277 1223 fere
3327 1184 3532 1224 omnes
3562 1171 3620 1224 S.

1974 1238 2270 1310 pontiﬁcis
2302 1238 2483 1291 nostri
2517 1254 2832 1303 sermones,
2875 1244 2931 1293 et
2962 1238 3258 1309 homilias,
3290 1242 3619 1295 secundum

1977 1311 2244 1365 ordinem
2262 1310 2487 1364 dierum
2513 1316 2686 1379 atque
2709 1311 2987 1365 festorum
3019 1311 3365 1366 distributas
3382 1312 3625 1367 offendi-

1978 1398 2132 1449 mus,
2158 1381 2328 1451 cujus
2350 1381 2991 1454 distributionisunum
3016 1384 3307 1453 integrum
3326 1385 3622 1454 specimen

1979 1456 2049 1508 ad
2076 1454 2254 1520 hujus
2275 1453 2459 1506 nostri
2491 1454 2693 1519 Operis
2716 1453 2933 1509 calcem
2963 1470 3251 1524 apponere
3275 1460 3331 1509 et
3354 1453 3625 1510 exhibere

1980 1525 2419 1596 ipsiVaticanze
2453 1524 2815 1580 bibliothecm
2842 1527 3153 1596 scriptores
3194 1526 3625 1582 humanissime

1981 1595 2149 1651 nobis
2183 1601 2623 1667 persuaserunt.
2657 1596 2728 1651 Ut
2750 1598 2888 1670 inde
2911 1595 3154 1670 lectores
3196 1598 3466 1670 colligere
3490 1615 3625 1669 pos-

1903 1679 1949 1743 B
1981 1673 2130 1743 sent,
2152 1673 2357 1722 contra
2377 1670 2658 1743 quosdam
2678 1668 3028 1743 recentiores
3050 1669 3302 1743 criticos,
3323 1668 3621 1743 antiquis-

1983 1742 2195 1795 simam
2210 1755 2337 1793 esse
2353 1740 2720 1809 quarundam
2736 1740 3175 1795 solemnitatem
3196 1742 3629 1796 institutionem

1985 1818 2042 1867 et
2062 1812 2131 1865 ad
2160 1816 2358 1865 nostra
2377 1828 2562 1881 usque
2579 1816 2843 1881 tempora
2862 1811 3274 1867 inviolabiliter
3293 1829 3426 1867 eum
3452 1813 3629 1867 ritum

1986 1900 2117 1938 esse
2137 1883 2191 1936 in
2218 1882 2472 1937 Ecclesia
2495 1890 2812 1948 servatum,
2838 1899 3010 1953 quem
3029 1883 3213 1937 nostri
3237 1888 3489 1954 majores
3512 1885 3634 1939 ani-

1989 1971 2339 2024 marumque
2372 1959 2636 2024 pastores
2676 1954 3063 2009 tradiderunt.
3124 1956 3633 2019 Quemadmodum

1990 2028 2186 2097 itaque
2203 2043 2271 2079 ex
2291 2025 2400 2079 hoc
2414 2041 2713 2080 sacrarum
2730 2024 3042 2079 lectionum
3059 2025 3208 2081 libro
3224 2024 3637 2097 comprobabi-

1989 2102 2052 2153 tu
2063 2096 2312 2169 r,haudq
2324 2114 2573 2168 uaquam
2590 2102 2874 2152 vetustam
2891 2098 3297 2152 ecclesiasticas
3312 2096 3635 2167 disciplima

1992 2169 2368 2225 traditionem
2420 2171 2478 2223 in
2513 2170 2675 2223 festis
2707 2169 2950 2239 agendis
2995 2169 3328 2239 divinisque
3358 2169 3635 2224 laudibus

1996 2241 2392 2314 persolvendis
2424 2240 2605 2294 fuisse
2627 2247 2946 2307 mutatam;
2984 2241 3270 2314 itafacile
3300 2240 3639 2314 heterodoxi

1995 2312 2391 2384 argumentari
2427 2316 2704 2384 poterunt
2734 2328 2967 2366 summa
2999 2312 3488 2384 religionefuisse
3511 2329 3637 2367 ser-

1994 2383 2184 2439 vatam
2230 2399 2459 2438 sacram
2492 2383 2888 2451 traditionem,
2923 2388 2979 2437 et
3006 2383 3422 2438 inviolabiliter
3467 2400 3639 2438 man-

1996 2458 2143 2512 sisse
2173 2456 2570 2525 incorruptam
2605 2454 2871 2525 inirebus
2895 2455 2964 2508 ad
2991 2455 3124 2509 ﬁdei
3147 2457 3422 2525 dogmata
3443 2471 3639 2510 sacra-

1999 2524 2449 2596 mentorumque
2471 2524 3039 2580 administrationem
3073 2524 3528 2596 pertinentibus,
3568 2528 3639 2580 de

1996 2599 2210 2671 quibus
2242 2599 2299 2652 in
2324 2614 2578 2669 praesens
2600 2598 2773 2652 verba
2804 2596 2988 2652 facere
3018 2614 3123 2651 nec
3152 2614 3503 2670 congruum,
3531 2613 3636 2652 nec

1998 2686 2235 2727 necesse
2264 2678 2370 2725 63L

2070 2744 2121 2796 3.
2154 2745 2284 2795 Jam
2334 2756 2465 2795 vero
2511 2738 2688 2793 hocce
2735 2736 3014 2794 Vaticano
3065 2738 3261 2793 codice
3308 2738 3533 2805 relicto,
3567 2736 3639 2791 ad

1997 2814 2293 2869 laudatam
2309 2810 2614 2883 epistolam
2636 2810 3079 2875 revertamur,in
3094 2809 3645 2883 quaconscribenda

2000 2901 2134 2941 eum
2158 2880 2398 2954 scopum
2426 2883 2534 2938 sibi
2558 2883 2661 2937 Leo
2681 2883 2925 2952 Magnus
2953 2880 3278 2953 propesuit,
3319 2888 3385 2937 ut
3412 2881 3544 2936 ﬁdei
3578 2880 3636 2934 in

2002 2953 2323 3011 multorum
2355 2953 2739 3009 Orientalium
2766 2956 3075 3021 cordibus;
3098 2956 3162 3009 ob
3196 2956 3362 3009 unius
3393 2953 3643 3024 imperiti

2002 3030 2151 3084 senis
2172 3043 2379 3081 novam
2404 3027 2732 3080 doctrinam
2757 3027 2985 3080 nutanti
3018 3030 3073 3080 et
3097 3025 3469 3097 periclitanti,
3506 3040 3647 3095 pras-

2007 3100 2225 3157 sidium
2258 3104 2313 3153 et
2352 3099 2792 3152 ﬁrmamentum
2835 3098 3136 3167 praeberet,
3172 3113 3377 3167 pravos
3417 3110 3646 3167 errores

2005 3174 2383 3227 damnaretet
2405 3169 2675 3223 universo
2698 3166 3116 3223 cathOlicorum
3157 3166 3329 3223 cmtui
3362 3166 3501 3238 quid
3524 3184 3649 3237 per-

2009 3250 2181 3316 petuo
2205 3246 2261 3316 et
2287 3239 2699 3316 inviolabiliter
2719 3245 2875 3295 esset
2904 3240 3261 3316 credendum
3304 3241 3651 3316 proponeret

2009 3309 2184 3385 atque
2199 3312 2633 3385 decerneret,Mi
2647 3330 2677 3364 n
2690 3312 2800 3385 ime
2813 3328 2959 3385 opus
2974 3317 3059 3385 est
3082 3311 3174 3365 hic
3187 3309 3314 3366 eam
3329 3309 3654 3385 doctrinam

2011 3380 2309 3441 recensere
2343 3400 2455 3451 qua
2477 3384 2595 3437 haec
2628 3380 2875 3452 epistola
2906 3382 3114 3436 referta
3144 3387 3254 3451 est,
3303 3381 3389 3437 vel
3421 3380 3655 3452 saltem,

2012 3457 2245 3527 singula
2268 3457 2396 3524 ejus
2422 3457 2633 3527 capita,
2660 3451 2727 3527 in
2760 3454 3183 3527 quibusgdivisa
3200 3457 3307 3520 est,
3341 3451 3651 3527 explicare.

2009 3524 2393 3598 Vixvaliquem
2421 3524 2807 3594 ex'theologis
2839 3527 2959 3580 haec
2988 3525 3167 3581 latere
3199 3539 3370 3595 posse
3403 3524 3654 3598 arbitra—

2013 3618 2165 3655 mur.
2187 3596 2332 3653 Illud
2360 3614 2544 3652 unum
2569 3598 2871 3652 dumtaxat
2889 3598 3289 3652 annotandum
3314 3596 3656 3652 censuimus

2013 3672 2168 3744 quod
2191 3671 2329 3744 etin
2363 3670 2842 3744 antecedentibus
2874 3668 3070 3744 aliqua
3103 3668 3326 3744 ratione
3348 3666 3657 3744 _delibavi-

2013 3738 2167 3804 rhus,
2209 3747 2266 3797 S.
2309 3743 2560 3797 Leonem
2594 3740 2883 3804 videlicet,
2926 3742 3143 3809 absque
3194 3738 3654 3795 Occidentalium

2013 3813 2280 3877 concilio,
2313 3818 2368 3867 et
2399 3815 2749 3882 cujusquam
2784 3811 3024 3867 alterius
3056 3813 3312 3883 episcopi
3353 3812 3656 3882 sull‘ragio,

2014 3896 2296 3957 tanquam
2312 3885 2607 3939 absurdam
2622 3890 2795 3957 atque
2811 3900 3126 3957 perversam
3149 3883 3423 3957 Eutychis
3445 3886 3656 3957 profes-

2012 3952 2217 4014 sionem
2253 3959 2586 4020 damnasse,
2616 3952 2902 4025 et_diguis
2939 3952 3453 4025 objurgatio'nibus’
3478 3952 3656 4025 corri-

2013 4032 2214 4101 puisse
2227 4028 2606 4101 Constantino
2617 4022 2919 4096 politanosj
2934 4022 3259 4101 udice_s',qui
3274 4025 3329 4077 in
3344 4025 3562 4101 synodo
3577 4023 3661 4101 in-

2015 4095 2251 4171 crepare
2267 4099 2591 4171 omiserunt
2606 4095 2891 4171 sermonen
2902 4098 3069 4171 nimis
3082 4097 3449 4171 insipientem,
3467 4095 3660 4171 nimis-

2016 4166 2131 4242 que’
2142 4169 2715 4242 blasphemum,quasi
2733 4169 2880 4222 nihil
2892 4168 3033 4238 quod
3046 4166 3489 4242 offenderetesset
3506 4167 3660 4242 audi-

2015 4239 2132 4298 tum
2144 4257 2267 4297 eum
2284 4250 2395 4295 tam
2413 4241 2583 4309 impie
2593 4239 2827 4293 duarum
2842 4242 3316 4293 naturarumante
3331 4240 3665 4293 incarnatio-

2014 4330 2139 4369 nem
2160 4314 2478 4381 unigenitus
2500 4312 2596 4365 Dei
2617 4312 2791 4364 Filius
2812 4313 2982 4379 fuisse
3002 4310 3236 4375 dicatur,
3261 4326 3425 4380 quam
3444 4311 3664 4377 nefarie

2017 4394 2303 4458 postquam
2314 4384 2540 4458 Verbum
2553 4398 2681 4458 caro
2691 4384 2899 4452 factum
2913 4386 2989 4436 est
3004 4391 3204 4458 natura
3216 4383 3346 4458 in_eo
3356 4382 3665 4458 singularis

2020 4452 2288 4513 asseritur
2317 4455 2412 4523 (b).
2450 4454 2689 4509 Mandat
2712 4459 2902 4508 tamen
2930 4470 3060 4508 cum
3088 4453 3399 4525 Eutychete
3423 4452 3665 4525 misera-

2027 4529 2245 4584 tionem
2271 4526 2422 4582 375
2467 4525 2756 4589 adhiberi,
2804 4526 2876 4580 iis
2918 4524 3353 4580 conditionibus
3399 4524 3665 4589 servatis,

2030 4601 2181 4672 quod
2208 4600 2343 4654 huic
2365 4597 2623 4669 epistolae
2655 4598 3024 4672 subscribere
3060 4613 3172 4672 non
3219 4596 3583 4672 detrectaret,
3612 4600 3670 4649 et

2026 4668 2154 4727 viva
2182 4687 2320 4726 voce
2342 4668 2517 4741 prava
2538 4672 2813 4741 dogmata
2842 4686 2969 4739 quae
2999 4668 3313 4741 imbiberat
3341 4668 3667 4741 damnaret.

2028 4744 2233 4799 Totius
2247 4737 2500 4813 denique
2514 4737 2700 4797 causae
2716 4737 3141 4813 exsecutionem
3159 4738 3282 4793 suis
3303 4737 3503 4813 legatis
3516 4754 3671 4813 coni-

2030 4816 2265 4871 misisse
2303 4809 2614 4881 asseverat,
2638 4813 2737 4883 qui
2762 4812 3089 4883 pontiﬁcias
3125 4815 3320 4883 partes
3341 4811 3398 4864 in
3422 4809 3667 4883 concilio

2030 4903 2200 4957 agere
2220 4890 2277 4941 et
2296 4885 2585 4940 sustinere
2606 4882 2838 4953 debent,
2863 4882 3197 4957 Divinitatis
3231 4882 3667 4957 auxiliumppi-

2031 4954 2357 5013 tulaturum
2386 4957 2505 5011 fore
2522 4957 2844 5023 conﬁdens,
2871 4961 2934 5009 ut
2959 4954 3008 5009 is
3038 4956 3133 5024 qui
3171 4959 3482 5019 erraverat,
3505 4955 3669 5009 dam-

2031 5034 2168 5085 nata
2187 5044 2399 5084 sensus
2421 5028 2512 5083 sui
2537 5027 2842 5098 pravitate,
2867 5025 3120 5082 salvetur
3142 5027 3226 5098 (c).
3253 5028 3310 5082 Si
3336 5028 3470 5097 quis
3491 5024 3673 5098 igitur

2030 5103 2201 5157 modo
2227 5097 2627 5171 parumper’ad
2645 5098 2794 5153 hanc
2808 5098 3024 5153 summi
3048 5097 3560 5171 pontiﬁcisagendi
3578 5114 3667 5171 ra-

2029 5167 2247 5229 tionem
2274 5167 2714 5237 animadvertat,
2744 5171 2941 5225 nescio
2963 5187 3034 5223 an
3051 5167 3483 5224 rationabiliter
3502 5167 3670 5221 dubi-

2029 5251 2152 5301 tare
2175 5243 2386 5316 poterit
2423 5247 2478 5298 S.
2524 5243 2773 5316 Leonem
2803 5242 3035 5316 plenam
3071 5246 3127 5296 et
3157 5241 3486 5316 absolutam
3509 5254 3669 5316 exer:

2031 5308 2221 5374 cuisse
2265 5318 2607 5384 potestatem
2644 5318 2701 5369 et
2729 5308 3226 5384 jurisdictionem,
3257 5311 3344 5366 vel
3375 5308 3673 5384 inhaeresi

2032 5382 2393 5461 Eutychiana
2443 5386 2801 5453 damnanda,
2840 5384 2930 5441 vel
2979 5384 3038 5439 in
3090 5383 3225 5440 fidei
3274 5382 3492 5455 regulis
3534 5399 3671 5439 con-

2101 5596 2385 5673 (b)AE_pist.
2416 5598 2487 5652 24
2517 5597 2602 5673 ιιάΔ
2626 5595 2990 5673 Flavian_um,
3031 5612 3159 5673 cap,
3198 5596 3254 5654 6.
3285 5595 3516 5656 Videsis
3542 5611 3671 5673 cap.

2028 5670 2066 5730 2
2092 5667 2211 5729 et'3
2235 5667 2447 5727 harum
2477 5671 2815 5726 nostrarum
2843 5667 3363 5728 Exercitationum.

2105 5740 2177 5824 (ο)
2205 5739 2440 5807 Videat:
2468 5739 2642 5823 epist.
2662 5740 2737 5804 29
2762 5740 2837 5804 ad
2863 5739 3224 5823 Ephesium
3252 5740 3564 5823 synodum.
