4044 6172
478 169 659 231 ’1155

496 301 844 369 scribendis,
865 299 952 358 vel
973 298 1307 371 deniquein
1331 298 1718 354 decernendis
1762 297 1836 371 iis
1883 295 2151 371 formulis
2181 302 2236 370 Α

501 381 558 432 et
590 373 1021 430 conditionibus
1045 369 1156 427 sub
1179 371 1396 441 quibus
1420 371 1725 426 dumtaxat
1745 370 1817 424 ad
1863 369 2149 440 paeniten-

504 449 647 504 tiam
663 452 727 524 _et
747 445 1206 524 satisfactionem
1243 442 1560 524 Eutychern
1590 441 1988 524 recipiendum
2021 457 2149 524 esse

505 517 825 584 mandavit,
849 517 899 571 si
924 514 1138 570 falsum
1163 513 1377 585 dogma
1400 516 1552 586 quod
1579 513 2149 586 pertinaciusdefen-

503 590 932 656 deratejuraret
952 593 1008 641 et
1027 584 1354 642 exsecraret
1369 586 1397 640 ‘t
1418 584 1545 642 Haec
1569 584 1750 656 igitur
1774 585 1983 656 agendi
2002 584 2146 639 ratio

499 662 669 716 valde
692 656 920 714 diversa
940 663 1029 713 est
1050 659 1122 713 ab
1145 658 1246 713 illa
1266 674 1439 729 quam
1466 656 1811 722 Quesnellus
1843 656 2144 727 conﬁngit,

501 732 860 788 contendens
879 729 1264 786 Orientalium
1289 746 1499 784 causas
1524 747 1636 784 non
1661 729 1732 783 ad
1771 745 1954 782 unum
1978 744 2146 781 sum-

500 821 662 859 mum
687 803 1014 858 Romanum
1032 803 1492 872 pontiﬁcem,sed
1508 803 1576 856 ad
1598 817 1802 855 omnes
1825 801 2144 867 primarum

499 877 728 932 sedium
752 876 1059 946 episcopos
1090 880 1145 928 et
1171 874 1425 946 synodos
1456 889 1584 928 esse
1617 875 1860 946 delatas,
1895 887 2143 946 quorum

485 943 804 1018 judicium—
826 943 1055 1018 semper
1083 943 1459 1018 appellabant
1491 947 1588 1016 qui
1623 963 1656 998 a
1689 943 2146 1018 provincialibus

495 1014 583 1075 vel
615 1014 1087 1086 metropolitanis
1121 1014 1410 1086 episcOpis
1450 1014 2016 1071 co'ndem’nabantur.
2055 1014 2144 1067 υἱ-

499 1034 583 1075 vet
615 1034 802 1074 metro
848 1034 1087 1072 omanis
1121 1034 1410 1086 episcopis
1450 1034 2016 1071 conaemnanantur.
2055 1034 2144 1067 υι-

499 1096 656 1157 cant,
676 1034 908 1155 amago,
941 1092 1230 1160 quotquot
1248 1089 1328 1142 ita
1347 1088 1704 1153 fabulantur,
1720 1090 1891 1157 cujus
1913 1086 2144 1142 concilii

496 1165 846 1218 auctoritate
878 1163 933 1214 in
971 1163 1157 1214 lucem
1185 1160 1398 1231 prodiit
1421 1166 1476 1213 et
1511 1162 1580 1214 ad
1625 1160 1958 1231 Flavianum
1998 1160 2142 1229 dog-

496 1236 712 1290 matica
730 1233 1002 1304 epistola,
1035 1230 1383 1304 velquinam
1426 1232 1643 1304 fuerint
1684 1231 1767 1304 illi
1813 1230 2146 1304 Occidentis

491 1302 880 1378 episcopi—qui
900 1303 1247 1378 sutfragium
1275 1303 1604 1378 tuleruntin
1628 1302 1958 1378 hac‘haarjesi
1981 1303 2145 1378 dam-

494 1372 712 1446 nanda;
735 1372 821 1431 vel
844 1377 900 1430 in
921 1375 1048 1429 fidei
1069 1372 1271 1445 regula
1295 1374 1826 1446 prazscribenda?s.
1849 1374 1960 1428 Leo
1981 1372 2142 1428 solus

494 1450 616 1505 haec
655 1447 855 1505 omnia
901 1447 1245 1518 praestitisse
1283 1454 1339 1501 et
1374 1452 1648 1517 praestare
1687 1446 1961 1518 debuisse
1996 1446 2142 1518 satis

490 1521 854 1593 exploratum
871 1517 1248 1593 est.Quitsuz_e
1269 1519 1426 1573 sedis
1450 1517 1812 1593 plenitudine
1835 1517 2142 1593 potestatis

494 1586 661 1661 usus,
690 1609 722 1663 q
735 1607 818 1646 uae
835 1592 988 1660 juris
1003 1591 1366 1663 apostolatus
1381 1586 1855 1653 erantindicavit,
1880 1586 2144 1663 deﬁnivit

537 1659 872 1734 rescripsit,
899 1659 1094 1716 rerum
1118 1662 1329 1716 deinde
1351 1664 1614 1716 omnium
1635 1659 2142 1716 exsecutionesuis
2170 1679 2216 1744 Β

489 1683 702 1792 amatis
714 1751 841 1790 com
853 1733 1343 1792 missa.ouibusin
1364 1733 1792 1792 futura'svnodo
1804 1733 1932 1792 ejus
1947 1736 2140 1792 partes

513 1735 702 1809 egatis
714 1733 841 1809 com
853 1733 1352 1809 missa,quibusin_
1364 1733 1792 1809 futurafsynodo
1804 1733 1932 1800 ejus
1947 1736 2140 1809 partes

490 1805 690 1864 su'bire
725 1805 1133 1876 imperaverat;
1174 1806 1454 1876 quinjam
1489 1805 1608 1858 lata
1641 1805 1874 1859 decreta
1908 1819 1975 1857 ex
1995 1805 2136 1858 alio-

491 1896 621 1934 rum
644 1875 1052 1949 episcbporum
1076 1875 1352 1948 sutlragio
1375 1875 1493 1949 vim
1514 1881 1572 1930 et
1598 1877 1852 1949 vigorem
1870 1890 2139 1946 asseque-

492 1947 824 2015 reutur,sed
839 1947 1251 2003 solemniorem
1271 1947 1792 2019 promulgationem
1810 1949 1884 2000 du
1897 1952 2137 2014 mtaxat;

493 2023 577 2078 ita
599 2026 661 2076 ut
691 2019 791 2090 qui
834 2020 891 2073 in
930 2019 1162 2074 Oriente
1193 2019 1262 2072 de
1298 2036 1363 2073 ea
1398 2020 1507 2073 fide
1538 2019 2004 2089 postulabantur,
2039 2025 2140 2073 aut

494 2089 751 2165 suspecti
769 2095 954 2156 erant,
981 2091 1186 2165 harum
1209 2089 1990 2165 litterarumsubscriptlone
2014 2107 2140 2165 pro:

493 2162 796 2228 harentur,
819 2169 876 2217 et
891 2162 1119 2233 quoties
1134 2163 1506 2216 subscribere
1520 2163 1960 2225 detrectassent,
1976 2179 2067 2215 om
2081 2162 2134 2215 ni

489 2235 745 2294 clericali
769 2235 985 2290 honore
1001 2238 1058 2289 et
1077 2234 1262 2306 gradu
1277 2234 1480 2306 privati
1501 2250 1536 2288 a
1553 2233 1971 2289 catholicorum
1987 2240 2133 2288 coetu

488 2307 930 2378 expellerentur.

558 2375 610 2436 4.
644 2378 969 2448 thuidem
995 2375 1316 2448 quidaliud
1343 2375 1606 2448 indicant
1625 2375 1752 2448 alias
1783 2375 1894 2430 illae
1927 2376 2132 2431 litterae

534 2468 640 2506 uas
661 2451 720 2505 S.
751 2447 1025 2522 pontifex’
1043 2449 1100 2502 in
1122 2447 1353 2522 Oriente
1377 2449 1502 2522 suis
1546 2447 1755 2518 legatis
1790 2449 2135 2522 delerendas

534 2468 640 2506 uas
661 2468 720 2505 δ.
751 2468 1008 2522 ponmex
1043 2468 1100 2502 1n
1122 2468 1353 2502 υῐίϐυῐθ
1377 2468 1502 2502 81118
1546 2468 1755 2518 legans
1790 2468 2130 2503 (λειω-εποδε

488 2468 686 2578 dedit?
701 2522 836 2577 huic
853 2536 1111 2576 consona
1123 2519 1337 2574 estalia
1353 2519 1720 2590 subsequens
1737 2519 1806 2574 ad
1825 2520 2130 2574 Julianum

487 2593 1110 2666 episcopumCoensem
1125 2591 1706 2666 scripta,q_uioptime
1723 2591 2049 2666 instructus
2062 2591 2132 2646 de

485 2662 559 2738 iis
581 2662 709 2738 quae
724 2664 1034 2738 intduobus
1050 2662 1511 2738 precedentibus
1530 2663 2132 2738 Constantinopolita-

484 2737 577 2793 nis
599 2734 840 2810 synodis
863 2734 1245 2810 contigerant,
1281 2734 1496 2810 quibus
1530 2749 1671 2810 eum
1705 2735 2041 2810 interfuisse
2062 2750 2132 2788 ex

482 2805 757 2864 Actorum
782 2807 930 2862 serie
952 2805 1357 2874 intelligimus,
1375 2806 1492 2874 jam
1521 2821 1622 2872 per
1639 2805 1918 2860 Basilium
1944 2807 2133 2861 diaco-

483 2897 626 2936 num
649 2881 720 2935 ad
743 2883 798 2934 S.
835 2879 1083 2934 Leonem
1125 2893 1236 2930 sua
1256 2878 1470 2947 scripta
1509 2877 1818 2944 direxerat,
1843 2893 1968 2948 qua:
1995 2877 2132 2931 mul-

491 2961 608 3008 tum
630 2951 736 3021 (ait
754 2950 888 3019 Leo)
905 2949 1063 3003 nobis
1083 2949 1344 3021 catholici
1361 2963 1552 3002 sensus
1573 2952 1787 3021 fervore
1803 2949 2131 3021 placuerunt

483 3020 650 3079 etiam
673 3023 812 3076 hanc
829 3022 1102 3092 paginam
1127 3036 1244 3089 quae
1275 3020 1387 3072 illis
1425 3020 1665 3089 epistolis
1685 3025 2004 3075 consonaret
2024 3020 2124 3075 ad-
2157 3046 2200 3115 α
2239 3025 2391 3100 tores
2405 3020 2582 3074 nimis
2598 3021 3320 3078 ﬁdenterasseveraverint
3337 3020 3466 3079 eam
3480 3024 3730 3095 synodum

486 3096 714 3151 iecimus
744 3092 842 3151 (τι).
869 3091 971 3145 Hic
993 3097 1188 3146 autem
1221 3091 1636 3151 praecedentem
1681 3093 1749 3146 ad
1789 3091 2122 3147 Flavianum
2240 3091 2611 3151 Imperatoris
2633 3094 2978 3148 auctoritate
3015 3092 3200 3150 fuisse
3221 3096 3506 3151 indictam
3529 3101 3730 3151 ataueo

2240 3105 2611 3161 imperatoris
2633 3105 2978 3148 auctoritate
3015 3105 3200 3150 fuisse
3221 3105 3506 3151 indictum
3529 3105 3687 3164 atque
3701 3105 3819 3164 coeo:

477 3096 714 3166 jecimus
744 3091 971 3166 (a)._Hie
993 3097 1188 3146 autem
1221 3091 1636 3166 praecedentem
1681 3093 1749 3146 ad
1789 3091 2122 3147 Flavianum

478 3162 818 3237 episcopum
843 3162 1163 3237 indicatam
1183 3179 1333 3237 esse,
1355 3163 1601 3237 dubium
1624 3178 1753 3237 esse
1771 3179 1886 3237 non
1911 3169 2122 3237 potest,

481 3233 616 3293 cum
641 3233 1013 3309 eipresseid.
1056 3235 1113 3309 S.
1140 3235 1250 3309 Leo
1289 3235 1345 3287 in
1393 3233 1568 3303 hujus
1593 3234 1849 3305 epistola:
1872 3233 2124 3309 exordiis

482 3306 758 3374 fateatur,
797 3306 1146 3362 scribendo:
1180 3307 1330 3360 Licet
1352 3321 1450 3375 per
1483 3310 1693 3361 nostros
1722 3322 1855 3377 quos
1893 3308 1959 3361 ab
1988 3308 2125 3363 Urbe

476 3398 579 3453 pro
601 3381 734 3450 ﬁdei
768 3395 927 3433 causa
946 3379 1255 3453 direximus
1271 3378 1622 3453 plenissimas
1642 3379 1713 3432 ad
1746 3382 1979 3453 fratrem
2015 3395 2122 3453 no-

481 3451 663 3507 strum
682 3453 1016 3508 Flavianum
1034 3451 1592 3512 titterasmiserimas,
1609 3454 1797 3505 contra
1809 3452 2005 3507 nimiae
2017 3452 2120 3505 im-

471 3526 700 3595 pietatis
729 3538 993 3595 errorem.
1035 3522 1179 3595 Quid
1206 3525 1400 3574 autem
1447 3521 1694 3595 prtefataa
1745 3520 2004 3595 epistolae
2047 3522 2118 3576 ad

479 3591 819 3650 Flavianum
855 3593 1162 3646 dii-ectasin
1199 3591 1466 3662 praesenti
1493 3592 1742 3660 adjicere
1777 3593 2028 3646 voluerit
2060 3603 2120 3648 ut

476 3667 818 3720 unanimiter
838 3667 1000 3734 atque
1017 3666 1327 3717 constanter
1337 3664 1423 3717 his
1437 3664 1536 3732 qui
1545 3665 1901 3733 Evangelium
1916 3665 2122 3719 Christi

477 3751 824 3806 corrumpere
843 3735 1138 3806 cupiebant
1161 3734 1514 3806 resisterent,
1547 3734 1726 3806 hujus
1763 3740 1958 3789 textus
1995 3751 2118 3806 per-

473 3808 676 3878 spicue
691 3805 1046 3878 manifestat.
1069 3806 1130 3858 In
1144 3819 1256 3872 quo
1269 3805 1628 3878 demonstrat
1644 3805 1931 3878 Eutychen
1951 3805 2112 3876 spem

473 3875 863 3934 Christianam
879 3875 1035 3930 omni
1047 3890 1256 3946 umque
1269 3875 1676 3946 mysteriorum
1692 3875 1989 3931 veritatem
2001 3893 2116 3932 eor-

470 3966 777 4022 rumpere;
807 3948 1116 4022 utriusque
1152 3951 1373 4022 naturae
1397 3946 1780 4017 proprietates
1804 3949 1857 4002 in
1884 3948 2114 4022 Christo

471 4018 1012 4088 mansisse;Christi
1033 4033 1266 4090 quoque
1282 4018 1537 4073 animam
1561 4035 1676 4074 non
1701 4021 2115 4090 praeexstitisse

475 4095 721 4163 corpori,
747 4109 852 4148 nec
874 4107 1087 4162 corpus
1115 4105 1180 4144 ex
1204 4090 1386 4144 nihilo
1410 4090 1732 4157 conditum;
1758 4093 1856 4146 sed
1885 4098 2112 4146 utrum-

470 4183 583 4238 que
595 4163 1177 4238 nobiscumejusdem
1192 4178 1318 4238 esse
1344 4166 1586 4238 natura.
1603 4164 1711 4238 sed
1730 4165 1963 4238 tandem
1985 4179 2112 4219 esse

467 4233 775 4292 incitatum
801 4234 921 4302 (ait)
937 4235 1004 4287 ad
1021 4233 1367 4288 latitudinem
1388 4233 1697 4288 disserendi
1715 4235 1781 4288 ab
1800 4236 1923 4301 ipsa
1945 4240 2112 4290 mate-

469 4306 989 4380 rimamplitudine.
1007 4305 1113 4358 Sed
1137 4304 1302 4358 illum
1327 4303 1583 4380 amplius
1600 4306 2008 4380 dicendicopia
2031 4309 2110 4360 la-

468 4381 673 4436 borare
688 4375 808 4434 non
823 4381 1107 4449 eportere,
1124 4375 1446 4449 praesertim
1462 4392 1604 4449 cum
1620 4393 1721 4448 per
1735 4394 1874 4433 suos
1889 4375 2109 4449 legatos

465 4453 536 4507 ad
561 4447 892 4506 Flavianum
908 4448 1265 4503 sufficientes
1283 4447 1512 4502 litteras
1532 4447 1808 4510 misisset.
1830 4450 1900 4503 ad
1918 4447 2112 4517 conﬁr-

465 4525 694 4578 mandos
715 4523 926 4578 animos
936 4535 1044 4574 non
1063 4519 1240 4574 solum
1255 4521 1623 4584 sacerdotum,
1643 4521 1736 4574 sed
1756 4522 1922 4574 etiam
1943 4522 1994 4575 Ia
2003 4524 2111 4576 ico-

466 4612 615 4650 rum.
652 4595 754 4650 His
779 4593 1030 4665 profecle
1064 4605 1339 4665 consona
1379 4592 1692 4665 s_i_int_duze
1742 4591 1867 4644 alite
1911 4594 2116 4665 subse-

464 4660 1149 4738 quentesep'istolarajﬁ
1167 4662 1370 4738 eadem
1387 4661 1478 4714 die
1497 4660 1759 4738 signatae;
1775 4664 2116 4738 quarumal-

463 4733 592 4792 tera
611 4743 704 4793 est
720 4733 792 4791 ad
808 4734 1198 4791 Theodosium
1221 4737 1570 4800 Augustum,
1592 4733 1771 4788 altera
1786 4735 1853 4788 ad
1875 4734 2112 4791 Pulche-

465 4809 614 4863 riam
639 4809 859 4880 pariter
879 4807 1224 4880 Angustam;
1247 4803 1452 4880 vel_illa
1475 4821 1648 4880 quam
1666 4805 1735 4858 ad
1765 4805 2044 4880 Faustum
2057 4811 2114 4862 et

462 4874 781 4934 Martinum
808 4874 1304 4948 archimandritas
1321 4874 1997 4948 constantinopolitanos
2019 4879 2106 4932 di—

462 4951 629 5006 rexit.
651 4953 714 5006 In
745 4950 852 5004 hac
869 4948 1026 5002 enim
1055 4946 1492 5019 evidentissima
1527 4946 1739 5002 fatetur
1777 4964 1848 5019 se
1877 4949 2110 5019 potissi-

463 5039 625 5078 mum
648 5027 775 5077 rata
796 5021 1004 5076 habere
1017 5017 1646 5089 Constantinopolitani
1665 5017 1896 5074 concilii
1921 5025 2107 5089 gesta,

463 5111 532 5150 ex
565 5109 815 5167 quorum
848 5091 1094 5167 lectione
1125 5107 1255 5145 cum
1291 5091 1659 5167 cognovisset
1685 5093 1896 5167 merito
1928 5093 2110 5167 fuisse

447 5163 1137 5238 .Eutychianumdogma
1169 5163 1565 5238 reprobatum,
1611 5164 1786 5238 etiam
1814 5178 1912 5217 nos
1943 5164 2107 5233 (sub-

451 5233 604 5326 j'i'eit')
633 5234 1011 5323 detestandum
1039 5249 1155 5288 esse
1189 5233 1572 5326 acerrimus,
1603 5235 1778 5326 Adnit
1807 5239 2050 5304 praetera
2090 5252 2104 5292 :

462 5311 525 5367 Ut
552 5305 603 5365 si
647 5311 916 5379 insipiens
945 5309 1004 5362 in
1037 5320 1137 5358 sua
1163 5306 1440 5379 pravitate
1485 5305 1716 5360 voluerit
1761 5321 2105 5377 permanere,

458 5381 652 5436 habeat
683 5378 805 5436 cum
830 5379 920 5434 his
965 5378 1294 5432 consortium
1331 5391 1563 5446 quorum
1605 5379 1683 5431 est
1709 5381 1922 5431 secutus
1952 5393 2105 5433 erro-

457 5469 591 5508 rem.
626 5452 816 5507 Merito
847 5451 995 5505 enim
1040 5449 1134 5517 ﬁet
1180 5454 1336 5520 egctra
1386 5448 1594 5502 Christi
1637 5447 1958 5516 Ecclesiam,
2005 5449 2106 5520 qui

457 5524 518 5576 in
551 5523 766 5579 Christo
807 5521 1133 5586 humanam,
1165 5517 1222 5572 id
1259 5522 1337 5574 est
1381 5523 1631 5575 nostram
1672 5524 1836 5588 negat
1864 5535 1978 5576 esse
2006 5517 2107 5576 na-

458 5596 645 5648 turam
677 5593 772 5664 (b).

529 5694 610 5836 (a)
636 5695 822 5766 Epist.
854 5696 914 5752 S.
941 5694 1152 5752 Leonis
1179 5693 1271 5756 25,
1292 5709 1420 5764 cap.
1445 5695 1470 5750 1
1499 5697 1556 5751 et
1577 5710 1744 5767 seqq.

535 5762 589 5836 (b
630 5763 815 5836 Epist.
841 5769 900 5822 Β.
927 5765 1133 5825 Leonis
1157 5765 1232 5823 ad
1251 5763 1606 5836 Ephesinam
1627 5783 1744 5836 synt

535 5762 610 5838 (ὁ)
630 5762 815 5838 Epist.
841 5769 900 5822 Β.
927 5765 1133 5825 Leonis
1157 5765 1232 5823 ad
1251 5762 1606 5838 Ephesinam
1627 5762 1942 5841 synodum,
1965 5781 2016 5827 ο.
2039 5769 2096 5827 2.

1007 167 1078 226 P.
1127 165 1489 227 CACCIARI
1531 160 2218 226 EXERCITATIONES
2265 161 2344 222 ΙΝ
2391 163 2457 224 8.
2505 159 2785 226 LEONIS
2833 161 3076 227 MAGNI
3117 163 3396 228 OPEBA.

3699 175 3818 236 H56

2334 294 2389 373 5_.
2431 295 2540 373 Sed
2564 296 2687 373 jam
2708 297 2810 373 _de_
2833 295 3080 368 epistola
3116 298 3190 353 ad
3221 297 3554 373 Ephesinam
3588 305 3818 373 synodum

2263 366 2484 442 scripta
2507 369 2681 442 verba
2702 366 3010 442 faciamus,
3034 384 3099 442 ex
3120 385 3239 441 qua
3261 366 3446 442 sancti
3465 366 3713 442 pontificis
3729 385 3822 434 stn-

2261 440 2421 514 dium
2450 439 2740 514 hujusque
2762 441 2972 512 agendi
2999 439 3392 514 ratio—notiora
3413 439 3544 497 ﬁent
3571 461 3676 514 qua
3695 448 3822 503 adhi-

2260 511 2388 590 buit
2401 511 2858 590 utorientalium
2875 513 3147 590 scandala
3159 513 3542 590 inmutationes
3554 511 3824 590 privataque

2260 583 2394 637 odia
2417 583 2810 650 abolerentur,
2835 591 2891 640 et
2911 584 3203 640 catholiba
3218 587 3360 640 ﬁdes
3379 583 3823 648 inomniumcoi-de

2259 655 2708 728 firmaretur.tln
2733 656 2842 712 hac
2863 658 3018 712 enim
3043 659 3431 728 percurrenda
3457 659 3679 728 epistola
3694 661 3823 718 intel-

2256 724 2591 804 leximusS.
2622 727 2868 804 Leonem
2891 724 3097 804 nmn‘és
3137 727 3432 804 Eutychis,
3467 724 3763 804 Chrysaphii
3785 742 3825 789 et

2255 797 2517 874 Dioscori
2542 806 2695 874 artes
2727 800 3038 874 Theodosii
3063 804 3224 874 pium
3253 797 3520 874 animum
3562 797 3824 874 perverten-

2255 871 2396 948 dum
2421 870 2718 948 adhibitae
2736 888 2978 948 prorsus
2994 870 3261 948 latuisse,
3284 878 3347 948 ut
3364 889 3462 948 nec
3485 870 3823 948 levitersuspi-

2255 945 2372 995 cari
2394 947 2592 1017 posset
2614 943 2946 1014 apostolica:
2970 944 3280 1014 sedisjura
3308 944 3366 999 in
3406 945 3554 1000 dicta
3586 943 3820 1017 Ephesios

2253 1014 3087 1087 synodo_pessumdanda,etad
3103 1017 3345 1070 exitium
3362 1014 3821 1087 perducendaesse.

2257 1085 2440 1160 lmrno
2481 1084 2660 1160 hujus
2697 1087 2954 1158 epistola:
2987 1093 3210 1142 textum
3255 1084 3455 1160 sedulo
3493 1088 3822 1160 inspicientes,

2256 1155 2464 1230 merito
2491 1155 2783 1228 conjicere
2804 1160 2975 1214 nobis
3006 1175 3155 1230 opus
3180 1160 3292 1213 fuit
3315 1155 3601 1215 laudatum
3622 1155 3826 1218 TheodoQ

2254 1229 2408 1282 sium
2434 1229 2847 1300 imperatorem
2873 1229 3087 1285 divinis
3113 1231 3437 1286 insistendo
3475 1231 3728 1288 institutis
3742 1250 3828 1289 om-

2255 1301 2392 1354 nino
2411 1300 2748 1372 apoetolicae
2771 1303 2930 1374 sedis
2958 1302 3366 1374 auctoritatem
3404 1310 3606 1374 (utpar
3621 1311 3740 1368 erat)
3762 1307 3825 1360 in-

2253 1378 2580 1448 terponere,
2609 1378 2667 1427 et
2688 1373 2967 1448 adhibere
3007 1373 3266 1448 voluisse
3306 1390 3410 1446 pro
3439 1373 3628 1430 eadem
3655 1379 3825 1448 synodo

2253 1445 2657 1518 convocanda;
2688 1449 2754 1499 ut
2783 1445 3062 1500 nimirum
3090 1460 3192 1516 per
3215 1445 3535 1518 Romanum
3558 1445 3824 1518 pontiﬁcem

2251 1515 2486 1590 §._P‘etri
2509 1531 2909 1590 successorem
2946 1515 3348 1572 declararetur
3387 1515 3650 1590 quidquid
3679 1520 3725 1573 in
3754 1519 3826 1574 ills

2251 1586 2384 1642 fidei
2407 1589 2802 1644 controversia
2820 1590 2893 1643 ab
2913 1590 3190 1644 omnibus
3209 1588 3510 1644 catholicis
3529 1586 3668 1645 esset
3681 1595 3825 1646 tenen-

2251 1659 2415 1712 dum.
2440 1661 2573 1722 Quae
2591 1677 2733 1732 sane
2755 1661 2928 1716 Leoni
2953 1666 3306 1731 argumenta
3348 1663 3678 1732 praestabant
3696 1663 3753 1716 im

2249 1735 2501 1785 ratorem
2553 1731 2730 1786 talem
2782 1733 2970 1802 primo
3017 1733 3261 1787 abuisse
3309 1731 3588 1802 animum,
3627 1739 3682 1788 ut
3704 1731 3822 1788 uetas

2248 1817 2488 1883 prorsus
2502 1802 3088 1886 judicaretprtesid'io
3109 1803 3321 1886 synodi
3345 1805 3602 1886 patribus
3620 1819 3727 1886 esse
3753 1820 3824 1886 pro

2246 1872 2320 1926 iis
2362 1873 2696 1948 apostolicae
2716 1872 2871 1931 sedis
2903 1872 3161 1948 juribus'
3190 1872 3484 1948 violandis
3509 1893 3625 1948 quia
3660 1872 3822 1946 jainin

2290 1947 2709 2019 rtecedentibus
2743 1947 3115 2019 generalibus
3153 1947 3423 2003 conciliis
3463 1947 3645 2002 divina
3684 1948 3821 2018 primo

2293 2033 2508 2092 umans
2558 2018 2785 2092 deinde
2814 2020 3168 2092 auctoritate
3211 2019 3447 2074 ﬁrmata
3483 2024 3537 2092 et
3571 2020 3824 2092 approbata

2247 2090 2428 2143 fuere.
2453 2088 2534 2143 Ne
2556 2105 2692 2144 vero
2716 2090 2964 2145 fabulari
2988 2091 3212 2158 videar,
3257 2092 3435 2146 verba
3471 2091 3569 2146 illa
3588 2088 3762 2161 quibus
3778 2091 3818 2145 S.

2246 2161 2498 2234 pontifex
2516 2162 2912 2234 epistolamad
2928 2162 3219 2234 synodum
3242 2163 3589 2234 Ephesinam
3611 2179 3749 2217 orsus
3761 2167 3823 2216 est

2242 2233 2583 2287 immediate
2631 2233 2962 2304 subjiciam.
3005 2233 3438 2303 Religiosatait)
3481 2234 3821 2291 clementissimi

2241 2305 2511 2374 principis
2535 2304 2670 2375 ﬁdes
2689 2308 2864 2361 sciens
2883 2306 2961 2360 ad
2980 2321 3138 2359 suam
3177 2307 3420 2374 gloriam
3467 2310 3684 2361 maxime
3697 2307 3819 2376 perti-

2241 2391 2399 2439 nere,
2427 2376 2478 2430 si
2517 2377 2667 2432 intra
2696 2375 3003 2432 Ecclesium
3047 2376 3390 2433 catholicam
3427 2379 3626 2432 nullius
3657 2375 3815 2433 erroris

2238 2462 2460 2516 germen
2505 2452 2825 2518 exsurgeret
2871 2447 3013 2502 hanc
3041 2464 3119 2504 rei
3133 2452 3416 2504 erentiam
3459 2452 3654 2505 divinis
3680 2448 3820 2504 detulit

2240 2518 2536 2592 institutis,
2567 2523 2628 2574 ut
2655 2521 2725 2574 ad
2741 2523 2949 2592 sanctae
2967 2520 3354 2592 dispositionis
3372 2522 3609 2592 eﬁ'ectum
3641 2520 3822 2592 auctori-

2241 2591 2749 2663 tatemtapostolicse
2783 2591 2925 2646 sedis
2951 2591 3260 2654 adhiberet,
3291 2591 3582 2663 tamquam
3610 2607 3641 2646 a
3675 2591 3818 2646 beatit-

2236 2662 2378 2737 simo
2413 2662 2572 2718 Petro
2585 2671 2811 2737 cuperet
2833 2663 3108 2737 declnrari
3135 2664 3272 2734 quid
3311 2666 3369 2719 in
3408 2662 3522 2737 ejus
3547 2665 3818 2737 confessigst

2241 2732 2524 2807 laudatum
2543 2736 2634 2790 sit.
2658 2732 2713 2788 Si
2737 2736 2933 2804 itaque
2953 2735 3012 2789 S.
3047 2732 3157 2807 Leo
3203 2732 3480 2807 Ephesini
3513 2735 3713 2807 concilii
3742 2732 3816 2786 PP.

2239 2803 2624 2872 allocuturus,
2658 2823 2782 2880 cur,
2809 2803 2926 2876 qua
2946 2803 3275 2880 occasione,
3302 2824 3488 2880 quove
3508 2805 3818 2880 tituloimpe;

2239 2883 2489 2931 ratorem
2533 2875 2863 2948 apostolicae
2907 2878 3062 2933 sedis
3103 2875 3518 2936 auctoritatem
3557 2875 3823 2934 adhibuerit

2237 2957 2490 3016 enarrat,
2526 2965 2640 3003 non
2673 2949 2840 3004 video
2874 2950 3381 3020 quemadmodum
3419 2952 3644 3022 quidam
3681 2948 3819 3070 scrin-

2239 3025 2391 3070 tores
2405 3020 2582 3070 nimis
2598 3021 2843 3070 ﬁdenter
2855 3023 3320 3070 asseveravarint
3337 3040 3464 3070 eam
3480 3024 3782 3070 nvnndnmso
3799 3033 3819 3070 ι

2233 3157 2373 3236 tam.
2398 3165 2739 3236 Apostolicse
2761 3166 2964 3236 utique
2987 3165 3146 3220 sedis
3169 3169 3577 3222 auctoritatem
3604 3157 3817 3220 adhiberi

2235 3235 2425 3308 petiit,
2443 3242 2508 3289 ut
2526 3235 2740 3290 divinis
2759 3235 2986 3308 pareret
3000 3236 3316 3302 institutis,
3341 3245 3485 3294 etut
3501 3252 3688 3308 novatn
3707 3247 3821 3290 erro~

2234 3307 2316 3385 ris
2337 3321 2575 3385 germen
2597 3306 2880 3385 radicitus
2906 3308 3281 3385 avelleretur.
3302 3311 3579 3366 Praeterea
3611 3309 3653 3361 si
3679 3306 3816 3385 impe-

2234 3383 2393 3432 rator
2422 3379 2700 3452 cupiebat
2724 3381 2796 3434 ab
2829 3379 3152 3452 apostolica
3181 3382 3349 3449 sede,
3376 3376 3814 3452 tamquamhadivo

2234 3453 2423 3522 fetro.
2441 3449 2723 3522 declarari
2751 3449 2893 3522 quid
2921 3453 2977 3506 in
3004 3453 3181 3520 hujus
3202 3449 3576 3509 confessione
3596 3468 3626 3505 a
3643 3449 3813 3522 Christo

2229 3520 2475 3597 Domino
2499 3517 2803 3577 laudatum
2837 3524 3024 3578 fuerat
3051 3517 3145 3578 vix
3173 3526 3341 3580 credi
3374 3523 3647 3597 potestita
3671 3517 3814 3575 animo

2227 3596 2286 3646 et
2315 3609 2487 3662 epere
2510 3597 2644 3667 tum
2667 3600 3066 3667 Romanorum
3089 3596 3442 3666 pontificum
3460 3596 3814 3667 juribusrepu-

2227 3661 2460 3736 gnasse,
2506 3665 2696 3736 iisque
2755 3665 2935 3721 fuisse
2975 3661 3302 3734 infensum,
3362 3674 3428 3724 ut
3460 3661 3589 3723 vhiec
3640 3661 3812 3718 abolere

2226 3735 2694 3809 quassiverit._iEt
2741 3743 3052 3808 propterea
3077 3755 3317 3796 omnem
3351 3739 3640 3809 injuriam,
3681 3745 3810 3804 qum

2224 3811 2351 3862 tum
2384 3807 2707 3886 apostolica
2736 3807 2906 3886 sedes
2937 3826 3114 3880 passa
3168 3807 3441 3886 esttnon
3470 3812 3529 3886 in
3559 3809 3809 3886 imperato-

2225 3894 2370 3955 rem,
2404 3879 2710 3955 sedinejus
2746 3879 3072 3955 ministros,
3095 3883 3197 3953 qui
3223 3883 3516 3955 principis
3539 3879 3807 3955 clementia.

2223 3953 2280 4024 et
2311 3950 2566 4006 maxime
2595 3948 2778 4006 animi
2811 3948 3173 4024 infirmitate,
3207 3948 3384 4010 abusi
3417 3948 3574 4017 sunt,
3600 3948 3808 4024 rejigien-

2222 4021 2365 4098 dum
2408 4038 2569 4098 esse_
2607 4024 3088 4098 constantissime
3161 4018 3622 4098 propugnamus.
3653 4018 3809 4087 lculi”

2272 4093 2466 4171 uidem
2491 4093 2570 4148 rei
2604 4095 2658 4171 si_
2684 4094 2802 4171 alia
2826 4093 3501 4171 argumenta'_exponere
3526 4095 3807 4171 deberemus

2219 4157 2367 4239 illud
2397 4180 2580 4239 unum
2610 4165 2844 4239 abunde
2893 4157 2995 4239 pro
3036 4157 3315 4239 omnibus
3376 4157 3806 4239 sufficeret.quo},l

2220 4237 2552 4321 co‘lligim'us
2599 4253 2668 4292 ex
2725 4229 2907 4310 priori
2955 4238 3203 4321 epistola
3248 4242 3517 4321 ejusdem
3548 4229 3803 4321 Τὺςοξῖοθξξ

2217 4307 2288 4393 9d
2322 4304 2403 4393 ,θ’
2450 4304 2743 4393 ,ιθέηθφῖ
2793 4325 2914 4393 Qua
2960 4304 3187 4393 sincere
3205 4304 3443 4393 _o§nnia
3487 4307 3730 4393 scandsla
3765 4304 3804 4393 et

2221 4378 2425 4455 turbas
2448 4379 2505 4455 in
2529 4373 3176 4455 Constantinopolitana
3205 4384 3462 4440 Ecclesia
3489 4382 3732 4455 excitatas
3753 4373 3804 4455 εἰ)

2222 4449 2498 4526 Eutychis
2549 4453 2811 4526 hteresim
2851 4449 3161 4526 indicavit,
3219 4461 3277 4512 et
3325 4462 3392 4512 ut
3451 4451 3708 4510 medelam
3752 4449 3805 4498 iis

2221 4521 2537 4596 adhiberet
2553 4523 2894 4593 el'llagitavit
2921 4526 3012 4596 (c).

2293 4594 2346 4665 6-
2380 4594 2542 4658 Ουοά
2566 4581 2796 4665 quidem
2821 4581 2937 4652 non
2963 4581 3210 4652 obscure
3227 4601 3286 4651 et
3308 4598 3367 4652 in
3387 4597 3496 4652 hac
3517 4588 3732 4665 epistola
3751 4581 3801 4639 ad

2223 4662 2880 4738 Ephesinamsynodum
2900 4669 2994 4722 87
3011 4670 3048 4722 7
3073 4669 3341 4738 patefecit
3364 4662 3644 4725 scribens:
3661 4662 3804 4738 νει-Ψ

2221 4728 2507 4811 (loquitur
2525 4739 2596 4791 de
2623 4728 2894 4810 Eutyche)
2913 4742 3040 4810 quia
3063 4728 3230 4794 etiam
3259 4742 3460 4796 talium
3477 4755 3579 4794 non
3591 4739 3660 4811 est
3674 4728 3802 4811 negli-

2219 4807 2404 4874 genda
2424 4811 2656 4881 curatio,
2679 4807 2837 4879 et'pie
2869 4807 2934 4866 ac
2954 4811 3210 4878 religiose
3227 4810 3707 4881 Christianissimus
3725 4807 3801 4881 ἐπι·

2219 4886 2436 4953 perator
2450 4880 2643 4934 haberi
2661 4878 2828 4937 voluit
2839 4884 3146 4953 episcopale
3164 4883 3489 4952 concilium,
3511 4885 3568 4935 ut
3604 4878 3803 4953 pleni?"

2211 4948 2428 5026 judicio
2447 4953 2629 5006 omnis
2648 4955 2819 5020 possit
2835 4941 2991 5009 error
3009 4941 3240 5016 aboleri;
3276 4941 3488 5026 fratres,
3516 4941 3703 5026 nostros
3731 4941 3797 5026 lu:

2220 5020 2379 5086 lium,
2411 5027 2665 5077 etc.......
2697 5029 2748 5079 et
2767 5027 3048 5080 communi
3088 5020 3366 5081 vobiscum
3405 5024 3677 5082 seruantia.
3708 5023 3800 5089 ⁸1⁸ίῖ

2217 5082 2447 5166 pominq
2479 5096 2589 5148 sint
2624 5095 2910 5166 placitura
2945 5099 3302 5153 constituant.
3345 5098 3425 5152 En
3463 5109 3594 5166 ergo
3635 5082 3796 5160 εγόοάί

2217 5161 2497 5241 habenda;
2511 5161 2690 5241 causa
2704 5184 2771 5241 su
2781 5167 3201 5241 fﬁcientissime
3213 5169 3515 5241 explieata.
3528 5161 3794 5241 ‘N‘ecessuq

2215 5239 2345 5313 erat
2373 5236 2589 5313 mederi
2613 5236 3348 5313 malisquibusEutyches
3378 5236 3680 5313 laborabat.
3721 5238 3794 5313 9‘?“

2215 5304 2429 5382 Christi
2453 5308 2761 5382 Evangelia
2783 5298 2872 5380 (ἀι
2891 5310 2974 5366 ait
2992 5311 3147 5368 idem
3173 5298 3239 5368 's.
3266 5313 3395 5382 Leo)
3419 5298 3794 5382 contradicitis}

2214 5379 2376 5454 esten
2386 5379 2529 5454 dens
2551 5368 2698 5454 seno
2708 5380 2744 5435 ll
2755 5368 3046 5454 u‘mumqu
3055 5399 3148 5439 am
3162 5368 3424 5438 studium
3438 5368 3793 5454 003110838999

2211 5448 2470 5531 veritatis
2491 5449 2787 5531 habuisse.
2805 5453 2871 5531 AId
2899 5439 3216 5531 imperator
3239 5439 3600 5531 ﬂagitnvegat-
3623 5449 3679 5500 Et

2212 5519 2546 5601 divinorum
2589 5517 3528 5601 institutnrumdictamenvprimo
3579 5517 3788 5601 εθξᾳιξξχ

2209 5593 2592 5649 auctoritatem
2609 5597 2925 5666 apostolica
2939 5595 3084 5654 sedis
3111 5597 3184 5653 ad
3213 5591 3423 5654 sanctas
3441 5591 3787 5665 dispositionis

2280 5696 2353 5773 ιο)
2380 5696 2616 5761 Videsis
2642 5717 2776 5779 cap.
2818 5703 2856 5761 2
2875 5703 2980 5765 et3
3012 5702 3227 5765 harum
3248 5698 3716 5766 Exercitationem.

3734 3033 3821 3074 8011
