4070 6440
980 560 1211 646 ΤΟΥ
1273 559 1421 644 ΕΝ
1478 554 1848 643 ΑΓΙΟΙΣ
1923 552 2368 642 ΠΑΤΡΟΣ
2424 556 2761 646 ΗΜΩΝ

1262 767 2550 998 ΙΩΑΝΝΟΥ»

1156 1106 1737 1164 ΑΡΧΙΕΠῘΣΚΟΠΟΥ
1770 1104 2625 1177 ΚΩΝΣΤΔΝΊῚΝΟΥΠΟΛΕΩΣ,

1304 1301 1535 1387 ΤΟΥ
1608 1302 2455 1393 ΧΡΥΣΟΣΤΟΜΟΥ
2477 1360 2498 1393 ,

878 1519 1081 1632 ΤΑ
1153 1518 2268 1643 ΕΥΡΙΣΚΟΜΕΝΑ
2344 1516 2916 1637 ΠΑΝΤΑ.

595 1911 677 1986 [ι]
718 1911 830 1967 E12:
873 1911 1013 1966 TON
1066 1909 1119 1963 Γ·
1164 1912 1491 1967 ΨΑΑΜΟΝ.

238 2031 493 2101 Ψαίμύς
515 2026 596 2094 τῷ
612 2028 815 2089 Δαυῒδ,
842 2030 1026 2101 οπότε
1041 2026 1507 2101 ’ἀπεδίδρασκεν
1521 2030 1640 2101 ἀπὸ
1657 2044 1848 2101 προσῇ

301 2096 479 2155 (ὅπου
523 2098 916 2168 Ἀϐεσσαλὼμ
961 2098 1068 2152 τοῦ
1112 2098 1249 2169 υἱοῦ
1281 2096 1492 2169 αὐτοῦ.
1526 2096 1726 2168 Κύριε,
1791 2100 1850 2152 τί

316 2172 805 2239 ἐπληθύνθησαν
824 2172 877 2223 οι
900 2168 1215 2235 θλίϐοντές
1237 2185 1345 2237 ps;

316 2290 653 2352 Ἑπινικίους
679 2289 776 2358 μὲν
817 2286 1146 2357 ἀνδριάντας
1173 2287 1222 2339 οἱ
1256 2284 1499 2356 βασιλεῖς
1536 2289 1648 2350 τοῖς
1679 2303 1847 2355 στρα-

231 2378 422 2444 τηγοῖς
451 2376 737 2444 νικήσασιν
764 2369 1082 2425 ἀνατιθέασι
1105 2382 1152 2410 ιι·
1174 2370 1508 2441 νικηφόρους
1536 2369 1593 2424 δέ
1629 2370 1848 2434 είκόνας

235 2459 333 2512 καὶ
376 2458 579 2528 στήλας
616 2456 926 2527 ἐγείρουσιν
958 2454 1223 2525 ἄρχοντες
1270 2454 1506 2524 ἡνιόχοις
1552 2454 1646 2507 καὶ
1679 2453 1845 2522 ἀθληο

233 2544 377 2604 ταῖς,
404 2543 495 2595 καὶ
528 2539 607 2609 τῷ
649 2539 1038 2610 ἐπιγράμματι
1074 2538 1151 2600 ὡς
1189 2537 1421 2606 στόματι
1470 2539 1691 2608 κήρυκα
1746 2536 1849 2606 τῆς

233 2624 393 2695 νίκης
408 2626 507 2697 τὴν
526 2623 657 2693 ῦλην
690 2622 1041 2694 ἐργάζονται.
1071 2620 1256 2674 Ἀλλοι
1280 2621 1337 2673 δὲ
1365 2620 1527 2674 πάλιν
1554 2624 1611 2675 ἐν
1642 2620 1847 2691 βίϐλοις

236 2697 332 2763 κα⁸ι
353 2711 650 2781 γράμμασι
677 2709 805 2769 τοὺς
834 2704 1089 2767 ἐπαίνους
1118 2707 1233 2768 τοῖς
1269 2707 1521 2776 νικηταίς
1546 2706 1843 2777 γράφουσι,

236 2792 335 2863 τὴν
384 2791 595 2845 ἐαυτῶν
618 2791 677 2842 ἐν
705 2789 784 2860 τῷ
818 2789 1030 2858 ἐπαίνῳ
1065 2787 1296 2858 δύναμιν
1331 2789 1688 2859 ἰσχυροτέραν
1737 2789 1848 2843 τῶν

236 2874 649 2946 ἐπαινουμένων
683 2874 857 2940 δεῖξαι
892 2872 1159 2936 θέλοντες.
1205 2873 1313 2925 Καὶ
1338 2871 1694 2943 λογογράφοι,
1754 2876 1849 2926 καὶ

236 2958 546 3030 ζωγράφοι,
575 2959 672 3011 καὶ
686 2956 1005 3028 χαλκευταὶ,
1043 2956 1137 3009 καὶ
1162 2954 1541 3023 λιθογλύπται,
1576 2957 1670 3007 καὶ
1684 2956 1847 3027 δῆμοι

236 3044 329 3096 καὶ
363 3044 645 3114 ἄρχοντες,
688 3044 783 3096 καὶ
842 3041 1026 3105 πόλεις
1083 3039 1179 3093 καὶ
1222 3039 1399 3111 χῶραι
1448 3041 1572 3102 τοὺς,
1618 3042 1847 3109 νικητάς

236 3127 635 3196 θαυμάζουσιν·
670 3125 846 3189 οὐδεὶς
870 3126 927 3179 δὲ
961 3124 1254 3193 φεύγοντος
1273 3124 1367 3175 καὶ
1400 3121 1475 3193 μὴ
1498 3122 1847 3193 πολεμήσαν-

235 3228 325 3274 τος
346 3211 533 3264 εἰκόνα
565 3211 593 3250 ιι
628 3210 859 3282 ἔγραψε,
892 3208 1147 3279 καθάπερ
1186 3208 1281 3260 νῦν
1301 3196 1337 3260 ⁸ό
1370 3206 1553 3259 Δαυΐδ.
1593 3208 1842 3276 Ψαλμὸς

233 3293 346 3365 γάρ
376 3291 460 3358 τῷ
493 3293 702 3356 Δαυϊδ,
755 3293 825 3346 ἐν
862 3291 944 3357 τῷ
974 3289 1450 3359 ἀποδιδράσκειν
1488 3291 1680 3343 αὑτὸν
1723 3292 1841 3345 ἀπὸ

234 3375 565 3444 προσώπου
588 3374 975 3444 Ἀὄεσσανίὼμ
1002 3374 1109 3427 τοῦ
1138 3373 1277 3427 υἱοῦ
1321 3373 1534 3427 αὐτοῦ.
1580 3376 1690 3427 Καὶ
1711 3374 1841 3427 πότε

233 3459 574 3532 όοδραπέτης
616 3459 913 3531 ἐγκωμίων
948 3458 1131 3523 ἀξιος;
1167 3458 1297 3512 πότε
1330 3457 1386 3509 δὲ
1422 3460 1448 3510 6
1490 3457 1672 3526 φυγὰς
1723 3460 1844 3512 ἐπι-

124 3542 128 3549 “
236 3544 583 3614 γραμμάτων
608 3543 792 3608 ἐντός;
822 3544 960 3601 Τοὺς
978 3541 1257 3613 δραπέτας
1287 3542 1613 3613 γράμμασιν
1639 3542 1846 3607 E53606—

239 3642 344 3692 σιν,
380 3628 482 3680 οὐκ
512 3628 899 3696 ἐπιγράμμασι
940 3624 1335 3696 θαυμάζουσιν.
1380 3624 1541 3677 ’Λλλά
1569 3626 1707 3695 μάθε
1743 3627 1843 3696 τὴν

235 3711 442 3775 αἰτίαν,
474 3710 690 3780 ἀδελφὲ,
724 3710 827 3780 τῆς
861 3708 1180 3778 ἐπιγραφῆς
1216 3717 1264 3770 ε,
1294 3708 1387 3761 καὶ
1414 3708 1713 3776 ἀσφάλισαί
1750 3726 1843 3763 σου

232 3796 336 3866 τὴν
366 3794 569 3865 ψυχήν·
603 3794 850 3864 γενέσθω
882 3810 966 3845 σοι
997 3793 1030 3863 ή
1074 3790 1285 3862 ἱστορῖα
1325 3790 1441 3862 βίου
1480 3792 1841 3862 κατόρθωσις·

233 3878 352 3949 ήτω
382 3895 466 3931 σοι
494 3881 523 3931 ὁ
570 3877 667 3931 τοῦ
698 3876 908 3931 δικαίου
943 3874 1185 3945 διωγμὸς
1228 3874 1466 3938 διανοίας
1514 3880 1839 3947 στηριγμός.

231 3960 392 4016 Μάθε
420 3960 501 4033 [2]
533 3961 644 4033 γὰρ
669 3960 758 4016 ὂιά
792 3959 845 4012 τί
877 3956 1135 4012 ἐδιώκετο
1166 3957 1332 4010 Δαυῒδ
1368 3958 1474 4011 ὑπὸ
1504 3957 1600 4011 τοῦ
1650 3960 1841 4013 Ἀϐεσ-

233 4045 451 4116 θαλὼμ,
492 4047 557 4099 ἵν’
586 4047 663 4109 ὡς
692 4044 943 4115 θεμέλιον
966 4044 1030 4097 τὸ
1060 4044 1295 4113 πρᾶγμα
1315 4043 1514 4114 εὑρὼν,
1550 4046 1842 4118 οἰκοδομη-

232 4129 335 4212 θῇς
355 4129 436 4199 τῷ
478 4129 629 4201 φόὸῳ
660 4129 753 4182 τοῦ
778 4129 935 4182 Θεοῦ.
974 4128 1063 4212 Ὠς
1083 4126 1210 4212 γὰρ,
1230 4126 1359 4180 ἀνευ
1382 4127 1635 4212 θεμελίίυ
1666 4129 1845 4212 σαθρά

232 4210 576 4283 ήήοίκοδομὴξ
600 4213 775 4277 οὕτως
794 4212 923 4266 ἀνευ
954 4211 1058 4281 τῆς
1087 4210 1361 4283 εὑρέσεως
1380 4210 1474 4263 τοῦ
1502 4211 1713 4265 σκοποῦ
1741 4214 1843 4267 οὐκ

232 4294 437 4365 ὠφελεῖ
470 4300 504 4369 ή
538 4298 577 4348 Γ
583 4298 756 4368 ραφή.

304 4380 519 4435 Σκοπὸν
543 4376 690 4451 εἶχεν
710 4382 739 4433 6
771 4379 1046 4449 μακάριος
1071 4377 1258 4440 Δαυτδ,
1291 4377 1379 4432 διά
1411 4378 1506 4433 τοῦ
1534 4381 1840 4451 προκειμέ-

232 4484 325 4519 νου
353 4464 575 4535 ψαλμοῦ
598 4462 887 4517 παιδεῦσαι
916 4463 1011 4515 τὸν
1036 4461 1149 4533 βίον
1168 4462 1262 4515 καὶ
1283 4463 1641 4533 σωφρονίσαι,
1677 4465 1841 4535 μηδέ-

232 4566 365 4605 ποτε
392 4550 711 4603 κακοποιεῖν
728 4549 823 4602 καὶ
840 4550 1206 4618 καταφρονεῖν
1225 4545 1338 4599 τῶν
1363 4548 1545 4617 νόμων
1561 4547 1654 4601 τοῦ
1678 4546 1838 4611 Θεοῦ,

233 4632 324 4685 ῖνα
379 4632 455 4703 μὴ
492 4633 519 4685 6
552 4631 883 4703 ἁμαρτήσας
929 4630 1157 4683 τοιαῦτα
1202 4630 1373 4701 πάθῃ,
1405 4626 1493 4683 οἷα
1529 4632 1622 4684 καὶ
1677 4630 1843 4693 αὐτὸς

230 4715 427 4770 ἔπαθε.
467 4717 708 4785 Ἐφευγε
751 4716 846 4770 τὸν
870 4715 987 4769 υἰὸν
1016 4714 1184 4769 αὐτοῦ
1223 4717 1251 4769 6
1288 4713 1473 4777 Δαυῖδ,
1508 4714 1699 4787 ἐπειδὴ
1743 4716 1844 4787 τὴν

230 4800 459 4869 ἁγνείαν
490 4799 712 4868 ἔφυγεν·
746 4799 915 4868 ἔφυγε
948 4799 1042 4852 τὸν
1076 4799 1211 4866 υἰὸν,
1241 4798 1430 4871 ἐπειδὴ
1454 4799 1544 4853 τὸν
1585 4798 1843 4871 σώφρονα

230 4885 413 4955 γάμον
452 4882 738 4955 ἐνύϐρισεν
777 4883 825 4923 ἀ·
853 4883 1019 4953 ἔφυγε
1054 4884 1145 4936 τὸν
1175 4884 1312 4946 υἰὸν,
1342 4883 1533 4954 ἐπειδὴ
1556 4883 1649 4936 τὸν
1675 4884 1842 4955 νόμον

229 4966 326 5021 τοῦ
343 4966 483 5020 Θεοῦ
514 4967 604 5020 τὸν
634 4967 885 5037 λέγοντα,
906 4970 989 5022 Οὐ
1006 4969 1352 5036 φονεύσεις,
1375 4971 1445 5022 οὐ
1461 4970 1838 5039 μοιχεύσεις,

230 5050 455 5123 ἔφυγεν.
494 5051 713 5121 Ἐπειδὴ
737 5050 848 5123 γὰρ
895 5051 1185 5122 ἀλλοτρίαν
1208 5051 1426 5123 ἀμνάδα
1459 5053 1539 5116 εἰς
1561 5053 1653 5106 τὸν
1691 5049 1841 5108 οἷκον

229 5121 402 5187 αὐτοῦ
434 5136 723 5205 εἰσήγαγε,
744 5121 840 5187 καί
861 5135 954 5188 τὸν
980 5135 1189 5205 ταύτης
1221 5121 1457 5205 ποιμένα
1487 5136 1837 5203 ἀπέκτεινεν,

227 5219 259 5270 6
292 5220 358 5273 ἐκ
384 5218 656 5290 τοῦζοῐκου
699 5217 865 5271 αὑτοῦ
892 5219 1065 5289 ἀμνὸς
1095 5219 1186 5272 τὸν
1220 5219 1455 5288 ποιμένα
1494 5221 1836 5293 ἐκεράτιζεν.

243 5302 551 5374 ’ἀλλότριον
581 5298 729 5356 οἶκον
771 5303 1105 5373 ἐπολέμησε,
1146 5304 1244 5357 καὶ
1281 5305 1347 5355 ἐκ
1371 5302 1468 5357 τοῦ
1516 5304 1649 5357 ἰδίου
1685 5305 1838 5359 οἴκου

227 5386 504 5457 ἐπανέστη
536 5386 687 5457 αὐτῷ
717 5388 745 5440 6
777 5386 1036 5459 πόλεμος.
1057 5388 1173 5439 Οὐκ
1205 5386 1355 5440 ἔστιν
1387 5387 1520 5458 ἐμὸν
1544 5389 1605 5441 τὸ
1631 5385 1834 5461 νόημα,

228 5468 365 5522 Θεοῦ
400 5471 517 5524 ἐστι
543 5471 605 5525 τὸ
626 5470 983 5542 ἀπόφθεγμα·
1016 5472 1152 5524 ὅπου
1177 5470 1234 5523 δὲ
1266 5470 1400 5535 Θεὸς
1427 5473 1454 5525 6
1487 5474 1833 5545 ἑρμηνεύων,

294 5602 319 5631 ⁸
360 5600 658 5653 Ἀνατιθέασι
681 5604 829 5654 deest
853 5606 901 5653 in
926 5605 1051 5655 Rea.

294 5619 319 5631 -
364 5619 658 5653 Ἀνατιυεασι
681 5619 829 5654 acea:
853 5619 901 5653 ιη
928 5619 999 5655 ne
1040 5644 1051 5653 .

291 5664 320 5731 ξ
346 5658 715 5731 Βεεῖιίκόνας,
734 5673 885 5729 alque
907 5670 981 5731 it;
1003 5619 1202 5731 Fegerat
1220 5666 1489 5731 interpres.

291 5681 320 5704 ν
360 5681 482 5728 neg.
506 5681 709 5725 εικονας,
734 5681 885 5729 atque
907 5681 981 5717 ua
1006 5681 1055 5716 Ie
1094 5682 1100 5714 ι

289 5726 315 5790 ¢_
344 5727 444 5790 Τῆς
466 5733 647 5790 γραφῆς
671 5728 844 5779 Morel.
869 5735 923 5778 el
945 5681 1100 5779 Ξονὶῗ.

288 5786 314 5823 (³
358 5786 755 5853 Βρεξ’ἦθίτησεν.

470 5876 743 5938 ΡΛτιιοι..
779 5878 897 5939 Gn.
938 5879 1062 5942 LV.

1952 1912 2129 1975 οὐδεὶς
2166 1914 2194 1965 6
2222 1912 2543 1981 ἀντιλέγων.
2580 1913 2707 1966 Ὀτι
2742 1912 2854 1983 γὰρ
2873 1912 2963 1967 διά
3002 1914 3160 1969 τοῦτο
3190 1915 3464 1987 ἐπανέστη
3489 1911 3567 1987 τῷ

1951 1995 2119 2050 Δαυῖδ
2143 1998 2173 2050 6
2201 1998 2319 2061 υίὸς
2350 1995 2542 2061 αὐτοῦ,
2567 1996 2759 2069 ἐπειδὴ
2785 1998 2875 2050 τὸν
2916 1998 3123 2070 υὺρίαν
3142 2000 3425 2068 ἐφόνευσε,
3469 2000 3568 2053 καὶ

1949 2080 2050 2152 τὴν
2078 2085 2315 2149 γυναῖκα
2341 2081 2508 2135 αὑτοῦ
2535 2080 2751 2146 ἐλαϐεν,
2788 2082 3024 2136 ἄκουσον
3058 2084 3154 2138 τοῦ
3194 2082 3329 2137 Θεοῦ
3357 2084 3445 2138 διὰ
3467 2082 3581 2138 τοῦ.

1952 2167 2236 2237 προφήτου
2278 2166 2466 2219 Νάθαν
2524 2166 2664 2239 πρὸς
2716 2167 2808 2221 τὸν
2858 2168 3024 2221 Δαυῒδ
3078 2168 3349 2237 λέγοντος·
3417 2171 3567 2241 Ἐγὼ

1949 2250 2171 2319 ἕχρισά
2194 2269 2270 2306 σε
2296 2252 2569 2317 βασιλέα
2617 2250 2717 2304 ἐπὶ
2742 2251 2849 2304 τὸν
2888 2253 3164 2319 Ἰσραὴλ,
3201 2254 3300 2306 καὶ
3334 2254 3566 2319 ἐξειλό-

1946 2352 2074 2404 μην
2101 2350 2177 2396 σε
2205 2335 2275 2389 ἐκ
2302 2334 2502 2404 χειρὸς
2543 2335 2767 2400 Σαοὺλ,
2801 2336 2902 2389 καὶ
2918 2334 3114 2389 ἔδωκά
3144 2353 3243 2391 σοι
3276 2338 3351 2391 τὰ
3366 2338 3566 2393 πάντα

1950 2419 2060 2473 τοῦ
2078 2420 2292 2489 κυρίου
2307 2435 2449 2485 σου,
2474 2419 2582 2473 τὸν
2598 2420 2771 2473 οἷκον
2803 2421 3029 2485 Σαοὺλ,
3072 2424 3170 2475 καί
3221 2423 3438 2483 Ἰούδα.
3464 2425 3564 2478 καὶ

1950 2506 2004 2557 εὶ
2018 2503 2198 2575 ὀλίγα
2224 2506 2328 2558 σοί
2355 2505 2507 2562 ἐστι.
2528 2503 2863 2572 προσθήσω
2888 2519 2990 2560 σοι
3002 2506 3198 2573 καθὼς
3216 2507 3424 2563 ταῦτα.
3459 2511 3567 2565 Καὶ

1951 2586 2013 2640 τί
2034 2586 2125 2641 ὅτι
2162 2587 2585 2654 ἐξουδένωσας
2610 2588 2719 2642 τὸν
2764 2591 3003 2657 Κύριον,
3036 2590 3145 2643 τοῦ
3182 2591 3435 2659 ποιῆσαι
3496 2594 3567 2647 τὸ

1950 2671 2225 2741 πονηρὸν
2254 2673 2511 2727 ἐνώπιόν
2539 2689 2698 2743 μου;
2755 2674 2866 2729 Τὸν
2892 2675 3118 2741 Οὐρίαν
3143 2676 3252 2729 τὸν
3279 2678 3568 2733 Χετταῖον
3621 2702 3625 2707 τ

1951 2755 2260 2824 ἐπάταξας
2300 2757 2371 2810 ἐν
2392 2758 2684 2827 ῥομφαίᾳ,
2734 2757 2833 2813 καὶ
2893 2756 3010 2825 τὴν
3062 2759 3321 2827 γυναῖκα
3376 2762 3566 2817 αὐτοῦ

1950 2844 2171 2908 ἔλαϐες
2217 2840 2413 2906 ἐαυτῷ
2444 2845 2533 2908 εἰς
2558 2842 2971 2912 γυναῖκαῖΚαί
3010 2844 3131 2898 νῦν
3173 2846 3286 2899 οὐκ
3308 2844 3567 2915 ὲξαρθή-

1952 2943 2125 2981 σεται
2160 2928 2432 2995 ριμφαία
2479 2926 2548 2979 ἐκ
2596 2924 2705 2980 τοῦ
2732 2928 2906 2980 οἴκου
2933 2941 3052 2983 σου
3086 2930 3173 2994 εἰς
3212 2929 3321 2982 τόν
3353 2930 3564 2986 αἰῶνα.

1952 3012 2058 3065 Τὸν
2080 3012 2365 3082 ἀλλότριον
2396 3007 2545 3063 οἷκον
2577 3009 2826 3082 ῥομφαίᾳ
2843 3011 3260 3082 ἐδιχοτόμησας.
3298 3014 3397 3085 τὴν
3422 3016 3563 3069 κατά

1954 3094 2050 3147 σοῦ
2082 3094 2360 3165 ῥομφαίαν
2401 3092 2692 3164 χαλκεῦσω
2740 3095 2798 3146 ἐν
2824 3092 2904 3163 τῷ
2932 3093 3067 3165 οἴκῳ
3096 3113 3211 3151 σου.
3271 3096 3419 3151 Ἰδοὺ
3449 3099 3567 3167 ἐγὼ

1952 3175 2207 3247 ὲξεγερῶ
2228 3177 2329 3229 ἐπὶ
2361 3177 2438 3230 σὲ
2457 3177 2614 3231 κακὰ
2638 3178 2707 3231 ἐκ
2730 3178 2839 3233 τοῦ
2869 3179 3041 3233 οἴκου
3069 3194 3207 3234 σου·
3232 3182 3332 3234 οὐκ
3365 3181 3565 3249 ἔξωθέν

1952 3262 2139 3337 ποθεν,
2176 3260 2293 3315 ἀλλ’
2344 3262 2442 3315 Ἕκ
2480 3258 2591 3315 τοῦ
2628 3262 2802 3317 οἴκου
2828 3278 2967 3317 σου.
2999 3263 3165 3317 Ὅθεν
3188 3266 3222 3335 ή
3259 3264 3409 3337 πηγὴ
3462 3266 3565 3335 τῆς

1953 3347 2254 3418 ἁμαρτίας,
2284 3345 2495 3401 ἐκεῖθεν
2531 3349 2563 3418 ή
2600 3347 2786 3417 πληγὴ
2816 3348 2915 3419 τῆς
2940 3349 3238 3420 τιμωρίας.
3284 3352 3438 3405 Ἐπεὶ
3467 3352 3564 3406 οὖν

1949 3432 2051 3502 τῆς
2079 3430 2305 3501 ἐντολῆς
2336 3430 2430 3485 τοῦ
2466 3431 2603 3485 Θεοῦ
2650 3432 2930 3503 δραπέτης
2960 3434 3055 3487 καὶ
3099 3434 3279 3503 φυγὰς
3318 3437 3563 3503 ἐγένετο,

1948 3512 2039 3566 διὰ
2064 3512 2227 3567 τοῦτο
2282 3513 2377 3567 τὸν
2408 3514 2523 3567 υἱὸν
2556 3514 2947 3586 ἀπεδίδρασκε.
2988 3518 3236 3586 Ψαλμὸς
3260 3516 3341 3583 τῷ
3380 3519 3567 3574 Δαυῖδ

1949 3598 2020 3652 ἐν
2040 3597 2123 3664 τῷ
2148 3598 2831 3667 ἀποδιδρὼκειναύτὸν
2853 3602 2975 3655 ἀπὸ
2996 3605 3324 3671 προσώπου
3359 3606 3417 3658 Ἀ
3427 3610 3566 3661 ὄεσ-

1952 3680 2171 3751 σαλὼμ
2213 3681 2324 3736 τοῦ
2368 3684 2505 3738 υἱοῦ
2531 3682 2744 3738 αὑτοῦ.
2778 3684 2888 3740 Καὶ
2914 3686 3182 3759 κρείττων
3208 3688 3309 3758 τῆς
3340 3689 3435 3742 τοῦ
3469 3708 3566 3744 πο-

1949 3763 2122 3835 λέμου
2178 3766 2499 3837 ἐξηγήσεως
2531 3768 2565 3837 ὴ
2610 3768 2761 3821 αἰτία
2808 3770 2909 3839 τῆς
2961 3769 3057 3823 τοῦ
3092 3769 3331 3841 πολέμου
3367 3772 3567 3827 ὑποθέ-

1952 3867 2114 3915 σεως,
2150 3850 2237 3903 ἵνα
2268 3850 2358 3904 τὸν
2386 3849 2603 3903 δλισθον
2628 3850 2722 3903 τοῦ
2758 3852 2971 3905 δικαίου
3006 3852 3334 3925 θεασάμενοι
3379 3858 3559 3926 ἀσφα-

1949 3932 2235 4005 λισώμεθα
2264 3934 2327 3987 τὸ
2357 3934 2583 4005 πτῶμα,
2616 3937 2711 3989 καὶ
2746 3935 3011 4007 φύγωμεν
3034 3937 3134 4009 τὴν
3163 3938 3359 4009 ὁμοίαν
3388 3938 3562 4010 βάσα-

1951 4033 2063 4070 νον.
2100 4017 2293 4071 ῐίοΑλοὶ
2342 4018 2453 4088 γὰρ
2508 4017 2607 4072 καὶ
2640 4018 2724 4081 εἰς
2753 4020 2856 4090 τὴν
2901 4021 3144 4092 σήμερον
3178 4022 3453 4093 πολέμους
3503 4027 3564 4080 ἐν

1948 4103 2063 4164 τοῖς
2088 4101 2259 4165 οἴκοις
2297 4101 2503 4171 ἔχουσι,
2541 4102 2636 4155 καὶ
2669 4103 2698 4154 6
2743 4102 2843 4172 μὲν
2874 4103 2981 4156 ὑπὸ
3012 4105 3271 4172 γυναικὸς
3307 4107 3563 4179 πολεμεῖς

1948 4202 2062 4248 ται,
2098 4188 2127 4239 6
2154 4186 2210 4239 δὲ
2230 4185 2335 4239 ὑπὸ
2351 4186 2543 4239 τέκνου
2572 4185 2967 4256 πολιορκεῖται,
2991 4188 3151 4253 ἄλλος
3179 4190 3283 4243 ὑπὸ
3302 4191 3562 4261 ἀδελφοῦ,

1949 4268 2047 4322 καὶ
2092 4268 2281 4341 ἔτερος
2302 4269 2407 4323 ὑπὸ
2437 4270 2653 4323 οἰκέτου
2691 4269 3021 4340 δαμάζεται.
3055 4274 3149 4325 καὶ
3174 4271 3407 4337 ἕκαστος
3422 4276 3561 4347 ἀκη-

1948 4354 2059 4425 διᾷ,
2086 4356 2179 4408 καὶ
2214 4355 2562 4427 δυσχεραίνει
2592 4357 2687 4409 καὶ
2739 4357 2998 4427 μάχεται,
3027 4357 3123 4411 καὶ
3164 4358 3416 4429 πολεμεῖ,
3464 4363 3562 4414 καὶ

1951 4438 2294 4510 πολεμεῖται·
2331 4440 2429 4493 καὶ
2472 4439 2652 4503 οὐδεὶς
2684 4439 2876 4493 ἑαυτὸν
2920 4440 3198 4509 λογοθετεῖ
3226 4442 3449 4504 ἐννοῶν,
3476 4446 3560 4499 ὄτι

1949 4524 1999 4577 εἰ
2032 4523 2108 4595 μὴ
2152 4524 2433 4595 ἁμαρτίας
2464 4523 2743 4595 ἔσπειρεν,
2780 4524 2879 4577 οὐκ
2914 4524 2981 4578 ἀν
3024 4527 3081 4578 ἐν
3110 4524 3189 4597 τῷ
3223 4527 3360 4599 οἴκῳ
3390 4530 3558 4583 αὐτοῦ

1948 4608 2186 4663 ἄκανθαι
2241 4608 2338 4662 καὶ
2390 4607 2631 4679 τρίϐολοι
2677 4607 2976 4677 ἀνέὸησαν·
3015 4611 3063 4663 εἰ
3118 4612 3195 4681 μὴ
3248 4612 3558 4683 σπινθῆρας

1949 4691 2236 4765 ἁμαρτιῶν
2262 4692 2641 4763 ἔκρυψεν,οὺκ
2675 4690 2743 4745 ἂν
2781 4693 2809 4743 6
2840 4688 2989 4758 οἶκος
3018 4694 3399 4767 ἀνεξευρίζετο.
3437 4698 3558 4751 Ὅτι

1946 4778 2058 4849 γὰρ
2092 4777 2384 4850 ἁμαρτιῶν
2429 4778 2536 4829 εἰσι
2570 4776 2777 4848 καρποὶ
2807 4776 2876 4829 τά
2910 4778 3087 4831 οἰκεῖα
3117 4776 3286 4852 κῂκά,
3325 4782 3419 4835 καὶ
3460 4780 3557 4852 δη-

1949 4863 2107 4935 μίους
2140 4862 2440 4934 ἐμφυλίους
2464 4861 2607 4915 κατὰ
2628 4859 2723 4914 τοῦ
2759 4859 3195 4932 ἁμαρτάνοντοςὶ
3207 4869 3513 4938 χειροτονεῖ
3531 4870 3561 4923 6

1945 4946 2101 5013 Θεὸς,
2141 4947 2354 5018 μάρτυς
2381 4947 2415 5017 ὴ
2464 4944 2587 4999 θεία
2616 4945 2835 5018 Γραφὴ.
2884 4942 2952 5020 ἧς
2985 4946 3139 5002 οὐδὲν
3183 4950 3557 5023 ἰσχυρότερον.

1946 5031 2186 5101 Πολεμεῖ
2230 5032 2353 5101 σεή
2408 5030 2569 5100 γυνή,
2622 5028 2920 5085 εἰσελθόντι
2958 5029 3035 5093 ὡς
3082 5030 3274 5103 θηρίον
3315 5034 3555 5107 ἀπαντᾷ,

1944 5116 2044 5187 τὴν
2076 5115 2332 5184 γλῶσσαν
2361 5114 2438 5177 ὥς
2484 5116 2760 5186 μάχαιραν
2801 5115 3011 5185 ἀκονᾷ;
3061 5116 3326 5187 Λυπηρὸν
3358 5117 3458 5189 μὲν
3495 5121 3559 5172 τὸ

1945 5200 2203 5271 πρᾶγμα,
2240 5199 2323 5252 ὅτι
2362 5200 2395 5269 ὴ
2438 5196 2634 5268 βοηθὸς
2668 5197 2968 5259 ἀντίπαλος
3006 5199 3252 5266 γέγονεν·
3292 5199 3373 5272 [3]
3404 5202 3557 5272 ὅμως

1943 5283 2138 5337 ἐαυτὸν
2188 5282 2508 5353 ἐρεύνησον,
2577 5282 2649 5351 μή
2684 5297 2803 5344 πως
2832 5282 2889 5334 ἐν
2944 5282 3160 5351 νεότητι
3199 5285 3280 5347 εἰς
3319 5288 3554 5352 γυναῖκα

1944 5366 2323 5437 ἐνεωτέρισας,
2350 5368 2443 5418 καὶ
2472 5364 2532 5417 :6
2556 5367 2635 5426 εἰς
2664 5368 2902 5433 γυναῖκα
2925 5366 3150 5437 τραῦμα
3172 5367 3263 5420 διὰ
3292 5370 3554 5435 γυναικὸς

1943 5449 2335 5521 θεραπεύεται,
2388 5451 2484 5503 καὶ
2535 5450 2635 5517 τὴν
2687 5449 2979 5521 ἀλλοτρίαν
3030 5451 3305 5521 σηπεδόνα
3362 5455 3394 5522 ﬂ
3445 5452 3556 5508 ὶδία

1941 5538 2277 5606 χειρουργεῖ.
2316 5534 2437 5587 Κᾶν
2468 5535 2636 5604 ἀγνοῇ
2690 5535 2723 5603 ή
2754 5534 3053 5603 τέμνουσα,
3097 5536 3213 5588 ἀλλ’
3244 5534 3386 5591 οἶδεν
3407 5540 3436 5591 ὁ
3472 5539 3556 5591 ἰα-

1938 5619 2070 5689 τρὸς
2117 5618 2271 5682 Θεός.
2330 5618 2503 5687 Αὐτὸς
2540 5616 2653 5688 γὰρ
2699 5617 2840 5689 αὐτῇ
2890 5617 2966 5681 ὡς
3021 5620 3228 5691 σιδήρῳ
3264 5622 3405 5675 κατά
3457 5620 3553 5675 σοῦ

1941 5703 2233 5774 ἐχρήσατο·
2266 5702 2360 5755 καὶ
2387 5700 2579 5771 ὥσπερ
2606 5698 2669 5752 τὸ
2706 5700 2925 5773 σίδηρον
2953 5703 3055 5757 οὐκ
3092 5694 3235 5758 οἶδεν
3259 5705 3288 5758 ὃ
3313 5708 3552 5777 ἐνεργεῖ,

1940 5788 2040 5862 τὴν
2071 5785 2127 5840 δέ
2156 5784 2245 5840 διὰ
2265 5785 2361 5841 τοῦ
2397 5786 2617 5860 σιδήρου
2651 5784 2954 5857 θεραπείαν
2984 5785 3127 5843 οἶδεν
3159 5793 3188 5843 6
3217 5790 3424 5863 ἰατρός·
3455 5786 3549 5844 οὕ-
