4070 6428
551 377 632 427 37
1252 370 1309 427 S.
1333 370 1620 428 JOANNlS
1654 371 2142 430 CIIRYSOSTOMI
2182 373 2506 436 ARCIIIEP.
2540 381 3103 442 CONSTANTINOP.
3788 388 3867 445 38

562 505 641 540 τω
675 487 775 541 κᾶν
831 487 999 557 ἀγνοῇ
1048 487 1082 557 ή
1131 485 1333 557 γυνὴή
1386 487 1720 556 πλήττουσα,
1748 487 1846 540 1:01
1890 489 1919 540 6
1955 487 2100 558 ἀνὴρ
2124 489 2154 541 6

567 569 933 641 πληττόμενος
962 568 1063 641 τὴν
1095 567 1281 621 αἰτίαν
1312 568 1413 639 τῆς
1443 567 1679 639 πληγῆς,
1703 568 1820 623 ἀλλ’
1853 568 1883 621 ό
1905 568 2039 632 Θεδς
2077 568 2154 631 ὡς

566 652 751 723 ἰατρὸς
802 648 908 705 οἶδε
946 650 1015 705 :6
1057 650 1355 722 συμφέρον.
1384 651 1509 705 Ὀτι
1545 652 1618 705 .δέ
1663 653 1698 723 ὴ
1754 651 1894 723 γυνὴ
1939 652 2153 721 πονηρά

556 733 848 807 ἁμαρτιῶν
876 736 992 788 ἐστι
1016 734 1268 798 κόνδυλος
1300 737 1340 798 ⁸,
1380 733 1591 804 μάρτυς
1621 734 1655 805 ή
1693 734 1813 787 θεία
1843 734 2057 805 Γραφή.
2085 732 2151 785 Τί

554 819 672 890 γὰρ
694 818 842 885 λέγει
857 818 1108 872 ἄκουσον·
1150 816 1321 883 Γυνὴ
1350 816 1587 884 πονηρὰ
1614 815 1789 885 ἀνδρί
1825 810 2152 885 ἀμαρτωλῷ

558 900 904 967 δοθήσεται.
951 901 1040 964 Ὠς
1088 901 1263 970 πικρὰ
1310 897 1585 963 ἀντίδοτος
1636 898 1787 970 αὐτῷ
1841 898 2147 968 δοθήσεται,

557 985 685 1048 τοὺς
700 984 911 1055 χυμοὺς
935 984 1044 1036 τῶν
1082 983 1367 1053 ἁμαρτιῶν
1401 979 1792 1036 ἀναλίσκουσα.
1825 978 1951 1035 Ὅτι
1973 979 2029 1033 δέ
2056 982 2151 1036 1:01

555 1067 620 1121 τὸ
646 1066 979 1120 ὑπδτέκνων
995 1062 1423 1135 πολιορκεῖσθαι,
1448 1063 1735 1134 ἁμαρτιῶν
1760 1065 1876 1117 ἐστι
1894 1062 2147 1132 βάσανος,

559 1148 824 1221 μάρτυςό
854 1146 1040 1207 Δαυῒδ,
1072 1146 1159 1200 6:6
1191 1147 1290 1215 τὴν
1329 1146 1646 1217 παράνομον
1688 1147 1876 1215 κοίτην
1919 1146 2025 1201 61:6
2053 1144 2147 1199 :06

553 1232 674 1287 υἰοῦ
717 1230 883 1287 αὑτοῦ
940 1229 1298 1299 Ἀϐεσσαλὼμ
1340 1229 1764 1301 πολεμούμενος,
1796 1231 1871 1295 ῶς
1913 1233 1943 1284 6
1988 1230 2148 1299 λόγος

555 1314 778 1379 ἔδειξεν.
820 1314 943 1367 Ὀτι
972 1313 1030 1365 δὲ
1065 1312 1162 1365 1:01
1207 1311 1429 1380 ἀδελφοὶ
1464 1312 1727 1382 ἀδελφοὺς
1752 1311 1820 1365 δι’
1872 1311 2147 1384 ἁμαρτίας

554 1399 923 1468 ἐπολέμησαν,
950 1396 1159 1466 μάρτυς
1191 1397 1223 1465 ή
1270 1394 1447 1463 βίϐλος
1474 1395 1583 1449 τῶν
1615 1394 1854 1467 Κριτῶν.
1880 1397 2009 1447 Ὅτε
2036 1394 2146 1465 γὰρ

553 1485 636 1546 είς
660 1481 758 1553 τὴν
781 1479 1078 1533 παλλακίδα
1104 1478 1198 1531 τοῦ
1228 1478 1509 1549 ὁδοιπόρου
1534 1480 1584 1531 οί
1614 1479 1717 1543 τῆς
1751 1478 1927 1550 φυλῆς
1954 1479 2145 1533 Βενια-

558 1567 649 1635 μὶν
675 1564 1090 1634 ἐξεπόρνευσαν,
1121 1562 1154 1631 ἡ
1182 1560 1238 1613 δέ
1280 1560 1378 1629 τὴν
1422 1561 1660 1633 ἄμετρον
1694 1562 1851 1633 ὓϐριν
1888 1562 1961 1634 μὴ
1987 1565 2139 1631 ὲνεγ.

554 1635 726 1702 κοῦσα
753 1646 1040 1705 ἀπέθανεν,
1066 1646 1121 1699 αἱ
1155 1642 1349 1698 ἐνδεκα
1382 1644 1544 1714 φυλαὶ
1573 1645 1673 1718 τὴν
1706 1646 1835 1717 μίαν
1866 1647 2142 1719 ἐπολέμη-

557 1747 674 1784 σαν·
702 1731 794 1783 1:01
833 1728 1019 1799 ἐπειδὴ
1043 1729 1097 1780 αἱ
1125 1726 1316 1781 ἐνδεκα
1333 1726 1497 1795 φυλαὶ
1519 1728 1625 1781 61:6
1646 1728 1783 1781 Θεοῦ
1802 1729 2136 1801 ἀπέστησαν,

554 1818 649 1871 1:01
680 1818 757 1878 είς
785 1815 853 1867 :6
882 1814 1075 1867 εἴδωλα
1106 1811 1522 1883 ἐξεπόρνευσαν,
1554 1814 1659 1866 ὑπὸ
1688 1815 1788 1885 τῆς
1813 1816 1943 1885 μιᾶς
1970 1814 2143 1885 φυλῆς

552 1901 610 1955 αἱ
638 1900 831 1953 ἕνδεκα
858 1896 1209 1968 ἐνικήθησαν,
1238 1897 1333 1949 1:01
1362 1896 1651 1961 πλεονάκις
1678 1897 1983 1967 νικηθεῖσαι
2036 1897 2142 1951 ὑπὸ

551 1984 650 2052 τῆς
678 1983 828 2051 μιᾶς,
854 1979 1002 2044 ἆπαξ
1023 1978 1192 2049 αὑτὴν
1216 1978 1495 2049 ἐνίκησαν,
1526 1982 1619 2033 καὶ
1633 1980 1854 2049 ἀδελφοὶ
1877 1981 2141 2050 ἀδελφοὺς

551 2065 919 2135 ἐπολέμησαν,
951 2060 1137 2130 ἐπειδὴ
1169 2064 1197 2113 ὁ
1237 2060 1368 2122 Θεὸς
1396 2061 1482 2137 6:6
1520 2062 1619 2125 τὰς
1658 2063 1933 2142 ἁμαρτίας
1959 2063 2138 2116 αὑτῶν

548 2144 651 2221 ἦρε
690 2148 749 2201 :6
777 2148 874 2217 τῆς
902 2144 1174 2216 ἁμαρτίας
1203 2143 1534 2214 μεσότοιχον.
1574 2145 1792 2218 Ἐπειδὴ
1826 2144 1936 2217 γὰρ
1973 2148 2005 2217 ή
2039 2147 2137 2216 μία

551 2234 692 2303 φυλὴ
716 2233 794 2294 είς
817 2231 914 2301 τὴν
940 2231 1176 2298 γυναῖκα
1199 2227 1546 2301 ἐπόρνευσεν,
1584 2228 1719 2283 αἰδὲ
1750 2230 1946 2284 ἕνδεκα
1974 2230 2136 2300 φυλαὶ

551 2316 631 2378 είς
670 2313 738 2367 τὰ
765 2312 956 2366 εἴδωλα
992 2310 1407 2381 ἐξεπόρνευσαν,
1441 2312 1536 2365 1:01
1571 2305 1716 2365 06:0:
1743 2315 1987 2367 κάκεῖνοι
2030 2312 2138 2366 ὑπὸ

549 2396 683 2450 Θεοῦ
704 2397 1203 2470 ἐξωλοθρεύθησαν,
1220 2397 2131 2469 ῶςγέγραπται·Ἐξωλόθρεῡσας

551 2477 742 2532 πάντα
760 2477 863 2531 τὸν
879 2477 1249 2545 πορνεύοντα
1270 2478 1386 2531 ἀπὸ
1406 2478 1717 2532 σοῦ.Ὤστε
1739 2478 1957 2549 ἀδελφοί⁵
1974 2479 2131 2535 ἀδελ-

549 2572 679 2631 φοὺς
708 2562 1055 2633 ἐπολέμησαν
1079 2560 1145 2613 δι’
1180 2561 1473 2631 ἁμαρτίας.
1520 2560 1659 2613 Ὑπὸ
1698 2561 1941 2629 ἀδελφῶν
1973 2563 2133 2615 πολε-

546 2648 837 2719 μούμενος,
888 2645 961 2716 μὴ
995 2643 1245 2697 τοσοῦτον
1281 2644 1400 2695 κατ’
1448 2642 1673 2697 ἐκείνων
1708 2643 1952 2709 στέναζε,
2010 2647 2133 2699 ὅσον

540 2732 734 2785 ἑαυτὸν
766 2730 1061 2798 λογοθέτει,
1080 2727 1176 2780 1:01
1200 2726 1433 2789 άνέταζε
1456 2726 1635 2797 ζητῶν
1657 2726 1743 2780 διὰ
1771 2727 1930 2790 ποίας
1954 2728 2129 2800 ἁμαρ-

536 2817 657 2878 τίας
691 2816 740 2867 οἰ
794 2813 1010 2879 ἀδελφοὶ
1047 2810 1313 2879 πολέμιοι.
1348 2810 1461 2880 Οὐχ
1500 2810 1582 2863 6::
1625 2809 1820 2872 πάντες
1845 2809 1911 2863 δι’
1952 2812 2130 2882 ἀμαρ-

537 2899 656 2961 τίας
690 2898 795 2951 ὑπὸ
850 2893 1095 2964 ἀδελφῶν
1148 2892 1531 2962 πολεμοῦνται·
1568 2893 1806 2967 καὶγὰρ
1852 2896 1882 2947 6
1933 2894 2128 2966 Ἰωσὴφ

535 2982 641 3035 ὑπὸ
687 2980 796 3033 τῶν
852 2976 1094 3046 ἀδελφῶν
1144 2977 1484 3046 ἐπολεμεῖτο,
1532 2978 1628 3030 1:01
1675 2978 1737 3030 οὑ
1775 2976 1992 3041 πάντως
2042 2977 2131 3030 διὰ

535 3066 910 3136 ἁμαρτήματα
932 3078 943 3090 ·
973 3062 1067 3114 καί
1095 3062 1123 3114 6
1168 3058 1288 3113 Ἰὼϐ
1314 3060 1418 3113 ὑπὸ
1439 3060 1698 3129 γυναικὸς
1719 3060 2124 3126 ἐπεϐουλεύετο,

534 3151 628 3203 καὶ
651 3150 712 3201 06
742 3148 960 3209 πάντως
985 3144 1074 3197 6:6
1112 3145 1510 3214 ἁμαρτήματα·
1539 3144 1652 3198 ἀλλ’
1692 3145 1773 3197 6::
1805 3147 1853 3199 οί
1883 3144 2128 3208 πλείονες

532 3234 641 3287 τῶν
683 3230 987 3301 ἀνθρώπων
1038 3228 1127 3281 διὰ
1182 3228 1456 3297 ἁμαρτίας
1508 3230 1789 3294 οἰκιακοὺς
1832 3229 2128 3299 πολεμίους

532 3320 749 3389 ἔχομεν.
781 3316 968 3367 Ἔστιν
1020 3315 1107 3366 ὅτε
1153 3313 1247 3363 καὶ
1296 3313 1439 3379 φίλοι
1464 3313 1544 3375 εἰς
1575 3314 1804 3384 ἐχθροὺς
1825 3314 1913 3368 διὰ
1953 3314 2127 3385 ἁμαρ.

530 3403 653 3463 τίας
680 3400 991 3469 τρέπονται,
1024 3398 1119 3449 καὶ
1147 3398 1194 3447 οἱ
1228 3396 1391 3448 πάλαι
1413 3396 1732 3465 ἀγαπῶντες
1755 3409 1780 3437 ι
1798 3396 2126 3469 μισοῦσικαί

531 3484 989 3553 ἀποστρέφονται,
1037 3479 1129 3533 τοῦ
1181 3478 1317 3531 Θεοῦ
1369 3480 1429 3532 :6
1452 3479 1689 3533 τοιοῦτον
1729 3483 1885 3551 μῖσος
1929 3482 1996 3535 δι’
2032 3482 2125 3546 οῦς

531 3564 639 3621 οἶδε
669 3566 860 3633 λόγους
895 3560 1471 3634 ἐμϐά).λοντος.‹οῦτω
1519 3561 1629 3634 γὰρ
1656 3564 1713 3617 ἐν
1744 3564 1820 3634 τῷ
1846 3564 2123 3635 ἑκατοστῷ

529 3650 777 3720 τετάρτῳ
808 3646 1012 3717 ψαλμῷ
1060 3645 1375 3716 γέγραπται
1442 3645 1571 3716 περὶ
1618 3645 1728 3699 τῶν
1784 3647 2119 3715 Αἰγυπτίων·

535 3731 911 3798 Μετέστρεψε
940 3727 1057 3795 τὴν
1085 3727 1337 3794 καρδίαν
1363 3727 1562 3781 αὐτῶν
1599 3728 1707 3782 τοῦ
1729 3730 1990 3798 μισῆσαι
2014 3730 2124 3784 τὸν

527 3818 683 3872 λαὸν
701 3815 908 3869 αὑτοῦ.
936 3816 1051 3867 Οὐκ
1084 3811 1148 3865 ἂν
1194 3813 1251 3864 δέ
1283 3810 1343 3864 :6
1370 3814 1525 3881 μῖσος
1547 3812 1655 3866 61:6
1684 3812 1820 3866 Θεοῦ
1860 3813 2040 3886 ἐδόθη,
2074 3817 2121 3868 εἰ

528 3900 605 3972 μὴ
639 3898 902 3968 πρότερον
920 3896 1106 3958 κακῶς
1135 3893 1431 3963 ἐφιλίαζον.
1460 3890 1556 3959 Οἷς
1598 3894 1708 3967 γὰρ
1735 3899 1767 3965 ή
1813 3897 1966 3965 φιλία
2012 3898 2120 3951 61:-

456 4014 459 4021 .
527 3980 725 4044 ωλείας
749 3979 1029 4051 πρόξενος,
1056 3977 1267 4040 τούτοις
1295 3977 1354 4030 :6
1401 3979 1556 4047 μῖσος
1600 3978 1800 4050 ἀρετῆς
1839 3978 2117 4044 ὑπόθεσις.

537 4064 702 4117 Ἀλλά
735 4066 830 4117 1:01
878 4066 947 4116 τὰ
985 4062 1150 4116 δοῦλα
1190 4062 1282 4115 καὶ
1321 4062 1539 4132 ὑπήκοα
1578 4060 1808 4132 σώματα
1857 4063 2118 4126 πολλάκις

524 4149 610 4201 διὰ
649 4146 926 4217 ἁμαρτίας
960 4148 1025 4216 τῇ
1049 4144 1335 4215 δεσποτεία
1365 4146 1762 4215 ἐπανέστησαν.
1804 4146 1978 4199 Βλέπε
2010 4146 2119 4217 γὰρ

523 4229 804 4299 τδνᾌδὰμ
841 4228 1067 4297 μηδέπω
1094 4228 1503 4300 ἀμαρτήσαντα,
1539 4226 1618 4299 [4]
1642 4228 1737 4281 1:01
1760 4228 1829 4282 :6
1854 4228 2020 4299 θηρία
2043 4230 2119 4293 ῶς

517 4312 688 4367 δοῦλα
741 4312 836 4365 1:01
866 4312 1083 4382 ὑπήκοα
1114 4310 1331 4381 ἔχοντα,
1352 4311 1449 4364 καὶ
1482 4310 1557 4374 ὡς
1584 4310 1791 4375 δούλοις
1815 4314 1998 4377 αὑτοῖς
2028 4330 2121 4367 κα-

523 4395 720 4450 λοῦντα
742 4396 1002 4466 ὀνόματα.
1042 4395 1174 4448 Ὅτε
1212 4394 1268 4448 δέ
1292 4394 1391 4464 τὴν
1414 4393 1538 4464 ϐψιν
1568 4396 1632 4465 τῇ
1683 4394 1932 4467 ἁμαρτίᾳ
1966 4396 2121 4449 ἐσπί-

523 4479 685 4544 λωσε,
728 4480 850 4533 τότε
900 4479 969 4533 :6
1015 4480 1181 4550 θηρία
1226 4479 1387 4532 αὑτὸν
1414 4479 1516 4531 οὐκ
1559 4476 1875 4549 ἐγνώριζεν,
1910 4479 2007 4533 1:01
2048 4480 2120 4535 :6

522 4562 685 4617 δοῦλα
726 4564 962 4633 πολέμια
1005 4566 1127 4616 κατ’
1169 4563 1332 4616 αὑτοῦ
1382 4563 1659 4631 γεγόνασι.
1703 4562 1815 4617 Καὶ
1870 4562 2061 4635 ὥσπερ
2089 4568 2117 4620 6

522 4649 582 4701 ἐν
634 4650 700 4718 τῇ
753 4648 900 4719 οἰκία
945 4651 1091 4700 κύων
1138 4647 1380 4699 δουλεύει
1430 4646 1507 4715 τῷ
1554 4645 1829 4717 τρέφοντι.
1884 4648 1979 4701 καὶ
2020 4665 2117 4717 φο-

525 4728 701 4783 ϐεῖται
726 4730 917 4783 τοῦτον
940 4732 1036 4782 καὶ
1056 4728 1311 4799 τέθηπεν·
1335 4729 1431 4782 ἐάν
1460 4730 1518 4782 δὲ
1541 4730 1696 4798 ἄφνω
1724 4729 2115 4803 ὴσϐολωμένην

522 4812 716 4885 ἔχοντα
763 4811 862 4883 τὴν
899 4812 1022 4882 δψιν
1057 4812 1343 4883 θεάσηται,
1376 4811 1409 4881 ἢ
1450 4814 1794 4883 προσωπεῖον
1832 4811 2113 4886 ἀλλότριον

521 4897 581 4949 ἐν
610 4898 678 4967 τῇ
704 4896 822 4966 ὄψει
862 4897 1123 4968 φέροντα,
1144 4896 1219 4959 ὡς
1250 4894 1385 4965 ξένῳ
1401 4895 1690 4967 ἐπέρχεται
1716 4897 1811 4951 1:01
1835 4900 2111 4969 σπαράξαι

514 4979 790 5050 βούλεται·
820 4979 995 5043 οὑτως
1032 4982 1061 5033 6
1111 4980 1285 5049 Ἀδὰμ
1343 4980 1429 5049 ἐφ’
1478 4980 1603 5032 ὅσον
1645 4978 1707 5031 :6
1754 4982 1875 5035 1:0:‘
1926 4983 2112 5037 εἰκόνα

520 5063 658 5116 Θεοῦ
702 5063 995 5134 πρόσωπον
1040 5063 1282 5135 καθαρὸν
1312 5065 1521 5134 ἐτήρει.
1552 5066 1603 5117 01
1656 5062 1823 5133 θῆρες
1856 5065 2008 5136 αὐτῷ
2036 5067 2112 5131 ὼς

519 5146 695 5199 δοῦλοι
741 5146 1047 5201 ὑπέκειντο·
1081 5148 1171 5199 ὅτε
1223 5146 1278 5199 δέ
1322 5146 1386 5200 :6
1428 5147 1721 5219 πρόσωπον
1752 5151 1820 5220 τῇ
1858 5154 2109 5223 παρακοῇ

519 5228 811 5293 ἐσπίλωσε,
870 5228 943 5300 μὴ
998 5228 1335 5299 γνωρίζοντα
1366 5230 1459 5283 τδν
1509 5230 1801 5303 δεσπότην,
1848 5231 1925 5296 ὡς
1979 5232 2112 5304 ξένῳ

517 5310 836 5383 ἦχθραινον.
869 5312 1033 5366 ’Ὥστε
1064 5312 1157 5365 1:01
1187 5311 1392 5366 δούλων
1420 5314 1792 5377 ἐπανάστασις
1824 5316 2110 5387 ἁμαρτιῶν

518 5395 667 5447 ἐστιν
708 5394 995 5456 ἀντίδοσις.
1026 5394 1242 5458 Δίκαιος
1266 5395 1293 5446 6
1317 5396 1536 5468 Δανιὴλ,
1567 5397 1660 5449 1:01
1698 5399 1747 5449 οἰ
1769 5396 1983 5463 λέοντες
2012 5398 2111 5471 τήν

518 5474 834 5529 δεσποτείαν
859 5474 1183 5548 ἐγνώρισαν·
1218 5473 1355 5531 εἶδον
1396 5479 1674 5550 ἁμαρτίας
1702 5478 1988 5548 ἄγευστον,
2016 5484 2110 5536 1:01

518 5558 738 5630 ἀφῆκαν
779 5559 1050 5631 τιμωρίας
1093 5561 1318 5632 ἄμορον.
1348 5562 1603 5633 Ἦμαρτε
1648 5566 1935 5637 προφήτης
1977 5566 2111 5636 ψευ-

618 5715 692 5785 ξό
710 5716 858 5785 ιδυλος
882 5716 969 5785 "to
991 5719 1217 5785 impacgig
1251 5721 1398 5785 alapa!
1417 5724 1493 5771 :el
1524 5734 1691 5783 pugno
1711 5720 2004 5785 ﬁeqnenler
2023 5736 2108 5775 oc-

520 5778 818 5840 cun-1:11pm
844 5778 1126 5840 εει-ἰριοτὲε.
1154 5781 1277 5829 Hinc
1303 5778 1506 5832 Verbum
1528 5778 1872 5840 Σδιονδυλίζουῖιποι
1900 5786 2039 5837 infra.

580 5838 605 5870 ⁸
630 5837 753 5899 ﬂet.
779 5843 822 5888 οι
848 5837 991 5890 1:620:
1016 5840 1282 5900 ποθοῦντες.

2261 496 2514 564 σάμενος.
2573 497 2665 549 καὶ
2716 490 2873 568 εὗρεν
2910 498 3075 553 αὑτὸν
3110 499 3144 559 ό
3188 495 3326 552 λέων
3370 496 3431 549 ἐν
3469 496 3536 568 τῇ
3584 494 3712 566 ὁδῷ,
3762 499 3871 550 καὶ

2256 583 2621 641 ἐθανάτωσεν.
2678 585 2993 655 Ἦσϐολὼθη
3042 587 3121 657 τῷ
3157 586 3363 657 ψεύδει,
3393 586 3488 639 1:01
3523 588 3551 639 6
3573 585 3711 639 λέων
3758 585 3872 638 οὐκ

2259 672 2576 746 ἐγνώρισεν.
2629 677 2693 730 Εἰ
2749 679 3037 748 προφήτην
3089 674 3227 757 εἶδεν
3284 676 3351 730 ἂν
3378 675 3455 741 ὡς
3492 676 3583 730 τὸν
3636 671 3870 746 Δανιὴλ,

2258 766 2485 837 ἐτίμησε
2507 784 2522 797 ·
2548 768 3005 841 ψευδοπροφήτην
3031 760 3181 839 εῦρε,
3220 769 3315 822 καὶ
3340 767 3417 831 ὡς
3448 766 3584 837 ξένῳ
3617 766 3874 838 ἐπέδρα-

2263 874 2384 929 μεν.
2439 857 2499 912 Ὀ
2526 857 2795 931 δεσπότης
2823 858 3109 928 ἐψεύσατο,
3142 858 3288 913 1:016
3313 857 3500 921 δοῦλος
3533 857 3631 929 τὴν
3662 856 3873 911 δεσπο-

2256 950 2407 1003 τείαν
2461 950 2758 1021 ἠρνήσατο.
2800 950 2912 1004 K01
2944 951 2998 1004 τί
3038 949 3183 1020 λέγω
3240 951 3371 1021 περὶ
3426 949 3535 1004 τῶν
3590 946 3873 1002 οἰκιακῶν

2257 1041 2467 1107 κακῶν,
2503 1043 2665 1097 ὁπότε
2699 1044 2794 1095 1:01
2839 1043 2972 1097 06:6
3022 1043 3180 1115 ήμῶν
3213 1044 3274 1098 :6
3306 1042 3497 1113 σῶμα,
3536 1042 3599 1096 :6
3636 1042 3873 1096 πάντων

2256 1133 2389 1202 ἡμῖν
2435 1132 2762 1204 οἰκειότερον
2804 1134 2899 1187 1:01
2932 1130 3415 1205 προσφιλέστερον,
3451 1133 3598 1186 ἐστιν
3627 1132 3716 1184 ὅτε
3761 1129 3873 1185 καὶ

2253 1224 2387 1279 06:6
2429 1226 2843 1297 ἁμαρτάνοντας
2877 1228 3026 1297 ἡμᾶς
3066 1226 3311 1297 πολεμεῖ,
3353 1226 3442 1278 6:6
3475 1222 3726 1296 πυρετῶν
3763 1223 3867 1276 1:01

2248 1314 2425 1368 νόσων
2465 1314 2557 1368 1:01
2607 1314 2919 1386 ἀλγηδόνων
2966 1315 3312 1386 ἀμυνόμενον
3325 1314 3375 1379 δ,
3422 1315 3518 1367 1:01
3564 1313 3625 1367 :6
3667 1312 3870 1389 δοῦλον

2261 1406 2422 1477 σῶμα
2450 1406 2549 1477 τὴν
2591 1407 2881 1461 δέσποιναν
2914 1406 3094 1478 ψυχὴν
3128 1406 3380 1478 μαστίζει
3429 1408 3864 1481 άμαρτήσασαν,

2252 1497 2353 1566 οὑχ
2384 1498 2465 1552 6::
2496 1496 2654 1551 τοῦτο
2681 1497 2951 1569 βούλεται,
2984 1499 3100 1552 ἀλλ’
3126 1501 3209 1553 6::
3239 1501 3399 1553 τοῦτο
3434 1502 3608 1554 ποιεῖν
3638 1498 3868 1553 κελεύι⁸

2252 1606 2341 1643 ται
2368 1606 2381 1654 ;
2422 1590 2536 1643 K01
2576 1590 2791 1661 μάρτυς
2822 1594 2851 1645 6
2875 1591 3106 1662 Χριστὸς
3134 1591 3211 1661 τῷ
3256 1590 3459 1645 ἰαθέντι
3496 1586 3866 1664 παραλυτικῷ

2252 1680 2427 1747 λέγων
2448 1696 2461 1706 ⁸
2484 1682 2617 1744 Ἴδε,
2651 1682 2829 1752 ὑγιὴς
2858 1683 3131 1751 γέγονας,
3165 1682 3376 1751 μηκέτι
3399 1683 3724 1753 ἁμάρτανε,
3750 1684 3865 1738 ἵνα

2244 1772 2329 1839 μή
2361 1788 2462 1826 σοι
2503 1772 2705 1841 χεῖρόν
2736 1791 2791 1827 τι
2826 1772 3085 1842 γένηται.
3114 1774 3401 1837 Μαθόντες
3441 1770 3535 1827 οῦν
3556 1814 3570 1837 ,
3606 1773 3859 1843 ἀδελφοὶ,

2251 1866 2334 1917 6::
2365 1867 2460 1918 1:01
2485 1866 2723 1920 οἰκιακοὶ
2740 1868 2834 1920 καὶ
2862 1867 3177 1934 συγγενικοὶ
3207 1867 3302 1921 1:01
3329 1867 3567 1921 δουλικοὶ
3595 1868 3861 1938 πόλεμοι,

2249 1953 2343 2007 1:01
2389 1956 2444 2007 αἱ
2497 1955 2593 2008 τοῦ
2632 1956 2884 2026 σώματος
2935 1958 3079 2010 νόσοι
3118 1957 3189 2010 :6
3236 1956 3408 2011 πολλά
3442 1958 3531 2012 6:6
3573 1958 3860 2031 ἁμαρτίας

2251 2047 2518 2113 γίνονται,
2556 2047 2653 2118 τὴν
2683 2049 2865 2119 πηγὴν
2909 2049 3020 2102 τῶν
3068 2049 3251 2103 κακῶν
3281 2049 3380 2120 τὴν
3418 2050 3694 2121 ἁμαρτίαν
3717 2051 3860 2106 ἀνα-

2247 2138 2565 2210 στείλωμεν,
2602 2142 2693 2195 καὶ
2723 2144 2772 2195 εἰ
2802 2143 3091 2213 χείμαρροι
3124 2143 3233 2197 τῶν
3269 2142 3459 2198 παθῶν
3502 2144 3563 2198 06
3608 2145 3855 2216 ῥέουσιν,

2243 2230 2358 2283 ἀλλ’
2391 2232 2438 2284 οἰ
2482 2234 2718 2302 ποταμοί
2748 2235 2858 2286 τῶν
2895 2234 2991 2289 τοῦ
3040 2235 3177 2289 Θεοῦ
3226 2236 3436 2290 ὑδάτων
3475 2236 3573 2308 τὴν
3617 2237 3850 2308 ψυχὴνο

2244 2322 2644 2391 εὐφραίνουσιν.
2710 2325 2863 2378 Ἐπεὶ
2916 2322 3011 2379 οῦν
3051 2327 3145 2381 1:01
3188 2328 3217 2379 6
3257 2327 3421 2382 Δαυῒδ
3452 2328 3527 2392 ὡς
3556 2328 3854 2400 ἀλλοτρίαν

2244 2410 2523 2479 βασιλείαν
2568 2413 2665 2483 τὴν
2715 2414 2985 2487 ὕπανδρον
3017 2418 3176 2472 ἔλαϐε
3213 2418 3501 2495 (βασιλεία
3542 2421 3651 2493 γάρ
3683 2422 3852 2476 παντὶ

2242 2502 2397 2573 άνδρί¹
2446 2506 2479 2576 ή
2525 2507 2802 2578 όμόψυχος
2833 2509 2971 2582 γυνὴ
2994 2552 3008 2573 ,
3045 2512 3137 2565 1:01
3180 2513 3278 2583 οὑχ
3305 2513 3482 2578 οὕτως
3513 2516 3542 2568 ό
3588 2515 3851 2585 βασιλεὺς

2241 2592 2339 2665 τὴν
2363 2597 2650 2671 πορφύραν
2674 2599 2767 2653 1:01
2797 2601 2857 2654 :6
2874 2601 3133 2675 διάδημα,
3152 2604 3227 2668 ὡς
3256 2606 3283 2657 6
3306 2606 3445 2675 ἀνὴρ
3473 2606 3572 2678 τὴν
3602 2610 3847 2675 γυναῖκα

2240 2686 2489 2758 ἀγαπᾷ)·
2531 2689 2620 2743 6:6
2672 2692 2831 2746 τοῦτο
2873 2695 2901 2747 6
2951 2696 3013 2749 ἐκ
3059 2696 3158 2766 τῆς
3203 2698 3462 2764 γυναικὸς
3511 2698 3677 2752 06:06
3727 2700 3848 2764 υίὸς

2240 2779 2511 2850 ἐπανέστη
2554 2780 2852 2853 τύραννος,
2905 2786 3154 2856 ἁρπάσαι
3197 2786 3371 2841 θέλων
3423 2788 3521 2859 τὴν
3562 2788 3845 2858 βασιλείαν

2239 2867 2331 2920 τοῦ
2366 2870 2607 2939 πατρός.
2656 2873 2755 2944 Βίᾳ
2794 2874 3035 2944 ἥρπασε,
3066 2878 3163 2931 1:01
3198 2877 3319 2948 βίαν
3349 2878 3643 2951 ὑπέμεινε,
3680 2880 3778 2935 1:01
3814 2884 3846 2937 6

2242 2959 2419 3031 λάθρα
2451 2963 2783 3035 ἁμαρτήσας
2805 3007 2818 3029 ,
2852 2967 3103 3038 φανερῶς
3134 2969 3527 3041 ἐθριαμϐεύετο
3546 2988 3560 3002 ·
3593 2971 3688 3027 1:01
3722 2973 3752 3026 6
3780 2973 3845 3027 ἐν

2238 3055 2421 3123 κρυφῇ
2450 3057 2980 3128 τραυματιζόμενος,
3019 3060 3115 3113 ἐπὶ
3150 3062 3368 3117 πάντων
3402 3064 3842 3136 χειρουργούμι-

2236 3158 2325 3206 νος
2356 3141 2445 3196 διὰ
2477 3143 2568 3197 τὸν
2600 3148 2822 3201 εἰπόντα
2850 3148 3004 3211 Θεὸν,
3038 3149 3122 3205 Σὺ
3149 3150 3449 3220 ἐποίησας
3468 3154 3537 3207 ἐν
3565 3155 3836 3225 κρυπτῷ,

2234 3230 2351 3300 ἐγὼ
2397 3233 2466 3287 δὲ
2510 3236 2746 3304 ποιήσω
2776 3239 2847 3291 ἐν
2879 3238 2959 3305 τῷ
2994 3238 3265 3309 φανερῷ,
3300 3242 3397 3295 καί
3430 3243 3689 3299 ἐνώπιον
3728 3246 3840 3302 τοῦ

2237 3322 2416 3390 ἡλίου
2462 3325 2700 3380 τούτουι
2732 3327 2924 3396 Ὅμως
2951 3331 3053 3382 οὐκ
3086 3332 3166 3395 εἰς
3190 3332 3343 3395 τέλος
3374 3332 3587 3405 προέϐη
3630 3333 3699 3389 τὰ
3734 3335 3840 3408 τῆς

2236 3414 2437 3479 κακίας
2458 3415 2536 3486 τῷ
2552 3416 2928 3490 ’Δϐεσσαλώμο
2958 3422 3051 3475 1:01
3076 3422 3315 3485 δικαίως,
3344 3424 3429 3478 ἴνα
3451 3424 3527 3497 μὴ
3551 3428 3600 3480 οἰ
3618 3420 3841 3500 πατρα-

2232 3503 2368 3575 λῷαι
2378 3508 2542 3577 νόμον
2555 3513 2947 3580 πατροκτονίας
2964 3513 3061 3585 τὴν
3077 3515 3499 3587 πρᾶξινέχωσιν.
3518 3518 3690 3574 Ύπου
3698 3521 3841 3592 ργή-

2234 3612 2334 3658 σας
2350 3596 2407 3651 δὲ
2429 3598 2505 3661 ὡς
2532 3598 2745 3669 δήμιος,
2770 3602 2846 3665 ὡς
2867 3604 3156 3670 κατάδικος
3185 3608 3471 3676 ἐφονεύετο
3488 3627 3503 3641 ·
3521 3612 3619 3665 1:01
3640 3611 3836 3685 ῶσπερ

2230 3685 2298 3739 τὰ
2332 3686 2389 3739 ἐν
2414 3689 2528 3750 τοῖς
2551 3686 2801 3772 θεάτροις
2828 3690 2993 3763 θηρία
3013 3691 3196 3757 ἄλλοις
3221 3696 3317 3765 μὲν
3342 3697 3687 3768 ἐπέρχονται,
3725 3698 3837 3753 61:6

2230 3773 2406 3829 ἄλλων
2429 3774 2485 3827 δέ
2508 3776 2849 3843 φονεύονται⁶
2867 3778 3010 3832 οὕτω
3026 3781 3162 3835 1:016
3190 3782 3503 3838 ’Δϐεσσαλὼ
3510 3803 3550 3856 μ
3569 3784 3647 3857 τῷ
3663 3787 3836 3842 Δαυῖδ

2230 3866 2494 3931 ἐπελθὼν,
2529 3868 2635 3922 61:6
2661 3870 2757 3924 :06
2794 3871 2952 3925 '10166
2983 3873 3291 3944 ἐφονεύετο,
3336 3877 3432 3931 1:01
3480 3878 3575 3931 ἐπὶ
3608 3878 3832 3951 δένδρου

2229 3958 2435 4029 ὑψηλοῦ
2453 3958 2479 3999 ει
2512 3961 2808 4033 ἐκρέματο,
2832 3964 2861 4016 ό
2884 3964 3025 4019 κατά
3046 3966 3141 4021 τοῦ
3171 3967 3380 4040 πατρὸς
3398 3968 3533 4039 ύψού
3541 3987 3722 4041 μενος·
3742 3970 3831 4047 [5]

2228 4050 2512 4121 κατείχετο
2539 4051 2596 4106 δὲ
2624 4054 2731 4107 61:6
2761 4054 2932 4123 φυτοῦ
2952 4096 2967 4121 ,
3008 4059 3036 4110 6
3064 4060 3129 4130 τῇ
3162 4060 3285 4131 ῥίζῃ
3318 4062 3649 4133 μαχόμενος,
3676 4066 3772 4119 1:01
3797 4066 3833 4120 6

2232 4139 2429 4205 κλάδος
2454 4141 2560 4195 61:6
2587 4144 2681 4197 :06
2712 4145 2908 4200 κλάδου
2942 4148 3177 4205 ἐδέδετο.
3209 4152 3309 4222 τῆς
3335 4156 3615 4227 πατρικῆς
3642 4157 3829 4215 διαθέ-

2232 4252 2371 4299 σεως
2396 4235 2809 4307 ἁποκλὼμενος,
2839 4242 2936 4295 καὶ
2971 4243 3079 4296 61:6
3112 4245 3215 4315 τῆς
3239 4247 3488 4319 κεφαλῆς
3514 4252 3826 4322 ἐκρατεῖτο,

2226 4328 2256 4382 6
2284 4327 2382 4399 τὴν
2419 4329 2664 4401 κεφαλὴν
2707 4330 2804 4385 τοῦ
2833 4336 3198 4406 γεννήσαντος
3227 4337 3415 4393 λαϐεῖν
3442 4342 3824 4415 ἐπειγόμενος,

2226 4417 2321 4471 1:01
2352 4417 2428 4481 ὡς
2452 4420 2663 4489 καρπὸς
2686 4420 2797 4476 61:6
2826 4422 2919 4477 :06
2947 4425 3117 4494 φυτοῦ
3144 4426 3445 4500 ἐκρέματο,
3473 4433 3503 4486 ό
3532 4432 3623 4487 τὸν
3647 4451 3828 4507 γεωρ-

2354 4510 2454 4581 τῆς
2484 4510 2699 4600 φύσεως
2725 4517 2911 4586 τεμεῖν
2942 4515 3287 4588 βουλόμενος,
3323 4522 3420 4575 1:01
3447 4525 3528 4588 είς
3551 4524 3653 4597 τήν
3681 4544 3824 4600 καρ-

2214 4586 2341 4652 δίαν
2387 4599 2701 4670 ἐτοξεύετο,
2750 4604 2870 4659 ἐκεῖ
2915 4586 3313 4680 φονευόμενος,
3349 4613 3486 4667 61:00
3510 4586 3619 4670 ήτδᾷ
3662 4586 3825 4687 φόνον

2223 4690 2545 4774 ἐμελέτησε.

2293 4782 2405 4836 K01
2436 4777 2506 4853 ἦν
2542 4782 2673 4837 ίδεῖν
2707 4784 2830 4839 τότε
2873 4788 3178 4859 παράδοξον
3217 4789 3417 4863 θέαμα.
3460 4793 3553 4859 Ὦς
3580 4792 3692 4867 γάρ
3726 4795 3824 4853 ἐπὶ

2220 4870 2320 4943 τὴν
2362 4872 2589 4944 ήμίονον
2620 4874 2886 4942 ἐλαύνων,
2922 4878 3031 4933 61:6
3063 4880 3165 4953 τῆς
3207 4883 3387 4955 κόμης
3436 4884 3547 4940 τῶν
3587 4887 3818 4960 τριχῶν,

2221 4963 2329 5017 ἀπὸ
2348 4974 2372 5003 ⁸
2404 4963 2508 5035 τῆς
2537 4964 2715 5038 κόμης
2740 4968 2834 5021 τοῦ
2874 4968 3093 5043 δένδρου
3144 4974 3447 5045 κατείχετο,
3482 4978 3578 5032 1:01
3603 4979 3638 5049 ή
3669 4979 3815 5052 κόμη

2218 5057 2319 5128 τῆς
2350 5057 2528 5129 κόμης
2552 5062 2775 5131 κατεῖχε
2801 5061 2892 5115 τὸν
2920 5062 3206 5136 τύραννον,
3230 5066 3351 5119 ἐκεῖ
3379 5066 3543 5121 αὑτὸν
3574 5069 3821 5123 κονδυλί·

2220 5143 2409 5209 ζουσα,
2449 5146 2583 5200 ὅπου
2608 5148 2671 5202 :6
2704 5151 2973 5221 πατρικὸν
2997 5153 3237 5225 διάδημα
3275 5155 3509 5225 φορέσαι
3543 5157 3817 5213 ἐσπούδα-

2219 5239 2334 5303 ζεν.
2381 5234 2492 5293 Ἦν
2542 5235 2637 5295 οῦν
2695 5240 2992 5317 θεάσασθαι
3045 5246 3212 5317 μέσον
3270 5246 3505 5319 ούρανοῦ
3563 5249 3659 5304 καὶ
3712 5252 3817 5323 γῆς

2231 5328 2587 5402 Ἀϐεσσαλὼμ
2652 5334 3000 5405 κρεμάμενον
3028 5351 3047 5370 ο
3106 5339 3136 5391 6
3199 5338 3433 5410 οὐρανὸς
3488 5340 3655 5395 αὑτὸν
3713 5343 3817 5399 061:

2217 5420 2465 5491 ἐδέχετο·
2518 5424 2567 5476 εί
2614 5423 2723 5496 γὰρ
2770 5426 2861 5479 τὸν
2904 5427 3120 5499 πρῶτον
3162 5431 3437 5503 ἀντάρτην
3486 5432 3680 5506 ιρριψι
3721 5435 3816 5491 τὸν

2215 5510 2481 5576 διάϐολον,
2514 5513 2634 5577 πῶς
2668 5514 2737 5569 ἂν
2762 5517 2856 5571 τὸν
2888 5519 3141 5593 δεύτερον
3167 5522 3441 5597 ἀντάρτην
3470 5525 3723 5594 ἐδέξατο;
3750 5530 3811 5583 Ἠ

2277 5599 2441 5666 N198
2473 5604 2758 5666 μαχόμενον-

2277 5621 2307 5638 υ
2336 5621 2441 5665 neg
2573 5621 2758 5666 ομενον.

2277 5665 2301 5694 ⁸
2328 5665 2449 5727 Reg.
2468 5621 2570 5714 661‘
2588 5670 2632 5715 οί
2651 5685 2698 5727 χ.
2724 5684 2766 5716 τ.
2792 5685 2845 5717 π.
2870 5670 2924 5718 06
2949 5672 3193 5727 ῥεύσουσι.
3217 5675 3269 5727 6.
3297 5681 3341 5727 οἰ
3374 5694 3428 5727 π.
3451 5658 3652 5727 τῶῖτυῖ

2214 5725 2508 5786 ἀγαθῶντήν
2531 5725 2843 5778 πό>.ινάὑτοῦ
2863 5725 3141 5797 τήν’ψυχήν.
3178 5725 3191 5735 ’

2277 5784 2305 5825 ἆ
2485 5788 2561 5838 ἐπὶ
2581 5790 2775 5854 δένδρον
2793 5793 2996 5854 ὑψηλόν,
3025 5810 3119 5847 non
3148 5796 3243 5848 mal

2284 5805 2305 5825 ι
2334 5805 2368 5835 n
2444 5825 2455 5834 .
2485 5805 2561 5838 επι
2583 5805 2775 5853 οενορον
2793 5805 2996 5859 ὑψηλὸν,
3025 5810 3119 5847 non
3148 5805 3297 5849 male.

2284 5859 2309 5887 ε
2331 5805 2541 5915 ιηὲῗίθκ,
2572 5851 2669 5901 ἀπό
2692 5854 2857 5904 deest.
