4070 6440
224 404 291 460 δι
1346 344 1349 347 “
1466 378 1826 441 εχροδιτιο

1971 373 2302 433 Ρδιιιιιιιιι
2343 373 2433 430 ιιι.
2583 430 2595 443 ,
3477 368 3546 421 33

224 517 519 587 Scriptura.
558 509 697 582 Quid
737 508 881 565 enim
922 505 1063 563 dicat
1094 503 1219 559 audi
1256 519 1270 557 ε
1314 499 1503 557 Mulier
1544 497 1681 552 mata
1723 496 1830 550 viro

223 607 479 681 peccaturi
522 605 726 660 dabitur
764 601 863 673 (a).
908 597 970 655 Ei
1010 598 1225 655 dabitur
1273 604 1541 663 tamquam
1588 604 1832 646 amarum

224 699 527 753 antidotum
549 736 563 759 ,
595 693 738 764 quod
770 700 1110 762 peccatorum
1138 687 1309 742 malos
1348 685 1602 739 humores
1634 695 1835 737 consu-

224 799 356 847 mat.
388 788 544 857 Quod
572 796 750 842 autem
778 784 939 839 etiam
967 780 1202 837 obsideri
1235 794 1264 832 a
1299 777 1454 844 filiis,
1483 776 1556 832 sit
1586 776 1834 845 peccato-

225 898 349 939 rum
376 880 695 950 supplicium
719 921 737 945 ,
769 876 921 933 testis
948 884 1031 929 est
1061 871 1223 932 David
1249 913 1264 937 ,
1294 870 1385 941 qui
1430 877 1645 939 propter
1683 865 1834 921 nefa-

224 974 366 1029 rium
391 985 740 1041 congressum
768 983 799 1021 a
827 981 928 1022 suo
943 965 1054 1020 tilio
1077 963 1348 1017 Absaloue
1369 960 1514 1015 bello
1537 957 1833 1027 impetitur,

225 1075 287 1121 ut
328 1065 576 1134 superius
618 1059 975 1116 ostendimus.
1019 1054 1172 1123 Quod
1218 1063 1397 1107 autem
1437 1052 1596 1105 etiam
1642 1047 1838 1103 fratres

227 1158 489 1213 adversus
533 1155 725 1209 fratres
761 1162 984 1222 propter
1029 1156 1246 1217 peccata
1296 1144 1490 1199 bellqu
1531 1139 1832 1212 gesserint,

229 1252 381 1305 testis
407 1258 490 1323 est
517 1248 653 1302 liber
674 1244 921 1299 Judicum
952 1233 1104 1314 (Iud.
1136 1238 1204 1293 19
1230 1248 1276 1292 et
1304 1236 1420 1307 20).
1447 1233 1673 1323 Quando
1693 1230 1838 1286 enim

230 1344 284 1397 in
326 1322 546 1395 viateris
582 1336 937 1393 concubinam
984 1331 1228 1386 fornicati
1265 1339 1423 1390 sunt,
1451 1322 1541 1397 qui
1576 1330 1732 1377 erant
1771 1336 1836 1375 ex

230 1435 370 1487 tribu
403 1430 679 1499 Benjamin
702 1468 717 1494 ,
753 1428 838 1482 illa
870 1437 1048 1480 autem
1077 1438 1198 1477 cum
1239 1421 1505 1490 ingentem
1539 1431 1645 1471 non
1676 1414 1842 1470 ferret

231 1523 616 1579 contumeliam
656 1528 866 1574 mortua
906 1527 990 1572 est
1030 1531 1045 1569 :
1081 1513 1328 1569 undecim
1372 1511 1540 1565 tribus
1583 1508 1841 1563 adversus

232 1630 393 1668 unam
442 1613 637 1666 bellum
679 1618 1009 1680 gesserunt:
1044 1614 1099 1659 et
1140 1604 1265 1673 quia
1311 1602 1557 1656 undecim
1599 1598 1769 1653 tribus
1810 1612 1841 1651 a

236 1707 344 1760 Deo
373 1704 715 1767 defecerant,
744 1710 797 1756 ct
835 1700 1111 1755 fornicata:
1140 1696 1350 1750 fuerant
1377 1696 1428 1748 in
1461 1693 1599 1747 idola
1624 1733 1639 1756 ,
1670 1690 1831 1744 unde-

234 1799 337 1853 cim
381 1798 552 1850 tribus
590 1796 659 1849 ab
699 1809 799 1848 una
841 1794 981 1847 tribu
1010 1792 1167 1844 victae
1203 1796 1362 1852 sunt,
1390 1797 1438 1839 et
1472 1794 1618 1853 S1upc
1646 1784 1715 1836 ab
1740 1796 1841 1835 una

234 1888 390 1942 victa:
417 1888 581 1941 semel
613 1886 752 1938 illam
780 1885 1044 1948 vicerunt,
1073 1892 1126 1935 ct
1153 1881 1343 1932 fmtrcs
1368 1877 1625 1930 adversus
1650 1874 1845 1927 fiatrcs

234 1981 433 2036 bellum
478 1988 795 2049 gesserunt,
833 1972 1264 2046 quandoquidem
1307 1971 1447 2025 Deus
1475 1977 1691 2038 propter
1717 1981 1844 2037 pec-

234 2080 351 2127 cata
381 2086 569 2127 eorum
614 2067 985 2123 intermedium
1032 2065 1237 2136 peccati
1278 2063 1563 2117 maceriam
1605 2059 1845 2113 sustulit.

234 2161 502 2227 Quoniam
530 2161 671 2214 enim
704 2174 805 2213 una
839 2158 1008 2212 tribus
1044 2157 1096 2210 in
1126 2154 1403 2209 mulierem
1432 2152 1707 2215 fornicata,
1742 2164 1844 2203 un—

234 2254 413 2309 decim
445 2264 625 2307 autem
657 2251 824 2305 tribus
856 2250 909 2304 in
952 2248 1093 2303 idola
1124 2246 1401 2301 fornicata!
1430 2244 1676 2307 fuerant,
1707 2250 1761 2297 et
1792 2241 1846 2295 hi

235 2354 290 2401 et
317 2346 389 2399 illi
413 2360 441 2397 a
467 2344 577 2398 Deo
602 2341 940 2397 cxtermiuati
968 2348 1113 2405 sunt,
1136 2338 1276 2393 sicut
1300 2337 1557 2404 scriptum
1585 2342 1669 2389 est
1694 2351 1707 2386 :
1738 2331 1847 2385 Ex-

235 2436 521 2492 tertiiinasti
557 2449 755 2488 omnem
797 2432 885 2502 qui
928 2432 1213 2503 fornicatur
1246 2446 1280 2483 a
1312 2439 1360 2482 te
1386 2425 1570 2500 (Psal.
1605 2425 1692 2480 72.
1725 2423 1845 2494 27).

235 2530 457 2585 Fratres
495 2541 624 2597 ergo
663 2525 921 2580 adversus
967 2522 1160 2577 fratres
1202 2530 1419 2591 propter
1459 2527 1673 2589 peccata
1705 2515 1847 2570 bella

232 2629 536 2691 gesserunt.
564 2618 618 2674 Si
648 2628 698 2673 te
724 2616 916 2672 fratres
936 2622 1266 2685 oppugnant,
1291 2628 1399 2667 non
1423 2620 1624 2667 tantum
1647 2609 1715 2665 de
1740 2609 1848 2664 illis

236 2713 579 2782 ingemiscas,
605 2696 859 2779 quantum
890 2707 1030 2776 apud
1064 2707 1293 2776 teipsum
1325 2704 1588 2759 rationem
1620 2704 1767 2757 ineas
1794 2711 1847 2758 et

235 2801 478 2871 inquiras
509 2810 727 2869 propter
752 2813 998 2868 quamam
1043 2808 1259 2867 peccata
1291 2796 1485 2851 fratres
1513 2795 1588 2850 tui
1616 2796 1722 2849 sint
1752 2793 1849 2850 bo-

233 2900 371 2945 stes.
397 2888 514 2943 Non
540 2888 681 2958 quod
711 2903 902 2943 omnes
931 2898 1147 2957 propter
1174 2893 1387 2956 peccata
1414 2902 1444 2939 a
1470 2886 1724 2941 fratribus
1753 2900 1851 2956 op-

235 2990 542 3050 pugnentur
574 2997 586 3033 :
616 2978 817 3048 Ioseph
856 2978 1000 3033 enim
1047 2976 1452 3047 oppugnabatur
1483 2990 1516 3029 a
1554 2975 1846 3041 fratribus;

234 3088 411 3142 neque
438 3088 569 3126 sane
598 3083 813 3142 propter
845 3080 1102 3141 peccata:
1129 3079 1185 3127 et
1216 3069 1354 3125 Jobo
1389 3083 1524 3123 uxor
1560 3067 1851 3123 insidiaba-

236 3175 357 3231 tur;
383 3180 489 3218 non
514 3174 730 3233 propter
750 3172 969 3234 peccata
996 3171 1143 3218 certe
1165 3178 1179 3215 :
1204 3160 1299 3217 sed
1321 3159 1461 3231 quod
1489 3161 1644 3230 longe
1666 3160 1848 3229 plures

235 3256 489 3311 homines
510 3265 731 3326 propter
768 3264 982 3323 peccata
1020 3253 1160 3309 bella
1199 3252 1492 3308 habeamus
1526 3250 1845 3306 domestica.

232 3346 648 3415 Nonnumquam
690 3346 849 3400 etiam
891 3346 1048 3399 amici
1089 3346 1139 3400 in
1170 3344 1417 3400 inimicos
1455 3352 1849 3399 convertuntur

235 3446 457 3507 propter
502 3447 715 3506 peccata
740 3476 757 3502 ,
802 3444 857 3491 et
895 3437 987 3507 qui
1030 3436 1158 3490 olim
1201 3436 1482 3503 amabant,
1523 3435 1756 3491 oderunt
1794 3446 1849 3491 et

236 3539 586 3595 aversantur,
618 3528 731 3583 Deo
770 3528 873 3583 tale
912 3528 1097 3583 odium
1141 3527 1464 3583 immittente
1507 3538 1725 3598 propter
1754 3543 1849 3584 eas

234 3634 370 3690 quas
407 3619 556 3674 novit
601 3619 854 3673 rationes.
897 3618 972 3673 Ita
1016 3620 1161 3673 enim
1202 3619 1257 3674 in
1298 3618 1513 3675 Psalmo
1551 3620 1849 3675 centesimo

235 3722 431 3782 quarto
461 3711 719 3781 scriptum
748 3720 833 3765 est
857 3710 924 3765 de
963 3710 1230 3782 {Egyptiis
1263 3729 1277 3766 :
1305 3710 1604 3767 Convertisti
1633 3729 1721 3766 cor
1756 3729 1846 3767 eo—

233 3821 351 3858 rum
374 3815 432 3858 ut
458 3805 654 3858 adirent
681 3804 925 3875 populum
954 3806 1067 3875 ejus
1093 3805 1266 3875 (Psal.
1300 3806 1422 3861 104.
1451 3806 1567 3875 25).
1598 3806 1715 3862 Non
1743 3806 1843 3861 im-

236 3898 461 3952 missum
509 3907 688 3952 autem
724 3908 869 3953 esset
905 3913 935 3952 a
974 3899 1088 3953 Deo
1123 3899 1341 3966 odium,
1370 3900 1474 3954 nisi
1519 3899 1667 3969 prius
1706 3900 1848 3956 male

233 3999 531 4046 amasscnt.
566 3990 767 4058 Quibus
795 3990 942 4045 enim
968 3992 1201 4045 amicitia
1228 3991 1573 4062 comparabat
1598 3992 1844 4059 exitium,

234 4080 302 4137 iis
329 4082 515 4137 odium
546 4091 661 4136 erat
693 4082 906 4137 occasio
945 4082 1177 4137 virtutis.
1210 4081 1324 4137 imo
1357 4097 1512 4138 serva
1543 4097 1757 4153 quoque
1792 4090 1849 4138 et

234 4175 451 4231 subdita
482 4190 709 4245 corpora
748 4190 894 4246 sa'pe
936 4184 1159 4246 propter
1186 4184 1461 4245 peccatum
1504 4176 1847 4230 insurrexere

233 4269 289 4325 in
315 4268 616 4324 dominum.
654 4269 782 4325 Vide
811 4270 954 4325 enim
983 4269 1174 4334 Adam,
1201 4286 1324 4325 cum
1353 4271 1587 4325 nondum
1625 4284 1845 4341 peccas-

233 4370 338 4428 set,
370 4362 569 4417 bestias
599 4373 868 4430 tamquam
908 4377 1094 4419 servas
1118 4371 1172 4417 et
1195 4362 1507 4419 obedientes
1535 4354 1842 4429 habentem,

233 4463 285 4508 et
312 4453 392 4508 eis
425 4464 693 4524 tamquam
726 4454 901 4509 servis
928 4454 1143 4508 nomina
1182 4455 1544 4523 imponentem
1582 4452 1748 4528 (Gen.
1784 4452 1841 4507 2.

238 4544 349 4615 l9).
390 4544 677 4615 [’Ostqnam
717 4554 894 4599 autem
923 4556 1200 4615 aspectum
1233 4555 1455 4615 peccato
1479 4546 1841 4601 commacula-

234 4638 332 4701 vit,
362 4646 493 4693 tunc
520 4638 701 4692 bestia:
725 4652 848 4692 eum
876 4652 982 4691 non
1009 4638 1427 4713 cognoscebant,
1451 4646 1507 4693 et
1530 4654 1649 4708 qua:
1674 4653 1844 4694 serva:

233 4742 391 4787 erant
413 4732 463 4787 ei
485 4773 500 4795 ,
529 4731 711 4786 hostes
748 4741 1055 4787 evaserunt.
1094 4734 1172 4786 Ac
1204 4732 1656 4802 quemadmodum
1695 4732 1845 4786 canis

233 4823 324 4894 qui
357 4823 411 4877 in
441 4822 601 4877 domo
626 4833 727 4883 est.
754 4823 803 4877 ei
832 4822 1016 4888 servit,
1045 4824 1136 4893 qui
1161 4838 1283 4877 eum
1313 4823 1428 4888 alit,
1457 4831 1511 4879 et
1540 4839 1663 4879 eum
1693 4824 1846 4879 timet

232 4929 297 4968 ac
326 4912 608 4979 formidat,
639 4914 733 4968 sed
757 4916 801 4968 si
830 4928 955 4970 eum
984 4923 1208 4983 repente
1232 4915 1427 4969 viderit
1451 4916 1598 4970 vultu
1625 4915 1843 4988 fuligine

232 5012 409 5058 strato
435 5002 521 5059 vel
550 5012 916 5074 personatum,
948 5004 1255 5077 aggreditur
1286 5014 1554 5077 tamquam
1582 5007 1842 5077 alienum,

231 5104 287 5149 et
329 5111 453 5151 eum
493 5096 791 5151 dilacerare
835 5104 1005 5152 lentat
1032 5113 1049 5151 ε
1081 5098 1153 5152 ita
1192 5099 1356 5152 etiam
1384 5098 1639 5168 quamdiu
1669 5098 1841 5154 Adam

235 5204 430 5257 purum
475 5189 708 5243 servavit
749 5190 992 5257 vultum,
1034 5189 1233 5246 factum
1277 5190 1343 5246 ad
1385 5192 1672 5263 imaginem
1714 5194 1840 5262 Dei,

235 5280 422 5334 bestiae
456 5279 505 5334 ei
540 5288 599 5334 ut
641 5275 811 5335 servae
853 5282 1112 5352 parebant
1144 5300 1159 5337 :
1190 5283 1403 5353 quando
1428 5294 1606 5340 autem
1635 5286 1842 5342 vultum

234 5370 454 5427 fodatit
479 5370 862 5437 iuobedientia,
887 5389 992 5426 non
1014 5382 1369 5445 agnoscentes
1387 5374 1689 5444 dominum,
1713 5386 1843 5432 tam-

164 5522 173 5533 .
231 5474 393 5532 quam
431 5462 666 5517 alienum
693 5478 815 5518 eum
847 5464 973 5519 odio
1009 5464 1300 5522 habebant.
1342 5466 1633 5524 Servorum
1660 5470 1843 5541 itaque

233 5552 459 5609 rebellio
482 5562 565 5607 est
590 5565 929 5622 peccatorum
957 5558 1261 5614 retributio.
1287 5558 1471 5617 Justus
1491 5570 1610 5618 erat
1629 5563 1839 5633 Daniel,

232 5653 287 5699 et
314 5644 499 5698 leones
520 5644 639 5714 ejus
662 5658 997 5715 agnoverunt
1021 5648 1315 5705 dominium
1343 5650 1504 5724 (Dan.
1529 5654 1583 5710 6.
1609 5654 1723 5727 22).
1751 5656 1841 5712 Vi-

234 5733 425 5792 derunt
458 5751 583 5793 eum
614 5754 721 5794 non
750 5750 993 5811 gustasse
1021 5754 1297 5813 peccatum
1317 5786 1333 5810 ,
1362 5755 1563 5803 etcum
1591 5750 1839 5821 supplicii

293 5849 372 5916 (ιι)
402 5856 576 5905 tectam
596 5864 697 5905 non
716 5855 934 5919 reperio.
960 5862 1101 5909 Pot-te
1126 5870 1191 5910 ex
1213 5858 1353 5911 Eccli.
1378 5859 1458 5913 $6.
1482 5862 1534 5915 5.
1556 5875 1667 5929 seq.

1942 498 2219 563 expertem
2247 489 2597 560 reliquerunt.
2627 484 2877 541 Peccavit
2905 484 3167 556 propheta
3194 482 3472 546 mentitus,
3500 494 3554 537 et

1941 584 2029 639 leo
2071 598 2195 639 eum
2235 582 2288 637 in
2330 580 2416 635 via
2450 579 2727 635 inventum
2762 586 2945 634 morte
2971 576 3148 633 affecit
3176 577 3267 646 (5.
3302 576 3429 648 Reg.
3462 575 3549 630 15.

1940 676 2056 745 24).
2089 674 2221 729 Erat
2248 671 2513 728 mendacii
2545 670 2771 743 fuligine
2802 679 3042 733 atratus,
3076 676 3131 723 et
3173 667 3259 725 leo
3290 684 3412 723 eum
3446 681 3553 722 non

1942 768 2214 838 cognovit.
2247 766 2306 821 Si
2345 764 2662 837 prophetam
2693 763 2947 829 vidisset,
2986 772 3046 817 ut
3090 762 3360 817 Daniclem
3384 803 3401 829 ,
3429 777 3557 817 eum

1945 865 2263 917 honorasset
2294 877 2308 914 :
2342 859 2546 914 invenit
2587 857 3115 929 pseudOprophetam
3136 897 3151 922 ,
3186 864 3241 911 et
3282 866 3557 926 tamquam

1945 957 2177 1012 alienum
2210 954 2426 1010 invasit.
2461 952 2719 1007 Dominus
2749 949 3005 1005 mentitus
3030 957 3131 1009 est.
3166 956 3220 1003 et
3246 961 3438 1004 servus
3464 962 3560 1001 ne.

1941 1048 2088 1119 gavit
2111 1046 2432 1102 dominium.
2476 1045 2543 1099 Et
2577 1042 2707 1114 quid
2739 1042 2864 1096 dico
2902 1040 2970 1095 de
3013 1039 3171 1094 malis
3209 1037 3558 1101 domesticis,

1943 1139 2161 1211 quando
2188 1139 2361 1209 ipsum
2391 1138 2552 1193 etiam
2590 1148 2833 1191 nostrum
2864 1150 3083 1205 corpus,
3113 1134 3256 1205 quod
3286 1140 3371 1189 est
3402 1132 3559 1190 nobis

1946 1217 2197 1286 omnibus
2226 1228 2539 1285 familiarius
2575 1239 2631 1283 et
2667 1228 2846 1283 carius
2871 1268 2884 1290 ,
2919 1226 3247 1297 quandoque
3276 1225 3559 1280 nobiscum

1947 1321 2295 1393 peccantibus
2330 1320 2529 1375 bellum
2560 1320 2727 1390 gerit.
2756 1334 2854 1389 per
2886 1318 3065 1373 febres
3085 1360 3098 1385 ,
3130 1317 3352 1373 morbos
3380 1325 3435 1373 et
3459 1316 3561 1372 do-

1948 1415 2092 1469 lores
2134 1428 2231 1468 nos
2276 1428 2629 1483 oppugnans,
2680 1427 2743 1467 ac
2790 1427 3007 1465 servum
3053 1426 3250 1479 corpus
3289 1410 3564 1464 dominam

1946 1508 2183 1559 animam
2214 1520 2333 1575 qua:
2368 1504 2612 1575 peccavit
2650 1503 2884 1572 flagellat
2906 1545 2920 1569 ,
2955 1518 3061 1557 non
3094 1503 3237 1571 quod
3270 1503 3373 1557 hoc
3402 1503 3565 1569 velit,

1948 1597 2045 1652 sed
2075 1596 2218 1668 quod
2258 1596 2363 1651 hoc
2399 1596 2653 1667 jubeatur
2684 1595 2897 1651 facere?
2930 1596 3099 1665 Hujus
3131 1596 3281 1651 testis
3304 1605 3386 1651 est
3409 1595 3557 1650 Chri.

1948 1684 2084 1753 stus,
2113 1689 2204 1759 qui
2226 1699 2412 1744 curato
2440 1688 2571 1743 dicit
2600 1689 2893 1759 paralytico
2917 1706 2930 1741 :
2958 1688 3090 1743 Ecce
3112 1705 3270 1743 sanus
3296 1692 3464 1761 factus
3490 1704 3564 1751 es,

1950 1780 2055 1833 noli
2098 1779 2320 1849 amplius
2361 1796 2602 1849 peccare,
2646 1796 2710 1833 ne
2750 1780 2873 1850 quid
2914 1779 3137 1835 deterius
3181 1780 3270 1833 tibi
3309 1781 3569 1851 contingat

1951 1870 2129 1940 (Joan.
2161 1871 2214 1930 5.
2248 1872 2361 1941 M).
2392 1872 2525 1925 tium
2563 1887 2691 1941 ergo
2720 1871 3096 1938 didicerimus,
3131 1872 3342 1934 fratres,
3376 1871 3569 1927 dome-

1949 1964 2104 2027 stica,
2137 1962 2389 2018 intestina
2416 1972 2470 2018 et
2497 1963 2709 2017 servilia
2741 1964 2898 2026 bella,
2926 1972 2982 2018 et
3012 1966 3234 2019 morbos
3260 1965 3421 2019 etiam
3450 1980 3570 2018 cor-

1952 2055 2097 2126 poris
2124 2070 2270 2126 smpe
2296 2056 2545 2111 accidere
2578 2071 2673 2126 per
2705 2052 2983 2125 peceatum
3007 2100 3020 2123 ,
3056 2068 3335 2127 peccatum
3365 2057 3570 2113 fontem

1954 2149 2216 2204 malorum
2247 2149 2604 2220 reprimamus
2634 2166 2649 2205 :
2679 2159 2733 2205 et
2773 2150 2817 2204 si
2860 2159 3129 2207 torrentes
3159 2152 3325 2206 animi
3358 2162 3572 2221 pertur-

1957 2239 2232 2293 bationum
2260 2255 2367 2294 non
2401 2240 2591 2305 fluunt,
2623 2240 2769 2295 fluvii
2801 2252 2980 2297 ιειιιιειι
3008 2258 3268 2313 aquarum
3303 2244 3396 2299 Dei
3424 2244 3572 2299 oble-

1951 2340 2098 2384 ctant
2126 2330 2365 2386 animum
2386 2334 2425 2385 ί.
2457 2331 2721 2400 Quooiam
2755 2348 2883 2403 ergo
2927 2335 3092 2388 David
3115 2336 3423 2404 mulierem,
3454 2353 3573 2403 «tua:

1953 2432 2070 2478 erat
2116 2423 2167 2478 in
2212 2424 2389 2478 mariti
2431 2434 2734 2494 potestate,
2771 2436 3041 2496 tamquam
3078 2427 3313 2482 alienum
3350 2445 3573 2499 regnum

1957 2526 2317 2589 occupaverat
2346 2517 2598 2591 (cuilibet
2626 2520 2771 2575 enim
2813 2521 2929 2575 viro
2970 2536 3193 2592 regnum
3222 2531 3306 2577 est
3341 2538 3575 2578 concors

1954 2610 2155 2680 conjux
2177 2652 2192 2677 ,
2224 2620 2279 2666 et
2316 2626 2422 2665 non
2454 2613 2532 2667 sic
2568 2628 2663 2667 rex
2695 2628 2985 2682 purpuram
3016 2624 3070 2668 et
3098 2614 3343 2670 diadema
3363 2656 3379 2683 ,
3411 2625 3467 2669 nt
3496 2617 3577 2670 vir

1955 2717 2179 2758 uxorem
2207 2704 2401 2775 diligit)
2428 2722 2441 2761 :
2472 2715 2757 2774 propterea
2786 2706 2877 2775 qui
2903 2722 2973 2762 ex
3001 2723 3169 2763 uxore
3201 2719 3357 2763 natus
3383 2708 3432 2764 ei
3458 2720 3577 2765 erat

1956 2796 2133 2864 filius,
2169 2798 2459 2853 iusurrexit
2499 2806 2756 2868 tyrannus
2782 2840 2796 2863 ,
2839 2799 3029 2855 volens
3067 2801 3308 2870 arripere
3348 2818 3573 2873 regnum

1958 2892 2146 2961 patris.
2182 2891 2241 2945 Vi
2270 2891 2466 2960 rapuit,
2494 2900 2547 2946 et
2574 2892 2680 2945 vim
2712 2905 2901 2961 passus
2924 2902 3009 2947 est
3036 2910 3050 2947 :
3073 2902 3129 2949 et
3150 2894 3240 2961 qui
3266 2892 3569 2948 clanculum

1958 2991 2305 3053 peccaverat,
2339 2982 2409 3038 de
2437 2998 2502 3039 eo
2528 2986 2704 3054 palam
2735 2984 3040 3055 triumphus
3072 2996 3224 3041 actus
3252 2996 3337 3044 est
3357 3029 3373 3054 ,
3399 2998 3455 3045 et
3482 2989 3574 3061 qui

1956 3082 2074 3130 erat
2118 3074 2169 3127 in
2209 3075 2424 3129 occulto
2467 3076 2778 3132 vulneratus
2805 3119 2820 3141 ,
2852 3077 3093 3148 chirurgi
3133 3095 3351 3134 manum
3392 3095 3573 3135 coram

1955 3165 2207 3219 omnibus
2242 3180 2431 3234 passus
2461 3180 2542 3220 est
2566 3209 2579 3233 ,
2612 3166 2663 3221 id
2695 3179 2919 3224 curante
2949 3168 3059 3223 Deo
3086 3170 3173 3241 qui
3205 3169 3417 3226 dixerat
3449 3190 3462 3225 :
3493 3169 3573 3226 Tu

1954 3257 2117 3324 fecisti
2146 3257 2197 3311 in
2226 3257 2523 3311 abscondito
2554 3274 2573 3312 :
2599 3275 2689 3329 ego
2720 3269 2887 3313 autent
2919 3264 3109 3329 faciam
3138 3263 3190 3315 in
3217 3274 3415 3334 aperto,
3447 3275 3497 3319 et
3524 3265 3575 3319 in

1953 3357 2225 3419 conspectu
2261 3350 2385 3404 solis
2421 3350 2577 3420 hujus
2608 3349 2698 3421 (2.
2729 3350 2859 3423 Reg.
2905 3352 2992 3407 12.
3029 3352 3152 3424 12).
3183 3355 3470 3412 Absalonis
3500 3366 3576 3413 ta-

1954 3454 2079 3495 men
2111 3441 2292 3495 scelus
2320 3456 2425 3495 non
2458 3443 2505 3496 ei
2532 3441 2601 3497 ad
2638 3442 2799 3497 finem
2838 3459 3006 3515 usque
3048 3449 3351 3515 processit:
3379 3460 3434 3503 et
3462 3466 3574 3505 me-

1955 3536 2080 3598 rito,
2116 3549 2185 3590 ne
2213 3535 2496 3606 parricida:
2528 3535 2631 3592 hoc
2660 3535 2869 3592 facinus
2900 3546 3149 3594 tenerent
3181 3554 3278 3608 pro
3309 3540 3425 3612 lege
3458 3557 3551 3611 par

1954 3626 2149 3681 rieidii.
2184 3625 2317 3680 Cum
2358 3638 2537 3683 autem
2569 3638 2630 3683 ut
2656 3628 2900 3684 carnifex
2930 3629 3313 3695 deserviisset,
3352 3641 3410 3687 ut
3452 3648 3576 3690 reus

1956 3716 2267 3772 interfectus
2298 3729 2381 3773 est
2404 3760 2418 3783 ,
2452 3729 2508 3773 ut
2537 3719 2626 3789 qui
2661 3730 2808 3775 esset
2843 3720 3127 3775 damnatus
3159 3740 3173 3775 ε
3201 3732 3256 3777 et
3283 3724 3421 3778 sicut
3446 3742 3564 3797 qua

1954 3806 2007 3860 in
2037 3806 2262 3862 theatris
2290 3808 2614 3863 exhibentur
2644 3808 2773 3865 ferte
2792 3851 2807 3877 ,
2837 3812 2974 3866 alios
3014 3812 3229 3880 quidem
3277 3815 3568 3882 invadunt,

1953 3897 2022 3952 ab
2049 3897 2170 3953 aliis
2196 3912 2325 3953 vero
2351 3898 2746 3955 interficiuntur
2772 3919 2785 3955 :
2814 3902 2886 3956 ita
2927 3903 3091 3957 etiam
3130 3904 3364 3960 Absalon
3408 3907 3572 3961 Davi-

1953 3989 2077 4045 dem
2102 4004 2390 4060 aggressus
2414 4033 2428 4056 ,
2457 4006 2484 4045 a
2513 3991 2650 4046 Joab
2676 3993 2891 4048 occisus
2917 4003 3002 4048 est
3022 4034 3038 4061 ,
3071 4004 3125 4049 et
3152 3996 3206 4049 in
3234 3996 3450 4051 sublimi
3481 4013 3574 4053 ar~

1953 4079 2086 4134 bore
2113 4096 2408 4150 suspensus
2433 4090 2520 4137 est
2546 4082 2625 4154 (2.
2653 4082 2787 4155 Reg.
2820 4084 2907 4140 l8.
2940 4086 3052 4155 14).
3081 4088 3172 4157 qui
3200 4087 3456 4144 adversus
3484 4103 3578 4160 pa-

1957 4183 2093 4229 trem
2140 4174 2490 4245 erigebatur;
2522 4186 2577 4231 et
2611 4191 2642 4230 a
2683 4177 2862 4247 planta
2908 4178 3279 4247 detinebatur,
3315 4182 3405 4252 qui
3450 4197 3573 4237 cum

1952 4265 2135 4321 radice
2161 4266 2427 4337 pugnabat
2458 4285 2471 4322 :
2496 4269 2705 4324 vinctus
2729 4277 2847 4324 erat
2871 4284 2901 4324 a
2932 4285 3084 4325 ramo
3110 4285 3313 4337 ramus,
3341 4274 3433 4343 qui
3459 4286 3577 4329 erat

1952 4372 1984 4413 a
2026 4367 2251 4429 paterna
2294 4359 2580 4416 affectione
2616 4360 2914 4432 abruptus,
2945 4368 2996 4418 et
3035 4363 3210 4431 capite
3250 4365 3572 4433 tenebatur,

1952 4452 2042 4523 qui
2073 4451 2332 4522 genitoris
2361 4464 2522 4523 caput
2550 4454 2763 4510 auferre
2791 4455 3171 4522 contendebat,
3204 4471 3269 4512 ac
3296 4466 3571 4529 tamquam

1950 4542 2161 4601 fructus
2203 4545 2471 4615 pendebat
2511 4546 2580 4602 ab
2621 4547 2855 4613 arbore,
2895 4549 2987 4618 qui
3032 4558 3238 4605 natura:
3280 4552 3572 4621 agricolam

1952 4635 2168 4691 volebat
2204 4638 2541 4705 exscindere,
2571 4648 2627 4694 et
2656 4638 2708 4692 in
2738 4638 2901 4695 corde
2938 4639 3120 4710 jaculo
3152 4641 3437 4698 confossus
3465 4651 3570 4710 est,

1952 4725 2061 4783 illic
2105 4729 2337 4795 occisus,
2371 4730 2461 4785 ubi
2488 4731 2690 4786 eaedem
2724 4733 2965 4802 parabat.

2026 4820 2298 4877 Absalonis
2346 4824 2610 4892 pernicies.
2648 4853 2724 4863 —
2760 4824 2825 4879 Et
2877 4834 3003 4881 tunc
3054 4824 3239 4882 videre
3289 4835 3404 4883 erat
3447 4843 3573 4900 spe-

1953 4914 2222 4969 ctaculum
2269 4914 2604 4971 admirabile.
2657 4915 2801 4970 Muto
2841 4916 2986 4972 enim
3031 4917 3311 4988 cquitans,
3358 4934 3425 4975 ex
3472 4935 3570 4975 cs-

1954 5008 2204 5077 pillorum
2247 5022 2402 5064 coma
2446 5024 2474 5063 a
2518 5024 2672 5068 coma
2715 5008 2925 5066 arboris
2969 5010 3283 5077 tenebatur,
3321 5020 3377 5068 et
3410 5027 3572 5069 coma

1951 5098 2169 5154 tenebat
2197 5113 2350 5154 coma
2393 5110 2677 5171 tyrannum
2701 5141 2717 5167 ,
2761 5100 2868 5155 illic
2908 5116 3032 5156 eum
3070 5102 3444 5169 contundens,
3480 5104 3571 5159 ubi

1949 5188 2198 5245 diadema
2226 5200 2509 5261 paternum
2535 5202 2749 5263 gestare
2775 5192 3154 5249 contendebat.
3197 5193 3415 5250 Poterat
3439 5210 3570 5268 ergo

1950 5280 2121 5337 videri
2151 5281 2386 5337 Absalon
2410 5296 2705 5353 suspensus
2732 5282 2783 5337 in
2812 5283 2993 5339 medio
3018 5283 3136 5339 caeli
3162 5293 3217 5339 et
3245 5292 3423 5340 terra.
3453 5288 3570 5342 Cte-

1950 5371 2064 5428 lum
2103 5388 2228 5429 cum
2268 5390 2377 5430 non
2408 5374 2725 5430 admittebat
2754 5394 2769 5430 :
2798 5375 2845 5431 si
2873 5376 3016 5431 enim
3050 5376 3280 5445 primum
3311 5378 3568 5434 rebellem

1951 5466 2113 5537 cjecit
2135 5466 2434 5536 diabolum,
2463 5468 2736 5539 quomodo
2765 5468 2939 5538 ipsum
2975 5468 3232 5523 rebellem
3269 5470 3567 5527 secundum

1953 5558 2299 5616 admisisset?
2328 5560 2496 5617 Terra
2524 5576 2649 5617 eum
2684 5561 3056 5629 aversabatur,
3087 5579 3194 5618 non
3226 5562 3406 5621 ferens
3445 5566 3565 5637 pol-

2016 5742 2032 5774 ¹
2072 5747 2192 5815 neg.
2210 5727 2459 5815 negavi!”
2482 5749 2542 5815 et
2570 5745 2825 5815 torrentes.
2850 5739 3273 5813 perturbaturum:
3295 5741 3448 5815 animi
3470 5754 3567 5795 non

1947 5801 2116 5869 ﬂuent,
2134 5801 2222 5855 Sed
2244 5801 2454 5869 ﬂumina
2487 5804 2761 5857 divinorum
2808 5801 3045 5856 bottom:
3082 5804 3191 5868 ejus
3214 5803 3455 5857 cititatem
3472 5818 3558 5857 seu

1950 5864 2164 5918 manum
2185 5865 2441 5918 oblectant.

2020 6010 2117 6042 τί.
