4070 6430
538 376 606 430 39
1284 362 1340 417 s.
1383 330 1659 417 sumius
1696 349 2176 411 cunvsosroziu
2217 332 2537 404 ARCHIEP.
2569 345 3110 404 CONSTANTINOP.
3774 346 3844 396 to

533 488 609 544 lui
640 480 918 554 parricida:
949 479 1158 549 plantis.
1186 477 1247 547 Si
1273 474 1413 529 enim
1454 468 1660 525 Dathan
1690 466 1964 523 devoravit
1990 508 2003 532 ,
2032 464 2122 535 qui

531 584 719 631 etnitra
750 572 930 628 Mosen
957 580 1072 643 erat
1114 570 1399 639 loquutus,
1419 575 1472 618 et
1498 578 1559 618 os
1588 577 1741 617 suum
1779 561 1988 629 aperuit
2024 557 2121 612 ad-

532 678 723 721 versus
756 676 879 717 eum
919 661 1007 730 qui
1049 674 1109 712 os
1148 656 1390 726 improbe
1429 648 1711 723 aperuerat
1751 649 1951 721 (Num.
1985 648 2120 720 lli).

533 752 806 831 quomodo
851 752 1111 822 potuisset
1158 747 1299 803 ferre
1345 746 1507 816 pedes
1548 752 1827 800 currentes
1871 741 2127 831 adversus

451 853 466 867 ”’
536 830 874 917 genitorem?
906 842 1039 897 Cum
1075 854 1203 909 ergo
1232 837 1474 893 sublimis
1511 835 1563 888 in
1603 834 1794 889 arbore
1836 830 2125 902 penderet,

535 954 656 993 eum
696 950 977 1008 aggressus
1014 940 1099 988 est
1134 930 1268 986 Joab
1294 930 1399 985 dux
1426 928 1694 985 exercitus
1712 968 1729 991 ,
1756 935 1810 981 et
1836 927 1889 980 in
1915 940 2009 980 cor
2030 939 2127 979 ex-

536 1030 714 1087 cordis
743 1037 853 1085 tres
891 1026 1110 1097 sagittas
1136 1024 1326 1086 inﬁxit,
1357 1023 1467 1076 illic
1490 1037 1611 1075 eum
1650 1018 1867 1082 feriens,
1895 1018 1982 1071 ubi
2013 1026 2129 1071 erat

538 1098 931 1190 receptaculum
962 1114 1289 1187 iniquitatis,
1319 1126 1366 1168 et
1406 1128 1526 1168 cum
1564 1113 1614 1164 in
1655 1110 1849 1164 arbore
1888 1109 2129 1163 sublimis

541 1214 816 1283 penderet,
836 1209 1124 1280 pulchrum
1144 1204 1468 1278 epitaphium
1491 1204 1538 1256 ei
1565 1202 1725 1257 David
1749 1200 1943 1256 cecinit
1967 1217 1980 1253 :
2015 1197 2130 1253 Vidi

538 1306 752 1375 impium
776 1302 1206 1373 superexaltatum
1227 1309 1273 1352 et
1299 1297 1540 1351 eleuatum
1562 1296 1691 1348 sicut
1711 1296 1888 1347 cedros
1915 1292 2092 1346 Libani
2117 1307 2129 1345 :

536 1408 581 1450 et
608 1397 816 1449 transivi
834 1436 848 1458 ,
883 1402 929 1447 et
974 1409 1086 1446 ecce
1117 1408 1216 1445 non
1252 1400 1357 1446 erat
1381 1390 1401 1460 (
1429 1387 1569 1441 Psal.
1608 1387 1698 1443 36.
1729 1386 1859 1455 55).
1891 1382 2132 1437 Psalmn:

536 1487 724 1547 Daritl,
752 1484 953 1554 quando
976 1482 1195 1553 fugiebat
1225 1497 1257 1533 a
1285 1480 1418 1551 facie
1438 1478 1666 1531 *Absalau
1692 1476 1787 1545 ﬁlii
1811 1473 1909 1529 sui.
1938 1472 2124 1544 Fugie-

539 1578 625 1630 bat
652 1586 851 1639 autem,
878 1589 989 1635 non
1018 1581 1075 1626 ut
1095 1571 1183 1641 qui
1214 1571 1442 1634 timeret,
1468 1569 1559 1621 sed
1589 1576 1646 1621 ut
1669 1566 1756 1636 qui
1784 1564 1949 1619 lilium
1976 1578 2129 1618 cave-

539 1675 622 1722 ret
646 1665 892 1720 occidere
918 1682 929 1716 :
960 1656 1155 1717 etenim
1184 1659 1434 1729 parcebat
1463 1668 1730 1726 tamquam
1759 1656 1889 1720 lilio,
1918 1652 2012 1708 sed
2042 1654 2129 1722 qui

536 1773 659 1813 cum
687 1773 752 1812 eo
779 1765 933 1810 erant
956 1770 1064 1807 non
1093 1759 1441 1823 pepercerunt
1462 1760 1728 1818 tamquam
1751 1746 1956 1800 rebelli.
1981 1744 2133 1799 Unde

543 1848 729 1910 David,
754 1862 872 1901 cum
898 1845 1035 1898 illius
1055 1860 1175 1899 eum
1199 1849 1625 1914 persequeretur,
1644 1845 1699 1891 et
1717 1844 1934 1906 propter
1958 1835 2131 1904 ipsum

538 1939 714 1993 Semei
742 1952 863 1991 eum
907 1934 1202 1989 maledictis
1241 1932 1610 1993 insectaretur,
1641 1929 1756 1997 ipse
1792 1924 2006 1996 quidem
2035 1940 2131 1993 pa-

540 2026 721 2085 tientia
767 2042 892 2081 nsus
920 2035 1003 2080 est
1030 2026 1045 2094 (
1070 2025 1124 2079 2.
1159 2024 1281 2092 Reg.
1312 2020 1420 2091 16)
1446 2038 1458 2072 :
1490 2018 1740 2089 quoniam
1772 2026 1951 2071 autem
1982 2016 2133 2069 multi

542 2122 801 2175 adversus
826 2134 946 2173 eum
974 2114 1399 2175 otfendebantur,
1429 2120 1481 2166 et
1509 2110 1739 2165 maxime
1766 2108 1856 2178 qui
1882 2121 1988 2161 una
2014 2121 2132 2161 cum

544 2210 809 2264 Ahsalone
835 2206 1180 2276 insurgebant
1203 2243 1218 2267 ,
1247 2212 1299 2257 et
1326 2202 1577 2266 deinceps
1602 2199 1861 2253 adversus
1887 2212 2006 2252 eum
2033 2197 2134 2249 eri-

454 2348 459 2349 ,
541 2302 804 2371 gehantur
852 2307 1121 2365 tamquam
1171 2293 1348 2347 divina
1403 2290 1733 2359 providentia
1779 2289 2130 2349 destitutum,

542 2394 781 2448 dicentes
806 2390 1096 2461 :,Dcsertus
1118 2402 1258 2441 nunc
1288 2384 1448 2439 David
1474 2384 1675 2451 abstine
1697 2381 1899 2435 auxilio
1929 2381 2137 2450 penitus

542 2497 653 2548 εει,
695 2497 835 2537 nunc
860 2482 990 2535 diser
1008 2481 1104 2534 ssit
1132 2479 1199 2533 ab
1227 2493 1292 2532 eo
1320 2477 1457 2530 Deus
1480 2518 1493 2540 ,
1527 2484 1581 2528 nt
1608 2474 1766 2527 etiam
1796 2471 2080 2542 aliquando
2106 2486 2135 2524 a

542 2577 704 2632 Saﬁle
730 2593 745 2641 ;
772 2572 1218 2644 quemadmodum
1258 2571 1398 2625 enim
1432 2580 1557 2623 tunc
1592 2568 1837 2623 discessit
1869 2582 1897 2620 a
1937 2565 2095 2623 Sahle
2120 2608 2134 2628 ,

543 2680 596 2724 et
625 2667 720 2722 fuit
744 2683 865 2722 eum
905 2665 1099 2729 David,
1135 2664 1203 2716 ita
1233 2678 1373 2716 nunc
1402 2658 1647 2715 discessit
1679 2676 1710 2714 a
1749 2658 1945 2723 David,
1977 2668 2031 2713 et
2058 2668 2139 2712 est

544 2777 665 2816 cum
710 2760 978 2815 Absalone
1007 2776 1020 2811 :
1053 2759 1388 2826 insnrgamus
1415 2796 1428 2818 ,
1466 2754 1777 2808 invadamus
1798 2794 1810 2816 ,
1844 2768 1949 2807 non
1979 2762 2061 2807 est
2087 2754 2134 2807 ei

542 2852 687 2908 salus
717 2853 766 2906 in
794 2852 903 2906 Deo
932 2869 944 2904 :
974 2850 1222 2920 quoniam
1245 2892 1259 2913 ,
1291 2848 1503 2917 inquam
1526 2888 1540 2911 ,
1568 2847 1684 2901 htec
1708 2845 1988 2911 dicebant’,
2022 2846 2088 2899 ha
2108 2861 2137 2901 c

548 2945 813 3014 indignius
840 2941 1019 2998 ferens
1047 2940 1230 3001 David.
1265 2956 1422 3008 quam
1454 2940 1543 2992 lilii
1582 2938 1828 3004 insultus,
1858 2930 2023 2993 Deum
2053 2939 2136 2991 in—

544 3046 778 3106 terrogat
802 3053 814 3087 :
836 3034 889 3088 ἓ.
918 3033 1153 3097 Domine,
1177 3033 1298 3101 quid
1320 3031 1639 3100 multiplicati
1659 3040 1774 3084 sunt
1795 3031 1879 3101 qui
1900 3030 2138 3083 tribulam

548 3128 666 3181 me?
688 3125 1086 3194 Circumseptus
1116 3138 1232 3177 sum
1265 3122 1664 3183 tentationibus,
1694 3120 1999 3174 cirt'umdor
2027 3131 2136 3174 tor-

546 3218 787 3271 rentibus
815 3215 1098 3276 malornm,
1123 3213 1400 3267 descendit
1430 3211 1722 3281 periculosa
1758 3214 1953 3281 pluvia,
1982 3227 2141 3266 vene-

546 3314 674 3362 runt
716 3307 934 3360 ﬂumina
976 3306 1245 3371 hostium,
1282 3304 1425 3357 venti
1472 3305 1821 3373 malignorum
1860 3306 2139 3374 spirituum

551 3398 923 3462 insufﬂarunt,
953 3398 1005 3451 in
1050 3412 1224 3452 meam
1261 3397 1477 3450 donnuu
1528 3401 1862 3468 irruperunt,
1908 3402 2142 3456 volentes

550 3490 780 3544 animam
810 3503 980 3543 meam
1011 3503 1039 3541 a
1070 3498 1119 3544 te
1143 3488 1437 3554 dimovere,
1468 3489 1560 3543 sed
1586 3487 1839 3545 fundatus
1864 3506 2022 3560 supra
2049 3508 2139 3563 pe—

550 3595 687 3636 tram
720 3581 862 3643 lidei,
891 3597 996 3635 non
1025 3581 1179 3645 cado,
1210 3581 1301 3636 sed
1336 3581 1644 3650 procumbo,
1676 3593 1732 3637 ut
1758 3583 1959 3639 discam
1990 3603 2002 3639 :
2034 3585 2139 3639 Do-

543 3674 713 3738 mine,
738 3673 858 3741 quid
895 3672 1214 3740 multiplicati
1246 3682 1360 3725 sunt
1398 3673 1482 3741 qui
1526 3673 1765 3727 tribulam
1804 3676 1918 3728 me?
1943 3676 2040 3743 Qui
2068 3692 2136 3732 ex

538 3781 635 3821 .rue
661 3764 871 3834 genitus
896 3774 997 3829 est,
1022 3771 1207 3818 contra
1237 3781 1319 3816 me
1346 3773 1448 3830 est,
1478 3764 1571 3820 sed
1604 3774 1658 3819 tu
1686 3780 1745 3820 es
1770 3782 1865 3836 pro
1891 3783 1994 3822 me.
2026 3768 2138 3823 Mea

550 3871 758 3912 mecum
805 3856 1010 3910 Yl:0t}l‘3
1056 3855 1248 3909 hellmn
1292 3866 1479 3925 gerunt
1517 3871 1713 3923 :imeus
1754 3859 1977 3928 populus
2023 3871 2141 3929 post

552 3948 894 4007 Absalonem,
926 3961 1076 3999 meus
1100 3954 1282 3999 contra
1309 3962 1393 3999 me
1422 3954 1659 4001 armatur
1686 3937 1973 4007 exercitus.
2000 3953 2137 4006 Oves

546 4055 687 4093 niese
721 4038 832 4107 lupi
876 4036 1001 4091 iacti
1042 4048 1191 4103 sunt,
1224 4044 1279 4090 et
1320 4037 1502 4092 leones
1540 4040 1656 4109 agni
1678 4080 1694 4107 ,
1725 4048 1777 4093 et
1805 4055 1964 4095 canes
1994 4043 2140 4097 rabie

553 4130 739 4199 perciti
776 4128 965 4198 agnelli
990 4170 1003 4192 ,
1034 4138 1087 4181 et
1126 4128 1260 4182 tauri
1294 4144 1458 4183 cornu
1499 4139 1740 4199 petentes
1769 4133 1964 4187 arietes
1992 4150 2004 4184 :
2034 4149 2138 4188 non

555 4234 772 4296 propter
808 4223 1068 4293 meipsum
1107 4224 1310 4287 ailieior
1345 4224 1553 4280 tristitia
1576 4266 1591 4293 ,
1621 4224 1713 4281 sed
1746 4226 1958 4280 illorum
1986 4226 2140 4281 doleo

552 4316 774 4373 exitium
801 4316 839 4368 ¹.

859 4407 1220 4464 EXPOSITIO
1269 4407 1333 4463 IN
1390 4407 1710 4465 PSALMUM
1760 4408 1849 4463 IV.

552 4500 677 4554 Cum
696 4500 1000 4564 invocarem,
1016 4500 1267 4553 exaudivit
1287 4516 1366 4554 me
1386 4499 1520 4554 Deus
1535 4502 1754 4571 justitite
1775 4516 1901 4555 mea:
1916 4503 1937 4533 ²
1964 4501 2031 4572 (υ.
2054 4502 2134 4572 2).

626 4593 676 4645 Ι.
714 4589 960 4645 Precaudi
988 4605 1130 4644 uerus
1172 4591 1371 4645 modus.
1401 4620 1471 4631 ——
1505 4590 1619 4646 Non
1668 4593 1783 4647 haec
1825 4592 1957 4648 dicit
2008 4608 2135 4663 pro-

556 4684 735 4753 pheta,
776 4691 835 4737 ut
870 4684 1042 4736 solum
1071 4682 1424 4753 intelligamus
1449 4699 1569 4739 eum
1592 4682 1757 4740 fuisse
1782 4684 2093 4741 exauditam
2120 4704 2131 4739 :

552 4774 647 4829 sed
701 4782 759 4829 ut
809 4773 1077 4829 discamus
1115 4774 1383 4844 quomodo
1406 4774 1508 4843 ipsi
1535 4790 1765 4846 quoque,
1797 4776 1963 4831 Deum
1991 4778 2137 4831 invo-

551 4876 759 4937 cantes,
778 4866 893 4920 cito
932 4866 1223 4935 poterimus
1270 4866 1531 4932 exaudiri,
1576 4875 1629 4920 et
1657 4868 1968 4923 ante'linem
2017 4883 2135 4923 ora-

552 4958 712 5014 tionis
759 4956 1080 5028 posmlatum
1124 4958 1396 5026 consequi.
1423 4955 1539 5011 Non
1587 4956 1721 5013 dixit
1748 4958 1937 5012 enim:
1985 4957 2133 5013 Post—

550 5063 710 5117 quam
733 5062 831 5117 ego
848 5047 1110 5114 invocavi,
1134 5048 1401 5102 exaudivit
1416 5063 1499 5103 me
1519 5065 1533 5113 ;
1564 5048 1680 5115 sed,
1696 5048 2132 5104 Cuminvocarem.

550 5139 679 5198 Nam
710 5139 872 5208 ipsius
900 5153 1109 5208 quoque
1152 5139 1242 5193 Dei
1271 5148 1355 5194 est
1381 5140 1644 5209 ejusmodi
1692 5141 1980 5212 promissio
2006 5142 2132 5197 dum

548 5230 741 5285 alicubi
763 5230 887 5283 dicit
909 5230 960 5283 ei
980 5230 1068 5299 qui
1098 5229 1305 5283 invocat
1329 5248 1341 5283 :
1366 5229 1438 5284 Te
1465 5232 1629 5284 adhuc
1668 5232 1900 5303 loquente
1925 5233 2091 5287 dicam
2115 5252 2132 5288 :

559 5323 690 5377 Ecce
717 5323 896 5377 adsum
925 5320 1078 5392 (Isai.
1114 5321 1204 5379 58.
1241 5323 1322 5393 9).
1350 5322 1465 5378 Non
1506 5324 1644 5380 solet
1693 5326 1837 5381 enim
1872 5326 1981 5382 Deo
2008 5342 2131 5397 per-

613 5438 638 5507 ξ
670 5442 807 5508 tt_eg._,
831 5434 918 5508 sed
932 5433 1125 5508 illorum
1139 5436 1520 5508 demeritum,
1536 5436 1763 5508 benedice
1782 5438 1869 5491 tibi
1884 5439 2128 5492 salvatori.

550 5497 1882 5613 aaraaam:zraazam‘ame
1900 5510 1996 5554 °‘°‘
2021 5511 2133 5563 0⁸³³⁸

551 5570 795 5609 concInSto
816 5570 941 5607 naua
962 5570 1112 5609 uume
1133 5572 1161 5608 a
1186 5570 1379 5611 ltDt'at'lo
1399 5570 1558 5612 addita
1575 5571 1668 5613 est.

618 5623 1037 5694 'Chrrsostomps
1070 5622 1409 5694 illud‘acciplt
1443 5625 1586 5694 intra,
1630 5628 1787 5694 quasi
1818 5638 1997 5694 sensus
2034 5629 2102 5694 sit
2129 5643 2138 5676 :

554 5681 812 5739 ιταιιάίιᾱὶι
825 5681 1036 5748 justitiw
1055 5697 1176 5735 mea:
1200 5681 1428 5749 (gratia),
1456 5681 1713 5745 εἰσήιιοιίσε
1733 5693 1818 5745 τῆς
1842 5690 2143 5748 δικαιοσύνης

501 5793 519 5811 ο
560 5790 655 5835 μου
679 5774 869 5839 (χάριν).
901 5774 1051 5825 Hebr.
1078 5774 1212 5853 νρπ
1250 5752 1402 5835 735R,
1432 5775 1556 5828 Deus
1570 5772 1690 5839 just.
1721 5787 1857 5825 metu
2010 5780 2013 5783 ‘
2082 5774 2087 5777 “

2240 461 2467 517 suadere
2507 460 2790 517 verborum
2844 461 3167 523 multitudo,
3225 460 3318 515 sed
3350 474 3479 530 pura
3522 462 3699 515 anima
3725 500 3739 524 ,
3786 470 3842 513 et

2235 556 2497 610 bonorum
2547 570 2770 626 operum
2819 556 3076 610 ostensio.
3131 553 3223 608 Eis
3263 551 3442 623 itaque
3468 554 3558 623 qui
3591 551 3844 624 improbe

2204 692 2207 695 .
2234 648 2448 717 quidem
2475 649 2658 701 vivunt
2683 688 2699 713 ,
2740 646 3021 701 verborum
3069 655 3247 700 autem
3275 645 3578 714 prolixitate
3604 658 3664 699 se
3709 658 3844 697 eum

2235 739 2452 809 placare
2476 739 2804 803 existimant,
2846 736 2970 792 vide
3016 737 3144 807 quid
3188 736 3366 790 dicat:
3400 736 3618 803 Quando
3664 735 3845 789 multi-

2235 830 2485 901 plicabitis
2506 831 2806 895 orationem,
2833 845 2935 883 non
2964 828 3239 881 exaudiam
3268 842 3372 881 vos.
3409 827 3470 880 Si
3513 824 3849 880 extenderitis

2235 936 2436 985 manus,
2468 930 2690 974 avertam
2713 920 2885 973 oculos
2910 935 3044 973 meo:
3069 934 3100 970 a
3125 917 3264 971 vobis
3295 916 3446 990 (lsai.
3484 917 3536 971 Ι.
3562 916 3677 987 15).
3696 915 3849 971 Ante

2233 1014 2337 1066 alia
2361 1014 2535 1082 itaque
2565 1012 2745 1067 omnia
2775 1020 2990 1081 Oportet
3036 1025 3158 1065 eum
3204 1010 3295 1079 qui
3352 1019 3599 1080 precatur
3637 1007 3848 1062 habere

2239 1105 2506 1166 liduciam,
2538 1116 2591 1158 et
2617 1103 2942 1174 postulatum
2964 1101 3183 1155 omnino
3204 1111 3581 1169 Consequetur.
3628 1099 3695 1154 Et
3719 1099 3848 1152 ideo

2238 1210 2343 1248 non
2375 1194 2511 1249 dixit
2556 1193 2815 1264 pr0pheta
2845 1235 2859 1258 ,
2904 1193 3190 1247 Exaudivit
3242 1208 3348 1257 me,
3394 1192 3520 1258 sed,
3572 1190 3849 1245 Justitiam

2236 1303 2422 1351 meam,
2450 1282 2602 1340 suam
2630 1285 2683 1339 in
2714 1285 2880 1340 Deum
2908 1284 3157 1338 ﬁduciam
3188 1283 3477 1339 ostendens
3502 1324 3517 1348 ,
3545 1293 3600 1337 et
3625 1297 3685 1337 se
3713 1285 3845 1337 cant

2236 1394 2299 1433 ea
2333 1393 2547 1448 semper
2567 1378 2633 1431 ad
2660 1393 2781 1433 eum
2803 1376 3083 1432 accedere.
3109 1375 3218 1430 Nec
3239 1390 3368 1430 vero
3395 1385 3547 1445 putet
3571 1366 3848 1444 quispiam

2237 1489 2360 1528 eum
2388 1474 2514 1527 dum
2544 1472 2657 1527 hate
2698 1472 2825 1548 dicit
2855 1486 2913 1526 se
2934 1471 3161 1540 jactare.
3185 1469 3301 1524 Non
3327 1471 3469 1545 enim
3500 1469 3614 1524 hcce
3634 1469 3767 1523 dicit
3789 1475 3851 1522 ut

2237 1579 2297 1619 se
2325 1564 2566 1629 extollat,
2597 1562 2690 1617 sed
2721 1573 2779 1617 ut
2804 1562 3103 1616 doctrinam
3149 1560 3435 1631 quamdam
3485 1570 3541 1615 et
3587 1560 3845 1615 admoni-

2240 1661 2438 1711 tionem
2483 1669 2822 1709 commnuem
2880 1654 3034 1708 valde
3096 1654 3280 1708 utilem
3321 1652 3528 1707 all‘erat.
3579 1652 3660 1707 Ne
3697 1651 3849 1705 dicat

2237 1747 2380 1800 enim
2398 1746 2679 1815 quispiam,
2717 1745 2812 1799 Ille
2840 1743 2939 1799 fuit
2965 1743 3274 1804 exauditus,
3306 1744 3558 1812 quoniam
3581 1750 3701 1819 erat
3740 1742 3848 1796 Da-

2242 1838 2349 1901 vid,
2376 1852 2476 1906 ego
2502 1852 2629 1891 vero
2656 1852 2761 1889 non
2795 1834 3073 1897 exaudiar,
3104 1834 3369 1904 quoniam.
3391 1849 3506 1888 Sum
3534 1833 3759 1900 pusillus
3786 1841 3847 1885 et

2243 1930 2483 1997 abiectus
2516 1948 2526 1982 :
2559 1928 2789 1981 ostendit
2824 1928 2988 1982 Deum
3022 1941 3124 1981 nec
3153 1927 3302 1980 illum
3331 1927 3518 1980 audire
3540 1925 3847 1995 quonmdo—

2243 2036 2506 2089 cumque,
2532 2035 2631 2074 nee
2662 2029 2710 2073 te
2755 2034 2857 2072 non
2899 2018 3085 2072 audire
3125 2026 3328 2073 temere
3357 2027 3409 2071 et
3437 2018 3579 2071 nulla
3620 2018 3848 2071 ductum

2244 2112 2472 2174 ratione,
2506 2111 2598 2164 sed
2630 2125 2843 2178 semper
2871 2124 2958 2163 res
2986 2117 3039 2162 ct
3088 2108 3224 2163 facta
3250 2118 3437 2163 exacte
3463 2108 3846 2176 contemplari.

2241 2206 2371 2268 Qua:
2398 2204 2441 2256 si
2468 2202 2739 2268 habueris,
2775 2210 2827 2254 et
2856 2216 3043 2255 eorum
3070 2201 3242 2270 possis
3264 2201 3336 2253 uti
3372 2201 3693 2270 patrocinio,
3723 2216 3847 2253 om-

2245 2295 2370 2347 nino
2401 2292 2726 2348 exaudieris.
2762 2292 3220 2359 Quemadmodum
3247 2292 3291 2343 si
3320 2307 3424 2345 non
3444 2290 3717 2358 habueris,
3746 2305 3850 2344 nec

2242 2386 2289 2439 si
2336 2384 2499 2438 David
2531 2385 2741 2454 quidem
2797 2382 2994 2446 fueris,
3056 2383 3257 2453 poteris
3295 2382 3457 2436 Deum
3486 2383 3723 2452 placare.
3779 2380 3851 2436 Et

2244 2478 2381 2531 sicut
2421 2478 2565 2531 avari
2613 2492 2710 2530 nec
2754 2476 3064 2545 dignitatem
3096 2517 3111 2539 ,
3151 2490 3249 2529 nec
3280 2475 3475 2544 aliquid
3503 2475 3644 2541 aliud
3668 2474 3848 2542 respi-

2243 2574 2408 2634 ciunt,
2445 2570 2543 2624 nisi
2583 2583 2675 2623 eos
2724 2574 2927 2622 tantum
2970 2568 3057 2636 qui
3115 2566 3312 2620 habent
3340 2567 3651 2640 pecuniam,
3693 2575 3747 2619 et
3779 2565 3848 2619 ad

2244 2678 2357 2726 eos,
2388 2672 2654 2732 tamquam
2686 2662 2811 2715 nihil
2840 2677 2943 2715 non
2971 2660 3233 2722 eﬂ‘ectnri,
3254 2659 3546 2713 accedunt:
3578 2659 3650 2711 ita
3682 2660 3849 2712 etiam

2245 2756 2365 2825 quia
2399 2756 2535 2809 Deus
2561 2767 2641 2810 est
2667 2765 2871 2809 amator
2907 2755 3150 2823 justiti-at,
3181 2756 3504 2823 quicumque
3534 2769 3653 2807 cum
3682 2768 3743 2807 ea
3775 2753 3844 2808 ad

2248 2850 2421 2917 ipsum
2450 2850 2758 2912 accesserit,
2807 2862 2909 2901 non
2940 2846 3158 2900 recedet
3188 2852 3386 2900 vacuos
3411 2864 3421 2897 :
3458 2855 3514 2900 ut
3542 2846 3630 2915 qui
3660 2861 3721 2900 ea
3751 2860 3848 2899 ca-

2245 2949 2354 2999 ret,
2388 2949 2443 2991 et
2498 2938 2561 2992 iis
2588 2955 2705 3007 quae
2735 2948 2859 2992 sunt
2888 2938 2963 2992 illi
3009 2939 3275 2991 contraria
3322 2938 3649 3006 inquinatur,
3679 2954 3849 3004 quan-

2247 3030 2439 3083 tumvis
2469 3041 2582 3084 oret
2613 3039 2665 3084 et
2698 3030 2962 3095 obsecret,
2995 3030 3164 3084 nihilo
3187 3030 3301 3097 plus
3327 3030 3542 3095 el'lieiet,
3568 3044 3691 3083 cum
3722 3044 3849 3100 per—

2245 3123 2507 3177 suadendi
2540 3122 2785 3176 faettltate
2838 3133 3036 3176 careat.
3074 3122 3198 3177 Ideo
3233 3123 3277 3176 si
3328 3122 3466 3192 apud
3501 3124 3664 3178 Demn
3714 3124 3852 3178 velis

2246 3214 2440 3282 aliquid
2468 3214 2702 3279 efﬁcere,
2736 3229 2797 3267 ea
2824 3224 3049 3280 accepta
3081 3214 3435 3281 proficiscere.
3463 3213 3730 3269 Justitiam
3752 3229 3853 3270 au-

2250 3318 2353 3361 tem
2402 3324 2467 3361 ne
2514 3324 2632 3361 esse
2680 3317 2880 3375 partem
2915 3306 3123 3358 virtutis
3147 3300 3420 3361 existimes
3448 3306 3547 3377 (ιι),
3582 3306 3674 3360 sed
3706 3308 3847 3362 inte-

2244 3415 2392 3470 grain
2419 3410 2470 3453 et
2504 3401 2827 3454 universam.
2863 3399 2934 3451 Ita
2967 3399 3128 3451 etiam
3161 3406 3277 3452 erat
3304 3397 3405 3452 Joh
3431 3400 3607 3467 justus
3628 3439 3642 3458 ,
3672 3385 3728 3452 ιιι
3757 3400 3848 3469 qui

2249 3497 2532 3548 humanam
2560 3510 2771 3548 omnem
2804 3494 3023 3547 haberet
3056 3495 3333 3557 virtutem,
3362 3508 3466 3545 non
3491 3493 3580 3562 qui
3624 3495 3693 3546 ah
3745 3494 3852 3549 hoc

2245 3588 2458 3657 quidem
2490 3589 2630 3641 malo
2656 3588 2965 3657 abstineret.
2992 3585 3119 3639 illud
3144 3600 3270 3640 vero
3293 3585 3569 3639 retineret.
3590 3586 3659 3638 Ita
3682 3586 3850 3641 etiam

2248 3694 2344 3732 nos
2369 3681 2565 3748 justam
2589 3688 2838 3732 stateram
2861 3693 2979 3733 esse
2995 3679 3248 3744 dicimus,
3278 3694 3397 3747 quce
3414 3678 3559 3731 omni
3602 3693 3667 3732 ex
3694 3688 3850 3747 parte

2248 3786 2397 3840 mqua
2430 3780 2513 3825 est
2551 3788 2563 3823 :
2598 3787 2701 3824 non
2730 3771 2771 3824 si
2801 3786 2986 3824 aurum
3018 3770 3234 3839 quidem
3268 3773 3518 3839 possitex
3551 3787 3706 3840 :equo
3733 3783 3849 3826 sta-

2249 3872 2418 3928 tuere,
2444 3877 2599 3917 secns
2630 3874 2806 3917 autem
2842 3862 3137 3931 plumbum,
3163 3863 3254 3917 sed
3282 3878 3401 3933 qua:
3430 3863 3482 3918 in
3512 3863 3697 3933 quavis
3729 3878 3849 3917 ma-

2250 3956 2378 4009 teria
2407 3955 2709 4023 teqnitatem
2753 3954 2967 4008 exhibet
2994 3970 3008 4017 ;
3044 3964 3099 4008 et
3128 3970 3313 4009 rursus
3340 3970 3646 4009 mensuram
3668 3995 3682 4017 ,
3724 3969 3849 4025 qua

2247 4057 2329 4101 est
2376 4045 2522 4099 omni
2555 4062 2618 4099 ex
2652 4055 2801 4114 parte
2829 4061 3001 4115 requa.
3053 4044 3125 4098 Ita
3169 4045 3328 4101 etiam
3358 4056 3472 4099 erat
3498 4045 3599 4101 Job
3622 4046 3797 4115 justus
3828 4086 3845 4111 ,

2248 4153 2431 4208 arquos
2454 4153 2517 4191 ex
2546 4138 2688 4191 onini
2743 4149 2912 4206 parte.
2945 4138 3126 4207 Neque
3158 4139 3299 4191 enim
3326 4139 3379 4192 in
3409 4139 3632 4207 pecunia
3664 4139 3844 4193 solum

2247 4245 2364 4283 eam
2383 4230 2625 4283 servabat
2657 4231 2984 4299 aequitatem,
3009 4230 3103 4283 sed
3129 4230 3289 4283 etiam
3314 4230 3367 4283 in
3396 4230 3518 4284 aliis
3544 4232 3799 4284 omnibus
3824 4272 3841 4295 ,

2249 4320 2461 4375 modum
2508 4337 2794 4391 numquam
2835 4320 3122 4375 excedens.
3155 4320 3262 4375 Nec
3293 4322 3460 4391 possit
3488 4321 3668 4376 dicere
3694 4324 3845 4392 quis-

2250 4414 2387 4481 piam
2435 4429 2555 4468 emn
2590 4414 2640 4467 in
2694 4414 2913 4482 pecunia
2942 4412 3157 4482 quidem
3211 4414 3514 4483 aequitatem
3541 4412 3803 4468 dilexisse
3826 4456 3841 4478 ,

2246 4508 2299 4561 in
2329 4505 2706 4575 congressione
2754 4514 3015 4559 autemet
3076 4520 3326 4560 sermone
3375 4520 3493 4559 cum
3529 4505 3846 4575 propinquis

2245 4596 2460 4651 modum
2489 4595 2803 4662 excessisse,
2839 4610 2893 4650 ut
2923 4597 3010 4665 qui
3039 4606 3182 4650 esset
3202 4596 3463 4664 superbus
3484 4606 3537 4650 et
3563 4611 3843 4665 arrogans.

2247 4688 2357 4743 Hoc
2384 4690 2525 4741 enim
2554 4703 2764 4741 sommo
2792 4688 2970 4741 studio
2997 4687 3249 4755 fugiebat.
3283 4687 3352 4740 Et
3379 4687 3498 4742 ideo
3531 4687 3742 4741 dicebat
3772 4688 3786 4719 ⁸
3825 4707 3839 4739 :

2250 4779 2399 4846 Quod
2426 4795 2468 4832 st
2494 4780 2645 4833 etiam
2666 4779 2946 4848 contempsi
2960 4778 3213 4847 judicium
3235 4780 3363 4832 servi
3392 4780 3487 4832 mei
3511 4780 3588 4832 uel
3612 4781 3838 4845 anei/Iw,

2245 4887 2355 4922 cum
2388 4869 2643 4939 litigarem
2673 4886 2865 4922 mecum
2898 4885 2915 4922 :
2941 4869 3017 4921 vel
3048 4886 3149 4921 non
3173 4870 3303 4922 sicut
3322 4886 3412 4940 ego
3433 4871 3527 4942 fui,
3555 4872 3763 4942 [uerunt
3790 4883 3840 4925 et

2242 4961 2372 5031 ipsi’
2396 4960 2535 5031 (Job.
2555 4961 2608 5015 5.
2639 4960 2748 5031 l5).
2779 4961 2839 5014 Et
2862 4961 2961 5013 hoc
2983 4976 3110 5031 ergo
3133 4962 3293 5015 etiam
3316 4961 3691 5031 injustitiaect,
3720 4959 3845 5019 esse

2242 5054 2531 5122 superbum
2560 5061 2613 5106 et
2640 5063 2996 5122 arrogantem.

2312 5146 2367 5199 2.
2396 5144 2853 5212 Quemadmodum
2884 5145 3025 5201 enim
3058 5161 3280 5200 avarum
3327 5161 3448 5202 esse
3490 5145 3719 5201 dicimus
3748 5149 3839 5218 qui

2306 5306 2321 5335 ¹
2359 5303 2415 5352 In
2439 5310 2576 5367 Reg.,
2604 5301 2714 5352 huic
2737 5303 2863 5352 enim
2880 5301 3074 5367 crimini
3097 5302 3277 5367 diffuse
3299 5304 3528 5367 occurrit,
3558 5304 3744 5367 dicens.

2307 5317 2321 5335 ι
2361 5317 2415 5352 tn
2440 5317 2576 5413 neﬁ.,
2604 5317 2714 5352 nutc
2737 5317 2863 5352 emm
2880 5317 3074 5352 crumm
3097 5317 3277 5367 amitae
3299 5317 3528 5362 occurru,
3558 5317 3744 5355 arenis.

2302 5367 2322 5397 ³
2357 5368 2461 5415 Loci
2484 5368 2500 5415 i
2540 5366 2624 5428 ius;
2641 5378 2701 5413 ex
2728 5367 2845 5413 Jobo
2869 5366 3008 5427 petiti
3027 5372 3411 5428 J-arsrpostrema
3446 5365 3593 5428 longe
3617 5365 3711 5415 alio
3734 5382 3841 5415 mn-

2239 5426 2303 5476 do
2337 5428 2468 5488 jacet
2493 5428 2540 5475 in
2557 5426 2783 5489 tulitioue
2814 5426 3129 5489 septuaginta
3150 5427 3479 5489 lnterpretum
3512 5426 3733 5483 Romana,
3754 5432 3838 5477 nui

2238 5486 2351 5559 post
2360 5502 2518 5547 voces,
2547 5486 2789 5559 litigarem
2813 5486 3099 5559 {necuimsje
3123 5486 3344 5559 legitura
3358 5498 3519 5540 Nonne
3543 5489 3665 5539 sicut
3685 5496 3732 5540 et
3754 5503 3841 5551 ego

2240 5549 2301 5601 de
2318 5560 2479 5602 ventre
2500 5549 2640 5601 natus
2662 5564 2797 5613 sum,
2810 5550 2877 5599 ita
2898 5558 2943 5599 et
2965 5550 3060 5613 ipsi
3080 5549 3303 5600 nati'swit
3319 5549 3345 5600 .’

2302 5616 2373 5675 (a)
2406 5614 2536 5673 Quod
2560 5614 2639 5662 hic
2662 5614 2728 5662 ait
2758 5612 3135 5675 (:hrysostbmus,
3163 5614 3402 5674 justitiam
3445 5625 3543 5662 non
3580 5624 3694 5675 esse
3732 5625 3838 5673 rar-

2236 5683 2338 5725 tem
2357 5673 2565 5731 virtutis,
2591 5676 2677 5724 sed
2705 5673 2933 5724 virtutem
2979 5673 3276 5731 universam,
3299 5676 3496 5724 omnino
3534 5673 3741 5737 quadrat
3776 5675 3836 5723 ad
3900 5682 3902 5684 '

2237 5736 2355 5806 illud
2380 5737 2700 5807 Ειῐιιιθόοοιιδε
2726 5752 2761 5786 ἰν
2786 5746 2826 5786 8's
2849 5746 3063 5807 δαμιοσύγῃ
3084 5745 3295 5807 militiqqu
3311 5736 3616 5805 ωᾶσᾌμτή-’άτιτ
3631 5770 3653 5807 ,ν
3672 5737 3719 5784 id
3740 5746 3835 5796 USl,

2236 5800 2285 5849 in
2301 5798 2493 5860 justitia
2516 5807 2673 5851 autem
2700 5800 3079 5861 comprehendat
3103 5799 3369 5849 continetur
3392 5798 3544 5849 enatis
3569 5798 3737 5848 uirtus.
