4070 6426
550 389 611 446 έί
1241 380 1300 438 S.
1335 375 1620 437 JOANNIS
1650 367 2153 433 CHRYSOSTOEII
2187 367 2512 432 ARCHIEP.
2551 367 3104 429 CONSTANTINOP.
3761 364 3832 422 ιι

544 503 723 563 ἄλλων
752 505 1071 580 βουλόμενον
1111 501 1318 570 λαϐεῖν,
1361 503 1456 556 καὶ
1484 502 1598 565 τοῖς
1632 495 1854 562 οἰκείοις
1891 495 1991 550 οὐκ
2023 494 2126 567 ἀρ-

549 613 813 687 κούμενον
835 631 850 644 ’
884 610 1028 666 οὕτω
1059 610 1154 665 καὶ
1176 605 1494 673 ἀλαζονικὸν
1530 604 1784 676 λέγομεν,
1814 602 1944 656 όταν
1966 599 2131 655 πλέον

547 723 756 794 ἀπαιτῇ
799 720 909 774 τῶν
949 717 1313 790 ὀφειλομένων
1347 713 1498 786 αὐτῷ
1527 711 1681 785 παρά
1720 708 1815 764 τοῦ
1866 705 2128 779 πλησίον·

547 828 679 883 ὅταν
709 843 793 890 τις
820 823 1011 880 ἐαυτὸν
1047 823 1145 894 μὲν
1182 824 1240 876 ἐν
1269 821 1417 891 πάσῃ
1462 817 1700 888 καθιστᾷ
1724 815 1892 886 τιμῇ,
1945 811 2132 883 ἕτερον

547 931 605 988 δέ
633 930 899 1004 ἀτιμάζῃ.
930 928 1102 984 Τοῦτο
1131 928 1188 982 δέ
1215 923 1514 998 οὐδαμόθεν
1556 920 1823 995 ἑτέρωθεν
1854 919 2064 989 γίνεται
2094 916 2128 988 ἢ

546 1036 608 1104 ἐξ
635 1037 868 1101 ἀδικίας.
900 1035 1024 1091 Ὅτι
1056 1032 1166 1104 γάρ
1196 1032 1378 1086 ἀδικία
1406 1029 1586 1095 τοῦτο,
1629 1029 1822 1083 σκόπει
1853 1023 2127 1080 ἐντεῦθεν.

546 1143 657 1198 Καὶ
681 1141 744 1196 ct
771 1143 800 1196 6
830 1139 965 1204 Θεὸς
981 1139 1231 1193 κάκεῖνον
1257 1136 1505 1207 ἐποίησε,
1529 1135 1623 1189 καὶ
1652 1133 1830 1189 πάντα
1867 1146 1949 1184 σοι
1975 1126 2131 1185 κοινὰ

545 1249 642 1304 καὶ
676 1247 767 1302 ίσα
791 1245 991 1302 δέδωκε
1024 1243 1162 1317 πρὸς
1188 1241 1508 1306 αύτόν.Πῶς
1528 1234 1634 1296 »οὖν
1657 1238 1821 1294 αὐτὸν
1846 1235 2130 1300 ἐκϐάλλεις

546 1358 642 1411 καὶ
674 1353 998 1424 ἀποστερεῖς
1019 1351 1118 1423 τῆς
1157 1349 1347 1421 τιμῆς,
1375 1344 1556 1420 ἧσπερ
1581 1345 1780 1400 ἔδωκεν
1805 1345 1835 1397 6
1861 1341 2014 1406 Θεὸς,
2033 1340 2129 1394 καὶ

544 1460 648 1515 οὐκ
696 1457 866 1529 ἀφίης
909 1452 1050 1512 εἶναι
1090 1454 1372 1519 κοινωνὸν,
1414 1451 1550 1506 ἀλλὰ
1575 1449 1636 1504 τὸ
1667 1449 1778 1503 πᾶν
1808 1443 1902 1501 σὺν
1934 1444 2126 1510 ποιῶν,

543 1565 646 1619 οὐκ
688 1564 748 1618 ἐν
782 1562 1029 1635 χρήμασι
1059 1559 1241 1630 μόνον,
1275 1555 1414 1612 ἀλλὰ
1444 1556 1541 1610 καὶ
1570 1556 1629 1609 tv
1657 1551 1784 1624 δόξῃ
1808 1551 1996 1612 ,ποιεῖς
2029 1548 2130 1604 αὑ-

543 1669 636 1723 τὸν
671 1667 912 1739 πένητας
957 1663 1104 1720 Μίαν
1150 1661 1432 1735 ἑκατέροις
1473 1661 1503 1714 6
1541 1657 1676 1723 Θεὸς
1709 1656 1900 1711 οὐσίαν
1941 1652 2129 1726 ἐχαρί-

547 1787 709 1828 σατο⁹
745 1773 845 1844 τῆς
872 1771 1047 1843 αὐτῆς
1075 1767 1275 1840 ἠξίωσε
1319 1764 1642 1839 προεδρίας,
1671 1762 1772 1835 τῆς
1823 1761 1949 1834 ίσης
1990 1758 2130 1814 πλά-

547 1894 704 1942 σεως.
735 1875 810 1930 Τὸ
840 1873 1331 1948 γάρ,Ποιήσωμεν
1353 1867 1876 1941 mmmam
1901 1865 2000 1921 τοῦ
2030 1865 2128 1935 7t-

544 2001 667 2050 νους
696 1981 916 2045 παντός.
944 1979 1073 2043 Πῶς
1101 1973 1196 2034 οὖν
1221 1977 1384 2033 αὑτὸν
1422 1977 1523 2048 τῆς
1554 1973 1817 2049 πατρῴας
1841 1971 2127 2037 ἐκϐάλλεις

541 2087 753 2150 οὐσίας,
823 2085 904 2148 εἰς
953 2083 1188 2155 ἐσχάτην
1251 2081 1523 2136 εὐτέλειαν
1581 2079 1859 2149 κατάγων,
1893 2071 2004 2132 ’καὶ
2061 2076 2126 2132 τὸ

541 2191 718 2246 κοινὸν
749 2187 1206 2260 ἰδιοποιούμενοςς
1248 2188 1386 2242 Ἀλλ’
1413 2187 1511 2258 οὐχ
1541 2189 1569 2241 ὀ
1609 2185 1880 2258 μακάριος
1911 2181 2126 2256 Προφή.

540 2313 641 2369 της
686 2295 926 2359 τοιοῦτος
945 2312 958 2325 ·
987 2294 1066 2349 διὸ
1097 2275 1189 2348 καὶ
1221 2294 1358 2364 μετὰ
1389 2291 1700 2364 παρρησίας
1727 2290 1914 2360 ἔλεγεν
1933 2304 1948 2320 ·
1982 2291 2126 2344 Εἰσ-

543 2403 772 2472 ήκουσε
809 2397 920 2471 τῆς
969 2401 1362 2469 δικαιοσύνης
1389 2417 1531 2471 μου.
1585 2397 1744 2453 Οὕτω
1787 2397 1884 2454 καί.
1911 2396 2124 2461 Παῦλος

542 2507 780 2582 παράγει
806 2505 1062 2570 πολλάκις
1091 2505 1284 2560 ἐαυτὸν
1312 2505 1392 2568 εἰς
1423 2502 1485 2558 τὸ
1517 2502 1706 2575 μέσον,
1731 2501 1832 2557 οὐκ
1856 2501 2120 2575 ἐπαίρων,

538 2615 661 2670 οὐδὲ
691 2613 878 2684 φυσῶν
900 2652 916 2678 ,
960 2611 1098 2666 ἀλλὰ
1119 2614 1232 2676 τοῖς
1259 2609 1440 2674 ἄλλοις
1468 2608 1774 2679 ὑπόδειγμα
1803 2607 2120 2678 γινόμενος;

536 2719 612 2783 ὡς
643 2719 771 2773 ὅταν
814 2717 948 2790 λέγῃ
966 2757 984 2784 ,
1014 2716 1176 2772 Θέλω
1216 2713 1448 2781 πάντας
1473 2712 1822 2782 ἀνθρώπους
1855 2707 2009 2767 εἶναι
2040 2713 2123 2776 ὡς

537 2824 638 2880 καί
679 2823 941 2894 ἐμαυτόν
982 2822 1055 2877 ἐν
1085 2821 1462 2892 Wars/gn.
1502 2819 1659 2875 Οὕτω
1688 2819 1786 2874 καὶ
1810 2819 1840 2872 ό
1865 2817 2029 2872 Δαυῖδ
2062 2819 2122 2871 tv

537 2928 715 3001 καιρῷ
759 2927 1048 2992 καλοῦντι,
1079 2925 1178 3000 τὴν
1211 2925 1465 2998 ἀνδρείαν
1510 2924 1611 2997 τὴν
1643 2923 1863 2988 ἐαυτοῦ,
1909 2924 2010 2994 τὴν
2056 2923 2122 2976 ἐκ

534 3035 634 3105 τῆς
652 3033 748 3088 τοῦ
776 3033 912 3088 Θεοῦ
935 3031 1229 3103 γινομένην
1257 3029 1432 3101 ῥοπῆς
1461 3031 1541 3093 εἰς
1573 3029 1736 3102 μέσον
1769 3029 1894 3098 ἄγει
1921 3027 2116 3097 λέγων,

535 3139 616 3194 ὅτι
649 3138 744 3193 καὶ
772 3137 1008 3210 ἄρκτους
1039 3136 1249 3204 ἐπνιγε,
1280 3134 1376 3189 καὶ
1397 3134 1618 3198 λέοντας
1642 3133 1992 3205 ηγκαλίζετο,
2021 3132 2121 3188 οὐκ

535 3241 777 3313 ἐπαίρων
807 3239 998 3295 ἐαυτὸν
1025 3239 1150 3294 οὐδέ
1179 3231 1356 3304 οὗτος,
1391 3238 1467 3310 μὴ
1492 3237 1728 3306 γένοιτο,
1763 3235 1880 3290 ἀλλ’
1912 3239 2122 3291 οἰκονο-

538 3347 655 3420 μῶν
679 3346 859 3418 ἐαυτῷ
881 3345 1130 3413 ἐντεῦθεν
1160 3346 1225 3400 τὸ
1259 3345 1592 3413 ἀξιόπιστον.

601 3453 714 3507 Καὶ
753 3453 803 3511 εἰ
829 3451 938 3524 ἔχω
964 3450 1338 3523 δικαιοσύνην,
1372 3452 1560 3522 φησὶν,
1596 3452 1730 3515 ίσως
1763 3451 1881 3523 ἐρεῖ
1903 3468 2007 3518 τις,
2034 3451 2120 3516 τίς

534 3555 694 3629 χρεία
708 3557 895 3628 εὐχῆς,
909 3556 1206 3630 ἀρκοῦντος
1217 3556 1310 3611 τοῦ
1329 3557 1654 3628 πράγματος
1668 3556 1978 3630 [81ἆπαντα
1996 3576 2121 3614 κατ-

530 3662 745 3736 ορθοῦν,
765 3662 973 3717 καὶτοῦ
1001 3663 1284 3734 μέλλοντος
1310 3663 1509 3717 διδόναι
1532 3663 1732 3728 εἰδότος
1753 3657 1828 3729 ὧν
1851 3665 2116 3736 δεόμεθα;

532 3771 657 3824 ..οτι
692 3768 754 3821 οὐ
793 3767 988 3839 μικρὸς
1023 3766 1318 3837 σύνδεσμος
1352 3767 1450 3837 τῆς
1486 3766 1626 3840 πρὸς
1659 3768 1792 3824 Θεὸν
1822 3769 2045 3841 ἀγάπης
2083 3773 2118 3843 ἡ

530 3871 700 3943 εὐχὴ,
752 3871 1043 3942 συνήθειαν
1088 3872 1222 3941 ἡμῖν
1274 3869 1580 3942 ἐμποιοῦσα
1619 3872 1720 3944 τῆς
1770 3873 1907 3945 πρὸς
1953 3873 2118 3930 αὐτὸν

528 3977 763 4048 ὁμιλίας,
784 3976 879 4030 καὶ
908 3977 990 4041 εἰς
1017 3976 1337 4048 φιλοσοφίαν
1357 3977 1586 4048 ἄγουσα.
1615 3979 1679 4033 Εἰ
1700 3977 1809 4052 γάρ
1839 3980 2115 4054 ἀνθρώπῳ

527 4099 614 4148 τις
637 4084 1027 4155 συγγινόμενος
1051 4083 1374 4156 θαυμαστῷ,
1391 4084 1560 4140 πολλὰ
1588 4086 1901 4157 καρποῦται
1924 4089 1990 4143 ἐκ
2012 4089 2113 4159 τῆς

531 4189 853 4256 συνουσίας,
887 4188 1068 4260 πολλῷ
1112 4188 1312 4260 μᾶλλον
1356 4193 1386 4244 6
1433 4189 1553 4261 Θεῷ
1579 4190 1840 4262 διηνεκῶς
1884 4194 2111 4266 όμιλῶν.

542 4293 682 4348 Ἀλλ’
715 4295 816 4349 οὐκ
844 4293 1003 4364 ίσμεν
1027 4296 1127 4366 τῆς
1155 4295 1320 4367 εὐχῆς
1349 4295 1412 4349 τὸ
1444 4296 1632 4369 κέρδος
1661 4298 1738 4363 ώς
1763 4297 1891 4372 χρὴ,
1916 4301 2107 4375 ἐπειδὴ

531 4399 668 4472 μηδὲ
700 4399 1042 4470 προσέχομεν
1085 4400 1223 4470 αὐτῇ
1259 4399 1397 4472 μετά
1435 4400 1741 4472 ἀκριϐείας,
1785 4404 1922 4476 μηδέ
1965 4406 2112 4480 χρώ-

532 4503 670 4575 μεθα
707 4504 852 4558 κατὰ
894 4505 1024 4569 τοὺς
1060 4505 1154 4559 τοῦ
1193 4505 1329 4560 Θεοῦ
1372 4507 1591 4577 νόμους.
1633 4491 1774 4564 Ἀλλ’
1801 4511 2112 4584 ἀνθρώποις

531 4610 632 4682 μὲν
664 4610 950 4682 μέλλοντες
991 4611 1334 4681 διαλέγεσθαί
1361 4631 1468 4668 τισι
1495 4614 1606 4669 τῶν
1642 4617 1784 4690 ὑπὲρ
1809 4619 1978 4692 ἡμᾶς,
2014 4621 2110 4676 καὶ

530 4717 736 4810 σχῆμα,
765 4718 861 4771 καὶ
891 4715 1124 4788 βάδισμα
1144 4760 1158 4781 ,
1186 4719 1283 4772 καὶ
1316 4719 1537 4792 στολὴν,
1568 4722 1664 4776 καί
1704 4725 1879 4779 πάντα
1909 4726 2110 4800 ῥυθμί-

529 4839 718 4887 σαντες
739 4825 819 4888 εἰς
844 4823 904 4878 τὸ
931 4823 1073 4888 δέον,
1108 4823 1252 4879 οὕτω
1277 4824 1638 4898 διαλεγόμεθα
1656 4843 1672 4857 °
1709 4829 1830 4902 Θεῷ
1854 4831 1913 4886 δὲ
1941 4850 2110 4906 προσ-

530 4930 699 4993 ιόντες
751 4928 1115 5001 χασμώμεθα,
1145 4929 1430 5002 κνώμεθα,
1463 4935 1963 5008 περιστρεφόμεθα,
2009 4941 2110 5012 ρᾳ-

527 5034 839 5106 θυμοῦμενο
887 5035 997 5089 τῶν
1034 5036 1278 5127 γονάτων
1323 5038 1499 5110 χαμαὶ
1535 5042 1823 5111 κειμένων,
1873 5045 1968 5098 ἐπὶ
2007 5045 2108 5118 τῆς

522 5141 728 5211 ἀγορᾶς
778 5138 1126 5212 πλανώμεθα.
1181 5142 1246 5195 Εἰ
1290 5141 1347 5196 δέ
1390 5144 1532 5215 μετά
1574 5146 1676 5217 τῆς
1721 5149 2108 5221 προσηκούσης

523 5244 827 5312 εὐλαϐείας,
860 5246 954 5300 καὶ
981 5245 1058 5310 ώς
1082 5246 1204 5320 Θεῷ
1231 5248 1568 5315 διαλέξεσθαι
1617 5253 1927 5324 μέλλοντες,
1960 5255 2104 5311 οὕτω

526 5354 876 5426 προσῄειμὲι,
922 5354 1044 5408 τότε
1082 5355 1150 5409 ἀν
1188 5354 1455 5428 ἔγνωμεν,
1491 5359 1585 5414 καὶ
1622 5360 1729 5433 πρὸ
1774 5361 1870 5416 τοῦ
1917 5363 2103 5419 λαϐεῖν

524 5458 669 5530 ειπερ
697 5457 956 5539 ᾐτοῦμεν,
1006 5459 1193 5532 ἡλίκον
1226 5461 1416 5535 κέρδος
1449 5464 1830 5538 καρπούμεθα.
1858 5469 2104 5543 ’Δνθρωε-

526 5581 624 5629 πος
653 5565 759 5637 γὰρ
787 5566 907 5638 Θεῷ
949 5567 1261 5632 παιδευθεὶς
1297 5567 1677 5638 διαλέγεσθαι,
1726 5572 1802 5638 ώς
1830 5575 1976 5639 είκὸς
2007 5577 2101 5633 τὸν

584 5753 610 5782 ⁸
646 5753 723 5803 ἰν
747 5756 991 5822 ἐγκρατείᾳ
1017 5757 1159 5808 deest
1183 5759 1230 5806 in
1255 5756 1448 5810 Colberl

2235 489 2316 563 τῷ
2342 490 2464 563 Θεῷ
2498 491 2909 563 διαλεγόμενον,
2951 488 3184 560 ἄγγελος
3211 485 3366 541 ἐσται
3391 482 3612 551 λοιπόν·
3645 479 3831 544 οὕτως

2231 597 2533 654 ἀπολύεται
2559 596 2674 652 τῶν
2701 595 2919 666 δεσμῶν
2962 596 3059 650 τοῦ
3103 591 3358 664 σώματος
3386 591 3421 662 η
3447 572 3626 660 ψυχήλ
3675 584 3832 642 οῦω

2233 705 2527 786 μετάρσιος
2556 703 2709 776 αὐτῷ
2739 702 2950 773 γίνεται
2999 701 3030 756 6
3074 697 3334 770 λογισμός
3352 715 3366 729 ·
3396 695 3541 752 οὓτω
3576 689 3830 766 μετοικίσ

2230 814 2391 896 (erat;
2414 814 2550 885 πρὸς
2585 812 2678 867 τδν
2703 810 2933 882 οὐρανόν
2952 826 2967 841 ⁸
2998 807 3177 872 οὕτως
3223 803 3470 876 υαρορᾷ
3496 801 3608 857 τῶν
3633 799 3829 872 βῑωτιο

2230 917 2342 974 κῶν
2362 936 2376 952 ·
2403 916 2548 972 οὕτω
2573 918 2704 988 παρ’
2733 914 2896 969 αὗτδν
2919 913 3138 968 ἵσταται
3162 910 3256 965 τὸν
3287 909 3478 977 θρόνον
3513 903 3830 978 βασιλικὸν,

2229 1023 2336 1079 κᾶν
2374 1023 2546 1094 πένης
2587 1017 2665 1098 ᾖ,
2698 1019 2804 1075 κᾶν
2840 1019 3098 1089 οἰκέτης,
3130 1015 3236 1072 κᾶν
3268 1013 3504 1085 ἰδιώτης,
3542 1012 3649 1067 κᾶν
3679 1012 3840 1082 ἀμα-

2228 1128 2357 1201 θής,
2377 1129 2454 1183 Οὐ
2480 1126 2592 1198 γὰρ
2624 1125 2880 1196 γλώττης.
2902 1123 3062 1196 ζητεῖ
3099 1120 3298 1185 κάλλος
3321 1121 3350 1174 6
3375 1117 3531 1186 Θεὸς,
3565 1115 3688 1171 οὺδέ
3722 1118 3833 1188 ῥη-

2231 1237 2420 1308 μάτων
2471 1235 2769 1308 συνθήκην,
2827 1233 2966 1289 ἀλλὰ
3009 1230 3192 1304 ψυχῆς
3242 1227 3426 1301 ὥραν·
3481 1225 3585 1282 κᾶν
3637 1224 3834 1295 ἐκείνη

2228 1343 2534 1417 φθέγγηται
2560 1343 2630 1399 τά
2671 1343 2822 1416 αὐτῷ
2840 1341 3120 1410 δοκοῦντα,
3143 1339 3205 1394 τδ
3225 1340 3336 1394 πᾶν
3351 1335 3558 1400 ἀνύσας
3581 1335 3829 1391 ἄπεισιν.

2237 1451 2400 1523 ὀρᾳς
2428 1449 2579 1522 πόση
2614 1447 2871 1517 εὐκολίας
2913 1430 3040 1501 ’κτα
3089 1444 3190 1518 μιν
3223 1443 3334 1513 γάρ
3364 1443 3474 1497 τῶν
3517 1441 3834 1514 ἀνθρώπων.
3919 1439 3925 1442 ’

2223 1553 2318 1610 τὸν
2368 1555 2666 1628 προσιόντα
2717 1551 2826 1607 τινι
2865 1551 2961 1606 καὶ
3012 1549 3304 1624 ῥητορικὸν
3343 1543 3486 1602 εῖναι
3533 1545 3641 1619 χρὴ
3661 1586 3677 1608 .
3729 1544 3836 1600 καὶ

2223 1659 2557 1715 κολακεῦσαι
2591 1659 2720 1724 τοὺς
2763 1657 2893 1729 περὶ
2933 1654 3030 1711 τὸν
3071 1654 3314 1727 ἄρχοντα
3355 1653 3563 1716 πάντας
3616 1649 3842 1716 ἰκανὸν,

2168 1743 2169 1746 Ἴ
2225 1765 2321 1819 καὶ
2362 1762 2536 1821 πολλὰ
2578 1763 2744 1833 ἐτερα
2783 1760 3091 1833 ἐπινοῆσαι,
3126 1759 3269 1814 ῶστε
3299 1755 3556 1828 γενέσθαι
3582 1755 3840 1828 εὐπαρά-

2221 1869 2432 1924 δεκτον.
2484 1866 2753 1922 Ἐνταῦθα
2790 1865 2849 1919 δέ
2891 1863 3109 1928 οὐδενὸς
3158 1863 3362 1930 δείται,
3403 1861 3544 1918 άλλά
3593 1860 3836 1933 γνώμης

2227 1977 2394 2049 μόνης
2419 1975 2732 2049 νηφούσης,
2767 1973 2862 2029 καὶ
2899 1973 3055 2027 οὐδὲν
3099 1970 3162 2027 τὺ
3204 1970 3415 2025 κωλύον
3462 1964 3606 2024 εἰναι
3654 1968 3832 2039 ἐγγὺς

2221 2083 2316 2138 τοῦ
2339 2081 2494 2135 Θεοῦ.
2531 2080 2678 2146 Θεὸς
2712 2080 2824 2150 γὰρ
2850 2076 3098 2149 έτγίζων
3119 2075 3234 2148 ἐγώ
3265 2077 3406 2146 ειμι,
3437 2075 3538 2130 καί
3571 2076 3645 2130 οὐ
3672 2073 3832 2142 Θεὸς

2221 2185 2549 2258 πόρῤωθεν.
2574 2186 2739 2239 Ὠστε
2762 2183 2825 2237 τὸ
2855 2181 3075 2256 μακρὰν
3102 2180 3384 2251 γενέσθαι,
3412 2179 3507 2249 ἀφ’
3546 2177 3706 2250 ἡμῶν
3733 2178 3831 2247 γί-

2220 2308 2403 2349 νεταιο
2435 2291 2600 2357 αὐτὸς
2632 2291 2742 2364 γάρ
2773 2291 2861 2345 ἀεὶ
2886 2289 3119 2361 πλησίον
3150 2288 3289 2342 ἐστί.
3332 2287 3444 2342 Καὶ
3481 2288 3534 2341 τί
3565 2287 3714 2355 λέγω
3736 2287 3827 2342 ὅτι

2223 2399 2511 2472 ῥητορείας
2561 2399 2622 2452 οὒ
2670 2396 2938 2469 δεόμεθα;
2984 2395 3259 2459 Πολλάκις
3299 2393 3424 2447 οὐδὲ
3475 2392 3662 2463 φωνῆς
3705 2391 3829 2447 δεό-

2223 2504 2384 2575 μεθα.
2416 2503 2537 2558 Κάν
2574 2504 2685 2575 γάρ
2713 2503 2771 2557 ἐν
2805 2506 2873 2576 τῇ
2901 2502 3100 2575 καρδίᾳ
3138 2499 3388 2575 φθέγξῃ,
3437 2503 3567 2568 καὶτ
3579 2498 3825 2574 καλέσῃς

2220 2611 2383 2664 αὐτὸν
2410 2609 2488 2674 ώς
2515 2609 2646 2681 χρὴ,
2680 2607 2881 2681 ῥᾳδίως
2909 2607 3189 2662 ἐπινεύσει
3220 2605 3318 2660 καὶ
3346 2604 3492 2660 τότε.
3543 2604 3702 2660 Οὕτω
3724 2604 3824 2658 καὶ

2217 2713 2499 2777 Μωῦσέως
2525 2714 2762 2783 ῆ-κουσεν
2784 2729 2799 2744 ·
2832 2711 2980 2766 οὕτω
3004 2712 3101 2766 x01
3130 2712 3352 2782 Ἀννης.
3387 2710 3465 2763 Οὐ
3497 2709 3819 2781 παρέστηκε

2219 2818 2564 2891 στρατιώτης
2591 2817 2878 2874 ἀποσοϐῶν
2898 2857 2915 2883 ,
2944 2817 3008 2871 οὐ
3038 2816 3338 2889 δορυφόρος
3361 2817 3453 2870 τὸν
3481 2815 3676 2885 καιρὸν
3699 2814 3822 2870 διαρ-

2219 2923 2468 2980 κόπτων·
2525 2925 2628 2978 οὐκ
2674 2924 2823 2978 ἐστιν
2861 2921 3055 2989 εἰπὼν,
3075 2923 3189 2978 Νῦν
3251 2923 3311 2978 οὐ
3361 2922 3588 2977 δυνατὸν
3641 2937 3818 2994 προσ-ι

2218 3031 2415 3098 ελθεῖν,
2467 3031 2610 3104 μετά
2653 3031 2829 3088 ταῦτα
2865 3031 3179 3106 παραγενοῦ
3199 3047 3214 3061 ·
3256 3031 3375 3086 ἀλλ’
3438 3033 3569 3086 ὃταν
3621 3030 3816 3105 ἐλθῃς,

2217 3135 2448 3208 ἐστηκεν
2471 3135 2711 3201 ἀκούων,
2730 3135 2833 3192 κᾶν
2861 3139 2920 3191 ἐν
2941 3135 3121 3208 καιρῷ
3143 3137 3394 3208 ἀρίστου,
3419 3135 3524 3191 κᾶν
3553 3137 3614 3190 ἐν
3635 3135 3820 3209 καιρῷ

2216 3239 2458 3306 δείπνου,
2490 3240 2596 3295 κᾶν
2621 3243 2680 3296 tv
2705 3241 2845 3312 αὐτῇ
2889 3245 2958 3314 τῇ
2998 3241 3204 3315 ἀωρίᾳ,
3254 3240 3358 3297 κᾶν
3386 3241 3446 3294 ἐν
3471 3241 3673 3313 ἀγορᾷ,
3707 3240 3820 3296 κᾶν

2216 3345 2277 3398 ἐν
2297 3344 2426 3416 όδῷ,
2448 3343 2552 3399 κᾶν
2579 3346 2639 3399 tv
2671 3343 2923 3417 θαλάμῳ,
2954 3343 3058 3399 κᾶν
3082 3345 3232 3399 ἔνδον
3261 3345 3318 3398 tv
3347 3344 3692 3417 δικαστηρίῳ
3721 3344 3822 3418 dp-

2216 3467 2364 3522 χοντι
2406 3452 2694 3524 παραστῇς
2713 3493 2728 3515 ,
2769 3451 2866 3505 καὶ
2899 3450 3139 3524 καλέσῃς
3171 3450 3336 3504 αὐτὸν
3354 3493 3368 3517 ,
3397 3449 3460 3503 τὸ
3487 3450 3697 3506 κωλύον
3723 3452 3820 3506 οὐ·

2214 3554 2303 3609 δέν
2331 3555 2616 3616 ἐπινεῦσαι
2646 3559 2715 3629 τῇ
2745 3557 2964 3628 αἰτήσει
2997 3596 3012 3620 ,
3043 3555 3111 3610 ἂν
3144 3555 3221 3620 ώς
3255 3556 3361 3628 χρὴ
3396 3555 3656 3631 καλέσῃς.
3687 3559 3818 3613 ὒὺκ

2216 3659 2362 3715 ἐστιν
2413 3663 2586 3716 εἰπεῖν
2654 3662 2880 3718 Δέδοικα
2923 3661 3266 3734 προσελθεῖν,
3306 3662 3401 3716 καὶ
3449 3662 3746 3736 δεηθῆναι’
3783 3667 3819 3720 6

2217 3765 2409 3838 ἐχθρός
2436 3783 2538 3837 μου
2565 3742 2914 3840 παρέστηκεν
2932 3780 2948 3797 '
2981 3766 3120 3821 ἀλλὰ
3145 3767 3240 3820 καὶ
3262 3766 3421 3821 τοῦτο
3449 3768 3727 3840 ἀνῄρηται
3751 3769 3817 3824 τὸ

2216 3869 2443 3942 κώλυμα
2461 3887 2476 3901 ο
2506 3869 2632 3924 οὔτε
2661 3871 2770 3942 γὰρ
2796 3870 2978 3943 ἐχθρῷ
2999 3869 3079 3944 [9]
3097 3873 3378 3944 προσέχει,
3409 3873 3502 3927 καί
3525 3872 3816 3929 διακόπτει
3916 3859 3920 3862 ’

2214 3990 2310 4028 σου
2338 3976 2438 4046 τὴν
2470 3976 2686 4047 αἴτησιν
2703 3992 2717 4006 ⁸
2773 3977 2892 4030 ἀλλ’
2918 3978 3008 4032 ἀεὶ⁸
3038 3979 3135 4032 καί
3162 3977 3430 4050 διηνεκῶς
3457 3979 3815 4051 ἐντυγχάνειν

2211 4077 2455 4144 δύνασαι,
2499 4081 2596 4135 καλ¹
2627 4080 2886 4137 δυσκολία
2909 4082 3138 4154 οὐδεμία
3170 4083 3460 4155 πρόσεστιν
3480 4101 3496 4116 ο
3533 4083 3659 4139 οῦτε
3697 4085 3812 4157 γὰρ

2210 4187 2370 4257 χρεία
2438 4186 2550 4242 τῶν
2605 4189 3067 4260 προσαγαγόντων
3133 4189 3420 4262 θυρωρῶν,
3480 4193 3806 4264 οἰκονόμων,

2210 4292 2550 4364 ἐπιτρόπων,
2586 4293 2867 4364 φυλάκων,
2898 4295 2934 4367 η
2974 4295 3169 4364 φίλων,
3210 4295 3327 4350 ἀλλ’
3371 4297 3500 4351 ὅταν
3540 4298 3706 4363 αὐτὸς
3739 4298 3808 4354 δι’

2207 4399 2404 4454 ἐαυτοῦ
2437 4399 2764 4475 προσέλθῃς,
2781 4401 2904 4456 τότε
2927 4401 3168 4474 μάλιστα
3195 4401 3486 4457 ἀκούσεταί
3516 4419 3635 4470 σου,
3654 4403 3801 4471 τότε,

2207 4508 2336 4562 ὅταν
2375 4507 2602 4580 μηδενὸς
2633 4508 2851 4582 δεηθῇς.

2279 4620 2348 4683 γ’.
2381 4614 2494 4685 υὺχ
2541 4613 2715 4679 οὕτως
2751 4610 2843 4670 οὖν
2883 4615 3048 4670 αὑτὸν
3088 4613 3448 4687 δυσωποῦμεν
3485 4615 3554 4673 δι’
3595 4615 3804 4689 ἐτέρων

2205 4701 2506 4786 ἀξιοῦντες,
2533 4719 2610 4784 ὡς
2637 4719 2704 4773 δι’
2724 4720 2885 4792 ἡμῶν
2916 4721 3119 4775 αὐτῶν.
3151 4704 3372 4794 Ἐπειδὴ
3404 4721 3516 4795 γὰρ
3539 4721 3638 4794 τῆς
3662 4687 3803 4794 ἦμε.
3837 4687 3936 4775 ἶ

2206 4821 2367 4894 τέρας
2393 4824 2497 4895 ἐρᾷ
2525 4822 2732 4893 φιλίας,
2760 4823 2855 4880 καί
2889 4825 3066 4879 πάντα
3098 4829 3262 4889 ποιεῖ,
3291 4822 3622 4896 ῶστελὴμᾶς
3645 4825 3801 4898 αὐτῷ

2207 4927 2274 4981 θα
2284 4930 2437 5000 ῥρεῖν
2457 4944 2472 4959 ο
2513 4927 2644 4982 ὅταν
2676 4927 2760 5001 ἴδῃ
2786 4927 2857 4980 δι’
2886 4927 3100 4982 ἑαυτῶν
3126 4926 3288 4981 τοῦτο
3323 4927 3644 4995 ποιοῦντας,
3675 4931 3800 4988 τότε

2208 5031 2444 5100 μάλιστα
2494 5031 2756 5085 ἐπινεύει.
2807 5031 2965 5086 Οὕτω
3030 5032 3123 5086 καὶ
3178 5032 3272 5085 ἐπὶ
3328 5032 3454 5102 τῆς⁹
3483 5033 3800 5100 Χαναναίας

2204 5133 2466 5204 ἐποίησε⁸
2533 5135 2629 5188 καί
2678 5135 2888 5209 Πέτρου
2939 5137 3037 5208 μὲν
3103 5137 3199 5190 καὶ
3241 5137 3500 5192 Ἰακώϐου
3540 5140 3800 5209 προσιόν-

2203 5257 2313 5294 των
2362 5240 2504 5313 ὑπέρ
2550 5241 2722 5312 αὐτῆς
2747 5282 2761 5306 ,
2813 5243 2914 5296 οὐκ
2961 5243 3291 5297 ἐπένευσενσ
3327 5244 3693 5318 ἐπιμενούσης
3740 5254 3799 5312 δι

2201 5344 2430 5416 ταύτης,
2459 5345 2520 5398 τὸ
2563 5346 2788 5417 αἰτηθὲν
2820 5347 3033 5417 ταχέως
3086 5348 3308 5405 ἔδωκεν.
3343 5351 3404 5404 Εἰ
3433 5349 3544 5423 γὰρ
3577 5351 3668 5404 καί
3707 5369 3791 5423 μι-

2207 5450 2340 5522 κρὸν
2373 5450 2550 5517 ἔδοξεν
2582 5452 3002 5518 ἀναϐάλλεσθαι,
3031 5455 3130 5525 οὐχ
3159 5455 3246 5509 ῖνα
3274 5457 3580 5531 ὑπερθῆται
3607 5459 3669 5512 τὸ
3696 5461 3789 5528 γύ-

2201 5571 2372 5645 ναιον,
2424 5555 2544 5608 ἀλλ’
2591 5556 2679 5611 ῖνα
2728 5557 2992 5645 μειζόνως
3041 5562 3362 5636 στεφανώσῃ
3381 5605 3395 5629 ,
3447 5565 3541 5618 καὶ
3593 5565 3794 5634 μᾶλλον

2199 5642 2373 5733 αὐτῆς
2400 5663 2757 5736 οἰκειώσηται
2788 5667 2886 5740 τὴν
2927 5642 3279 5741 προσεδρίαν,
3311 5670 3472 5726 τοῦτο
3497 5673 3790 5745 πεποίηκε.

2206 5770 2611 5844 Μελετήσωμεν
2637 5773 2817 5829 τοίνυν
2867 5776 2961 5832 καὶ
3028 5780 3192 5850 ἡμεῖς
3240 5779 3593 5851 ἐντυγχάνειν
3637 5780 3785 5852 Θεῷο
