4070 6448
284 366 350 421 41
1350 388 1357 395 ~
1533 344 1903 408 EXI‘OSITIO
1940 343 2010 401 ιΝ
2043 346 2367 403 PSALMUM
2408 346 2495 403 IV.
3584 340 3649 397 ιε

284 479 473 535 tultiu
503 494 591 545 ea,
622 491 745 549 qua:
775 481 903 529 sunt
947 474 1198 539 aliorum,
1228 470 1505 537 invadere,
1550 484 1651 523 nec
1678 467 1797 523 suis
1820 473 1907 518 est

284 578 578 626 contentus
602 587 616 623 :
643 569 715 623 ita
737 568 898 621 etiam
921 565 1210 635 superbum
1233 564 1669 632 et'arrugantem,
1689 561 1907 629 quando

291 663 414 735 plus
470 662 638 732 exigit
682 676 841 730 quam
913 657 1057 729 quod
1098 656 1199 711 sibi
1254 654 1479 710 debetur
1528 668 1559 707 a
1612 654 1905 722 proximo;

289 752 510 827 quando
539 752 660 821 quis
679 752 918 821 seipsum
948 746 1168 820 quidem
1200 746 1254 801 in
1300 745 1446 800 omni
1500 744 1708 803 honore
1738 742 1911 798 col'lo-

289 858 403 911 eat,
457 843 625 899 alium
672 856 804 898 vero
855 840 1017 896 habet
1058 839 1359 909 despectui.
1412 838 1525 892 lloc
1566 846 1747 892 autem
1798 850 1908 890 non

289 936 514 993 aliunde
555 934 751 1001 oritur,
808 948 972 1003 quant
1003 949 1068 988 ex
1103 930 1383 1001 iniustitia.
1426 927 1581 997 Quod
1610 927 1755 982 enim
1807 924 1912 980 hoc

290 1030 366 1087 sit
388 1026 667 1099 injustitia,
713 1040 781 1081 ex
830 1022 1271 1085 hocconsidem.
1304 1022 1371 1077 Et
1416 1031 1471 1075 te
1518 1028 1574 1074 et
1603 1018 1753 1073 illum
1786 1016 1913 1073 fecit

291 1119 459 1185 Deus,
479 1117 537 1175 ei
561 1117 655 1172 tibi
677 1116 857 1170 omnia
890 1114 1038 1170 dedit
1066 1129 1189 1169 cum
1244 1113 1336 1167 illo
1380 1110 1688 1167 communia
1735 1118 1793 1165 et
1842 1123 1912 1163 ex

288 1225 470 1280 rquo.
496 1207 781 1277 Quomodo
805 1222 934 1276 ergo
965 1221 1087 1277 eum
1119 1205 1375 1275 expellis,
1402 1214 1457 1257 et
1483 1203 1683 1272 spolias
1707 1201 1914 1257 honore

288 1318 455 1375 quem
486 1301 633 1358 Deus
657 1301 826 1366 dedit,
860 1310 913 1353 et
937 1299 1003 1355 ad
1048 1299 1364 1354 societatem
1396 1295 1789 1361 noniadmittis,
1816 1292 1912 1349 sed

289 1394 475 1451 otnnia
504 1393 597 1447 tibi
629 1391 913 1455 tribuis,ct
940 1405 1045 1444 non
1064 1389 1239 1444 solum
1270 1387 1324 1443 in
1354 1386 1601 1458 pecunia,
1625 1385 1719 1440 sed
1748 1384 1913 1439 etiam

292 1486 349 1541 in
399 1485 607 1554 honore
666 1498 792 1538 eum
847 1480 977 1536 facis
1005 1479 1343 1552 pauperem?
1383 1478 1526 1534 Deus
1555 1477 1701 1533 dedit
1749 1490 1913 1531 uuam

293 1578 507 1649 utrique
535 1576 829 1632 essentiam

294 1670 458 1727 tionis
484 1670 689 1724 honore
712 1667 963 1739 dignatus
990 1676 1094 1721 est.
1152 1664 1286 1721 illud
1316 1665 1460 1720 enim
1513 1662 1792 1717 Faciamus
1823 1663 1916 1715 Ito-

296 1762 487 1817 tuincm
517 1757 675 1831 (Gen.
708 1760 760 1813 Ι.
792 1756 916 1828 2b),
961 1766 1044 1811 est
1064 1770 1354 1811 commune
1395 1756 1649 1827 universo
1703 1754 1910 1824 generi.

292 1854 582 1925 Quomodo
615 1868 744 1924 ergo
791 1868 914 1907 eum
958 1850 1213 1906 exturbas
1243 1864 1273 1905 a
1322 1850 1481 1905 bonis
1527 1848 1799 1919 paternis,
1846 1848 1915 1902 ad

296 1958 567 2001 summam
598 1944 953 1998 humilitatem
976 1942 1244 2012 redigt-ns.
1270 1952 1326 1997 et
1344 1942 1485 2011 quod
1504 1950 1583 1997 est
1604 1955 1915 2003 commune,

296 2046 568 2106 tamquam
603 2036 696 2089 tibi
729 2035 1003 2105 proprium
1036 2032 1355 2088 vindicans?
1382 2031 1488 2088 Sed
1519 2032 1640 2085 talis
1663 2049 1767 2085 non
1799 2039 1919 2086 erat

295 2129 489 2185 beatus
521 2128 804 2198 pmpheta.
848 2137 904 2183 et
928 2128 1047 2183 ideo
1077 2125 1336 2181 audacter
1365 2139 1420 2180 et
1446 2126 1619 2180 libere
1658 2124 1871 2181 dicebat
1899 2140 1912 2176 :

297 2224 580 2279 Exaudivit
629 2222 886 2293 justitiam
930 2236 1098 2275 meam
1153 2220 1227 2275 lla
1258 2220 1422 2276 etiam
1450 2218 1649 2274 Paulus
1676 2218 1915 2288 seipsutn

295 2330 443 2387 sazpe
475 2313 691 2370 adduci:
722 2313 775 2368 in
810 2312 1068 2375 medium,
1105 2328 1210 2367 non
1239 2327 1299 2367 se
1342 2309 1578 2367 ederens
1620 2326 1720 2366 nec
1774 2310 1914 2364 intu-

295 2423 568 2474 mescens,
600 2407 694 2462 sed
716 2421 776 2462 se
800 2406 921 2461 aliis
947 2406 1229 2476 exentplar
1248 2419 1593 2474 proponens;
1624 2412 1680 2458 ut
1701 2402 1918 2475 quando

294 2500 465 2558 dicit:
509 2498 637 2554 Volo
686 2516 861 2553 omnes
892 2498 1123 2553 homines
1174 2514 1282 2553 esse
1332 2498 1463 2551 sicut
1496 2507 1545 2551 et
1576 2497 1825 2566 meipsum
1863 2496 1918 2549 in

294 2594 610 2654 continentia
632 2594 649 2625 ¹
681 2591 757 2666 (Ι.
785 2590 906 2647 Cor.
941 2593 994 2647 7.
1028 2590 1205 2665 7).,Ιι.σι
1233 2591 1396 2647 etiam
1448 2589 1638 2655 David,
1670 2595 1918 2660 tempore

295 2689 372 2745 ita
403 2686 729 2760 postulante,
755 2667 1122 2742 fortitudinem
1150 2699 1301 2741 suam
1321 2699 1439 2753 qua!
1457 2682 1507 2738 ei
1531 2682 1788 2738 divinitus
1818 2681 1919 2736 ub-

298 2782 515 2869 tiqerat,
547 2783 601 2835 in
634 2781 873 2836 medium
904 2778 1141 2845 adducit,
1186 2772 1375 2833 dicens
1395 2792 1455 2832 se
1481 2786 1539 2832 et
1559 2790 1714 2831 ursos
1744 2774 1919 2831 suffo-

295 2868 476 2942 casse,
525 2884 580 2930 et
613 2874 798 2929 leones
824 2873 1211 2942 strangulasse,
1267 2884 1375 2925 non
1417 2869 1656 2939 scipsum
1699 2868 1917 2938 quidem

297 2968 378 3024 sic
402 2966 696 3029 extollens,
715 2965 857 3019 absit
892 2965 966 3035 (Ι.
1000 2964 1131 3035 Reg.
1158 2963 1246 3018 l7.
1280 2963 1369 3019 54.
1403 2978 1517 3032 sqq.
1553 2978 1567 3014 :
1599 2960 1696 3016 sed
1749 2976 1809 3015 ea
1841 2975 1919 3013 ra-

306 3057 453 3114 tione
508 3072 804 3127 procurans
833 3066 887 3111 ut
914 3056 1015 3111 sibi
1050 3055 1181 3111 tides
1207 3054 1521 3110 haberetur.

374 3150 604 3205 Fructus
653 3150 902 3204 orationis
924 3166 943 3214 ;
972 3165 1127 3220 quam
1175 3146 1451 3203 exorabilis
1496 3144 1835 3202 Deus—Et
1873 3142 1921 3200 si

300 3243 478 3300 habeo
492 3243 775 3314 justitiam,
797 3240 941 3296 dicet
968 3240 1195 3296 fortasse
1220 3239 1508 3311 quispiam,
1534 3238 1660 3310 quid
1682 3254 1817 3309 opus
1840 3245 1924 3293 est

299 3341 566 3404 oratione,
592 3352 713 3392 cmn
736 3347 788 3391 et
815 3352 901 3390 res
916 3335 1027 3404 ipsa
1049 3334 1115 3389 ad
1141 3333 1321 3388 omnia
1350 3343 1497 3389 recte
1517 3332 1749 3403 gerenda
1772 3330 1923 3385 sufﬂ-

299 3432 407 3486 ciat
428 3471 443 3495 ,
472 3438 529 3485 et
554 3428 645 3501 qui
668 3427 894 3484 daturus
919 3437 1023 3491 est,
1059 3427 1195 3483 sciat
1213 3427 1540 3497 quibusnam
1583 3440 1722 3496 opus
1750 3422 1920 3478 habe-

298 3525 458 3582 mus?
496 3524 763 3591 Quoniam
790 3524 966 3579 oratio
994 3538 1100 3578 non
1124 3532 1207 3577 est
1234 3537 1461 3593 parvum
1484 3521 1755 3576 vinculum
1785 3521 1923 3576 dile-

300 3618 501 3675 ctionis
527 3619 580 3673 in
617 3618 785 3679 Deum
810 3632 934 3688 quat
961 3632 1084 3670 cum
1105 3632 1172 3671 eo
1200 3616 1433 3683 cotloqui
1465 3631 1562 3669 nos
1589 3614 1878 3670 assuefacit
1901 3656 1917 3680 ,

302 3723 357 3767 et
396 3710 464 3767 ad
518 3711 798 3780 sapientiae
843 3708 1079 3763 studium
1132 3723 1231 3762 nos
1269 3707 1504 3762 (lt-ducit.
1542 3707 1597 3760 Si
1654 3708 1798 3762 enim
1829 3706 1923 3777 qui

300 3820 428 3861 cum
460 3804 645 3874 aliquo
670 3803 973 3857 adnvirabili
1006 3802 1122 3855 viro
1155 3801 1381 3855 multum
1412 3810 1677 3864 versatur,
1704 3816 1772 3855 ex
1802 3800 1923 3868 ejus

302 3895 700 3952 consuetudine
740 3895 1034 3948 maximum
1065 3892 1295 3947 fructum
1326 3892 1544 3961 accipit,
1572 3901 1775 3961 quanto
1802 3907 1921 3945 ma-

300 3989 386 4060 gis
428 3990 519 4059 qui
565 4002 689 4041 cum
716 3987 833 4042 Deo
878 3995 1191 4056 perpetuam
1236 3984 1402 4040 habet
1428 3984 1921 4040 consuetudinch

303 4080 412 4137 Sed
446 4096 552 4135 non
588 4079 753 4150 probe
780 4078 981 4133 scimus
998 4078 1269 4148 quodnam
1300 4078 1369 4129 sit
1397 4077 1603 4131 lucrum
1635 4075 1918 4143 orationis,

303 4175 429 4244 quia
460 4188 563 4227 nec
592 4172 641 4226 ei
669 4171 911 4226 studiose
964 4170 1203 4223 animum
1230 4168 1573 4232 adhibemus,
1607 4183 1706 4222 nec
1735 4183 1797 4223 ea
1851 4183 1918 4223 ex

308 4265 401 4321 Dei
431 4262 637 4334 legibus
667 4264 889 4317 utimur.
918 4259 1024 4317 Sed
1053 4260 1301 4315 homines
1322 4260 1538 4330 quidem
1569 4260 1781 4331 aliquos
1795 4260 1923 4316 allo-

303 4356 545 4427 quutnri,
586 4354 677 4426 qui
706 4363 832 4408 sunt
867 4353 1020 4407 nobis
1046 4353 1386 4422 superiores,
1416 4352 1505 4407 ubi
1543 4354 1802 4417 habittttn,
1836 4352 1922 4407 in-

302 4464 541 4509 cessum,
593 4446 851 4503 amictum
876 4488 892 4511 ,
942 4455 998 4502 et
1027 4449 1205 4500 omnia
1232 4448 1720 4515 composuerimus,
1760 4448 1831 4501 ita
1864 4456 1925 4501 ut

304 4552 522 4613 oportet
572 4542 932 4610 alloquimur:
961 4541 1028 4595 ad
1063 4541 1233 4595 Deum
1264 4552 1444 4596 autem
1491 4542 1814 4597 accedentes
1840 4541 1920 4597 hi-

308 4635 530 4699 st-itnus,
555 4650 655 4689 nos
696 4637 986 4707 scalpimus
1021 4639 1187 4703 atque
1212 4633 1317 4690 huc
1344 4644 1400 4690 et
1438 4636 1567 4690 illuc
1595 4652 1878 4694 versamus
1905 4680 1921 4705 ,

307 4728 645 4798 negligentes
674 4743 739 4783 ac
768 4727 1025 4783 socordes
1052 4741 1240 4783 sumus
1266 4743 1282 4793 ;
1313 4727 1459 4781 humi
1482 4727 1711 4799 genibus
1742 4728 1920 4796 ﬂexis,

308 4835 407 4890 per
453 4817 633 4873 forum
675 4818 1013 4874 obcrramus.
1063 4818 1219 4887 Quod
1274 4819 1319 4874 si
1346 4833 1471 4873 cum
1497 4834 1559 4874 ea
1584 4835 1689 4890 qua
1718 4836 1814 4890 par
1841 4829 1926 4877 est

306 4912 635 4978 reverentia,
672 4922 723 4967 et
747 4922 1017 4982 tamquam
1044 4928 1168 4967 cum
1200 4913 1311 4967 Deo
1346 4913 1618 4984 loquuturi
1650 4915 1929 4969 accedere-

306 5020 449 5072 mus,
502 5013 629 5059 tuuc
681 5004 947 5059 sciremus
993 5008 1156 5060 etiam
1210 5016 1500 5075 antequam
1552 5008 1925 5077 acceperimus

306 5113 429 5168 qnte
460 5097 715 5166 petimus,
762 5106 1023 5166 quantum
1069 5097 1201 5153 lucri
1262 5098 1543 5155 faciamus.
1575 5100 1749 5155 llomo
1778 5100 1923 5156 enim

305 5188 399 5258 qui
431 5202 556 5243 cum
607 5187 721 5243 Deo
757 5188 898 5258 loqui
930 5189 1161 5256 didicit,
1214 5200 1268 5244 ut
1294 5190 1451 5246 decet
1476 5207 1622 5253 cum.
1669 5193 1758 5263 qui
1798 5208 1922 5248 cum

311 5279 422 5333 Deo
452 5278 725 5349 loquitur,
777 5280 883 5334 erit
930 5279 1187 5350 deinceps
1237 5283 1464 5352 angelus
1496 5301 1507 5335 :
1541 5283 1613 5336 ita
1665 5284 1927 5342 liberatur

308 5369 487 5424 anima
518 5384 549 5423 a
575 5368 807 5425 vinculis
840 5372 1106 5440 corporis,
1149 5373 1222 5427 ita
1245 5374 1294 5426 ei
1328 5375 1466 5427 ratio
1494 5374 1546 5428 in
1572 5374 1739 5430 altum
1774 5377 1922 5431 tulli-

308 5473 399 5518 tur
421 5504 438 5528 ,
487 5462 558 5517 ita
588 5477 619 5516 e
650 5463 807 5517 terris
834 5463 1030 5532 migrat
1059 5465 1110 5517 in
1144 5465 1359 5530 caelum,
1393 5466 1466 5521 ita
1491 5484 1611 5536 qua:
1643 5469 1710 5523 ad
1757 5470 1922 5523 vitam

311 5552 449 5610 hanc
473 5554 780 5625 pertinent,
806 5555 1055 5623 desliicit,
1110 5556 1180 5610 ita
1227 5557 1368 5627 apud
1409 5558 1584 5627 ipsum
1609 5561 1803 5616 solium
1838 5578 1925 5617 re-

308 5652 455 5720 gium
502 5646 731 5709 sistitur,
756 5646 966 5703 etiamsi
999 5647 1071 5702 sit
1098 5663 1319 5720 pauper,
1372 5651 1415 5706 si
1450 5650 1703 5714 famulus.
1734 5656 1777 5708 si
1818 5656 1927 5725 pri—

373 5829 391 5860 ι
427 5824 487 5878 in
499 5826 711 5885 t‘nlbcrt.
736 5828 919 5882 desunt
944 5828 1022 5881 ita:
1046 5842 1214 5893 voces.
1235 5829 1288 5883 in
1309 5830 1617 5887 continentia.

880 1592 895 1630 :
937 1572 1133 1644 aequali
1174 1572 1501 1643 principatu,
1544 1572 1736 1642 a‘quali
1763 1584 1931 1651 crea-_

2017 468 2173 516 vatus
2223 461 2269 515 si
2295 461 2563 518 indoctus.
2611 460 2725 518 Non
2756 463 2953 536 quaerit
2980 463 3125 521 enim
3150 464 3659 538 Deuslinguatelew

2014 563 2277 623 gantiam,
2310 568 2412 610 nec
2458 548 2753 611 verborum
2794 556 3250 628 compositionem
3276 598 3294 623 ,
3322 557 3419 615 sed
3445 560 3644 617 animae

2017 642 2495 716 pulchritudinem,
2530 656 2586 703 et
2611 648 2657 703 si
2709 647 2801 703 illa
2824 664 2888 704 ea
2914 664 3036 720 qua:
3063 649 3165 721 ipsi
3197 650 3414 721 placent
3452 651 3644 723 loqua-

2020 746 2128 805 tur,
2164 746 2273 794 tota
2319 754 2380 794 re
2421 738 2614 795 eﬂ‘ecta
2643 741 2868 796 recedit.
2928 740 3095 798 Vides
3124 752 3324 813 quanta
3363 742 3646 800 facilitas!

2025 829 2081 886 In
2103 830 2413 891 hominibus
2433 841 2651 901 Oportet
2678 848 2826 901 eum,
2860 834 2949 907 qui
2982 836 3215 907 aliquem
3244 837 3376 903 adit,
3406 853 3529 895 esse
3558 840 3645 894 di-

2018 926 2179 981 cendi
2202 925 2457 983 facultate
2484 928 2795 998 pra-citum,
2823 940 2879 986 et
2905 947 3066 1003 posse
3087 932 3364 989 blanditiis
3390 935 3491 990 sibi
3513 951 3645 991 cou-

2018 1017 2209 1072 ciliare
2234 1032 2424 1074 omnes
2454 1021 2690 1075 asseclas
2721 1021 3003 1093 principis,
3029 1030 3084 1078 et
3134 1025 3302 1079 multa
3329 1025 3434 1079 alia
3476 1041 3652 1082 exco-

2022 1108 2195 1178 gitare
2218 1150 2233 1174 ,
2263 1118 2318 1162 ut
2345 1118 2533 1180 gratus
2561 1126 2685 1167 esse
2733 1113 2921 1182 possit.
2958 1113 3057 1171 llic
3105 1124 3287 1171 autem
3330 1116 3481 1173 nullo
3510 1118 3634 1173 alio.

2018 1210 2381 1271 praeterquam
2407 1204 2521 1257 sola
2551 1202 2791 1274 vigilanti
2823 1218 3004 1261 mente
3029 1223 3167 1277 opus
3196 1218 3299 1271 est,
3324 1220 3380 1263 et
3399 1209 3535 1265 nihil
3562 1220 3645 1266 est

2019 1292 2163 1363 quod
2198 1293 2481 1363 prohibeat
2509 1295 2804 1365 quominus
2835 1313 3003 1367 prepe
3064 1300 3232 1355 Deum
3261 1302 3452 1373 simus.
3509 1300 3658 1358 Deus

2019 1388 2153 1441 enim
2202 1388 2627 1458 appropinquans
2681 1404 2775 1458 ego
2824 1406 2939 1444 sum
2962 1431 2978 1456 ,
3024 1400 3074 1445 et
3129 1408 3233 1445 non
3291 1391 3431 1448 Deus
3468 1394 3648 1464 procul

2021 1478 2157 1549 (Jer.
2196 1479 2288 1535 25.
2310 1478 2428 1553 23).
2455 1480 2534 1536 ita
2567 1491 2623 1537 ut
2642 1482 2786 1554 quod
2808 1484 2973 1554 longe
3007 1485 3169 1548 absit,
3197 1485 3249 1540 id
3275 1500 3306 1539 a
3330 1486 3488 1542 nobis
3516 1504 3643 1557 pro-

2019 1569 2295 1650 ﬁciscatur
2327 1588 2341 1626 :
2374 1573 2494 1643 ipse
2516 1574 2660 1628 enim
2691 1590 2910 1646 semper
2935 1591 3106 1647 pmpe
3131 1586 3235 1633 est.
3266 1576 3335 1632 Et
3359 1577 3489 1649 quid
3512 1578 3648 1635 dico

2022 1678 2123 1717 nos
2146 1678 2255 1719 non
2284 1678 2422 1734 opus
2450 1665 2650 1722 habere
2681 1666 2895 1722 dicendi
2940 1666 3195 1723 facultate
3214 1668 3239 1719 τ
3287 1669 3649 1741 Saepenume-

2022 1771 2085 1811 ro
2115 1772 2187 1812 ne
2213 1771 2346 1813 voce
2373 1759 2592 1829 quidem
2619 1775 2756 1830 Opus
2781 1759 3065 1816 habemus.
3100 1762 3237 1818 Nam
3270 1763 3315 1819 si
3339 1765 3422 1818 vel
3452 1766 3504 1820 in
3526 1779 3653 1821 (οι-ο
3744 1780 3745 1783 ‘

2021 1847 2091 1903 de
2116 1848 2372 1919 loquutus
2417 1849 2605 1916 fueris,
2642 1861 2841 1907 etcum
2887 1862 2947 1907 ut
2975 1863 3192 1925 oportet
3231 1858 3531 1925 vocaveris,
3565 1858 3651 1915 vel

2025 1946 2153 1994 tunc
2176 1956 2392 2010 quoque
2436 1942 2593 1996 facile
2625 1953 2849 1999 annuet.
2882 1944 2956 1999 lta
2982 1954 3038 2000 et
3063 1945 3267 2002 Mosem
3312 1947 3520 2004 audivit
3544 1967 3557 2004 :
3578 1950 3650 2005 ita

2022 2031 2187 2086 etiam
2212 2034 2423 2087 Annam
2457 2033 2656 2105 (Exod.
2692 2035 2783 2091 M.
2813 2036 2930 2107 15).
2961 2035 3081 2093 Non
3107 2038 3316 2094 assistit
3362 2041 3530 2097 miles
3557 2042 3651 2112 qui

2023 2127 2278 2194 expellat,
2308 2142 2415 2182 non
2447 2129 2669 2184 satelles
2696 2130 2788 2200 qui
2836 2132 3297 2201 opportunitatem
3327 2134 3512 2201 tollat;
3542 2149 3653 2191 non

2022 2226 2109 2273 est
2137 2220 2226 2290 qui
2258 2219 2403 2276 dicat
2436 2238 2450 2277 :
2479 2221 2597 2277 Non
2640 2230 2725 2277 est
2759 2237 2904 2279 nunc
2945 2234 3159 2295 tempus
3180 2227 3494 2291 accedendi,
3528 2229 3655 2283 veni

2024 2322 2211 2381 postea
2237 2310 2313 2383 (Ι.
2337 2312 2468 2384 Reg.
2505 2316 2556 2368 Ι.
2585 2314 2712 2385 l5);
2742 2314 2838 2371 sed
2878 2317 3095 2387 quando
3126 2318 3343 2375 veneris
3365 2360 3382 2385 ,
3405 2330 3513 2375 stat
3550 2338 3653 2376 au-

2024 2402 2183 2478 diens
2210 2445 2225 2467 ,
2268 2390 2480 2460 etiamSi
2519 2416 2766 2477 tempore
2820 2409 3027 2477 prandii
3056 2451 3072 2476 ,
3121 2411 3334 2466 etiamsi
3403 2422 3651 2484 tempore

2026 2508 2220 2560 omnes,
2262 2495 2474 2551 etiamsi
2499 2508 2660 2553 nocte
2693 2499 3037 2569 intempesta.
3075 2503 3128 2556 in
3166 2502 3317 2566 foro,
3366 2504 3419 2559 in
3447 2506 3528 2559 via
3550 2547 3565 2571 ,
3598 2506 3651 2562 iu

2024 2587 2211 2653 cubili,
2264 2588 2479 2644 etiamsi
2537 2590 2684 2645 intus
2735 2591 2789 2645 in
2834 2592 3041 2660 judicio
3104 2608 3287 2649 curam
3340 2596 3653 2667 magistratu

2028 2675 2216 2743 lueris,
2246 2688 2300 2733 et
2327 2694 2451 2735 eum
2496 2682 2806 2737 vocaveris.
2839 2683 2977 2737 nihil
3010 2694 3159 2739 vetat
3184 2687 3474 2755 quominus
3506 2697 3653 2743 tuam

2028 2771 2342 2840 petitionem
2395 2772 2620 2839 audiat,
2649 2774 2694 2829 si
2720 2775 2820 2829 rite
2857 2778 3159 2833 vocaveris.
3208 2777 3327 2833 Non
3364 2788 3521 2850 putes
3561 2781 3647 2835 di-

2027 2874 2152 2915 cere
2179 2878 2192 2915 :
2227 2860 2437 2918 Vereor
2460 2865 2720 2919 accedere
2740 2874 2796 2920 et
2818 2867 3168 2933 orare,adest
3199 2869 3449 2927 inimicus
3466 2887 3653 2935 meus;

2023 2939 2083 3005 at
2134 2951 2237 3006 hoc
2267 2954 2428 3007 etiam
2483 2954 2928 3022 impedimentum
2981 2956 3221 3013 ablatum
3280 2970 3412 3018 est:
3476 2976 3655 3033 neque

2028 3044 2175 3097 enim
2207 3044 2487 3099 inimicmn
2522 3055 2670 3135 tuqm
2711 3049 2962 3115 attendit,
2992 3065 3095 3106 nec
3127 3059 3271 3107 tuam
3305 3053 3653 3126 interrumpit

2032 3136 2347 3205 petitionem
2379 3155 2391 3192 :
2421 3139 2517 3193 sed
2540 3155 2757 3210 semper
2771 3150 2827 3197 et
2853 3141 3072 3198 assidue
3101 3158 3225 3199 eum
3252 3156 3409 3216 potes
3432 3148 3652 3218 alloqui,

2029 3236 2085 3283 et
2113 3227 2259 3283 nulla
2288 3228 2442 3283 adest
2470 3230 2763 3287 difficultas
2798 3250 2810 3285 :
2846 3248 3022 3303 neque
3070 3235 3216 3290 enim
3254 3251 3392 3308 Opus
3428 3246 3513 3294 est
3552 3254 3653 3311 ge-

2034 3319 2308 3373 nitoribus
2362 3321 2453 3390 qui
2506 3331 2559 3377 te
2589 3321 2975 3391 introducunt,
3025 3341 3134 3381 non
3162 3326 3650 3401 dispensatoribus,

2030 3413 2510 3482 procuratoribus,
2540 3415 2877 3482 custodibus,
2910 3427 3002 3472 aut
3052 3420 3244 3475 amicis
3270 3437 3285 3487 ;
3315 3422 3408 3476 sed
3431 3423 3650 3493 quando

2032 3505 2149 3577 ipse
2171 3520 2267 3576 per
2294 3514 2346 3560 te
2376 3505 2551 3577 ipsum
2575 3510 2893 3575 accesseris,
2942 3518 3071 3567 tunc
3108 3514 3343 3583 maxime
3373 3523 3425 3570 te
3449 3514 3653 3585 audiet,

2031 3608 2165 3654 tunc
2184 3598 2402 3669 quando
2434 3602 2706 3656 neminem
2749 3604 3047 3674 rogaveris.

2104 3692 2158 3745 5.
2185 3691 2302 3746 Non
2333 3692 2403 3747 ita
2433 3707 2565 3763 ergo
2594 3709 2722 3750 eum
2764 3710 2858 3766 per
2883 3697 3022 3751 alios
3071 3697 3349 3767 placamus
3392 3710 3612 3768 orantes
3635 3744 3652 3770 ,

2031 3780 2173 3836 sicut
2196 3798 2293 3852 per
2321 3784 2596 3855 nosipsos.
2628 3785 2763 3841 Cum
2808 3788 2952 3842 enim
2984 3799 3225 3844 nostram
3267 3801 3485 3861 expetat
3511 3795 3651 3847 atni-

2030 3871 2213 3927 citiam
2242 3914 2258 3936 ,
2290 3874 2472 3929 omnia
2528 3876 2693 3930 etiam
2741 3874 2906 3945 facit,
2942 3888 3000 3933 ut
3043 3895 3143 3935 nos
3168 3880 3215 3935 ei
3265 3882 3604 3939 confidamus
3635 3904 3647 3938 :

2031 3961 2251 4033 quando
2279 3963 2471 4021 viderit
2498 3980 2599 4020 nos
2621 3965 2723 4022 hoc
2755 3982 2853 4037 per
2879 3983 2978 4024 nos
3012 3969 3156 4039 ipsos
3196 3969 3494 4038 facientes,
3529 3984 3655 4031 tunc

2034 4057 2270 4114 maxime
2291 4060 2499 4113 annuit.
2530 4058 2605 4113 ita
2629 4060 2794 4114 etiam
2826 4047 2956 4118 fecit
2985 4063 3039 4116 in
3070 4063 3374 4121 Chauatnua
3398 4085 3411 4121 :
3436 4078 3491 4122 et
3523 4084 3648 4127 cum

2034 4146 2228 4203 Petrus
2274 4149 2493 4219 quidem
2524 4162 2577 4205 et
2627 4150 2863 4206 Jacobus
2911 4154 3238 4210 accederent
3267 4172 3363 4225 pro
3394 4159 3485 4213 illa
3522 4158 3602 4231 (η)
3635 4204 3651 4226 ,

2034 4256 2143 4294 non
2167 4243 2358 4296 annuit
2388 4259 2401 4294 :
2431 4259 2554 4297 cmn
2595 4258 2657 4297 ea
2704 4254 2883 4298 autem
2906 4248 3260 4315 permaneret
3286 4290 3299 4311 ,
3334 4250 3475 4317 quod
3510 4263 3658 4321 pele-

2033 4332 2196 4390 batur
2227 4336 2473 4405 protinus
2501 4337 2651 4392 dedit
2686 4336 2897 4408 (Matth.
2934 4340 3018 4396 l5.
3074 4339 3336 4411 22mm).
3367 4343 3478 4398 Etsi
3510 4346 3655 4400 enim

2031 4429 2182 4483 visus
2209 4438 2294 4483 est
2327 4444 2517 4499 parum
2547 4430 2787 4494 dilferre,
2813 4447 2919 4486 non
2942 4432 3043 4488 hoc
3067 4433 3196 4489 fecit
3224 4446 3281 4489 ut
3308 4452 3457 4491 mora
3490 4438 3653 4494 allur-

2032 4531 2187 4575 retur
2202 4521 2555 4586 mulierculae,
2576 4522 2672 4577 sed
2702 4532 2759 4578 ut
2785 4539 2904 4579 eam
2928 4528 3099 4595 magis
3126 4538 3437 4597 coronaret,
3465 4541 3514 4585 et
3540 4530 3660 4601 ejus

2033 4613 2409 4669 assiduitatem
2442 4615 2612 4683 magis
2634 4614 2734 4670 sibi
2766 4616 3083 4673 familiarem
3115 4619 3389 4677 redderet.
3424 4622 3657 4679 Medite-

2035 4720 2158 4759 mur
2182 4720 2314 4777 ergo
2339 4720 2440 4761 nos
2476 4722 2692 4777 quoque
2733 4709 2900 4762 Deum
2952 4700 3222 4780 slipplices
3252 4712 3325 4784 (ὁ)
3357 4713 3547 4770 adire:
3575 4716 3659 4771 di-

2035 4813 2251 4854 scamus
2280 4799 2554 4869 quomodo
2582 4815 2643 4856 ea
2673 4800 2745 4854 sit
2775 4798 3016 4856 facienda
3048 4802 3394 4874 supplicatio.
3431 4804 3547 4861 Non
3574 4818 3657 4864 est

1998 4930 1999 4933 η
2035 4890 2273 4946 eundum
2303 4891 2357 4946 in
2390 4907 2635 4947 muscum
2661 4891 2759 4965 (c),
2793 4908 2900 4948 non
2927 4905 3052 4949 sunt
3073 4898 3460 4954 consumenda:
3486 4916 3651 4970 pecn-

2098 5029 2173 5097 (a)
2197 5029 2283 5097 Hic
2301 5030 2540 5097 memoria
2562 5029 2729 5097 lapsus
2753 5030 2948 5097 videtur
2968 5032 3354 5097 Chrysastomus.
3373 5035 3431 5085 In
3455 5036 3661 5088 historia

2033 5094 2231 5156 quippe
2246 5092 2312 5141 de
2333 5091 2604 5142 Chananeus
2615 5091 2759 5142 nulla
2785 5094 2972 5148 mentio
2996 5091 3123 5144 Deiri
3149 5103 3202 5145 et
3223 5099 3407 5148 Jacobi.

2102 5153 2175 5218 (ὁ)
2212 5153 2267 5225 In
2286 5161 2703 5225 ϐιωοοψσυηάνιιν
2850 5163 2918 5206 De
2943 5156 3035 5207 hac
3072 5171 3194 5208 voce
3217 5166 3631 5225 ortmann-mam
3646 5201 3660 5223 ,

2035 5218 2303 5283 sequentia
2339 5218 2552 5283 notanda
2584 5218 2984 5283 'Suntzswmavm
3007 5233 3145 5283 saepe
3186 5229 3282 5283 est,
3306 5218 3664 5278 accusatiwmri

2034 5278 2205 5329 contra
2228 5278 2444 5351 aliquem
2465 5278 2894 5351 offerre-principi}
2910 5288 2989 5351 et,
3014 5278 3160 5347 ιπτὶχί.
3175 5318 3191 5351 ,_
3216 5278 3408 5351 libellus
3424 5286 3659 5351 supplex,

2036 5350 2121 5391 aut
2144 5340 2394 5391 accusatio
2408 5339 2580 5391 contra
2602 5339 2818 5404 aliquem
2842 5339 3021 5395 oblata.
3039 5339 3138 5404 Qtfa
3162 5339 3228 5395 de
3244 5359 3302 5396 re
3327 5339 3439 5398 vide
3466 5339 3663 5398 ἱὶιὈιιοῖι

2036 5404 2238 5474 tnastico
2262 5413 2431 5474 nostro
2454 5404 2513 5453 ad
2537 5412 2696 5467 Opera
2733 5405 2977 5455 Athanasii
3021 5406 3097 5474 ad
3128 5420 3298 5467 voces,
3324 5423 3565 5474 ιντιηιάνω,
3593 5421 3666 5470 et,

2000 5508 2011 5517 .
2037 5478 2206 5537 ινέηιίει.⁸
2224 5464 2796 5537 Ηίϐῗῧιιῐεῐῠνιινίτιπχάνιιιι,
2825 5475 2903 5537 est
2935 5467 3235 5537 supplicare,
3257 5464 3662 5537 sumat-31ml

2034 5526 2329 5599 pticatiohut
2347 5540 2409 5577 ex
2430 5531 2573 5599 serie
2612 5526 2788 5599 liquet.
2834 5526 3104 5599 Gentiatius
3135 5526 3663 5599 llerjvetusivfer'terat,

2034 5542 2252 5592 pttcatto,
2272 5542 2329 5577 ut
2347 5542 2409 5577 ex
2434 5542 2573 5578 sene
2612 5542 2644 5577 ιι
2720 5542 2788 5577 et.
2834 5542 3104 5583 uenustius
3135 5542 3381 5585 llervetus
3422 5544 3543 5586 verti

2034 5588 2373 5655 interpellare,
2392 5598 2446 5640 et
2464 5542 2808 5653 imerpemtic,
2836 5594 2997 5643 minus
3019 5596 3294 5655 commode,
3315 5598 3367 5647 ui
3385 5597 3543 5649 fallor.

2103 5652 2173 5715 (τὶ
2203 5652 2254 5698 lu
2281 5653 2470 5715 tirasco,
2500 5652 2682 5715 μυξη..
2710 5661 2855 5715 Porro
2879 5655 3005 5705 banc
3023 5669 3198 5708 vocem
3219 5652 3434 5709 Graecam
3458 5659 3667 5712 Savilius

2035 5716 2103 5765 ait
2126 5714 2278 5785 vulgo
2301 5714 2588 5785 sigutllcare
2616 5714 2853 5785 templum
2896 5726 3181 5781 Musarum,
3225 5721 3315 5771 sed
3343 5722 3425 5770 hic
3447 5737 3537 5785 pro
3564 5720 3671 5770 loco

2035 5776 2476 5850 studiisﬁdestiuatp
2492 5778 2608 5839 30Cl|
2628 5776 3011 5850 ie‘udum..Certe
3028 5792 3146 5850 puto
3161 5776 3330 5850 ίιςροαον
3347 5776 3475 5850 apud
3497 5786 3671 5837 l'atres

2038 5840 2188 5903 longe
2209 5837 2520 5904 frequentius
2543 5837 2632 5904 pro
2670 5839 2785 5893 lauto
2805 5837 3219 5911 literm‘io'aetaji.
