4070 6432
540 343 609 397 £3
1271 342 1328 398 S.
1366 341 1645 400 JOANNIS
1679 344 2154 404 CIIRYSOSTOMI
2195 349 2514 408 ARCIIIEP.
2556 353 3089 415 CONS'I'ANTINOP.
3778 370 3846 425 63

532 469 658 522 mm,
711 469 811 510 nee
829 462 956 510 sunt
978 451 1309 510 conducendi
1335 454 1632 526 ptedagogi,
1655 456 1920 524 rhetores,
1945 469 1998 514 ct
2026 476 2116 516 so-

533 545 756 615 phistae;
778 561 950 617 neque
976 546 1201 600 multum
1229 546 1485 615 temporis
1516 550 1944 605 consumendum
1999 564 2082 608 est
2104 595 2119 620 ,

473 644 588 710 “ut
615 637 752 692 hanc
779 636 988 692 dicendi
1019 645 1190 692 artem
1242 637 1456 702 discas;
1509 639 1602 694 sed
1657 639 1834 694 scium
1888 641 2122 698 voluisse

527 728 760 796 sufﬁcit,
806 739 861 785 et
907 746 998 786 ars
1041 729 1274 800 perfecta
1305 733 1490 787 evasit.
1551 731 1662 788 Nec
1716 748 1813 804 pro
1843 743 1894 789 te
1943 735 2118 791 solum

528 820 730 890 pateris
784 820 966 876 dicere
997 821 1050 876 in
1073 836 1139 877 eo
1200 821 1420 890 judicio,
1454 822 1546 878 sed
1597 824 1756 878 etiam
1788 839 1885 893 pro
1923 826 2120 882 'multis

525 909 666 964 aliis.
719 910 786 965 Et
840 912 1082 981 quisnam
1114 920 1198 966 est
1219 926 1445 981 sc0pus,
1479 912 1621 983 quod
1644 915 1944 971 institutum
1987 918 2118 972 artis

523 999 681 1070 hujus
705 1001 974 1071 judicialis
993 1001 1015 1054 ἲ
1036 1000 1225 1057 Modus
1250 1004 1592 1086 precationis.

595 1090 851 1146 Precaudi
873 1093 1088 1157 modus;
1111 1093 1341 1147 dilatatio
1361 1094 1483 1163 quid
1507 1096 1592 1149 sit.
1610 1125 1681 1135 —
1697 1095 1883 1153 Sobria
1911 1109 2112 1166 mente,

516 1183 702 1240 animo
735 1184 987 1249 contrito,
1033 1200 1155 1239 eum
1189 1185 1423 1241 fontibus
1464 1186 1820 1257 lacrymarum
1869 1189 1936 1245 ad
1991 1207 2111 1246 eum

517 1275 793 1342 accedere,
834 1275 966 1330 nihil
1009 1275 1153 1346 quod
1194 1275 1261 1330 ad
1297 1275 1435 1331 hanc
1465 1278 1625 1332 vitam
1656 1279 1923 1348 pertineat
1952 1290 2115 1350 pete-

517 1381 620 1433 re,
668 1368 838 1421 futura
892 1368 1291 1436 concupiscere,
1350 1381 1446 1437 pro
1496 1368 1859 1438 spiritualibus
1911 1373 2112 1441 suppli-

513 1474 658 1524 care,
700 1459 927 1513 inimicis
955 1474 1064 1513 non
1090 1446 1228 1513 male
1274 1459 1501 1528 precari,
1533 1470 1805 1529 acceptam
1862 1462 2108 1532 injuriam

513 1552 768 1606 memoria
796 1566 902 1605 non
933 1560 1136 1616 tenere,
1165 1564 1353 1604 omnes
1374 1542 1807 1619 perturbationes
1833 1568 1899 1607 ex
1925 1555 2107 1609 animo

511 1641 784 1710 expellere
809 1682 823 1705 ,
847 1650 1213 1695 eonterentem
1244 1655 1338 1694 cor
1359 1640 1427 1693 ita
1458 1639 1626 1704 adire,
1651 1642 1831 1696 animo
1858 1642 2123 1713 deprimi,

509 1733 972 1787 tuansuetudinem
1025 1747 1271 1801 magnam
1321 1747 1602 1794 exercere;
1659 1741 1714 1786 et
1761 1734 1993 1805 linguam
2035 1736 2102 1791 ad

509 1824 645 1879 bene
683 1824 1003 1894 loquendum
1045 1832 1381 1886 convertere,
1436 1827 1488 1878 in
1533 1825 1680 1878 nullo
1728 1840 1892 1895 pravo
1941 1842 2108 1898 opere

508 1918 731 1985 versari,
757 1918 888 1972 nihil
935 1898 1134 1974 habere
1164 1933 1451 1976 Commune
1496 1933 1616 1972 eum
1660 1920 1930 1975 communi
1961 1921 2105 1976 orbis

505 2012 765 2066 terrarum
798 2010 972 2076 hoste,
1003 2025 1122 2064 cum
1167 2010 1404 2075 diabolo,
1441 2011 1681 2080 inquam.
1726 2011 1779 2065 in
1810 2029 1931 2067 eum
1960 2015 2100 2069 enim

502 2101 590 2172 qui
627 2115 724 2172 pro
748 2102 870 2155 aliis
892 2117 1012 2157 cum
1038 2107 1168 2172 ‘regc
1193 2102 1445 2171 loquitur,
1477 2111 1532 2156 et
1559 2118 1678 2157 cum
1712 2103 1828 2173 ejus
1873 2106 2100 2162 inimicis

499 2191 880 2254 communicat,
903 2201 1144 2246 externa:
1167 2192 1326 2246 etiam
1367 2192 1512 2262 leges
1537 2193 1986 2249 animadvertunt.
2022 2196 2092 2252 Et

501 2291 554 2338 tu
573 2297 702 2352 ergo
727 2282 771 2335 si
795 2282 874 2337 vis
901 2291 956 2337 et
983 2297 1081 2352 pro
1113 2292 1164 2337 te
1189 2289 1245 2336 et
1273 2297 1370 2351 pro
1397 2282 1514 2337 aliis
1558 2281 1763 2350 dicere,
1797 2284 1876 2338 fac
1903 2295 1961 2340 ut
1991 2286 2092 2342 hac

497 2377 550 2430 in
581 2391 638 2431 re
665 2375 897 2430 maxime
929 2387 988 2431 te
1024 2385 1170 2430 recte
1206 2389 1382 2444 geras,
1418 2382 1477 2429 ut
1522 2375 1657 2429 nihil
1690 2391 1975 2431 commune
2003 2378 2099 2433 ha~

496 2469 621 2525 beas
644 2483 764 2523 cum
787 2467 1057 2523 communi
1078 2467 1228 2522 hoste
1250 2467 1394 2522 orbis
1414 2476 1695 2523 terrarum.
1725 2469 1795 2522 Ita
1819 2473 1960 2524 enim
1984 2471 2092 2535 ﬂet,

493 2557 826 2628 utsisjustus
845 2574 860 2612 :
879 2567 1068 2613 etcum
1093 2558 1461 2628 fuerisjustus,
1482 2558 1732 2621 audieris,
1753 2569 1808 2613 ut
1825 2563 1912 2630 qui
1934 2565 2091 2618 taiem

491 2649 688 2705 habeas
702 2658 977 2718 patronam
987 2686 999 2699 .
1012 2649 1038 2702 Ι
1045 2667 1077 2702 η
1086 2649 1402 2703 tribulatione
1412 2648 1638 2702 dilatasti
1651 2651 1794 2702 milii.
1811 2650 1924 2705 Non
1938 2652 2018 2705 di.\
2031 2653 2062 2705 it
2073 2695 2088 2716 ,

488 2740 766 2795 Adduxisti
812 2740 1148 2803 afﬂictiones,
1191 2755 1392 2809 neque,
1429 2741 1688 2795 sustulisti
1734 2743 2086 2808 tentatlones,

485 2830 604 2898 sed,
624 2831 777 2886 Stare
799 2832 1107 2900 permisisti,
1127 2841 1180 2884 et
1198 2830 1437 2886 Dilatasti
1459 2833 1600 2885 mihi.
1621 2832 1828 2917 Quanta
1858 2834 1926 2887 sit
1943 2836 2084 2910 enim

484 2932 538 2980 et
554 2940 712 2995 quam
740 2926 988 2994 expedita
1013 2925 1104 2979 Dei
1123 2925 1356 2988 solertia,
1375 2919 1500 2978 hinc
1517 2926 2083 2994 maximemtenditur,

485 3027 591 3070 non
621 3016 795 3070 solum
825 3015 968 3084 quod
1012 3016 1226 3069 inducat
1254 3014 1590 3100 amictiopes,
1622 3017 1714 3070 sed
1742 3019 1900 3071 etiam
1939 3020 2080 3087 quod

484 3114 763 3161 manentes
792 3105 910 3160 illas
938 3107 1240 3161 tolerabiles
1266 3106 1472 3160 reddat.
1509 3107 1619 3161 lloc
1644 3117 1697 3162 ct
1729 3108 1824 3163 Dei
1851 3112 2080 3167 ostendit

482 3199 795 3268 potentiam,
825 3207 878 3252 et
904 3197 992 3268 qui
1026 3199 1080 3252 in
1112 3214 1203 3252 cas
1229 3199 1488 3260 incidunt,
1511 3199 1863 3269 sapientiores
1885 3203 2078 3272 reddit,

480 3289 694 3361 quando
723 3299 775 3345 et
800 3290 1045 3344 dilatatio
1069 3289 1219 3343 adest
1245 3305 1363 3359 quae
1386 3289 1634 3344 afﬂictam
1676 3293 1908 3347 animam
1937 3309 2069 3349 con-

477 3383 702 3445 soletur,
738 3390 794 3438 et
829 3381 1050 3436 afﬂictio
1079 3397 1182 3434 non
1228 3381 1454 3440 tollitur.
1485 3397 1604 3450 qua:
1634 3390 1690 3437 et
1717 3385 2073 3454 negligentem

474 3473 788 3540 adstringat,
820 3481 875 3526 et
901 3472 968 3528 ab
996 3473 1140 3525 omni
1190 3471 1416 3541 segnitie
1457 3471 1664 3525 liberet.
1701 3473 1769 3526 Et
1799 3477 2069 3542 quomodo

475 3565 528 3620 iu
571 3563 879 3630 afﬂictione,
922 3563 1130 3634 inquies
1157 3604 1171 3627 ,
1219 3562 1373 3618 fuerit
1404 3563 1676 3617 dilatatio?
1720 3564 1787 3620 Ut
1833 3566 1883 3618 in
1913 3566 2070 3623 trium

475 3673 764 3730 puerorum
802 3657 1019 3712 fornace
1056 3655 1218 3726 (Dan.
1247 3657 1298 3710 5.
1345 3655 1438 3724 24)
1465 3697 1479 3718 ,
1516 3667 1572 3708 ut
1617 3655 1666 3708 in
1698 3656 1814 3710 lacu
1856 3659 2070 3713 leonum

473 3750 639 3822 (Dan.
666 3750 717 3806 6.
747 3750 819 3804 22
839 3751 876 3820 ).
921 3749 1036 3803 Non
1084 3749 1226 3803 enim
1255 3748 1509 3802 exstinxit
1556 3745 1846 3814 ﬂammam,
1870 3759 1924 3804 et
1946 3759 2070 3808 tunc

472 3842 596 3897 fecit
617 3850 676 3896 ut
704 3841 804 3909 ipsi
834 3847 1015 3895 essent
1042 3841 1093 3893 in
1119 3839 1285 3892 libero
1313 3847 1454 3892 statu
1479 3855 1493 3904 ;
1530 3854 1702 3908 neque
1734 3843 1927 3896 occidit
1955 3843 2064 3898 leo-

470 3945 588 3996 nes,
613 3938 666 3985 et
696 3936 822 3985 tunc
845 3944 1095 3986 securum
1125 3928 1394 3983 Dauielem
1425 3929 1656 3984 reddidit
1692 3947 1704 3983 :
1752 3931 1846 3986 sed
1871 3925 1926 3988 et
1951 3934 2062 3990 illic

468 4022 686 4076 fornace
711 4011 1055 4076 vehementer
1085 4019 1324 4084 ardente,
1356 4028 1412 4075 et
1434 4019 1523 4074 hic
1547 4021 1671 4075 feris
1699 4024 2060 4092 manentibus,

461 4111 592 4181 justi
617 4111 668 4164 in
699 4125 884 4182 magna
916 4110 1160 4167 libertate
1202 4119 1533 4165 manserunt.
1564 4110 1750 4167 Potest
1772 4115 1932 4168 etiam
1959 4118 2061 4169 ali-

470 4213 553 4258 ter
583 4203 750 4272 accipi
781 4203 1020 4256 dilatatio
1043 4245 1058 4270 ,
1103 4212 1160 4258 ut
1184 4201 1400 4273 quando
1428 4203 1626 4269 anima,
1681 4207 2062 4264 tentatinnibus

466 4308 758 4365 oppressa,
819 4294 1075 4348 liberatur
1119 4309 1150 4347 a
1197 4295 1724 4362 perturbationiluts,
1778 4307 1834 4352 et
1881 4301 2060 4354 multis

463 4386 866 4456 argritudinibus
887 4403 900 4439 :
922 4395 1047 4440 tunc
1075 4385 1218 4440 enim
1241 4387 1473 4440 maxime
1495 4388 1661 4442 libero
1678 4397 1820 4443 statu
1845 4389 2054 4446 fruitur.

464 4479 613 4534 .‘tlulti
643 4479 784 4535 enim
813 4478 1066 4548 quamdiu
1095 4489 1314 4533 manent
1362 4480 1413 4534 in
1443 4479 1604 4534 rebus
1631 4481 1913 4550 secundis,
1947 4494 2058 4539 tur-

465 4570 698 4640 pissimis
726 4581 780 4625 et
815 4571 1046 4638 animam
1078 4570 1442 4625 cruciantibus
1488 4581 1737 4626 tenentur
1760 4575 2053 4644 amoribus,

464 4662 831 4730 pecuniarum,
885 4653 1169 4731 corpoﬂlm
1195 4701 1210 4725 ,
1243 4670 1296 4716 et
1325 4662 1586 4731 ejusmodi
1636 4665 1862 4718 aliorum
1886 4706 1901 4730 ,
1933 4682 2054 4736 qua:

458 4763 583 4809 sunt
626 4754 851 4810 absurda
882 4771 894 4807 :
925 4753 1020 4809 sed
1048 4761 1329 4824 postquam
1372 4753 1425 4808 in
1464 4753 1805 4809 afﬂictionem
1852 4757 2054 4814 incide-

460 4854 605 4910 runt,
635 4845 926 4899 liberantur
960 4843 1028 4898 ab
1049 4843 1153 4898 illis
1183 4843 1452 4906 erunibus,
1477 4853 1530 4898 et
1559 4845 1613 4900 in
1639 4855 1878 4914 apertum
1907 4863 2052 4903 cam-

459 4951 586 5005 pum
617 4934 864 4989 evadunt.
909 4936 985 4989 Ac
1014 4934 1152 4989 sicut
1183 4935 1216 4988 ii
1247 4935 1336 5005 qui
1379 4933 1531 4990 febre
1560 4936 1824 5002 laborant,
1857 4955 2049 5008 quam-

460 5027 550 5080 diu
574 5026 785 5096 quidem
804 5026 1191 5096 intempestivis
1219 5025 1468 5081 fruuntur
1493 5028 1872 5096 voluptatibus.
1909 5032 2047 5088 lauta

454 5121 674 5190 inquam
719 5134 900 5173 mensa
933 5128 987 5173 et
1013 5119 1136 5173 vino
1163 5133 1312 5174 mero
1336 5160 1350 5183 ,
1380 5129 1539 5189 atque
1577 5119 1873 5189 hujusmed.
1907 5125 2045 5190 aliis,

451 5211 504 5264 in
533 5211 763 5280 majores
784 5221 1046 5282 coguntur
1069 5213 1338 5282 angustias
1373 5231 1385 5265 :
1416 5213 1508 5267 sed
1543 5214 1586 5268 si
1617 5215 1883 5270 voluerint
1921 5234 2044 5287 pau-

452 5301 618 5370 lisper
648 5304 852 5371 seipsos
904 5302 1200 5373 afﬂigentes
1232 5318 1596 5372 perseverare,
1653 5305 1760 5360 lato
1797 5320 1850 5361 et
1879 5311 1928 5359 lil
1953 5325 2044 5361 ero

453 5392 897 5468 statufruuntur,
926 5404 980 5448 et
1000 5410 1064 5448 eo
1089 5395 1230 5464 quod
1284 5409 1379 5448 eos
1404 5397 1630 5464 angebat
1659 5398 1902 5466 deposito
1923 5443 1935 5462 ,
1959 5401 2044 5468 ju-

449 5464 624 5538 cunde
645 5484 894 5555 deinceps
919 5486 969 5538 in
995 5501 1125 5554 pura
1153 5488 1378 5541 sanitate
1399 5499 1681 5541 versantur
1715 5507 1726 5541 :
1765 5490 1834 5542 ita
1880 5492 2038 5544 etiam

446 5575 498 5629 in
539 5576 699 5631 rebus
737 5589 790 5631 et
842 5577 1353 5646 ucgotiisusuvenit.
1385 5578 1524 5632 Nihil
1582 5580 1724 5632 enim
1757 5596 1907 5650 atque
1954 5600 2038 5636 re-

449 5667 632 5722 laxare
658 5670 949 5733 consuevit,
997 5679 1050 5722 ut
1081 5668 1303 5723 afﬂictio
1345 5686 1463 5740 qua:
1490 5686 1516 5722 a
1547 5670 1890 5725 siecularibus
1921 5691 2037 5726 om-

445 5761 600 5818 nibus
631 5763 858 5820 abducit.
893 5765 1171 5833 Quomodo
1214 5767 1485 5822 existimas
1521 5766 1736 5822 Judzeos
1778 5768 1940 5824 fuisse
1985 5773 2037 5824 in

2234 465 2546 534 afﬂictione,
2578 469 2740 525 etiam
2779 473 2995 542 quando
3015 485 3171 532 erant
3197 492 3285 533 res
3310 492 3496 534 eorum
3539 483 3844 539 madas?

2230 555 2269 608 Α
2280 570 2422 611 nnou
2443 557 2556 613 hzec
2571 551 2920 616 febricitantis
2935 564 3126 620 anima:
3139 568 3560 641 :egritudioequc
3573 571 3842 630 confectae

2229 655 2307 700 est
2328 689 2342 711 ,
2375 647 2556 704 dicere
2589 668 2603 703 :
2634 650 2744 705 Fac
2770 654 2914 708 nobis
2957 655 3078 710 deos
3105 657 3195 727 qui
3219 648 3323 713 nos
3349 661 3638 730 precedent
3665 680 3688 718 :
3715 663 3839 719 llo-

2227 753 2305 791 ωε
2334 740 2467 792 enim
2499 741 2599 808 hic,
2627 744 2715 812 qui
2736 745 2908 798 eduxit
2937 763 3031 801 nos
3058 749 3122 802 de
3149 759 3282 803 terra
3311 750 3555 824 ﬁgypti,
3579 761 3841 810 nescimus

2225 832 2348 901 quid
2372 835 2417 887 ei
2444 836 2634 905 factum
2657 838 2722 890 sit
2740 837 2937 906 (Exod.
2964 839 3056 895 52.
3080 843 3132 912 l)
3153 844 3177 895 ?
3199 845 3392 899 Annon
3416 847 3501 900 illa
3519 849 3680 905 verba
3705 862 3838 904 sunt

2225 924 2417 978 anima:
2431 927 2874 998 philosophantis,
2895 943 2947 986 et
2964 947 2994 988 a
3017 935 3505 1004 perturbationibus
3529 940 3687 1012 hujus
3708 942 3838 996 vita:

2224 1018 2539 1086 respirantis
2573 1062 2590 1088 ,
2620 1024 2836 1092 quando
2861 1024 3047 1087 afﬂicti
3081 1037 3186 1082 tam
3206 1031 3556 1088 vehementer
3578 1047 3833 1103 orarunt,

2222 1118 2280 1163 ut
2302 1110 2474 1176 ipsum
2517 1113 2606 1169 Dei
2643 1117 2896 1171 auxilium
2937 1122 3252 1176 attraxeriut
3275 1123 3355 1193 (a)
3379 1123 3403 1177 ?
3428 1124 3546 1181 Jam
3573 1143 3704 1183 vero
3730 1129 3825 1184 hic

2226 1197 2334 1269 ipse
2358 1217 2570 1275 quoque
2603 1207 2863 1278 propheta
2899 1211 3114 1279 quando
3137 1215 3454 1271 versabatur
3479 1218 3533 1272 in
3564 1221 3836 1290 tranquilo

2219 1293 2385 1361 litate,
2432 1312 2663 1368 quonam
2692 1301 2852 1356 modo
2900 1303 3256 1374 aﬂligehatur,
3285 1309 3354 1365 ab
3383 1311 3622 1380 improba
3664 1315 3828 1385 cupio

2217 1387 2380 1445 ditate
2410 1391 2460 1447 in
2487 1396 2760 1464 angustias
2790 1406 3015 1453 coactus
3053 1408 3107 1454 et
3133 1399 3439 1459 laceratus?
3466 1407 3682 1476 quando
3726 1425 3830 1464 au-

2219 1487 2324 1533 tem
2371 1493 2613 1538 versatus
2662 1495 2740 1539 est
2785 1487 2834 1540 in
2892 1487 3201 1554 afﬂictione.
3261 1495 3410 1548 scitis
3448 1510 3606 1566 quam
3662 1498 3828 1556 fuerit

2218 1573 2553 1642 tranquillus.
2575 1575 2760 1646 Neque
2788 1579 2931 1632 enim
2959 1596 3081 1636 eum
3131 1583 3266 1652 ignis
3292 1586 3488 1657 attigit,
3519 1591 3611 1645 sed
3653 1593 3822 1649 etiam

2214 1659 2424 1716 ﬂamma
2455 1665 2699 1719 universa
2725 1670 2990 1724 exstincta
3021 1682 3123 1726 est.
3151 1673 3295 1729 Nihil
3321 1679 3464 1732 enim
3489 1696 3646 1750 aeque
3674 1684 3821 1739 afﬂi-

2210 1752 2309 1822 git,
2344 1769 2404 1808 ac
2429 1747 2473 1809 Si
2505 1758 2678 1811 anima
2719 1760 3030 1816 obsideatur
3055 1779 3082 1818 a
3117 1747 3627 1834 perturbationibus.
3681 1776 3822 1830 Aliae

2211 1845 2352 1898 enim
2383 1849 2714 1905 extrinsecus
2744 1851 3008 1920 incidunt,
3045 1855 3128 1910 has
3159 1873 3287 1914 vero
3317 1861 3461 1917 intus
3487 1877 3813 1933 nascuntur,
3877 1899 3883 1905 -

2209 1947 2264 1992 et
2291 1938 2404 1994 haec
2433 1950 2517 1996 cst
2543 1945 2773 1999 maxima
2813 1946 3054 2002 afﬂictio.
3081 1949 3306 2006 Etiamsi
3338 1968 3438 2008 nos
3465 1966 3623 2012 vexet
3649 1974 3814 2014 mun-

2207 2030 2329 2097 dus,
2364 2048 2463 2088 nos
2484 2046 2662 2090 autem
2695 2038 2839 2107 ipsos
2866 2055 2969 2094 non
2991 2057 3269 2107 vexemus,
3305 2046 3435 2099 nihil
3465 2050 3621 2106 nobis
3649 2051 3818 2109 fuerit

2207 2124 2513 2179 molestum.
2544 2127 2601 2181 ln
2627 2142 2810 2184 nostra
2855 2148 2983 2202 ergo
3031 2144 3294 2203 potestate
3321 2140 3481 2194 situm
3529 2154 3613 2197 ρει
3641 2157 3700 2200 ut
3727 2146 3814 2202 κά

2205 2215 2525 2287 afﬂigamur,
2559 2221 2641 2275 vel
2694 2238 2800 2276 non
2831 2222 3149 2294 afﬂigamur.

2275 2308 2328 2362 4.
2359 2307 2616 2364 Patientia
2653 2323 2896 2381 quantum
2928 2319 3132 2373 bonum.
3169 2317 3367 2375 Orandi
3387 2325 3587 2380 modus.
3619 2356 3691 2368 —-
3741 2329 3810 2385 υι

2201 2410 2378 2455 autem
2403 2402 2577 2459 discas
2599 2407 2760 2460 etiam
2785 2390 2850 2462 ex
2875 2425 3006 2466 voce
3027 2414 3342 2482 apostolica,
3361 2415 3557 2486 quanta
3587 2419 3810 2479 libertas

2201 2493 2406 2546 oriatur
2450 2509 2516 2548 ex
2547 2496 2855 2566 afﬂictione,
2891 2501 3014 2556 audi
3071 2504 3246 2572 ipsum
3293 2506 3514 2564 Paulum
3571 2511 3806 2570 fructum

2197 2581 2502 2640 al'ﬂietionis
2553 2600 2903 2644 narrantem:
2949 2592 3230 2650 Tribulatio
3282 2609 3452 2653 autem
3503 2604 3804 2671 patientiam

2194 2687 2437 2743 operatur
2467 2693 2484 2731 :
2528 2681 2771 2749 patientia
2796 2693 2962 2737 autem
3011 2687 3356 2756 probationem
3383 2733 3396 2754 ,
3431 2695 3664 2762 probatio
3685 2713 3804 2752 vero

2193 2783 2333 2836 spem
2351 2785 2370 2821 :
2398 2785 2510 2836 spes
2537 2781 2702 2825 autem
2731 2790 2831 2828 non
2864 2778 3132 2847 confundit
3161 2779 3333 2849 (Rom.
3365 2784 3418 2838 5.
3445 2786 3544 2840 5-5
3658 2788 3800 2845 lnef—

2193 2860 2407 2918 fabilem
2454 2865 2633 2920 vidisti
2678 2866 3053 2924 latitudinem?
3084 2873 3260 2928 vidisti
3301 2883 3514 2944 portum
3563 2880 3801 2937 Latitiae?

2195 2951 2521 3021 Patientiam,
2555 2958 2742 3028 inquit,
2772 2961 2918 3030 efficit
2936 2962 3166 3032 afﬂictio.
3210 2965 3345 3032 Quid
3373 2971 3516 3023 enim
3574 2971 3797 3031 homine

2190 3046 2596 3116 patientissimo,
2626 3061 2680 3104 et
2717 3053 2805 3121 qui
2829 3062 3008 3108 omnia
3040 3056 3195 3112 facile
3225 3057 3365 3115 ferre
3391 3051 3615 3130 potest,-
3646 3075 3796 3124 tran-

2188 3139 2402 3208 quillius
2421 3137 2590 3212 ?quid
2618 3143 2845 3213 probato
2877 3145 3035 3202 fuerit
3063 3148 3252 3204 fortius
3273 3153 3295 3204 ?
3316 3153 3441 3222 quid
3460 3166 3639 3213 autem
3661 3176 3795 3216 con-

2187 3229 2313 3283 ferri
2341 3239 2517 3300 potest
2535 3249 2657 3288 eum
2679 3250 2743 3289 ea
2773 3250 2894 3306 qua;
2924 3237 3048 3293 hinc
3074 3241 3247 3296 oritur
3276 3243 3671 3303 delectatione?
3698 3252 3792 3306 Di-

2183 3321 2256 3376 cit
2283 3324 2427 3378 enim
2459 3327 2614 3383 nobis
2663 3336 2771 3383 tres
2815 3331 3119 3401 voluptates
3165 3350 3286 3404 qua:
3338 3337 3464 3395 hinc
3510 3343 3783 3412 oriuntur,

2183 3415 2514 3484 patientiam,
2548 3420 2918 3488 probationem
2945 3466 2959 3486 ,
2990 3435 3044 3479 et
3067 3440 3215 3495 spem
3248 3427 3548 3487 futurorum
3601 3436 3778 3492 bono-

2181 3521 2320 3560 rum.
2353 3507 2428 3562 De
2480 3511 2562 3565 his
2604 3528 2745 3568 nunc
2776 3515 3162 3585 philos0phans
3203 3523 3462 3591 propheta
3516 3526 3731 3584 dicebat
3763 3549 3782 3586 :

2182 3597 2246 3652 In
2275 3600 2598 3655 tribulatione
2623 3604 2851 3660 dilatasti
2881 3608 3024 3661 mihi.
3056 3610 3188 3676 Quia
3219 3615 3362 3666 enim
3394 3615 3570 3672 dixit:
3602 3620 3784 3676 Επα-

2177 3687 2299 3741 divit
2322 3705 2400 3742 me
2427 3690 2566 3747 Deus
2593 3703 2622 3758 ,'
2651 3710 2886 3764 quonam
2930 3699 3090 3753 modo
3116 3703 3388 3759 exaudivit
3439 3707 3534 3761 ait.
3569 3709 3686 3766 Non
3725 3714 3778 3768 iu

2175 3783 2415 3848 pecuniis
2448 3801 2460 3833 :
2494 3785 2629 3839 nihil
2665 3790 2807 3841 enim
2841 3792 3055 3858 petebat
3078 3795 3340 3863 ejusmodi
3369 3816 3382 3861 ;
3410 3817 3515 3854 non
3568 3817 3626 3858 ut
3655 3808 3775 3862 viu-

2172 3879 2322 3926 cerct
2350 3872 2628 3928 inimicos:
2659 3893 2781 3932 nam
2833 3895 3006 3950 neque
3049 3884 3161 3940 haec
3208 3889 3535 3958 posmlabat;
3567 3882 3670 3949 sed
3721 3899 3772 3953 iu

2173 3963 2560 4032 tranquillitate
2611 3983 2731 4036 quae
2768 3971 2819 4023 in
2864 3973 3042 4027 medio
3087 3976 3404 4035 afﬂictiouis
3445 3994 3631 4039 exorta
3662 3999 3765 4043 est.

2173 4053 2414 4109 Miserere
2443 4057 2559 4122 mei,
2604 4069 2650 4111 et
2678 4063 2864 4115 exaudi
2908 4067 3186 4120 orationem
3216 4086 3397 4124 meam.
3426 4075 3563 4140 Qttid
3592 4076 3770 4133 dicis?

2169 4145 2453 4202 Meministi
2484 4152 2731 4219 superius
2755 4154 2998 4220 jus:iti;c,
3033 4158 3118 4212 luc
3145 4149 3524 4220 miserationis
3571 4177 3627 4223 et
3667 4171 3770 4224 uti-

2167 4241 2519 4298 sericordiae:
2569 4254 2624 4299 et
2667 4262 2826 4315 quam
2881 4249 2996 4305 h.t-c
3049 4251 3247 4308 habent
3287 4263 3768 4333 consequentiam?

2164 4332 2421 4397 Multam,
2478 4347 2533 4390 et
2593 4337 2858 4404 prioribus
2911 4343 3200 4398 admodum
3254 4332 3575 4407 eonuexam.
3629 4355 3764 4411 Nam

2164 4423 2375 4478 etiamsi
2405 4424 2685 4481 innumera
2718 4443 2865 4484 recte
2905 4431 3212 4498 fecerimus,
3244 4439 3682 4501 miserationibus
3713 4460 3764 4503 et

2162 4516 2448 4571 clementia
2476 4518 2742 4572 audimur.
2794 4519 3014 4578 Etiamsi
3046 4526 3112 4577 ad
3155 4526 3328 4595 ipsum
3373 4531 3583 4587 virtutis
3613 4534 3756 4592 fasti-

2161 4607 2303 4676 gium
2333 4611 2758 4678 pervenerimus,
2815 4629 3096 4670 servamur
3122 4633 3150 4670 a
3193 4620 3580 4679 misericordia.
3622 4627 3762 4690 Hinc

2160 4700 2436 4765 discimus,
2469 4717 2590 4755 cum
2627 4703 2833 4770 justilia
2875 4718 3052 4761 mente
3091 4723 3307 4780 quoque
3353 4717 3584 4771 contrita
3619 4734 3761 4790 opus

2159 4806 2297 4846 esse.
2321 4792 2530 4846 Etenim
2552 4793 2669 4847 licet
2687 4795 2755 4848 sit
2772 4807 3040 4864 peccator,
3059 4802 3103 4854 si
3121 4816 3241 4856 eum
3263 4803 3559 4862 humilitate
3578 4825 3760 4868 oram.

2159 4885 2245 4951 rit,
2277 4902 2398 4955 qua:
2423 4897 2506 4940 est
2545 4903 2668 4956 pars
2710 4890 2951 4955 virtutis,
2982 4909 3170 4964 magna
3202 4899 3396 4965 poterit
3424 4901 3640 4960 efﬁcere
3666 4923 3678 4959 :
3702 4918 3760 4962 et

2159 4979 2281 5032 licet
2305 4980 2584 5049 sitjustus,
2619 4981 2661 5032 si
2693 4997 2813 5034 cum
2837 4990 3140 5055 arrogantia
3169 4994 3457 5047 accesserit
3489 5035 3503 5058 ,
3539 5011 3566 5046 a
3600 4995 3758 5052 bonis

2158 5072 2406 5125 omnibus
2455 5073 2684 5126 excidet.
2723 5075 3008 5147 Utriusque
3037 5083 3278 5150 exempla
3314 5101 3410 5140 nos
3453 5087 3757 5146 docuerunt

2156 5167 2468 5234 publicanus
2509 5177 2560 5220 et
2606 5168 2905 5222 Pharismns
2956 5172 3106 5243 (Luc.
3143 5175 3255 5245 i8).
3299 5177 3524 5246 Oportet
3574 5183 3757 5255 itaque

2216 5262 2286 5347 (cli)
2312 5263 2400 5347 Hic
2423 5264 2624 5347 omnino
2646 5267 3059 5347 videturfaliquid
3085 5273 3368 5347 desiderari
3391 5294 3402 5328 :
3427 5281 3531 5330 haec
3559 5284 3748 5347 quippe

2152 5325 2321 5402 verba,
2353 5327 2450 5402 Fac
2473 5326 2613 5395 nobis
2640 5330 2758 5396 deos
2789 5330 2871 5393 qui
2897 5325 2982 5383 nos
3006 5325 3305 5402 prajcedmtt,
3326 5325 3751 5402 ’ἑιὲῗῖιῶἓῗιίλῖ

2154 5386 2549 5468 philosophantis
2574 5391 2768 5448 annuae,
2798 5386 2978 5468 'neque
3006 5386 3110 5446 ὐέί
3149 5386 3750 5468 auxilium,"'iuio'puiiiiié

2155 5449 2542 5528 indignationem
2569 5449 2934 5528 aliraxvruut?
2961 5467 3100 5507 certe
3125 5462 3275 5528 verba
3315 5449 3416 5528 illa,
3583 5449 3745 5520 induti:

2153 5507 2296 5574 illum
2322 5509 2479 5590 Exodi
2526 5528 2845 5590 sequnmur,‘
2871 5507 3024 5590 aiinm
3067 5526 3268 5572 omnino
3316 5507 3476 5576 ιοιτῦιῖι
3513 5507 3745 5590 spectare

2156 5568 2412 5656 vitientur.
2444 5568 2847 5656 ht‘tarnenapud
2876 5581 3118 5650 Suviiitmt
3143 5598 3335 5635 necnon
3365 5591 3411 5636 in
3438 5568 3568 5638 «ζυιιῖι
3617 5593 3739 5656 Reg.

2154 5630 2221 5714 ita
2249 5632 2460 5708 legitur,
2489 5636 2567 5684 Dei
2594 5630 2836 5714 «auxilium.
2878 5644 3170 5713 attrtu‘g‘ittt
3211 5654 3424 5708 tempore
3466 5630 3744 5714 οργυγηῖιῗο

2155 5695 2241 5762 (ὡς
2265 5695 2410 5750 αὐτὴν
2443 5699 2794 5747 ἐπισπάστσίυιι
2845 5704 2923 5749 τοῦ
2963 5706 3086 5753 ωεοῦ
3129 5712 3211 5764 τήν
3253 5695 3400 5771 parum
3433 5695 3548 5772 usi;
3573 5719 3743 5778 καιρνὴ

2153 5755 2238 5803 τοῦ
2261 5761 2603 5818 προσήκοντος)
2619 5800 2625 5806 .
