4070 6454
255 401 328 458 ἠδ
1467 383 1842 445 EXPOSITIO

1991 381 2331 441 PSALLIUH
2369 382 2456 442 IV.
3471 380 3543 436 ιι

247 515 517 589 μάθωμεν
558 510 674 576 πῶς
715 509 798 565 δεῖ
834 508 1045 580 ταύτην
1092 504 1367 561 ποιεῖσθαι
1413 503 1515 576 τὴν
1565 501 1844 574 ἐντυχίαν.

247 610 365 663 Οὐκ
407 609 486 672 είς
540 606 793 677 μουσεῖον
830 601 1052 658 ἀπιέναι
1095 600 1198 663 δεῖ,
1221 597 1345 652 οὐδέ
1374 596 1637 669 χρήματα
1665 592 1850 648 ἀναλί-

250 719 425 765 σκειν,
475 698 598 752 οὐδὲ
626 693 1012 763 παιδαγωγοὺς
1060 690 1409 764 μισθοῦσθαι,
1442 688 1539 740 καὶ
1587 686 1847 756 ῥήτορας,

249 796 347 851 καὶ
371 791 665 862 σοφιστὰς,
692 789 816 856 οὐδὲ
843 785 1038 859 χρόνον
1068 782 1236 837 πολὺν
1265 779 1534 847 δαπανᾷν,
1570 775 1716 828 ὥστε
1748 790 1851 844 μα-

252 889 368 944 θεῖν
396 886 496 957 τὴν
539 880 830 956 ῥητορείαν
859 877 1098 948 ταύτην·
1133 873 1250 928 ἀλλ’
1281 873 1442 944 ἀρκεῖ
1486 869 1712 939 θελῆσαι
1750 865 1852 936 μό-

251 1001 364 1045 νον,
396 981 493 1036 καὶ
534 979 606 1032 τὰ
650 977 750 1047 τῆς
793 973 990 1044 τέχνης
1036 970 1397 1042 ἀπήρτισται.
1435 963 1547 1018 K01
1577 963 1678 1032 οὐχ
1710 959 1853 1031 ὑπὲρ

251 1071 484 1128 σεαυτοῦ
514 1071 719 1141 δυνήσῃ
767 1066 927 1137 μόνον
957 1065 1016 1119 ἐν
1049 1061 1130 1132 τῷ
1162 1056 1504 1128 δικαστηρίῳ
1545 1053 1722 1123 τούτῳ
1763 1051 1853 1105 λέ-

253 1187 395 1240 γειν,
426 1167 564 1221 ἀλλά
593 1165 688 1218 καὶ
719 1162 861 1232 ὑπὲρ
895 1159 1100 1230 ἐτέρων
1141 1154 1378 1209 πολλῶν.
1423 1149 1537 1204 Καὶ
1564 1147 1650 1211 τίς
1696 1148 1724 1200 ὁ
1755 1147 1857 1216 τῆς

251 1258 540 1330 δικανικῆς
561 1255 768 1324 ταύτης
796 1251 1029 1318 σκοπός;
1075 1250 1133 1302 '0
1161 1250 1263 1319 τῆς
1288 1246 1454 1319 εὐχῆς
1482 1243 1708 1314 τρόπος.

325 1439 403 1494 Τδ
453 1436 698 1506 νηφούση
747 1429 977 1502 διανοίᾳ,
1007 1429 1070 1482 τὸ
1117 1423 1558 1495 συντετριμμένῃ
1586 1421 1735 1490 ψυχῇ
1756 1458 1770 1482 ,
1795 1417 1859 1471 τὸ

258 1533 400 1606 μετά
447 1527 641 1602 πηγῶν
688 1526 940 1596 δακρύων
993 1519 1143 1589 αὐτῷ
1201 1515 1520 1588 προσιέναι,
1571 1510 1634 1565 τὸ
1691 1510 1860 1582 μηδὲν

257 1602 431 1681 αἰτεῖν
453 1621 724 1694 βιωτικδν,
760 1619 822 1670 τὸ
847 1615 957 1669 τῶν
987 1611 1288 1685 μελλόντων
1320 1609 1474 1680 ἐρᾷν,
1494 1605 1726 1674 τὸύπέρ
1749 1602 1858 1694 τῶν

255 1714 646 1788 πνευματικῶν
668 1708 938 1763 ποιεῖσθαι
955 1707 1056 1778 τὴν
1091 1701 1354 1767 ἔντευξιν,
1389 1698 1450 1753 τὸ
1486 1697 1561 1770 μὴ
1593 1693 1860 1764 κατεύχε-

258 1812 384 1864 σθαι
418 1808 529 1862 τῶν
571 1805 806 1875 ἐχθρῶν,
831 1801 892 1856 τὸ
925 1797 1118 1871 μηδενὶ
1166 1795 1547 1867 μνησικακεῖν,
1576 1790 1638 1843 τὸ
1679 1788 1860 1842 πάντα

257 1899 545 1956 ἐκϐάλλειν
581 1897 689 1951 ἀπο
724 1894 827 1963 τῆς
864 1890 1045 1962 ψυχῆς
1086 1888 1156 1941 τά
1188 1887 1338 1956 πάθη
1359 1926 1373 1948 ,
1413 1883 1475 1937 τὸ
1509 1881 1864 1953 συντρίϐοντα

257 1993 360 2064 τὴν
385 1989 616 2062 καρδίαν
648 1986 791 2040 οὕτω
821 1980 1205 2053 προσιέναι,τδ
1235 1975 1615 2034 συνεστάλθαι,
1642 1972 1704 2026 τὸ
1729 1972 1863 2025 πολ-

257 2082 358 2151 λὴν
389 2083 491 2154 τὴν
536 2080 836 2134 ἐπιείκειαν
870 2076 1130 2147 μελετᾷν,
1169 2072 1263 2126 καὶ
1303 2071 1402 2141 τὴν
1446 2068 1695 2138 γλῶτταν
1727 2064 1865 2140 πρὸς

259 2173 543 2246 εὐφημίαν
574 2170 819 2243 τρέπειν,
853 2168 915 2239 τὸ
953 2167 1142 2238 μηδενὶ
1176 2164 1287 2218 τῶν
1329 2162 1584 2238 ⁴πονηρῶν
1614 2159 1864 2216 συνίστα-

261 2266 388 2322 σθαι
416 2262 785 2337 πραγμάτων,
815 2260 877 2314 τὺ
899 2260 1066 2332 μηδὲν
1097 2257 1276 2311 κοινὸν
1307 2256 1451 2327 ἔχειν
1481 2254 1617 2326 πρὸς
1637 2253 1727 2308 τὸν
1751 2268 1866 2306 κοι-

259 2357 352 2414 νὺν
377 2359 478 2427 τῆς
499 2353 828 2426 οἰκουμένης
854 2352 1070 2424 ἐχθρὸν,
1086 2350 1232 2418 λέγω
1263 2350 1328 2420 δὴ
1355 2349 1446 2402 τὸν
1472 2347 1741 2402 διάϐολον.
1761 2345 1866 2400 Τὸν

261 2450 374 2520 γὰρ
411 2447 553 2519 ὐπὶρ
599 2447 802 2518 ἐτέρων
830 2443 1060 2501 λέγοντα
1096 2442 1330 2512 βασιλεῖ,
1368 2428 1461 2496 καί
1503 2440 1623 2504 τοῖς
1652 2439 1868 2511 ἐχθροῖς

263 2537 481 2592 ἐκείνου
515 2535 1016 2606 κοινολογούμενον,
1050 2535 1146 2588 καὶ
1188 2535 1239 2588 υι
1273 2532 1474 2598 ἔξωθεν
1497 2532 1651 2604 νόμοι
1696 2549 1870 2604 τιμω-

265 2629 443 2696 ροῦσι.
470 2631 582 2683 Καὶ
605 2629 670 2682 σὺ
697 2627 899 2690 τοίνυν,
930 2628 979 2680 εί
1002 2626 1182 2697 βούλει
1212 2627 1306 2680 καὶ
1338 2627 1482 2696 ὑπὲρ
1517 2625 1746 2680 σεαυτοῦ
1775 2626 1871 2679 καὶ

269 2723 412 2793 ὑπὲρ
439 2721 644 2792 ἐτέρων
684 2718 886 2787 λέγειν,
932 2717 1087 2772 τοῦτο
1115 2717 1179 2789 δὴ
1225 2716 1461 2787 μάλιστα
1499 2716 1868 2788 κατόρθωσον,

265 2814 330 2868 τὸ
358 2813 526 2884 μηδὲν
551 2812 731 2868 κοινὸν
757 2811 902 2882 ἔχειν
929 2811 1068 2882 πρὸς
1089 2810 1183 2864 τὸν
1206 2809 1385 2863 κοινὸν
1410 2810 1511 2887 τῆς
1543 2809 1872 2879 οἰκουμένης

266 2907 483 2978 ἐχθρόν.
513 2905 672 2960 Οῠτω
695 2905 806 2976 γάρ
834 2903 933 2976 ἔσῃ
961 2904 1169 2967 δίκαιος
1191 2919 1204 2933 ·
1224 2903 1320 2956 καὶ
1347 2902 1556 2966 δίκαιος
1581 2901 1678 2965 ὢν,
1708 2903 1872 2956 ἀκου-

269 2999 373 3070 σθή
383 3011 472 3070 σῃ,
495 2995 754 3066 τοιαύτην
774 2995 913 3065 έχων
933 3007 954 3033 ο
973 2997 1293 3065 συνήγορον.
1330 2995 1434 3048 Ἐν
1454 2996 1660 3060 θλίψει
1682 2994 1874 3048 ἐπλά-

277 3083 469 3148 τυνὰς
502 3099 624 3152 μοι.
661 3083 776 3135 οὐκ
805 3080 950 3148 είπε,
983 3081 1316 3152 Παρήγαγες
1343 3079 1442 3146 τάς
1475 3080 1706 3152 θλίψεις,
1738 3083 1883 3152 οὐδὲ,

278 3174 520 3236 ’Δνεῖλες
543 3172 670 3235 τούς
695 3174 1058 3243 πειρασμούς,
1087 3174 1225 3240 ἀλλ’,
1245 3174 1494 3244 ’Δφῆκας
1519 3178 1764 3241 ἑστάναι,
1785 3181 1881 3232 καὶ

277 3264 660 3330 Ἰιῖπλιίτυνὰς
681 3283 802 3333 μοι.
832 3265 904 3318 Τδ
928 3266 1036 3338 γὰρ
1058 3249 1373 3337 εὐμήχανον
1406 3267 1501 3322 τοῦ
1528 3269 1667 3324 Θεοῦ
1696 3271 1792 3324 καὶ
1817 3272 1879 3324 τὸ

273 3354 509 3428 εὖπορον
535 3357 831 3413 κάντεῦθεν
867 3358 1102 3428 μάλιστα
1126 3360 1424 3426 δείκνυται,
1443 3363 1544 3415 οὐκ
1561 3363 1619 3413 ἐν
1634 3362 1714 3432 τῷ
1743 3379 1878 3433 παρ⁸

271 3452 520 3519 ινεγκεῖν
546 3450 645 3514 τάς
681 3450 892 3521 θλίψεις
924 3451 1104 3522 μόνον,
1117 3451 1255 3505 ἀλλά
1276 3454 1370 3507 καὶ
1401 3454 1460 3507 ἐν
1484 3452 1563 3524 τῷ
1599 3455 1879 3524 μενουσῶν

272 3541 457 3596 αὐτῶν
512 3542 714 3617 πολλὴν
772 3542 1035 3614 παρέχειν
1082 3542 1182 3616 τὴν
1230 3543 1538 3615 ῥᾳστώνην.
1575 3545 1748 3599 Τοῦτο
1784 3548 1879 3601 καὶ

271 3633 369 3689 τοῦ
413 3633 552 3687 Θεοῦ
596 3633 837 3688 δείκνυσι
868 3635 966 3705 τὴν
990 3634 1171 3706 ἰσχὺν,
1212 3637 1456 3700 καὶτοὺς
1501 3637 1878 3708 ἐμπίπτοντας

277 3725 396 3800 [I0]
429 3726 899 3796 φιλοσοφωτέρους
929 3727 1246 3797 ἐργάζεται,
1275 3728 1404 3782 ὅταν
1440 3731 1537 3782 καὶ
1567 3731 1880 3803 εὐρυχωρία

273 3814 310 3893 ᾖ
341 3817 815 3890 παραμυθουμένη
861 3819 962 3890 τὴν
991 3818 1316 3892 θλιϐομένην
1348 3821 1548 3892 ψυχὴν,
1579 3822 1675 3875 καὶ
1707 3824 1740 3894 ἡ
1768 3823 1881 3876 θλί-

273 3910 371 3982 ψις
407 3910 485 3981 μὴ
527 3908 866 3981 καταλύηται
900 3910 1210 3980 σφίγγουσα
1249 3912 1454 3982 ταύτην
1503 3895 1876 3985 ῥᾳθυμοῦσαν,

274 4000 374 4056 καὶ
405 4003 587 4072 πάσης
609 4001 1026 4056 ἀπαλλάττουσα
1052 4003 1366 4074 ὀλιγωρίας.
1393 4003 1500 4058 Καὶ
1524 4004 1664 4069 πῶς,
1688 4007 1877 4075 φησιν,

274 4093 336 4146 ἐν
371 4092 553 4163 θλίψει
589 4093 785 4162 γένοιτ’
824 4093 890 4148 ἂν
935 4095 1286 4166 πλατυσμός;
1332 4096 1420 4160 Ὠς
1452 4098 1511 4150 ἐν
1549 4099 1617 4167 τῇ
1664 4096 1881 4168 καμίνῳ

273 4183 388 4238 τῶν
412 4184 580 4256 τριῶν
604 4185 830 4250 παίδοιν,
854 4186 930 4251 ὡς
969 4189 1026 4240 ἐν
1052 4186 1132 4257 τῷ
1159 4187 1349 4262 λάκκῳ
1375 4186 1486 4240 τῶν
1519 4187 1772 4240 λεόντων.
1805 4189 1881 4240 Οὐ

275 4274 387 4348 γὰρ
409 4275 603 4329 ἔσϐεσε
629 4276 729 4346 τὴν
773 4277 968 4346 φλόγα,
1001 4279 1098 4331 καὶ
1140 4277 1262 4330 τότε
1297 4277 1555 4348 ἐποίησεν
1593 4279 1792 4343 αὐτοὺς
1824 4281 1882 4332 ἐν

277 4364 596 4437 εὐρυχωρίᾳ
632 4363 803 4420 εἶναι·
836 4368 957 4421 οὐδὲ
1004 4368 1299 4421 ἀπέκτεινε
1341 4369 1468 4432 τοὺς
1500 4369 1745 4434 λέοντας,
1786 4371 1881 4424 καὶ

277 4456 342 4510 τὸ
371 4457 678 4527 τηνικαῦτα
705 4459 870 4512 αὐτὸν
895 4459 1231 4531 κατέστησεν
1258 4462 1317 4513 ἐν
1340 4460 1496 4531 ἀδείᾳ
1515 4477 1527 4492 '
1554 4460 1693 4514 ἀλλά
1720 4462 1884 4514 κάκεῖ

277 4550 383 4621 τῆς
408 4551 642 4622 καμίνου
675 4551 921 4623 σφοδρῶς
955 4552 1359 4623 ἁναπτομένης,
1386 4554 1481 4605 καὶ
1513 4551 1750 4606 ἐνταῦθα
1772 4552 1882 4605 τῶν

279 4641 486 4715 θηρίων
533 4645 990 4715 παραμενόντων,
1023 4647 1072 4697 οἱ
1107 4645 1308 4698 δίκαιοι
1358 4645 1560 4716 πολλῆς
1593 4645 1882 4713 ,ἀπέλαυον

278 4737 382 4808 τῆς
419 4737 723 4810 ῥᾳστώνης.
764 4739 920 4792 Ἐστι
957 4738 1014 4791 δὲ
1043 4739 1138 4792 καὶ
1174 4739 1379 4804 ἑτέρως
1428 4737 1772 4809 εὐρυχωρίαν
1801 4736 1881 4791 ei;

281 4832 434 4886 πεῖψ
471 4824 584 4882 οἷον
632 4831 761 4882 ὅταν
793 4830 897 4882 ὑπὸ
939 4831 1048 4882 τῶν
1082 4829 1410 4900 πειρασμῶν
1451 4832 1483 4898 ἡ
1511 4829 1659 4900 ψυχὴ
1699 4829 1870 4882 θλιϐο-

285 4921 422 4991 μένη
457 4920 563 4973 τῶν
593 4920 783 4973 παθῶν
818 4921 1248 4989 ἀπαλλάττηται,
1290 4921 1384 4973 καὶ
1416 4919 1526 4972 τῶν
1560 4921 1882 4990 νοσημάτων

281 5011 392 5064 τῶν
416 5010 656 5063 πολλῶν
688 5011 810 5063 τότε
832 5013 940 5084 γάρ
971 5013 1206 5081 μάλιστα
1245 5012 1347 5080 τῆς
1373 5012 1716 5082 εὐρυχωρίας
1745 5014 1883 5065 ἀπο-

281 5102 458 5156 λαύει.
517 5101 711 5154 Πολλοὶ
766 5103 876 5172 γὰρ
927 5105 985 5155 ἐν
1039 5103 1313 5174 εὐημερίᾳ
1368 5105 1620 5172 μένοντες
1673 5103 1885 5175 ἔρωτας

285 5195 500 5267 ἔχουσιν
558 5195 962 5258 ἀτοπωτάτους,
1003 5194 1284 5259 θλίϐοντας
1327 5196 1506 5249 αὐτῶν
1545 5197 1644 5267 τὴν
1682 5196 1882 5267 ψυχὴν,

285 5289 378 5340 καὶ
406 5287 743 5359 χρημάτων,
779 5291 873 5340 καὶ
913 5289 1205 5355 σωμάτων,
1236 5289 1331 5340 καὶ
1374 5287 1579 5355 ἐτέρων
1626 5288 1885 5341 τοιούτοιν

283 5379 504 5433 ἀτόπων
539 5398 548 5408 ·
587 5382 666 5441 εἰς
711 5378 890 5448 θλίψιν
923 5379 979 5432 δὲ.
1016 5381 1350 5448 ἐμπεσόντες
1401 5382 1620 5434 πάντων
1667 5381 1884 5434 ἐλευθε-

290 5471 510 5542 ροῦνται
563 5473 809 5533 ἐκείνων,
867 5472 962 5524 καὶ
1011 5473 1250 5542 γίνονται
1290 5475 1345 5525 ἐν
1390 5473 1723 5544 εὐρυχωρίᾳ.
1777 5476 1887 5528 Καὶ

287 5564 542 5632 καθάπερ
579 5565 627 5615 οί
664 5565 721 5615 ὲν
774 5567 1024 5633 πυρετοῖς
1059 5565 1209 5626 ὄντες
1231 5605 1246 5628 ,
1281 5564 1385 5627 ἕως
1419 5565 1517 5633 μὲν
1547 5564 1886 5618 ἀπολαύουσι

287 5658 393 5710 τῶν
445 5656 751 5720 ἐπιθυμιῶν
807 5656 913 5708 τῶν
943 5657 1208 5726 ἀκαίρων,
1239 5656 1521 5728 τραπέζης
1554 5657 1698 5726 λέγω
1752 5658 1888 5728 πλη.

288 5751 506 5816 θούσης,
536 5750 627 5802 καὶ
668 5750 930 5818 ἀκράτου,
964 5751 1061 5802 καῖ
1090 5749 1347 5803 τοιούτων
1369 5751 1591 5823 ἐτέρων,
1623 5751 1887 5821 μειζόνως

291 5840 774 5913 στενοχωροῦνται·
808 5841 855 5892 εἰ
892 5840 946 5894 δὲ
977 5840 1286 5913 βουληθεῖεν
1316 5843 1538 5906 ἑαυτοὺς
1563 5841 1741 5910 ὀλίγον
1774 5841 1887 5894 θλί-

1956 500 2161 571 ψαντες
2186 499 2550 572 καρτερῆσαι,
2576 495 2780 568 πολλῆς
2805 493 3144 551 ἀπολαύουσι
3182 491 3280 562 τῆς
3316 489 3568 560 εὐρυχωο

1961 593 2105 666 ρίας,
2132 594 2226 646 καὶ
2248 592 2312 646 τὸ
2345 593 2537 660 πνῖγον
2556 588 2888 659 ἀποθέμενοι
2921 586 3140 656 καθαρᾷ
3157 581 3346 637 λοιπὸν
3371 581 3567 651 ἐντρυο

1959 684 2137 754 φῶσιν
2211 683 2375 755 ὑγεία
2417 699 2430 712 ·
2499 679 2646 735 οὕτω
2695 680 2792 734 καὶ
2861 678 2957 732 ἐπὶ
3035 676 3146 729 τῶν
3221 669 3568 744 πραγμάτων

1963 777 2276 850 συμϐαίνει.
2296 777 2468 831 Οὐδὲν
2504 775 2615 846 γὰρ
2649 771 2796 827 οὕτω
2826 771 3003 825 ποιεῖν
3037 768 3223 823 ἄνεσιν
3250 763 3464 829 εἴωθεν,
3492 761 3568 825 ώς

1963 867 2141 937 θλίψις
2159 868 2271 921 τῶν
2293 866 2566 938 βιωτικῶν
2592 864 2886 934 ἀπάγουσα
2905 862 3146 916 πάντων.
3169 857 3293 920 Πῶς
3317 856 3422 910 οίει
3443 854 3570 916 τοὺς

1976 960 2265 1024 Ἰουδαίους
2292 958 2623 1029 γεγενῆσθαι
2644 959 2704 1011 ἐν
2729 956 2929 1027 θλίψει,
2965 955 3060 1009 καὶ
3082 954 3173 1006 ὅτε
3199 946 3342 1022 ἦσαν
3389 949 3447 1000 ἐν
3483 946 3567 1000 εὐ·

1964 1053 2171 1125 ημερίᾳ
2191 1069 2208 1119 ;
2225 1053 2298 1106 Ἦ
2320 1053 2445 1123 οὐχὶ
2465 1049 2842 1122 πυρεττούσης
2872 1048 3050 1102 ταῦτα
3063 1045 3241 1117 ψυχῆς
3263 1042 3359 1097 καὶ
3379 1037 3568 1094 ἀλυού-

1959 1157 2069 1219 ’σης
2113 1150 2208 1202 καὶ
2258 1147 2688 1218 ῥιπταζομένης,
2743 1147 2807 1198 τὸ
2861 1144 3076 1212 λέγειν·
3106 1139 3378 1206 Ποίησον
3429 1135 3572 1202 ἡμῖν

1966 1239 2166 1305 θεοὺς,
2209 1238 2269 1292 οἳ
2303 1239 2831 1307 προπορεύσονται
2869 1232 3074 1305 ἡμῶν·
3104 1233 3138 1285 ό
3165 1230 3278 1300 τὰρ
3309 1221 3573 1291 Μωῧσῆ(
3593 1279 3624 1300 ,

1966 1328 2169 1398 οὗτος,
2201 1330 2271 1397 ὃς
2299 1329 2598 1401 ἐξήγαγεν
2629 1327 2789 1399 ἡμᾶς
2818 1329 2888 1382 ἐκ
2935 1325 3048 1394 τῆς
3093 1323 3424 1393 Αίγύπτου,
3464 1318 3575 1370 οὐκ

1968 1423 2221 1492 οίδαμεν
2247 1423 2306 1477 τί
2339 1422 2592 1493 γέγονεν
2625 1421 2789 1488 αὑτῷ
2806 1437 2825 1485 ;
2856 1421 2929 1474 Ἦ
2950 1419 3073 1488 οὐχὶ
3123 1419 3310 1471 ἐκεῖνα
3358 1413 3574 1487 φιλοσο-

1970 1517 2181 1588 φούσης
2208 1515 2390 1587 ψυχῆς
2409 1516 2504 1569 καὶ
2532 1513 2912 1584 ἀναπνεούσης
2940 1513 3004 1564 ἐκ
3033 1509 3141 1563 τῶν
3171 1504 3442 1579 βιωτικῶν
3471 1519 3577 1556 πα-

1970 1604 2081 1658 θῶν
2109 1604 2178 1658 τὰ
2215 1605 2458 1676 ῥήματα,
2483 1605 2575 1658 ὅτε
2595 1603 2866 1671 τοσαύτην
2898 1596 3242 1663 ἐπεδείξαντο
3275 1597 3374 1667 τὴν
3412 1591 3578 1663 εὐχὴ»

1971 1697 2316 1768 θλιϐόμενοι,
2349 1696 2426 1760 ὡς
2466 1696 2638 1770 αὐτὴν
2693 1692 3106 1749 ἐπισπάσασθαι
3141 1688 3238 1742 τοῦ
3284 1686 3423 1741 Θεοῦ
3480 1685 3580 1755 τὴν

1976 1786 2184 1857 ῥοπήν;
2219 1784 2392 1848 Αὐτὸς
2411 1785 2470 1838 δὲ
2497 1786 2526 1838 6
2556 1787 2844 1856 προφήτης
2864 1778 3042 1846 οὗτος,
3083 1781 3174 1834 ὅτε
3200 1775 3270 1850 ἦν
3291 1781 3349 1832 ἐν
3370 1776 3580 1838 ἀνέσει,

1974 1875 2092 1939 πῶς
2137 1873 2330 1945 ἐθλίϐηξ
2375 1875 2480 1928 ὑπὸ
2526 1876 2628 1946 τῆς
2674 1876 2919 1946 πονηρᾶς
2957 1870 3262 1942 ἐπιθυμίας
3315 1882 3581 1937 στενοχω⁶

1976 1969 2243 2042 ρούμενος
2299 1967 2396 2022 καὶ
2429 1969 2916 2041 σπαρασσόμενοςς
2945 1969 3035 2020 ὅτε
3066 1965 3124 2017 δὲ
3156 1964 3216 2016 ἐν
3269 1960 3449 2030 θλίψει
3485 1957 3582 2028 γέ-

1975 2081 2156 2134 γονεν,
2189 2065 2304 2118 ῐστε
2337 2065 2456 2128 πῶς
2485 2064 2712 2133 γέγονεν
2742 2065 2801 2116 ὲν
2825 2062 3031 2114 ἀνέσει.
3068 2056 3210 2112 Οὔτε
3245 2054 3355 2125 γὰρ
3378 2054 3586 2123 ἥπτετο

1976 2155 2142 2210 αὐτοῦ
2176 2159 2240 2209 τὸ
2286 2155 2416 2226 πῦρ,
2452 2155 2589 2209 ἀλλά
2614 2148 2772 2224 ’καὶὴ
2810 2152 2942 2221 φλὸξ
2983 2151 3174 2204 ἆπασα
3213 2142 3580 2212 κατεσϐέσθη.

1977 2248 2144 2302 Οὐδὲν
2182 2248 2293 2320 γὰρ
2339 2247 2486 2302 οὔτω
2529 2249 2676 2300 ποιεῖ
2715 2244 2919 2313 θλίψιν,
2949 2243 3025 2306 ὼς
3072 2241 3134 2294 τὺ
3176 2235 3582 2309 πολιορκεῖσθαι

1976 2338 2076 2412 τὴν
2104 2340 2412 2410 ψυχὴνύπδ
2437 2339 2546 2392 τῶν
2577 2337 2788 2392 παθῶν.
2817 2338 2884 2390 At
2919 2335 3021 2407 μὲν
3052 2332 3165 2404 γὰρ
3197 2330 3355 2386 ἄλλαι
3386 2325 3586 2392 ἔξωθεν

1979 2433 2440 2504 προσπίπτουσιν,
2464 2433 2522 2486 αἱ
2554 2433 2611 2486 δὲ
2648 2429 2861 2485 ἔνδοθεν
2895 2427 3146 2499 φύονται,
3177 2425 3274 2479 καὶ
3306 2420 3449 2490 αὕτη
3483 2418 3588 2490 μάο

1979 2525 2140 2580 λιστά
2191 2528 2343 2579 ἐστιν
2395 2527 2429 2597 ἡ
2472 2524 2645 2595 πολλὴ
2694 2522 2896 2593 θλίψις.
2949 2520 3071 2574 Κάν
3115 2520 3141 2572 6
3186 2517 3392 2587 κόσμος
3438 2513 3588 2584 ἡμᾶς

1980 2621 2158 2692 λυπῇ,
2183 2621 2345 2692 ἡμεῖς
2395 2619 2454 2673 δὲ
2502 2619 2731 2680 ἐαυτοὺς
2786 2615 2862 2686 μὴ
2912 2611 3208 2682 λυπῶμεν,
3234 2607 3388 2662 οὐδὲν
3435 2604 3591 2658 ἔσται

1980 2719 2014 2786 ἡ
2024 2718 2115 2786 μὶν
2140 2714 2334 2768 δεινόν.
2371 2713 2515 2784 Ἀρα
2540 2713 2599 2764 ἐν
2620 2712 2762 2782 ’ἡμῖν
2785 2708 2847 2761 τὸ
2878 2703 3183 2765 θλίϐεσθαι,
3216 2701 3314 2756 καὶ
3364 2698 3438 2752 μὴ
3456 2695 3584 2752 θλί-

1983 2807 2195 2861 ϐεσθαι.

2055 2963 2115 3018 δ’,
2144 2963 2263 3018 Ἵνα
2289 2961 2347 3014 δὲ
2378 2959 2558 3032 μάθῃς
2590 2959 2682 3014 καὶ
2718 2955 2828 3012 ἀπὸ
2853 2955 2956 3028 τῆς
2988 2951 3355 3021 ἀποστολικῆς
3383 2949 3590 3019 φωνῆς.

1986 3058 2131 3127 πόση
2147 3056 2256 3110 ἀπὸ
2271 3057 2370 3125 τῆς
2391 3053 2624 3124 θλίψεως
2638 3050 2955 3126 εὐρυχωρία
2978 3049 3213 3118 γίνεται,
3232 3044 3465 3100 ἄκουσον
3490 3042 3593 3095 αὐ-

1985 3150 2079 3204 τοῦ
2128 3149 2223 3202 τοῦ
2264 3146 2481 3200 Παύλου
2526 3145 2619 3200 τὸν
2652 3143 2868 3215 καρπον
2905 3141 3161 3211 λέγοντος
3181 3139 3284 3209 τῆς
3319 3136 3550 3206 θλίψεως
3577 3151 3592 3167 ο

1998 3245 2066 3299 Ἦ
2106 3243 2175 3297 δὲ
2198 3243 2408 3311 θλίψις
2435 3238 2758 3308 ὑπομονὴν
2792 3233 3211 3305 κατεργάζεται
3243 3251 3256 3265 ·
3288 3234 3328 3301 ἡ
3361 3230 3431 3285 δὲ
3459 3232 3599 3285 ὐπο-

1990 3335 2143 3407 μονὴ
2169 3335 2284 3409 [HI
2308 3331 2587 3402 δοκιμὴν,
2616 3332 2654 3400 ὴ
2685 3331 2754 3385 δὲ
2797 3329 3014 3399 δοκιμὴ
3039 3327 3294 3383 ἐλπίδα·
3316 3328 3353 3394 ἡ
3396 3324 3465 3377 δὲ
3494 3323 3597 3376 ἐλ-

1989 3433 2091 3497 πὶς
2110 3433 2184 3484 οὐ
2211 3427 2624 3496 καταισχύνει.
2651 3420 2802 3488 Εἶδες
2832 3419 3181 3494 εὐρυχωρίαν
3199 3419 3408 3489 ἄφατον
3427 3459 3441 3481 ,
3459 3410 3598 3477 εἶδες

1989 3521 2183 3594 λιμένα
2239 3519 2582 3592 εὐφροσύνης
2612 3535 2626 3582 ;
2671 3515 3050 3585 Ὑπομονὴν,
3074 3513 3262 3584 φησὶν,
3319 3511 3357 3578 ’ἡ
3388 3510 3598 3577 θλίψις

1991 3613 2424 3684 κατεργάζεται.
2455 3612 2522 3665 Τί
2553 3612 2662 3682 γὰρ
2695 3608 2889 3680 ἀνδρὸς
2941 3595 3424 3678 καρτερικωτάτου
3447 3641 3464 3666 ,
3504 3601 3600 3652 καὶ

1993 3709 2171 3761 πάντα
2195 3704 2498 3776 δυναμένου
2547 3703 2746 3776 ῥᾳδίως
2781 3702 2991 3771 φέρειν,
3032 3698 3426 3765 ἀνεκτότερονς
3459 3693 3514 3746 τί
3541 3693 3600 3746 δέ

1989 3798 2218 3870 δοκίμου
2262 3797 2464 3868 γένοιτ’
2496 3795 2563 3850 ἂν
2597 3794 2984 3865 ίσχυρότερον;
3014 3790 3066 3844 τί
3109 3791 3168 3844 δὲ
3199 3789 3300 3860 τῆς
3347 3787 3600 3841 ἐντεῦθεν

1992 3891 2207 3962 τρυφῆς
2233 3890 2385 3958 ῐσον;
2423 3890 2586 3960 Τρεῖς
2621 3887 2730 3959 γάρ
2765 3886 2899 3956 ἡμῖν
2941 3883 3135 3956 ἡδονὰς
3161 3881 3416 3935 ἐντεῦθεν
3450 3878 3602 3947 λέγει

1992 3987 2344 4054 τικτομένας,
2366 3983 2465 4054 τὴν
2491 3979 2794 4051 ὑπομονὴν,
2824 3978 2924 4048 τὴν
2959 3974 3214 4047 δοκιμὴν,
3254 3976 3347 4028 καὶ
3387 3973 3489 4044 τὴν
3517 3971 3604 4026 ἐλ-

1995 4080 2126 4134 πίδα
2161 4077 2271 4132 τῶν
2303 4075 2606 4146 μελλόντων
2638 4070 2880 4140 ἀγαθῶν.
2902 4069 3039 4134 Περὶ
3075 4069 3284 4122 τούτων
3312 4066 3407 4119 νῦν
3449 4063 3603 4134 φιλο-

1995 4169 2176 4239 σοφῶν
2223 4169 2252 4223 ὁ
2294 4166 2590 4237 Προφήτης
2623 4162 2838 4230 ἔλεγεν·
2879 4161 2984 4215 Ἐν
3014 4158 3222 4226 θλίψει
3251 4153 3602 4233 ἐπλιίτυνίίς

1989 4260 2345 4335 μοι.Ἐπειδή
2363 4260 2474 4330 γὰρ
2497 4253 2674 4319 εἶπεν,
2690 4251 3042 4322 Είσήκουσέ
3059 4269 3179 4319 μου
3202 4253 3235 4304 ό
3267 4250 3434 4314 Θεὸς,
3455 4246 3604 4314 λέγει

1995 4360 2052 4410 ἐν
2081 4356 2222 4425 ποίῳ
2259 4354 2449 4423 τρόπῳ
2482 4352 2830 4423 είσήκουσεν.
2868 4350 2984 4402 Ούκ
3016 4349 3074 4400 ἐν
3099 4347 3383 4417 χρήμασιν
3410 4359 3425 4375 ο
3450 4340 3604 4395 οὐδὲν

1995 4447 2105 4518 γὰρ
2130 4446 2314 4517 ἐζήτει
2340 4443 2610 4498 τοιοῦτον·
2643 4444 2740 4513 οὐχ
2787 4443 2874 4495 ἵνα
2916 4440 3131 4512 ἐχθρῶν
3163 4439 3418 4509 κρατήσῃ
3438 4453 3452 4467 ο
3481 4436 3607 4491 οὐδὲ

1994 4539 2104 4610 γάρ
2129 4537 2303 4591 ταῦτα
2328 4537 2449 4608 ᾔτει
2468 4554 2482 4566 ο
2509 4535 2623 4589 ἀλλ’
2663 4537 2723 4588 ὲν
2764 4535 2948 4588 ἀνέσει
2977 4536 3045 4604 τῇ
3078 4535 3137 4586 ἐν
3175 4532 3330 4604 μέσῳ
3356 4534 3455 4602 τῆς
3489 4529 3607 4583 θλί-

1993 4633 2140 4702 ψεως
2174 4629 2466 4700 γενομένῃ.
2498 4627 2892 4693 υίκτεὶρησόν
2912 4643 3009 4694 με.
3073 4624 3174 4679 καί
3231 4623 3608 4678 εἰσάκουσον

1995 4723 2104 4790 τῆς
2131 4718 2482 4789 προσευχῆς
2493 4737 2632 4788 μου.
2653 4719 2718 4771 Τί
2739 4718 2952 4786 λέγεις;
2977 4718 3122 4770 Ἀνω
3139 4714 3489 4784 δικαιοσύνης
3511 4713 3608 4783 μέ·-

1999 4831 2224 4886 μνησαι,
2255 4811 2496 4865 ἐνταῦθα
2515 4810 2801 4880 οἰκτιρμοῦ
2833 4810 2924 4862 καὶ
2953 4809 3102 4862 ἐλέου
3125 4825 3138 4840 ο
3169 4809 3262 4860 καὶ
3297 4805 3400 4860 ποῦ
3434 4804 3608 4859 ταῦτα

1997 4908 2319 4964 ἀκολουθίαν
2351 4906 2506 4976 σχοίη
2543 4921 2558 4970 ;
2593 4904 2802 4975 Πολλὴν
2833 4904 2931 4972 μὲν
2969 4898 3084 4961 οὖν,
3129 4903 3224 4954 καὶ
3257 4901 3464 4969 σφόδρα
3494 4901 3605 4960 τοῖς

1996 5002 2284 5073 προτέροις
2333 4998 2717 5070 συνημμένην.
2753 4996 2870 5050 Κᾶν
2904 4995 3012 5065 γὰρ
3047 4995 3216 5065 μυρία
3245 4991 3609 5063 κατορθώσω-

2000 5113 2120 5166 μεν,
2163 5093 2272 5147 ἀπὸ
2323 5090 2627 5161 οἰκτιρμῶν
2675 5089 2992 5159 ἁκουόμεθα
3031 5088 3124 5140 καὶ
3173 5085 3607 5155 φιλανθρωπίας.

1998 5188 2119 5242 Κᾶν
2140 5187 2277 5258 πρὸς
2306 5185 2474 5254 αὐτὴν
2501 5183 2815 5254 ἀνέλθωμεν
2848 5183 2945 5253 τῆς
2980 5180 3183 5251 ἀρετῆς
3211 5179 3308 5248 τὴν
3339 5177 3608 5248 κορυφὴν,

1999 5282 2110 5334 ἀπὸ
2168 5280 2351 5342 ἐλέους
2407 5276 2718 5347 σωζόμεθα.
2773 5275 3059 5327 Ἐντεῦθεν
3110 5272 3492 5342 μανθάνομεν,
3526 5269 3610 5322 ὅτι

2003 5371 2141 5441 μετά
2194 5372 2296 5439 τῆς
2325 5370 2674 5438 δικαιοσύνης
2703 5368 2866 5439 χρεία
2900 5367 2995 5419 καὶ
3021 5365 3248 5434 γνώμης
3289 5379 3610 5432 συντετριμ-

2003 5465 2192 5536 μένης.
2227 5464 2349 5516 Κᾶν
2390 5462 2499 5532 γὰρ
2553 5460 2880 5530 ἁμαρτωλός
2928 5476 3013 5522 τις
3055 5457 3132 5510 ὣν
3172 5456 3310 5528 μετά
3359 5471 3611 5508 ταπεινο-

2001 5556 2278 5628 φροσύνης
2329 5554 2575 5624 εὔξηται,
2604 5554 2742 5623 ὅπερ
2771 5552 2888 5604 ἐστὶ
2930 5550 3096 5621 μέρος
3138 5549 3360 5619 ἀρετῆς,
3395 5547 3611 5617 μεγάλα

2001 5653 2195 5708 ἀνύσαι
2239 5651 2566 5720 δυνήσεται’
2609 5647 2711 5700 κᾶν
2751 5646 2962 5707 δίκαιος
3001 5643 3076 5695 ὢν
3115 5643 3253 5712 μετὰ
3293 5639 3612 5704 ἀλαζονείας

2002 5746 2224 5820 προσίῃ,
2269 5745 2485 5798 πάντων
2524 5743 2838 5794 ἐκπεσεῖται
2868 5738 2978 5792 τῶν
3017 5737 3256 5805 ἀγαθῶν.
3300 5735 3612 5804 ’Δμφότερα

2000 5840 2071 5894 τά
2105 5839 2479 5909 ὑποδείγματα
2511 5836 2540 5889 ὁ
2565 5832 2802 5904 τελώνης
2836 5833 2928 5885 καὶ
2959 5833 2988 5885 ὁ
3015 5833 3305 5901 Φαρισαῖος
3344 5825 3616 5893 ἐδίδαξαν.
