4070 6428
555 362 627 417 ιε
1277 362 1338 419 s.
1372 360 1660 419 manuus
1690 356 2178 418 cmwsosmm
2222 341 2543 415 Αιισιιιερ.
2585 358 3143 419 ΟΟΝΒΤΑΝΤΙΝΟΡ.
3761 358 3833 414 ιε

552 485 648 535 Δεῖ
669 479 845 533 τοίνυν
876 482 968 533 καὶ
989 480 1188 551 τρόπον
1216 479 1381 549 εὐχῆς
1409 478 1627 533 εἰδέναι.
1661 477 1757 542 Τίς
1782 477 1838 531 δὲ
1862 480 1891 531 ὁ
1930 475 2132 548 τρόπος

548 565 653 634 τῆς
675 564 839 633 εὐχῆς
865 563 1049 623 ιΜάθε
1082 561 1191 615 ἀπὸ
1221 560 1315 613 τοῦ
1346 560 1597 627 τελώνου,
1617 562 1710 615 καὶ
1740 560 1816 631 μὴ
1841 557 2135 629 αἰσχυνθῇς

553 647 742 701 τοῦτον
768 646 951 699 λαϐεῖν
982 644 1321 704 διδάσκαλον.
1350 644 1442 698 τὸν
1479 642 1621 697 οὕτω
1660 643 1819 696 τοῦτο
1858 639 2136 713 κατορθώ-

556 745 725 782 σαντα
749 768 765 790 ,
820 729 895 790 ὠς
948 727 1057 780 ἀπὸ
1110 726 1284 796 ψιλῶν
1340 726 1599 797 ῥημάτων
1643 726 1705 779 τὸ
1754 727 1861 779 πᾶν
1911 724 2130 778 ἀνύσαι.

567 809 784 880 Ἐπειδὴ
805 809 913 880 7&9
933 812 967 881 ὴ
988 809 1194 869 διάνοια
1236 809 1385 878 αὐτῷ
1427 807 1607 871 καλῶς
1640 805 2131 876 παρεσκευασμένη

549 888 621 963 ἦν
642 933 656 956 ,
685 893 887 961 ἤρκεσε
927 892 1021 944 καὶ
1055 893 1204 962 ῥῆμα
1234 892 1292 944 ἐν
1327 892 1536 956 ἀνοῖξαι
1575 890 1739 959 αὐτῷ,
1761 890 1852 943 τὸν
1882 888 2129 959 οὐρανόν.

551 973 679 1036 Πῶς
710 974 766 1027 δέ
789 968 857 1044 ἦν
888 973 1408 1045 παρεσκευασμένη;
1451 971 1793 1034 Ἐταλάνιζεν
1826 972 2039 1033 ἐαυτὸν,
2070 970 2133 1022 τὸ

556 1057 749 1126 στῆθος
769 1056 1015 1119 ἐτυπτεν,
1037 1056 1158 1109 οὐδέ
1185 1055 1480 1125 ἀναϐλέψαι
1512 1056 1590 1119 είς
1612 1054 1704 1109 τὸν
1731 1053 1954 1125 οὐρανὸν
1983 1052 2132 1121 ἠνεί-

545 1157 697 1211 χετο.
729 1141 827 1193 'Av
863 1140 1005 1203 οὕτω
1027 1140 1120 1193 καί⁵
1147 1142 1213 1195 σὺ
1248 1139 1446 1212 μέλλῃς
1476 1138 1748 1210 εὔχεσθαι,
1778 1136 1980 1208 πτεροῦ
2004 1152 2131 1189 κου-

460 1268 475 1279 .
548 1222 787 1293 φοτέραν
820 1222 1028 1291 ἐργάσῃ
1056 1223 1155 1293 τὴν
1198 1224 1384 1294 εὐχήν.
1416 1218 1478 1277 El
1504 1223 1611 1293 7&9
1645 1223 1673 1276 ὁ
1712 1219 2036 1293 ἁμαρτωλὸς
2057 1218 2130 1273 δί-

544 1320 705 1371 καιος
747 1306 968 1375 γέγονεν
1012 1307 1121 1360 ἀπὸ
1172 1306 1271 1377 τῆς
1327 1307 1527 1377 εὐχῆς,
1559 1306 1809 1376 ἐννόησον
1851 1304 1881 1357 ό
1920 1303 2126 1367 δίκαιος

543 1388 738 1458 ἡλίκος
774 1389 961 1455 ἐσται,
988 1390 1037 1443 εἰ
1083 1388 1340 1459 τοιαύτην
1384 1389 1681 1460 προσάγειν
1718 1387 1878 1459 μάθοι
1918 1386 2121 1457 δέησιν.

546 1473 649 1526 Διά
688 1471 752 1542 δὴ
782 1471 941 1525 τοῦτο
970 1472 1093 1525 οὐδὲ
1135 1469 1369 1526 ἐνταῦθα
1414 1471 1602 1536 ἁπλῶς
1637 1470 1831 1525 ἐαυτὸν
1876 1469 2125 1540 τίθησιν,

544 1551 686 1605 ἀλλά
712 1554 812 1626 τὴν
851 1556 1157 1624 προσευχὴν
1197 1552 1363 1607 αὐτοῦ
1390 1569 1405 1583 ⁸
1457 1554 1570 1608 ἀνω
1610 1555 1711 1625 τὴν
1754 1552 2124 1623 δικαιοσύνην,

544 1634 780 1689 ἐνταῦθα
800 1637 898 1708 τὴν
925 1636 1227 1709 προσευχὴν
1264 1638 1438 1707 λέγων
1456 1655 1470 1669 ·
1498 1637 1885 1706 Οἰκτείρησόν
1902 1636 2125 1706 με,.καέ

545 1717 915 1775 εἰσάκουσον
940 1720 1051 1788 τῆς
1083 1721 1431 1790 προσευχῆς
1449 1738 1591 1792 μου.
1609 1720 1765 1776 Οὕτω
1796 1721 1893 1775 καὶ
1918 1722 1947 1774 ό
1976 1722 2125 1793 Κορ-

545 1802 730 1874 νήλιος
779 1802 1045 1873 ἠκούσθη,
1085 1804 1275 1874 ἐπειδὴ
1303 1803 1507 1875 ταύτην
1544 1800 1655 1874 εἶχε
1707 1805 2024 1875 συνήγορον.
2057 1806 2126 1858 Αἰ

544 1885 887 1953 προσευχαί
911 1899 1047 1947 σου,
1090 1884 1185 1939 καί
1218 1890 1279 1939 αἱ
1332 1886 1733 1955 ἐλεημοσύναι
1762 1901 1901 1949 σου,
1935 1886 2121 1956 φησὶν,

543 1966 856 2033 ἀνέϐησαν
874 1967 1132 2042 ἐνώιζιον
1150 1968 1257 2022 τοῦ
1282 1968 1450 2024 Θεοῦ,
1479 1969 1720 2032 Εἰκότως
1735 1984 1746 1996 ·
1766 1969 1833 2023 τά
1855 1968 1963 2038 7&9
1986 1969 2123 2039 Ιἔργα

545 2049 663 2101 ἐστὶ
692 2049 762 2102 τά
788 2050 1114 2120 ἀκουόμενα,
1132 2051 1227 2103 καὶ
1258 2050 1327 2104 τά
1354 2051 1754 2122 κατορθώματα
1772 2070 1784 2082 ·
1807 2052 1905 2121 οὐχ
1936 2051 2123 2115 ἁπλῶς

541 2130 598 2184 δέ
628 2134 684 2185 αἱ
714 2133 891 2202 εὐχαὶ,
922 2133 1034 2187 ἀλλ’
1065 2134 1119 2187 αί
1156 2134 1297 2188 κατά
1336 2134 1500 2203 νόμον
1521 2134 1613 2186 τοῦ
1654 2133 1790 2188 Θεοῦ
1834 2136 2122 2205 γινόμεναι
2164 2162 2173 2181 κ

542 2215 717 2284 εὐχαί.
747 2216 856 2269 Καὶ
902 2216 1046 2279 τίνες
1087 2218 1225 2269 εἰσὶν
1262 2211 1456 2280 αὐται;
1494 2217 1560 2269 Δί
1587 2216 1760 2271 ταῦτα
1796 2217 2122 2283 αίτοῦσαι,ά

540 2296 619 2365 τῷ
643 2296 761 2367 Θεῷ
793 2299 991 2368 πρέπει
1044 2299 1274 2363 διδόναι,
1309 2303 1364 2354 αἰ
1405 2301 1479 2372 μὴ
1530 2302 1787 2354 τάναντία
1815 2306 1928 2367 τοῖς
1956 2302 2121 2357 αὐτοῦ

541 2378 725 2450 νόμοις
745 2380 906 2435 αὐτὸν
939 2382 1373 2454 παρακαλοῦσαι.
1404 2385 1510 2436 Καὶ
1542 2386 1625 2446 τίς
1654 2384 1794 2437 οὕτω
1825 2388 2118 2457 τολμηρὸς,

540 2463 725 2532 φησὶν,
751 2463 826 2527 ὼς
843 2463 933 2517 τὸν
953 2464 1083 2518 Θεὸν
1104 2465 1287 2529 ἀξιοῦν
1311 2467 1566 2520 τάναντία
1593 2470 1705 2530 τοῖς
1740 2469 1903 2522 αὐτοῦ
1934 2470 2120 2538 νόμοις

542 2546 716 2598 ποιεῖν
741 2558 807 2611 ι;
847 2547 907 2600 '0
940 2547 1083 2601 κατὰ
1133 2547 1241 2600 τῶν
1284 2549 1497 2620 ἐχθρῶν
1541 2552 1703 2605 αὐτὸν
1755 2552 2115 2622 παρακαλῶν·

542 2626 659 2700 [12]
679 2629 839 2682 τοῦτο
863 2632 973 2701 7&9
998 2631 1148 2703 παρά
1176 2632 1265 2684 τὸν
1292 2634 1457 2702 νόμον
1484 2634 1576 2686 τὸν
1611 2635 1704 2687 ὑπ’
1734 2636 1899 2689 αὐτοῦ
1927 2635 2118 2703 κείμε-

538 2727 649 2793 νον.
664 2712 834 2777 Αὐτὸς
854 2714 960 2793 γάρ
978 2731 1161 2784 φησιν,
1181 2712 1392 2783 Ἄφετε
1422 2716 1545 2781 τοῖς
1571 2717 1901 2786 ὀφειλέταις
1927 2716 2112 2787 ὑμῶν.

540 2792 613 2845 Σὺ
647 2793 702 2846 δέ
734 2792 895 2848 αὐτὸν
927 2796 1017 2851 τὸν
1043 2796 1330 2851 κελεύοντά
1364 2815 1447 2851 σοι
1471 2800 1821 2871 συγχωρῆσαι
1847 2802 1988 2855 κατά
2010 2802 2117 2856 τῶν

539 2875 749 2945 ἐχθρῶν
778 2878 961 2941 καλεῖς
992 2895 1005 2937 :
1040 2881 1147 2933 Καὶ
1176 2882 1228 2934 τί
1263 2882 1459 2949 γένοιτ’
1481 2881 1547 2935 ἂν
1574 2882 1672 2953 τῆς
1704 2883 1885 2947 ἀνοίας
1914 2886 2118 2955 ταύτης

539 2962 753 3031 χεῖρονς
797 2962 999 3015 Ἱκέτου
1032 2964 1215 3034 σχῆμα
1247 2966 1340 3018 καὶ
1371 2964 1595 3037 γνώμην
1627 2967 1721 3019 καὶ
1750 2960 2003 3037 φρόνημα
2026 2967 2117 3021 τὸν

538 3041 828 3111 εὐχόμενον
874 3044 1017 3114 ἔχειν
1064 3046 1147 3099 δεῖ
1180 3062 1195 3077 ο
1227 3047 1277 3101 τί
1328 3048 1508 3100 τοίνυν
1546 3047 1731 3120 ἕτερον
1777 3052 2118 3121 προσωπεῖον

539 3125 752 3195 σεαυτῷ
786 3128 1088 3200 περιτίθης,
1111 3130 1172 3183 τὸ
1202 3130 1304 3201 τῆς
1331 3132 1702 3202 κατηγορίας;
1735 3132 1861 3195 Πῶς
1890 3131 1999 3203 7&9
2029 3132 2116 3186 δυ-

538 3206 679 3279 νήσῃ
710 3209 820 3262 τῶν
847 3210 1061 3265 οἰκείων
1110 3213 1521 3285 ἁμαρτημάτων
1554 3214 1738 3268 λαϐεῖν
1762 3216 2111 3286 συγγνώμην,

537 3290 666 3343 ὅταν
682 3290 788 3344 τῶν
816 3295 927 3355 τοῖς
954 3296 1158 3365 ἐτέροις
1182 3295 1729 3367 πεπλημμελημένων
1760 3298 1998 3369 τιμωρὸν
2024 3300 2115 3352 τὸν

537 3372 671 3424 Θεὸν
691 3372 860 3439 ἀξιοῖς
889 3371 1060 3441 εἶναις
1096 3376 1276 3430 Ἔστω
1303 3378 1482 3431 τοίνυν
1511 3382 1543 3449 ή
1574 3380 1708 3451 εὐχὴ
1740 3380 1948 3451 ἥμερος
1968 3421 1982 3445 ,
2014 3397 2115 3450 γα-

538 3452 694 3525 ληνὴ.
722 3458 911 3527 χαρίεν
944 3459 1140 3528 ἔχουσα
1171 3460 1481 3532 πρόσωπον.
1497 3462 1593 3515 καὶ
1615 3464 1839 3517 ἀπαλόν.
1875 3463 2111 3535 Τοιαύτη

538 3538 646 3607 γάρ
679 3540 710 3608 ἠ
740 3542 879 3617 μετά
906 3542 1241 3613 πραότητος,
1277 3543 1485 3615 καὶμὴ
1525 3546 1644 3599 κατ’
1674 3545 1881 3617 ἐχθρῶν
1906 3548 1934 3587 ιδ
1976 3564 2113 3616 γινο-

539 3620 676 3690 μένη
696 3636 710 3650 ·
733 3613 806 3683 ὡς
826 3622 860 3692 ἦ
889 3640 951 3691 γε
976 3625 1192 3678 ἐναντία
1222 3613 1490 3698 μεθυούση
1515 3629 1621 3682 τινὶ
1648 3613 1742 3682 καί
1774 3613 2113 3702 παραπαιού-

537 3718 603 3774 σῃ
652 3704 795 3757 ἐοικε
830 3708 1077 3772 γυναικὶ,
1122 3710 1313 3764 συώδει
1362 3712 1612 3764 τινὶοκαὶ
1657 3712 1843 3784 ἀγρίᾳ.
1878 3713 1973 3765 Διὸ
2017 3717 2111 3767 καὶ

534 3787 733 3848 ἄϐατος
770 3788 907 3859 αὐτῇ
939 3790 1230 3861 όούρανός.
1275 3793 1413 3845 Ἀλλ’
1444 3794 1540 3863 οὐχ
1572 3795 1605 3865 ἡ
1641 3795 1780 3864 μετά
1808 3797 2109 3867 πραότητος

533 3868 755 3941 τοιαύτη
778 3888 791 3900 ’
821 3870 936 3924 ἀλλ’
962 3872 1073 3943 ἔχει
1104 3890 1158 3926 τι
1187 3873 1426 3946 λιγυρὸν,
1453 3877 1545 3930 καὶ
1569 3877 1857 3948 προσηνὲς,
1884 3878 1980 3932 καὶ
2014 3879 2110 3949 βα-

535 3952 755 4005 σιλικῶν
784 3954 932 4018 ἀξιον
970 3954 1168 4018 ἀκοιῖιν,
1204 3957 1301 4027 ἡδὺ
1351 3952 1444 4017 καὶ
1489 3960 1855 4029 παναρμόνιον
1881 3961 1973 4015 καὶ
2009 3965 2108 4032 ἐμ-

536 4035 710 4106 μελές.
737 4037 829 4089 Διὸ
844 4036 908 4107 δὴ
935 4040 1035 4091 οὐκ
1058 4040 1375 4096 ἐκϐάλλεται
1408 4041 1502 4096 τοῦ
1536 4043 1787 4115 θεάτρου,
1806 4044 1921 4098 ἀλλ’
1951 4048 2105 4100 ἐστε-

534 4120 828 4190 ῳανωμὲνη
867 4122 1053 4176 ἄπεισι
1089 4138 1103 4153 '
1139 4125 1234 4178 καὶ
1278 4127 1390 4197 7&9
1424 4129 1629 4199 χρυσῆν
1674 4128 1788 4199 ἔχει
1840 4129 2105 4201 κιθάραν,

533 4204 739 4285 χρυσῆν
763 4206 861 4275 τὴν
884 4206 1095 4277 στολήν.
1121 4210 1213 4261 Διὸ
1244 4209 1339 4262 καὶ
1362 4210 1555 4283 τέρπει
1580 4211 1670 4265 τὸν
1706 4213 1986 4285 δικαστὴν,
2017 4215 2109 4268 καὶ

530 4284 609 4355 τῷ
657 4288 917 4357 σχήματι,
958 4292 1052 4345 καὶ
1082 4292 1160 4362 τῷ
1214 4292 1515 4364 βλέμματι,
1553 4296 1645 4348 καὶ
1678 4299 1744 4366 τῇ
1798 4300 1970 4368 φωνῇ.
2010 4300 2109 4354 Διά

527 4368 704 4425 ταῦτα
730 4371 906 4433 οὐδεὶς
935 4374 1105 4445 αὐτὴν
1141 4376 1432 4431 ἀπελαύνει
1455 4378 1562 4432 τῶν
1590 4379 1855 4450 οὐρανίων
1881 4383 2105 4451 ἀψίδων.

528 4456 715 4544 ’ᾊπαν
750 4459 857 4531 γάρ
883 4462 1057 4515 ἐκεῖνο
1075 4462 1135 4516 τὸ
1164 4463 1390 4537 θέατρον
1414 4466 1662 4536 ἀνίστησι
1690 4469 1755 4537 τῇ
1779 4469 2106 4544 εὐφροσύνῃ.

529 4543 680 4613 Αὕτη
707 4546 816 4600 τῶν
843 4549 1088 4620 οὐρανῶν
1116 4551 1243 4618 ἀξία
1286 4554 1319 4623 ή
1358 4553 1489 4624 εὐχή
1507 4567 1521 4581 ⁸
1548 4553 1689 4624 αὕτη
1726 4554 1836 4607 τῶν
1862 4543 2110 4625 ἀγγέλων

530 4630 567 4699 ἡ
597 4631 831 4699 γλῶττα,
849 4636 977 4689 ὅταν
1006 4638 1168 4709 μηδὲν
1208 4640 1422 4710 πικρὸν,
1446 4642 1552 4693 πᾶν
1574 4640 1630 4694 δέ
1658 4644 1925 4711 προσηνὲς
1951 4644 2111 4715 φθέγ.

527 4733 725 4788 γηται·
748 4721 874 4775 ὅταν
897 4724 1038 4796 ὑπὲρ
1068 4726 1174 4779 τῶν
1211 4727 1538 4781 ἀδικούντων
1567 4729 1661 4783 καὶ
1692 4730 2108 4801 ἐπηρεαζόντων

535 4808 909 4878 προσέρχηται
949 4811 1047 4881 τὴν
1102 4814 1382 4884 ἱκετηρίαν
1424 4817 1738 4887 ποιουμένη,
1767 4820 1887 4871 τότε
1919 4822 2015 4875 καὶ
2056 4824 2105 4875 οί

532 4891 754 4960 ἄγγελοι
807 4901 1183 4970 παρεστήκασι
1238 4901 1377 4970 μετά
1424 4902 1622 4974 πολλῆς
1673 4904 1961 4971 ἀκούοντες
2006 4909 2107 4980 τῆς

534 4982 690 5050 σιγῆς
711 5020 726 5043 ,
760 4984 854 5037 καὶ
906 4986 1042 5054 μετά
1081 4988 1141 5041 τὸ
1183 4988 1531 5052 παύσασθαι,
1566 4993 1884 5062 κροτοῦντες
1912 4995 2101 5067 αὐτὴν,

530 5069 895 5135 ἐπαινοῦντες,
934 5074 1301 5143 θαυμάζοντες
1346 5077 1405 5129 οὐ
1440 5077 1874 5149 διαλιμπάνουσι.
1910 5083 2104 5138 Τοιαύ-

528 5172 629 5226 την
670 5158 766 5210 καὶ
816 5160 978 5230 ἡμεῖς
1030 5164 1469 5234 προσαγάγωμεν
1512 5165 1697 5237 εὐχὴν,
1744 5168 1837 5222 καί⁵
1887 5171 2104 5236 πάντως

529 5244 998 5331 ἀκουσθησόμεθα.
1039 5249 1149 5303 Καὶ
1178 5250 1307 5304 ὅταν
1355 5252 1665 5323 προσίωμεν
1717 5254 1795 5326 τῷ
1844 5256 1985 5328 Θεῷ,
2028 5259 2103 5331 μὴ

529 5332 840 5402 νομίσωμεν
873 5329 1013 5389 εἶναι
1039 5337 1266 5407 θέατρον
1290 5341 1548 5407 τοιοῦτον,
1574 5342 1687 5395 ἀλλ’
1708 5345 1773 5395 ἐκ
1794 5346 1892 5416 τῆς
1920 5329 2101 5399 οἰκουεζ

533 5418 700 5489 μένης
728 5420 970 5493 ἀπάσης.
1000 5425 1199 5493 μᾶλλον
1226 5426 1283 5480 δὲ
1310 5428 1403 5481 καὶ
1429 5430 1494 5482 ἐκ
1523 5430 1631 5483 τῶν
1653 5430 1767 5485 άνω
1786 5432 1973 5504 δήμων
1993 5435 2102 5488 τῶν

529 5503 794 5575 οὐρανίων
836 5510 1265 5582 συνειλεγμένον,
1313 5515 1407 5570 καὶ
1442 5516 1501 5569 ἐν
1541 5517 1691 5590 μέσῳ
1742 5503 1843 5574 τὸν
1867 5520 2100 5578 Βασιλέα

586 5667 614 5762 ξ
640 5662 761 5762 τέξει
788 5667 1180 5762 Ἶὲιεξξιξὲιξξί

641 5724 761 5791 Reg.
796 5724 877 5778 καὶ
900 5731 1016 5794 ὑπὲρ
1038 5731 1230 5795 ἐχθρῶν.

2240 472 2539 543 καθῆσθαι,
2588 474 2905 546 βουλόμενον
2947 475 3104 547 ἡμῶν
3142 472 3457 551 ἐπακοῦσαι
3488 470 3588 541 τῆς
3629 470 3829 542 εὐχῆς.

2235 556 2345 609 Καὶ
2391 559 2647 633 ἐπίδειξιν
2674 552 2745 614 τδ’
2767 561 3003 631 πρᾶγμα
3030 555 3608 629 ποιήσωμεν.’λίηδεὶς
3625 564 3649 593 ε
3681 555 3832 608 ἐστω

2223 638 2586 713 κιθαριστὴς,
2623 643 2755 713 μηδέ
2789 643 3029 715 λυρῳδδς
3066 641 3240 705 οὕτως
3262 638 3579 709 ἐναγώνιος,
3607 638 3831 708 μέλλων

2232 723 2291 776 ἐν
2322 730 2549 794 σκηναῖς
2574 726 2825 792 εἰσιέναι,
2842 728 2937 781 καὶ
2962 723 3218 790 δεδοικὼς
3249 726 3323 796 μή
3354 741 3406 776 τι
3439 724 3652 793 ἀπηχὲς
3687 722 3829 775 ἀνα-

2233 804 2555 877 κρούσηται.
2586 808 2661 872 ὡς
2709 811 2873 879 ἡμεῖς
2907 808 3191 879 μέλλοντες
3236 806 3463 860 εἰσιέναι
3502 806 3583 868 είς
3624 804 3689 857 τὸ
3714 803 3834 856 τῶν

2231 889 2479 957 ἀγγέλων
2508 892 2752 965 θέατρον.
2786 893 3072 965 Πλῆκτρον
3094 892 3149 945 δέ
3178 893 3311 963 ἡμῖν
3353 889 3494 943 ἐστω
3521 890 3554 959 ἡ
3581 886 3831 955 γλῶτταν

2236 973 2406 1042 μηδὲν
2453 975 2614 1045 ἀηδὲς
2659 976 3005 1047 φθεγγομένη
3031 1018 3047 1042 ,
3072 975 3188 1029 ἀλλ’
3221 974 3461 1044 ἐμμελὲς
3484 974 3579 1025 καὶ
3607 986 3831 1043 παναρ-

2233 1057 2419 1126 μόνιον
2448 1058 2587 1128 μετά
2609 1058 2849 1123 διανοίας
2879 1060 2978 1129 τῆς
3002 1058 3418 1130 προσηκούσης’
3442 1056 3538 1109 καὶ
3564 1056 3831 1127 προσιόν-

2231 1155 2322 1202 τες
2350 1141 2428 1210 τῷ
2455 1140 2595 1211 Θεῷ,
2635 1143 2730 1196 καὶ
2776 1142 3225 1214 παρακαλοῦντες
3252 1141 3347 1194 καὶ
3373 1138 3641 1208 δεόμενοι,
3675 1136 3831 1207 ὐπέρ

2227 1222 2340 1275 τῶν
2380 1224 2591 1295 ἐχθρῶν
2640 1224 3071 1297 ἀνακρουώμεθα
3116 1226 3216 1295 τὴν
3257 1222 3456 1295 νευράν
3479 1238 3495 1253 ·
3524 1220 3668 1275 οὕτω
3708 1217 3829 1290 γάρ

2230 1306 2325 1359 καὶ
2358 1306 2503 1376 ὑπὲρ
2532 1307 2694 1378 ήμῶν
2733 1307 2913 1362 αὐτῶν
2943 1305 3417 1377 ἀκουσθησόμεθα.

2298 1392 2361 1441 ε’.
2383 1386 2532 1461 Δύτη
2559 1389 2594 1459 ἡ
2622 1389 2775 1460 φωνὴ
2806 1388 3163 1461 καταισχύνει
3192 1390 3473 1460 δαίμονας,
3496 1384 3637 1455 αὐτη
3672 1387 3829 1457 παρ-

2228 1471 2427 1541 ρησίαν
2451 1472 2586 1544 ἡμῖν
2613 1472 2827 1528 δίδωσιν
2846 1490 2860 1503 ⁸
2890 1473 3033 1545 αὕτη
3065 1472 3416 1543 καταισχύνει
3445 1471 3536 1524 τὸν
3567 1466 3827 1523 διάϐολον

2226 1552 2321 1607 καὶ
2346 1554 2653 1627 ἀναχωρεῖν
2682 1558 2845 1610 ποιεῖ.
2877 1558 2952 1611 Οὐ
2983 1556 3092 1629 γὰρ
3119 1555 3296 1619 οὕτως
3327 1555 3615 1624 άνθρωπον
3654 1550 3823 1622 φρίτ-

2223 1652 2306 1689 τει
2335 1638 2364 1690 ό
2392 1636 2605 1708 δαίμων
2632 1638 2723 1693 τὸν
2750 1639 3085 1693 ἐκϐάλλοντα
3116 1639 3283 1692 αὐτὸν
3309 1640 3404 1691 καὶ
3432 1636 3728 1690 ἐλαύνοντα
3759 1631 3825 1699 ἐξ

2224 1718 2414 1790 ἐτέρου
2431 1719 2743 1790 ἀνθρώπου,
2764 1722 2841 1786 ὡς
2866 1722 3152 1793 ἄνθρωπον
3177 1721 3349 1794 ὀργῆς
3372 1718 3697 1791 κρατοῦντα,
3721 1716 3827 1770 καὶ

2225 1800 2397 1873 θυμοῦ
2433 1804 2890 1875 περιγενόμενον·
2932 1804 3055 1859 ἐπεὶ
3103 1805 3198 1858 καὶ
3241 1803 3401 1858 τοῦτο
3440 1800 3649 1871 δαίμων
3699 1798 3827 1853 ἐστὶ

2224 1885 2481 1955 χαλεπὸς,
2515 1889 2609 1940 καὶ
2635 1887 2858 1951 τούτους
2884 1887 3086 1959 μᾶλλον
3112 1886 3145 1957 ἢ
3179 1887 3307 1950 τοὺς
3331 1884 3702 1955 δαιμονῶντας
3730 1899 3828 1937 τα-

2223 1966 2460 2033 λανίζειν
2479 1970 2607 2041 χρή.
2641 1969 2715 2023 Τὸ
2765 1970 2864 2040 μὲν
2892 1970 3005 2042 7&9
3032 1970 3295 2040 δαιμονᾷν
3329 1969 3409 2030 είς
3449 1966 3678 2035 γέενναν
3715 1965 3825 2018 οὐκ.

2221 2051 2485 2122 ἐμϐάλλει
2513 2069 2527 2083 ·
2561 2052 2621 2106 τὸ
2645 2053 2702 2107 δέ
2734 2051 3050 2124 ὀργίζεσθαι
3096 2054 3190 2106 καὶ
3230 2051 3611 2124 μνησικακεῖν,
3645 2046 3824 2118 αὐτῆς

2223 2134 2473 2189 ἐκϐάλλει
2487 2136 2587 2206 τῆς
2612 2135 2889 2206 βασιλείας
2908 2136 3016 2189 τῶν
3042 2134 3307 2207 οὐρανῶν.
3327 2135 3425 2188 “Av
3450 2132 3595 2186 οὕτω
3616 2130 3717 2203 ρυθ
3725 2131 3790 2202 μί
3804 2158 3823 2170 -

2224 2234 2408 2289 σωμεν
2440 2218 2556 2290 [15]
2586 2218 2684 2289 τὴν
2729 2220 2917 2291 εὐχὴν,
2946 2217 3287 2289 δυνησόμεθα
3329 2216 3468 2289 μετά
3502 2213 3824 2288 παρρησίας

2220 2300 2401 2370 λέγειν
2424 2302 2517 2355 καὶ
2551 2304 2710 2373 ἡμεῖς
2734 2303 2813 2374 τῷ
2834 2301 2974 2374 Θεῷ,
2998 2302 3391 2357 Εἰσάκουσον
3413 2299 3525 2367 τῆς
3556 2313 3851 2368 προσευο.

2222 2384 2342 2455 χῆς
2365 2402 2508 2453 μου.
2559 2386 2723 2439 Ὥστε
2759 2387 2859 2457 οὐχ
2892 2386 3087 2440 ἐαυτὸν
3132 2385 3439 2455 ὠφελήσεις
3488 2384 3655 2455 μόνον
3675 2422 3688 2445 ,
3718 2378 3823 2434 καὶ

2221 2470 2666 2541 προοδοποιήσεις
2696 2487 2789 2523 σου
2811 2473 2878 2541 τῇ
2908 2470 3178 2539 ἰκετηοία,
3195 2468 3331 2524 ἀλλά
3368 2467 3574 2522 καὶτὸν
3599 2464 3824 2519 ἀκούον-

2219 2571 2287 2607 τα
2308 2553 2439 2606 Θεὸν
2472 2555 2785 2625 εὐφρανεῖς.
2820 2553 2969 2619 ἄξιόν
2998 2569 3050 2606 τι
3084 2552 3195 2606 τῶν
3222 2551 3388 2606 αὐτοῦ
3420 2547 3821 2618 ἐπιταγμάτων

2218 2636 2420 2689 αἰτῶν’
2452 2635 2549 2689 διὺι
2576 2638 2672 2690 καὶ
2713 2637 2912 2709 ῥᾳδίως
2958 2636 3255 2691 ἐπινεύσει.
3304 2633 3477 2688 Τοῦτο
3521 2633 3673 2699 ἀξιον
3713 2630 3821 2701 τῆς

2216 2718 2489 2782 υἰοθεσίας
2544 2720 2798 2791 ἐκείνης’
2846 2720 3003 2773 τοῦτο
3047 2720 3282 2787 μάλιστα
3340 2719 3432 2772 τὸν
3481 2714 3821 2789 χαρακτῆρα

2216 2806 2421 2856 ἐκεῖνον
2454 2803 2712 2857 δείκνυσι.
2750 2804 3025 2866 Γίνεσθε,
3063 2804 3248 2873 φησὶν,
3290 2802 3699 2876 οἰκτίρμονες,
3735 2797 3821 2863 ὡς

2218 2893 2251 2944 ὀ
2277 2891 2481 2959 Πατὴρ
2508 2891 2675 2961 ὑμῶν
2703 2895 2736 2945 ό
2762 2892 2830 2945 ὲν
2859 2891 2984 2958 τοῖς
3012 2890 3294 2960 οὐρανοῖς
3315 2929 3329 2951 ,
3363 2889 3461 2944 καὶ
3502 2887 3690 2948 πάλιν,
3708 2885 3822 2939 Εὖ·

2216 2982 2399 3048 χεσθε
2419 2979 2571 3047 ὑπὲρ
2598 2978 2718 3032 τῶν
2755 2979 3199 3048 ἐπηρεαζόντων
3227 2976 3402 3043 ὑμᾶς,
3427 2976 3589 3042 ὅπως
3634 2972 3785 3043 γένη
3803 3002 3821 3015 -

2215 3070 2329 3121 σθε
2366 3066 2554 3137 ὅμοιοι
2576 3067 2942 3135 τοῦπατρὸς
2973 3066 3143 3137 ὑμῶν
3176 3066 3283 3121 τοῦ
3314 3066 3388 3120 ἐν
3411 3062 3715 3133 οὐρανοῖς.
3748 3061 3820 3116 Τί

2214 3154 2394 3208 τοίνυν
2429 3154 2634 3226 ταύτης
2679 3156 2779 3227 τῆς
2818 3155 2989 3227 εὐχῆς
3022 3155 3175 3217 ῐσον;
3206 3153 3358 3222 Αὐτη
3393 3153 3494 3206 οὐκ
3535 3150 3817 3220 ἀγγέλοις,

2215 3240 2340 3295 οὔτε
2369 3242 2755 3313 ἀρχαγγέλοις,
2774 3242 2888 3296 ἀλλ’
2905 3240 3056 3312 αὐτῷ
3083 3240 3161 3313 τῷ
3185 3241 3404 3296 Βασιλεῖ
3432 3241 3620 3312 ὅμοιον
3644 3240 3817 3293 ποιεῖ.

2226 3329 2284 3383 '0
2333 3330 2391 3383 δέ
2430 3329 2508 3400 τῷ
2534 3330 2754 3383 Βασιλεῖ
2792 3330 2977 3401 ὅμοιος
3019 3329 3314 3400 γενόμενος
3352 3326 3498 3382 κατὰ
3534 3326 3598 3380 τὺ
3636 3326 3820 3397 ἐγχω-

2217 3416 2361 3489 ροῦν,
2392 3417 2652 3489 ἐννόησον
2675 3420 2808 3487 ὅσης
2865 3415 3236 3470 ἀπολαύσεται
3269 3415 3370 3485 τῆς
3403 3412 3722 3485 παρρησίας
3751 3411 3818 3466 ἐν

2210 3508 2329 3568 ταῖς
2347 3506 2553 3575 εὐχαῖς.
2592 3506 2708 3559 Υἰοί
2726 3506 3072 3574 ἀνθρώπων,
3089 3504 3200 3571 ἕως
3225 3505 3370 3558 πότε
3382 3499 3811 3571 βαρυκάρδιος

2194 3593 2349 3655 ,Ἵνα
2374 3592 2431 3645 τί
2451 3590 2721 3659 ἀγαπᾶτε
2751 3593 3140 3662 ματαιότητα.
3167 3592 3263 3645 καί
3291 3576 3513 3658 ζητεῖτε
3542 3585 3813 3655 ψεῦδος-ς

2210 3674 2356 3745 Πρὸς
2387 3674 2539 3736 τίνας
2594 3676 2866 3728 ἀποτείνει
2916 3676 3005 3728 τὸν
3050 3675 3228 3742 λόγον,
3278 3674 3373 3726 καὶ
3432 3672 3666 3723 ποιεῖται
3708 3668 3814 3738 τὴν

2211 3760 2551 3831 ἐπιτίμησιν,
2587 3763 2681 3815 καὶ
2714 3763 2908 3830 ἐπάγει
2942 3761 3041 3833 τὴν
3068 3760 3382 3831 συμϐουλήν
3413 3776 3429 3821 ;
3470 3757 3625 3820 τίνας
3656 3757 3815 3818 υἱοὺς

2208 3849 2512 3920 ἀνθρώπων
2533 3851 2722 3916 καλεῖ;
2753 3850 2890 3913 Τοὺς
2916 3850 2975 3903 ἐν
2999 3850 3235 3920 πονηρίᾳ
3256 3847 3488 3913 ζῶντας,
3513 3845 3642 3908 τοὺς
3665 3842 3811 3915 πρὸς

2209 3934 2454 3991 κακίαν(ι
2491 3940 2830 4011 ἐπιρρεπεῖς.
2850 3938 2915 3990 Τί
2950 3937 3015 4007 δή
3049 3954 3214 4003 ποτε;
3246 3938 3413 4008 ἡμεῖς
3430 3935 3538 4005 7&9
3567 3933 3666 4003 οὐχ
3695 3932 3809 3986 υἰοὶ

2208 4024 2542 4096 ἁνθρώπων;
2578 4029 2644 4097 τῇ
2674 4025 2831 4094 φύσει
2869 4026 2966 4095 μὲν
3002 4025 3306 4097 ἀνθρώπων
3356 4023 3481 4084 υἱοὶ,
3516 4025 3585 4092 τῇ
3617 4020 3805 4091 χάριτι
3862 4074 3871 4075 η

2208 4113 2264 4165 δὲ
2288 4115 2388 4185 οὐκ
2423 4114 2523 4177 ἐτι,
2548 4115 2663 4167 ἀλλ’
2695 4115 2799 4167 υἰοὶ
2836 4113 2995 4167 Θεοῦ.
3033 4115 3096 4166 Εἰ
3147 4113 3276 4181 γοῦν
3319 4113 3414 4165 καὶ
3458 4110 3559 4181 τὴν
3614 4109 3803 4162 εἰκόνα

2208 4202 2308 4272 τὴν
2341 4202 2461 4255 κατ’
2479 4203 2680 4273 ἀρετὴν
2713 4204 2813 4275 τὴν
2840 4204 2975 4273 πρὸς
3008 4202 3168 4256 αὐτὸν
3197 4201 3651 4271 διατηρήσαιμεν,
3669 4195 3803 4251 ἀκέο

2214 4305 2363 4361 ραιον
2396 4290 2526 4359 ἡμῖν
2573 4287 2725 4342 ἔσται
2779 4290 2839 4342 τὸ
2896 4290 3103 4360 δῶρον·
3137 4289 3263 4351 τοὺς
3316 4289 3423 4357 7&9
3469 4284 3803 4355 γενομένους

2210 4376 2361 4438 υἱοὺς
2392 4374 2526 4428 Θεοῦ
2564 4375 2651 4428 διὰ
2688 4376 2785 4443 τῆς
2843 4378 3085 4446 χάριτος,
3124 4376 3215 4429 καὶ
3271 4374 3361 4427 διὰ
3390 4373 3488 4443 τῆς
3520 4372 3801 4435 πολιτείας

2209 4463 2415 4536 ταύτην
2456 4463 2537 4515 δεῖ
2586 4464 3009 4535 χαρακτηρίζειν
3034 4463 3133 4534 τὴν
3164 4462 3368 4516 εἰκόνα.
3411 4461 3533 4513 Ὀτι
3571 4460 3628 4513 δέ
3666 4459 3798 4533 τοὺς

2213 4550 2677 4622 βιωτικωτέρους,
2722 4551 2817 4604 καὶ¹
2872 4552 3007 4621 πρὸς
3054 4550 3254 4604 κακίαν
3303 4549 3597 4621 ῥέποντης.
3641 4546 3796 4609 υίούς

2211 4638 2517 4711 ἀνθρώπων.
2551 4641 2726 4701 καλεῖ,
2764 4639 2995 4692 ἄκουσον
3019 4653 3034 4668 ⁸
3088 4637 3332 4703 Ἰδόντες
3364 4634 3431 4688 δὲ
3461 4637 3516 4689 οἰ
3536 4633 3655 4691 υἱοί
3683 4632 3794 4687 τοῦ

2212 4728 2359 4783 Θεοῦ
2402 4728 2508 4792 τὰς
2548 4728 2875 4795 θυγατέρας
2904 4725 3022 4779 τῶν
3072 4724 3416 4795 ἀνθρώπων.
3452 4724 3564 4777 Καὶ
3602 4723 3710 4793 μὴν
3732 4722 3795 4777 τὸ

2209 4816 2467 4878 ἐναντίον,
2500 4816 2688 4884 φησὶν,
2716 4814 2958 4885 εἴρηκας.
3013 4812 3277 4882 Οὐδαμῶς
3297 4828 3310 4841 ⁸
3337 4812 3488 4873 υἱοὺς
3507 4810 3617 4881 7&9
3653 4808 3790 4862 Θεοῦ

2207 4901 2441 4956 ἐνταῦθα
2470 4901 2697 4956 ἐκάλεσε
2724 4903 2849 4964 τοὺς
2879 4902 2984 4971 πρὸ
3021 4899 3212 4953 τούτου
3241 4899 3302 4963 ἐξ
3334 4898 3602 4968 ἐναρέτιυν
3628 4896 3791 4959 ὄντας

2207 4990 2437 5060 ἀνδρῶν,
2472 4990 2567 5042 καὶ
2590 4988 2693 5058 τῆς
2717 4987 2809 5041 τοῦ
2840 4986 2974 5039 Θεοῦ
3004 4987 3168 5057 τιμῆς
3192 4979 3790 5046 άπολελαυκότας,είτα

2209 5076 2729 5150 μεταϐαλλομένους.
2751 5074 2845 5128 καὶ
2877 5074 3166 5143 γεγονότας
3203 5073 3440 5144 χείρους,
3470 5071 3563 5124 καὶ
3592 5071 3789 5143 προδεο

2205 5166 2447 5229 δωκότας
2465 5164 2643 5217 αὐτῶν
2665 5164 2763 5233 τὴν
2792 5162 2977 5233 τιμὴν.
3016 5160 3179 5213 ’Ὥστε
3212 5158 3321 5231 7&9
3350 5156 3584 5232 αὐξῆσαι
3607 5158 3790 5213 αὐτῶν

2205 5252 2303 5324 τὴν
2332 5251 2689 5323 κατηγορίαν,
2719 5247 3031 5318 ἀνεμνήσθη
3058 5245 3237 5300 αὐτῶν
3263 5245 3366 5315 τῆς
3399 5246 3597 5316 τιμῆς,
3630 5250 3789 5317 μεγι-

2206 5358 2329 5393 στον
2353 5342 2432 5402 είς
2455 5338 2793 5408 ἐγκλήματος
2816 5335 3069 5390 ὑπόθεσιν
3090 5335 3303 5397 δεικνὺς
3326 5334 3408 5397 ὃν,
3430 5334 3492 5386 τὸ
3508 5334 3789 5399 τοιούτους

2203 5429 2382 5494 ὂντας,
2413 5427 2508 5481 καὶ
2547 5428 2611 5478 ἐκ
2641 5423 2917 5489 τοιούτων,
2941 5423 3077 5496 πρὸς
3100 5422 3359 5493 τοιαύτην
3390 5422 3787 5496 κατενεχθῆναι

2204 5517 2424 5571 κακίαν.
2458 5513 2570 5568 Καὶ
2598 5512 2759 5567 πάλιν
2807 5514 2837 5565 ὁ
2874 5513 3005 5577 Θεός
3037 5530 3051 5545 ⁸
3088 5514 3230 5584 Ἐγὼ
3262 5510 3422 5580 εἶπα,
3455 5515 3589 5567 Θεοί
3618 5514 3785 5580 ἐστι,

2266 5678 2286 5705 ⁸
2316 5675 2436 5728 Non.
2461 5678 2655 5734 πρᾶγμα
2674 5673 2961 5734 νομίσωμεν·
2999 5672 3183 5734 μηδείς,
3203 5685 3297 5722 non
3325 5674 3473 5721 ma!c.

2269 5734 2293 5773 ά
2320 5735 2434 5796 ἷὶὲε.
2467 5735 2703 5783 ἀσέϐειαν.
