4070 6444
268 381 339 436 45
1472 375 1838 434 εχροειτιο
1876 374 1885 431 1

1995 375 2313 434 PSALMUM
2355 375 2443 433 IV.
3537 381 3612 439 ιο

265 498 402 555 scire
422 494 585 554 etiam
601 495 820 551 modum
841 492 1054 550 orandi.
1084 493 1218 560 Quis
1235 503 1415 548 autem
1439 493 1627 548 orandi
1651 492 1881 548 modus?

267 591 426 646 Disce
469 604 500 643 a
548 589 876 651 publicano:
911 602 1012 642 nec
1056 596 1108 645 te
1133 585 1332 656 pudeat
1357 599 1423 640 eo
1475 586 1548 639 uti
1597 585 1878 656 magistro,

263 680 359 751 qui
389 680 487 734 hac
519 679 572 734 in
602 694 661 734 re
691 679 828 733 adeo
849 694 909 734 se
941 677 1202 746 praeclare
1227 679 1430 748 gessit,
1460 687 1518 731 ut
1542 677 1674 732 solis
1700 677 1882 732 verbis

267 775 582 828 universum
630 770 886 828 ell‘ecerit.
923 770 1056 838 Quia
1085 770 1232 826 enim
1271 779 1391 824 erat
1419 785 1572 823 mens
1606 769 1658 824 in
1689 783 1755 824 eo
1789 784 1876 823 re.

266 880 357 927 ete
399 876 606 938 parata,
651 865 863 920 sullecit
890 865 976 919 vel
1024 864 1247 920 verbum
1289 880 1451 919 unum
1495 864 1563 920 ad
1609 864 1799 919 cadum
1829 863 1881 920 ei

264 957 641 1031 aperiendum.
673 957 956 1025 Quomodo
986 967 1168 1013 autem
1219 967 1336 1012 erat
1367 958 1591 1028 parata?
1627 958 1879 1029 Seipsum

267 1052 528 1105 miserum
555 1049 844 1115 clamabat,
888 1057 1077 1118 pectus
1107 1049 1386 1113 tondebat,
1428 1065 1497 1105 ne
1537 1051 1730 1104 ctelum
1759 1049 1881 1120 qui,

275 1142 401 1198 dem
433 1143 678 1213 aspicere
709 1140 960 1197 audebat.
990 1141 1046 1197 Si
1073 1154 1126 1196 tu
1149 1157 1362 1212 quoque
1410 1143 1480 1196 ita
1504 1143 1766 1208 oraveris,
1795 1143 1882 1198 vel

267 1247 445 1304 penm
471 1232 727 1288 leviorem
771 1231 966 1287 reddes
1008 1234 1330 1288 orationem.
1361 1234 1417 1289 Si
1444 1235 1587 1288 enim
1630 1243 1883 1305 peccator

264 1324 442 1395 justus
491 1325 559 1380 ab
602 1326 848 1380 oratione
904 1325 1076 1381 lactus
1102 1334 1227 1391 est,
1257 1325 1545 1380 considera
1563 1325 1878 1394 'cujusmodi

265 1417 372 1471 erit
391 1417 592 1486 justus,
637 1417 685 1470 si
725 1417 885 1471 talem
915 1417 1214 1472 orationem
1267 1416 1464 1472 offerre
1493 1416 1762 1472 didicerit.
1815 1417 1882 1471 Et

266 1508 392 1565 ideo
444 1525 514 1564 ne
560 1510 648 1565 hic
680 1511 897 1580 quidem
943 1513 1183 1581 seipsum
1235 1511 1482 1566 absolute
1524 1511 1744 1582 posuit,
1786 1509 1880 1564 sed

264 1600 570 1656 cntionem
619 1616 771 1656 suam
836 1620 849 1656 :
903 1604 1152 1672 superius
1198 1603 1483 1674 justitiam,
1543 1603 1630 1657 hic
1677 1602 1884 1657 oratio-

267 1707 394 1745 nem
462 1692 650 1748 dicens
698 1710 713 1746 :
767 1693 1010 1748 Miserere
1057 1695 1174 1760 mei,
1232 1705 1278 1747 et
1340 1695 1532 1748 exaudi
1600 1693 1884 1747 orationem

267 1799 454 1836 aream.
510 1784 580 1836 Ita
631 1785 792 1838 etiam
831 1784 1112 1839 exauditus
1159 1794 1243 1838 est
1290 1784 1594 1850 Cornelius,
1627 1786 1880 1854 quoniam

262 1875 382 1944 ejus
434 1876 734 1944 patrocinio
784 1893 913 1931 usus
956 1885 1058 1931 est.
1120 1876 1394 1931 Orationes
1444 1889 1583 1942 tute,
1635 1887 1685 1930 et
1744 1877 1878 1930 elec-

267 1986 498 2040 mosymz
521 1979 642 2029 luta.
695 1970 886 2040 inquit,
926 1971 1263 2025 ascenderunt
1289 1987 1459 2025 corum
1488 1970 1600 2024 Dco
1627 1971 1762 2041 (Act.
1791 1969 1879 2025 10.

265 2064 364 2136 4).
391 2064 454 2118 Et
484 2064 677 2118 merito
708 2081 720 2115 :
752 2079 918 2133 opera
945 2065 1089 2120 enim
1120 2078 1386 2134 suntquae
1409 2063 1788 2128 exaudiuntur,
1829 2072 1885 2118 et

267 2166 417 2209 recte
441 2155 616 2220 facta;
653 2170 761 2210 non
803 2157 1049 2223 absolute
1091 2164 1268 2212 autem
1301 2157 1596 2223 orationes,
1626 2156 1720 2211 sed
1759 2171 1882 2211 ora-

267 2247 443 2305 tiones
472 2263 591 2317 qme
619 2249 751 2302 littnt
775 2265 842 2304 ex
872 2249 989 2319 lege
1040 2249 1155 2304 Dei.
1193 2249 1259 2302 Et
1303 2265 1551 2318 quamam
1603 2260 1732 2304 sunt
1756 2265 1835 2304 ea:
1859 2251 1885 2304 ?

265 2337 399 2404 Quae
425 2352 488 2392 ea
523 2348 709 2406 petunt
727 2354 846 2409 quge
869 2340 1034 2394 Deum
1061 2340 1191 2395 dare
1217 2342 1490 2405 c0nvenit,
1523 2356 1644 2410 qua:
1671 2340 1738 2395 ab
1765 2341 1884 2410 ipso

269 2443 378 2483 non
427 2429 702 2497 postulant
749 2445 869 2499 quae
916 2441 1042 2485 sunt
1091 2431 1208 2499 ejus
1253 2431 1464 2503 legibus
1507 2433 1880 2504 repugnantia.

268 2519 471 2590 Ecquis
495 2529 598 2586 est,
625 2521 816 2592 inquit,
850 2523 988 2577 adeo
1022 2523 1220 2591 audax,
1250 2534 1307 2578 ut
1336 2539 1397 2580 ea
1441 2527 1570 2581 velit
1599 2527 1766 2581 Deum
1801 2528 1881 2580 l'a-

267 2614 459 2680 cere',
509 2630 631 2683 quae
685 2626 997 2687 repugnant
1033 2618 1150 2686 ejus
1183 2619 1433 2689 legibus?
1476 2619 1576 2686 Qui
1625 2622 1885 2677 adversus

269 2703 520 2760 inimicos
545 2722 668 2762 eum
700 2718 852 2779 rogat
885 2727 898 2765 :
933 2709 1040 2766 hoc
1068 2712 1211 2766 enim
1238 2723 1322 2769 est
1350 2724 1546 2781 prmter
1571 2715 1740 2784 legem
1765 2730 1885 2785 qua:

271 2801 429 2856 abeo
472 2802 576 2856 lata
609 2813 693 2859 est
745 2804 860 2874 Ipse
907 2807 1050 2861 enim
1077 2808 1211 2863 dixit
1244 2827 1257 2863 :
1299 2808 1550 2864 Dimittite
1577 2810 1886 2864 debitoribus

271 2895 448 2949 nstris
474 2895 690 2966 (Matth.
741 2897 795 2952 6.
837 2899 924 2970 12)
977 2899 1054 2953 Tu
1101 2911 1280 2957 autem
1309 2918 1432 2956 eum
1472 2904 1668 2972 ipsum,
1697 2905 1785 2973 qtti
1832 2914 1886 2960 te

267 2987 420 3058 jubet
449 2989 779 3057 condonare,
827 2992 1089 3047 adversus
1117 2993 1364 3049 inimicos
1396 2996 1656 3051 invocas?
1683 2997 1886 3067 Ecquid

275 3083 376 3136 hac
415 3083 648 3137 amentia
701 3083 860 3139 fuerit
891 3085 1173 3143 deterius?
1219 3087 1444 3160 Oportet
1497 3105 1618 3143 eum
1649 3090 1737 3160 qui
1769 3100 1891 3144 orat

273 3173 479 3229 habere
504 3174 763 3243 habitum,
809 3188 1046 3234 mentem
1088 3189 1142 3235 et
1185 3195 1404 3236 sensum
1453 3182 1755 3250 supplicis:
1792 3196 1888 3238 cur

271 3267 432 3324 aliam
477 3282 606 3338 ergo
657 3284 941 3337 personam
989 3272 1184 3338 induis,
1246 3291 1441 3344 nempe
1492 3277 1888 3332 accusationis?

272 3361 557 3428 Quomodo
599 3361 742 3415 enim
791 3366 994 3434 poteris
1037 3369 1246 3422 veniam
1280 3377 1495 3422 tuorum
1543 3379 1885 3437 peccatorum

271 3460 510 3525 assequi.
559 3462 774 3531 quando
806 3477 964 3531 rogas
995 3470 1048 3515 ut
1098 3461 1239 3515 Deus
1274 3461 1460 3530 puniat
1503 3471 1720 3530 peccata
1747 3462 1886 3518 alio-

273 3550 436 3604 rum?
462 3551 543 3606 Sit
575 3553 752 3623 itaque
773 3554 945 3609 oratio
976 3563 1276 3620 mansueta,
1302 3553 1532 3622 placida,
1558 3553 1800 3623 jucunda
1831 3564 1888 3611 et

273 3641 423 3696 molli
455 3643 602 3696 vultu
646 3644 890 3713 praedita.
942 3645 1087 3705 Talis
1111 3655 1194 3700 est
1219 3660 1340 3713 quae
1386 3661 1508 3700 cum
1540 3647 1762 3702 lenitate
1799 3645 1885 3712 ﬁt,

274 3750 377 3790 nec
424 3735 686 3790 adversus
741 3738 1028 3799 inimicos;
1087 3738 1543 3807 quemadmodum
1592 3741 1884 3805 contraria,

272 3828 462 3896 ebriae,
489 3840 543 3883 et
571 3829 818 3884 deliranti
845 3832 1078 3900 cuipiam
1121 3833 1352 3898 mulieri,
1387 3843 1440 3885 et
1472 3833 1640 3888 instar
1667 3835 1783 3903 apri
1809 3833 1888 3888 ef-

277 3921 494 3987 I’eratte,’
516 3930 598 3976 est
625 3921 835 3977 similis.
878 3923 1142 3992 Quocirca
1173 3925 1239 3978 ad
1267 3924 1467 3988 caelum,
1493 3925 1543 3980 ei
1595 3940 1703 3980 non
1730 3925 1889 3980 datur

273 4011 474 4067 aditus.
507 4011 624 4068 Non
656 4015 800 4069 enim
843 4025 924 4070 est
951 4015 1214 4085 ejusmodi
1257 4031 1319 4072 ea
1349 4032 1470 4087 quae
1500 4015 1558 4071 ﬁt
1579 4032 1703 4071 cum
1731 4033 1884 4072 mau-

275 4104 564 4160 suetudine
613 4122 627 4157 :
680 4105 778 4160 sed
831 4105 992 4161 habet
1018 4107 1220 4176 aliquid
1247 4123 1509 4163 canorum
1538 4119 1592 4162 et
1622 4109 1764 4174 lene,
1797 4107 1883 4162 di-

275 4212 548 4268 gnumque
577 4199 739 4268 regiis
766 4199 1007 4264 auribus,
1034 4216 1217 4267 suave,
1250 4202 1600 4265 concinnum,
1632 4217 1886 4256 numero-

275 4301 416 4342 sum.
443 4289 804 4354 Quamobrem
829 4306 932 4344 non
960 4307 1022 4344 ex
1033 4291 1243 4360 pellitur
1267 4308 1297 4347 e
1322 4293 1551 4358 theatro,
1576 4295 1668 4347 sed
1687 4309 1888 4349 corona

277 4378 526 4434 redimita
560 4381 760 4436 recedit
784 4397 798 4446 ;
823 4383 1020 4437 etenim
1045 4382 1202 4439 habet
1223 4400 1442 4438 auream
1469 4386 1755 4450 citharam,
1791 4401 1888 4441 vc-

274 4479 416 4525 stem
447 4486 688 4526 auream.
721 4473 834 4540 Qua
883 4475 952 4530 de
998 4491 1161 4531 causa
1205 4477 1436 4532 delectat
1463 4480 1623 4533 etiam
1650 4479 1888 4550 judicem

279 4563 485 4631 habitu,
514 4576 733 4634 aspectu
760 4576 815 4621 et
844 4582 992 4623 voce.
1028 4569 1316 4640 Propterea
1348 4572 1527 4626 nullus
1553 4587 1672 4625 eam
1699 4582 1888 4626 extur-

277 4655 423 4712 bata
451 4659 762 4715 caelestibus
807 4660 965 4714 aulis.
1020 4661 1341 4717 Universum
1387 4665 1530 4719 enim
1576 4665 1704 4719 illud
1735 4666 1890 4721 thea-

279 4760 420 4806 trum
435 4752 733 4807 incredibili
765 4755 943 4808 la-titia
971 4755 1155 4810 al‘ﬁcit.
1182 4757 1306 4812 llaec
1327 4769 1410 4812 est
1425 4758 1584 4828 digna
1605 4761 1752 4815 crclis
1772 4775 1893 4830 pre-

277 4845 420 4899 catio
445 4860 459 4908 ;
493 4844 606 4899 haec
632 4857 712 4901 est
739 4845 916 4917 lingua
945 4849 1280 4918 angelorum,
1312 4852 1532 4921 quando
1560 4853 1694 4906 nihil
1725 4868 1888 4908 accr-

281 4936 430 5003 hum,
459 4937 696 5004 jucunda
721 4950 898 4994 autem
925 4943 1104 4996 omnia
1139 4943 1414 5012 loquitur:
1457 4946 1672 5015 quando
1700 4962 1796 5015 pro
1823 4947 1889 5003 iis

279 5028 370 5097 qui
399 5028 650 5097 injuriam
680 5040 734 5084 et
759 5029 1016 5085 damnum
1052 5032 1290 5088 inferunt
1311 5077 1328 5100 ,
1357 5038 1505 5090 venit
1555 5039 1888 5108 supplicans,

283 5131 411 5178 tunc
461 5124 680 5178 adstant
729 5127 891 5178 etiam
918 5127 1093 5195 angeli
1126 5143 1322 5197 magno
1351 5128 1636 5185 audientes
1662 5147 1783 5186 cum
1813 5132 1889 5186 si-

281 5214 470 5278 lentio,
499 5225 552 5268 et
609 5227 888 5286 postquam
923 5217 1066 5288 loqui
1098 5219 1341 5282 desierit,
1392 5221 1738 5289 applaudere,
1771 5222 1890 5278 lau-

280 5305 430 5370 dare,
462 5309 714 5361 admirari
740 5323 846 5362 non
877 5322 1110 5364 cessant.
1151 5312 1334 5366 Talem
1382 5328 1482 5368 nos
1516 5329 1729 5384 quoque
1756 5315 1890 5370 affe-

281 5414 464 5453 ramus
491 5403 814 5466 orationem,
839 5412 893 5458 et
915 5405 1138 5457 omnino
1167 5407 1540 5461 exandiemur.
1575 5407 1642 5462 Et
1669 5409 1890 5478 quando

281 5490 349 5545 ad
399 5492 566 5547 Deum
597 5495 936 5559 accedimus,
971 5513 1038 5551 ne
1091 5512 1212 5552 esse
1264 5499 1637 5554 existimemus
1675 5503 1892 5572 vulgare

283 5586 575 5649 theatrum,
605 5585 699 5640 sed
730 5603 794 5640 ex
837 5589 1087 5643 universo
1117 5590 1247 5644 orbe
1269 5600 1556 5656 terrarum,
1591 5593 1673 5648 vel
1714 5597 1890 5662 potius

283 5689 347 5733 ex
371 5678 620 5748 supernis
646 5680 856 5748 populis
885 5680 1194 5736 cmlestibus
1224 5683 1510 5739 collectum
1544 5702 1555 5738 :
1595 5674 1650 5742 et
1688 5687 1889 5759 Regem

347 5857 362 5885 ³
401 5859 538 5917 neg,
565 5856 704 5916 dare,
731 5869 839 5919 pro,
857 5858 1038 5921 facere.

1992 492 2046 546 in
2073 493 2254 547 medio
2301 493 2513 561 sedere,
2545 494 2872 565 precationis
2901 506 3103 551 nostra:
3149 495 3432 552 audienda:
3455 499 3606 564 cupi-

1989 582 2140 637 dum.
2173 586 2242 637 At
2268 583 2529 640 faciamus
2554 596 2610 640 ut
2631 601 2720 642 res
2746 586 2816 641 sit
2840 597 3149 657 comparata
3173 587 3239 642 ad
3271 587 3614 643 demonstra-

1991 675 2216 730 tionem.
2276 675 2464 732 Nullus
2512 679 2582 732 sit
2633 678 2983 745 cithartedus,
3022 681 3204 739 nullus
3254 681 3481 749 lyricen,
3514 683 3603 752 qui

1991 769 2062 824 ita
2085 785 2144 824 se
2169 779 2426 826 exerceat
2455 786 2675 826 scenam
2730 772 3095 845 ingressurus,
3149 773 3348 829 timens
3383 790 3450 828 ne
3478 774 3607 844 quid

1992 861 2214 918 insuave
2265 868 2322 918 o‘t
2368 863 2748 918 inconcinnum
2803 867 2997 928 canat,
3050 874 3110 919 ut
3169 880 3269 919 nos
3314 863 3609 934 ingressuri

1993 955 2266 1009 theatrum
2297 956 2635 1023 angelorum.
2687 956 2964 1012 Plectrum
2985 967 3172 1013 autem
3206 959 3279 1012 sit
3322 958 3479 1012 nobis
3507 957 3610 1010 lin-

1989 1060 2114 1116 gua,
2137 1061 2258 1116 qua:
2307 1045 2438 1100 nihil
2480 1047 2855 1117 iujuctmdum,
2884 1049 2982 1104 sed
3014 1063 3365 1103 numerosum
3397 1057 3453 1103 et
3483 1063 3608 1102 mo-

1989 1136 2232 1192 dulatum
2263 1137 2427 1202 dicat,
2454 1154 2577 1200 cum
2606 1155 2670 1196 ea
2697 1156 2800 1211 qua
2840 1155 2938 1212 par
2955 1150 3041 1196 est
3066 1141 3425 1212 cogitatione;
3455 1152 3509 1194 et
3539 1139 3608 1194 ad

1992 1227 2161 1283 Deum
2189 1229 2539 1297 accedentes,
2583 1241 2859 1303 rogantes,
2893 1241 2949 1287 et
2974 1242 3215 1297 orantes,
3253 1247 3349 1300 pro
3379 1231 3612 1288 inimicis

1991 1318 2125 1373 ﬁdes
2166 1320 2440 1388 pulsemus
2483 1339 2496 1376 :
2535 1322 2608 1378 ita
2651 1324 2796 1378 enim
2854 1338 2954 1394 pro
3007 1325 3165 1380 nobis
3213 1338 3430 1396 quoque
3480 1325 3611 1398 ipsis

1989 1411 2361 1467 exaudiemur.

2061 1505 2115 1559 5.
2159 1503 2381 1574 lnjurie
2408 1508 2692 1561 recordatio
2718 1524 2870 1574 quam
2905 1509 3081 1562 noxia.
3110 1539 3183 1548 —
3209 1508 3337 1563 "me
3365 1524 3468 1563 vox
3497 1507 3612 1562 die-

1990 1611 2180 1652 mones
2205 1599 2412 1667 pudore
2437 1598 2627 1663 afﬁcit.
2653 1600 2770 1656 hmc
2798 1602 2890 1656 dat
2919 1602 3076 1656 nobis
3104 1602 3327 1657 liberam
3355 1601 3609 1673 loquendi

1990 1688 2351 1757 potestatem;
2402 1691 2518 1747 haec
2563 1692 2774 1764 pudore
2816 1693 2982 1750 afﬁcit
3024 1694 3377 1766 proﬁigatque
3421 1696 3612 1750 diabo-

1990 1781 2122 1835 lum.
2156 1781 2338 1853 Neque
2384 1785 2528 1839 euim
2573 1784 2788 1839 dmmon
2830 1786 2904 1840 ita
2947 1802 3070 1842 eum
3101 1791 3327 1851 metuit,
3352 1787 3444 1859 qui
3485 1802 3608 1841 eum

1991 1873 2212 1941 expellit
2232 1884 2287 1929 et
2308 1875 2454 1945 cjicit
2477 1885 2545 1931 ‘ex
2575 1877 2684 1931 alio
2715 1876 2954 1941 homine,
2976 1888 3031 1933 ut
3059 1879 3336 1934 hominem
3359 1880 3448 1948 qui
3474 1879 3610 1933 iram

1990 1965 2178 2032 vincit,
2209 1973 2263 2020 et
2289 1967 2469 2021 animo
2491 1967 2723 2036 imperat
2756 1985 2769 2022 :
2803 1984 2928 2022 nam
2960 1970 3064 2023 hoc
3092 1969 3265 2038 ipsum
3293 1985 3507 2040 queque
3530 1977 3613 2022 est

1988 2073 2166 2114 sei-us
2193 2059 2406 2114 daemon
2431 2101 2446 2123 ,
2480 2071 2534 2116 et
2564 2062 2683 2116 irati
2728 2063 2908 2132 potius
2952 2077 3112 2132 quam
3155 2063 3244 2132 qui
3282 2077 3317 2114 τι
3363 2062 3613 2116 daunone

1989 2161 2274 2215 vexantur,
2299 2153 2482 2208 miseri
2505 2153 2718 2209 dicendi
2737 2163 2880 2208 sunt.
2902 2155 2946 2208 Α
2965 2153 3213 2208 όωηιοηθ
3234 2154 3378 2208 enim
3404 2154 3610 2216 vexari,

1993 2259 2100 2297 non
2130 2243 2372 2299 immittit
2400 2245 2452 2299 in
2479 2245 2784 2316 gehennam
2822 2263 2835 2300 :
2867 2245 3024 2300 irasci
3052 2255 3256 2311 autem,
3288 2253 3344 2300 et
3373 2255 3613 2312 acceptae

1992 2337 2203 2405 injuria;
2241 2339 2588 2407 meminisse,
2627 2339 2848 2409 expellit
2876 2339 2945 2394 ab
2983 2338 3100 2409 ipso
3136 2353 3303 2406 regno
3330 2338 3611 2393 cat-lorum.

1990 2428 2046 2486 Si
2075 2431 2374 2486 orationem
2410 2431 2478 2485 ita
2508 2433 3007 2500 temperaverimus,
3035 2432 3330 2500 poterimus
3358 2445 3456 2484 nos
3479 2444 3619 2500 quo-

1990 2542 2097 2596 que
2145 2527 2256 2580 Deo
2303 2525 2532 2579 ﬁdenter
2574 2524 2801 2578 dicere:
2833 2522 3043 2577 Exaudi
3090 2525 3373 2577 orationem
3423 2539 3610 2577 meum.

1993 2617 2171 2685 Quare
2213 2632 2319 2670 non
2350 2616 2522 2670 solum
2553 2617 2781 2685 teipsum
2805 2616 3020 2685 juvabis
3051 2624 3104 2670 et
3145 2616 3493 2684 promnvebis
3524 2625 3613 2670 tua

1991 2709 2407 2778 supplicatione,
2437 2708 2531 2763 sed
2567 2707 2734 2763 Deum
2768 2709 2930 2762 etiam
2960 2707 3266 2762 audientem
3295 2707 3612 2770 delectabis,

1993 2813 2050 2856 ut
2079 2802 2168 2872 qui
2193 2802 2308 2872 ejus
2340 2801 2624 2871 praeceptis
2655 2800 2856 2869 aliquid
2884 2799 3104 2869 dignum
3134 2809 3286 2869 petas
3315 2818 3329 2854 :
3361 2801 3610 2869 quocirca

1992 2894 2154 2948 etiam
2189 2893 2343 2948 facile
2383 2902 2606 2947 annuet.
2638 2892 2750 2946 Hoc
2782 2892 2869 2946 illa
2898 2891 3189 2960 adoratione
3218 2890 3439 2960 dignum
3485 2901 3566 2945 est
3598 2909 3612 2946 :

1995 2985 2098 3042 hoc
2128 2985 2278 3040 illum
2324 2985 2556 3039 maxime
2581 2983 2952 3040 characterem
2995 2983 3252 3039 ostendit.
3278 2980 3490 3045 Estote,
3526 2983 3612 3036 in-

1993 3079 2131 3148 quit,
2158 3075 2530 3141 misericordes,
2561 3078 2690 3130 sicut
2729 3087 2773 3130 et
2800 3075 2962 3131 Pater
2991 3087 3149 3131 vester
3172 3076 3260 3146 qui
3286 3085 3356 3130 est
3386 3076 3440 3129 in
3476 3077 3616 3130 ca'lis

1996 3167 2147 3240 (Luc.
2183 3169 2238 3223 6.
2271 3167 2362 3236 56)
2390 3184 2402 3226 :
2438 3176 2491 3222 et
2518 3182 2708 3222 rursus
2737 3183 2748 3219 :
2785 3165 2941 3222 Orare
2966 3184 3058 3238 pro
3086 3168 3148 3221 iis
3171 3167 3261 3237 qui
3288 3167 3424 3223 vobis
3446 3166 3614 3220 insul-

1996 3271 2122 3324 tant,
2139 3269 2193 3314 ut
2214 3261 2324 3316 sitis
2351 3261 2541 3316 similes
2561 3258 2738 3314 Patris
2764 3261 2933 3325 vestri,
2961 3263 3048 3328 qui
3074 3261 3217 3314 estin
3235 3262 3372 3315 ca'lis
3396 3259 3612 3332 (.llattli.

1994 3354 2048 3409 5.
2080 3352 2215 3426 44).
2248 3352 2386 3420 Quid
2411 3367 2542 3422 ergo
2571 3363 2747 3422 potest
2776 3368 2898 3407 cum
2932 3353 3032 3406 hac
3061 3353 3308 3408 oratioire
3330 3355 3566 3408 conferri
3590 3353 3614 3407 ?

1994 3447 2123 3502 Haec
2169 3463 2275 3501 non
2304 3447 2507 3517 angelis
2547 3461 2648 3502 nec
2681 3447 3041 3517 archangelis,
3073 3447 3165 3502 sed
3199 3447 3297 3517 ipsi
3327 3447 3465 3518 Regi
3491 3447 3617 3501 facit

1995 3540 2246 3596 similem.
2272 3541 2372 3606 Qui
2403 3552 2584 3596 autem
2613 3540 2768 3610 Regi,
2798 3550 3056 3609 quantum
3100 3541 3246 3606 licet,
3281 3541 3439 3595 luerit
3465 3540 3618 3596 simi:-

1995 3631 2084 3694 lis,
2117 3630 2399 3686 considera
2429 3642 2625 3702 quanta
2653 3643 2830 3687 utetur
2857 3631 3051 3686 ﬁducia
3080 3641 3134 3685 et
3165 3631 3419 3701 loquendi
3453 3630 3618 3687 liber-

1996 3731 2111 3779 tate
2135 3725 2186 3778 in
2212 3723 2574 3780 orationibus.
2595 3725 2648 3779 3.
2681 3722 2805 3778 Filii
2846 3725 3145 3788 hominum,
3169 3741 3432 3794 quousque
3472 3725 3630 3795 gravii

1995 3816 2186 3870 corde?
2217 3813 2282 3870 Ut
2322 3815 2448 3885 quid
2486 3815 2700 3886 diligitis
2734 3813 3042 3880 vanitatem,
3073 3825 3120 3868 et
3146 3817 3371 3884 quwritis
3407 3816 3619 3873 mendar

1994 3908 2129 3961 cium
2149 3906 2174 3960 ?
2192 3907 2271 3961 Ad
2300 3922 2561 3977 quosnam
2581 3906 2762 3977 dirigit
2787 3909 3093 3964 orationem
3130 3917 3181 3962 et
3212 3907 3473 3977 increpat,
3498 3908 3617 3960 sub-

1989 3999 2275 4071 jungitque
2303 3998 2631 4057 consilium?
2654 4015 2919 4067 quosnam
2950 4011 3101 4054 vocat
3130 3999 3266 4054 ﬁlios
3296 4000 3573 4054 hominum
3594 4001 3634 4053 ὓ

1997 4094 2104 4149 Eos
2126 4093 2215 4164 qui
2247 4094 2433 4148 vivunt
2473 4093 2526 4148 in
2562 4092 2906 4162 improbitate
2927 4137 2940 4159 ,
2973 4094 3064 4163 qui
3094 4102 3220 4149 sunt
3257 4094 3522 4155 proclives
3547 4093 3616 4148 ad

1995 4189 2312 4260 nequitiam.
2343 4187 2744 4256 Quamobrem?
2774 4203 2873 4242 nos
2917 4188 3060 4243 enim
3105 4203 3285 4241 annon
3317 4187 3410 4242 ﬁlii
3440 4187 3621 4242 humi-

1996 4281 2161 4334 num?
2186 4279 2385 4335 Natura
2412 4280 2628 4344 quidem
2653 4279 2933 4334 hominum
2957 4280 3071 4344 ﬁlii,
3099 4280 3268 4349 gratia
3296 4290 3476 4334 autem
3507 4294 3616 4332 non

1995 4371 2262 4443 amplius,
2304 4372 2401 4428 sed
2432 4372 2524 4426 Dei
2555 4372 2670 4427 ﬁlii.
2705 4371 2761 4427 Si
2793 4387 2922 4442 ergo
2965 4371 3126 4425 etiam
3161 4371 3278 4441 ejus
3327 4371 3623 4442 imaginem

1995 4479 2117 4534 quae
2160 4471 2246 4518 est
2297 4463 2592 4518 secundum
2641 4463 2892 4517 virtutem
2935 4463 3437 4518 conservaverimus
3465 4505 3477 4520 .
3516 4463 3621 4516 erit

1996 4556 2153 4611 nobis
2197 4555 2400 4614 donum
2448 4555 2712 4626 integrum
2748 4572 2761 4606 :
2793 4570 2889 4609 eos
2919 4554 3061 4608 enim
3099 4554 3188 4624 qui
3231 4553 3325 4608 Dei
3373 4553 3463 4608 lilii
3494 4553 3616 4608 lacti

1997 4661 2124 4706 sunt
2170 4667 2266 4720 per
2303 4650 2530 4720 gratiam
2561 4690 2574 4712 ,
2605 4649 2767 4704 etiam
2800 4663 2900 4716 per
2928 4647 3048 4701 vitae
3077 4663 3189 4702 sum
3220 4645 3619 4702 institutionem

1997 4759 2119 4797 eam
2163 4749 2382 4811 Oportet
2432 4741 2720 4809 imaginem
2765 4739 3090 4808 exprimere.
3124 4737 3279 4806 Quod
3309 4747 3489 4792 autem
3522 4753 3622 4791 eos

1999 4838 2087 4906 qui
2118 4836 2238 4890 vitae
2264 4835 2409 4892 curis
2436 4834 2556 4904 plus
2578 4832 2743 4887 dediti
2772 4842 2918 4895 sunt,
2942 4841 2998 4886 et
3023 4833 3090 4886 ad
3121 4833 3305 4886 vitium
3334 4832 3618 4900 propensi,

2000 4938 2153 4983 vocat
2197 4928 2335 4982 lilios
2373 4926 2649 4984 hominum
2673 4968 2686 4987 ,
2717 4925 2842 4979 audi
2879 4942 2891 4976 :
2932 4923 3169 4978 l'identes
3194 4933 3362 4978 autem
3395 4924 3488 4987 lilii
3526 4921 3617 4975 Dei

2000 5021 2136 5091 ﬁlias
2160 5021 2419 5074 hominum
2445 5017 2668 5078 (Geruli.
2701 5015 2780 5089 2).
2804 5017 2962 5086 Atqui
2995 5018 3350 5080 contrarium,
3381 5015 3615 5084 inquies,

1999 5115 2204 5169 dixisti.
2237 5113 2589 5184 Nequaquam
2621 5129 2634 5165 :
2669 5111 2762 5166 Dei
2804 5111 2948 5165 enim
2994 5111 3132 5165 liiios
3163 5109 3250 5164 hic
3285 5111 3493 5162 vocavit
3521 5123 3622 5163 eos

1999 5207 2088 5277 qui
2133 5217 2288 5261 antea
2321 5221 2387 5258 ex
2419 5205 2546 5257 viris
2569 5204 2725 5256 bonis
2755 5203 2866 5256 nali
2898 5201 3126 5268 fuerant,
3158 5212 3209 5256 et
3241 5216 3271 5253 a
3300 5201 3413 5254 Deo
3443 5199 3617 5270 hono-

1999 5317 2112 5354 rem
2151 5307 2530 5370 perceperant,
2561 5297 2756 5352 deinde
2789 5294 2979 5350 mutati
3004 5303 3158 5350 erant
3181 5336 3197 5359 ,
3231 5304 3286 5349 et
3333 5301 3621 5349 evaserant

1999 5391 2299 5447 deteriores
2323 5433 2337 5449 .
2365 5405 2632 5458 smnnque
2664 5388 2925 5442 honorem
2961 5387 3324 5456 perdiderant.
3362 5385 3433 5441 Ut
3469 5387 3616 5440 enim

2001 5485 2170 5553 magis
2218 5481 2570 5550 ampliﬁcaret
2617 5496 2806 5535 eorum
2862 5479 3381 5548 reprehensionem,
3425 5492 3615 5531 eorum

2001 5576 2260 5632 honorem
2305 5575 2656 5637 memoravit,
2687 5573 2980 5628 maximum
3024 5588 3146 5628 esse
3185 5573 3389 5627 crimen
3435 5580 3620 5625 osten-

2000 5669 2156 5735 deus,
2190 5666 2329 5736 quod
2360 5683 2482 5719 cum
2518 5666 2653 5720 tales
2695 5675 2912 5732 chcnt,
2953 5675 3008 5719 et
3039 5663 3142 5719 orti
3176 5680 3238 5717 ex
3285 5662 3482 5717 talibus
3510 5704 3523 5725 ,
3552 5663 3618 5714 ad

2003 5772 2204 5816 tantam
2258 5777 2317 5815 se
2371 5761 2801 5830 praecipitassent
2849 5758 3266 5826 improbitatem.
3322 5755 3387 5810 Et
3432 5772 3621 5809 rursus

2014 5860 2154 5913 Deus
2181 5875 2192 5909 :
2224 5854 2336 5927 Ego
2365 5855 2494 5920 dixi,
2531 5852 2617 5909 Dii
2645 5853 2785 5920 estis,
2819 5863 2861 5908 et
2889 5853 2984 5922 ﬁli.
3015 5849 3261 5908 Altissimi
3287 5863 3479 5904 omnes.
3520 5844 3629 5900 los
