4070 6468
497 163 520 248 λ.

455 423 520 475 Π
1201 411 1258 468 S.
1284 407 1563 466 JOANNIS
1600 399 2062 464 CHRYSOSTOMI
2103 400 2414 456 ARCIIIEP.
2457 396 2982 458 CONS'I'ANTINOP.

452 545 620 590 autent
646 542 704 588 ut
727 533 950 587 homines
986 528 1237 584 morimini
1267 526 1288 600 (
1315 525 1456 582 Psal.
1481 527 1570 582 8t.
1600 525 1668 581 67
1688 525 1726 594 ).
1763 523 1828 577 Et
1862 522 2036 578 consi-

453 623 580 679 dera
612 622 883 692 propheta:
901 605 1400 689 prudentiamJqu
1427 617 1574 686 prius
1601 613 1922 670 ostendisset
1944 611 2034 665 Dei

458 713 772 783 potentiam,
791 705 1112 770 facultatem.
1137 708 1429 772 solertiam,
1451 703 1826 776 benignitatem
1849 710 1906 757 et
1925 701 2036 756 cle-

458 803 709 857 incutiam
735 841 750 866 ,
781 800 924 870 quod
968 800 1022 854 in
1049 798 1335 854 afﬂictione
1359 797 1580 862 dilatet,
1610 794 1750 866 quod
1779 793 2038 848 miserans

456 900 692 962 annuat:
714 890 910 944 deinde
939 889 1177 959 cogitans
1197 887 1420 944 eﬂ'u-um
1445 887 1495 941 in
1523 884 1828 940 hominibus
1853 884 2037 938 vitium

457 993 511 1038 et
554 981 887 1052 tyrannidem
932 981 1263 1051 impietatis:
1295 989 1562 1050 tamquam
1607 979 1771 1032 animi
1811 990 2042 1029 incerare

461 1071 786 1134 sulfocatns,
815 1072 1080 1127 convertit
1123 1085 1425 1126 sermonem
1449 1072 1518 1125 ad
1560 1084 1652 1125 eos
1680 1069 1770 1139 qui
1817 1067 1869 1121 in
1901 1067 2042 1121 vitiis

463 1165 623 1219 vitam
645 1164 861 1234 degunt,
883 1162 1260 1232 propemodum
1283 1161 1494 1217 dicens:
1511 1161 1640 1217 Cum
1663 1161 1819 1216 talem
1848 1158 2045 1214 habea-

464 1256 532 1308 tis
577 1253 742 1308 Deum
767 1294 782 1317 ,
822 1253 958 1308 adeo
995 1253 1282 1323 benignum
1302 1293 1318 1321 ,
1346 1253 1481 1308 adeo
1523 1252 1841 1308 clementem
1866 1291 1880 1316 ,
1910 1249 2046 1306 adeo

465 1351 758 1412 potentem,
788 1343 1054 1414 quomodo
1077 1342 1382 1398 declinastis
1419 1342 1486 1397 ad
1517 1342 1887 1413 impietatem“!
1917 1340 2048 1395 Vide

464 1443 645 1489 autem
663 1443 859 1500 quanta
886 1435 961 1488 ira
991 1433 1147 1488 simul
1169 1442 1225 1488 et
1244 1433 1689 1502 lenitate,quanta
1714 1429 2046 1502 philosophia

465 1523 758 1579 admonitio
785 1525 939 1594 plena
971 1525 1059 1579 sit.
1087 1524 1224 1592 Quid
1247 1525 1389 1578 enim
1414 1523 1582 1578 dicit?
1609 1522 1734 1577 Filii
1763 1524 2044 1585 hominum,

465 1625 724 1686 quousque
749 1617 889 1686 graui
915 1617 1067 1670 corde
1086 1617 1111 1668 ?
1136 1616 1246 1670 Hoc
1274 1623 1356 1670 est
1383 1615 1498 1682 ejus
1523 1615 1611 1685 qui
1642 1615 1874 1683 graviter
1900 1615 2050 1666 inve-

471 1695 618 1759 nitur
642 1705 801 1759 etiam
827 1719 893 1758 ex
921 1704 1174 1772 temporis
1199 1703 1569 1758 diuturnitate.
1594 1703 1649 1759 Si
1669 1703 1811 1757 enim
1842 1701 1934 1755 Dei
1960 1701 2054 1755 be-

473 1796 810 1852 neficentiam
853 1797 922 1852 ab
961 1796 1112 1851 initio
1155 1811 1259 1850 non
1308 1796 1675 1872 considerasse
1719 1794 1892 1849 scelus
1925 1803 2002 1847 cst
2038 1810 2052 1848 :

476 1901 635 1956 quam
663 1886 872 1940 veniam
901 1895 1290 1956 consequetur,
1319 1887 1407 1956 qui
1433 1885 1576 1940 circa
1609 1886 1882 1938 veritatem
1915 1893 2053 1936 tam-

473 1975 566 2034 diu
591 1977 869 2032 cacutiat?
889 1977 1024 2045 Quid
1038 1975 1126 2032 est
1149 1989 1350 2042 autem,
1379 1990 1499 2031 esse
1521 1976 1672 2046 gravi
1699 1975 1903 2030 corde?
1925 1973 2058 2030 Gra-

477 2079 571 2121 ves
596 2066 760 2121 corde
785 2076 910 2120 sunt
931 2108 948 2132 ,
979 2067 1072 2137 qui
1101 2076 1225 2120 sunt
1250 2081 1438 2122 crasso
1465 2066 1628 2121 corde
1647 2107 1660 2130 ,
1690 2066 1953 2130 carnales,
1981 2065 2059 2118 af-

479 2156 567 2210 tlxi
591 2166 765 2220 terrae,
782 2158 964 2212 vitium
990 2169 1293 2227 sequentes,
1310 2158 1701 2226 improbitatem
1722 2165 2056 2220 exercentes,

481 2247 697 2302 libidine
733 2257 785 2303 et
823 2250 1096 2316 voluptate
1133 2248 1368 2317 corrupti
1394 2265 1409 2300 :
1438 2249 1558 2303 talis
1585 2249 1726 2303 enim
1756 2249 1915 2302 homo
1942 2263 2064 2302 car-

483 2337 636 2390 nalis.
667 2337 731 2391 Et
748 2337 908 2391 vitam
937 2353 1122 2391 eorum
1154 2337 1570 2406 reprehendens,
1603 2337 1834 2393 ostendit
1859 2337 2060 2392 fonfem

484 2428 770 2498 impietatis
790 2469 805 2492 ,
835 2427 1137 2498 signiﬁcans
1163 2428 1264 2482 hoc
1303 2429 1381 2482 eis
1420 2444 1540 2484 esse
1575 2429 1805 2482 maxime
1837 2429 2062 2498 impedi-

486 2519 700 2586 mento,
731 2522 1013 2591 quominus
1041 2520 1119 2576 ad.
1147 2521 1248 2575 alta
1283 2522 1531 2591 dogmata
1561 2523 1888 2590 perveniant.
1922 2520 2065 2575 Nihil

485 2612 626 2665 enim
655 2626 749 2664 cor
777 2610 911 2665 adeo
937 2620 1186 2680 aggravat
1204 2652 1218 2676 ,
1253 2621 1309 2667 ut
1355 2612 1518 2666 libido
1547 2613 1682 2666 mala
1703 2653 1718 2676 ,
1749 2627 1814 2666 ac
1841 2612 2066 2666 Saecula—

487 2701 623 2752 rium
671 2708 1106 2770 terrenarumque
1155 2717 1331 2755 rerum
1385 2717 1512 2755 cura
1557 2701 1911 2770 studiumque.
1963 2698 2068 2754 Cor

490 2788 787 2858 hujnsmodi
821 2806 924 2842 non
966 2792 1224 2844 erraverit
1252 2791 1342 2860 qui
1371 2791 1570 2844 luteum
1600 2790 1982 2859 appellaverit;
2015 2798 2070 2844 ct

490 2880 610 2934 ideo
636 2881 685 2932 id
714 2897 874 2950 grave
906 2883 1146 2946 vocavit;
1180 2893 1232 2937 et
1254 2884 1304 2937 id
1332 2883 1468 2936 dixit
1494 2897 1614 2937 esse
1643 2898 1855 2939 causam
1899 2884 2069 2935 malo-

489 2985 627 3036 rum,
659 2970 802 3039 quod
851 2986 970 3026 cum
1017 2974 1210 3042 aurigae
1255 2972 1429 3028 locum
1475 2982 1691 3040 teneat,
1741 2989 1844 3027 non
1898 2975 2071 3028 solum

489 3074 684 3129 equum
716 3060 934 3116 habenis
979 3079 1083 3117 non
1121 3064 1367 3119 cohibeat
1388 3105 1403 3129 ,
1431 3065 1522 3119 sed
1547 3065 1706 3118 etiam
1731 3081 1850 3120 cum
1876 3081 1942 3120 eo
1969 3074 2075 3118 tra-

493 3148 654 3204 hente
693 3150 940 3206 deorsum
987 3154 1378 3222 pnceipitelur;
1408 3170 1633 3226 cumque
1675 3165 1915 3226 oporteat
1951 3171 2073 3210 car-

496 3254 618 3293 nem
645 3239 745 3295 alis
769 3241 1054 3307 instruere,
1083 3243 1362 3298 subiiment
1384 3261 1562 3314 agerc.
1583 3257 1637 3300 et
1663 3246 1714 3299 in
1737 3247 1928 3300 cadum
1956 3261 2074 3300 sus-

499 3329 708 3394 tollere,
739 3346 803 3386 ea
829 3346 947 3386 cum
994 3335 1364 3402 aegritudinum
1396 3336 1706 3404 gravissimo
1736 3353 1898 3392 onere
1921 3338 2078 3393 deor-

496 3434 615 3474 sum
659 3437 764 3477 una
800 3409 1401 3493 deprimatur.Quando
1443 3443 1569 3498 ergo
1598 3429 1680 3483 vel
1730 3430 1946 3499 auriga,
1990 3431 2077 3484 vel

498 3511 822 3591 gubernator
861 3516 982 3585 talis
1018 3517 1175 3572 fuerit
1192 3557 1208 3582 ,
1237 3533 1479 3586 quaenam
1505 3528 1587 3573 est
1614 3535 1736 3589 spes
1763 3521 1986 3576 salutis?
2009 3521 2081 3577 Ut

501 3603 714 3670 quando
736 3605 881 3670 dicit,
904 3607 965 3661 Si
984 3608 1073 3660 tua:
1093 3624 1203 3677 qua:
1231 3612 1284 3661 in
1306 3618 1354 3662 te
1375 3617 1468 3674 ut,
1488 3609 1700 3664 tenebit:
1721 3623 1858 3676 sunt,
1880 3623 2080 3682 quantae

501 3705 618 3748 sunt
644 3695 857 3748 teni-bra:
885 3697 1108 3766 (Matth.
1141 3699 1194 3752 6.
1224 3697 1359 3766 23)?
1388 3699 1610 3764 Quando
1637 3708 1720 3754 est
1759 3701 2082 3768 gubernator

501 3783 681 3837 ebrius
704 3825 718 3846 ,
751 3795 806 3840 et
831 3786 1084 3840 ﬂuctuum
1111 3802 1174 3841 ac
1197 3797 1477 3843 ventorum
1509 3790 1744 3845 imitatur
1769 3791 2079 3845 inconstan-

505 3875 652 3935 tiam,
681 3876 948 3942 quomodo
977 3878 1124 3933 navis
1152 3879 1491 3932 servabitur?

575 3967 629 4020 ϐ.
671 3966 806 4034 Quid
840 3983 968 4037 ergo
1005 3979 1177 4038 potest
1218 3970 1387 4026 levem
1414 3971 1642 4028 animm
1681 3970 1935 4026 efficere?
1963 3971 2082 4027 Vita

506 4056 784 4120 mirabilis,
809 4057 854 4111 si
880 4059 946 4112 ad
978 4060 1172 4113 nullam
1203 4061 1376 4117 rerum
1411 4061 1565 4130 hujus
1593 4062 1716 4115 vitm
1743 4063 2041 4131 aspiremus
2063 4103 2080 4128 ,

506 4161 608 4200 nec
638 4147 857 4214 pedibus
880 4148 1166 4217 quidquam
1184 4151 1459 4220 alligemus
1482 4166 1665 4204 eorum
1687 4167 1804 4220 qua:
1833 4152 2080 4207 deorsum

506 4246 565 4291 et
593 4235 852 4302 feruntur,
883 4248 934 4292 et
965 4237 1155 4293 ferunt.
1182 4241 1262 4294 Ex
1291 4243 1602 4308 corporibus
1627 4243 1769 4294 enim
1799 4242 1902 4296 alia
1930 4243 2088 4296 deor-

507 4341 626 4378 sum
658 4325 780 4380 ferri
812 4326 1003 4392 solent,
1030 4337 1088 4382 ut
1115 4329 1337 4398 lapides,
1370 4331 1525 4399 ligna,
1559 4339 1614 4385 et
1629 4346 1759 4400 quae
1785 4340 1910 4384 sunt
1947 4331 2089 4400 ejus-

510 4415 686 4481 modi;
717 4419 819 4471 alia
849 4435 978 4474 vero
1013 4435 1255 4493 sursum,
1279 4431 1336 4475 ut
1364 4422 1498 4492 ignis
1517 4462 1532 4489 ,
1560 4424 1804 4492 spiritus.
1834 4430 1889 4477 et
1914 4423 2087 4491 pluma

510 4515 699 4562 natura
721 4525 836 4565 sua
867 4511 1017 4566 levis.
1052 4512 1107 4567 Si
1147 4513 1272 4584 quid
1303 4529 1429 4586 ergo
1460 4530 1645 4570 eorum
1675 4532 1796 4585 qua:
1839 4517 2086 4572 deorsum

511 4595 772 4665 feruntur,
790 4601 836 4654 ei
858 4601 996 4670 quod
1025 4602 1141 4658 leve
1165 4614 1244 4658 est
1269 4604 1589 4674 alligaveris.
1610 4607 1749 4658 nulla
1781 4615 1862 4660 est
1885 4607 2089 4678 alarum

509 4703 610 4744 nec
640 4691 855 4759 spiritus
884 4694 1118 4769 utilitas,
1151 4710 1270 4748 cum
1314 4697 1565 4760 excedat,
1598 4707 1811 4766 superet
1837 4709 1891 4752 et
1917 4699 2092 4753 vincat

509 4781 759 4849 gravitas.
787 4779 862 4836 lta
901 4784 1058 4837 etiam
1093 4786 1136 4840 si
1163 4787 1283 4854 quis
1301 4787 1462 4854 pedes
1489 4787 1732 4841 habuerit
1755 4799 2087 4857 aggravatos,

510 4869 594 4924 vel
643 4882 858 4941 propter
903 4875 1072 4928 malos
1115 4875 1394 4930 afﬂuentes
1435 4876 1723 4942 humores,
1754 4878 1836 4932 vel
1877 4887 2093 4946 prepter

512 4960 669 5015 aliam
700 4965 1086 5032 argritudinem,
1118 4965 1247 5020 nihil
1272 4982 1392 5021 eum
1418 4968 1634 5036 jnvcrit,
1661 4970 1705 5022 si
1734 4969 1802 5022 sit
1829 4970 2089 5037 reliquum

511 5067 706 5122 corpus
747 5055 880 5110 leve.
908 5057 962 5112 Si
990 5068 1167 5111 autem
1196 5057 1299 5112 hoc
1328 5067 1411 5112 est
1452 5060 1501 5111 in
1551 5060 1860 5127 corporibus
1881 5103 1894 5124 ,
1923 5062 2094 5115 multo

512 5146 680 5215 magis
708 5147 758 5199 in
786 5147 965 5201 corde.
999 5148 1076 5202 Ne
1103 5149 1262 5217 igitur
1290 5149 1415 5202 illud
1451 5163 1814 5220 aggravcmns,
1850 5167 1916 5205 ne.
1957 5151 2095 5205 sicut

498 5238 719 5306 .navigia
739 5277 756 5304 ,
781 5255 899 5308 quae
930 5240 1150 5294 nimium
1183 5239 1379 5294 habent
1407 5242 1644 5297 saburra:
1673 5286 1686 5302 .
1729 5243 2090 5314 demergatur.

514 5327 569 5380 in
598 5337 778 5381 nostra
808 5329 950 5406 enim
982 5330 1083 5385 hoc
1109 5339 1371 5400 potestate
1401 5333 1556 5386 situm
1581 5345 1678 5387 est.
1711 5334 1822 5387 Non
1846 5337 1988 5390 enim
2011 5344 2093 5389 ta-

515 5419 578 5472 lis
604 5431 687 5474 est
706 5433 916 5486 natura,
945 5425 1036 5477 sed
1060 5423 1177 5480 leve
1203 5433 1257 5478 et
1285 5439 1493 5479 sursum
1515 5427 1736 5481 tendens
1759 5427 1952 5481 factum
1973 5437 2090 5481 est:

516 5525 615 5562 nos
657 5521 830 5582 autem
862 5513 1031 5582 ipSnm
1061 5525 1255 5584 praeter
1293 5528 1532 5570 naturam
1572 5533 1732 5586 grave
1773 5518 2013 5580 facimus,
2043 5528 2095 5572 et

517 5601 640 5657 ideo
679 5605 932 5672 propheta
971 5607 1348 5676 reprehendit:
1378 5609 1420 5660 si
1461 5618 1636 5663 autem
1669 5621 1849 5662 natura
1886 5612 1986 5663 tale
2011 5627 2096 5664 cs-

517 5703 632 5754 sct,
665 5709 994 5770 nequaquam
1042 5700 1489 5765 reprehendisset.
1525 5700 1588 5754 Ut
1634 5715 1761 5769 ergo
1807 5701 2092 5754 secundum

515 5794 765 5842 naturam
788 5789 1098 5858 incedimus,
1128 5793 1219 5848 sed
1251 5795 1292 5847 si
1325 5809 1671 5863 aggratemus
1697 5809 1888 5864 genua,
1921 5811 2004 5850 res
2037 5802 2094 5850 tit

3687 390 3763 445 ιε

2147 533 2341 588 pra-ter
2367 534 2608 577 naturam
2629 567 2644 587 ,
2676 537 2796 577 cum
2827 536 2924 576 nos
2949 522 3118 575 simus
3145 515 3384 589 impediti
3411 533 3425 570 :
3458 514 3528 569 ita
3570 512 3764 566 etiam

2145 613 2197 667 in
2228 614 2449 682 pedibus
2473 615 2687 676 mentis,
2709 627 2900 682 nempe
2930 613 2980 666 iu
3003 609 3432 680 cogitationibus,
3449 604 3768 660 nsuvenire

2144 703 2300 758 solet.
2329 702 2396 758 Ut
2437 704 2561 775 quid
2597 705 2807 774 diligitis
2844 703 3131 765 vanitatem,
3173 710 3220 754 et
3254 700 3479 768 queritis
3515 696 3765 750 menda-

2144 797 2319 850 cium?
2372 796 2466 850 llic
2511 796 2816 860 simulacra,
2873 805 2929 850 et
2976 796 3137 848 vitam
3185 793 3479 862 improbam
3522 790 3764 843 videtur

2147 887 2277 941 mihi
2305 887 2502 942 dicere.
2533 887 2741 940 Vanum
2789 886 2932 941 enim
2962 883 3092 938 illud
3121 882 3316 938 dicitur
3351 880 3497 951 quod
3531 888 3618 934 est
3655 891 3767 929 va-

2146 993 2330 1042 cuum,
2353 978 2566 1048 quando
2590 992 2783 1032 nomen
2811 977 3022 1046 quidem
3056 974 3233 1039 fuerit,
3262 987 3349 1026 res
3375 984 3765 1041 nequaquam.

2147 1066 2221 1122 Ita
2251 1069 2391 1139 apud
2417 1068 2632 1124 Graecos
2659 1069 2870 1123 nomina
2897 1067 3113 1138 quidem
3155 1066 3378 1119 deorum
3410 1062 3576 1118 multa
3600 1103 3617 1126 ,
3657 1071 3762 1114 res

2147 1175 2279 1214 vero
2307 1161 2561 1225 minime;
2592 1168 2647 1214 et
2694 1160 2747 1213 in
2797 1157 2918 1212 aliis
2960 1157 3250 1212 similiter:
3287 1170 3481 1208 nomen
3527 1152 3758 1207 divitia-

2149 1269 2288 1317 rum,
2322 1267 2411 1308 res
2439 1263 2614 1307 autem
2644 1252 2897 1315 minime;
2928 1258 2984 1304 et
3026 1263 3218 1303 nomen
3247 1246 3464 1317 glorias,
3496 1259 3585 1300 res
3610 1259 3766 1298 vero

2151 1344 2404 1406 minime;
2432 1357 2626 1396 nomen
2653 1340 2924 1411 potentiae,
2951 1350 3004 1394 et
3032 1347 3272 1393 remanet
3300 1336 3476 1391 solum
3520 1350 3764 1388 nomen.

2150 1434 2280 1502 Quis
2305 1446 2386 1489 est
2410 1448 2539 1504 ergo
2563 1433 2696 1487 adeo
2720 1445 2930 1495 excors,
2959 1439 3016 1484 ut
3036 1439 3242 1499 quaerat
3262 1429 3474 1481 nomina
3502 1442 3622 1496 qua:
3655 1441 3765 1479 re-

2153 1527 2254 1582 bus
2275 1525 2633 1581 destituuntnr
2651 1565 2666 1588 ,
2697 1534 2747 1578 ct
2778 1531 3127 1593 persequatur
3157 1521 3362 1585 inania,
3389 1534 3508 1590 qum
3532 1525 3772 1588 oportet

2155 1617 2375 1689 fugere?
2395 1621 2584 1672 Annon
2610 1617 2728 1670 vitae
2749 1617 3045 1683 voluptates
3066 1623 3119 1667 et
3142 1613 3420 1668 felicitates
3441 1612 3574 1666 tales
3592 1609 3766 1665 sunt!

2156 1725 2334 1764 nonne
2362 1711 2539 1764 omnia
2561 1709 2904 1773 mentiuntur,
2923 1718 2977 1762 et
3001 1708 3273 1775 decipiunt
3296 1707 3318 1760 ?
3345 1705 3565 1760 Etiamsi
3591 1706 3766 1760 dixe-

2157 1803 2233 1858 ris
2251 1801 2491 1871 gloriam,
2515 1799 2723 1854 ctiamsi
2746 1799 2978 1864 divitias,
3001 1799 3208 1852 etiamsi
3237 1798 3544 1867 potentiam,
3568 1795 3764 1848 omnia

2157 1903 2277 1947 sunt
2307 1891 2530 1944 vanitas.
2566 1891 2630 1943 Et
2668 1889 2790 1944 ideo
2813 1890 2946 1942 dixit
2976 1887 3364 1942 Ecclesiastes:
3407 1885 3620 1938 Vanitus
3659 1901 3768 1938 νει-
3830 1941 3835 1944 _

2159 1982 2390 2044 uitatum,
2415 1990 2460 2034 et
2485 1981 2652 2032 omnia
2677 1981 2871 2033 vanitas
2894 1977 3110 2048 (Eccles.
3147 1978 3196 2030 i.
3221 1975 3303 2044 2).
3338 1975 3624 2041 Propterea
3653 1975 3769 2028 du—

2163 2071 2274 2126 lore
2321 2070 2549 2124 afficitur
2599 2067 2895 2138 propheta,
2935 2067 3060 2120 dum
3108 2067 3159 2120 in
3207 2067 3310 2119 vita
3355 2065 3500 2119 videt
3549 2076 3766 2118 tanta-tt

2161 2157 2446 2217 amentiam
2480 2178 2495 2213 :
2525 2158 2746 2229 perinde
2771 2159 2912 2214 enim
2943 2167 3024 2214 est
3061 2173 3124 2211 ac
3165 2157 3208 2210 si
3254 2157 3377 2227 quis
3419 2171 3539 2210 cum
3576 2154 3770 2210 videat

2162 2253 2464 2323 quempiam
2509 2252 2678 2306 lucem
2721 2251 3004 2320 fugientem
3035 2291 3048 2312 ,
3081 2246 3330 2303 tenebras
3356 2256 3535 2302 autem
3567 2261 3765 2316 perse-

2164 2349 2416 2412 quentem
2440 2381 2455 2405 ,
2483 2343 2528 2395 ei
2555 2341 2732 2396 dicat:
2764 2340 2872 2394 Cur
2905 2340 3006 2393 hoc
3044 2339 3173 2393 facis
3213 2338 3348 2392 adeo
3387 2337 3677 2391 absurdum
3703 2345 3769 2391 et

2169 2444 2362 2504 prarter
2391 2432 2688 2488 rationem?
2729 2431 2796 2485 ita
2825 2440 2881 2485 et
2905 2434 3019 2502 ipse
3045 2447 3060 2483 :
3089 2429 3192 2484 Cur
3228 2428 3438 2498 diligitis
3462 2428 3762 2488 vanitatem,

2169 2535 2214 2579 et
2239 2524 2461 2596 qnteritis
2487 2523 2800 2577 mendacium
2817 2523 2842 2575 ?
2856 2525 2906 2576 4.
2929 2521 2994 2574 Et
3020 2520 3192 2574 scitote
3209 2521 3447 2589 quoniam
3472 2517 3768 2583 miri/ictui:

2170 2615 2417 2670 Dominus
2437 2627 2665 2671 sanctum
2693 2632 2861 2669 suum.
2895 2615 3044 2669 Alius
3070 2615 3332 2682 interpres
3355 2611 3482 2665 dicit
3507 2629 3518 2662 :
3546 2609 3651 2664 Sed
3670 2609 3768 2660 sci-

2171 2718 2271 2762 tate
2288 2709 2526 2777 quoniam
2561 2707 2864 2774 miriﬁcavit.

2246 2797 2510 2863 Quomodo
2557 2797 2802 2866 propheta
2831 2795 3055 2860 homines
3086 2793 3153 2846 ad
3180 2792 3515 2862 cognitionem
3553 2790 3648 2844 Dei
3677 2791 3767 2841 in-

2173 2893 2347 2945 ducat.
2378 2883 2486 2944 Vite
2515 2890 2720 2944 Domini
2747 2889 2815 2943 ad
2835 2888 3258 2943 disseminandam
3286 2886 3567 2938 doctrinam
3594 2899 3768 2936 smmi.

2174 3016 2245 3027 —
2275 2985 2462 3039 Vidisti
2495 2982 2764 3051 propheta:
2784 2981 3138 3050 sapientiam?
3163 2978 3435 3034 Undenam
3465 2990 3559 3029 eos
3593 2974 3764 3026 addu-

2175 3079 2249 3133 cit
2277 3077 2344 3132 ad
2377 3076 2472 3131 Dei
2510 3073 2904 3144 cognitionem?
2929 3073 2974 3126 A
3012 3071 3238 3141 quadam
3269 3077 3418 3137 parte
3445 3064 3770 3120 manifestis-

2178 3173 2308 3226 sima
2355 3180 2409 3224 et
2449 3168 2683 3222 moribus
2719 3165 2887 3235 magis
2912 3162 3172 3233 cognitis,
3207 3175 3398 3227 nempe
3435 3157 3667 3224 seipsnm
3713 3155 3768 3207 in

2179 3261 2411 3316 medium
2439 3259 2728 3312 adducens.
2749 3256 2882 3326 Ego,
2912 3254 3100 3322 inquit,
3133 3266 3318 3306 servus
3342 3265 3462 3302 sum
3490 3248 3585 3302 Dei
3617 3247 3726 3301 veri
3755 3264 3768 3296 :

2180 3372 2210 3410 a
2242 3371 2326 3410 me
2352 3371 2477 3424 ergo
2500 3354 2615 3423 ejus
2636 3351 2823 3406 discite
2846 3350 3154 3418 potentiam,
3187 3346 3455 3409 virtutem,
3483 3343 3772 3412 providen-

2182 3449 2330 3523 tiam:
2363 3446 2476 3500 Non
2505 3453 2585 3500 est
2615 3444 2756 3498 enim
2779 3441 2882 3495 hoc
2905 3454 3146 3510 parvum,
3170 3437 3308 3506 quod
3333 3436 3481 3491 ducit
3510 3437 3560 3488 in
3590 3435 3777 3503 cogni-

2181 3540 2379 3593 tionem
2428 3537 2539 3591 Dei.
2573 3534 2722 3602 Quod
2766 3533 2976 3603 quidem
3019 3546 3081 3586 ex
3128 3530 3385 3584 creaturis
3431 3529 3603 3596 palam
3651 3528 3778 3579 facit

2183 3627 2438 3698 propheta
2460 3667 2476 3692 ,
2503 3623 2714 3694 quando
2756 3623 2824 3678 de
2865 3624 2984 3691 ejus
3015 3620 3342 3689 providentia
3371 3617 3587 3672 di:serit
3606 3658 3621 3682 ,
3650 3632 3774 3670 cum

2183 3721 2248 3773 ad
2278 3721 2468 3783 solem,
2495 3718 2710 3779 cit-lum,
2744 3726 2963 3780 terram,
2993 3725 3043 3768 et
3074 3727 3251 3767 aerem
3280 3712 3470 3774 elatus,
3498 3725 3563 3764 ex
3585 3709 3783 3763 ordine

2184 3827 2368 3867 eormn
2399 3826 2514 3877 quae
2542 3808 2785 3862 videntur
2825 3806 3081 3874 Opificem
3122 3803 3373 3874 praedicat
3412 3818 3428 3856 :
3468 3816 3779 3856 st‘rmonetn

2184 3920 2395 3974 quoque
2421 3902 2567 3956 ducit
2587 3901 2652 3954 ab
2674 3900 2788 3969 ejus
2814 3899 3006 3961 servis,
3029 3908 3078 3952 et
3103 3897 3170 3951 ab
3192 3897 3254 3950 iis
3279 3911 3399 3964 qua:
3420 3895 3536 3964 ipso
3550 3903 3782 3949 Quctore

2185 3997 2522 4065 contigerunt
2550 4012 2562 4047 :
2596 3993 2736 4063 quod
2765 3992 2977 4061 quidem
3008 3992 3168 4045 etiam
3198 3991 3250 4043 in
3277 3988 3542 4042 Abraham
3572 3987 3778 4041 evenit.

2187 4087 2249 4141 Ei
2276 4087 2415 4142 enim
2445 4085 2720 4148 dicebant,
2756 4082 2958 4137 Scimus
2982 4069 3117 4151 quod
3144 4098 3175 4134 a
3209 4079 3310 4133 Deo
3342 4081 3476 4132 renis
3506 4077 3648 4132 nobis
3688 4093 3781 4130 rea:

2189 4178 2444 4248 (Gen.‘23.
2471 4179 2546 4246 6).
2579 4176 2728 4231 Unde
2757 4174 2944 4229 scitis?
2973 4174 3050 4227 Ex
3078 4172 3316 4230 victoria.
3348 4185 3413 4224 ex
3445 4169 3684 4238 tropaxis,
3709 4185 3777 4222 ex

2189 4271 2363 4325 bellis.
2384 4270 2496 4324 Hoc
2525 4270 2680 4322 etiam
2701 4267 2753 4320 in
2772 4266 2969 4321 Judazis
2995 4263 3203 4317 accidit.
3224 4261 3472 4316 Miracula
3493 4261 3634 4314 enim
3657 4275 3780 4329 qua:

2193 4378 2287 4432 pro
2329 4363 2408 4417 eis
2452 4363 2582 4416 facta
2627 4366 2770 4426 sum,
2799 4360 3059 4411 universa:
3104 4366 3260 4410 terra:
3291 4355 3534 4408 timorem
3579 4353 3776 4407 attule-

2191 4464 2313 4509 runt
2333 4497 2348 4520 ,
2379 4454 2519 4524 quod
2547 4452 2704 4507 etiam
2733 4460 2858 4504 tunc
2888 4449 3021 4502 dixit
3054 4449 3302 4501 meretrix
3339 4447 3427 4498 illa
3459 4445 3499 4498 il
3521 4445 3780 4499 erichuu-

2192 4550 2300 4603 tina
2327 4565 2338 4600 :
2368 4546 2552 4600 Cecidit
2577 4546 2628 4598 in
2651 4560 2740 4597 nos
2762 4546 2912 4596 timor
2936 4551 3150 4594 vestrum
3178 4549 3224 4592 et
3255 4549 3440 4592 tremor
3467 4535 3601 4608 (los.
3621 4538 3657 4591 2
3694 4536 3776 4601 9).

2193 4638 2306 4693 Una
2331 4647 2412 4691 est
2436 4651 2563 4706 ergo
2588 4637 2669 4688 via
2700 4651 2760 4688 ea
2789 4650 2906 4703 qua:
2949 4640 3029 4684 est
3077 4645 3171 4697 per
3209 4639 3517 4682 creaturas:
3548 4626 3647 4679 alia
3690 4643 3782 4680 ve-

2194 4743 2274 4792 ro,
2301 4741 2470 4797 eaque
2500 4725 2863 4786 manifestior,
2893 4735 3012 4790 qua:
3052 4729 3135 4772 est
3165 4734 3256 4787 per
3283 4733 3468 4772 SCI'VUS
3501 4733 3516 4769 :
3545 4725 3599 4769 et
3642 4716 3780 4770 hanc

2198 4823 2334 4879 Deus
2362 4836 2391 4874 a
2419 4819 2598 4873 multis
2619 4827 2761 4872 retro
2787 4815 2996 4869 sicculis
3015 4811 3310 4865 doctrinam
3339 4807 3702 4865 disseminayit
3728 4807 3780 4859 in

2195 4928 2519 4985 unaquaque
2558 4911 2915 4980 generatione.
2947 4905 3227 4974 Egyptios
3275 4908 3451 4970 itaque
3492 4899 3672 4953 docuit
3707 4914 3778 4954 ex

2196 5007 2484 5067 Abraham,
2517 5003 2704 5056 Persas
2732 4999 2808 5068 (ιι)
2839 5012 3020 5051 rursus
3044 5012 3107 5049 ex
3138 4996 3324 5049 eodem
3344 5034 3360 5060 ,
3397 4993 3690 5055 lsmaelitas
3716 5008 3782 5046 rx

2197 5099 2315 5168 ejus
2348 5096 2626 5166 nepotibus
2650 5135 2664 5156 ,
2694 5101 2746 5147 ct
2774 5091 2904 5144 alios
2929 5087 3363 5149 innumerabiles,
3394 5095 3448 5139 et
3487 5101 3582 5154 per
3618 5084 3784 5139 Jac-ob

2199 5208 2290 5248 eos
2319 5192 2407 5261 qui
2436 5186 2739 5241 habitabant
2769 5183 2820 5236 in
2847 5181 3242 5250 MeSOpotamia.
3272 5178 3431 5234 Vides
3477 5178 3780 5230 universum

2263 5371 2334 5431 (α)
2365 5368 2566 5420 savilius
2585 5400 2598 5421 .
2645 5378 2802 5431 mea...
2847 5361 2934 5431 -S.i_c
2981 5365 3034 5431 et
3064 5355 3194 5431 _alias
3212 5357 3578 5431 Chrysostomus
3597 5352 3787 5431 fac-eota:

2204 5417 2420 5490 libidine:
2437 5417 2554 5490 eum
2573 5417 2761 5474 Cerai-is
2774 5417 3042 5490 habitaret,
3064 5427 3230 5490 uersat;
3251 5417 3465 5490 appellat
3483 5430 3496 5472 ;
3517 5425 3784 5490 nsquam-

2203 5476 2459 5555 iion—e—iﬁpse
2477 5476 2675 5555 viderit.
2703 5494 2813 5534 Nam
2845 5482 3042 5555 metuini
3066 5481 3131 5555 de
3155 5483 3212 5528 iis
3245 5476 3410 5555 eiiatrt,
3444 5479 3527 5539 qui
3547 5476 3787 5555 diluvium

2203 5537 2576 5618 iiiéééésemm,
2603 5549 2852 5618 loquutum
2891 5544 3300 5618 Chrxsostomnm,
3345 5537 3646 5618 illos—eodem
3677 5545 3788 5587 Per-

2202 5601 2582 5664 iarimtnomine
2603 5601 2941 5668 coinpellasse.
2985 5601 3123 5654 Nihil
3154 5604 3330 5652 mirum
3376 5603 3520 5668 igitur
3544 5601 3582 5668 s_i
3607 5607 3780 5668 Sentia-

2202 5660 2451 5725 aitait-iouia
2474 5660 2728 5731 aliQuando
2751 5681 2923 5729 regem
2945 5675 3191 5731 Ρβιδθιίμηι
3216 5660 3622 5731 summ-JH“?
3643 5662 3790 5731 9"?”

2204 5723 2371 5787 persas
2393 5723 2594 5783 voeari'a
2616 5723 2947 5793 (ιιιιοδέοδῖυηιο
2966 5727 3044 5786 det
3065 5723 3324 5793 relic-mles,
3340 5724 3546 5784 Assyrios
3569 5729 3620 5770 et
3644 5724 3786 5781 natiy.

2206 5785 2390 5858 ionius;
2414 5796 2531 5859 quin
2557 5801 2609 5843 et
2629 5785 2856 5840 Abraham
2882 5798 3073 5839 Persam
3095 5793 3230 5834 vocat
3255 5785 3390 5833 infra.
