4070 6444
269 372 330 426 47
1409 359 1778 418 EXPOSITIO
1819 357 1886 414 ΙΝ
1926 355 2258 418 PSALMUM
2293 358 2382 416 IV.
3515 367 3584 420 48

267 492 364 546 καί
395 491 511 547 vlo!
543 487 840 559 ’Υψίστου
865 485 1109 553 πάντες.
1142 485 1342 556 Ὑμεῖς
1378 482 1868 550 δὲὼξάνθρωποι
1907 491 1910 494 ’

267 587 709 654 ἁποθνήσκετε.
735 586 848 640 Kal
884 584 984 638 θέα
1029 583 1126 638 τοῦ
1175 583 1464 656 Προφήτου
1497 581 1598 652 τὴν
1631 579 1868 643 σύνεσιν.

273 685 464 750 Δείξας
492 683 761 756 πρότερον
783 682 878 735 τοῦ
909 679 1046 735 Θεοῦ
1076 681 1178 752 τὴν
1207 680 1383 750 ίσχὺν,
1409 678 1506 731 καὶ
1526 677 1587 730 16
1614 674 1869 747 εῠπορον,

273 781 454 836 zzal16
482 779 814 850 εὐμήχανον,
845 778 942 832 zeal
969 776 1032 830 16
1061 775 1319 848 χρηστὸν,
1351 773 1447 828 καὶ
1479 771 1542 826 τὺ
1574 768 1878 842 φιλάνθρω-

275 896 400 943 πον,
425 880 512 932 ὃτι
541 879 602 931 ὲν
623 875 804 945 θλίψει
831 873 1113 936 πλατύνει,
1137 874 1220 927 ὅτι
1265 871 1432 924 ἐλεῶν
1465 867 1708 925 ἐπινεύει
1725 885 1738 899 ·
1759 864 1878 922 εἶτα

275 974 476 1030 ἐννοῶν
493 973 596 1044 τὴν
631 973 946 1043 κεχυμένην
982 973 1040 1024 ὲν
1066 968 1379 1040 ἀνθρώποις
1404 963 1626 1028 κακίαν,
1654 963 1752 1018 zeal
1778 961 1878 1032 τῆς

275 1071 538 1135 ἀσεϐείας
561 1071 662 1141 τὴν
691 1067 1006 1140 τυραννίδα.
1021 1066 1274 1130 καθάπερ
1298 1062 1744 1132 άποπνιγὸμενος
1769 1059 1880 1114 ἀπὸ

277 1167 380 1239 τῆς
413 1167 679 1239 ἀθυμίας.
702 1165 895 1237 τρέπει
925 1164 1017 1218 16v
1045 1163 1204 1232 λόγον
1227 1161 1366 1235 πρὸς
1403 1163 1530 1224 τοὺς
1549 1159 1607 1212 ὲν
1640 1155 1880 1227 πονηρίᾳ,

279 1263 514 1328 ζῶντας,
542 1263 824 1334 μονονουχὶ
873 1261 1072 1330 λέγων,
1101 1260 1183 1313 ὅτι
1209 1258 1462 1312 Τοιοῦτον
1487 1256 1704 1327 ἔχοντες
1723 1242 1877 1316 Θεὸν,

280 1361 426 1415 οὕτω
475 1360 714 1433 χρηστὸν
733 1401 750 1424 ,
782 1358 928 1413 οὕτω
983 1357 1367 1430 φιλάνθρωπον
1386 1395 1400 1420 ,
1432 1353 1576 1414 δῦτω
1619 1351 1878 1416 δυνατόν’,

282 1459 406 1523 πῶς
433 1461 514 1524 είς
539 1459 796 1513 ἀσέϐειαν
822 1457 1134 1525 ὲξεκλίνατε
1166 1472 1180 1522 ;
1223 1455 1332 1508 Kal
1358 1446 1464 1525 ὅρα
1487 1452 1590 1524 τὴν
1614 1450 1881 1522 παραίνεε

285 1571 394 1618 σιν,
417 1555 594 1627 πόσης
617 1555 756 1624 μετὰ
781 1553 875 1608 τοῦ
901 1552 1076 1624 θυμοῦ
1103 1554 1268 1624 γέμει
1290 1551 1387 1604 zeal
1406 1551 1507 1620 τῆς
1527 1547 1884 1620 προσηνείας,

284 1637 464 1724 πόσης
501 1653 601 1723 τῆς
642 1653 980 1722 φιλοσοφίας.
1013 1651 1078 1704 Τί
1119 1651 1230 1722 γάρ
1269 1664 1468 1720 φησιν;
1507 1646 1626 1700 Υιοί
1663 1643 1886 1712 ἀνθρώ-

285 1765 438 1810 πων,
467 1750 582 1816 ἕως
601 1751 746 1804 πότε
777 1747 1211 1818 ,Bapvxdpé‘roe;
1249 1745 1516 1800 Ἐνταῦθα
1547 1743 1754 1813 σφόδρα
1769 1739 1886 1795 ἐστὶ

287 1846 708 1918 καθαπτομένου
739 1847 834 1900 zeal
859 1847 969 1900 άπὸ
993 1845 1087 1900 τοῦ
1122 1847 1338 1919 χρόνου.
1367 1846 1432 1898 Εί
1467 1843 1514 1917 [1
1531 1841 1584 1914 ι]
1617 1841 1728 1914 γὰρ
1747 1841 1808 1894 τὸ
1828 1839 1888 1906 ἐξ

288 1943 468 2014 ἀρχῆς
502 1943 577 2015 μὴ
612 1944 843 1998 συνιδεῖν
865 1943 962 1998 τοῦ
985 1943 1123 1998 Θεοῦ
1145 1943 1246 2014 τὴν
1270 1941 1592 2014 εὐεργεσίαν
1614 1939 1886 2010 ἔγκλημα,

289 2039 454 2094 ποίαν
485 2039 596 2105 ἕξει
629 2039 962 2111 συγγνώμην
1001 2039 1065 2093 16
1112 2040 1272 2110 μέχρι
1306 2037 1562 2092 τοσούτου
1611 2037 1748 2108 πρὸς
1789 2035 1890 2104 τὴν

291 2136 558 2207 ἀλήθειαν
585 2136 954 2206 τυφλώττειν;
987 2135 1130 2188 Τίδέ
1161 2137 1313 2197 ἐστι,
1337 2131 1701 2204 Βαρυκάρδιοι
1733 2149 1749 2198 ;
1779 2132 1893 2184 Πα-

291 2233 610 2303 χυκάρδιοι,
653 2233 946 2304 σαρκικοὶ,
973 2235 1040 2304 τῇ
1089 2234 1158 2302 γῇ
1207 2229 1659 2302 προσηλωμένοι,
1691 2227 1892 2282 κακίαν

289 2329 584 2394 διώκοντες
604 2371 618 2395 ,
657 2329 926 2401 πονηρίαν
993 2328 1271 2398 μετιόντες
1293 2369 1308 2392 ,
1366 2328 1490 2390 ταῖς
1536 2323 1896 2394 ἡδυπαθείαις

291 2426 744 2498 κατασηπόμενοι
781 2443 794 2456 ·
825 2423 1066 2488 τοιοῦτος
1093 2423 1204 2494 γάρ
1230 2427 1260 2477 6
1287 2423 1558 2496 aa9zeeze6;
1583 2422 1681 2476 ἄνθ
1692 2437 1893 2492 ρωπος.

293 2523 402 2576 Καὶ
433 2522 744 2577 διαϐάλλων
775 2523 960 2575 αὐτῶν
995 2521 1090 2575 τὸν
1119 2520 1255 2590 βίον,
1285 2520 1532 2574 δείκνυσι
1585 2517 1684 2587 τὴν
1715 2517 1899 2588 πηγὴν

295 2619 394 2688 τῆς
447 2606 934 2686 ἀσεϐείας-,δηλῶν
959 2618 1042 2671 ὅτι
1075 2616 1238 2670 τοῦτο
1267 2615 1508 2686 μάλιστά
1534 2615 1652 2667 ἐστι
1674 2614 1736 2666 τὸ
1764 2613 1901 2684 πρὸς

297 2715 364 2767 τά
400 2714 655 2784 δόγματα
704 2715 890 2776 αὐτοῖς
923 2707 1215 2784 ἐμποδίζον
1245 2712 1314 2764 τὰ
1347 2710 1550 2780 ὑψηλά.
1595 2709 1762 2764 Οὐδὲν
1793 2709 1902 2778 γάρ

295 2807 440 2863 οὕτω
463 2809 692 2880 βαρεῖαν
723 2809 949 2880 καρδίαν
976 2810 1228 2874 ποιεῖ,ὼς
1259 2807 1526 2878 ἐπιθυμία
1549 2805 1784 2875 πονηρά,
1809 2805 1904 2858 zeal

301 2907 332 2976 η
363 2905 501 2976 πρὸς
524 2905 594 2958 τὰ
615 2903 843 2976 βιωτικά
864 2905 1199 2975 συμπάθεια,
1215 2905 1310 2958 zeal
1329 2903 1390 2956 16
1418 2901 1808 2975 προσηλῶσθαι
1835 2903 1903 2972 τῇ

301 3003 392 3072 γῇ.
425 3000 538 3074 Τὴν
563 3001 823 3071 τοιαύτην
849 3001 948 3054 οὒκ
976 3001 1042 3055 άν
1074 3017 1157 3063 τις
1203 3000 1441 3070 ἁμάρτοι
1483 2998 1720 3068 πηλίνην
1768 3012 1906 3067 κοιρ-

300 3097 420 3149 δίαν
447 3096 794 3168 προσειπών·
831 3096 912 3149 διὸ
947 3098 1042 3150 zeal
1071 3095 1292 3170 βαρεῖαν
1331 3095 1502 3166 αὐτὴν
1530 3093 1758 3147 ἐκάλεσε
1778 3109 1792 3122 ο
1813 3093 1908 3145 zeal

307 3192 411 3246 τῶν
451 3193 641 3246 κακῶν
693 3192 864 3246 αἴτιον
903 3191 1061 3246 τοῦτο
1103 3193 1308 3264 ἔφησεν
1353 3187 1530 3254 εἷναι,
1563 3191 1644 3244 ὃτι
1691 3189 1908 3262 ἡνιόχου

304 3287 458 3352 τάξιν
507 3289 801 3360 ἐπέχουσα,
832 3289 893 3343 ού
926 3289 1086 3361 μόνον
1115 3290 1178 3343 ού
1220 3290 1438 3360 κατέχει
1469 3288 1563 3342 16v
1593 3288 1757 3340 ἵππον
1789 3289 1911 3350 ταῖς

307 3385 522 3456 ἡνίαις,
544 3384 683 3439 ἀλλὰ
727 3389 820 3439 zeal
853 3387 994 3457 αὐτὴ
1043 3385 1412 3456 καταφέρεται
1458 3384 1734 3455 συρομένη
1760 3399 1774 3415 ·
1819 3385 1913 3436 zeal

305 3482 427 3536 δέον
457 3481 693 3553 πτεροῦν
718 3481 818 3553 τὴν
843 3483 1046 3552 σάρκα,
1081 3484 1176 3535 zeal
1210 3482 1507 3554 μετάρσιον
1559 3481 1912 3553 ἐργάζεσθαι,

311 3579 406 3632 zeal
437 3579 575 3650 πρὸς
603 3579 695 3631 τὸν
741 3577 982 3658 οὐρανὸν,
1007 3579 1253 3646 ἀνάγειν,
1283 3581 1316 3648 ὴ
1361 3579 1416 3632 δὲ
1475 3565 1915 3647 συγκαθέλκεται

309 3673 391 3745 τῷ
425 3674 718 3747 βαρυτάτῳ
751 3675 866 3729 τῶν
903 3676 1248 3748 νοσημάτων
1293 3677 1522 3748 φορτίῳ.
1561 3678 1732 3732 ’Ὀταν
1765 3673 1858 3730 οὖν
1890 3679 1918 3731 6

314 3771 528 3842 ἡνίοχος
565 3771 808 3836 τοιοῦτος
835 3767 894 3846 ᾖ,
925 3773 959 3844 ἢ
993 3775 1022 3826 6
1061 3774 1444 3847 κυϐερνήτης,
1482 3776 1610 3829 ποία
1641 3775 1920 3848 σωτηρίας

317 3869 512 3936 ἐλπίςς
555 3869 769 3940 Ὠσπερ
800 3871 932 3925 ὅταν
983 3871 1116 3944 λέγῃ
1141 3911 1154 3933 ,
1195 3875 1267 3926 El
1312 3874 1375 3926 τὸ
1406 3871 1540 3942 φῶς,
1577 3874 1640 3926 τὸ
1685 3873 1755 3926 ἐν
1819 3873 1921 3928 σοί

319 3966 546 4032 σκότος
569 3966 724 4031 ἐστί,
759 3967 824 4020 τό
850 3967 1078 4034 σκότος
1105 3969 1342 4034 πόσον;
1384 3971 1553 4024 Ὅταν
1590 3972 1618 4024 6
1649 3971 1921 4044 κυϐερνή-

318 4078 418 4133 της
448 4060 626 4135 μεθύῃ
647 4062 743 4116 καὶ
771 4062 881 4117 τῶν
919 4066 1184 4134 κυμάτων
1207 4065 1300 4119 zeal
1345 4065 1453 4119 τῶν
1501 4068 1831 4139 πνευμάτων
1863 4069 1922 4123 τὸ

321 4159 558 4214 ἄτακτον
587 4160 844 4230 μιμῆται,
870 4159 988 4227 πῶς
1023 4161 1331 4233 σωθήσεται
1365 4166 1399 4236 ἡ
1431 4164 1566 4228 ναῦς
1584 4183 1599 4231 ς

396 4261 470 4321 ς’.
499 4252 572 4308 Τί
592 4255 686 4309 οὖν
714 4255 936 4312 δύναται
969 4258 1182 4330 κούφην
1214 4261 1316 4332 τὴν
1347 4260 1528 4333 ψυχὴν
1563 4263 1766 4329 ποιεῖν;
1805 4261 1924 4338 Βίος

323 4353 642 4424 θαυμαστός
661 4393 676 4417 ,
711 4355 772 4408 τὸ
810 4355 946 4428 πρὸς
990 4357 1160 4430 μηδὲν
1187 4359 1296 4413 τῶν
1328 4359 1564 4414 ἐνταῦθα
1595 4359 1922 4432 κεχηνέναι,

326 4451 462 4524 μηδὲ
495 4453 608 4514 τοῖς
649 4451 806 4504 ποσὶν
853 4452 1020 4506 αὑτοῦ
1055 4454 1422 4526 προσδεσμεῖν
1467 4456 1538 4510 τὰ
1563 4457 1717 4511 κάτω
1759 4458 1924 4529 φερό-

327 4547 468 4618 μενά
490 4563 552 4600 τε
581 4549 678 4601 zeal
699 4547 954 4619 φέροντα.
981 4549 1104 4604 Τῶν
1129 4567 1238 4624 γαρ
1271 4553 1542 4624 σωμάτων
1562 4554 1629 4608 τὰ
1649 4555 1748 4625 μὲν
1775 4557 1928 4610 κάτω
1955 4591 1958 4593 λ

325 4644 592 4716 φέρεσθαι
620 4641 835 4714 εῐώθεν,
863 4642 977 4701 οἷον
1003 4647 1164 4716 λίθοι,
1195 4649 1292 4704 καὶ
1325 4649 1615 4718 ξύλα,.καὶ
1648 4651 1828 4706 πάντα
1859 4653 1928 4707 τά

326 4741 584 4795 τοιαῦτα·
611 4741 680 4795 τὰ
705 4741 762 4796 δὲ
791 4743 926 4809 ἄνω,
959 4738 1072 4799 οἷον
1097 4745 1355 4818 πῦρνκαὶ¹
1389 4749 1639 4821 πνεῦμα,
1667 4750 1761 4802 καὶ
1795 4767 1928 4804 πτε-

327 4837 442 4906 ρῶν
468 4835 631 4906 φύσις
665 4837 904 4908 κούφων.
947 4841 1046 4895 Ἂν
1086 4837 1181 4897 οῦν
1221 4860 1276 4897 τι
1303 4843 1415 4897 τῶν
1457 4845 1612 4898 κάτω
1654 4847 1929 4916 φερόντων

325 4932 405 5004 τῷ
431 4933 623 5004 κούφῳ
648 4937 986 5010 προσδήσης,
1013 4938 1169 4994 οὐδὲν
1191 4940 1301 4995 τῶν
1328 4941 1548 5014 πτερῶν
1569 4941 1782 5013 ὄφελος,
1808 4943 1929 4998 οὐδὲ

327 5028 422 5082 τοῦ
457 5029 802 5102 πνεύματος,
831 5034 926 5087 τοῦ
969 5035 1170 5107 βάρους
1203 5037 1629 5108 ὑπερϐαίνοντος
1655 5040 1757 5112 τὴν
1792 5059 1930 5113 συμ-

335 5126 587 5198 μετρίαν,
621 5129 720 5182 καὶ
747 5130 1012 5197 νικῶντος
1045 5133 1142 5188 zeal
1167 5136 1610 5210 περιγινομένου.
1646 5139 1806 5192 υῦτω
1837 5140 1933 5193 καὶ

335 5223 500 5287 πόδας
543 5223 612 5278 ἂν
655 5224 768 5298 ἔχῃ
791 5243 878 5292 τις
911 5228 1357 5302 βεϐαρημένους,
1391 5233 1424 5304 ἢ
1475 5233 1654 5306 χυμοῦ
1691 5236 1931 5307 πονηροῦ

328 5320 732 5393 ἑπεισρέοντος,
822 5326 1012 5401 ἑτέρου
1033 5328 1181 5393 τινὸς
1209 5331 1538 5403 νοσήματος,
1564 5333 1717 5388 οὐδὲν
1740 5333 1934 5404 ὄφελος

331 5415 482 5488 αὐτῷ
517 5417 614 5474 τοῦ
651 5419 842 5476 λοιποῦ
890 5423 1146 5495 σώματος
1189 5425 1344 5492 δντος
1387 5429 1615 5499 κούφου.
1649 5430 1714 5484 El
1747 5432 1804 5485 δὲ
1839 5433 1934 5486 ἐπὶ

335 5515 608 5583 σωμάτων
634 5517 814 5584 τοῦτο,
843 5519 1027 5592 πολλῷ
1061 5521 1264 5593 μᾶλλον
1291 5523 1387 5576 ἐπὶ
1419 5525 1669 5598 καρδίας.
1705 5527 1798 5600 Μὴ
1824 5527 1934 5582 τοία

334 5623 427 5660 νυν
471 5611 719 5683 ποιῶμεν
767 5616 942 5688 αὐτὴν
973 5616 1220 5691 βαρεῖαν,
1257 5619 1344 5675 ἵνα
1384 5623 1460 5692 μὴ
1491 5625 1634 5678 κατὰ
1673 5624 1742 5678 τὰ
1775 5629 1936 5680 πλοῖα

334 5701 406 5756 τὰ
442 5705 648 5780 πολλὴν
677 5708 868 5781 ἔχοντα
911 5713 1012 5785 τὴν
1043 5715 1274 5787 ψάμμον
1303 5719 1791 5792 καταποντίζηται.
1845 5723 1936 5778 Ἐν

337 5803 470 5874 ημῖν
491 5815 601 5880 γάρ
625 5807 804 5865 τοῦτο.
831 5809 908 5864 Οὐ
935 5811 1047 5884 γὰρ
1069 5813 1135 5885 τῇ
1173 5815 1332 5884 φύσει
1357 5817 1583 5888 τοιαύτη
1609 5819 1778 5886 ἐστὶν,
1800 5821 1936 5878 ἀλλὰ

1978 483 2044 553 τῇ
2073 481 2235 550 φύσει
2255 487 2447 551 γέγονε
2475 483 2652 554 κούφη
2683 485 2778 536 zeal
2800 481 3109 556 ἀνωφερὴς,
3140 483 3302 554 ἡμεῖς
3329 481 3387 536 δὲ
3409 482 3586 556 αὐτὴν

1977 572 2130 642 παρὰ
2161 571 2325 642 φύσιν
2365 572 2590 644 βαρεῖαν
2637 573 2936 644 ποιοῦμεν·
2981 573 3064 628 διδ
3103 575 3200 628 zeal
3237 575 3266 627 6
3289 573 3588 646 Προφήτης

1979 660 2207 729 ἐγκαλεῖ
2225 679 2238 690 ·
2271 663 2320 714 εί
2341 663 2398 716 δὲ
2419 663 2650 732 φυσικὸν
2673 660 2763 736 ἦν,
2795 667 2894 718 οὐκ
2923 664 2988 718 ἂν
3009 663 3352 718 ἐνεκάλεσεν.
3377 665 3588 738 Ὥσπερ

1977 749 2072 806 οὖν
2101 754 2244 807 κατὰ
2273 753 2438 821 φύσιν
2479 757 2614 825 ἡμῖν
2647 755 2710 808 16
2736 755 2997 826 βαδίζειν,
3035 755 3102 810 ἂν
3134 756 3192 810 δὲ
3228 756 3490 828 βαρῶμεν
3516 756 3592 811 τά

1981 847 2209 915 γόνατα,
2247 846 2401 918 παρὰ
2451 847 2614 918 φύσιν
2653 848 2864 917 γίνεται
2887 849 2951 904 16
2980 851 3240 922 πρᾶγμα,
3279 849 3592 921 πεπεδημέ-

1979 955 2088 991 νων
2114 937 2291 1008 ἡμῶν·
2315 938 2460 993 οὔτω
2481 937 2600 1012 [15]
2625 941 2720 994 zeal
2744 940 2970 995 ἐπὶτῶν
2994 939 3172 996 ποδῶν
3201 941 3306 1010 τῆς
3323 939 3590 1008 ᾷιανοίας,

1981 1033 2127 1101 λέγω
2167 1033 2232 1106 δὴ
2279 1033 2392 1088 τῶν
2435 1034 2747 1106 λογισμῶν,
2783 1033 3108 1104 συμϐαίνειν
3135 1034 3350 1090 εἴωθεν.
3373 1034 3502 1090 Ἵνα
3531 1034 3592 1088 τί

1984 1121 2255 1193 ἀγαπᾶτε
2293 1125 2686 1194 ματαιότητα,
2746 1125 2846 1179 καὶ
2891 1123 3114 1194 ζητεῖτε
3158 1123 3426 1194 ψεῦδυω
3471 1125 3594 1178 Ἐν-

1983 1213 2162 1269 ταῦθα
2195 1217 2290 1270 zeal
2321 1215 2390 1268 τὰ
2435 1215 2692 1270 είδωλικά
2728 1233 2818 1288 μοι
2846 1215 2995 1269 δοκεῖ
3021 1215 3224 1284 λέγειν.
3271 1217 3367 1270 zeal
3399 1216 3493 1269 16v
3533 1217 3592 1269 ἐν

1985 1309 2224 1380 πονηρίᾳ
2262 1307 2395 1380 βίον.
2429 1310 2678 1364 Μάταιον
2708 1308 2820 1382 γὰρ
2857 1310 3036 1362 ἐκεῖνο
3073 1308 3298 1377 λέγεται
3321 1309 3384 1362 16
3409 1307 3593 1372 κενὸν,

1984 1405 2116 1456 ὃταν
2145 1402 2314 1472 ὄνομα
2348 1402 2449 1473 μὲν
2493 1398 2550 1478 ᾖ,
2580 1405 2819 1475 πρᾶγμα
2843 1403 2902 1456 δὲ
2933 1403 3018 1483 μη
3121 1401 3280 1457 Οὕτω
3303 1401 3458 1474 παρὰ
3481 1402 3596 1464 τοῖς

1987 1493 2250 1566 Ἕλλησιν
2294 1496 2536 1567 ὀνόματα
2589 1495 2688 1566 μὲν
2739 1495 2880 1549 θεῶν
2919 1495 3092 1551 πολλὰ
3113 1535 3128 1560 ,
3184 1496 3490 1567 πράγματα
3539 1492 3596 1546 δὲ

1986 1586 2260 1657 οὐδαμοῦ·
2317 1589 2412 1641 zeal
2452 1589 2544 1640 ἐπὶ
2588 1587 2699 1640 τῶν
2741 1587 2918 1643 ἄλλων
2951 1587 3186 1659 ὁμοίως·
3228 1587 3402 1658 ὄνομα
3431 1584 3598 1638 πλού-

1987 1695 2105 1740 του,
2142 1680 2380 1749 πρᾶγμα
2406 1678 2463 1731 δὲ
2502 1679 2777 1749 οὐδαμοῦ·
2813 1679 2908 1732 zeal
2938 1679 3112 1748 ὄνομα
3131 1677 3323 1747 δόξης,
3361 1677 3600 1748 πρᾶγμα

1987 1770 2046 1823 δὲ
2085 1769 2361 1841 οὐδαμοῦ·
2405 1767 2580 1840 ὄνομα
2611 1769 2968 1836 δυναστείας,
3013 1769 3110 1822 zeal
3150 1767 3303 1838 μένει
3333 1765 3491 1836 ψιλὸν
3538 1765 3602 1819 τὸ

1990 1859 2183 1929 ὄνομα.
2235 1859 2332 1923 Τίς
2387 1854 2482 1912 οὖν
2515 1857 2690 1924 οὕτως
2735 1859 2987 1928 ἀνόητος,
3023 1857 3100 1921 ὼς
3133 1857 3378 1928 ὀνόματα
3414 1853 3600 1925 ζητεῖν

1993 1949 2340 2020 πραγμάτων
2383 1949 2596 2021 ἔρημα,
2633 1949 2729 2002 zeal
2761 1948 2833 2001 τά
2855 1947 3082 2001 διάκενα
3113 1945 3338 2000 διώκειν
3358 1984 3373 2009 ,
3409 1945 3444 1999 ἃ
3472 1945 3604 2014 φεύ-

1995 2057 2113 2110 γειν
2136 2041 2246 2107 δεῖ;
2281 2041 2352 2095 ἸΙ
2382 2043 2446 2094 οὐ
2483 2039 2733 2093 τοιαῦται
2767 2041 2862 2093 zeal
2896 2041 2952 2095 al
2981 2038 3172 2110 ἡδοναὶ
3201 2036 3296 2091 τοῦ
3327 2036 3468 2108 βίου,
3507 2035 3604 2090 zeal

1995 2135 2052 2188 αἱ
2082 2133 2412 2204 εὑπραγίαι;
2453 2134 2515 2186 ού
2559 2133 2737 2186 πάντα
2767 2132 3026 2203 ψεύδεται
3065 2133 3161 2185 zeal
3199 2132 3424 2202 άπατᾷς
3483 2129 3606 2183 Κᾶν

1994 2223 2154 2287 δόξαν
2200 2227 2399 2297 εἴπῃς,
2451 2222 2558 2276 κᾶν
2597 2222 2862 2288 πλοῦτον,
2894 2225 3001 2278 κᾶν
3045 2221 3390 2282 δυναστείαν,
3425 2220 3604 2274 πάντα

2002 2315 2322 2386 ματαιότης.
2358 2315 2449 2368 Διὸ
2476 2315 2572 2368 zeal
2602 2317 2632 2368 ό
2669 2313 3104 2386 Ἐκκλησιαστὴς
3129 2313 3283 2382 έλεγε
3301 2329 3318 2346 ·
3347 2309 3608 2366 Mutare?-

1999 2423 2110 2474 της
2146 2403 2583 2475 ματαιοτήτιιημ.
2639 2405 2715 2460 τὰ
2749 2405 2950 2460 πάντα
2988 2405 3344 2475 ματαιότης.
3392 2403 3492 2457 Διὰ
3543 2401 3612 2473 δὴ

2000 2495 2176 2551 ταῦτα
2205 2497 2457 2552 ὀδυνᾶται
2487 2498 2516 2549 6
2548 2495 2862 2568 Προφήτης,
2894 2495 3170 2566 τοσαύτην
3202 2493 3431 2563 ἀλογίαν
3465 2491 3610 2564 ὁρῶν

2003 2590 2062 2641 ἐν
2093 2587 2172 2659 τῷ
2206 2587 2324 2658 βίῳ,
2359 2589 2575 2660 Ὠσπερ
2605 2589 2717 2661 γὰρ
2745 2588 2891 2644 ἂν-εῐ
2908 2605 2995 2651 τις
3023 2585 3150 2642 ίδὼν
3179 2603 3301 2640 τινα
3333 2583 3611 2655 φεύγοντα

2005 2681 2140 2748 φῶς,
2184 2679 2452 2734 διώκοντα
2489 2681 2546 2732 δὲ
2585 2680 2808 2743 σκότος,
2837 2678 2972 2750 λέγῃ
2993 2696 3004 2708 ·
3029 2681 3146 2734 Ἵνα
3161 2677 3215 2730 τί
3250 2677 3410 2730 τοῦτο
3437 2677 3612 2736 ποιεῖς

2004 2773 2066 2825 τὸ
2099 2774 2444 2844 παράλογον;
2490 2772 2634 2826 οὕτω
2675 2773 2770 2826 zeal
2820 2773 3004 2836 αὐτός’
3046 2773 3181 2826 Ἵνα
3227 2771 3286 2824 τί
3343 2765 3615 2839 ἀγαπᾶτε

2002 2867 2402 2932 ματίιιότητα,
2445 2865 2542 2917 καὶ
2591 2863 2814 2931 ζητεῖτε
2839 2861 3108 2931 ψεῦδος-ξ
3156 2863 3264 2918 Καὶ
3292 2860 3483 2930 γνῶτε
3524 2859 3616 2914 ὅτι

2007 2957 2442 3027 ἐθαυμάστωσε
2488 2959 2704 3024 Κύριος
2753 2957 2862 3010 τὸν
2907 2954 3084 3010 ὅσιον
3127 2953 3338 3009 αὐτοῦ.
3385 2955 3616 3025 Ἕτερος
3719 2993 3730 3006 .

2010 3055 2351 3123 ἑρμηνευτής
2391 3069 2591 3128 φησιν,
2638 3051 2820 3106 Ἀλλὰ
2864 3049 3051 3120 γνῶτε
3089 3048 3182 3104 ὅτι
3229 3047 3620 3118 ἐθαυμάστω-

1991 3157 1996 3164 '
2011 3161 2142 3200 σεν.
2915 3149 2926 3157 “

2086 3232 2240 3298 Εἶδες
2267 3233 2464 3304 σοφίαν
2487 3234 2770 3306 Προφήτου
2793 3250 2808 3299 ;
2839 3234 3013 3288 Πόθεν
3041 3233 3244 3297 αὐτοὺς
3265 3233 3459 3302 ἀνάγει
3482 3230 3624 3304 πρὸς

2014 3327 2114 3400 τὴν
2145 3325 2511 3395 θεογνωσίαν;
2552 3325 2686 3378 Ἀπὸ
2717 3325 3063 3395 σαφεστάτου
3101 3323 3309 3396 μέρους
3347 3323 3495 3386 τινὸς
3525 3322 3623 3375 zeal

2016 3419 2218 3490 τρόπου
2248 3417 2678 3489 γνωριμωτέρου
2698 3461 2710 3484 ,
2741 3417 2934 3471 ἑαυτὸν
2963 3419 3044 3480 είς
3074 3416 3240 3488 μέσον
3272 3413 3618 3486 παρατιθείς.

2031 3505 2174 3574 Ἐγὼ
2201 3505 2386 3568 δοῦλός
2421 3506 2558 3576 είμι,
2593 3507 2728 3578 φησὶ
2750 3546 2765 3569 ,
2791 3505 2889 3559 τοῦ
2916 3505 3054 3560 Θεοῦ
3089 3505 3184 3560 τοῦ
3219 3505 3458 3578 ἀληθοῦς
3478 3522 3493 3537 ·
3525 3504 3624 3560 ἀπ’

2019 3597 2153 3669 ἐμοῦ
2187 3597 2366 3650 τοίνυν
2410 3597 2614 3669 μάθετε
2661 3599 2829 3652 αὐτοῦ
2860 3599 2959 3670 τὴν
2989 3599 3250 3670 δύναμιν,
3301 3599 3401 3672 τὴν
3435 3599 3623 3670 ἰσχὺν,

2019 3689 2119 3760 τὴν
2153 3689 2502 3760 κηδεμονίαν.
2544 3691 2618 3744 Οὐ
2659 3691 2857 3763 μικρὸν
2891 3690 3002 3764 γὰρ
3041 3691 3204 3746 τοῦτο
3231 3692 3292 3745 16
3323 3691 3626 3760 κεφάλαιον

2021 3783 2102 3845 εἰς
2137 3782 2471 3850 θεογνωσίαν
2520 3782 2676 3850 άγον.
2727 3785 2882 3836 Ποιεῖ
2914 3785 3013 3854 μὲν
3041 3785 3154 3857 γὰρ
3187 3784 3347 3838 τοῦτο
3389 3785 3627 3856 φανερὸν

2023 3875 2115 3928 καὶ
2145 3875 2255 3928 ἀπὸ
2285 3876 2395 3929 τῶν
2437 3877 2756 3947 κτισμάτων
2791 3880 2822 3932 6
2855 3877 3166 3951 Προφήτης,
3203 3880 3333 3933 ὅταν
3366 3879 3498 3948 περὶ
3529 3877 3630 3948 τῆς

2025 3965 2282 4036 προνοίας
2313 3965 2481 4019 αὐτοῦ
2515 3967 2868 4038 διαλέγηται,
2905 3970 3000 4022 ἐπὶ
3031 3969 3126 4022 τὸν
3167 3969 3356 4040 ἣλιον,
3399 3970 3496 4024 zeal
3536 3967 3631 4021 τὸν

2025 4059 2276 4130 οὐρανὸν,
2305 4059 2400 4113 καὶ
2431 4059 2530 4132 τὴν
2568 4059 2676 4130 γῆν
2698 4103 2714 4128 ,
2744 4061 2839 4114 zeal
2865 4063 2958 4115 16v
2990 4062 3130 4134 ἀέρα
3167 4061 3504 4134 φερόμενος,
3535 4060 3634 4116 zeal

2026 4156 2135 4210 ἀπὸ
2177 4156 2277 4228 τῆς
2305 4157 2363 4209 ὲν
2393 4159 2506 4221 τοῖς
2543 4157 2844 4230 ὁρωμένοις
2877 4158 3131 4224 εὐταξίας
3159 4157 3252 4212 16v
3275 4158 3624 4230 Δημιουργδν

2027 4255 2462 4327 ἀνακηρύττων·
2513 4257 2656 4309 κινεῖ
2709 4256 2766 4309 δὲ
2821 4257 2915 4314 zeal
2969 4255 3064 4310 16v
3115 4257 3227 4310 ἀπὸ
3279 4257 3390 4311 τῶν
3425 4255 3634 4310 δούλων

2028 4352 2404 4421 αὐτοῦολόγον,
2440 4353 2533 4406 zeal
2562 4351 2670 4405 τῶν
2699 4351 2794 4406 ἀπ’
2827 4352 2994 4407 αὑτοῦ
3033 4354 3446 4426 συμϐαινόντων
3465 4371 3478 4385 ·
3513 4353 3542 4407 6
3565 4353 3633 4425 δὴ

2029 4453 2122 4505 zeal
2155 4451 2250 4505 ἐπὶ
2295 4450 2392 4504 τοῦ
2449 4449 2702 4522 Ἀϐραὰμ
2749 4451 2997 4520 γέγονεν.
3042 4452 3271 4520 Ἔλεγον
3305 4451 3414 4524 γὰρ
3463 4450 3633 4521 αὐτῷ,

2024 4547 2315 4617 οἷδαμεν,
2347 4547 2514 4618 φησὶν
2531 4585 2546 4611 ,
2579 4545 2669 4600 ὅτι
2693 4547 2814 4602 ἀπὸ
2841 4547 2946 4603 τοῦ
2980 4547 3132 4603 Θεοῦ
3156 4549 3304 4620 ἡμῖν
3327 4547 3497 4617 ἥκεις
3513 4547 3636 4613 ,βα-

2029 4645 2262 4711 σιυίεύς.
2312 4643 2484 4698 Πόθεν
2527 4643 2740 4714 οἴδατες
2797 4645 2935 4700 Ἀπὸ
2985 4647 3085 4716 τῆς
3136 4647 3326 4718 νίκης,
3367 4647 3476 4702 ἀπὸ
3524 4646 3638 4700 τῶν

2032 4741 2310 4814 τροπαίων
2333 4781 2348 4808 ,
2399 4741 2508 4796 άπὸ
2549 4741 2660 4796 τῶν
2716 4742 2990 4814 πολέμων.
3049 4743 3223 4799 Τοῦτο
3269 4745 3366 4799 zeal
3399 4745 3493 4798 ἐπὶ
3525 4743 3639 4799 τῶν

2047 4838 2321 4910 Ἰουδαίων
2367 4837 2590 4911 συνέϐη.
2629 4838 2844 4909 Τὰγάρ
2876 4829 3134 4912 θαύματα
3170 4840 3239 4895 τά
3277 4841 3418 4914 ὑπὲρ
3455 4841 3637 4896 αὐτῶν

2033 4937 2318 5008 γινόμενα,
2361 4939 2545 4991 πᾶσαν
2591 4936 2693 5009 τὴν
2714 4937 2819 5008 γῆν
2861 4945 2948 5002 είς
2975 4938 3144 5009 φόϐον
3179 4937 3465 4992 ἐνέϐαλεν·
3498 4939 3640 5012 ὅπερ

2033 5037 2190 5107 καὶὴ
2240 5035 2416 5108 πόρνη
2463 5039 2582 5089 τότε
2619 5036 2653 5107 ἡ
2694 5035 3051 5106 Ἱεριχουντία
3079 5035 3298 5107 ἔλεγεν,
3341 5035 3425 5090 ὅτι
3464 5037 3639 5100 Ἐπέ-

2034 5151 2226 5190 away
2249 5133 2342 5204 ἐφ’
2377 5133 2539 5205 ἡμᾶς
2573 5138 2607 5190 ὀ
2636 5136 2822 5206 φόϐος
2851 5133 3024 5205 ὑμῶν
3054 5135 3156 5190 καὶ
3188 5139 3222 5190 ό
3245 5135 3488 5205 τρόμος.
3521 5135 3647 5188 Μία

2033 5233 2216 5287 τοίνυν
2244 5230 2362 5295 666;
2388 5234 2421 5302 ἡ
2453 5231 2543 5285 διὰ
2572 5231 2682 5287 τῶν
2708 5232 3029 5303 κτισμάτων
3058 5248 3070 5262 ·
3123 5231 3294 5303 ἑτέρα
3338 5232 3438 5286 zeal
3471 5248 3642 5300 σαφε-

2037 5331 2204 5404 στέρα
2231 5332 2266 5402 ἠ
2309 5329 2399 5384 διὰ
2439 5329 2549 5384 τῶν
2575 5329 2782 5384 δούλων
2801 5347 2813 5360 ·
2845 5330 2942 5384 zeal
2982 5329 3190 5401 ταύτην
3215 5327 3425 5384 ἄνωθεν
3457 5329 3487 5382 6
3506 5327 3642 5392 Θεὸς

2039 5428 2376 5500 κατέσπειρε
2428 5426 2552 5482 καθ’
2596 5426 2837 5506 ἑκάστην
2881 5426 3078 5496 γενεὰν
3112 5427 3212 5499 τὴν
3260 5425 3640 5481 διδασκαλίαν.

2037 5525 2180 5589 Τοὺς
2208 5522 2343 5593 γοῦν
2365 5523 2700 5594 Αἰγυπτίους
2734 5523 3058 5578 ἐπαίδευσεν
3088 5523 3198 5581 άπὸ
3221 5523 3318 5576 τοῦ
3362 5522 3642 5595 Ἀϐραὰμ,

2038 5625 2166 5689 τοὺς
2200 5623 2418 5696 Πέρσας
2447 5622 2558 5677 ἀπὺ
2589 5621 2683 5676 τοῦ
2709 5621 2878 5677 αὐτοῦ
2905 5623 3092 5690 πάλιν,
3125 5623 3252 5687 τοὺς
3297 5621 3645 5694 Ἰσραηλίτας

2041 5722 2152 5778 ἀπὸ
2183 5719 2293 5776 τῶν
2331 5721 2604 5791 ἐκγόνων,
2635 5723 2733 5776 zeal
2762 5721 2986 5795 ἑτέρους
3021 5723 3271 5794 μυρίους,
3307 5721 3403 5775 zeal
3427 5719 3518 5774 διὰ
3547 5717 3645 5772 τοῦ

2057 5819 2254 5876 Ἰακὼϐ
2298 5819 2554 5892 ἑτέρους,
2603 5821 2732 5884 τοὺς
2781 5821 2838 5874 ὲν
2877 5823 2944 5892 τῇ
2991 5821 3150 5893 Μέση
3203 5819 3312 5875 τῶν
3357 5817 3646 5891 ποταμῶν.
