4070 6470
170 3514 275 3525 cf

290 390 361 447 l9
1460 382 1825 443 EXPOSITIO
1866 381 1898 437 Il

2005 379 2303 439 'SALMUH
2345 379 2434 437 ιν.
3569 386 3641 445 50

282 504 476 560 orbem
509 512 774 559 terrarum
806 501 972 557 fuisse
1000 516 1030 556 a
1060 502 1259 557 sanctis
1285 500 1589 556 docendum
1616 542 1630 567 ,
1662 499 1706 554 si
1739 497 1901 553 modo

282 596 387 667 ipsi
428 596 722 650 voluissent
744 593 768 647 i
792 594 1095 661 Quinetiam
1139 602 1265 648 ante
1304 607 1398 648 eos
1422 591 1683 647 diluvium
1712 590 1905 645 et~lin-

282 703 514 759 ptuit-um
544 686 791 742 confusio
818 685 885 741 ad
929 685 1267 741 excitandam
1294 700 1481 740 eorum
1510 693 1746 738 mentem
1773 683 1906 737 satis

285 783 523 840 fuerant.
550 781 626 837 Ne
650 782 795 835 enim
823 780 966 852 quod
987 790 1239 835 evenerat
1268 778 1528 849 temporis
1556 777 1906 833 diuturnitate

285 874 545 930 oblivioni
574 873 878 929 traderetur
899 915 915 939 ,
949 873 1099 928 locus
1125 872 1537 943 appellationem
1585 871 1781 939 accipit
1809 889 1821 923 :
1850 876 1906 924 et

285 966 487 1021 eximie
515 964 754 1036 Babylon
788 980 856 1020 ex
882 963 1184 1035 linguarum
1228 963 1548 1018 confusione
1587 962 1815 1026 dicitur,
1847 969 1906 1015 ut

284 1056 508 1110 auditor
542 1056 609 1109 ah
656 1058 766 1124 ipsa
811 1056 1168 1126 appellatione
1197 1056 1492 1120 deductus,
1525 1054 1591 1109 ad
1633 1054 1709 1107 rei
1738 1066 1905 1124 gesta:

290 1147 616 1215 principium
661 1147 913 1203 deveniat
958 1156 1013 1203 et
1055 1148 1148 1203 Dei
1194 1150 1447 1203 virtutem
1490 1147 1773 1217 intelligat.
1828 1146 1905 1200 lla

286 1239 453 1292 etiam
478 1241 566 1309 qui
593 1240 904 1295 habitabant
929 1241 981 1295 in
1003 1240 1295 1298 Occidente
1316 1258 1506 1299 omnes
1526 1242 1705 1297 omnia
1725 1240 1906 1295 disce-

288 1328 424 1384 bant
448 1372 462 1393 ,
495 1346 617 1385 cum
652 1334 1039 1387 mercatoribus
1068 1332 1338 1405 Egyptiis
1377 1344 1677 1389 versantes.
1706 1333 1907 1401 Quam-

288 1436 453 1492 quam
486 1423 681 1491 alioqui
712 1425 761 1477 in
796 1424 1060 1495 principio
1086 1442 1191 1480 non
1222 1427 1402 1481 inultm
1428 1415 1617 1497 gentes
1649 1436 1804 1481 erant
1850 1428 1903 1480 in

293 1515 380 1569 illa
429 1518 697 1586 regione:
740 1518 833 1573 sed
879 1521 1109 1574 maxima
1160 1520 1439 1575 hominum
1489 1519 1793 1591 frequentia
1843 1536 1908 1577 ac

294 1600 468 1660 turluu
496 1608 779 1663 multitudo
807 1620 926 1664 erat
953 1610 1007 1665 in
1049 1612 1289 1681 partibus
1320 1611 1574 1667 Orientis.
1609 1614 1817 1668 Etenim
1848 1623 1906 1667 et

290 1693 466 1751 Adam
497 1697 642 1753 illinc
675 1714 922 1769 egressus
964 1712 1077 1764 est,
1109 1712 1160 1756 et
1182 1717 1352 1773 genus
1383 1702 1495 1758 Noe
1523 1703 1631 1759 illic
1655 1703 1907 1759 versaba-

294 1797 402 1856 tur,
437 1799 492 1845 et
518 1800 640 1860 post
669 1795 857 1847 turrim
886 1795 993 1849 illic
1021 1806 1191 1859 erant,
1227 1806 1281 1850 et
1311 1806 1372 1851 ut
1398 1796 1688 1866 plurimum
1718 1812 1904 1852 versa-

294 1880 492 1937 buntur
522 1884 573 1938 in
600 1883 839 1940 Oriente.
870 1886 977 1941 Sed
1011 1897 1186 1942 tamen
1228 1887 1281 1943 in
1326 1904 1646 1960 unaquaque
1674 1904 1904 1959 genera-

293 1972 441 2030 tione
466 1974 606 2031 Deus
636 1975 741 2031 illis
769 1979 1019 2033 doctores
1063 1980 1371 2046 constituit,
1409 1980 1522 2036 Noe
1542 2022 1558 2047 ,
1592 1980 1863 2036 Abraham
1886 2021 1901 2044 ,

293 2065 468 2132 Isaac,
494 2068 681 2133 Jacob,
700 2069 1113 2130 Melchisedech.
1136 2073 1498 2141 Quamobrem
1533 2074 1619 2129 hic
1641 2075 1902 2145 pmpheta

292 2173 359 2213 ex
390 2158 487 2226 iis,
516 2175 637 2230 quae
665 2163 867 2217 sanctis
906 2165 1188 2231 eveniunt,
1214 2181 1309 2221 eos
1350 2165 1439 2236 qui
1478 2165 1530 2221 in
1563 2167 1907 2236 improbitate

292 2249 481 2306 vivunt
507 2252 725 2321 excitat,
755 2254 943 2311 dicens
966 2273 980 2310 :
1006 2255 1196 2312 Scitote
1219 2259 1460 2329 quoniam
1482 2260 1769 2329 miri/ienuit
1797 2258 1906 2313 Do-

290 2344 462 2398 minus
485 2352 714 2400 sanctum
738 2363 910 2401 suum.
939 2347 1077 2415 Quid
1106 2358 1219 2415 est,
1249 2350 1544 2420 Miriﬁcavit
1568 2352 1593 2406 ?
1613 2350 1765 2409 Fecit
1804 2352 1904 2407 ad-

288 2434 619 2502 mirabilem,
646 2437 931 2509 insignem,
972 2440 1208 2507 clarum,
1239 2444 1589 2513 conspicuum
1611 2486 1626 2509 ,
1657 2460 1780 2500 eum
1812 2445 1905 2516 qui

290 2526 394 2596 ipsi
424 2527 670 2597 addictus
699 2539 800 2584 est.
836 2529 916 2585 Ex
942 2545 1099 2586 servo
1127 2548 1255 2604 ergo
1282 2542 1337 2588 et
1380 2534 1444 2589 iis
1470 2550 1590 2605 qum
1622 2536 1721 2606 ipsi
1763 2537 1906 2591 acci-

288 2617 427 2673 dunt
459 2620 668 2675 Domini
697 2620 889 2677 discite
918 2624 1231 2692 potentiam.
1266 2624 1381 2679 Non
1406 2625 1540 2681 dixit
1575 2628 1768 2693 solum,
1800 2627 1905 2683 Bo-

289 2727 422 2767 num
458 2712 608 2769 dedit
628 2756 643 2778 ,
681 2713 775 2770 sed
797 2756 813 2783 ,
843 2715 1206 2772 Admirabilem
1234 2718 1390 2788 fecit,
1422 2719 1734 2789 signiﬁcans
1777 2736 1901 2776 eum

287 2801 507 2860 dedisse
531 2820 652 2860 cum
680 2822 877 2877 magno
898 2809 1178 2874 miraculo,
1202 2821 1401 2880 praeter
1427 2810 1585 2867 ﬁdem
1614 2821 1669 2867 et
1694 2813 1904 2881 opinio-

288 2911 436 2951 nem.
469 2897 539 2957 lta
562 2899 724 2953 etiam
754 2900 812 2955 in
854 2901 1125 2957 Abraham
1170 2902 1369 2960 factum
1414 2914 1517 2960 est.
1563 2905 1680 2960 Non
1726 2908 1901 2961 solum

285 2989 434 3042 enim
463 2988 611 3044 dedit
638 3006 859 3046 uxorem
892 2993 1169 3060 intactam,
1199 2997 1293 3051 sed
1322 3012 1446 3052 eum
1475 2999 1636 3077 etiam
1668 2999 1905 3054 reddidit

288 3079 663 3137 admirabilem
696 3101 709 3137 :
738 3093 794 3138 ut
820 3100 927 3139 non
955 3086 1133 3141 solum
1156 3087 1355 3142 donum
1386 3089 1436 3142 in
1469 3104 1535 3144 eo
1555 3088 1899 3158 consisteret,
1949 3142 1959 3152 ,

284 3173 431 3244 quod
465 3175 595 3229 nihil
626 3191 789 3247 grave
810 3194 1003 3249 passus
1029 3181 1118 3245 sit,
1144 3181 1239 3237 sed
1260 3182 1421 3237 etiam
1450 3184 1501 3237 in
1529 3199 1595 3238 eo
1619 3184 1761 3255 quod
1789 3185 1902 3239 cla-

284 3280 381 3322 rus
419 3266 473 3321 in
514 3266 750 3341 Egypto
776 3273 1029 3328 evaserit.
1060 3273 1286 3345 Proliter
1310 3275 1428 3344 ejus
1467 3275 1611 3331 enim
1634 3276 1898 3347 justitiam

285 3355 484 3412 factum
513 3368 615 3422 est,
642 3369 702 3415 ut
731 3361 862 3416 nihil
888 3365 1175 3420 molestum
1208 3366 1280 3419 illi
1310 3365 1499 3432 fleret;
1526 3377 1746 3438 propter
1767 3369 1901 3424 alio-

282 3461 405 3502 rum
433 3458 615 3504 autem
645 3452 953 3518 utilitatem,
978 3466 1035 3509 ut
1056 3454 1447 3511 admirabiliter
1473 3465 1529 3513 et
1556 3468 1752 3528 praeter
1779 3460 1898 3529 opi-

284 3537 502 3594 nionem
537 3540 683 3598 illinc
719 3543 943 3598 rediret.
969 3544 1083 3603 Hoc
1113 3548 1167 3601 in
1208 3547 1379 3603 tribus
1424 3550 1605 3619 pueris
1628 3590 1644 3616 ,
1692 3550 1795 3605 hoc
1841 3550 1897 3606 in

284 3628 533 3685 leonibus
561 3632 792 3699 accidit,
827 3633 930 3690 hoc
954 3636 1009 3691 in
1036 3646 1158 3692 ceto
1201 3650 1255 3693 et
1297 3639 1350 3693 in
1382 3639 1551 3707 Jona,
1579 3650 1633 3697 et
1659 3642 1898 3713 undique

281 3733 464 3776 servat
492 3738 614 3779 cum
651 3727 950 3798 miraculo,
992 3745 1101 3787 non
1146 3734 1442 3804 quemlibet
1482 3736 1765 3806 absolute,
1798 3737 1895 3793 sed

269 3826 551 3871 sanctum.

351 3907 405 3961 7.
447 3908 630 3965 Vidisti
674 3914 946 3983 quomodo
987 3932 1109 3973 cum
1150 3918 1246 3974 Dei
1287 3922 1593 3991 cognitione
1630 3924 1698 3977 ad
1730 3922 1894 3979 vitam

276 4012 495 4069 quoque
541 4004 761 4071 probam
798 4005 815 4037 ¹
845 4007 1195 4078 exhortatur,
1248 4010 1452 4068 docens
1494 4030 1601 4069 non
1631 4015 1807 4069 solum
1839 4016 1893 4071 in

277 4089 375 4145 Dei
421 4092 785 4166 benignitate,
834 4100 929 4155 sed
980 4101 1031 4157 in
1063 4105 1403 4174 propriorum
1438 4108 1599 4164 etiam
1626 4110 1892 4166 factorum

276 4185 476 4241 virtute
514 4202 665 4258 spem
706 4192 893 4248 salutis
940 4197 1183 4264 ponere?
1231 4197 1485 4255 Dominus
1528 4202 1766 4257 exaudiet
1811 4219 1895 4259 me

276 4291 395 4329 cum
423 4278 707 4336 clumaoero
725 4286 795 4337 ad
819 4301 953 4340 eum.
987 4287 1276 4360 Postquam
1303 4292 1438 4348 dixit
1461 4310 1520 4349 se
1545 4312 1667 4350 eum
1695 4296 1892 4354 fecisse

274 4370 687 4442 admirabilem,
740 4394 847 4433 non
900 4383 954 4435 in
1002 4382 1085 4437 his
1124 4385 1403 4454 subsistit,
1444 4390 1539 4443 sed
1568 4390 1698 4445 dicit
1725 4392 1889 4448 etiam

271 4462 419 4516 aliud
433 4479 603 4535 genus
622 4466 909 4526 felicitatis.
942 4473 1222 4541 Quodnam
1239 4487 1418 4534 autem
1443 4479 1546 4536 hoc
1566 4484 1691 4538 cst?
1719 4483 1887 4540 Deum

273 4550 475 4610 habere
502 4571 761 4629 perpetuo
782 4562 1082 4634 adjutorcm
1105 4610 1119 4633 ,
1149 4572 1525 4630 auxiliatorem
1547 4616 1561 4640 ,
1606 4585 1661 4631 et
1687 4576 1889 4648 ubique

273 4661 617 4718 praesentem.
664 4653 784 4711 Non
822 4659 965 4713 enim
988 4659 1119 4725 (hoc
1147 4665 1312 4719 semel
1339 4707 1354 4731 ,
1387 4678 1480 4722 aut
1516 4669 1637 4736 bis,
1684 4682 1777 4727 aut
1807 4684 1889 4728 ter

270 4737 436 4806 facit,
482 4743 580 4799 sed
612 4758 870 4817 perpetuo
892 4792 909 4817 ,
937 4752 1113 4823 inquit
1136 4796 1150 4819 ,
1179 4756 1222 4810 si
1253 4757 1427 4827 ipsum
1456 4760 1788 4819 invocemus.
1818 4766 1887 4821 Et

268 4833 395 4888 vide
437 4850 626 4892 rursus
674 4840 767 4895 hic
804 4842 967 4898 etiam
1000 4842 1367 4905 celeritatem.
1415 4852 1883 4921 Quemadmodum

265 4926 413 4981 enim
453 4928 589 4984 dixit
632 4934 924 5001 superius:
971 4936 1098 4993 Cum
1137 4922 1462 5012 invocarem,
1502 4951 1763 5005 exaudivit
1806 4970 1885 5008 me

273 5016 408 5073 Deus
434 5020 655 5091 justitite
683 5040 809 5080 mea:
834 5042 854 5081 :
892 5027 964 5083 ita
989 5032 1151 5087 etiam
1188 5032 1276 5090 hic
1294 5075 1312 5103 ,
1351 5035 1478 5091 Cum
1503 5039 1789 5097 clamavero
1813 5045 1884 5099 ad
1914 5077 1917 5080 ν

260 5125 401 5164 cum.

336 5201 442 5256 Cur
498 5206 646 5262 multi
698 5221 963 5285 precantes
1024 5232 1127 5271 non
1181 5220 1481 5277 audiantur.
1522 5255 1597 5265 —
1644 5227 1883 5297 Quomo-

265 5292 332 5393 do
352 5309 504 5365 ergo,
538 5299 729 5393 inquit,
759 5308 1165 5365 nonaudiuntur
1195 5314 1344 5369 multi
1363 5316 1386 5370 i'
1405 5292 1881 5393 Quoniam'petunt

263 5387 492 5444 inutilia.
545 5392 643 5447 llic
678 5395 824 5451 enim
853 5402 1044 5457 melius
1076 5414 1161 5460 est
1195 5421 1302 5462 non
1347 5408 1514 5467 fuisse
1539 5387 1872 5482 exauditum,

259 5494 423 5548 quam
458 5485 773 5542 exauditam
817 5488 999 5549 fuisse.
1032 5494 1210 5564 Quare
1249 5500 1459 5557 etiamsi
1499 5505 1873 5575 exaudiamur,

260 5585 369 5626 non
409 5586 693 5651 propterea
726 5579 971 5638 laetemur
1002 5603 1015 5639 :
1053 5588 1148 5644 sed
1174 5602 1231 5645 et
1258 5598 1473 5662 quando
1501 5611 1607 5653 non
1647 5599 1875 5655 exaudi-

258 5682 383 5723 mur
402 5710 416 5732 ,
447 5666 569 5726 ideo
601 5671 770 5728 Deum
812 5676 1193 5746 gloriﬁcemus.
1242 5683 1338 5741 Vel
1368 5689 1513 5744 enim
1545 5690 1750 5750 inutilia
1778 5708 1874 5767 pe-

323 5848 340 5880 ¹
374 5856 514 5914 ἤθει,
542 5852 610 5907 ad
632 5854 743 5910 vilic
764 5857 1079 5923 vigilantum.

2016 503 2193 551 tentes
2208 512 2314 550 non
2328 496 2663 562 cxaudimur,
2683 504 2872 553 etcum
2891 510 2998 553 non
3010 498 3319 570 accepimus
3334 499 3605 557 lucramur
3625 521 3641 566 ;

2015 590 2101 643 vel
2133 590 2468 661 negligenter
2507 590 2760 659 petimus,
2789 600 2843 647 et
2876 592 2927 646 in
2956 592 3101 647 dono
3131 592 3433 650 diderendo
3471 594 3637 658 Deus.

2013 692 2073 736 ut
2102 695 2200 737 nos
2245 682 2321 737 illi
2362 682 2736 750 assideamus,
2786 684 3046 740 solertem
3090 687 3183 741 init
3236 689 3547 744 rationem:
3586 697 3642 744 et

2018 771 2120 826 hoc
2146 773 2309 827 etiam
2351 789 2457 826 nou
2495 784 2579 828 est
2603 775 2854 844 exiguum
2882 775 3113 831 lucrum.
3166 777 3231 832 Si
3252 780 3388 832 enim
3416 794 3521 842 vos,
3550 778 3637 833 itt-

2014 863 2165 930 quit,
2195 864 2353 917 nostis
2376 864 2499 918 dare
2526 861 2658 919 bona
2683 865 2808 920 data
2838 867 2960 935 filiis
2982 871 3159 923 vestris
3182 870 3397 939 (Matth.
3432 872 3481 921 ¹¹’.
3514 872 3636 941 Η),

2015 954 2185 1008 multo
2228 956 2398 1021 magis
2444 956 2586 1010 Deus
2637 969 2820 1013 noster
2857 960 2947 1028 qui
2992 961 3098 1014 scit
3146 961 3277 1017 dare
3326 974 3381 1017 et
3420 962 3642 1033 quando

2012 1042 2175 1111 dare,
2207 1055 2262 1101 et
2291 1047 2417 1116 quid
2446 1047 2576 1103 dare
2614 1058 2883 1119 oporteat.
2913 1049 3045 1105 Nam
3080 1052 3276 1107 Paulus
3306 1054 3470 1109 etiam
3498 1057 3637 1124 peti-

2013 1141 2108 1204 vit,
2141 1150 2195 1194 et
2222 1156 2326 1195 non
2354 1143 2560 1213 accepit
2584 1159 2596 1207 ;
2633 1144 3009 1212 petebatenim
3028 1147 3230 1217 aliquid
3259 1149 3477 1205 inutile:
3508 1151 3638 1206 item

2014 1230 2188 1287 Moses
2208 1274 2223 1297 ,
2252 1249 2353 1288 nec
2382 1235 2455 1288 illi
2483 1235 2699 1303 quidem
2741 1237 2885 1292 Dens
2905 1240 3112 1293 annuit.
3143 1238 3220 1295 Ne
3244 1255 3376 1312 ergo
3402 1242 3636 1297 desista-

2015 1337 2135 1377 mus
2158 1363 2174 1389 ,
2206 1325 2421 1393 quando
2450 1342 2558 1381 non
2586 1328 2927 1394 cxaudimur,
2964 1347 3063 1386 nec
3091 1332 3305 1388 tristitia
3334 1331 3638 1390 afficiamur

2015 1422 2071 1469 et
2096 1423 2405 1484 torpcamus
2427 1459 2442 1483 ,
2479 1418 2575 1472 sed
2603 1418 2902 1475 assidentes
2932 1431 2986 1476 et
3033 1432 3278 1490 petentes
3319 1440 3636 1493 permanea-

2014 1504 2154 1560 mus.
2185 1509 2308 1577 Agit
2335 1510 2477 1563 enim
2508 1510 2651 1573 Deus
2676 1514 2853 1566 omnia
2879 1514 3103 1569 utiliter.
3145 1518 3199 1571 5.
3226 1515 3556 1582 Irascimini,
3587 1527 3637 1573 et

2014 1597 2173 1651 nolite
2198 1615 2445 1660 peccare:
2476 1616 2591 1670 qua:
2616 1602 2784 1657 dicitis
2810 1607 2863 1656 in
2894 1606 3132 1659 cordibus
3158 1610 3337 1664 vestris
3357 1650 3372 1675 ,
3412 1609 3465 1663 in
3488 1608 3637 1664 cubi-

2015 1680 2148 1745 libus
2178 1690 2353 1745 vestris
2382 1696 2805 1765 compungimini.
2853 1698 3008 1764 Quod
3038 1710 3165 1754 ante
3195 1700 3303 1755 dixi
3332 1742 3347 1765 ,
3393 1702 3442 1757 id
3470 1703 3636 1758 etiam

2016 1795 2161 1835 nunc
2189 1781 2332 1837 dico.
2375 1783 2505 1837 Nam
2537 1786 2657 1854 quia
2689 1786 2757 1841 ad
2792 1787 2884 1842 Dei
2921 1791 3283 1858 cognitionem
3310 1808 3406 1847 eos
3431 1794 3637 1849 estde-

2014 1872 2293 1938 ducturus,
2324 1875 2769 1933 liheratanitnum
2798 1881 2866 1934 ab
2894 1882 3325 1951 mgritudiuibus.
3346 1884 3460 1940 Scit
3488 1888 3635 1942 enim

2014 1965 2177 2019 vitam
2206 1977 2514 2036 corruptam
2547 1984 2671 2024 esse
2712 1970 3100 2041 impedimento
3121 2015 3134 2034 ,
3178 1976 3473 2044 quominus
3505 1978 3637 2032 sub-

2014 2056 2160 2113 limia
2181 2059 2432 2127 dogmata
2462 2076 2836 2133 aSSequamur.
2860 2067 3013 2135 Quod
3038 2069 3254 2139 quidem
3286 2070 3482 2127 Paulus
3502 2088 3639 2142 quo-

2013 2164 2119 2219 que
2154 2151 2386 2209 itmnens
2425 2153 2639 2210 dicebat
2669 2178 2681 2209 :
2712 2155 2835 2212 Non
2868 2161 3012 2230 potui
3042 2162 3183 2229 loqui
3208 2163 3347 2217 vobis
3373 2174 3636 2235 tamquam

2012 2242 2366 2311 spiritualibus
2387 2286 2400 2309 ,
2445 2247 2538 2302 sed
2575 2257 2834 2321 tamquam
2879 2252 3173 2308 carnalibus
3199 2254 3278 2327 (Ι.
3313 2255 3432 2310 Cor.
3466 2258 3519 2311 5.
3556 2259 3636 2329 1).

2015 2335 2081 2389 Et
2111 2350 2299 2392 rursus
2328 2354 2342 2392 :
2371 2336 2655 2411 Tamquam
2687 2341 2975 2413 infantibus
3000 2344 3053 2399 in
3089 2344 3296 2401 Christo
3318 2390 3333 2415 ,
3374 2348 3457 2401 lac
3497 2350 3638 2404 vobis

2015 2436 2193 2497 potum
2226 2422 2347 2483 dedi
2369 2470 2383 2493 ,
2416 2446 2519 2485 non
2557 2432 2722 2485 cibum
2754 2432 2920 2504 (Ibid.
2950 2451 2999 2488 v.
3031 2434 3111 2507 2).
3166 2436 3232 2491 Et
3281 2454 3472 2493 rursus
3504 2457 3517 2495 :
3551 2440 3631 2494 De

2013 2534 2113 2588 quo
2134 2528 2207 2573 est
2233 2520 2377 2575 nobis
2405 2522 2595 2577 multus
2617 2540 2784 2579 sermo
2807 2527 3063 2596 explicata
3087 2528 3319 2599 difﬁcilis
3344 2547 3365 2595 ,·
3391 2528 3635 2599 quoniam

2012 2615 2129 2669 estis
2159 2614 2358 2670 hebetes
2398 2616 2576 2671 auditu
2607 2617 2793 2689 (Ilebr.
2830 2620 2883 2674 5.
2919 2620 3032 2691 ll).
3090 2620 3159 2676 Et
3207 2622 3373 2678 lsaias
3400 2638 3634 2686 rursus;

2015 2705 2215 2770 Qum‘it
2240 2724 2319 2762 me
2352 2710 2570 2778 papulas
2592 2709 2714 2774 iste,
2759 2721 2807 2763 et
2846 2711 2975 2765 scire
3001 2713 3109 2766 vias
3139 2730 3278 2768 meas
3303 2716 3551 2786 cupiunt,
3580 2725 3637 2771 ut

2013 2799 2236 2868 papulas
2260 2801 2349 2870 qui
2361 2802 2622 2870 justitiam
2648 2805 2825 2874 fecerit
2848 2846 2861 2869 ,
2901 2814 2950 2859 et
2983 2803 3075 2860 Dei
3093 2807 3353 2873 judicium
3381 2825 3483 2862 non
3509 2808 3637 2870 reli-

2011 2892 2176 2957 querit
2220 2890 2391 2962 (Isai.
2437 2893 2526 2949 58.
2559 2894 2639 2966 2).
2687 2894 2754 2950 Et
2798 2895 2938 2953 Osee
2972 2916 2983 2950 :
3017 2898 3282 2954 Sentinate
3327 2900 3466 2956 vobis
3506 2902 3636 2972 ipsis

2010 2984 2065 3037 in
2094 2986 2384 3055 justitiam,
2427 2987 2718 3043 illuminate
2762 2991 2926 3044 lucem
2968 2994 3277 3063 cognitionis
3319 2990 3497 3067 (Osee.
3536 2995 3629 3051 10.

2012 3074 2126 3145 η).
2158 3076 2225 3130 Et
2253 3076 2500 3134 Christus
2534 3078 2739 3135 docens
2768 3081 2984 3137 dicebat
3013 3101 3025 3135 :
3063 3082 3247 3137 Omnis
3274 3086 3361 3154 qui
3391 3086 3529 3139 mula
3552 3088 3635 3154 fa-

2010 3168 2110 3233 cit,
2149 3169 2256 3222 odit
2289 3169 2486 3232 lucem.-
2536 3180 2581 3226 et
2619 3189 2721 3226 non
2750 3175 2881 3227 venit
2911 3176 2980 3227 ad
3006 3175 3168 3229 lucem
3200 3174 3387 3247 (Joan.
3421 3177 3475 3232 5.
3507 3176 3631 3249 20).

1962 3296 1973 3303 -
2010 3258 2080 3314 Et
2106 3276 2293 3315 rursus
2324 3277 2340 3315 :
2378 3261 2647 3326 Quomodo
2695 3266 2902 3334 potestis
2947 3267 3151 3320 credere
3172 3310 3185 3331 ,
3228 3268 3450 3339 gloriam
3477 3288 3507 3321 α
3541 3286 3630 3322 vo-

2009 3351 2083 3405 bis
2110 3353 2320 3406 invicem
2350 3355 2653 3425 accipientes
2678 3396 2690 3420 ,
2734 3365 2779 3409 et
2806 3358 3026 3427 gloriam
3068 3373 3182 3428 qua:
3208 3370 3280 3413 est
3311 3376 3343 3412 a
3376 3361 3487 3414 solo
3517 3359 3630 3416 Deo

2009 3458 2113 3495 non
2148 3454 2431 3513 quwrentes
2468 3444 2712 3516 (Joan.5.
2745 3447 2839 3517 44)
2867 3446 2891 3500 ?
2938 3447 3008 3502 Et
3054 3463 3245 3504 rursus
3278 3468 3291 3503 :
3330 3448 3453 3504 Haec
3482 3450 3627 3507 dice-

2006 3532 2129 3587 bant
2161 3545 2396 3604 parentes
2420 3537 2566 3606 ejus,
2614 3538 2733 3605 quia
2761 3539 3001 3593 timebant
3030 3538 3244 3594 Iudaeos
3263 3583 3279 3605 ,
3313 3558 3376 3596 ne
3404 3544 3629 3611 expelle-

2005 3635 2182 3680 rentur
2219 3642 2252 3679 a
2295 3644 2559 3700 synagoga
2591 3626 2788 3707 (Joan.
2818 3629 2872 3685 9.
2901 3629 3032 3700 εξ).
3086 3630 3155 3685 Ει
3198 3647 3387 3687 rursus
3419 3651 3433 3688 :
3469 3632 3631 3691 Jlulti

2003 3730 2174 3772 autent
2209 3720 2535 3774 crediderunt
2563 3722 2615 3775 in
2644 3722 2815 3791 ipsum
2841 3764 2856 3788 ,
2887 3733 2935 3777 et
2960 3734 3169 3795 propter
3199 3723 3496 3782 Pharisa‘os
3522 3744 3627 3783 non

2003 3814 2378 3880 conﬁtebantur
2409 3812 2590 3888 (Joan.
2621 3815 2712 3870 i2.
2746 3816 2860 3888 42).
2906 3817 2974 3872 Et
3004 3818 3203 3889 ubique
3244 3820 3412 3874 videri
3450 3829 3627 3890 potest

2002 3904 2113 3960 vita
2158 3919 2411 3978 corrupta
2444 3908 2509 3962 ad
2539 3907 2933 3979 perfectioziem
2964 3910 3275 3981 dogmatum
3308 3911 3503 3970 afferre
3526 3915 3628 3969 im-

2006 3998 2397 4069 pedimentum.
2450 4001 2916 4066 Quemadmodum
2961 4004 3105 4059 enim
3144 4005 3284 4060 lema
3326 4009 3626 4078 perspicua:

2003 4093 2283 4149 oculorum
2315 4094 2529 4165 pupillae
2558 4094 2800 4150 insidens
2839 4096 2892 4151 id
2933 4097 3077 4167 quod
3109 4097 3343 4154 illustrat
3369 4099 3627 4157 obscurat

2000 4197 2055 4242 et
2088 4186 2440 4253 obtenebrat,
2482 4189 2555 4243 ita
2603 4188 2768 4245 etiam
2804 4190 3097 4261 cogitatio,
3138 4206 3301 4261 quam
3332 4192 3544 4249 obsedit
3568 4202 3623 4249 et

1997 4284 2282 4353 occupavit
2303 4281 2492 4337 vitium
2514 4324 2529 4349 ,
2558 4283 2880 4339 obtenebrat
2906 4292 3141 4351 mentem
3170 4294 3225 4340 et
3252 4296 3510 4341 excaecat.

2070 4372 2167 4428 Ira
2191 4389 2307 4444 quw
2334 4374 2511 4440 licita;
2551 4375 2633 4429 ira
2660 4376 2729 4428 ad
2756 4375 2879 4445 quid
2904 4375 3066 4430 utilis.
3102 4374 3448 4446 Impossibilia
3474 4396 3623 4435 nemo

1997 4468 2252 4539 prthipit.
2302 4466 2536 4522 Examen
2583 4468 2925 4523 conscientiae.
2972 4498 3045 4508 —
3091 4467 3356 4537 Quocirca
3397 4484 3523 4526 cum
3566 4471 3621 4528 id

1996 4561 2158 4617 etiam
2189 4560 2351 4615 sciret
2378 4559 2640 4630 propheta
2662 4600 2677 4623 ,
2700 4559 2831 4615 dicit
2857 4579 2870 4615 :
2901 4560 3219 4628 Irascimini,
3242 4572 3291 4617 et
3311 4563 3468 4619 nolite
3496 4581 3621 4635 pec-

1994 4669 2132 4707 care.
2182 4651 2298 4707 Non
2339 4651 2484 4707 enim
2524 4651 2661 4706 tollit
2701 4652 2871 4717 iram;
2910 4661 2994 4708 est
3024 4669 3260 4724 namque
3298 4655 3485 4712 utilis:
3516 4671 3619 4713 nec

1995 4747 2265 4803 exscindit
2311 4744 2764 4815 indignationem;
2798 4744 3024 4815 prodest
3046 4747 3196 4801 enim
3227 4747 3491 4808 adversus
3520 4763 3620 4804 eos

1991 4838 2083 4908 qui
2112 4837 2361 4909 injuriam
2389 4836 2659 4903 inferunt,
2691 4847 2746 4892 et
2789 4836 3052 4892 adversus
3096 4835 3473 4910 negligentes:
3518 4840 3614 4896 sed

1994 4930 2126 4984 iram
2154 4945 2275 5000 quae
2302 4928 2497 4999 injuste
2526 4943 2775 4985 movetur
2798 4972 2813 4996 ,
2839 4940 2896 4985 et
2925 4930 3161 4986 furorem
3183 4973 3198 4997 ,
3230 4932 3321 5002 qui
3353 4933 3495 4989 nulla
3528 4950 3619 4989 ra-

1993 5026 2138 5080 tione
2174 5024 2398 5093 regitur.
2452 5022 2517 5079 Et
2560 5023 3017 5094 quemadmodum
3048 5022 3226 5080 Moses
3252 5038 3377 5080 cum
3409 5026 3464 5082 in
3497 5042 3615 5083 ser-

1990 5134 2206 5173 monem
2237 5118 2304 5171 de
2332 5117 2573 5171 moribus
2602 5117 2911 5183 incidisset,
2944 5118 3070 5173 hinc
3102 5118 3278 5189 primo
3302 5118 3435 5191 legis
3464 5119 3617 5176 ducit

1990 5212 2229 5275 initium,
2257 5210 2444 5266 dicens
2477 5228 2491 5266 :
2524 5210 2648 5264 Non
2673 5210 3096 5283 occides(Exod.
3128 5212 3221 5268 20.
3256 5213 3347 5283 15)
3377 5231 3391 5268 :
3423 5213 3495 5269 ita
3524 5215 3614 5272 hic

1988 5306 2151 5361 etiam
2178 5320 2193 5370 ;
2230 5304 2339 5358 imo
2375 5318 2442 5358 eo
2466 5302 2698 5372 amplius
2723 5343 2738 5366 ,
2766 5318 2875 5375 quo
2910 5304 3081 5374 magis
3107 5305 3155 5359 ei
3181 5313 3303 5360 erat
3329 5316 3454 5361 nota
3486 5320 3613 5363 vera

1988 5398 2180 5469 pietas.
2212 5396 2305 5451 llle
2332 5396 2475 5452 enim
2504 5395 2691 5450 evellit
2723 5394 2969 5451 cuidem:
3001 5396 3089 5451 hic
3124 5411 3253 5451 vero
3286 5398 3421 5452 iram
3442 5440 3459 5465 ,
3489 5398 3613 5468 qiue

1986 5489 2151 5545 caudis
2179 5499 2385 5555 maior,
2412 5486 2565 5542 radix
2594 5494 2649 5541 et
2674 5484 2796 5541 fons
2822 5495 2907 5542 est
2944 5486 3100 5555 mali,
3152 5487 3418 5559 reprimit.
3464 5488 3611 5557 Quo-

1984 5583 2127 5643 circa
2157 5580 2408 5635 Christus
2451 5578 2615 5635 etiam
2647 5579 2779 5634 iram
2818 5579 3185 5647 comprimens
3221 5595 3286 5637 ac
3320 5580 3608 5639 refrenatus

1983 5677 2195 5734 diccbat
2228 5694 2241 5730 :
2274 5676 2376 5744 Qui
2404 5673 2645 5729 irascitur
2675 5668 2831 5737 fratri
2860 5688 2955 5727 suo
2980 5682 3165 5727 temere
3188 5714 3203 5740 ,
3231 5684 3326 5728 ertt
3356 5678 3610 5735 obnoxius

1982 5774 2035 5830 in
2060 5772 2344 5845 gehennam
2374 5770 2509 5842 ignis
2542 5766 2759 5840 (Matth.
2789 5768 2843 5826 5.
2874 5766 2992 5839 εἳ).
3041 5766 3235 5821 Vidisti
3261 5767 3460 5839 ubique
3487 5784 3603 5824 mo-

1979 5860 2109 5923 dum
2146 5879 2162 5921 :
2196 5862 2494 5920 lrascimiui
2517 5903 2533 5932 ,
2574 5870 2622 5917 et
2652 5861 2809 5917 nolite
2850 5874 3079 5932 peccare.
3127 5858 3227 5929 Qui
3258 5860 3497 5915 irascitur
3524 5870 3603 5915 ts-
