4070 6460
479 362 573 435 5|,
1242 359 1299 415 S.
1338 357 1619 415 JOANNIS
1645 355 2117 413 CllRYSOSTOMl
2157 352 2476 410 ARCUIEP.
2515 353 3058 413 CONSTANTINOP.
3348 356 3355 361 ’
3715 352 3796 412 53

486 488 651 533 mare:
688 472 815 529 licet
854 473 998 526 enim
1037 473 1196 537 etiam
1217 472 1360 540 juste
1390 472 1571 525 irasci.
1620 468 1753 524 Nam
1790 478 1844 522 et
1873 469 2068 523 Paulus

489 564 689 636 Elymce
714 563 1017 639 succensuit
1047 563 1182 631 (Act.
1210 563 1325 631 15),
1348 570 1403 615 et
1429 562 1616 640 Petrus
1636 559 1911 629 Sappbiraa
1929 558 2068 630 (Act.

487 658 563 725 li).
607 657 676 710 At
719 656 767 710 id
805 669 908 709 non
941 655 1071 708 iram
1098 653 1328 708 dixerim
1372 653 1649 719 absolute,
1700 651 1793 706 sed
1839 650 2072 721 philoso-

490 748 699 818 phiam,
727 760 908 800 curam
936 755 990 799 et
1015 744 1392 800 meonomiam.
1438 743 1691 798 Irascitur
1724 742 1882 797 etiam
1920 750 2071 809 pater

488 839 630 902 lilio,
677 836 769 892 sed
810 835 924 906 ejus
949 850 1131 890 curam
1162 849 1373 904 gerens.
1429 833 1517 887 Ille
1560 842 1764 889 temere
1802 833 2070 897 irascitur,

484 914 574 998 qui
598 912 828 998 seipsiim
865 927 1173 991 ulciscitur;
1214 927 1303 996 qui
1342 933 1523 980 autem
1552 924 1726 979 aliena
1757 922 1995 993 corrigit,
2028 922 2074 975 is

483 1028 567 1072 est
594 1020 829 1071 omnium
852 1018 1331 1074 mansuetissimus.
1360 1015 1492 1071 Nam
1515 1016 1655 1071 Deus
1671 1017 1831 1070 etiam
1858 1012 2073 1084 quando

484 1108 682 1161 dicitur
720 1106 907 1172 irasci,
955 1120 1058 1160 non
1090 1106 1325 1174 seipsum
1350 1104 1629 1159 vindicans
1668 1103 1940 1165 irascitur,
1978 1101 2073 1157 sed

487 1211 584 1250 nos
627 1197 919 1265 corrigens.
977 1195 1109 1250 Eum
1151 1211 1279 1265 ergo
1318 1210 1417 1249 nos
1442 1209 1652 1265 quoque
1682 1193 1971 1248 imitemur.
1998 1192 2074 1246 ita

486 1288 629 1340 cnim
664 1287 885 1353 ulcisci,
930 1286 1165 1341 divinum
1213 1295 1329 1349 est;
1376 1286 1533 1340 aliter
1556 1301 1717 1351 vero,
1762 1286 2071 1339 humanum.

454 1379 592 1443 fSed
622 1379 763 1434 Deus
802 1395 907 1432 non
947 1378 1012 1433 co
1056 1380 1227 1433 solum
1260 1394 1289 1432 a
1316 1378 1471 1448 nobis
1496 1377 1702 1442 differt,
1750 1376 1891 1446 quod
1932 1376 2075 1445 juste

491 1471 777 1534 irascatur,
815 1468 908 1524 sed
938 1469 1078 1538 quod
1115 1470 1167 1522 in
1203 1470 1309 1531 Deo
1338 1469 1413 1522 ira
1446 1484 1548 1522 non
1572 1469 1642 1522 sit
1671 1467 1831 1520 animi
1862 1474 2075 1535 pertur-

491 1556 652 1617 batio.
697 1562 806 1616 Nec
839 1576 936 1616 nos
964 1576 1091 1632 ergo
1121 1570 1323 1616 temere
1366 1562 1680 1616 irascamur.
1731 1560 1809 1615 ira
1851 1560 1994 1613 enim
2022 1560 2074 1612 in

492 1655 643 1709 nobis
671 1654 792 1708 ideo
830 1654 986 1708 insita
1032 1662 1139 1717 est,
1176 1669 1278 1708 non
1310 1663 1369 1709 ut
1399 1667 1676 1723 peccemus
1701 1694 1713 1713 ,
1747 1652 1839 1706 sed
1863 1660 1918 1704 ut
1946 1650 2079 1704 alios

494 1756 773 1814 peccantes
822 1746 1225 1815 prohibeamus;
1275 1760 1381 1799 non
1429 1754 1486 1798 ut
1536 1745 1606 1798 sit
1652 1744 1811 1797 animi
1859 1751 2074 1813 pertur-

494 1836 635 1890 batio
658 1848 711 1891 et
734 1822 1022 1907 aegritudo,
1052 1835 1144 1889 sed
1180 1844 1236 1888 ut
1264 1837 1333 1889 sit
1356 1834 1727 1905 aegritudinum
1757 1831 2071 1887 remedium.

558 1931 617 1994 ,8.
647 1928 830 1997 Cogita
858 1928 995 1997 apud
1022 1939 1072 1982 te
1097 1944 1253 1997 quam
1283 1928 1354 1981 sit
1380 1922 1587 1996 insigne
1617 1926 1799 1979 vitium
1821 1965 1835 1988 ,
1866 1923 2078 1994 quando

494 2016 934 2071 medicamentum
977 2032 1240 2071 venenum
1282 2016 1543 2082 efﬁcitur,
1575 2014 1784 2085 quando
1816 2030 1908 2084 per
1936 2012 2079 2083 quod

493 2109 715 2163 aliorum
759 2109 1064 2163 vulneribus
1110 2108 1428 2173 medendum
1456 2118 1572 2173 est,
1616 2124 1715 2179 per
1762 2107 1812 2160 id
1860 2108 2078 2160 vulnera

500 2198 785 2269 inlligimus
814 2217 827 2253 :
862 2200 1305 2265 quemadmodum
1348 2200 1391 2253 si
1436 2199 1555 2267 quis
1582 2206 1799 2285 qccepto
1835 2195 1996 2257 ferro,
2025 2202 2082 2249 ut

499 2307 616 2358 qua:
662 2291 713 2342 in
752 2290 871 2344 aliis
898 2290 1187 2359 putrefacta
1217 2299 1341 2343 sunt
1364 2289 1683 2353 exscindat,
1734 2289 1967 2356 scipsum
2008 2299 2083 2341 te-

500 2395 645 2433 mere
685 2380 964 2444 concidat,
1016 2395 1074 2434 se
1102 2395 1198 2447 per
1241 2389 1406 2434 totum
1451 2392 1648 2448 corpus
1676 2379 1921 2433 saucians
1954 2395 1967 2430 :
1997 2377 2080 2431 vel

498 2472 822 2541 gubernator
876 2488 971 2541 per
1019 2474 1228 2526 clavum
1283 2473 1526 2542 cymbam
1581 2471 1929 2539 submergat,
1988 2483 2084 2537 per

499 2576 655 2631 quem
688 2571 963 2616 ventorum
988 2567 1237 2631 impetum
1266 2563 1543 2632 Oportebat
1571 2562 1840 2616 cohibere.
1888 2560 2075 2628 Hujus-

501 2652 643 2706 modi
672 2662 755 2706 est
783 2654 941 2707 etiam
982 2653 1055 2705 ira
1077 2692 1092 2718 ,
1134 2653 1259 2707 utile
1290 2653 1735 2719 instrumentum,
1762 2660 1819 2706 ut
1847 2660 2083 2704 nostram

499 2744 694 2799 excitet
742 2746 1185 2810 somnolentiam,
1236 2754 1291 2798 ut
1327 2745 1505 2799 animo
1535 2746 1768 2814 vigoiem
1801 2746 1944 2797 indat
1968 2787 1983 2811 ,
2026 2751 2089 2797 ut

501 2852 600 2891 nos
629 2838 862 2891 acriores
890 2837 1111 2903 efﬁciat,
1143 2846 1197 2890 ut
1230 2853 1325 2905 pro
1356 2839 1437 2891 his
1464 2837 1800 2905 indignemur
1840 2837 1927 2905 qui
1959 2845 2083 2889 sunt

510 2928 682 2982 aﬂ'ccti
714 2929 904 2996 injuria
928 2969 942 2991 ,
973 2938 1029 2981 nt
1055 2928 1118 2981 ad
1150 2944 1333 2997 poenas
1358 2929 1422 2981 de
1450 2930 1843 2982 insidiatoribus
1871 2944 2088 2983 sumen-

500 3021 596 3075 das
617 3036 714 3076 nos
735 3032 959 3075 moveat.
994 3021 1066 3075 Ea
1093 3021 1158 3074 de
1184 3036 1339 3074 causa
1362 3021 1518 3075 dicit:
1541 3019 1847 3079 Irascimini,
1871 3030 1914 3072 et
1936 3021 2090 3073 nolite

504 3128 725 3179 peccare.
773 3111 926 3178 Quod
956 3112 999 3164 si
1028 3111 1131 3165 hoc
1159 3111 1268 3165 ﬁeri
1302 3127 1404 3164 non
1443 3122 1621 3179 posset
1644 3152 1660 3175 ,
1706 3111 1923 3164 minime
1951 3125 2086 3179 pra:-

505 3204 747 3271 cepissct.
774 3204 901 3271 Qum
930 3204 1069 3258 enim
1099 3203 1211 3256 ﬁeri
1234 3217 1336 3256 non
1368 3213 1608 3269 possunt,
1638 3218 1797 3256 nemo
1828 3204 2084 3271 pra-cipit.

509 3296 696 3366 Legem
730 3296 904 3365 itaque
933 3296 1160 3350 alierons
1189 3295 1565 3364 apostolicam,
1600 3304 1653 3349 et
1698 3294 2086 3363 philosophiam
2114 3280 2115 3283 ¹

507 3388 883 3453 evangelicum,
912 3402 1029 3439 cum
1057 3385 1241 3439 eadem
1268 3385 1488 3439 dixisset
1508 3400 1626 3453 qua:
1654 3384 1913 3447 Christus,
1931 3386 2087 3439 aliam

506 3478 685 3546 adjicit
714 3478 1125 3532 admonitionem
1155 3518 1168 3540 ,
1210 3493 1328 3547 quin
1368 3479 1447 3532 sic
1485 3477 1649 3532 dicit:
1683 3478 1811 3544 ρυω
1838 3478 2003 3533 dicitis
2036 3480 2088 3533 iu

507 3570 737 3622 cordibus
764 3571 956 3634 vestris,
986 3570 1039 3622 in
1061 3569 1305 3622 cubilibus
1326 3571 1498 3623 vestris
1519 3570 1913 3638 compuvgimini
1953 3568 2090 3635 Quid

507 3671 589 3714 cst
613 3660 752 3729 quod
793 3661 989 3714 dictum
1018 3662 1137 3713 est?
1196 3659 1412 3714 Videtur
1448 3660 1588 3713 enim
1625 3674 1744 3714 esse
1782 3661 2086 3714 obscurum.

511 3750 635 3804 Post
661 3766 867 3804 etenam
889 3791 903 3815 ,
935 3749 1135 3818 inquit,
1163 3750 1377 3819 quando
1416 3750 1503 3805 itis
1532 3750 1850 3811 dormitum,
1879 3751 2092 3819 quando

509 3843 638 3894 estis
678 3840 971 3895 decubituri
996 3881 1011 3906 ,
1061 3850 1114 3894 et
1158 3841 1609 3909 nullo'prtcsente
1642 3841 1805 3895 multa
1836 3841 2006 3910 quies,
2039 3850 2094 3896 et

475 3934 723 3988 -neinine
767 3933 1152 3987 interturbante
1201 3931 1459 4001 profunda
1506 3931 1889 4001 tranquillitas,
1921 3934 2092 3987 excita

507 4024 760 4094 judicium
784 4032 886 4078 tutae
911 4022 1249 4077 conscientia:
1269 4064 1285 4089 ,
1317 4022 1384 4078 ab
1410 4023 1523 4091 ipsa
1552 4024 1808 4077 rationem
1835 4024 2008 4089 exige,
2040 4033 2094 4075 et

508 4132 628 4184 qua:
655 4116 885 4171 interdiu
915 4116 1048 4169 mala
1099 4116 1284 4180 cepisti
1316 4115 1578 4179 consilia,
1634 4114 1714 4167 vel
1762 4113 1914 4167 dolos
1960 4129 2092 4169 con-

511 4216 725 4259 struens
745 4248 761 4272 ,
806 4206 886 4258 vel
934 4206 1287 4274 prOpinquum
1317 4204 1744 4259 circumveniens
1765 4242 1779 4265 ,
1808 4204 1891 4257 vel
1934 4218 2095 4273 prava

512 4297 777 4351 desideria
803 4274 1121 4364 suscipiens,
1154 4310 1214 4348 ea
1243 4310 1363 4348 cum
1388 4295 1439 4347 in
1473 4294 1613 4347 illius
1635 4294 1827 4363 quietis
1858 4302 2097 4361 tempore

512 4394 563 4445 in
594 4391 822 4445 medium
853 4389 1157 4455 adduxeris,
1190 4399 1243 4443 et
1270 4388 1525 4456 improbis
1559 4386 1663 4440 illis
1691 4385 2098 4455 cogitationibus

509 4484 885 4537 conscientiam
911 4482 1142 4550 judicent
1166 4480 1400 4545 dederis,
1421 4494 1512 4533 eas
1540 4479 1707 4533 fodica
1730 4464 1785 4532 et
1806 4478 2022 4544 dilania,
2047 4489 2101 4533 et

509 4573 577 4628 de
601 4574 677 4628 eis
704 4588 914 4641 ptenam
939 4587 1089 4627 sume
1109 4615 1123 4639 ,
1156 4580 1341 4641 torque
1366 4570 1739 4641 cogitationem
1766 4584 1887 4639 quae
1911 4584 2098 4633 pecca-

510 4665 604 4717 vit.
660 4662 712 4716 ld
754 4664 895 4717 enim
936 4662 1036 4715 sibi
1082 4663 1193 4715 vult
1229 4662 1356 4715 illud
1385 4680 1397 4714 :
1432 4661 1872 4731 Compungimini,
1907 4675 2006 4729 pro
2034 4676 2100 4715 eo

510 4752 651 4823 quod
677 4760 759 4807 est
776 4794 790 4818 ,
822 4752 1042 4821 Pungite
1061 4792 1076 4817 ,
1117 4754 1385 4806 stimuiate
1411 4768 1527 4821 qure
1554 4753 1605 4806 in
1633 4751 1888 4806 cordibus
1908 4752 2100 4806 vestris

510 4846 719 4901 dixistis
760 4844 988 4900 interdiu
1020 4862 1032 4897 :
1065 4843 1167 4899 hoc
1203 4853 1305 4909 est,
1349 4844 1487 4897 mala
1520 4861 1636 4910 qum
1676 4844 1946 4912 cogiIaStis
1972 4859 2099 4896 cou-

510 4942 624 4997 silia
652 4982 667 5007 ,
708 4956 771 4996 ea
802 4942 856 4995 in
898 4940 1160 4996 cubilibus
1185 4939 1395 5004 vestris,
1430 4938 1480 4991 in
1518 4948 1756 5005 tempore
1783 4936 1926 4991 illius
1951 4936 2104 5005 quie-

511 5036 577 5088 tis
600 5034 802 5103 punite,
828 5034 879 5086 in
901 5048 963 5087 ca
984 5031 1391 5086 animadvertite
1421 5048 1436 5083 :
1463 5030 1675 5099 quando
1701 5044 1870 5100 neque
1896 5030 2101 5083 amicus

511 5125 848 5189 interturbat,
873 5140 970 5178 nec
993 5123 1222 5178 famulus
1251 5123 1437 5187 irritat,
1464 5138 1563 5178 nec
1590 5124 1742 5179 turba
1767 5124 2099 5191 negotiorum

514 5224 703 5284 urget,
750 5223 877 5268 tunc
901 5215 1023 5267 vita:
1054 5215 1285 5268 interdiu
1323 5224 1456 5267 actze
1482 5215 1741 5269 rationem
1779 5215 1991 5284 exigite.
2038 5215 2103 5268 Et

513 5321 611 5361 cur
637 5321 742 5359 non
768 5306 936 5369 dixit,
988 5306 1273 5360 verborum
1304 5314 1358 5359 et
1387 5305 1645 5359 factorum
1672 5346 1687 5369 ,
1722 5304 1815 5359 sed
1843 5304 2103 5359 malarum

514 5398 929 5469 cogitationum?
976 5398 1090 5453 Hoc
1133 5400 1333 5453 docens
1372 5413 1441 5452 ex
1495 5391 1805 5451 abundanti.
1856 5396 1915 5451 Si
1957 5397 2103 5452 enim

516 5490 653 5543 mala
681 5499 805 5543 sunt
829 5488 1131 5560 castiganda
1153 5489 1394 5555 consilia,
1418 5499 1476 5543 ut
1497 5503 1600 5543 non
1632 5489 1685 5543 in
1716 5503 1849 5559 opus
1875 5498 2101 5544 exeant:

516 5581 685 5635 multo
723 5582 890 5651 magi.
934 5596 1029 5651 pro
1066 5580 1217 5636 factis
1243 5590 1298 5636 et
1321 5580 1479 5636 dictis
1502 5589 1715 5649 oportet
1740 5580 1862 5649 angi
1900 5578 2101 5635 animo.

519 5670 644 5725 llaec
691 5671 820 5727 fiant
863 5673 1084 5743 singulis
1132 5664 1355 5737 diebus,
1406 5687 1503 5727 nec
1543 5672 1688 5741 prius
1725 5671 2044 5736 dormieris,
2073 5684 2107 5725 ο

523 5763 705 5831 homo,
733 5778 891 5835 quam
918 5775 1098 5823 mente
1128 5765 1423 5823 versaveris
1450 5778 1567 5835 quae
1588 5777 1616 5816 a
1645 5771 1696 5817 te
1722 5760 1951 5818 interdiu
1978 5775 2104 5834 per-

2178 482 2361 537 peram
2391 478 2508 524 acta
2535 480 2653 523 sunt
2690 486 2705 522 :
2735 480 2790 524 et
2813 470 2901 543 die
2922 470 3166 539 sequenti
3183 470 3295 526 eris
3323 472 3546 527 omnino
3575 470 3799 527 lautior

2178 556 2244 611 ad
2271 574 2333 613 ea
2379 559 2490 629 ipsa
2521 573 2707 613 rursus
2738 559 3117 629 aggredienda.
3171 563 3235 614 Et
3263 562 3405 630 quod
3438 561 3569 616 facis
3594 563 3654 616 in
3683 577 3787 632 pe-

2177 651 2332 725 cunia
2358 692 2374 716 ,
2426 665 2526 706 nec
2562 651 2693 705 sinis
2725 660 2781 705 ut
2806 649 2913 705 duo
2939 650 3057 705 dies
3086 662 3450 721 praetereant,
3501 656 3631 724 quin
3657 669 3794 711 eum

2182 741 2378 798 famulo
2408 744 2666 798 rationem
2716 744 2865 798 ineas
2884 785 2899 809 ,
2945 759 3013 799 ne
3038 743 3407 800 confusionem
3440 746 3659 802 inducat
3682 747 3790 802 Ob-

2179 821 2344 902 livio,
2391 834 2493 889 hoc
2532 835 2694 889 etiam
2738 836 2790 890 in
2829 836 3128 890 actionibus
3170 835 3256 892 l'ac
3289 837 3513 908 singulis
3542 837 3740 893 diebus
3768 852 3791 891 ι

2180 925 2393 994 vesperi
2438 925 2507 979 ab
2546 927 2723 979 anima
2769 927 3032 980 rationem
3059 926 3251 995 exige,
3298 935 3354 981 et
3395 928 3793 997 cogitationem

2180 1030 2301 1085 qua:
2333 1015 2569 1084 peccavit
2595 1015 2929 1082 condemna;
2957 1030 3077 1070 eam
3114 1015 3281 1070 veluti
3311 1016 3455 1085 ligno
3484 1017 3793 1086 suspende,

2180 1120 2243 1161 ac
2266 1116 2453 1177 torque
2473 1147 2488 1173 ,
2516 1117 2570 1161 et
2592 1105 2724 1174 jube
2747 1120 2814 1160 ne
2844 1106 3070 1175 amplius
3095 1119 3159 1160 ea
3180 1105 3538 1176 aggrediatur.
3590 1107 3795 1162 Vidisti

2183 1199 2440 1266 Optimam
2481 1197 2728 1253 medendi
2757 1198 3044 1264 rationem,
3075 1198 3347 1268 quomodo
3370 1206 3425 1252 et
3451 1213 3800 1267 prieservan—

2184 1290 2323 1344 tihus
2349 1299 2405 1345 et
2434 1289 2825 1360 corrigentibus
2866 1289 3278 1345 medicamentis
3306 1305 3434 1345 usus
3461 1292 3587 1347 est?
3633 1292 3796 1346 Prae—

2182 1383 2364 1452 cipere
2392 1384 2534 1441 enim
2566 1400 2634 1438 ne
2662 1384 2715 1437 in
2745 1394 2965 1450 peccata
2994 1383 3232 1448 incidas,
3268 1386 3645 1453 praeservantis
3674 1399 3811 1445 me—,

2182 1473 2467 1529 dicamenti
2496 1474 2673 1528 locum
2705 1475 2931 1540 obtinet,
2962 1488 3171 1543 nempe,
3208 1472 3522 1539 Irascimini,
3552 1485 3599 1529 et
3625 1475 3796 1529 nolite

2184 1580 2433 1634 peccare:
2470 1562 2599 1617 illud
2629 1572 2808 1619 autem
2828 1605 2844 1631 ,
2878 1563 3006 1628 Quae
3027 1563 3194 1617 dicitis
3231 1564 3285 1617 in
3318 1564 3554 1618 cordibus
3578 1566 3788 1628 vestris,

2184 1658 2237 1708 in
2263 1654 2539 1708 rcubih'bus
2568 1655 2745 1710 vestris
2786 1655 3185 1725 compungimim‘
3204 1696 3218 1719 ,
3252 1654 3590 1724 corrigentis.
3625 1655 3795 1709 Post-

2184 1761 2342 1815 quam
2388 1745 2532 1801 enim
2582 1745 2861 1815 peccavit,
2909 1743 3127 1799 adhibet
3152 1760 3339 1799 rursus
3370 1744 3789 1810 medicamenta,

2184 1838 2251 1891 ab
2297 1837 2414 1906 ipso
2461 1837 2548 1906 qui
2602 1836 2841 1905 peccavit
2887 1835 3102 1889 inducta
3152 1834 3436 1888 medicina.
3498 1834 3608 1888 Hac
3654 1849 3793 1905 ergo

2185 1938 2397 1983 utamur
2445 1929 2708 1984 medicina
2729 1969 2744 1995 ,
2787 1941 2907 1999 quae
2952 1926 3081 1981 nihil
3112 1926 3271 2003 habet
3302 1925 3521 1979 omnino
3550 1925 3789 1980 diflicul-

2187 2020 2329 2074 tatis.
2354 2019 2446 2075 Sin
2476 2028 2652 2074 autem
2680 2034 2786 2073 non
2814 2018 3043 2073 sustinet
3062 2018 3237 2070 anima
3262 2016 3574 2070 meminisse
3597 2030 3782 2085 pecca-

2188 2123 2358 2167 torum
2381 2152 2396 2175 ,
2433 2111 2758 2165 erubescens
2786 2118 2842 2165 et
2867 2109 3071 2178 pudore
3101 2107 3298 2163 suli'usa
3323 2124 3337 2171 ;
3384 2107 3468 2161 dic
3490 2108 3563 2160 illi
3592 2122 3605 2160 :
3638 2104 3785 2160 Nihil

2188 2204 2489 2269 lucrifacis,
2533 2205 2578 2258 si
2620 2218 2725 2256 non
2772 2202 3126 2257 memineris:
3173 2200 3266 2254 scd
3316 2214 3568 2268 magnum
3611 2200 3793 2267 potius

2188 2298 2441 2352 damnum
2471 2295 2689 2364 accipis.
2750 2294 2806 2348 Si
2851 2295 2994 2349 enim
3023 2308 3126 2346 non
3171 2307 3309 2346 nunc
3348 2290 3485 2359 apud
3517 2301 3567 2344 te
3595 2289 3793 2343 memi-

2190 2390 2333 2442 neris
2356 2429 2370 2453 ,
2418 2396 2545 2440 tunc
2583 2395 2705 2440 ante
2731 2386 2971 2439 omnium
2999 2383 3185 2438 oculos
3215 2393 3301 2435 tua
3332 2391 3637 2436 statuentur
3668 2393 3791 2448 pec-

2190 2494 2307 2537 cata
2337 2485 2374 2534 ί.
2408 2481 2462 2536 Si
2492 2491 2671 2534 autem
2699 2494 2839 2533 nunc
2863 2494 2925 2532 ea
2957 2475 3348 2546 supputaveris,
3379 2484 3432 2528 et
3461 2474 3529 2527 ah
3557 2472 3659 2526 illis
3681 2470 3795 2524 cito

2168 2572 2524 2631 .-libcraheris.
2557 2582 2608 2623 et
2637 2570 2688 2623 in
2716 2570 2817 2623 alia
2841 2584 2945 2622 non
2976 2567 3131 2622 facile
3160 2566 3387 2620 incides.
3418 2565 3611 2618 Anima
3642 2561 3791 2631 enim

2193 2650 2741 2731 vespertinum-verita
2760 2659 3043 2729 judicium,
3071 2674 3138 2712 ne
3164 2656 3410 2712 eamdem
3438 2669 3625 2709 rursus
3653 2654 3789 2707 sub-

2191 2766 2278 2808 eat
2320 2753 2639 2807 sententiam
2662 2793 2677 2816 ,
2706 2753 2751 2804 si
2801 2760 3111 2817 torqueatur
3140 2758 3193 2802 et
3229 2746 3557 2816 flagelletur,
3596 2744 3791 2798 redde-

2194 2859 2281 2901 tur
2315 2847 2379 2901 ad
2431 2855 2704 2914 peccatum
2750 2843 2955 2897 tardior
2988 2859 2999 2891 :
3033 2851 3088 2894 et
3132 2856 3195 2893 ex
3234 2854 3296 2892 ea
3339 2853 3397 2892 re
3434 2846 3649 2907 tantum
3689 2835 3797 2889 erit

2196 2938 2651 2996 emolumentum,
2696 2944 2752 2987 ut
2794 2934 2837 2986 si
2880 2932 2930 2985 id
2966 2946 3072 2984 uno
3100 2930 3216 2983 solo
3255 2944 3438 2981 mense
3484 2926 3793 2989 fecerimus,

2195 3030 2245 3082 in
2281 3026 2516 3097 perfecto
2562 3025 2772 3077 virtutis
2816 3023 2999 3076 habitu
3041 3035 3139 3073 nos
3189 3020 3334 3087 ipsos
3381 3017 3793 3071 constituemus.

2194 3122 2268 3174 Ne
2289 3130 2490 3173 tantum
2521 3119 2699 3187 itaque
2731 3115 2928 3169 bonum
2953 3113 3365 3183 neglexerimus.
3390 3110 3489 3176 Qui
3522 3110 3665 3163 enim
3692 3108 3799 3163 hoc

2190 3212 2449 3282 judicium
2490 3210 2577 3264 hic
2620 3207 2904 3271 statuerit,
2952 3205 3174 3259 acerbas
3206 3202 3313 3256 illic
3352 3215 3537 3271 ptnnas
3564 3214 3670 3253 non
3701 3200 3800 3253 da-

2199 3303 2290 3356 bit.
2337 3300 2397 3355 Si
2425 3301 2557 3354 enim
2587 3315 2679 3352 nos
2698 3299 2834 3369 ipsos
2849 3296 3199 3366 judicaremus
3218 3334 3233 3359 ,
3265 3310 3366 3345 non
3390 3293 3562 3361 utique
3583 3290 3798 3360 judica-

2195 3411 2363 3448 remur
2390 3410 2408 3447 :
2438 3410 2469 3445 α
2501 3392 2724 3446 Domino
2747 3399 2915 3443 autem
2936 3388 3158 3458 judicati
3184 3386 3445 3439 erudimur
3464 3424 3479 3447 ,
3514 3383 3705 3452 inquit,
3735 3397 3801 3434 ne

2195 3502 2312 3538 cum
2358 3484 2549 3537 mundo
2594 3481 2983 3536 condemnemur
3023 3478 3041 3545 (
3067 3479 3116 3532 ‘l.
3149 3476 3267 3530 Cor.
3300 3477 3387 3529 11.
3420 3475 3509 3529 51.
3537 3472 3669 3544 32).
3722 3472 3801 3527 Ne

2196 3577 2800 3648 ergo-condemnemur,
2839 3573 2943 3626 hoc
2973 3570 3249 3625 faciamus.
3297 3568 3351 3623 6.
3386 3567 3799 3635 Sacriﬁcatesa-

2197 3672 2445 3739 oriﬁcium
2466 3668 2682 3739 justitia:
2715 3676 2761 3721 et
2785 3675 2984 3734 sperate
3013 3665 3066 3717 in
3094 3662 3333 3716 Domino.
3383 3659 3575 3714 Vidisti
3605 3672 3801 3712 conse-

2198 3756 2470 3831 queiitiam
2502 3758 2689 3828 Optimi
2716 3756 2963 3811 consilii?
3011 3754 3189 3809 vidisti
3224 3751 3515 3823 perfectam
3555 3749 3802 3803 admoni-

2201 3849 2442 3905 tionem?
2471 3849 2758 3917 Postquam
2792 3847 2935 3901 enitn
2965 3852 3183 3912 propter
3214 3850 3431 3913 peccata
3460 3839 3800 3910 conipunxit,

2198 3951 2255 3997 et
2303 3940 2369 3996 ad
2415 3939 2602 3996 eadem
2656 3951 2841 3993 rursus
2886 3934 3242 4006 aggredienda
3294 3932 3555 3987 tardiores
3598 3930 3800 3997 eli'ecit,

2196 4033 2562 4105 judiciumque
2599 4030 2741 4099 quod
2769 4043 2874 4082 non
2905 4036 3079 4096 potest
3105 4023 3374 4093 corrumpi
3401 4022 3714 4086 constituit,
3744 4030 3804 4074 et

2199 4131 2323 4183 νὶιίε
2352 4128 2614 4183 rationem
2643 4124 2820 4192 exegit
2844 4164 2859 4187 ,
2905 4122 2977 4175 ita
3004 4120 3071 4174 ad
3109 4119 3319 4173 virtutis
3362 4116 3676 4172 exercitium
3707 4112 3803 4168 de-
3870 4176 3878 4187 ε

2201 4220 2366 4275 ducit.
2395 4219 2580 4287 Neque
2600 4217 2743 4271 enim
2775 4213 2969 4268 sullicit
2990 4212 3081 4265 sia
3105 4209 3261 4263 malis
3285 4208 3671 4271 abstineamus,
3703 4206 3801 4259 sed

2204 4319 2416 4380 oportet
2437 4311 2596 4364 etiam
2625 4308 2794 4361 bonos
2832 4317 2982 4359 actus
3011 4302 3289 4357 accedere.
3343 4298 3606 4368 Quocirca
3637 4296 3803 4352 etiam

2206 4401 2553 4474 progrediens
2578 4399 2859 4462 admonet,
2891 4395 3076 4450 dicens
3106 4411 3118 4445 :
3155 4392 3367 4446 Declina
3389 4407 3420 4443 a
3446 4390 3605 4454 maio,
3647 4397 3692 4441 et
3718 4390 3805 4459 [ω

2206 4494 2389 4546 bonum
2422 4490 2593 4562 (Psal.
2620 4490 2709 4543 53.
2745 4486 2856 4559 15).
2911 4486 3025 4539 Non
3052 4485 3227 4538 solum
3257 4483 3402 4537 enim
3443 4478 3805 4549 improbitatis

2205 4583 2345 4637 actio
2364 4624 2378 4645 ,
2406 4582 2503 4636 sed
2532 4581 2693 4635 etiam
2720 4594 2748 4632 a
2775 4579 2972 4631 virtute
3001 4574 3235 4629 cessatio
3258 4614 3272 4638 ,
3304 4582 3363 4626 ut
3391 4572 3696 4640 puniamur,
3726 4567 3808 4623 ef-

2207 4676 2333 4728 licit.
2376 4672 2506 4727 Nam
2538 4679 2594 4726 et
2622 4671 2694 4725 illi
2733 4670 2822 4740 qui
2870 4670 3193 4724 esurientem
3238 4680 3343 4719 non
3393 4673 3690 4733 paverunt.
3741 4676 3808 4717 ac

2206 4764 2405 4819 sitienti
2445 4770 2629 4833 potum
2659 4776 2763 4814 non
2803 4760 3065 4814 dederunt
3088 4798 3103 4824 ,
3135 4766 3189 4810 et
3217 4760 3307 4825 qui
3345 4755 3548 4809 nudum
3577 4770 3683 4807 non
3711 4768 3805 4808 ve-

2208 4858 2434 4911 stierunt
2464 4851 2676 4922 (Matth.
2706 4851 2799 4905 Q5.
2826 4851 2914 4905 42.
2946 4849 3110 4920 seqq.)
3133 4890 3148 4913 ,
3176 4864 3282 4902 non
3315 4846 3475 4901 furati
3505 4853 3671 4909 sunt,
3704 4858 3809 4919 nec

2208 4947 2352 4999 avari
2388 4944 2641 5009 fuerunt,
2669 4958 2771 4997 nec
2809 4942 2947 4997 bona
2991 4942 3165 4994 aliena
3196 4946 3488 5013 rapuerunt
3519 4955 3532 4992 :
3561 4935 3657 4992 sed
3682 4936 3807 5006 quia

2209 5054 2313 5093 non
2348 5036 2592 5091 fecerunt
2610 5034 3007 5103 elecmosynam
3030 5072 3045 5097 ,
3075 5040 3360 5100 propterea
3384 5043 3556 5098 poenae
3585 5028 3810 5081 immor-

2211 5131 2299 5185 tali
2328 5128 2641 5192 traduntur,
2669 5133 2725 5180 et
2751 5123 3012 5193 supplicio
3041 5122 3192 5190 cujus
3219 5121 3396 5175 nullus
3422 5118 3674 5175 est-ﬁnis.
3725 5117 3806 5172 Ex

2210 5235 2315 5291 quo
2346 5217 2694 5287 intelligimus
2715 5254 2729 5279 ,
2777 5214 3052 5269 abstinere
3082 5228 3111 5266 a
3140 5210 3294 5265 malis
3334 5224 3440 5264 non
3487 5222 3609 5264 esse
3651 5208 3809 5262 nobis

2212 5312 2530 5385 principium
2558 5307 2745 5362 salutis
2771 5308 2825 5371 ⁸,
2877 5306 2979 5361 nisi
3018 5304 3157 5359 adsit
3195 5303 3356 5358 etiam
3383 5301 3652 5357 bonorum
3685 5314 3809 5372 pos-

2211 5405 2379 5460 sessio
2401 5444 2417 5470 ,
2448 5412 2503 5457 et
2530 5399 2740 5457 virtutis
2766 5397 2924 5453 actio.

2278 5583 2294 5613 ί
2332 5588 2471 5643 Beg.,
2489 5584 2599 5630 ante
2616 5577 2829 5629 comitari
2871 5575 3034 5628 oculos
3056 5573 3201 5626 stabit
3232 5570 3317 5624 tibi
3341 5567 3551 5622 tribunal
3568 5574 3651 5619 tua
3678 5580 3807 5619 com-

2212 5643 2513 5709 prehenderis
2536 5647 2753 5709 peccata.

2281 5710 2301 5740 ³
2327 5696 2380 5758 1η
2412 5696 2740 5768 Graeco,_o~.’m
2780 5706 2903 5768 ἀρχὴ
2939 5700 3179 5768 campie:
3219 5701 3354 5762 ἡμῖν.
3400 5698 3686 5768 l_nte_rpres,
3725 5696 3811 5768 qui

2222 5768 2394 5833 vertit,
2423 5782 2514 5820 non
2537 5761 2656 5820 satis
2682 5772 2754 5819 est
2778 5761 2916 5819 nobis
2939 5763 3005 5814 ad
3039 5761 3265 5823 salutem,
3290 5776 3384 5813 nou
3407 5763 3529 5825 ἀρχὴ
3549 5761 3810 5825 σωτηρίας,
