4070 6442
172 373 243 427 53
422 364 427 369 “
1333 365 1700 427 EXPOSI'I‘IO
1737 366 1805 423 IN
1844 365 2175 427 PSALIIUI
2215 365 2307 425 IV.
2410 394 2419 397 Α
3442 369 3512 427 ει

239 488 299 548 9.
327 488 469 559 Quid
489 489 555 546 sit
581 488 896 560 sacriﬁcium
914 487 1139 561 institit:
1157 496 1179 554 ,‘
1197 487 1419 559 justiﬁes
1441 487 1647 542 nomine
1673 486 1779 541 rir-

169 591 254 636 m
276 579 465 643 omnis;
485 594 602 651 spes
626 580 681 635 in
709 578 880 635 Deum
898 576 1593 648 immortalis.—Propterea
1620 575 1785 633 etiam

168 673 461 748 propheta,
487 688 610 729 cum
638 683 694 728 et
719 673 789 728 ab
817 672 1163 744 improbitate
1196 685 1292 740 per
1310 668 1785 739 compunctionem

169 764 523 831 abduxisset,
557 771 614 819 et
626 763 695 819 ad
718 754 929 819 virtutis
954 763 1221 818 actionem
1241 761 1503 831 aptiorem
1527 759 1784 826 fecisset,

164 869 226 916 et
248 855 505 915 duritiam
533 854 731 911 mentis
749 853 1123 919 emollivisset,
1142 862 1199 907 et
1234 866 1353 907 eam
1398 866 1495 921 per
1518 865 1786 919 compun-

166 953 410 1009 ctionem
449 958 691 1004 teneram
718 946 1063 1011 reddidisset,
1095 944 1284 1014 incipit
1314 942 1480 998 verba
1512 940 1690 998 facere
1716 941 1787 997 de

164 1047 376 1114 iustitia
406 1086 423 1111 ,
448 1054 506 1101 et
543 1043 709 1098 dicit:
742 1039 1049 1109 Sacri/icon
1091 1036 1407 1106 sacriﬁcium
1448 1035 1668 1107 iustitia
1695 1074 1712 1099 ,
1738 1043 1788 1088 et

162 1148 376 1207 sperate
417 1136 474 1192 in
510 1133 753 1189 Domino.
786 1130 925 1200 Quid
966 1137 1053 1184 est
1081 1169 1096 1195 ,
1132 1127 1438 1196 Saeriﬁeate
1473 1124 1788 1193 sacriﬁcium

167 1228 426 1297 institue?
452 1226 845 1298 Persequimini
883 1222 1147 1294 justitiam
1180 1262 1198 1287 ,
1247 1220 1439 1276 oli'erte
1472 1218 1738 1291 justitiam
1770 1235 1785 1272 :

169 1319 279 1374 hoc
306 1328 393 1375 est
417 1318 709 1373 maximum
738 1316 849 1371 Deo
874 1314 1097 1381 donum,
1129 1312 1234 1367 hoc
1271 1322 1357 1368 est
1384 1298 1673 1380 acceptum
1701 1323 1788 1364 sa-

167 1413 437 1469 criﬁcium
472 1452 487 1477 ,
519 1411 637 1467 haec
670 1409 872 1469 oblatio
912 1408 1068 1463 valde
1096 1416 1246 1478 grata
1276 1409 1398 1470 est',
1444 1419 1553 1460 non
1577 1417 1709 1459 oves
1734 1411 1791 1458 et

167 1505 376 1560 vitulos
406 1502 714 1559 sacriﬁcare
741 1544 756 1568 ,
780 1501 874 1557 sed
911 1516 1032 1571 qua
1059 1506 1186 1555 sunt
1207 1499 1353 1570 justa
1394 1496 1593 1552 facere.
1622 1495 1789 1552 Vides

166 1600 301 1653 vitae
337 1598 393 1652 in
424 1596 670 1652 Ecclesia
704 1592 1052 1650 instituendas
1101 1592 1365 1648 rationem
1386 1626 1389 1627 ν
1410 1590 1594 1647 multis
1638 1597 1788 1646 retro

168 1687 390 1743 steculis
413 1687 583 1742 fuisse
606 1698 735 1740 ante
771 1684 1097 1755 descriptam
1121 1723 1138 1751 ,
1171 1694 1226 1739 et
1250 1698 1352 1755 pro
1380 1683 1485 1737 illis
1514 1681 1791 1737 sensibili-

168 1777 276 1833 bus
292 1792 356 1834 ea
376 1776 564 1848 quteri,
595 1790 716 1846 quae
731 1775 931 1829 cadunt
945 1773 1048 1828 sub
1064 1773 1492 1843 intelligentiam.
1518 1771 1787 1827 Justitiam

168 1878 353 1923 autem
383 1868 468 1923 hic
489 1909 506 1934 ,
538 1868 680 1922 sicut
714 1876 839 1921 ante
864 1864 976 1920 dixi
1005 1907 1021 1931 ,
1050 1878 1158 1919 non
1189 1863 1521 1934 singularem
1551 1864 1788 1934 aliquam

169 1957 306 2013 dicit
328 1940 577 2012 virtutem
597 1997 614 2023 ,
639 1955 734 2011 sed
765 1955 1109 2011 universam:
1141 1954 1598 2026 quemadmodum
1625 1954 1788 2009 etiam

166 2048 347 2103 virum
388 2046 597 2117 justum
641 2058 898 2100 vocamus
942 2046 1035 2115 qui
1065 2060 1280 2099 omnem
1328 2045 1381 2099 in
1430 2059 1492 2100 se
1535 2046 1788 2099 virtutem

171 2137 437 2192 continet.
473 2134 587 2191 Hoc
607 2135 937 2191 sacriﬁcium
964 2151 1069 2191 non
1092 2144 1218 2206 eget
1249 2137 1474 2205 pecunia
1494 2178 1509 2202 ,
1539 2152 1646 2190 non
1673 2136 1791 2207 gla-

166 2224 289 2296 dio,
316 2244 423 2284 non
442 2228 624 2293 altari,
647 2243 755 2283 non
785 2229 943 2298 igne:
976 2242 1083 2283 non
1111 2229 1401 2284 resolvitur
1437 2230 1495 2285 in
1535 2228 1746 2286 fumum
1766 2272 1785 2297 ,

166 2321 435 2386 cinerem,
458 2330 516 2376 et
545 2319 791 2375 nidorem
816 2359 832 2387 ,
862 2319 958 2375 sed
987 2320 1172 2397 animo
1198 2319 1319 2392 ejus
1339 2320 1432 2391 qui
1461 2321 1624 2377 otl'crt
1649 2336 1787 2379 con-

170 2422 383 2471 tentum
424 2423 530 2470 est.
574 2413 639 2469 Ei
688 2428 792 2469 nec
818 2423 904 2469 est
940 2423 1229 2483 paupertas
1269 2412 1610 2470 obstaculum
1645 2457 1659 2482 ,
1689 2428 1790 2471 nec

118 2556 125 2563 .
167 2504 494 2561 mendicitas
519 2504 989 2575 impedimentum,
1022 2500 1322 2574 nonlocus,
1353 2520 1455 2561 nec
1475 2505 1621 2562 aliud
1644 2506 1790 2578 ejus-

166 2597 358 2663 modi;
384 2596 480 2653 sed
507 2596 834 2668 ubicumque
854 2595 1053 2665 fueris,
1084 2597 1135 2651 id
1166 2595 1364 2654 ollerre
1391 2596 1592 2668 puteris
1620 2642 1635 2668 ,
1663 2614 1788 2655 cum

166 2688 294 2761 ipse
318 2689 392 2744 sis
416 2697 474 2744 et
497 2688 761 2744 sacerdos
782 2729 800 2755 ,
827 2697 883 2744 et
910 2688 1083 2743 altare
1103 2729 1118 2753 ,
1149 2699 1205 2744 et
1229 2688 1443 2760 gladius
1467 2732 1482 2755 ,
1508 2700 1564 2745 et
1588 2690 1786 2746 hostia.

167 2781 323 2837 Talia
350 2782 495 2838 enim
516 2790 645 2838 sunt
667 2796 789 2857 qua:
807 2781 874 2836 ad
893 2790 1131 2837 mentem
1160 2780 1433 2851 pertinent
1450 2790 1507 2837 et
1530 2781 1789 2853 spiritua-

164 2872 277 2942 lia;
304 2874 594 2945 plurimum
620 2872 824 2929 habent
852 2873 1155 2941 facilitatis,
1192 2883 1250 2929 ut
1274 2874 1569 2945 quaenulla
1602 2884 1789 2930 exter-

165 2980 241 3022 na
281 2967 597 3036 operatione
643 2976 857 3036 egeant.
895 2964 969 3020 Et
1008 2976 1211 3036 sperate
1253 2968 1309 3020 in
1354 2964 1600 3021 Domino.
1632 2967 1787 3023 Alius

164 3055 304 3113 dicit
332 3073 347 3111 :
375 3054 445 3111 Et
467 3057 715 3125 conﬁdite
738 3055 984 3112 Domino.
1010 3056 1111 3125 Qui
1138 3057 1284 3113 enim
1318 3072 1414 3128 per
1430 3058 1632 3129 justam
1659 3058 1786 3113 vita

165 3142 566 3204 institutionem
597 3150 765 3204 Deum
793 3150 894 3205 sibi
919 3150 1208 3220 propitium
1231 3160 1285 3205 et
1301 3150 1635 3207 clementem
1662 3149 1787 3206 red-

165 3239 370 3297 diderit
401 3284 417 3306 ,
475 3244 766 3296 maximam
825 3243 987 3297 habet
1033 3243 1443 3311 opitulatiouem
1475 3286 1491 3312 ,
1526 3246 1784 3300 auxilium

166 3332 588 3403 inexpugnabile
614 3374 629 3398 ,
658 3343 712 3388 et
742 3333 1034 3402 plurimum
1065 3333 1209 3388 illinc
1235 3334 1564 3404 prtesidium.
1593 3335 1785 3393 Vidisti

162 3421 403 3479 fructum
431 3422 700 3486 sacriﬁcii,
732 3424 820 3492 qui
852 3434 933 3478 εει
958 3424 1009 3477 in
1036 3423 1236 3478 foribus
1258 3425 1280 3478 ἲ
1300 3425 1479 3479 vidisti
1505 3426 1786 3481 celerrime

164 3516 565 3586 germinantem
606 3517 870 3570 honorum
911 3515 1224 3571 thesaurum
1248 3516 1273 3569 ?
1296 3516 1397 3585 Qui
1436 3519 1579 3573 enim
1615 3518 1784 3575 Deum

164 3604 336 3659 habet
374 3607 745 3661 auxiliatorem
774 3648 786 3669 ,
818 3621 1109 3676 quemnam
1144 3607 1353 3661 timebit
1382 3610 1654 3678 amplius?
1678 3610 1787 3666 Ne-

163 3697 393 3752 minem.
434 3694 552 3751 Jam
580 3712 711 3751 vero
747 3697 850 3751 hoc
877 3712 1091 3767 quoque
1128 3708 1212 3753 est
1242 3714 1348 3752 non
1376 3714 1535 3768 parva
1566 3702 1737 3767 virtus
1764 3744 1781 3770 ,

163 3788 289 3858 ipso
332 3788 526 3843 fretum
557 3788 701 3845 bono
731 3790 916 3844 animo
944 3803 1065 3844 esse
1091 3830 1105 3855 ,
1153 3798 1209 3845 et
1248 3790 1301 3844 in
1332 3791 1781 3861 ipso-conﬁdere.

161 3875 277 3936 Sed
306 3878 429 3934 cum
450 3880 652 3950 justitia
672 3895 701 3933 a
734 3880 892 3935 nobis
918 3880 1057 3935 hanc
1079 3896 1293 3952 quoque
1313 3882 1565 3939 virtutem
1591 3885 1780 3956 exigit,

163 3981 229 4028 ut
256 3973 311 4026 in
341 3986 410 4027 eo
434 3972 794 4039 conﬁdamus,
827 3982 886 4028 ut
912 3976 964 4028 in
994 3990 1062 4029 eo
1080 3989 1360 4044 speremus
1385 4019 1401 4044 ,
1433 3987 1491 4032 ut
1522 3978 1655 4034 nulli
1684 3980 1785 4035 liu-

164 4078 345 4118 mana:
371 4065 451 4118 rei
482 4062 743 4131 ﬁdamus,
774 4065 870 4120 sed
899 4080 998 4120 nos
1020 4065 1088 4120 ab
1111 4066 1365 4122 omnibus
1384 4067 1732 4140 sejungentes
1761 4112 1781 4138 ,

164 4155 550 4228 cogitationem
579 4172 797 4212 omnem
831 4157 939 4214 illic
981 4159 1299 4231 degamus.
1336 4160 1446 4217 Res
1476 4162 1619 4218 enim
1656 4163 1783 4219 vitae

164 4249 455 4317 praesentis
488 4259 614 4303 sunt
640 4250 849 4305 umbris
893 4260 947 4306 et
997 4254 1224 4308 somniis
1248 4255 1453 4309 similes
1483 4298 1498 4322 ,
1526 4264 1690 4327 atque
1717 4257 1782 4314 iis

160 4342 328 4397 etiam
348 4340 745 4407 imbecilliores,
767 4352 961 4414 utqute
982 4345 1141 4399 simul
1157 4357 1449 4417 appareant
1469 4358 1523 4405 et
1542 4350 1779 4419 avolent;

163 4440 222 4486 et
249 4432 454 4485 interea
482 4432 609 4485 dum
641 4431 841 4488 adsunt
870 4476 885 4501 ,
914 4436 979 4491 iis
1017 4438 1106 4507 qui
1143 4437 1259 4492 illas
1304 4438 1503 4509 habent
1550 4441 1781 4498 multum

165 4522 342 4577 turbat
367 4538 431 4577 ac
454 4525 715 4579 molestiae
738 4525 1000 4593 afferant;
1043 4544 1169 4599 spes
1203 4540 1381 4585 autem
1415 4532 1468 4585 in
1500 4531 1665 4587 Deum
1698 4542 1781 4589 est

162 4614 512 4678 immortalis,
533 4603 904 4686 immutabilis,
934 4619 1246 4689 immobilis,
1272 4624 1406 4678 nulli
1427 4626 1779 4682 vicissitudini

160 4706 425 4771 obnoxia,
457 4724 577 4779 qua:
595 4711 740 4764 omni
765 4725 833 4766 ex
861 4722 1011 4781 parte
1040 4722 1211 4769 tutum
1239 4716 1415 4771 reddit
1441 4761 1455 4785 ,
1480 4728 1534 4773 et
1556 4720 1783 4789 inexpu-

161 4797 437 4871 gnabilem
465 4814 586 4854 eum
618 4800 801 4867 efﬁcit,
827 4804 914 4872 qui
944 4819 1029 4869 ea,
1056 4820 1289 4877 quapar
1308 4818 1391 4863 est
1415 4851 1430 4874 ,
1463 4825 1591 4865 cura
1620 4824 1674 4868 et
1700 4814 1782 4870 af-

162 4890 404 4945 fectione
443 4893 626 4946 tttitur.
660 4894 713 4948 7.
750 4893 909 4949 Multi
945 4896 1122 4951 dicunt
1152 4940 1167 4963 ,
1219 4899 1347 4966 Quis
1372 4904 1601 4958 ostendet
1634 4908 1778 4963 nobis

158 4976 305 5037 banti
320 4982 346 5036 ?
364 4982 633 5054 Signatum
645 4996 719 5039 est
737 5002 890 5057 super
913 5005 1005 5041 nos
1032 4989 1200 5043 lumen
1225 4993 1391 5046 vultus
1419 4996 1510 5058 tui,
1536 4995 1776 5053 Domine.

162 5074 459 5145 Postquam
490 5076 558 5130 de
600 5075 841 5132 moribus
868 5078 1089 5145 perfecit
1115 5081 1538 5139 admonitionem
1563 5129 1576 5152 ,
1629 5099 1683 5143 et
1711 5089 1779 5144 ad

163 5163 265 5221 Dei
304 5166 527 5222 adduxit
556 5168 922 5238 cognitionem
956 5213 970 5235 ,
997 5185 1324 5242 omnemque
1351 5178 1589 5231 versavit
1616 5182 1782 5235 ratio-

160 5270 323 5321 nem,
354 5272 473 5326 qua:
502 5267 676 5327 potest
705 5260 916 5331 erigere
948 5272 1184 5317 mentem
1212 5279 1398 5319 eorum
1431 5268 1521 5338 qui
1556 5269 1779 5327 aberra-

161 5359 329 5414 runt;
361 5351 607 5419 exemplo
630 5353 862 5408 maxime
890 5369 1076 5410 eorum
1103 5358 1193 5412 oui
1225 5359 1299 5413 illi
1325 5370 1448 5414 sunt
1472 5362 1693 5429 addicti,
1725 5374 1781 5421 et

160 5443 282 5511 ejus
308 5457 435 5511 erga
475 5443 593 5498 illos
621 5446 974 5513 providentia:
1000 5489 1015 5512 ,
1048 5460 1330 5521 postquam
1363 5467 1513 5508 suam
1543 5457 1781 5513 ostendit

159 5533 580 5589 sollicitudinem
611 5580 624 5600 ,
654 5539 944 5608 quamdam
984 5541 1344 5612 objectionem
1368 5546 1436 5602 ab
1467 5547 1779 5605 imbecillio-

160 5624 317 5681 ribus
355 5640 421 5679 ac
448 5628 807 5686 crassioribus
846 5630 1119 5689 inductam
1148 5635 1305 5692 affert
1330 5676 1349 5704 ,
1390 5648 1447 5695 et
1478 5641 1587 5696 ait:
1620 5639 1779 5697 Multi

1895 485 2091 552 dicunt,
2125 485 2257 555 Quis
2279 477 2508 541 ostentm
2530 484 2676 541 nobis
2705 485 2879 540 bona?
2908 484 3024 541 Non
3047 484 3125 540 illi
3153 485 3307 556 pauci
3333 485 3510 556 probi,

1893 594 1958 635 ac
1987 579 2190 635 sinceri
2217 620 2233 645 ,
2263 587 2320 633 et
2343 578 2432 649 qui
2468 586 2667 633 norunt
2691 578 3064 650 philosophari
3089 620 3106 645 ,
3129 578 3247 635 haec
3270 576 3463 635 dicunt
3496 621 3513 647 ,

1900 673 1995 728 sed
2023 671 2249 728 confusa
2274 681 2328 727 et
2358 671 2664 743 promiscua
2686 672 3000 741 multitudo,
3033 687 3155 744 quas
3193 671 3519 743 ignorationi

1873 774 1950 822 ἐι
1968 764 2214 821 stultitiae
2238 763 2395 819 afﬁxa
2420 773 2527 821 est.
2554 763 2692 833 Quid
2720 774 2805 820 est
2828 774 3008 822 autem
3031 764 3175 838 quod
3200 764 3515 833 dicitTQsis

1894 855 2123 912 ostendet
2163 856 2306 912 nobis
2367 856 2501 911 bona
2532 856 2558 910 .9
2585 856 2724 912 Sunt
2766 856 2984 928 quidam
3030 858 3123 929 qui
3164 858 3355 914 dicunt
3382 854 3517 924 ,alii

1870 947 2112 1018 'quidem
2142 947 2234 1004 Dei
2262 934 2654 1019 providentiam
2684 959 3022 1015 accusantes,
3065 950 3159 1006 alii
3196 966 3328 1007 vero
3354 950 3515 1006 volu-

1899 1041 2059 1109 ptatis
2086 1048 2379 1106 amatores,
2406 1041 2691 1107 socordiae,
2717 1056 2907 1112 opum,
2931 1041 3117 1114 glorias
3142 1051 3193 1098 et
3215 1042 3474 1113 potentia:
3497 1081 3513 1107 ,

1893 1132 1985 1201 qui
2016 1130 2181 1187 etiam
2217 1130 2332 1187 hate
2358 1140 2625 1200 amantes,
2658 1132 2847 1188 dicunt
2874 1135 2999 1190 talia
3031 1152 3047 1189 :
3076 1133 3180 1190 Ubi
3212 1142 3339 1189 sunt
3367 1132 3511 1189 bona

1896 1221 1994 1277 Dei
2014 1221 2038 1277 τ
2067 1221 2181 1294 Ego
2196 1237 2315 1278 sum
2338 1222 2393 1278 in
2415 1223 2780 1290 mendicitate,
2807 1234 2863 1280 et
2879 1224 3091 1292 morbo,
3114 1232 3171 1282 et
3184 1224 3515 1295 calamitate,

1894 1321 1953 1369 et
1985 1314 2252 1368 extremis
2280 1313 2436 1369 malis
2459 1356 2474 1379 ,
2503 1312 2722 1385 probrié
2747 1323 2803 1371 et
2836 1317 3182 1373 contumeliis
3210 1334 3224 1370 :
3255 1317 3396 1372 alius
3415 1332 3515 1372 au-

1896 1412 2004 1459 tem
2037 1404 2090 1459 in
2118 1404 2395 1469 felicitate,
2424 1408 2725 1477 voluptate,
2752 1407 2963 1464 deliciis
2985 1450 3001 1477 ,
3026 1410 3286 1479 potentia.
3315 1408 3513 1480 gloria,

1862 1518 1867 1523 ν
1895 1504 1950 1552 ει
1978 1497 2200 1553 divitiis.
2226 1498 2291 1553 Et
2312 1500 2402 1554 alii
2423 1499 2641 1570 quidem
2668 1488 2787 1557 haec
2816 1500 2953 1556 bona
2970 1509 3179 1557 tantum
3205 1503 3511 1574 requirunt,

1895 1603 1959 1644 ea
1989 1605 2109 1660 quae
2148 1604 2277 1646 vere
2319 1599 2446 1645 sunt
2482 1590 2621 1647 bona
2654 1593 3134 1662 prsetermittentes
3166 1635 3183 1660 ,
3212 1595 3468 1650 virtutem
3496 1636 3514 1661 ,

1896 1680 2137 1751 inquam,
2164 1692 2216 1737 et
2244 1682 2479 1737 studium
2508 1684 2823 1755 sapientiam
2854 1684 2945 1739 alii
2971 1699 3123 1753 vero,
3143 1698 3199 1741 ut
3224 1694 3353 1742 ante
3381 1686 3516 1755 dixi,

1896 1770 1992 1825 Dei
2018 1772 2179 1827 etiam
2204 1772 2601 1843 providentiam
2634 1790 2702 1831 ex
2728 1790 2795 1832 eo
2821 1776 3201 1843 criminantur,
3230 1777 3510 1833 dicentes:

1896 1861 1998 1919 Ubi
2024 1872 2108 1918 est
2136 1864 2229 1920 Dei
2260 1865 2597 1935 providentia
2623 1908 2640 1934 ,
2674 1881 2797 1923 cum
2825 1877 2974 1924 tanta
2998 1869 3069 1924 sit
3098 1869 3153 1923 in
3181 1870 3291 1925 vita
3317 1868 3514 1924 confu-

1894 1953 1999 2021 sio,
2029 1969 2152 2009 cum
2182 1956 2366 2027 plures
2392 1956 2445 2012 in
2477 1958 2846 2028 mendicitate,
2876 1960 3057 2031 inopia
3087 1969 3141 2016 et
3171 1962 3225 2017 in
3251 1963 3513 2018 extremis

1894 2045 2053 2101 malis
2078 2045 2313 2117 degant?
2332 2047 2477 2118 quod
2500 2058 2585 2104 est
2610 2050 2821 2120 signum
2845 2050 2962 2120 ejus
2989 2051 3384 2121 providentiae?
3408 2053 3514 2119 Qui

1894 2149 2074 2195 autem
2104 2139 2222 2195 haec
2245 2140 2434 2198 dicunt
2463 2142 2691 2213 perinde
2711 2142 2918 2199 faciunt
2944 2159 3009 2200 ac
3038 2147 3084 2200 si
3112 2146 3235 2215 quis
3261 2145 3507 2201 clarissi-

1895 2246 1987 2287 mo
2017 2231 2243 2288 meridie
2266 2241 2477 2304 quierat
2504 2234 2678 2290 solem
2707 2234 2918 2303 videre,
2944 2243 3001 2291 et
3028 2235 3240 2292 dubitet
3272 2236 3343 2292 de
3366 2236 3511 2293 luce.

1894 2323 2050 2391 Quod
2082 2324 2375 2387 ostendens
2403 2324 2665 2397 propheta
2694 2369 2710 2394 ,
2746 2336 2804 2385 et
2850 2329 3248 2401 quamprimum
3278 2328 3513 2386 alferens

1895 2415 2221 2471 solutionem
2252 2458 2268 2483 ,
2313 2416 2450 2472 dixit
2478 2435 2492 2471 :
2522 2418 2579 2473 7.
2610 2419 2891 2489 Signatum
2937 2429 3013 2475 est
3045 2436 3199 2492 super
3225 2438 3318 2476 nos
3342 2422 3515 2476 lumen

1895 2509 2067 2562 vultus
2100 2508 2206 2573 tui,
2232 2507 2473 2579 Domine.
2506 2509 2625 2566 Non
2646 2511 2785 2567 dixit
2815 2553 2832 2579 ,
2862 2512 3162 2585 Apparuit;
3191 2528 3302 2569 non
3330 2512 3469 2569 dixit
3495 2556 3511 2577 ,

1894 2598 2254 2669 Resplenduit
2282 2642 2298 2665 ,
2341 2600 2439 2657 sed
2471 2608 2511 2669 ,‘
2542 2598 2821 2674 Signalum
2861 2613 2935 2658 est
2962 2619 2979 2658 :
3009 2602 3112 2660 hoc
3155 2604 3465 2675 signiﬁcans
3492 2646 3514 2671 ,

1894 2693 2351 2763 quemadmodum
2377 2694 2520 2765 quod
2543 2705 2629 2751 est
2656 2696 2709 2750 in
2741 2694 2920 2753 fronte
2947 2696 3243 2768 signatum,
3274 2707 3359 2753 est
3385 2712 3510 2753 om-

1894 2784 2055 2840 nibus
2090 2784 2435 2841 manifestum
2458 2827 2476 2853 ,
2508 2801 2610 2842 nec
2641 2786 2757 2841 ﬁeri
2785 2796 2968 2857 potest
2997 2796 3057 2843 ut
3082 2787 3137 2844 id
3163 2788 3399 2858 aliquem
3428 2790 3509 2843 la-

1897 2884 2043 2943 teat,
2075 2890 2176 2931 nec
2220 2875 2410 2931 faciem
2453 2877 2575 2933 luce
2609 2877 2823 2949 plenam
2858 2888 2919 2935 et
2950 2879 3134 2937 radios
3169 2880 3513 2937 emittentem

1893 2976 2073 3037 potest
2097 2967 2218 3038 quis
2244 2966 2494 3038 ignorare
2518 2985 2532 3021 :
2565 2968 2660 3033 ita,
2693 2968 2887 3041 inquit,
2915 2984 3018 3026 nec
3044 2978 3190 3026 tuam
3218 2970 3511 3043 providen-

1893 3058 2047 3114 tiam.
2071 3058 2222 3114 Sicut
2248 3060 2393 3114 enim
2425 3059 2513 3114 lux
2544 3060 2752 3131 signata
2782 3101 2799 3127 ,
2827 3059 2934 3116 hoc
2959 3070 3043 3135 est
3073 3102 3089 3127 ,
3118 3061 3172 3117 in
3213 3061 3362 3117 vultu
3402 3062 3510 3117 im-

1892 3166 2078 3221 pressa
2102 3161 2158 3208 et
2187 3152 2479 3223 insculpta,
2510 3161 2595 3209 est
2623 3153 2908 3210 manifesta
2931 3155 3216 3210 omnibus:
3243 3156 3315 3211 ita
3346 3156 3511 3211 etiam

1895 3242 2233 3313 ptiovidentia
2268 3253 2372 3299 tua:
2401 3245 2769 3316 benignitatis.
2798 3245 3002 3303 Lucem
3028 3246 3173 3304 enim
3210 3247 3300 3303 hic
3334 3248 3462 3303 dicit
3490 3290 3508 3314 ,

1892 3334 2261 3391 defensionem
2290 3378 2307 3404 ,
2347 3338 2657 3407 praesidium
2691 3380 2708 3407 ,
2755 3339 3012 3395 auxilium
3041 3382 3058 3408 ,
3091 3340 3508 3410 providentiam.

1893 3427 2098 3483 Deinde
2125 3443 2246 3483 cum
2270 3429 2374 3484 hoc
2405 3431 2844 3500 pronuntiasset,
2881 3433 3157 3504 subjungit
3184 3434 3346 3489 etiam
3379 3449 3509 3504 pro.

1892 3518 2191 3577 bationem.
2218 3520 2519 3588 Quamnam
2550 3524 2776 3579 autem?
2803 3522 3004 3579 Dedisti
3023 3524 3252 3581 laetitiam
3277 3527 3330 3581 in
3358 3526 3512 3581 corde

1891 3628 2023 3666 meo.
2054 3611 2343 3683 Postquam
2383 3614 2835 3670 inconsideratam
2886 3617 3237 3687 reprehendit
3266 3619 3511 3673 multitu-

1890 3703 2072 3759 dinem
2108 3746 2124 3770 ,
2154 3720 2222 3760 ex
2265 3706 2332 3761 iis
2360 3707 2450 3777 qui
2490 3710 2706 3779 sapiunt
2748 3719 2804 3764 et
2842 3712 2959 3765 sani
3004 3720 3131 3766 sunt
3172 3712 3266 3766 Dei
3311 3712 3513 3784 probat

1889 3797 2306 3867 providentiam,
2337 3810 2392 3853 et
2417 3799 2548 3855 dicit
2571 3818 2585 3854 :
2623 3800 2822 3856 Dedisti
2843 3803 3074 3858 (tentiam
3099 3806 3153 3859 in
3173 3806 3329 3859 corde
3354 3822 3507 3871 meo;

1890 3888 1995 3943 hoc
2023 3898 2106 3945 est
2125 3930 2141 3954 ,
2167 3890 2407 3945 Docuisti
2440 3906 2529 3947 me
2559 3892 2925 3964 philosophari
2959 3934 2976 3961 ,
3008 3910 3095 3950 res
3128 3912 3251 3965 quae
3273 3896 3339 3951 ad
3368 3896 3509 3952 hanc

1890 3981 2053 4035 vitam
2094 3982 2366 4051 pertinent
2395 3984 2708 4053 aspernari,
2737 3999 2801 4039 ea
2829 3987 2971 4041 scire
2991 4002 3111 4056 qua:
3139 3997 3268 4043 sunt
3290 4003 3418 4042 vera
3442 3974 3507 4043 ac

1888 4073 2285 4140 permanentia,
2318 4081 2376 4127 ut
2402 4072 2542 4128 bona
2571 4090 2668 4144 spe
2692 4074 2919 4133 ducerer
2943 4075 3169 4132 ellecisti
3219 4119 3234 4143 ,
3267 4077 3335 4133 ad
3364 4077 3509 4133 futu-

1888 4178 2004 4218 ram
2033 4165 2196 4218 vitam
2223 4180 2384 4218 manu
2410 4163 2631 4233 duxisti;
2655 4176 2779 4221 ante
2807 4167 3071 4224 bonorum
3100 4171 3506 4243 perceptionem

1888 4270 1977 4310 me
2006 4256 2059 4310 in
2088 4270 2239 4326 spem
2266 4257 2536 4313 bonorum
2564 4261 2806 4316 erexisti.
2833 4259 2923 4316 Sic
2947 4272 3096 4318 recte
3122 4263 3376 4334 loquutus
3399 4274 3505 4320 est.

1963 4346 2053 4400 lO.
2085 4346 2139 4400 Si
2172 4347 2293 4418 quis
2322 4350 2468 4403 enim
2498 4352 2762 4419 pecuniae,
2806 4353 2890 4407 vel
2919 4354 3081 4408 etiam
3120 4355 3348 4426 alicujus
3386 4370 3504 4409 ma-

1887 4436 2020 4491 ximi
2066 4438 2399 4510 principatus
2430 4440 2588 4497 heres
2624 4443 2837 4499 futurus
2864 4486 2882 4511 ,
2910 4461 3017 4501 non
3052 4448 3226 4502 solum
3261 4460 3505 4518 tempore

1888 4530 2272 4600 perceptionis,
2302 4533 2401 4589 sed
2426 4535 2589 4611 etiam
2618 4548 2904 4606 antequam
2929 4554 2993 4593 ea
3021 4542 3330 4609 experiatur
3348 4582 3363 4607 ,
3391 4542 3503 4596 eri-

1886 4624 2030 4694 gitur
2058 4629 2484 4695 exspectatione,
2510 4645 2575 4684 εκ
2607 4645 2704 4700 spe
2732 4647 2980 4702 magnam
3006 4633 3339 4702 voluptatem
3382 4648 3505 4703 per-

1889 4727 2054 4784 petuo
2080 4719 2321 4787 capiens,
2355 4721 2532 4791 cogita
2558 4722 2773 4790 qualem
2801 4738 2923 4777 eum
2947 4739 3067 4780 esse
3082 4735 3502 4781 consentaneum

1888 4822 1993 4877 est,
2018 4812 2110 4881 qui
2150 4823 2429 4883 exspectat
2468 4831 2696 4885 regnum
2749 4818 2934 4872 vivens
2975 4830 3032 4875 et
3070 4820 3377 4877 immortale
3404 4862 3417 4885 ,
3449 4830 3505 4877 et

1887 4904 2029 4961 bona
2058 4906 2146 4961 illa
2180 4949 2194 4971 ,
2226 4924 2347 4977 quze
2390 4924 2492 4963 nec
2533 4911 2723 4965 oculus
2751 4912 2886 4967 vidit
2917 4955 2932 4979 ,
2964 4929 3069 4969 nec
3095 4915 3239 4971 auris
3266 4917 3501 4982 audii-it,

1890 5016 1991 5055 nec
2022 5001 2075 5056 in
2102 5016 2197 5057 cor
2220 5002 2454 5057 hominis
2480 5004 2845 5060 ascenderunt
2872 5008 2890 5077 (
2928 5007 2979 5061 l.
3013 5007 3133 5064 Cor.
3161 5008 3216 5063 2.
3242 5009 3278 5065 9
3303 5010 3345 5080 ).
3380 5010 3505 5066 Ideo

1888 5094 2062 5163 inquit
2089 5136 2103 5161 ,
2136 5092 2339 5148 Dedisti
2366 5096 2595 5149 (tentiam
2629 5098 2683 5150 in
2713 5098 2884 5152 corde
2904 5116 3037 5167 meo,
3084 5102 3226 5172 quod
3246 5104 3505 5159 maxima

1888 5195 2006 5240 erat
2037 5187 2411 5255 providenthe,
2445 5189 2537 5244 illa
2565 5206 2760 5261 nempe
2792 5199 2922 5247 tunc
2948 5195 3253 5263 providisse
3283 5206 3334 5252 ει
3360 5212 3504 5266 prue-

1889 5291 2129 5347 parasse.
2160 5278 2312 5345 Quod
2361 5280 2406 5333 si
2450 5280 2483 5334 ii
2525 5282 2616 5351 qui
2652 5290 2779 5337 sunt
2821 5286 3121 5340 crassiores
3144 5327 3160 5353 ,
3188 5288 3373 5343 carnci
3403 5329 3417 5355 ,
3448 5297 3505 5343 et

1887 5375 2047 5423 terra:
2092 5369 2238 5424 afﬁxi
2265 5412 2280 5437 ,
2329 5370 2445 5427 inec
2475 5388 2581 5427 non
2613 5375 2896 5431 attendunt
2925 5418 2941 5443 ,
2980 5393 3091 5432 non
3115 5393 3179 5434 ex
3208 5394 3276 5434 eo
3300 5379 3388 5449 qui
3417 5389 3503 5435 est

1890 5462 2176 5531 pollicitus,
2204 5462 2299 5519 sed
2322 5480 2388 5519 ex
2429 5466 2644 5522 illorum
2680 5469 2935 5526 vecordia
2964 5470 3118 5527 turba
3147 5480 3202 5527 et
3238 5471 3499 5527 tumultus

1886 5554 2080 5609 oritur.
2106 5555 2173 5610 Et
2201 5573 2306 5611 non
2331 5557 2466 5612 dixit
2482 5561 2799 5629 simpliciter
2819 5571 2874 5617 et
2890 5563 3155 5626 absolute,
3192 5561 3391 5617 Dedisti
3410 5561 3496 5617 ιω.

1888 5646 2073 5716 titiam,
2104 5646 2222 5715 sed,
2250 5646 2318 5701 In
2344 5650 2498 5703 corde
2527 5667 2639 5705 meo
2666 5693 2681 5717 ,
2718 5653 3011 5708 ostendens
3041 5668 3151 5709 non
3173 5668 3299 5711 esse
3328 5657 3381 5709 in
3408 5666 3497 5711 ro-

160 5833 370 5904 tegerit,
395 5837 485 5889 sed
508 5838 646 5903 ἀρκεῖ
666 5841 784 5904 πρὸς
811 5841 1069 5913 σωτηρίη.
1095 5843 1198 5897 Sed
1219 5856 1333 5897 cum
1359 5844 1515 5900 lectio
1538 5852 1709 5903 nostra
1731 5847 1800 5903 sit
1822 5852 1998 5904 eadem
2026 5855 2078 5905 in
2103 5856 2331 5910 omnibus
2351 5858 2490 5924 Mss,
2516 5861 2641 5915 nihil
2665 5866 2954 5919 mutandum
2976 5873 3283 5923 censuimus.
