4070 6422
595 336 674 393 35

607 456 706 511 bus
729 456 965 516 externis
986 462 1239 526 l;etitiam.
1265 483 1363 521 nec
1388 469 1439 522 in
1464 469 1739 539 mancipiis
1760 512 1777 535 ,
1797 484 1895 525 nec
1922 469 1977 524 in
2002 485 2135 526 auro
2163 512 2177 535 ,

612 565 710 604 nec
724 550 780 605 in
793 561 1018 623 argento
1050 568 1157 609 non
1176 552 1230 608 in
1245 555 1623 623 vestibus,non
1636 554 1843 611 inlauta
1856 569 2063 622 mensa,
2079 572 2177 616 nec
2209 593 2214 598 -

604 639 656 693 in
680 640 926 710 potentia:
951 644 1329 715 magnitudine,
1354 662 1452 703 nec
1480 647 1532 704 in
1560 648 1752 704 mdium
1769 649 2180 720 magnificentia.

594 726 731 784 'lltcc
754 731 897 787 enim
914 730 1091 789 laetitia
1120 749 1224 790 non
1245 743 1328 791 est
1346 736 1544 804 cordis,
1563 738 1659 793 sed
1686 740 1859 795 solum
1882 740 2179 796 oculorum.

603 815 752 875 κυιιε
776 833 906 892 ergo
930 837 1138 891 eorum,
1165 826 1255 897 qui
1270 825 1394 883 'hmc
1414 829 1707 900 possident,
1730 831 1895 887 vitam
1925 847 2031 887 non
2058 847 2183 889 esse

604 908 815 966 vitalem
852 914 1175 982 existimant,
1196 928 1252 973 et
1273 920 1486 990 angoris
1503 918 1772 978 fornacem
1793 922 1847 978 in
1870 924 2052 979 animo
2078 923 2185 979 eir-

600 998 920 1065 eumfertmt,
939 1018 979 1058 'a
999 1019 1246 1063 curarum
1267 1008 1607 1077 multitudine
1630 1010 1895 1081 exhausti,
1924 1023 1978 1070 et
2004 1016 2183 1070 conti-

574 1090 721 1146 ‘nuis
745 1091 1023 1149 timoribus
1038 1097 1307 1167 oppressi.
1331 1096 1535 1156 Verum
1562 1101 1712 1169 mihi,
1746 1104 1936 1176 inquit,
1964 1119 2073 1161 non
2099 1115 2185 1163 est

602 1180 656 1236 in
683 1180 767 1236 bis
788 1181 966 1240 latitia
988 1225 1005 1253 ,
1034 1186 1129 1244 sed
1162 1188 1216 1244 in
1243 1188 1406 1247 corde
1427 1191 1790 1264 intelligente,
1815 1194 1868 1251 in
1892 1205 2073 1254 mente
2095 1197 2180 1253 in-

602 1277 949 1350 corporea,ct
974 1289 1039 1332 ea
1074 1284 1193 1348 Quae
1217 1287 1343 1335 sunt
1385 1282 1697 1353 incorporea
1723 1286 2011 1357 cogitante.
2040 1274 2183 1356 Qua-

601 1378 663 1419 re
691 1365 735 1419 si
768 1374 820 1422 te
841 1366 1111 1424 delectant
1135 1373 1419 1443 praesentia
1450 1384 1557 1440 ,.et
1580 1391 1648 1433 ex
1678 1377 1743 1433 iis
1768 1378 1864 1435 Dei
1892 1380 2180 1451 providen-

573 1454 728 1510 -tiam
752 1458 1071 1528 cognoscis:
1098 1475 1165 1517 eo
1191 1459 1361 1536 magis
1386 1461 1503 1520 cani
1526 1465 1676 1523 disce
1709 1481 1775 1524 ex
1823 1468 2047 1539 futuris,
2074 1486 2209 1541 quo

574 1552 725 1599 sunt
752 1544 839 1601 illa
867 1551 1261 1619 prastantiora,
1290 1564 1347 1609 et
1373 1554 1726 1624 diuturniora,
1752 1566 1809 1614 et
1833 1575 1954 1630 qua:
1981 1562 2179 1637 auferri

575 1663 579 1667 -
603 1649 707 1691 non
731 1649 970 1707 possunt.
991 1641 1047 1699 Si
1071 1642 1213 1715 quod
1236 1645 1437 1702 divitiis
1454 1646 1646 1704 affluas
1673 1660 1727 1705 et
1752 1665 2010 1722 prospere
2027 1668 2178 1723 agas,

601 1725 652 1816 id
681 1726 775 1782 tibi
800 1730 1083 1799 persuadet
1105 1747 1227 1791 esse
1248 1734 1342 1792 Dei
1368 1738 1778 1807 providentiam,
1812 1742 1981 1797 multo
2011 1746 2179 1816 magis

598 1813 653 1869 id
666 1817 759 1872 tibi
775 1821 1269 1895 persuadeantqua:
1292 1835 1417 1882 sunt
1442 1827 1495 1882 in
1519 1828 1655 1884 calo
1677 1828 1895 1886 divitia.
1916 1830 1972 1888 Si
1999 1813 2179 1890 autem

571 1905 779 1965 diras:
805 1908 979 1977 Quare
1000 1924 1121 1968 sunt
1153 1915 1268 1972 ha-c
1296 1917 1349 1972 in
1378 1933 1475 1987 spe
1503 1920 1600 1975 sita
1622 1961 1638 1986 ,
1667 1929 1721 1977 et
1750 1936 1857 1977 non
1885 1936 2138 1994 apparent
2156 1926 2182 1978 ?

599 1995 702 2052 hoc
728 1997 955 2057 dixerim
987 2043 1003 2070 ,
1037 2018 1137 2061 nos
1173 2006 1385 2077 quidem
1412 2008 1597 2066 fideles
1625 2026 1687 2067 ea
1730 2027 1851 2082 quae
1880 2014 1932 2069 in
1957 2019 2053 2086 spe
2077 2016 2177 2072 sita

597 2098 720 2145 sunt
746 2132 764 2158 ,
794 2091 857 2148 iis
893 2110 1012 2165 quae
1039 2107 1163 2152 sunt
1191 2099 1468 2156 manifesta
1500 2142 1516 2167 ,
1547 2103 1911 2160 manifestiora
1940 2106 2175 2164 ducere:

598 2182 719 2238 talis
744 2185 884 2240 enim
913 2197 995 2242 est
1024 2188 1143 2244 fidei
1170 2191 1453 2247 certitudo.
1499 2193 1651 2261 Quod
1696 2196 1740 2251 si
1777 2212 1963 2253 rursus
1989 2198 2136 2255 dicas
2160 2218 2175 2256 :

596 2269 710 2340 Qn'a
736 2272 805 2328 de
840 2290 998 2330 causa
1032 2277 1119 2336 hic
1159 2281 1535 2338 retributiones
1563 2300 1671 2340 non
1697 2287 2029 2358 accipimus?
2051 2289 2177 2345 illud

601 2362 805 2419 dicam:
841 2366 951 2422 Hoc
979 2378 1060 2423 est
1096 2370 1311 2441 quidem
1356 2382 1564 2444 tempus
1599 2376 1893 2432 stadiorum
1925 2388 1980 2435 et
2006 2389 2181 2436 certa-

575 2452 824 2520 minum,
856 2456 985 2513 illud
1021 2475 1149 2515 vero
1171 2476 1487 2520 coronarum
1511 2474 1565 2521 et
1595 2468 1954 2536 prmmiorum.
1980 2469 2047 2524 Et
2076 2470 2178 2527 hoc

595 2556 805 2613 quoque
828 2545 919 2602 Dei
950 2559 1030 2603 est
1058 2552 1407 2619 providentia:
1432 2553 1654 2611 cll‘ectus
1683 2595 1701 2623 ,
1728 2556 1938 2614 labores
1961 2561 2177 2630 quidem

596 2640 649 2686 et
665 2632 888 2690 sudores
914 2636 1059 2693 brevi
1085 2640 1182 2695 liae
1196 2651 1250 2696 et
1271 2641 1408 2697 ﬂuxa
1427 2643 1529 2699 vita
1550 2646 2007 2713 circumscribere,
2036 2664 2145 2720 pra:
2162 2681 2178 2693 -

594 2724 699 2778 mia
721 2736 895 2782 autem
920 2738 975 2784 et
1003 2746 1227 2787 coronas
1251 2733 1305 2788 in
1317 2750 1500 2788 <cvum
1524 2735 1822 2793 immortale
1843 2753 1908 2793 ac
1933 2747 2178 2795 senectu-

595 2814 663 2867 tis
717 2827 914 2889 expers
956 2821 1249 2877 extendere
1303 2822 1322 2893 (
1353 2822 1407 2877 2.
1436 2823 1569 2879 Tim.
1597 2825 1653 2880 4.
1676 2823 1753 2898 8).
1779 2828 1989 2899 Alioqui
2015 2832 2176 2899 etiam

591 2904 803 2972 quando
822 2907 973 2963 multi
993 2921 1144 2965 erant
1159 2911 1522 2970 imbecillioris
1544 2915 1728 2983 animi,
1751 2918 2019 2973 sensibilia
2040 2936 2177 2990 quo.

593 3006 697 3061 que
746 2995 861 3051 hmo
904 2998 983 3053 eis
1027 3000 1162 3055 bona
1198 3001 1361 3057 dedit.
1406 3003 1667 3073 Populum
1696 3006 1875 3078 itaque
1897 3008 2175 3067 Iudaicum

594 3096 691 3150 per
718 3098 835 3139 eam
867 3086 986 3142 vitae
1022 3089 1242 3159 agendae
1281 3092 1543 3149 rationem
1580 3094 1828 3153 deduxit.
1860 3099 2066 3155 Etenim
2099 3103 2179 3159 eis

592 3171 878 3231 alllucbant
905 3176 1101 3233 divitiae
1126 3222 1140 3247 ,
1163 3179 1229 3236 ad
1254 3185 1463 3237 senium
1494 3199 1661 3255 usque
1686 3188 1791 3241 vita
1845 3188 2174 3257 produceba-

595 3273 699 3325 tur,
730 3269 904 3323 omnis
933 3271 1148 3325 morbus
1179 3274 1359 3341 preeul
1388 3276 1605 3342 abcrat;
1635 3279 1923 3335 accedebat
1945 3282 2176 3340 hostium

594 3356 908 3424 internecio,
931 3374 1030 3429 pax
1056 3362 1182 3427 alta,
1212 3364 1463 3436 triumphi
1490 3407 1504 3431 ,
1542 3369 1778 3425 victoria:
1808 3412 1823 3435 ,
1859 3371 1981 3429 felix
2010 3376 2175 3432 bono-

592 3462 723 3521 rum,
759 3448 1043 3505 liberorum
1071 3453 1354 3510 multitudo
1386 3498 1401 3521 ,
1443 3467 1494 3511 et
1523 3459 1625 3514 alia
1668 3462 1928 3531 ejusmodi
1954 3465 2177 3523 aderant

590 3536 660 3590 iis
679 3539 767 3602 qui
798 3538 907 3594 Deo
928 3542 1198 3609 parebant.
1224 3545 1508 3617 Postquam
1531 3557 1708 3604 autem
1737 3554 1965 3608 accessit
1993 3555 2174 3612 Domi-

597 3642 697 3682 nus
721 3639 902 3684 noster
925 3630 1081 3687 Jcsus
1107 3632 1351 3690 Christus
1368 3677 1384 3701 ,
1416 3637 1469 3692 in
1504 3639 1695 3695 caelum
1727 3658 1826 3698 nos
1854 3659 2051 3701 vocans
2078 3688 2095 3714 ,
2121 3658 2177 3704 et

592 3733 713 3788 quae
734 3719 819 3775 hic
845 3732 969 3777 sunt
991 3723 1268 3789 despicere
1292 3730 1640 3797 persuadens,
1660 3733 1980 3807 illorumque
2017 3754 2174 3796 amo-

598 3824 712 3863 rem
750 3810 1039 3867 immittens
1060 3856 1073 3880 ,
1102 3825 1155 3869 et
1184 3817 1251 3869 ab
1279 3818 1342 3872 iis
1378 3834 1498 3889 qua:
1534 3820 1600 3874 ad
1644 3821 1781 3878 hanc
1819 3826 1978 3879 vitam
2010 3830 2177 3897 perti-

596 3910 723 3955 nent
750 3916 849 3956 nos
892 3903 1159 3961 abducens
1184 3924 1195 3960 :
1220 3907 1333 3964 hzrc
1359 3912 1548 3964 merito
1578 3907 1628 3966 in
1652 3926 1932 3984 angustum
1958 3927 2175 3975 contra-

599 4001 681 4043 cta
710 4001 853 4062 sunt,
877 3992 930 4047 in
961 3994 1060 4049 illis
1088 4005 1261 4051 autem
1294 4000 1555 4054 universa:
1582 4003 1837 4058 suntsitae
1865 4004 2091 4073 divitiae,
2118 4019 2176 4063 ut

594 4080 682 4149 qui
707 4081 816 4147 jam
842 4082 1062 4153 perfecti
1088 4090 1432 4143 cvaserimus.
1462 4089 1593 4144 Nam
1617 4094 1773 4147 etiam
1799 4094 1852 4148 in
1872 4096 2052 4165 pu’eris
2072 4138 2086 4164 ,
2112 4098 2176 4153 iis

596 4171 809 4239 quidem
838 4174 928 4242 qui
968 4185 1090 4231 sunt
1130 4178 1303 4233 adhuc
1343 4182 1505 4249 paulo
1532 4182 1765 4237 minores
1789 4226 1817 4257 ,ἢ
1839 4196 2015 4254 patres
2044 4203 2178 4256 prm-

595 4260 725 4316 lient
750 4261 1032 4331 ejusmodi,
1064 4268 1291 4333 calceos,
1320 4279 1513 4333 vestes,
1543 4289 1701 4328 aurea
1732 4287 2045 4331 ornamenta
2080 4320 2093 4342 ,
2122 4290 2179 4335 et

590 4352 867 4407 armillas:
902 4365 1178 4426 postquam
1214 4368 1391 4414 autem
1433 4365 1701 4418 creverint
1732 4407 1746 4430 ,
1794 4366 1899 4421 illis
1941 4369 2130 4423 ablatis
2159 4412 2173 4437 ,

598 4444 727 4499 dant
753 4445 855 4499 alia
882 4449 1105 4518 majora,
1136 4451 1271 4507 bene
1295 4452 1508 4508 «licendi
1548 4456 1598 4509 in
1633 4467 1885 4527 suggestu
1909 4459 2131 4529 gloriam
2157 4503 2173 4528 ,

596 4534 650 4587 in
672 4536 883 4592 civitate
911 4540 1250 4607 splendorem
1276 4585 1292 4607 ,
1323 4543 1373 4596 i'n
1402 4544 1520 4597 aula
1553 4546 1894 4615 imperatoria
1925 4549 2173 4619 loquendi

596 4626 891 4683 libertatem
914 4671 929 4695 ,
963 4632 1299 4701 magistratus
1325 4644 1379 4688 et
1421 4636 1745 4706 principatus
1768 4678 1784 4703 ,
1819 4652 1913 4692 eos
1943 4641 2011 4694 ab
2031 4643 2174 4696 omni

594 4718 790 4787 puerili
826 4721 1117 4775 ambitione
1163 4723 1505 4779 abducentes.
1539 4725 1614 4779 Ita
1660 4729 1823 4783 etiam
1850 4730 1972 4785 fecit
2000 4731 2169 4787 Deus:

598 4822 696 4862 nos
718 4824 745 4862 a
765 4811 953 4879 iparvis
975 4812 1079 4865 illis
1097 4822 1152 4867 et
1182 4814 1473 4881 puerilibus
1498 4814 1787 4885 abducens,
1815 4835 1877 4874 ea
1907 4837 2025 4890 quae
2051 4832 2177 4877 sunt

599 4898 651 4951 in
681 4900 825 4953 (xi-lis
858 4902 1123 4970 pollicitus
1168 4914 1267 4958 cst.
1319 4904 1397 4960 Ne
1441 4904 1554 4961 hsce
1599 4922 1725 4978 ergo
1763 4926 1877 4979 quae
1916 4910 2085 4968 ﬂuunt
2121 4924 2177 4969 et

599 5000 1013 5059 praetercurrunt
1036 4995 1336 5060 admireris,
1372 4997 1454 5051 vel
1482 5007 1704 5068 appetas
1726 5042 1740 5065 ,
1771 5018 1868 5057 nec
1899 5003 1973 5058 sis
1996 5007 2173 5075 pusilli

594 5084 777 5136 attimi.
806 5083 1131 5153 Quamquam
1152 5102 1255 5141 nec
1284 5087 1347 5142 iis
1374 5088 1589 5156 quidem
1623 5100 1673 5144 te
1704 5093 1922 5148 omnino
1947 5110 2171 5151 vacuum

600 5171 826 5241 reliquit.
868 5173 999 5240 Quia
1029 5176 1169 5228 cnim
1198 5192 1291 5231 eos
1320 5179 1409 5247 qui
1442 5194 1601 5234 carne
1641 5182 1767 5236 tecti
1804 5193 1956 5238 erant
1983 5226 1997 5248 ,
2028 5196 2080 5240 et
2120 5189 2171 5241 in

596 5276 820 5330 corpore
847 5266 1224 5334 versabantur,
1269 5286 1335 5324 ne
1370 5270 1432 5324 iis
1458 5273 1669 5341 quidem
1704 5275 1915 5343 penitus
1944 5278 2177 5346 privatos

596 5366 717 5406 esse
744 5354 1056 5422 Oportebat,
1077 5357 1188 5412 haec
1213 5376 1422 5430 quoque
1446 5362 1597 5417 nobis
1624 5362 1820 5419 affatim
1852 5368 2171 5436 suppeditat.

598 5443 661 5497 Et
699 5443 819 5497 ideo
861 5447 1113 5515 propheta
1160 5465 1278 5503 cum
1307 5453 1465 5506 altam
1498 5453 1640 5507 illam
1672 5464 1725 5508 et
1754 5456 2174 5526 philosophicam

594 5536 939 5603 providentize
986 5541 1218 5607 speciem
1263 5543 1550 5611 agitasset,
1596 5552 1651 5598 et
1686 5545 1905 5601 dixisset
1935 5565 1949 5601 :
1979 5547 2174 5601 Dedisti

597 5626 823 5679 ltrtitium
854 5629 904 5680 in
934 5628 1084 5681 corde
1109 5647 1235 5695 utea,
1262 5632 1533 5703 Subjungit
1558 5652 1569 5687 :
1598 5634 1649 5689 8.
1683 5636 1724 5687 A
1743 5640 1909 5704 fructu
1936 5637 2177 5705 frumenti

589 5726 643 5771 α
659 5718 787 5785 sini,
819 5729 865 5772 et
890 5719 985 5771 olei
1011 5720 1086 5772 sui
1116 5719 1413 5788 muliplt'cati
1439 5732 1576 5777 sunt.
1603 5723 1713 5781 Hoc
1741 5734 1917 5788 autem
1948 5742 2069 5784 cun
2087 5731 2170 5785 di-

1496 5896 1529 5937 κ

1311 355 1367 412 s.
1406 356 1682 413 JOANNIS
1720 356 2191 415 cnnrsosrom
2228 328 2546 420 ARClllEP.
2585 365 3127 426 consumatur.
3745 414 3753 419 .
3823 376 3891 432 so

2285 474 2375 539 cit,
2403 490 2509 530 non
2541 492 2757 547 parram
2787 478 2953 549 tangit
2985 490 3193 551 partem
3220 482 3341 552 ejus
3366 481 3739 553 providentia,
3765 500 3893 558 qua:

2286 565 2525 622 cernitur
2571 569 2625 623 in
2665 570 2731 625 iis
2767 585 2888 640 qua
2929 570 3033 627 sub
3079 583 3356 651 aspectum
3398 573 3615 630 cadunt.
3658 575 3895 643 Quando

2286 654 2429 710 enim
2453 657 2583 714 dicit
2609 660 2934 717 frumentum
2958 702 2975 727 ,
3016 658 3313 728 vinum,'et
3346 665 3554 729 oleum,
3586 680 3896 738 eorumque

2286 749 2493 819 copiam
2515 792 2533 818 ,
2558 751 2687 808 dicit
2706 762 2761 808 et
2790 752 3021 823 pluviam
3044 795 3062 822 ,
3091 762 3469 826 tempestatum
3502 756 3707 814 bonum
3738 755 3896 813 ordi-

2288 853 2435 908 nem,
2469 835 2627 899 term
2650 855 2993 914 conceptum,
3026 854 3239 917 partum
3268 855 3323 902 et
3342 846 3512 903 fetum
3531 889 3547 913 ,
3573 864 3761 906 aerem
3791 847 3900 904 dil-

2288 928 2508 999 fusum,
2537 934 2669 991 solis
2704 950 2943 1004 cursum,
2976 937 3117 995 lunae
3138 938 3378 995 ambitus
3401 981 3417 1007 ,
3445 941 3730 997 stellarum
3763 939 3901 996 cbo-

2289 1030 2738 1091 ream,aestatem.
2756 1028 3509 1101 bycmem,autumnum,ver,
3537 1032 3653 1104 agri
3673 1031 3898 1089 colendi

2287 1124 2459 1171 artem
2484 1157 2500 1183 ,
2525 1127 2580 1174 et
2619 1118 3097 1189 instrumentorum
3136 1121 3482 1178 commodum
3503 1164 3519 1189 ,
3546 1122 3899 1193 aliarumque

2286 1208 2481 1264 artium
2508 1224 2753 1266 examen.
2786 1211 2899 1267 Nisi
2925 1210 3043 1268 lucc
3067 1213 3211 1269 enim
3237 1214 3418 1268 omnia
3459 1217 3848 1271 concurrerint
3878 1256 3895 1282 ,

2289 1296 2404 1355 licri
2430 1316 2536 1357 non
2564 1310 2743 1373 potest
2770 1312 2829 1357 ut
2852 1302 3059 1360 fructus
3079 1304 3424 1376 perﬁciantur
3441 1345 3458 1368 ,
3483 1313 3538 1361 et
3562 1305 3630 1360 ad
3658 1305 3899 1360 maturi-

2289 1400 2452 1447 tatem
2479 1394 2811 1462 perveniant.
2844 1376 3071 1461 Quando
3096 1409 3227 1464 ergo
3256 1394 3389 1450 dicit
3415 1393 3749 1450 frumentum
3773 1435 3791 1458 ,
3815 1394 3899 1450 vi-

2288 1498 2415 1537 num
2439 1492 2495 1538 et
2521 1484 2720 1551 oleum,
2739 1483 2831 1540 dat
2850 1485 3076 1551 sapienti
3097 1487 3439 1541 occasionem
3457 1494 3523 1541 ex
3548 1494 3702 1556 parte
3715 1493 3897 1540 totum

2289 1573 2656 1644 intelligendi,
2683 1585 2873 1644 aperto
2902 1576 3036 1631 mari
3062 1576 3157 1632 Dei
3187 1576 3540 1647 providentiae
3564 1590 3687 1648 qua
3714 1591 3899 1649 appa-

2286 1671 2370 1718 ret
2400 1663 2452 1717 in
2480 1664 2823 1719 sensibilibus
2851 1665 2892 1718 ¹.

2362 1754 2450 1809 ll.
2494 1755 2756 1822 Quocirca
2784 1756 2944 1811 etiam
2975 1755 3173 1812 Paulus
3211 1757 3407 1813 alicubi
3449 1758 3806 1821 concinnam.
3840 1768 3900 1813 et

2286 1843 2356 1901 de
2379 1844 2497 1914 ejus
2539 1845 2873 1915 providentia
2916 1845 3209 1915 disserens,
3243 1847 3369 1905 hinc
3406 1848 3568 1905 verba
3598 1848 3777 1906 facere
3801 1863 3902 1920 ag-

2284 1935 2546 2006 greditur,
2577 1928 2804 1991 dicens:
2837 1934 2938 2001 Qui
2975 1936 3064 1991 dat
3089 1938 3310 2008 pluvias,
3340 1947 3389 1994 et
3430 1947 3659 2019 temporc
3704 1940 3898 2011 fructi-

2284 2029 2413 2099 fera,
2444 2025 2532 2097 qui
2558 2025 2734 2098 implet
2759 2026 3063 2083 nutrimento
3088 2038 3134 2083 et
3162 2028 3342 2084 latitia
3364 2030 3520 2083 corda
3544 2039 3722 2084 nostra
3746 2029 3896 2099 (Act.

2287 2116 2521 2190 14.17).
2568 2119 2831 2185 Quoniam
2878 2128 3057 2175 autem
3103 2121 3369 2189 propheta
3419 2118 3551 2191 fugit
3595 2135 3719 2191 qua
3764 2131 3901 2177 sunt

2285 2222 2705 2279 supervacanea,
2735 2210 3109 2279 praetermissis
3137 2210 3259 2267 aliis
3286 2211 3556 2277 omnibus,
3584 2210 3857 2268 fructibus
3875 2251 3896 2277 ,

2283 2297 2487 2365 baccis,
2536 2299 2827 2370 generibus
2870 2300 3192 2370 plantarum,
3244 2299 3534 2371 generibus
3576 2302 3853 2356 seminum
3876 2344 3895 2368 ,

2284 2391 2577 2461 generibus
2590 2391 2906 2463 herbarum,
2940 2400 3233 2462 pratorum,
3258 2391 3473 2460 florum,
3503 2392 3812 2458 hortorum,
3838 2403 3897 2451 et

2283 2495 2632 2551 quascumque
2661 2488 2787 2536 sunt
2813 2481 2915 2537 alia
2944 2499 2958 2535 :
2990 2495 3056 2537 ea
3092 2482 3246 2552 ponit
3285 2498 3406 2554 qua:
3433 2492 3559 2539 sunt
3584 2498 3897 2555 congruen-

2286 2571 2378 2637 tia,
2423 2579 2478 2627 et
2504 2571 2572 2626 ad
2601 2574 2760 2627 vitam
2792 2583 3029 2628 nostram
3071 2574 3396 2639 necessaria,
3423 2590 3491 2631 ex
3516 2575 3601 2630 his
3628 2575 3718 2630 illa
3749 2590 3895 2647 quo-

2281 2677 2387 2731 que
2411 2662 2689 2718 manifesta
2710 2663 2928 2721 faciens.
2954 2665 3086 2732 Quae
3102 2680 3209 2720 nou
3238 2674 3443 2722 tantum
3466 2667 3558 2723 dat
3582 2667 3763 2736 nobis,
3790 2668 3894 2725 sed

2238 2768 2245 2771 ‘
2283 2769 2405 2811 cum
2438 2771 2627 2827 magna
2654 2757 2828 2827 copia,
2851 2766 2907 2813 et
2933 2758 3159 2828 singulis
3176 2759 3354 2814 annis.
3385 2758 3539 2825 Quod
3565 2764 3612 2813 si
3638 2773 3703 2815 ea
3723 2760 3894 2815 etiam

2282 2844 2600 2916 quandoque
2645 2846 2931 2911 contrahit,
2976 2854 3033 2902 et
3076 2845 3170 2902 dat
3220 2848 3455 2919 parcius,
3489 2849 3541 2903 in
3574 2860 3913 2920 eoquoquc‘

2284 2932 2521 3009 ostendit
2566 2951 2719 2991 suam
2762 2937 3191 3007 providentiam,
3244 2939 3534 2993 multorum
3581 2939 3893 3001 socordiam

2282 3027 2543 3091 excitans,
2570 3038 2626 3082 et
2648 3041 2742 3081 eos
2764 3029 2976 3097 erigens
2999 3026 3068 3081 ad
3097 3026 3214 3082 haec
3239 3026 3381 3083 bona
3403 3027 3474 3084 ab
3492 3029 3609 3098 ipso
3636 3029 3892 3099 petenda.

2282 3116 2375 3172 Sin
2396 3124 2576 3173 autem
2606 3117 2786 3173 dicant
2814 3118 3137 3189 aliqui,-non
3182 3132 3303 3174 esse
3332 3118 3427 3175 Dei
3453 3119 3582 3175 dare
3609 3120 3846 3191 pluviam
3871 3163 3891 3189 ,

2282 3206 2377 3263 sed
2409 3208 2670 3263 idolorum
2701 3224 2716 3263 :
2748 3222 2841 3264 eos
2884 3210 3276 3279 interrogemus
3315 3209 3583 3266 undenam
3627 3210 3731 3267 hoc
3753 3226 3894 3269 cost-

2283 3299 2486 3355 stabit?
2513 3298 2645 3366 Quia
2690 3307 2883 3370 poetaz,
2932 3298 3199 3369 inquiunt,
3249 3298 3504 3356 dixerunt
3548 3299 3895 3357 Jovem-esse

2283 3389 2372 3459 qui
2398 3390 2531 3459 pluit
2555 3391 2600 3443 '.
2633 3389 2739 3446 Sed
2766 3388 2844 3444 illi
2865 3389 2965 3459 ipsi
2984 3389 3235 3445 dixerunt
3273 3406 3397 3445 cum
3418 3406 3539 3446 esse
3560 3391 3891 3458 adulterum,

2284 3479 2613 3550 pzcdiconem
2634 3521 2650 3545 ,
2683 3480 2998 3553 parricidam
3021 3522 3036 3548 ,
3068 3480 3172 3535 alia
3196 3496 3411 3552 quoque
3436 3497 3543 3537 non
3571 3483 3782 3538 minora
3804 3483 3894 3539 bis

2284 3568 2511 3623 crimina
2537 3569 2611 3625 illi
2635 3568 3022 3625 adscribentes.
3054 3570 3126 3626 At
3146 3586 3253 3626 non
3278 3579 3421 3635 sunt,
3448 3572 3711 3642 inquiunt,
3736 3588 3891 3630 vera.

2285 3660 2427 3732 Ergo
2453 3677 2554 3717 nec
2580 3661 2732 3732 quod-
2756 3662 2923 3731 pluat.
2953 3662 3007 3719 Si
3036 3662 3139 3718 hoc
3163 3664 3307 3719 enim
3335 3662 3594 3731 admittis,
3635 3664 3725 3719 illa
3754 3680 3894 3736 quo-

2282 3769 2385 3824 que
2430 3753 2711 3809 admittere
2756 3768 2977 3810 necesse
3019 3764 3103 3809 est
3135 3772 3147 3809 :
3177 3756 3259 3810 sin
3306 3756 3394 3809 illa
3443 3757 3639 3826 rejicis,
3688 3767 3745 3812 et
3784 3756 3893 3813 hoc

2283 3860 2496 3916 quoque
2542 3860 2665 3901 cum
2714 3846 2840 3902 illis.
2885 3846 3181 3903 Nos’enim
3229 3848 3670 3920 quotiescumque
3720 3859 3893 3908 testes

2283 3938 2587 4006 prmbemus
2629 3938 2725 3992 Dei
2772 3939 3043 4008 potentiae,
3088 3953 3439 4009 quaecumque
3482 3940 3551 3995 ab
3587 3942 3667 3996 eis
3697 3942 3766 3997 de
3796 3943 3893 3999 illo

2285 4026 2557 4095 dicuntur,
2585 4028 2927 4098 suscipimus.
2956 4029 3188 4084 Necesse
3230 4037 3314 4081 cst
3354 4043 3484 4098 ergo
3512 4038 3563 4083 te
3598 4030 3894 4090 admittere

2283 4115 2429 4170 illum
2470 4132 2686 4187 quoque
2713 4132 2834 4173 esse
2876 4117 3198 4185 adulterum,
3231 4128 3285 4172 ct
3315 4118 3519 4189 reliqua
3556 4122 3737 4176 omnia
3764 4138 3892 4194 qua

2284 4205 2352 4261 de
2380 4207 2497 4277 ipso
2542 4208 2610 4263 ab
2653 4208 2758 4263 illis
2801 4208 3067 4275 dicuntur,
3114 4218 3171 4264 et
3211 4210 3337 4265 inde
3378 4209 3587 4266 discere
3616 4213 3889 4283 ejusmodi

2283 4296 2510 4351 crimina
2538 4312 2658 4353 esse
2704 4297 2860 4369 longe
2883 4316 2910 4351 a
2936 4298 3117 4353 divina
3164 4308 3426 4369 potestate
3452 4312 3682 4369 remota,
3710 4314 3766 4359 et
3792 4307 3889 4375 qui

2286 4391 2408 4445 talis
2432 4402 2517 4446 est
2560 4408 2892 4463 nequaquam
2933 4408 3055 4448 esse
3080 4393 3264 4447 deum.
3296 4393 3399 4449 Sed
3430 4393 3609 4449 fabula
3639 4396 3757 4465 ipsa
3782 4398 3888 4454 sibi

2281 4490 2563 4552 repugnat,
2592 4493 2647 4538 et
2672 4482 3002 4537 mendacium
3030 4498 3061 4537 a
3082 4483 3263 4553 seipso
3288 4484 3641 4551 convincitur,
3671 4486 3888 4543 etiamsi

2284 4572 2465 4628 nolitis
2496 4574 2596 4642 hoc
2625 4573 2928 4638 admittere,
2959 4584 3013 4630 et
3040 4584 3227 4644 poetas
3271 4589 3491 4643 prorsus
3531 4575 3699 4645 ejicit.
3728 4576 3888 4645 Quod

2281 4674 2458 4720 autem
2485 4666 2591 4721 illis
2620 4662 2804 4735 ejectis
2832 4666 3012 4719 omnia
3043 4677 3218 4719 vestra
3244 4669 3350 4721 sint
3380 4667 3637 4735 peritura,
3675 4668 3886 4723 clarum

2280 4767 2383 4810 est.
2431 4756 2673 4826 ipsorum
2725 4758 2869 4811 enim
2899 4758 3115 4811 nomina
3167 4758 3485 4811 invenerunt
3524 4757 3597 4812 illi
3624 4765 3683 4812 et
3711 4759 3889 4830 impo-

2281 4858 2522 4916 Suerunt,
2556 4850 2697 4920 quod
2722 4851 2882 4905 etiam
2910 4865 2975 4917 cx
3003 4850 3197 4905 vestris
3225 4850 3441 4919 quidam
3474 4850 3607 4905 dixit
3637 4850 3883 4922 philoso-

2346 5007 2362 5038 ί
2398 5013 2534 5069 Res.
2557 5018 2623 5081 ex
2646 5011 2783 5081 ρεπιε
2806 5011 2951 5081 telum
2966 5005 3384 5081 δυθξιῑτείὲξσετηςιίν.
3399 5011 3588 5078 Portam
3607 5006 3744 5081 ζωοί-ε
3766 5022 3887 5081 πνρ-

2280 5065 2427 5131 riens,
2452 5065 2549 5128 (iud
2570 5065 2803 5131 possimus
2824 5068 2910 5117 Dei
2935 5066 3286 5131 procidentitun
3300 5065 3458 5126 adire,
3482 5068 3534 5117 in
3556 5066 3703 5120 rebus
3724 5065 3885 5124 sensi-

2283 5126 2806 5179 bilibus'twn'urentem.

2344 5144 2456 5178 wus
2478 5144 2806 5191 apparentem.

2344 5190 2364 5218 ¹
2396 5189 2450 5239 In
2475 5190 2603 5239 hunc
2626 5191 2783 5241 locum
2804 5190 3023 5239 sat-ilium
3046 5190 3329 5257 audiamus:
3358 5204 3375 5236 t
3397 5189 3643 5257 Homerus
3656 5196 3881 5257 089cm}:

2280 5256 2321 5301 δι
2342 5258 2453 5313 rapa
2476 5265 2559 5310 τὼς
2597 5266 2772 5314 πάννυχος
2788 5291 2801 5309 ,
2826 5265 2912 5314 per
2936 5260 3119 5301 noctem
3141 5250 3467 5301 indesinenter
3504 5253 3719 5314 pluviam
3748 5253 3887 5305 misit

2280 5318 2487 5382 Jupiter.
2513 5312 2912 5382 'Ijheocrit.‘ldyll.
2945 5314 2977 5360 4
3008 5328 3020 5362 :
3056 5326 3136 5371 zt‘u,
3168 5319 3311 5382 suam
3343 5330 3408 5382 pta
3428 5312 3528 5364 an.
3548 5322 3711 5382 ᾳῑοριρς,
3737 5323 3885 5367 ἄλλοι.

2282 5373 2373 5424 es...
2389 5408 2403 5431 ,
2428 5373 2619 5435 Jupiter
2649 5374 2793 5423 modo
2826 5373 3037 5431 Seremus,
3066 5378 3210 5423 modo
3229 5373 3588 5444 pluviosttsest.
3615 5373 3843 5444 “tetigit.
3866 5392 3880 5427 :

2283 5446 2366 5509 κάτε
2387 5451 2495 5484 πᾶσι.
2526 5444 2698 5506 mea...
2722 5446 2878 5486 usus.»
2896 5445 3058 5509 ά-ιδάηο,
3084 5445 3159 5509 αὖε·
3181 5449 3331 5509 eam,
3356 5435 3544 5509 Jupiter
3554 5450 3642 5509 nec

2281 5495 2470 5560 mittens
2492 5510 2579 5545 nec
2601 5495 2830 5560 retinens,
2870 5495 3087 5548 omnibus
3109 5495 3389 5560 nominibus
3412 5498 3586 5560 placet.
3610 5495 3713 5546 tam
3736 5498 3881 5559 illud,

2282 5555 2584 5623 adulterum,
2601 5558 2967 5623 intelligendum
2989 5567 3071 5623 est
3091 5558 3156 5607 de
3181 5555 3425 5623 Metuens,
3450 5560 3602 5617 Leda,
3626 5564 3755 5619 etc.;
3781 5555 3885 5623 pas;

2284 5615 2518 5673 dicouem,
2558 5621 2621 5668 de
2667 5615 2939 5681 Gauiunede
2972 5620 3180 5678 dictum;
3208 5620 3529 5679 parricidam,
3575 5615 3639 5669 de
3675 5615 3885 5672 Saturno

2289 5690 2445 5738 regno
2466 5680 2671 5740 spoliato
2696 5695 2705 5728 :
2729 5680 2867 5743 quod,
2882 5688 3043 5729 tamen
3089 5681 3397 5743 parricidium
3441 5684 3636 5743 proprie
3668 5681 3763 5732 dict
3792 5696 3883 5734 ue-

2290 5748 2439 5800 queat
2459 5756 2472 5802 ;
2491 5754 2601 5803 qua:
2625 5741 2780 5791 omnia
2806 5741 2972 5791 Alieno
2996 5750 3160 5791 nostro
3184 5750 3347 5793 notata
3369 5741 3666 5793 doctissime.
3690 5760 3715 5788 ι
