4070 6442
191 393 254 453 ετ
623 449 632 458 _
1215 456 1219 458 λ
1349 377 1716 438 exposmo
1753 379 1818 434 IN
1860 379 2189 437 PSALMUM
2227 379 2316 436 tv.
3458 377 3545 436 εθ-

201 505 322 575 phis
350 505 455 575 (α).
483 502 635 572 Quod
658 501 702 554 si
731 499 834 554 illis
865 496 1064 551 relictis
1088 493 1153 548 ad
1174 493 1459 563 allegorias
1479 490 1807 562 confugeris,

200 607 246 652 te
281 595 412 651 illud
460 590 828 660 interrogabo,
859 587 996 655 Quid
1043 595 1127 650 est
1167 583 1375 652 Jupiter
1403 582 1525 654 (lt)?
1572 582 1667 638 Est
1708 580 1814 637 fer-

201 697 354 746 vens,
389 683 578 753 inquit,
609 679 926 742 substantia,
959 685 1015 732 et
1047 691 1170 745 pars
1196 691 1314 744 qua:
1341 682 1559 744 superat
1587 687 1767 726 aerem
1793 711 1808 737 ,

197 783 256 829 et
306 791 464 846 quam
512 773 781 845 appellant
826 771 1102 831 :etherem,
1136 783 1200 822 ex
1246 782 1312 822 eo
1339 765 1479 835 quod
1527 765 1734 819 ferveat
1760 773 1814 818 et

197 877 344 922 urat.
372 867 488 923 Non
516 879 600 922 est
643 880 774 935 ergo
800 861 1156 919 ratiocinandi
1202 876 1300 915 nec
1327 857 1667 914 discernendi
1714 872 1811 926 po-

198 967 397 1013 testate
423 959 662 1027 praedita.
692 956 790 1011 sed
829 969 1022 1024 expers
1048 951 1271 1006 rationis
1310 950 1628 1004 substantia.
1659 945 1812 1015 Qttbd

197 1051 346 1102 enim
379 1058 563 1103 natura
601 1048 744 1103 aeris
777 1061 876 1101 nec
913 1046 1176 1100 rationem
1209 1041 1422 1107 habeat,
1457 1056 1558 1096 nec
1599 1040 1815 1094 ratioci-

189 1143 498 1202 nationem.
527 1141 699 1196 cuivis
744 1147 827 1194 est
867 1127 1132 1206 apertum,
1168 1143 1217 1190 et
1263 1147 1422 1187 nemo
1464 1141 1549 1186 est
1576 1132 1666 1202 qui
1713 1132 1815 1184 hoc

198 1236 431 1300 nesciat,
464 1233 674 1287 etiamsi
707 1231 906 1295 minus,
950 1243 1112 1298 quam
1156 1226 1315 1296 lapis,
1357 1239 1551 1280 sensus
1599 1222 1812 1276 haheat.

197 1324 383 1392 Quare
421 1323 530 1392 jam
559 1321 626 1376 de
655 1321 833 1376 medio
859 1318 1101 1373 sublatus
1127 1325 1210 1371 est
1235 1314 1464 1384 Jupiter,
1492 1321 1546 1367 et
1573 1311 1692 1381 ejus
1717 1311 1814 1365 de-

201 1417 308 1470 leta
351 1415 672 1468 substantia.
703 1409 758 1466 Si
801 1411 943 1465 enim
974 1425 1070 1464 aer
1117 1417 1199 1462 est
1240 1405 1450 1476 Jupiter
1475 1445 1485 1465 .
1514 1418 1610 1457 aer
1637 1414 1814 1456 autem

199 1515 289 1561 est
334 1505 387 1560 id
418 1504 562 1573 quod
602 1505 712 1572 jam
743 1503 997 1567 diximus,
1028 1516 1092 1556 ex
1121 1515 1188 1554 eo
1216 1513 1426 1567 quoque
1467 1494 1707 1550 interibit
1735 1493 1817 1547 fa-

206 1598 361 1652 uula.
389 1595 445 1652 Si
490 1604 669 1650 autem
716 1603 800 1649 est
827 1609 938 1657 aer,
973 1607 1073 1647 nec
1115 1591 1215 1646 fuit
1243 1590 1468 1659 alicujus
1498 1599 1670 1659 pater,
1716 1601 1818 1642 nec

200 1690 434 1758 aliquam
484 1689 691 1757 peperit
736 1686 1113 1749 substantiam,
1163 1677 1465 1749 cujusmodl
1506 1680 1819 1749 conﬁngunt

199 1783 410 1851 solem,
444 1793 603 1847 quem
649 1778 810 1831 etiam
838 1785 1033 1830 vocant
1074 1775 1380 1844 Apollinem
1414 1774 1510 1842 (c),
1542 1781 1597 1826 et
1635 1770 1819 1827 dicunt

202 1884 328 1924 esse
356 1870 475 1937 ejus
522 1869 686 1921 lilium
719 1885 733 1920 :
764 1883 864 1922 nec
903 1866 1154 1942 ριιὶηινεοι
1199 1865 1360 1920 habet
1401 1851 1685 1928 rationem,
1717 1878 1818 1917 nec

201 1969 461 2023 mentem,
497 1973 594 2012 nec
619 1958 1018 2026 cegitationem,
1054 1955 1149 2011 sed
1181 1956 1351 2025 ipsum
1384 1956 1544 2008 etiam
1571 1963 1654 2008 est
1681 1969 1818 2023 opus

201 2050 465 2114 naturale,
481 2047 621 2115 quod
641 2049 814 2118 agitur
831 2058 881 2102 et
894 2046 1268 2102 circumfertur
1290 2047 1591 2116 lege,quam
1606 2046 1656 2099 ei
1677 2046 1816 2100 Deus

201 2141 255 2192 in
311 2139 573 2208 principio
623 2139 819 2209 posuit.
845 2139 1058 2207 Alioqui
1088 2153 1188 2191 nec
1213 2138 1399 2206 pluere
1447 2145 1532 2191 est
1556 2136 1773 2191 agtheris
1798 2177 1813 2201 ,

198 2227 298 2283 sed
318 2229 561 2294 nubium,
580 2244 698 2297 quae
717 2244 908 2298 aquam
926 2229 1226 2296 suscipiunt
1244 2229 1328 2282 vel
1354 2243 1420 2282 ex
1453 2230 1608 2293 mari,
1638 2229 1720 2282 vel
1750 2243 1813 2282 ex

198 2321 355 2389 aquis
380 2337 500 2389 quae
529 2322 597 2375 ab
625 2322 736 2376 alto
783 2337 946 2390 super
989 2322 1180 2375 caelum
1212 2321 1476 2386 feruntur,
1521 2330 1579 2374 ut
1629 2320 1815 2375 dicunt

200 2411 498 2480 prophetae.
525 2412 617 2466 Sin
636 2420 813 2466 autem
839 2411 995 2466 fidem
1020 2427 1124 2465 non
1158 2413 1320 2465 habes
1345 2412 1640 2481 prophetis,
1665 2413 1814 2481 signa

201 2514 392 2575 aperta
421 2516 476 2558 et
521 2505 802 2558 manifesta
836 2505 1156 2574 pra-bemus,
1188 2520 1306 2574 qum
1354 2507 1585 2559 maxime
1629 2513 1816 2558 osten-

197 2597 336 2666 dunt
361 2613 454 2652 eos
483 2597 646 2653 fuisse
676 2613 704 2650 a
734 2598 846 2652 Deo
877 2598 1192 2668 inspiratos,
1223 2608 1272 2651 et
1305 2599 1435 2652 nihil
1464 2599 1619 2652 nobis
1646 2599 1820 2654 disse-

197 2690 396 2753 ruisse,
428 2689 567 2757 quod
599 2706 663 2744 ex
693 2705 750 2742 se
777 2688 1051 2753 afferrent,
1083 2688 1179 2744 sed
1221 2689 1402 2742 divina
1432 2690 1518 2742 illa
1562 2689 1733 2759 gratia
1762 2698 1817 2743 et

199 2781 572 2850 superemlesti
602 2781 832 2836 al'llatos.
868 2782 1230 2852 Quaecumque
1270 2782 1412 2836 enim
1457 2781 1525 2834 ab
1552 2783 1632 2836 eis
1674 2781 1814 2837 dica

197 2882 350 2938 sunt,
386 2874 544 2927 linem
577 2883 702 2927 sunt
727 2885 1038 2942 assequuta,
1071 2882 1124 2927 et
1154 2874 1332 2926 omnia
1364 2872 1430 2925 ad
1461 2888 1640 2926 rerum
1672 2872 1815 2926 veri.

202 2977 372 3021 tatem
421 2967 776 3030 devenerunt,
823 2981 917 3020 seu
964 2974 1168 3030 vetera,
1217 2979 1313 3019 seu
1341 2961 1484 3018 nova
1515 2965 1648 3019 velis
1675 2964 1819 3018 acri-

200 3073 355 3128 pere.
390 3057 520 3111 Nam
569 3067 627 3112 et
653 3073 774 3126 qum
804 3056 872 3110 de
916 3055 1117 3111 Judaeis
1155 3072 1184 3108 a
1215 3055 1493 3125 prophetis
1522 3055 1660 3108 dicta
1692 3063 1818 3107 sunt

199 3151 382 3205 omnia
433 3152 590 3204 linem
644 3159 943 3218 ceperunt,
991 3165 1221 3218 quorum
1281 3149 1441 3202 etiam
1489 3148 1666 3201 exitus
1716 3146 1818 3201 fuit

196 3240 451 3295 omnibus
483 3239 802 3294 manifestus
831 3256 844 3292 :
873 3249 929 3294 et
950 3254 1069 3309 quae
1090 3238 1158 3293 de
1186 3237 1400 3292 Christo
1423 3238 1472 3290 in
1500 3237 1671 3303 Novo,
1695 3253 1816 3306 qu:e

199 3331 435 3385 maxime
466 3329 759 3385 ostendunt
802 3330 1041 3386 divinam
1069 3344 1192 3384 esse
1237 3337 1521 3395 utramque
1566 3327 1812 3397 Scriptu-

201 3437 340 3475 ram.
374 3420 429 3476 Si
477 3433 655 3475 autem
687 3431 813 3475 sunt
842 3422 1038 3484 divina,
1087 3437 1207 3489 quae
1252 3420 1319 3473 de
1350 3419 1462 3473 Deo
1488 3419 1539 3472 in
1583 3433 1646 3473 ea
1673 3419 1813 3474 dicta

197 3520 345 3573 sunt,
376 3527 438 3566 ea
487 3527 612 3566 vera
658 3521 785 3566 sunt
833 3513 1033 3565 omnia.
1066 3511 1144 3565 Ne
1188 3510 1370 3564 dubita
1418 3511 1574 3578 igitur
1604 3509 1671 3564 de
1722 3510 1814 3565 Dei

197 3588 561 3671 previdentia,
591 3588 686 3658 sed
717 3602 834 3671 ejus
874 3617 1082 3668 curam,
1111 3616 1269 3670 quam
1300 3601 1459 3670 gerit,
1504 3600 1772 3656 admirare
1795 3644 1811 3669 ,

197 3695 343 3762 quod
373 3709 493 3749 eum
523 3697 628 3749 sint
655 3695 780 3750 horti
801 3705 856 3750 et
885 3695 1031 3759 mali,
1053 3695 1240 3748 orbem
1270 3702 1536 3747 terrarum
1565 3703 1619 3747 et
1643 3692 1813 3748 solem

197 3786 455 3841 omnibus
488 3787 769 3856 permittit,
803 3795 856 3841 et
901 3785 1153 3840 omnibus
1182 3784 1276 3839 dat
1326 3784 1550 3854 pluvias.
1585 3783 1740 3851 Quod
1769 3783 1814 3838 si

196 3877 327 3930 sinit
357 3876 568 3945 aliquos
595 3877 790 3948 degere
818 3877 870 3930 in
901 3877 1244 3930 mendicitate
1272 3886 1327 3931 et
1355 3877 1554 3946 inopia,
1607 3876 1658 3930 id
1691 3876 1815 3930 facit

196 3977 256 4020 ut
285 3967 518 4020 animant
570 3967 778 4022 illorum
825 3969 1078 4036 corrigat,
1126 3966 1402 4036 sapientia:
1433 3967 1813 4021 studiosiorem

194 4059 434 4112 animam
467 4059 728 4113 efliciens.
777 4058 938 4114 Scitis
969 4060 1136 4124 enim,
1169 4060 1320 4114 scitis
1358 4069 1561 4128 aperte.
1601 4059 1815 4113 divitias

197 4150 417 4219 quidem
447 4150 510 4204 iis
531 4152 620 4219 qui
649 4166 753 4204 non
776 4150 1060 4205 attendunt
1083 4165 1202 4206 esse
1229 4151 1478 4204 vitiorum
1502 4150 1810 4214 ministras;

199 4252 568 4310 paupertatem
600 4252 777 4296 autem
819 4253 1046 4297 matrem
1103 4241 1456 4310 thilesophiae
1486 4258 1498 4294 :
1530 4257 1701 4310 caque
1725 4255 1814 4296 res

201 4331 332 4398 ipsa:
361 4331 599 4386 indicant
626 4332 886 4402 quotidie.
928 4332 1070 4399 Quot
1102 4347 1363 4400 pauperes
1409 4339 1534 4385 sunt
1560 4330 1814 4386 divitibus

201 4421 602 4490 prudentiores,
652 4424 930 4492 sapientia:
972 4423 1320 4487 amantiores,
1376 4433 1430 4477 et
1470 4439 1698 4492 corpore
1727 4438 1815 4478 sa-

202 4516 419 4589 niores,
469 4531 590 4569 cum
644 4527 933 4589 paupertas
976 4517 1055 4570 eis
1106 4525 1158 4569 ct
1203 4531 1421 4571 carnem
1473 4524 1527 4570 et
1577 4517 1813 4571 animam

197 4608 481 4677 corrigat?
509 4608 562 4664 9.
593 4608 662 4663 In
685 4627 809 4679 pace
828 4611 879 4663 in
898 4611 1118 4680 idipsum
1139 4611 1390 4664 dormiam
1416 4619 1462 4664 et
1483 4612 1809 4680 requiescam.

199 4699 290 4754 10.
325 4699 577 4765 Quoniam
605 4711 678 4763 tu,
709 4699 944 4764 Domine,
969 4702 1296 4771 singulariter
1323 4701 1378 4754 in
1396 4718 1486 4770 spe
1510 4703 1812 4756 constituisti

201 4806 301 4842 me.
337 4790 475 4844 Ecce
513 4789 672 4844 aliam
721 4807 826 4844 non
861 4807 1076 4860 parvam
1125 4791 1362 4861 Speciem
1413 4793 1764 4861 providentiae
1792 4832 1808 4857 ,

199 4881 344 4952 quod
392 4898 523 4951 pace
571 4883 816 4937 fruantur
859 4886 949 4953 qui
990 4892 1115 4937 sunt
1157 4884 1266 4938 Deo
1295 4883 1490 4939 addicti
1522 4900 1534 4936 :
1569 4883 1689 4937 Paa:
1730 4895 1814 4939 est

200 4973 347 5026 enim
383 4972 720 5052 diligentibus
743 4977 901 5044 legem
931 4985 1091 5040 tuam,
1122 4987 1168 5027 et
1200 4992 1300 5028 non
1332 4986 1404 5029 est
1438 4977 1562 5046 ipsis
1591 4974 1812 5040 oﬂ'endi-

199 5064 375 5117 culum
403 5063 568 5133 (Psal.
600 5066 723 5119 118.
760 5063 907 5138 165).
939 5065 1076 5119 Nihil
1104 5067 1246 5120 enim
1277 5081 1429 5135 mque
1458 5068 1597 5120 solet
1627 5082 1810 5136 pacem

197 5171 418 5225 parere,
449 5165 612 5226 atque
644 5158 735 5212 Dei
764 5159 1019 5226 cognitio,
1049 5167 1105 5213 et
1132 5159 1342 5213 virtutis
1369 5159 1661 5228 possessio,
1694 5175 1813 5227 quze

202 5247 368 5302 animi
399 5246 862 5317 perturbationum
890 5249 1158 5304 internum
1203 5250 1402 5305 bellum
1436 5251 1595 5305 domo
1627 5249 1814 5319 procul

287 5403 340 5470 ᾳ)
372 5403 491 5470 vide
516 5403 724 5470 Platonis
743 5403 1001 5470 Cratylum_,
1026 5419 1076 5468 p.
1102 5405 1189 5454 401
1205 5418 1329 5470 sqq.

291 5466 507 5535 b)_circa
524 5468 656 5535 Jovis
678 5466 898 5515 naturain
919 5466 1164 5535 vnle'qum
1186 5466 1401 5535 diutinus
1422 5469 1668 5528 Disquisu.
1693 5478 1813 5535 prae.

203 5527 280 5575 via
304 5527 364 5575 ad
392 5529 755 5591 antiquitatem,
797 5541 989 5591 paragr.
1017 5527 1082 5577 ιγ
1098 5543 1114 5590 ;
1139 5529 1353 5579 maxime
1379 5540 1497 5578 vero
1519 5527 1628 5589 quae
1657 5527 1718 5576 ex
1742 5529 1815 5576 ci-

200 5599 387 5638 cerone
411 5591 660 5637 attulimus
682 5591 798 5639 ibid.

270 5651 343 5712 (ο)
379 5648 608 5713 Plerique
627 5658 901 5702 Graecorum
947 5651 1178 5701 dicebant
1218 5650 1485 5713 Apollinem
1509 5651 1640 5713 lovis
1661 5649 1812 5713 lilium

205 5710 608 5775 esse’SolemIAt
625 5716 811 5775 nonisic
833 5722 1070 5764 Homerus
1087 5721 1139 5762 et
1153 5710 1333 5775 poetae,
1352 5715 1436 5775 qui
1458 5711 1618 5762 Solem
1641 5712 1808 5775 distiu-

206 5781 362 5832 ιξιιιωι
383 5773 446 5822 ab
465 5773 699 5835 Apolline.
718 5774 770 5825 in
792 5775 924 5828 cultu
948 5783 1112 5827 atttent
1138 5773 1331 5838 publico
1353 5773 1460 5825 haec
1482 5775 1678 5824 immitia
1701 5774 1775 5823 dis
1789 5798 1803 5810 -

207 5835 574 5885 ﬁndebantur.

207 5841 574 5898 unguebatur.

1919 491 2084 562 ejieit,
2129 507 2229 549 nec
2275 492 2533 562 permittit
2561 502 2618 548 ut
2657 493 2818 547 homo
2860 506 2982 548 eum
3012 492 3193 563 seipso
3234 489 3538 548 seditiones

1918 585 2106 654 agitet.
2148 583 2289 639 Sane
2314 584 2359 637 si
2400 582 2500 637 hac
2525 598 2658 653 pace
2688 596 2794 638 non
2837 581 3066 646 fruatur,
3095 583 3306 637 etiamsi
3336 582 3407 638 sit
3432 597 3530 637 ex-

1920 678 2186 731 trinsecus
2232 690 2444 730 summa
2497 690 2594 745 pax
2625 715 2640 742 ,
2685 674 2896 728 etiamsi
2956 674 3136 729 nullus
3186 688 3311 728 eum
3357 672 3536 727 hostis

1920 769 2162 834 invadat,
2183 778 2265 823 est
2292 768 2534 822 omnium
2563 768 2652 836 qui
2685 768 2736 821 in
2767 776 2910 822 terra
2937 768 3319 838 impugnantur
3344 765 3547 820 miser-.

1920 860 2107 914 rimus.

1996 949 2082 1004 12.
2117 949 2399 1004 Stevissimi
2432 948 2601 1002 hostes
2626 948 2813 1002 anima
2841 948 3162 1002 immoderati
3203 945 3417 1014 aﬂ'ectus
3442 961 3534 1000 uo-

1921 1041 2153 1094 luntatis.
2183 1039 2404 1093 Invidia:
2422 1041 2671 1093 conditio.
2697 1069 2769 1081 —
2796 1039 2980 1109 Neque
3001 1040 3147 1095 enim
3173 1039 3412 1110 Scythae,
3436 1051 3538 1092 nec

1921 1133 2180 1196 Thraces,
2206 1148 2305 1186 nec
2328 1132 2610 1197 Sarmatze,
2634 1147 2735 1187 nec
2763 1130 2901 1196 indi,
2931 1146 3031 1186 nec
3059 1130 3248 1191 Mauri,
3274 1144 3376 1184 nec
3390 1143 3538 1198 qua»

1920 1241 2151 1296 cumque
2177 1235 2304 1280 sunt
2343 1225 2471 1280 fera:
2501 1234 2711 1296 gentes,
2760 1234 2869 1279 tam
2917 1232 3074 1279 atrox
3112 1222 3316 1278 bellum
3346 1235 3538 1292 gerere

1921 1317 2115 1376 solent.
2143 1332 2304 1387 quam
2335 1318 2534 1372 nefaria
2564 1317 2837 1386 cogitatio,
2867 1331 2990 1386 quin
3022 1325 3265 1369 versatur
3291 1315 3344 1368 in
3373 1328 3538 1382 pene-

1876 1417 1887 1428 ‘
1924 1408 2150 1462 tralibus
2175 1408 2362 1472 animi,
2395 1417 2449 1461 et
2471 1409 2837 1478 intemperans
2867 1408 3055 1473 libido,
3085 1423 3237 1462 amor
3267 1406 3533 1483 pecuniae,

1923 1499 2177 1570 potentia:
2209 1499 2503 1555 vehemens
2535 1499 2864 1555 desiderium
2885 1541 2900 1559 ,
2929 1508 3090 1568 atque
3129 1512 3255 1568 erga
3297 1511 3387 1552 res
3432 1497 3536 1552 htt-

1922 1606 2109 1646 manas
2153 1591 2387 1647 affectio.
2437 1591 2507 1647 Et
2551 1594 2743 1646 merito
2788 1609 2799 1646 :
2844 1591 2972 1644 illud
3017 1590 3162 1646 enim
3208 1599 3290 1644 est
3336 1588 3536 1644 bellum

1921 1694 2241 1749 externum,
2290 1685 2392 1738 hoc
2437 1699 2566 1738 vero
2613 1694 2696 1738 est
2745 1684 3016 1737 internum
3063 1682 3332 1752 praelium.
3381 1679 3536 1746 Quod

1923 1786 2104 1831 autem
2130 1791 2251 1846 qua:
2280 1777 2423 1831 intus
2466 1785 2782 1839 nascuntur,
2815 1776 2924 1828 sint
2954 1774 3019 1827 iis
3052 1788 3174 1842 qua:
3202 1771 3540 1826 extrinsecus

1923 1866 2203 1933 invadunt,
2227 1867 2498 1937 gravium,
2521 1875 2577 1921 et
2593 1867 2867 1920 interitum
2893 1865 3065 1936 magis
3088 1863 3284 1919 alferre
3305 1863 3536 1928 soleant,

1924 1957 2028 2013 hoc
2051 1959 2171 2013 licet
2203 1958 2387 2013 videre
2415 1958 2467 2011 in
2500 1958 2772 2012 omnibus.
2803 1956 3018 2010 Etenim
3051 1964 3105 2010 et
3133 1956 3261 2025 ligni
3292 1964 3538 2009 naturam

1924 2051 2144 2114 vermis,
2184 2050 2276 2120 qui
2320 2059 2478 2105 natus
2506 2059 2590 2104 est
2620 2051 2785 2116 intus,
2818 2049 2988 2118 magis
3014 2049 3351 2118 corrumpit;
3396 2049 3540 2103 vires

1923 2152 1977 2194 et
2004 2143 2286 2196 sanitatem
2318 2141 2582 2211 corporis,
2607 2141 2801 2206 morbi,
2834 2141 2922 2210 qui
2955 2140 3102 2195 intus
3134 2149 3489 2209 procreantur
3518 2181 3534 2201 ,

1925 2234 2045 2302 plus
2089 2233 2313 2299 laedunt,
2361 2249 2522 2303 quam
2578 2233 2667 2303 qui
2721 2233 3056 2287 extrinsecus
3109 2231 3441 2296 adveniunt;
3488 2239 3543 2285 et

1922 2325 2172 2378 civitates
2211 2340 2318 2378 non
2351 2334 2457 2378 tam
2511 2324 2720 2378 externi
2767 2322 2975 2388 hostes,
3006 2337 3166 2392 quam
3198 2321 3387 2376 civiles
3415 2335 3542 2390 pes-

1921 2416 2180 2471 sumdaut
2207 2433 2222 2469 :
2256 2417 2325 2469 ita
2353 2410 2517 2470 etiam
2560 2418 2754 2469 anima:
2795 2430 2902 2469 non
2932 2425 3040 2468 tam
3068 2425 3311 2468 externae
3334 2427 3457 2483 qua:
3487 2412 3542 2466 in

1923 2523 2040 2563 eam
2071 2508 2328 2562 invadunt
2361 2507 2810 2572 machinationes,
2841 2522 3003 2576 quam
3030 2520 3152 2575 quae
3175 2506 3320 2561 intus
3357 2505 3545 2559 oriun-

1925 2613 2010 2657 tur
2040 2602 2411 2672 aegritudines,
2457 2602 2747 2671 perniciem
2798 2601 3053 2656 alferunt.
3081 2600 3186 2656 Sed
3236 2601 3280 2656 si
3325 2602 3447 2670 quis
3473 2599 3543 2654 ti-

1927 2710 2134 2749 morem
2163 2695 2258 2748 Dei
2289 2694 2521 2759 habens,
2549 2692 2651 2747 hoc
2680 2693 2879 2748 bellum
2909 2693 3145 2761 perfecte
3174 2691 3464 2756 sedaverit,
3486 2699 3544 2746 et

1925 2787 2360 2856 perturbationes
2410 2786 2576 2840 animi
2640 2785 3041 2854 composuerit,
3089 2796 3144 2838 et
3192 2783 3370 2837 varias
3424 2783 3542 2838 illas

1923 2879 2292 2947 improharum
2363 2878 2748 2947 cogitationum
2812 2876 3022 2932 belluas
3073 2873 3380 2940 sullocans,
3432 2890 3539 2929 non

1922 2971 2235 3042 permiserit
2281 2979 2340 3025 ut
2390 2971 2442 3023 in
2488 2970 2658 3024 antris
2689 2969 3034 3033 delitescant,
3082 2967 3129 3022 is
3169 2966 3454 3037 purissima
3486 2975 3544 3020 et

1921 3063 2182 3118 altissima
2213 3077 2345 3132 pace
2389 3061 2616 3116 fruetur.
2653 3060 2801 3115 llanc
2831 3072 3018 3129 pacem
3047 3059 3290 3115 Christus
3316 3057 3541 3114 veniens

1923 3155 2145 3224 largitus
2174 3164 2290 3218 est;
2341 3153 2481 3208 hanc
2525 3154 2691 3207 etiam
2722 3152 2919 3207 Paulus
2961 3160 3211 3221 precatus
3253 3160 3338 3204 est
3364 3149 3540 3205 ﬁdeli-

1923 3247 2043 3310 bus,
2073 3247 2261 3301 dicens
2290 3246 2343 3300 in
2389 3244 2616 3315 singulis
2642 3243 2888 3312 epistolis
2920 3261 2932 3297 :
2967 3242 3147 3298 Gratia
3189 3243 3329 3297 vobis
3353 3251 3400 3295 et
3430 3256 3534 3310 pax

1922 3355 1953 3390 a
1987 3336 2093 3392 Deo
2121 3335 2276 3390 Patre
2299 3346 2494 3390 nostro.
2526 3335 2626 3401 Qui
2656 3333 2798 3389 hanc
2827 3335 2973 3389 enim
3004 3333 3169 3388 habet
3193 3348 3403 3402 pacem,
3430 3347 3537 3386 non

1921 3433 2095 3485 Solum
2129 3429 2416 3484 barbarum
2457 3437 2513 3483 et
2563 3428 2776 3482 hostem
2799 3469 2813 3490 ,
2847 3427 2943 3481 sed
2992 3443 3062 3481 ne
3109 3428 3282 3496 ipsum
3315 3426 3536 3495 quidem

1922 3524 2194 3580 diaholtnn
2225 3521 2568 3588 extimescit;
2599 3519 2694 3575 sed
2724 3520 3031 3574 universam
3061 3518 3202 3573 ridet
3226 3517 3536 3571 dmmonttm

1922 3615 2266 3684 phalangem,
2309 3622 2362 3667 et
2403 3624 2487 3668 est
2537 3614 2790 3667 omnibus
2829 3611 3139 3666 hominibus
3183 3611 3432 3672 alacrior,
3479 3617 3538 3665 ut

1921 3708 2011 3777 qui
2043 3723 2148 3760 non
2180 3715 2496 3777 paupertate
2523 3716 2820 3776 prematur,
2853 3722 2959 3760 non
2995 3705 3188 3760 morbo
3228 3715 3282 3759 et
3309 3704 3534 3759 adversa

1925 3797 2234 3853 valetudine
2258 3805 2532 3867 gravetur,
2561 3812 2668 3852 non
2700 3797 2883 3866 aliquo
2920 3810 3107 3851 eorum
3139 3811 3258 3866 qua:
3289 3796 3537 3850 humani.

1923 3902 2008 3947 tus
2036 3890 2312 3960 inopinato
2335 3891 2588 3945 accidunt
2612 3892 2979 3960 perturbetur,
3008 3906 3074 3945 eo
3101 3889 3242 3959 quod
3266 3890 3535 3945 valentem

1921 3995 1975 4039 et
2005 3998 2192 4038 sanam
2227 3982 2423 4037 haheat
2451 3983 2708 4049 animam,
2739 3998 2858 4052 qua:
2889 3981 3006 4037 haec
3050 3990 3233 4052 potest
3276 3982 3535 4050 praeclare

1919 4087 1974 4133 et
2016 4077 2266 4130 facillime
2295 4075 2676 4129 administrare
2718 4088 2782 4130 ac
2825 4082 3150 4143 temperare.
3179 4075 3247 4129 Et
3269 4081 3325 4127 ut
3351 4073 3535 4127 sciatis

1922 4168 2025 4222 hoc
2053 4181 2175 4222 esse
2199 4183 2385 4221 verum
2420 4184 2433 4218 :
2462 4168 2533 4220 sit
2559 4167 2756 4235 aliquis
2777 4165 3012 4232 invidus,
3047 4174 3102 4220 et
3130 4179 3290 4220 nemo
3319 4180 3440 4219 cum
3469 4179 3536 4220 eo

1919 4261 2120 4317 bellum
2149 4269 2335 4330 gerat;
2367 4260 2497 4330 quid
2523 4260 2714 4329 juvat?
2743 4259 2861 4329 Ipse
2888 4260 3033 4314 enim
3065 4274 3187 4314 cum
3218 4259 3398 4327 seipso
3421 4256 3536 4313 hel-

1922 4353 2031 4407 lum
2062 4352 2222 4422 gerit,
2246 4353 2438 4422 quovis
2467 4367 2599 4406 ense
2628 4350 3071 4420 penetrabiliores
3096 4350 3147 4403 in
3171 4364 3230 4404 se
3253 4349 3536 4418 cogitatio-

1920 4463 2019 4502 nes
2045 4461 2266 4510 acuens,
2302 4446 2356 4500 in
2385 4445 2634 4501 omnibus
2653 4460 2774 4514 quin
2799 4444 3050 4499 videntur
3069 4443 3372 4509 oll'eudens,
3397 4451 3455 4497 et
3478 4442 3534 4496 in

1919 4539 2146 4608 singulis
2174 4538 2262 4607 qui
2309 4547 2603 4591 occurrunt
2633 4535 2940 4589 hominibus
2979 4534 3216 4604 seipsum
3261 4533 3529 4594 saucians.

1921 4631 1973 4684 in
2022 4629 2225 4684 nullum
2278 4628 2541 4682 benevolo
2585 4635 2640 4682 et
2683 4635 2837 4696 grato
2879 4627 3064 4679 animo
3111 4622 3404 4694 pra-ditus,
3433 4621 3533 4677 sed

1919 4737 2112 4778 omnes
2143 4721 2263 4775 illos
2310 4729 2580 4790 tamquam
2632 4718 2817 4772 hostes
2848 4717 3083 4770 intuens.
3116 4715 3248 4781 Quae
3291 4722 3375 4768 est
3402 4725 3533 4783 ergo

1920 4814 1996 4869 illi
2023 4814 2168 4884 pacis
2196 4821 2435 4867 externa:
2465 4812 2685 4875 utilitas,
2717 4808 2934 4878 quando
2977 4808 3064 4861 ille
3092 4807 3277 4861 furens
3303 4813 3355 4859 et
3383 4804 3533 4860 rabie

1921 4909 2178 4977 percitus,
2223 4913 2278 4959 et
2314 4904 2619 4958 communis
2660 4913 2867 4956 natura:
2908 4901 3075 4954 hostis
3107 4899 3530 4962 circumcursat,

1921 5012 2127 5056 tantum
2173 5001 2441 5054 internum
2483 4998 2683 5053 bellum
2729 5008 2966 5066 gestans,
3010 5003 3066 5048 et
3115 4992 3261 5046 mille
3305 4991 3426 5046 telis
3470 5003 3535 5044 ac

1919 5095 2126 5165 sagittis
2165 5091 2399 5156 confodi,
2446 5101 2607 5160 atque
2653 5089 2790 5145 adeo
2836 5086 3012 5157 potius
3060 5084 3254 5139 millies
3300 5091 3532 5136 mortem

1922 5189 2028 5258 pati
2056 5196 2269 5256 optans,
2300 5199 2459 5254 quam
2490 5183 2676 5237 videre
2725 5180 3032 5251 quempiam
3061 5194 3126 5232 ex
3173 5177 3258 5241 iis,
3287 5175 3376 5246 qui
3410 5183 3532 5229 sunt

1919 5277 2160 5346 ejusdem
2207 5261 2547 5346 generisfiu
2597 5273 2737 5327 bona
2791 5287 2912 5327 esse
2963 5269 3395 5324 existimatione.
3443 5274 3535 5320 aut

1919 5356 2129 5422 felicius
2155 5365 2352 5437 agere?
2383 5366 2652 5419 Teneatur
2681 5377 2868 5417 rursus
2891 5362 3028 5416 alius
3059 5360 3297 5431 pecuniae
3323 5358 3534 5428 cupidi-

1919 5469 2049 5522 tate,
2101 5459 2378 5512 innumera
2423 5454 2584 5518 bella,
2634 5469 2873 5525 pugnas,
2919 5464 2973 5507 et
3014 5452 3304 5506 seditiones
3336 5449 3385 5503 in
3436 5463 3533 5503 sua

1919 5551 2118 5606 eonllat
2137 5552 2315 5605 anima
2343 5567 2356 5603 :
2380 5558 2435 5604 et
2452 5549 2678 5604 tumultu
2701 5563 2764 5603 ac
2785 5546 3189 5618 perturbatione
3210 5544 3533 5615 exagitatus,

1920 5659 1989 5699 ne
2019 5651 2195 5711 potest
2221 5641 2436 5708 quidem
2483 5640 2755 5707 paululum
2804 5639 3186 5708 respirare.At
3225 5649 3335 5690 non
3367 5635 3411 5689 is
3442 5631 3533 5703 qui

1919 5745 2003 5790 est
2046 5735 2178 5789 liber
2224 5733 2293 5787 ab
2335 5732 2600 5801 ejusmodi
2659 5729 3172 5799 perturbationibus,
3220 5726 3323 5780 hoc
3371 5724 3535 5778 modo

1925 5825 2148 5882 allectus
2177 5836 2261 5881 est
2289 5843 2303 5880 :
2331 5822 2426 5880 sed
2458 5822 2511 5879 in
2544 5822 2833 5895 tranquillo
2875 5833 3034 5894 portu
3075 5819 3250 5888 sedet,
3281 5831 3341 5874 se
3370 5815 3530 5873 studii
