4070 6424
573 349 650 406 59
1309 354 1371 409 S.
1398 354 1681 415 JOANNIS
1716 356 2196 419 CHRXSOSTOMI
2236 362 2556 424 ARClllEP.
2585 367 3127 430 CONSTANTINOP.
3812 378 3883 436 ω

565 460 844 531 sapientiae
891 454 1247 535 voluptatibus
1282 467 1541 537 explens,
1569 478 1626 526 et
1663 470 1857 544 nullam
1900 473 2164 544 ejusmodi

568 553 869 608 molestiam
895 555 1190 613 sustinens.
1221 550 1482 625 Quacirca
1509 560 1612 617 hac
1633 577 1849 633 quoque
1879 564 2165 635 providen-

566 649 635 703 tia
683 648 864 705 fruens
894 642 1151 722 propheta
1188 653 1397 711 dicebat
1424 673 1438 711 :
1472 656 1538 711 In
1572 652 1698 729 pace
1721 659 1774 713 in
1800 660 2023 730 idipsum
2044 660 2166 715 dor-

566 741 721 794 miam
746 750 792 795 et
820 743 1162 811 requiescam;
1191 745 1439 813 innuens,
1467 747 1515 803 ei
1545 747 1636 819 qui
1684 748 1824 805 hanc
1869 767 1973 805 non
2003 750 2165 807 habet

565 845 773 900 pacem,
804 848 871 889 ne
912 848 1253 891 communem
1279 838 1494 908 quidem
1537 840 1775 895 omnium
1808 852 2015 911 portum
2045 857 2165 901 esse

563 931 829 991 apertum,
878 924 975 980 sed
1016 926 1163 980 illum
1194 941 1406 998 quoque
1442 930 1775 1011 obstructum
1801 947 1941 998 esse,
1971 922 2165 1004 nempe

563 1013 761 1080 quintis
821 1024 878 1071 et
924 1017 1119 1073 noctis.
1171 1018 1486 1089 ltujusmodi
1541 1023 1683 1078 enim
1738 1024 2164 1093 perturbationes

562 1104 723 1160 etiam
753 1120 870 1161 eam
896 1122 1016 1177 quae
1041 1123 1071 1163 a
1101 1119 1288 1164 natura
1315 1108 1473 1167 datur
1490 1115 1832 1169 securitatem
1856 1114 2159 1186 profligant,

564 1196 669 1251 alia
716 1198 954 1267 graviori
999 1201 1280 1272 tyrannide
1326 1206 1499 1259 somni
1558 1206 1893 1275 tyrannidem
1944 1210 2164 1265 omnino

560 1287 928 1346 ult-turbantes.
953 1291 1118 1348 invidi
1138 1295 1307 1365 enim,
1326 1298 1470 1352 avari
1492 1308 1545 1353 et
1561 1310 1823 1369 ruptores.
1843 1300 1946 1356 hoc
1964 1302 2159 1358 bellum

561 1380 796 1452 undique
848 1384 1289 1444 circumferentes
1316 1430 1332 1456 ,
1384 1400 1438 1445 et
1482 1392 1624 1446 intus
1668 1394 1872 1464 positos
1919 1396 2162 1452 inimicos

563 1471 845 1541 habentes,
891 1491 1230 1549 quocumque
1275 1482 1612 1548 recesserint,
1645 1500 2007 1555 pugnamnon
2033 1485 2161 1559 pos-

556 1570 682 1617 sunt
707 1561 943 1636 effugere
971 1584 986 1621 :
1018 1569 1114 1625 sed
1158 1571 1259 1626 etsi
1290 1571 1436 1628 domi
1483 1578 1897 1642 maneant,’etsi
1929 1578 1981 1633 in
2022 1579 2161 1636 lecto

556 1651 787 1723 iaceant,
819 1659 1045 1717 telorum
1086 1662 1285 1732 nubes,
1316 1676 1369 1720 et
1398 1667 1651 1723 tumultus
1697 1669 1851 1725 undis
1878 1671 2157 1727 violentio-

561 1758 670 1811 res,
705 1748 903 1813 ciedes,
931 1751 1215 1821 clamores,
1261 1756 1506 1826 querelas
1532 1768 1585 1813 et
1611 1758 1949 1828 ejulationes,
1980 1771 2034 1815 et
2057 1761 2158 1815 alia

557 1839 723 1893 multo
755 1840 963 1915 iisquae
1008 1844 1157 1919 inter
1189 1845 1371 1904 hostes
1399 1850 1650 1906 accidunt
1691 1852 1941 1921 graviora
1988 1852 2157 1907 susti-

559 1937 705 1984 nent.
739 1932 809 1986 At
839 1948 944 1989 non
973 1935 1053 1989 sic
1090 1936 1269 2007 justus
1301 1957 1313 1993 :
1341 1940 1435 1996 sed
1461 1950 1514 1997 ct
1540 1942 1765 2014 vigilans
1800 1943 2158 2000 delectatione

556 2019 771 2087 fruitur,
801 2036 855 2080 et
902 2036 1169 2086 nocturno
1216 2043 1455 2104 tempore
1483 2052 1603 2091 cum
1649 2053 1842 2108 magna
1888 2038 2157 2108 voluptate

554 2125 803 2171 somnum
834 2120 995 2189 capit.
1040 2121 1177 2190 Quid
1221 2134 1307 2179 est
1333 2136 1535 2194 autem,
1566 2126 1630 2183 In
1662 2130 1884 2200 idipsum
1906 2129 1933 2183 .’
1964 2129 2016 2184 In
2045 2144 2158 2186 me-

562 2202 763 2274 ipsum,
793 2207 983 2279 inquit,
1015 2220 1156 2268 totus
1182 2229 1492 2285 conversus,
1523 2235 1629 2275 non
1655 2222 1711 2275 in
1733 2237 1888 2277 curas
1914 2222 2157 2277 innume-

553 2293 746 2351 rabiles
762 2297 986 2367 divisus,
1016 2318 1123 2359 non
1149 2320 1269 2376 qua:
1291 2318 1416 2363 sunt
1443 2308 1600 2380 hujus
1626 2312 1709 2365 vel
1727 2312 1869 2368 illius
1889 2314 2153 2385 cogitans,

560 2401 663 2443 nec
694 2390 744 2445 in
769 2391 955 2450 orbem
986 2404 1247 2455 terrarum
1269 2402 1655 2462 sollicitudines
1674 2407 2028 2476 dispertiens;
2057 2410 2153 2465 sed

553 2496 677 2551 qua:
704 2498 821 2541 mea
865 2496 992 2543 sunt
1036 2492 1296 2562 cogitans,
1322 2503 1379 2550 et
1416 2512 1536 2566 qua:
1563 2497 1701 2553 mihi
1742 2500 1910 2565 utilia,
1953 2510 2008 2556 et
2035 2516 2154 2572 quae

554 2582 677 2627 sunt
710 2574 912 2632 homini
923 2582 1175 2638 maxime
1202 2586 1571 2642 convenientia
1606 2608 1620 2644 :
1652 2588 1787 2656 Quia
1807 2600 1881 2657 ta,
1914 2591 2149 2659 Domine,

548 2664 873 2734 singulariter
906 2670 959 2724 in
986 2687 1079 2741 spe
1118 2677 1422 2731 constituisti
1449 2695 1545 2733 me.
1575 2679 1727 2748 Quod
1767 2689 1946 2737 autem
1977 2682 2147 2751 dicit,

550 2764 635 2809 est
662 2755 923 2825 ejusmodi
956 2778 970 2813 ε
999 2761 1223 2833 Propter
1258 2782 1409 2836 spem
1440 2768 1756 2837 futurorum,
1787 2783 1842 2827 et
1870 2784 2150 2843 exspecta-

548 2845 747 2902 tionem
776 2864 896 2920 qua:
917 2854 1073 2908 estin
1102 2864 1175 2922 te,
1202 2871 1393 2913 omnes
1407 2861 1568 2915 animi
1600 2863 1701 2918 mei
1725 2864 2150 2932 perturbationes

544 2940 857 3007 compressi.
913 2942 1065 2999 Sicut
1106 2946 1265 3001 etiam
1304 2948 1433 3004 dicit
1459 2948 1655 3005 Paulus
1682 2969 1698 3004 :
1729 2952 1879 3020 Quod
1903 2963 1976 3008 est
2015 2958 2150 3009 enim

544 3028 595 3081 in
645 3033 913 3098 pra'sentia
960 3036 1237 3092 admodum
1280 3040 1385 3097 lere
1428 3043 1710 3113 aﬂlictionis
1732 3086 1747 3107 ,
1793 3047 2055 3118 insigniter
2093 3050 2147 3104 in

545 3119 851 3177 sublimitate
875 3128 1129 3183 (sternunt
1157 3132 1356 3200 pondus
1381 3135 1562 3205 gloriw
1588 3138 1731 3191 nobis
1754 3149 2013 3209 operatur,
2046 3156 2148 3195 non

543 3215 977 3274 ronsiderantibns
1001 3220 1143 3277 nobis
1178 3241 1293 3294 ante
1316 3228 1567 3293 videntur,
1594 3230 1685 3283 sed
1711 3246 1826 3301 quce
1847 3249 1948 3287 non
1975 3234 2149 3289 viden-

549 3314 632 3359 tur
680 3308 736 3379 (2
764 3307 885 3365 Cor.
915 3313 970 3367 4.
1003 3314 1088 3369 i7.
1124 3315 1231 3388 l8).
1261 3316 1415 3373 Nulla
1441 3321 1584 3375 enim
1614 3336 1704 3377 res
1730 3331 1814 3379 est
1841 3324 1975 3380 adeo
2000 3324 2142 3380 diffl-

546 3398 683 3460 cilis,
713 3416 832 3470 qua)
863 3418 967 3458 non
1002 3404 1093 3460 fiat
1120 3407 1366 3464 facillima
1397 3424 1493 3481 spe
1524 3411 1712 3468 futura!
1740 3428 1768 3468 a
1802 3414 1911 3471 Deo
1937 3416 2139 3486 glorias.

548 3487 837 3562 Propterea
866 3494 994 3550 dicit
1026 3514 1041 3550 :
1075 3495 1141 3551 In
1166 3515 1257 3568 spe
1281 3503 1586 3559 constituisti
1614 3521 1711 3559 mc.
1746 3506 1813 3561 Et
1837 3506 1987 3575 illud,
2019 3508 2142 3564 Sin-

544 3582 809 3652 gulariter,
843 3601 950 3642 non
978 3596 1061 3643 est
1089 3605 1248 3659 parva
1274 3594 1531 3651 doctrinae
1558 3597 1746 3653 virtus.

592 3674 701 3730 i3.
743 3675 881 3743 Quid
909 3688 996 3735 est
1016 3691 1217 3751 autem,
1246 3684 1591 3757 Singulariter
1610 3690 1636 3743 .9
1660 3689 1915 3747 Seorsum
1946 3693 2014 3748 ab
2037 3693 2134 3748 im-

540 3766 740 3835 probis.
776 3768 924 3827 Hanc
961 3775 1105 3829 enim
1135 3791 1319 3845 pacem
1339 3819 1357 3845 ,
1390 3780 1591 3851 inquit,
1623 3783 1761 3853 apud
1802 3794 1854 3840 te
1884 3788 2142 3856 prteclare

542 3857 723 3926 habui,
746 3870 802 3915 et
827 3864 1115 3933 separatim
1148 3866 1347 3934 habito,
1373 3869 1581 3941 fugiens
1602 3871 1846 3929 homines
1868 3875 2143 3945 improbos

540 3962 604 4002 ac
628 3961 933 4020 corruptos.
965 3955 1032 4009 Et
1052 3955 1175 4025 jure
1199 3958 1459 4028 profecto.
1492 3957 1953 4029 Quelnadmodum
1994 3966 2138 4022 enim

538 4051 763 4109 corpora
794 4055 939 4111 saepe
979 4059 1008 4097 a
1050 4049 1282 4116 corrupti
1325 4051 1468 4106 aeris
1513 4053 1599 4109 lue
1643 4053 1833 4109 infecta
1878 4068 2135 4125 pereunt:

542 4128 612 4184 ita
642 4131 803 4187 etiam
846 4136 1025 4191 anima
1067 4151 1211 4208 sane
1236 4140 1488 4198 damnum
1524 4147 1730 4216 accepit
1768 4161 1835 4201 ex
1876 4149 2137 4204 malorum

538 4224 962 4291 congressione:
990 4239 1045 4283 et
1073 4229 1210 4285 sicut
1234 4245 1397 4291 sanus
1425 4235 1612 4292 oculus
1637 4236 1851 4307 quando
1889 4237 2137 4301 laboran-

537 4317 644 4366 tem
669 4316 957 4384 aspexerit,
985 4317 1239 4388 aflicitur,
1268 4333 1324 4378 et
1350 4324 1439 4395 qui
1470 4335 1552 4380 est
1576 4327 1756 4383 scabie
1780 4328 2008 4386 refertus
2026 4371 2041 4395 ,
2074 4331 2138 4386 iis

537 4401 698 4457 etiam
738 4406 829 4474 qui
875 4408 992 4463 sani
1030 4419 1153 4465 sunt
1191 4427 1311 4468 eam
1358 4414 1631 4485 impertit:
1685 4417 1755 4471 ita
1795 4417 1957 4474 etiam
1994 4434 2139 4489 saepe

537 4494 800 4566 contingit
825 4497 878 4553 in
911 4501 1297 4560 consuetudine
1325 4504 1691 4576 improborum
1728 4506 2027 4564 hominum.
2072 4510 2141 4567 Et

539 4581 661 4639 ideo
690 4586 853 4644 etiam
892 4594 1060 4646 suasit
1095 4594 1337 4652 Christus
1381 4613 1487 4665 non
1529 4598 1703 4653 solum
1748 4614 1844 4656 eos
1881 4601 1970 4671 qui
2014 4612 2140 4658 sunt

539 4672 676 4730 tales
714 4675 915 4747 fugere,
962 4681 1057 4737 sed
1103 4685 1263 4740 etiam
1309 4688 1643 4755 exscindere,
1686 4690 1765 4745 sic
1799 4691 2023 4748 dicens:
2075 4692 2138 4751 Si

535 4765 715 4822 oculus
740 4777 859 4825 tuus
884 4771 1057 4829 dea-ter
1077 4785 1126 4830 te
1152 4779 1485 4847 scandalizat,
1508 4798 1624 4836 erue
1648 4800 1783 4851 eum,
1816 4795 1865 4839 et
1890 4787 2015 4858 ejice
2040 4804 2071 4841 η
2092 4797 2140 4842 te

537 4852 752 4945 (Matth.
782 4860 836 4916 5.
863 4861 980 4934 29),
1012 4880 1120 4921 non
1146 4867 1329 4924 dicens
1354 4871 1422 4925 de
1457 4873 1644 4932 oculo:
1678 4877 1801 4945 quid
1826 4852 1972 4933 enim
2012 4882 2136 4935 mali

541 4944 728 5003 fecerit
768 4954 973 5019 oculus,
1004 4957 1048 5011 si
1092 4958 1164 5012 sit
1204 4973 1367 5014 sanus
1414 4963 1626 5018 animus
1646 4967 1668 5016 ‘!
1696 4944 1799 5022 sed
1839 4969 1907 5023 de
1948 4971 2137 5026 amicis

540 5043 879 5109 necessariis,
908 5055 963 5101 et
1005 5048 1094 5117 qui
1130 5060 1255 5105 sunt
1290 5052 1442 5107 nobis
1479 5053 1599 5110 loco
1644 5054 1831 5112 horum
1863 5062 2138 5117 membro-

538 5147 687 5199 rum,
721 5145 776 5189 et
811 5151 911 5192 nos
953 5139 1181 5206 laedunt,
1214 5141 1328 5199 hmc
1376 5148 1689 5215 constituit,
1725 5151 1915 5219 jubens
1944 5168 2133 5210 eorum

538 5224 699 5279 etiam
723 5227 1013 5285 amicitiam
1037 5240 1404 5301 contemnere,
1431 5249 1487 5293 ut
1508 5250 1689 5294 nostra
1711 5242 1855 5297 salus
1876 5243 2136 5303 efficiatur

541 5319 722 5374 tutior.
754 5321 1112 5389 Quamobrem
1142 5327 1254 5396 ipse
1292 5330 1452 5385 etiam
1488 5348 1675 5389 rursus
1705 5336 1757 5389 iu
1788 5340 2136 5407 sequentibus

538 5409 668 5466 dicit
696 5431 711 5467 :
741 5411 863 5469 Non
893 5418 1000 5471 sedi
1028 5434 1141 5473 cum
1181 5421 1394 5475 consitio
1432 5428 1667 5481 vanitatis
1686 5470 1700 5491 ,
1744 5438 1790 5483 et
1824 5447 1939 5484 cum
1969 5433 2138 5502 inique

538 5505 801 5574 agentibus
826 5524 928 5563 non
950 5510 1208 5582 ingrediar
1231 5512 1399 5585 (Psal.
1432 5516 1521 5573 25.
1552 5519 1632 5587 4).
1664 5520 1964 5588 Quinetiam
1985 5522 2135 5581 Jere-

540 5596 675 5650 mias
701 5612 821 5652 cum
851 5600 981 5656 dicit
1013 5602 1247 5675 beatum,
1276 5606 1366 5676 qui
1392 5608 1542 5663 sedet
1572 5614 1857 5680 separatim
1878 5656 1891 5677 ,
1916 5624 1971 5670 et
1999 5616 2136 5671 tollit

534 5686 718 5758 iugum
762 5690 830 5745 ab
862 5692 1220 5753 adolescentia
1251 5697 1461 5768 (Titi-en.
1494 5701 1547 5756 5.
1575 5701 1665 5755 27.
1696 5702 1813 5774 28).
1860 5704 1979 5761 iam
2007 5722 2135 5763 vero

538 5782 701 5838 etiam
724 5784 1008 5845 Proverbia
1038 5794 1204 5849 multa
1231 5794 1298 5851 de
1326 5810 1390 5852 ea
1417 5813 1475 5852 re
1505 5798 1667 5855 verba
1696 5798 1911 5871 iaciunt,
1944 5802 2133 5861 dicen-

2280 475 2349 531 tia
2376 485 2433 533 et
2464 480 2743 539 suadentia
2770 484 3019 542 omnibus
3036 527 3054 552 ,
3079 499 3187 542 non
3220 486 3395 544 solum
3441 488 3715 550 declinare
3737 535 3756 562 ,
3781 494 3885 551 sed

2273 567 2432 626 etiam
2456 573 2666 631 resilire
2693 575 2763 631 ab
2790 575 2856 633 iis
2883 578 2975 648 qui
3003 577 3142 634 mala
3172 582 3460 637 consulunt
3480 625 3495 646 ,
3526 591 3581 640 et
3611 600 3721 640 non
3751 600 3883 642 cum

2273 658 2377 715 illis
2404 665 2629 720 versari.
2657 665 2712 721 Si
2737 667 2880 723 enim
2910 683 3029 738 quae
3053 679 3180 725 sunt
3206 673 3464 729 naturalia
3490 690 3638 746 sarpe
3667 684 3877 731 mutant

2272 761 2517 809 naturam
2561 770 2631 811 ex
2670 757 2809 812 mala
2839 762 3265 818 consuetudine:
3312 775 3514 833 quanto
3546 766 3723 838 magis
3762 779 3879 836 qua

2270 850 2400 897 sunt
2439 852 2637 900 nostrae
2671 847 3003 905 voluntatis?
3027 850 3191 907 Color
3232 853 3376 908 enim
3412 864 3467 909 et
3505 857 3711 912 sanitas
3742 857 3881 911 inest

2272 932 2427 989 nobis
2453 947 2641 992 natura
2665 955 2679 990 :
2710 939 2805 995 sed
2833 956 2894 995 ea
2938 958 3337 1013 nonnumquam
3361 955 3785 1017 corrumpuntur
3810 962 3881 1003 ex

2270 1022 2378 1079 alio
2404 1022 2587 1082 habitu
2611 1030 2915 1098 contrario;
2948 1041 3001 1088 et
3025 1049 3211 1089 rursus
3238 1036 3505 1106 appetitus
3528 1037 3802 1102 ciborum,
3824 1046 3880 1092 et

2270 1125 2393 1168 eum
2421 1128 2565 1186 saepe
2590 1118 2861 1188 perdimus
2889 1123 3017 1177 vitio
3051 1125 3422 1194 aegritudinum
3448 1143 3462 1191 ;
3499 1126 3665 1181 multa
3708 1127 3877 1181 etiam

2269 1204 2372 1271 alia
2398 1207 2659 1278 ejusmodi
2697 1212 2940 1269 accidere
2970 1215 3229 1271 videmus.
3260 1217 3417 1285 Quod
3443 1219 3487 1273 si
3516 1233 3581 1273 ea
3607 1234 3730 1289 qua:
3751 1226 3883 1273 sunt

2271 1298 2552 1367 naturalia,
2584 1306 3076 1368 mutanturyntulto
3105 1308 3273 1377 magis
3299 1324 3359 1363 ea
3385 1323 3503 1378 quae
3527 1318 3655 1383 sunt
3680 1309 3876 1364 volun-

2270 1387 2447 1461 tatis,
2482 1388 2690 1448 facilius
2743 1403 3016 1451 mutantur
3057 1397 3126 1451 ait
3173 1399 3506 1454 utrumlibet.
3555 1398 3632 1455 Ne
3682 1415 3877 1471 parum

2267 1474 2447 1549 damni
2477 1478 2670 1538 afferre
2706 1484 3076 1541 existimemus
3112 1489 3479 1559 improborum
3518 1490 3877 1547 consuetudi-

2268 1583 2430 1625 nem:
2479 1571 2573 1627 scd
2615 1584 2738 1631 ante
2776 1579 2954 1631 omnia
2988 1593 3084 1633 eos
3127 1582 3217 1649 qui
3263 1581 3395 1637 tales
3440 1591 3565 1637 sunt
3601 1582 3873 1647 vitemus,

2267 1660 2474 1715 etiamsi
2515 1663 2624 1719 sint
2652 1679 2880 1735 uxores,
2924 1668 3130 1725 etiamsi
3162 1671 3357 1737 amici,
3386 1671 3597 1727 etiamsi
3624 1671 3872 1742 quilibet.

2266 1748 2399 1804 Nam
2443 1751 2543 1807 hoc
2571 1754 2733 1810 etiam
2777 1771 2999 1827 magnos
3029 1759 3147 1815 illos
3176 1762 3442 1831 perdidit,
3472 1761 3830 1817 Salomouem
3853 1801 3872 1828 ,

2268 1840 2485 1908 inquam
2517 1886 2531 1910 ,
2560 1853 2613 1899 et
2650 1845 2966 1903 Samsonem
2996 1869 3011 1905 :
3043 1851 3332 1921 quinetiam
3362 1863 3531 1908 totum
3574 1869 3750 1924 genus
3772 1853 3876 1909 Ju-

2264 1931 2475 1988 daicum
2517 1936 2594 1990 sic
2630 1936 2805 2006 periit.
2846 1938 3030 2010 Neque
3067 1942 3209 1997 enim
3254 1941 3381 1997 ferae
3426 1944 3498 1998 ita
3539 1944 3764 2011 laedunt,
3815 1954 3875 1999 ut

2266 2022 2541 2081 hominum
2574 2029 2904 2098 improbitas.
2935 2032 3042 2088 illa:
3079 2035 3222 2089 enim
3253 2051 3515 2091 venenum
3543 2047 3732 2107 aperte
3757 2052 3872 2108 pra‘.

2265 2128 2324 2169 se
2362 2114 2575 2171 ferunt:
2610 2117 2663 2171 hi
2710 2129 2887 2175 autem
2918 2123 3116 2178 sensim
3162 2134 3219 2179 et
3257 2125 3458 2195 absque
3498 2127 3610 2181 ullo
3638 2129 3871 2197 strepitu

2263 2204 2437 2261 labem
2467 2210 2704 2278 quotidie
2732 2212 3038 2280 immittunt,
3070 2215 3137 2271 de
3164 2217 3372 2273 virtutis
3402 2219 3600 2275 robore
3623 2220 3874 2289 quotidie

2263 2299 2515 2369 paulatim
2571 2302 2936 2360 detrahentes.
2993 2307 3257 2376 Quocirca
3313 2310 3475 2365 etiam
3534 2311 3870 2380 impudicum

2261 2402 2535 2461 aspectum
2569 2393 2711 2450 Deus
2736 2396 3020 2463 amolitur,
3054 2399 3277 2455 dicens:
3309 2400 3412 2466 Qui
3440 2404 3717 2473 respexerit
3746 2421 3869 2458 ma—

2262 2482 2433 2538 h'erem
2460 2485 2530 2539 ad
2569 2476 3047 2561 concupiscendum,
3078 2493 3193 2564 jam
3233 2496 3511 2547 nitechatus
3550 2503 3625 2549 est
3668 2512 3782 2549 eam
3813 2498 3869 2551 in

2259 2578 2419 2632 corde
2450 2595 2543 2633 suo
2576 2579 2788 2651 (Matth.
2820 2583 2874 2638 5.
2900 2584 2996 2653 38)
3025 2603 3039 2637 :
3083 2598 3150 2640 eo
3173 2584 3315 2655 quod
3352 2588 3421 2642 sit
3448 2586 3603 2641 facile
3641 2602 3707 2643 ac
3734 2603 3869 2659 pro-

2258 2668 2396 2725 clive
2436 2671 2686 2729 exitium.
2729 2673 2807 2727 Tu
2854 2684 3057 2743 autem,
3109 2676 3155 2731 si
3203 2677 3521 2749 incivitate
3564 2678 3742 2750 aliqua
3784 2679 3868 2735 sis

2258 2759 2615 2841 habitaturus,
2638 2762 2706 2818 de
2731 2777 2857 2820 aere
2882 2767 3092 2821 curiose
3117 2766 3363 2838 inquiris,
3395 2783 3462 2822 an
3491 2769 3562 2822 sit
3591 2770 3827 2825 salubris
3846 2812 3863 2834 ,

2257 2866 2323 2906 an
2354 2862 2680 2923 temperatus
2701 2899 2715 2921 ,
2745 2872 2812 2911 an
2839 2857 3013 2913 siccus
3037 2876 3050 2911 :
3080 2857 3147 2924 de
3171 2860 3348 2914 anima
3375 2872 3552 2913 autem
3590 2861 3862 2916 rationem

2254 2942 2505 3006 initurus,
2537 2960 2643 3000 non
2669 2960 2729 3001 es
2747 2947 3012 3004 sollicitus
3027 2947 3097 3003 de
3119 2963 3305 3003 eorum
3326 2950 3737 3016 consuetudine,
3764 2951 3864 3021 qui

2253 3046 2374 3088 cum
2402 3048 2464 3089 ea
2492 3044 2614 3089 sunt
2640 3038 3007 3104 congressuri;
3033 3038 3127 3093 sed
3156 3049 3356 3095 temere
3375 3048 3430 3095 et
3459 3040 3863 3098 inconsiderate

2253 3140 2372 3180 eam
2403 3127 2651 3181 omnibus
2681 3128 2946 3197 permittis
2967 3128 2991 3180 ?
3010 3129 3203 3196 Quam,
3232 3144 3438 3199 qutcso,
3470 3132 3680 3186 veniam
3706 3146 3863 3189 asse-

2252 3218 2433 3287 queris
2454 3259 2468 3284 ,
2496 3219 2586 3289 qui
2614 3234 2731 3273 eam
2760 3220 2838 3274 sic
2866 3220 3125 3291 negligis?
3154 3220 3431 3278 Undenam
3455 3223 3737 3279 existimas
3760 3239 3864 3280 eos

2252 3307 2341 3377 qui
2372 3306 2585 3362 deserta
2622 3310 2859 3365 incolunt
2881 3352 2897 3378 ,
2928 3310 3271 3367 admirabiles
3297 3323 3351 3367 et
3375 3312 3551 3369 claros
3582 3315 3813 3395 evadere
3832 3317 3870 3371 ἓ

2252 3414 2435 3455 nonne
2472 3401 2614 3470 quod
2656 3403 2911 3472 strepitus
2948 3413 3003 3459 et
3048 3403 3157 3459 fora
3209 3404 3456 3476 fugiant?
3490 3421 3667 3462 nonne
3706 3408 3866 3480 quod-

2250 3491 2407 3562 longe
2422 3507 2458 3546 -a
2489 3494 2632 3550 fumo
2661 3497 3019 3567 negotiorum,
3047 3512 3166 3568 qua:
3186 3508 3310 3552 sunt
3332 3498 3382 3552 in
3410 3497 3587 3553 medio
3605 3541 3619 3563 ,
3650 3514 3711 3554 se
3736 3499 3866 3554 colo

2249 3584 2515 3640 locarim?
2540 3587 2648 3643 Eos
2683 3589 2795 3658 ipse
2831 3605 3043 3660 quoque
3081 3590 3311 3655 imitare,
3339 3589 3391 3645 in
3417 3590 3591 3647 media
3632 3592 3867 3649 civitate

2250 3676 2591 3733 solitudinem
2616 3694 2962 3749 persequens.
2990 3681 3272 3750 Quomodo
3292 3695 3469 3737 autem
3497 3682 3598 3737 hoc
3627 3684 3731 3738 erit
3751 3683 3775 3737 ?
3795 3684 3858 3743 Si

2248 3765 2419 3837 fugias
2447 3768 2721 3838 improbos
2744 3812 2757 3836 ,
2791 3770 2913 3827 etsi
2944 3772 3115 3828 bonos
3150 3774 3412 3843 sequaris.
3444 3772 3519 3828 ita
3548 3774 3695 3829 enim
3734 3789 3862 3829 nia-

2244 3859 2417 3929 jorem
2464 3862 2726 3933 percipies
2771 3866 3134 3930 securitatem,
3182 3879 3341 3935 quam
3386 3866 3477 3936 qui
3523 3866 3577 3921 in
3618 3864 3855 3922 desertis

2250 3950 2525 4018 habitant,
2556 3968 2661 4008 non
2684 3954 2855 4009 solum
2889 3954 2943 4009 in
2988 3956 3053 4010 iis
3083 3953 3346 4025 fugiendis
3370 3959 3458 4027 qui
3485 3956 3715 4023 lardum,
3754 3957 3851 4013 sed

2247 4042 2405 4095 etiam
2434 4042 2486 4096 in
2512 4045 2961 4099 communicando
2986 4051 3107 4100 cum
3139 4047 3204 4100 iis
3229 4046 3316 4115 qui
3346 4055 3587 4114 prosunt.
3620 4045 3677 4103 Si
3704 4048 3849 4102 enim

2248 4134 2418 4187 malos
2447 4133 2661 4203 quidem
2692 4134 2882 4205 fugias,
2908 4136 3079 4192 bonos
3102 4146 3279 4192 autem
3305 4137 3569 4208 sequaris,
3599 4138 3854 4209 utrinque

2246 4232 2303 4280 et
2328 4224 2495 4278 virtus
2524 4234 2792 4295 augeseet,
2836 4236 2892 4281 et
2919 4226 3196 4282 decrescet
3237 4227 3443 4282 vitium.
3471 4227 3549 4284 Ut
3587 4228 3691 4284 hoc
3720 4244 3851 4301 ergo

2249 4314 2361 4379 flat,
2386 4312 2500 4369 lucc
2528 4313 2806 4380 faciamus,
2837 4328 3086 4386 parentes
3106 4318 3539 4390 psalmographo,
3565 4321 3656 4390 qui
3679 4320 3844 4375 dicit:

2250 4403 2504 4471 Quoniam
2552 4414 2639 4474 tu,
2672 4405 2905 4472 Domine,
2948 4409 3275 4480 singulariter
3315 4411 3367 4464 in
3408 4428 3499 4481 spe
3543 4413 3851 4466 constiru'stt'

2246 4513 2326 4551 me
2357 4502 2395 4551 ³.
2442 4497 2540 4554 liic
2583 4515 2710 4556 vero
2751 4500 2911 4557 finem
2954 4502 3167 4558 dicendi
3196 4502 3408 4567 faciam,
3448 4518 3579 4557 cum
3610 4504 3844 4570 abunde,

2245 4597 2461 4664 opinor,
2488 4597 2789 4666 propositas
2816 4598 3140 4668 quaestiones
3169 4598 3509 4665 solverimus,
3550 4597 3604 4651 in
3632 4596 3847 4653 Christo

2244 4684 2370 4742 Jesu
2402 4686 2630 4742 Domino
2669 4698 2874 4756 nostro,
2902 4688 2986 4744 cui
3008 4688 3175 4760 gloria
3201 4699 3255 4745 et
3282 4688 3586 4759 imperium,
3617 4704 3765 4746 nunc
3790 4700 3847 4745 et

2245 4792 2477 4848 semper,
2511 4788 2565 4835 et
2591 4780 2643 4833 in
2670 4780 2861 4834 saecula
2893 4780 3228 4835 saeculorum.
3263 4782 3457 4835 Amen.

2567 4890 2933 4948 EXPOSlTlO
2972 4892 3042 4948 IN
3082 4892 3407 4951 PSALMUM
3446 4894 3515 4950 γ.

2246 5002 2313 5057 In
2362 5005 2514 5072 ﬁnem
2554 5022 2650 5077 pro
2702 5022 2760 5059 ea
2810 5023 2924 5079 qua:
2969 5008 3298 5063 hereditatem
3335 5011 3540 5082 accipit,
3601 5010 3845 5067 Psalnuts

2782 5097 2968 5153 nam
3005 5100 3080 5169 (υ.
3107 5099 3158 5172 ί)
3194 5100 3294 5175 (a).

2320 5207 2371 5261 i.
2414 5205 2685 5265 Hereditas
2708 5225 2823 5280 qua:
2844 5213 2988 5268 nobis
3015 5214 3192 5268 relicta
3227 5216 3390 5269 sit.-
3411 5212 3703 5271 Videamus
3728 5218 3844 5287 pri-

2310 5322 2327 5354 ι
2364 5327 2617 5392 t3eg._po_st
2651 5322 2757 5392 btet}
2779 5326 2948 5392 verba,
2982 5326 3046 5392 in
3064 5340 3151 5391 spe
3186 5326 3471 5392 constituisti
3511 5340 3605 5392 me,
3656 5328 3840 5392 adjicit,

2610 5385 2778 5463 Aglqria
2794 5394 2845 5463 et
2873 5383 3146 5463 imper-infit,
3161 5397 3286 5463 “etc.
3301 5390 3439 5463 Qolb.
3465 5391 3514 5438 in
3669 5383 3842 5450 verba;

2243 5444 2529 5496 constituisti
2550 5444 2644 5504 me,
2670 5447 2870 5509 desinit,
2908 5444 2963 5500 ut
2996 5458 3049 5501 et
3069 5444 3333 5516 Savil.,qui
3350 5452 3618 5515 sequentia
3641 5453 3693 5502 in
3712 5444 3843 5503 mar;

2243 5508 2362 5557 eine
2383 5507 2627 5557 adscribit.

2280 5508 2362 5556 ine
2383 5508 2627 5558 adscribit.

2242 5519 2819 5637 ειῖιῗῖαρέιθὲδξνεώθ
2836 5576 3019 5637 primus
3039 5575 3208 5624 Psalmi
3241 5588 3412 5625 versus
3428 5587 3690 5637 perperam
3713 5574 3844 5627 tintli

2244 5643 2383 5694 more
2414 5634 2609 5694 ponitur
2649 5632 2697 5681 in
2742 5632 2927 5693 »ιω-ει..
2954 5650 3048 5685 non
3080 5646 3247 5686 autem
3270 5638 3318 5685 iu
3354 5632 3494 5687 savii.
3519 5632 3586 5688 'et
3606 5635 3842 5692 colbert..

2245 5692 2459 5761 nhi‘pQSt
2477 5693 2670 5761 titulum
2689 5695 2857 5745 t‘salmi
2879 5700 3041 5761 statim
3063 5701 3258 5760 ponitur
3281 5702 3510 5761 primum.
3538 5705 3704 5756 Recte,
3728 5711 3843 5761 quia

2244 5755 2381 5825 initio
2398 5756 2765 5820 insaiptionem
2788 5771 2877 5809 seu
2903 5755 3097 5811 titulum
3119 5755 3305 5813 tantum
3324 5763 3676 5825 interpretatur
3692 5755 3840 5825 Chr;-
