4070 6430
525 379 594 435 61
1246 373 1305 431 S.
1347 371 1634 432 JOANNIS
1670 369 2171 430 CHRYSOSTOMI
2220 373 2539 431 ARCHIEP.
2583 375 3134 433 CONS‘I'ANTINOP.
3343 430 3351 434 _
3712 374 3788 430 (ἰπὶ

520 491 618 547 καὶ
643 491 775 561 ἡμῖν
807 487 1116 545 ἐπιϐάλλει·
1149 490 1336 544 επειτα
1358 490 1451 552 τὸν
1477 492 1666 563 χρόνον
1704 492 1826 548 καθ’
1863 493 1922 548 δν
1954 490 2093 545 δίδο-
2199 489 2353 558 θῆναι
2393 492 2456 546 :6
2500 494 2828 564 ἐπίμοχθον·
2877 494 2946 546 τὰ
2987 493 3043 545 δέ
3087 492 3270 560 ἀγαθά
3314 491 3372 545 ἐν
3413 490 3492 562 τῷ
3533 488 3786 561 μέλλοντι

512 595 630 635 ται.
663 580 774 632 Kal
806 579 871 649 δὴ
915 578 1135 643 ἄτοπον,
1178 579 1444 651 διαθήκης
1484 581 1582 652 μέν
1623 582 1922 654 χρημάτων
1963 584 2092 654 ὑμῖν
2196 581 2555 650 ἐταμιεύσατο
2578 584 2734 638 αίῶνι
2756 625 2770 648 ,
2805 585 2945 637 ὥστε
2976 583 3053 652 τῷ
3083 583 3276 654 ἀγήρῳ
3315 580 3784 652 συμπαρεκτείνε-

514 669 988 740 ἀπαγγελθείσης,
1035 669 1110 733 ὡς
1144 671 1526 740 προσήκοντος·
1556 675 1689 742 ἡμῖν
1721 672 1814 726 τοῦ
1861 673 2088 746 κλήρου,

438 759 442 762 ’
476 808 480 811 .
517 760 975 832 περιεργάζεσθαι
1017 760 1111 813 καὶ⁴
1143 761 1618 832 πολυπραγμονεῖν
1638 804 1651 827 ,
1682 765 1776 816 καὶ
1802 763 1872 817 τά
1909 765 2089 836 γράμ-

516 867 663 920 ματα
689 849 982 921 ἐπιζητεῖν,
1011 851 1107 904 καὶ
1131 851 1390 923 ἀργύριον
1417 852 1796 921 καταϐάλλειν,
1827 855 1921 908 καὶ
1951 872 2087 926 χαρ-

510 945 647 1008 τίοις
679 945 980 1013 προσιέναι,
1017 944 1109 1000 καὶ
1142 945 1494 1016 ἀντιγράφειν
1525 946 1597 1000 τά
1638 947 2081 1018 ἐγγεγραμμένα,

509 1039 608 1092 καὶ
647 1039 825 1090 πᾶσαν
868 1036 1268 1090 ἐπιδείκνυσθαι
1311 1038 1578 1110 σπουδήν·
1619 1039 1861 1093 ἐνταῦθα’
1887 1041 1944 1093 δέ
1974 1039 2082 1092 τῶν

509 1129 781 1198 διαθηκῶν
809 1127 1194 1199 πνευματικῶν
1220 1140 1245 1168 ι
1269 1130 1350 1191 είς
1391 1130 1553 1199 μέσον
1571 1130 1967 1202 προκειμένων,
1987 1133 2080 1186 καὶ

506 1219 617 1272 τῶν
652 1219 848 1288 βίϐλων
878 1219 1068 1273 πασῶν
1116 1220 1499 1290 ἀνεῳγμένων,
1530 1221 1796 1292 ῥᾳθυμεῖν
1830 1223 1922 1276 καὶ
1949 1224 2080 1276 ἀνα-

505 1311 874 1375 πεπτωκέναι,
907 1311 1000 1364 καὶ
1033 1310 1200 1365 ταῦτα
1244 1313 1345 1382 τῆς
1381 1313 1740 1384 κληρονομίας
1779 1315 1881 1368 οὑκ
1913 1315 2078 1388 οῦσης

504 1400 788 1471 αίσθητῆς.
811 1400 1132 1471 Προσίωμεν
1151 1402 1350 1468 τοίνυν,
1375 1404 1465 1456 καὶ
1491 1406 1796 1477 ἀνοίγωμεν
1815 1408 1883 1462 τὰ
1905 1422 2078 1479 γραμ-

507 1495 728 1563 ματεῖα,
763 1491 856 1543 καὶ
898 1492 1256 1562 ἐγκύπτωμεν
1284 1496 1396 1557 τοῖς
1421 1496 1940 1567 ’.ἐγγεγραμμένοις,
1981 1500 2074 1553 καὶ

504 1583 701 1651 ἴδωμεν
729 1582 819 1634 ἐπὶ
849 1580 986 1635 τίσιν
1012 1583 1142 1652 ἡμῖν
1166 1584 1194 1634 6
1218 1583 1420 1653 κλῆρος
1447 1579 1597 1648 οὗτος
1629 1587 2070 1656 καταλέλειπται,

499 1674 593 1726 καὶ
620 1672 704 1736 τίς
736 1673 768 1742 ἡ
808 1671 903 1725 τοῦ
946 1672 1149 1743 κλήρου
1178 1673 1357 1742 φύσις.
1397 1676 1473 1728 υὺ
1507 1676 1614 1747 γὰρ
1641 1677 1829 1742 ἀπλῶς
1862 1681 2065 1734 κατέλι-
2116 1743 2124 1748 _

497 1781 597 1818 πεν
631 1766 761 1835 ἡμῖν
809 1764 901 1817 τὸν
932 1764 1160 1834 κλῆρον,
1197 1764 1310 1818 ἀλλ’
1344 1767 1428 1834 ἐφ’
1474 1769 1686 1839 αἱρέσει
1722 1771 1751 1809 δ
1781 1772 1905 1824 τινί.
1937 1773 2073 1844 Ποία

496 1853 559 1924 δὴ
576 1852 748 1923 ταύτῃ
773 1869 788 1916 ;
817 1853 879 1906 ὀ
894 1851 1139 1922 ἀγαπῶν
1163 1870 1258 1922 με.
1273 1855 1425 1924 φησιν
1444 1855 1551 1921 τὰς
1568 1857 1821 1923 ἐντολάς
1830 1858 2069 1932 μουῐ²⁹]

496 1941 761 2013 τηρήσει.
792 1941 900 1994 Καὶ
929 1940 1110 2002 πάλιν,
1141 1943 1244 2005 Ὃς
1263 1944 1373 1994 οὐκ
1400 1941 1515 2010 ἄρῃ
1543 1944 1649 1996 τὸν
1675 1944 1941 2013 σταυρὸν
1960 1949 2065 1999 αὺ-

496 2026 621 2090 τοῦ,
639 2027 736 2080 καί
765 2023 1070 2092 ἀκολουθῇ
1098 2026 1290 2079 ὀπίσω
1316 2044 1435 2095 μου
1461 2042 1473 2055 ·
1517 2030 1607 2082 καὶ
1637 2029 1797 2100 ἕτερα
1827 2031 2066 2100 πλείονα,

493 2110 636 2182 ἅπερ
670 2114 735 2183 τῇ
764 2103 1007 2185 Διαθήκῃ
1051 2111 1444 2181 ἐγγέγραπται.
1471 2115 1749 2186 Μάθωμεν
1776 2117 1832 2170 δὲ
1858 2119 1952 2170 καὶ
1979 2119 2068 2172 τὸν

495 2199 704 2269 χρόνον,
738 2198 860 2251 καθ’
908 2197 966 2250 δν
1011 2197 1278 2267 μέλλομεν
1331 2199 1502 2252 ταῦτα
1532 2201 1958 2272 ἀπολαμϐάνειν.
1991 2207 2064 2259 Οὐ

494 2285 602 2354 γάρ
619 2285 648 2338 6
671 2283 861 2355 παρών
885 2286 1049 2348 ἐστιν,
1070 2284 1184 2337 ἀλλ’
1207 2288 1234 2338 6
1260 2286 1492 2355 μέλλωψ
1513 2287 1713 2356 μᾶλλον
1727 2289 1782 2342 δὲ
1799 2292 1893 2343 καὶ
1913 2294 1940 2345 6
1965 2309 2068 2346 πα-

495 2369 604 2441 ρὼν
632 2369 731 2424 καὶ
750 2373 779 2424 6
803 2369 1031 2440 μέλλων.
1057 2372 1300 2439 Ζητεῖτε
1326 2373 1432 2443 γὰρ
1464 2374 1577 2440 τὴν
1602 2375 1930 2438 ,ϐασιλείαν
1959 2380 2066 2434 τοῦ

493 2457 664 2519 Θεοῦ,
680 2457 986 2512 καὶταῦτα
1009 2457 1205 2511 πάντα
1225 2459 1697 2527 προστεθήσεται
1719 2463 1860 2531 ὑμῖν
1879 2481 1892 2493 °
1919 2464 1981 2518 :6
2009 2465 2066 2518 δὲ

489 2546 781 2617 ὀλόκληρον
809 2546 950 2600 τότε.
995 2543 1211 2617 Ἐπειδὴ
1235 2547 1343 2618 γὰρ
1370 2549 1399 2599 6
1429 2548 1617 2618 παρὼν
1641 2549 1755 2619 βίος
1779 2553 2063 2624 ἐπίκηρος,

490 2630 585 2684 καὶ
603 2629 954 2702 ἀτελέστερον
980 2631 1060 2683 ἐτι
1080 2631 1417 2702 διακείμεθα,
1437 2635 1573 2706 ὅπερ
1599 2636 1841 2690 ποιοῦσιν
1860 2641 1909 2691 οί
1935 2639 2064 2703 ἐξω-

492 2718 584 2771 θεν
617 2717 923 2788 νομοθέται,
959 2719 1053 2778 κα).
1095 2718 1319 2782 τελείοις
1350 2722 1662 2792 γενομένοις
1697 2725 2062 2794 ἐγχειρίζουσι

488 2803 587 2874 τὴν
622 2803 880 2874 πατρῴαν
913 2804 1135 2869 οὐσίαν,
1166 2804 1325 2858 τοῦτο
1368 2809 1463 2860 καὶ
1505 2810 1534 2862 6
1568 2809 1700 2872 Θεὸς
1744 2812 2057 2880 ἐργάζεται.

501 2891 748 2944 Ἐπειδὰν
770 2893 849 2954 είς
877 2891 1047 2962 ἄνδρα
1065 2892 1266 2945 τέλειον
1287 2895 1380 2946 καὶ
1402 2895 1598 2966 μέτρον
1623 2897 1838 2966 ἡλικίας
1865 2908 2062 2954 καταν-

485 2979 760 3049 τήσωμεν,
789 2977 884 3030 καὶ
915 2979 1052 3048 πρὸς
1083 2977 1176 3031 τὸν
1224 2979 1498 3051 ἀκήρατον
1535 2983 1888 3054 μεταστῶμεν
1923 2985 2056 3054 βίον,

486 3066 604 3119 τότε
637 3068 768 3137 ημῖν
795 3066 1090 3138 ἐγχειρίζει
1115 3067 1205 3122 τὸν
1229 3067 1426 3138 κλῆρον
1460 3068 1687 3122 ἐκεῖνον.
1721 3070 1870 3133 Τέως
1895 3071 1950 3124 δὲ
1977 3073 2058 3126 διο

486 3151 658 3213 έθετο,
675 3155 767 3207 καὶ
788 3153 856 3206 τὰ
873 3155 1174 3224 γράμματα
1190 3156 1321 3224 ἡμῖν
1341 3154 1620 3220 κατέλιπε,
1638 3157 1734 3209 καὶ
1753 3157 1875 3210 τίνα
1892 3159 2060 3229 πράτ-

484 3255 669 3303 τοντες
693 3240 1086 3310 ἐπιτευξόμεθα
1117 3241 1216 3310 τῆς
1242 3241 1603 3311 κληρονομίας
1624 3237 1794 3303 εἶπεν,
1817 3242 1957 3296 ὥστε
1985 3247 2058 3316 μὴ

489 3325 767 3388 ἐκπεσεῖν,
799 3325 932 3396 μηδέ
957 3326 1164 3396 ἀποκλη
1175 3327 1432 3397 ρονόμους
1456 3328 1725 3395 γενέσθαι.
1761 3328 1824 3382 El
1853 3331 1910 3383 δέ
1938 3347 2059 3384 τινα

487 3412 704 3482 θορυϐεῖ
720 3412 780 3464 :6
805 3411 1028 3483 μηδέπω
1042 3413 1277 3473 τελείους
1299 3414 1446 3482 ἡμᾶς
1465 3409 1625 3474 εἷναι.
1645 3417 1738 3468 καὶ
1763 3417 2057 3471 ὑποπτεύει

485 3498 554 3551 τὰ
598 3498 897 3568 εἰρημένα,
947 3498 1294 3550 ἀκουέτωσαν
1350 3495 1565 3552 Παύλου
1605 3501 1881 3569 λέγοντος·
1919 3505 2057 3558 Ὅτε

483 3582 646 3652 ἤμην
664 3585 899 3650 νήπιος,
913 3584 996 3648 ὡς
1017 3581 1232 3649 νήπιος
1255 3582 1540 3648 ἐλάλουν,
1558 3586 1638 3651 ὡς
1657 3587 1875 3654 νήπιος
1889 3589 2059 3658 ἐφρό-

483 3686 652 3732 νουν,
684 3670 763 3734 ὠς
787 3669 1001 3735 νήπιος
1023 3668 1369 3739 ἐλογιζόμην
1384 3689 1397 3701 ·
1426 3671 1523 3725 ὅτε
1550 3672 1618 3725 δὲ
1637 3673 1852 3744 γέγονα
1876 3676 2052 3744 ἀνὴρ,

482 3755 828 3824 κατήργηκα
854 3755 927 3809 τὰ
953 3755 1060 3810 τοῦ
1087 3758 1308 3824 νηπίου
1328 3775 1342 3788 ·
1376 3760 1502 3829 περὶ
1539 3759 1634 3812 τοῦ
1667 3763 1932 3830 παρόντος
1960 3765 2055 3817 καὶ

480 3841 573 3895 τοῦ
607 3842 888 3911 μέλλοντος
912 3841 1106 3906 αίῶνος
1129 3842 1536 3913 διαλεγομένου.
1573 3848 1684 3900 Καὶ
1710 3849 1874 3902 πάλιν
1893 3867 1907 3881 ·
1940 3853 2051 3906 Μέ-

479 3946 612 3997 χρις
656 3925 726 3985 οὗ
765 3929 1227 4000 καταντήσωμεν
1257 3935 1312 3985 οί
1343 3931 1567 3992 πάντες
1608 3937 1697 3999 είς
1728 3935 1917 4004 ἄνδρα
1961 3939 2053 3992 τέ-

477 4020 663 4078 λειον,
693 4019 780 4083 είς
799 4015 1016 4086 μέτρον
1046 4019 1302 4084 ἡλικίας.
1341 4019 1430 4072 Ἐν
1461 4021 1562 4089 μὲν
1589 4024 1698 4093 γὰρ
1719 4024 1797 4093 τῷ
1823 4026 2050 4095 παρόντι

481 4103 599 4174 βίῳ,
651 4102 805 4173 φησὶ,
859 4103 1109 4175 καθάπερ
1163 4105 1312 4180 παρά
1358 4106 1541 4177 τροφῷ
1577 4125 1712 4170 τινι,
1766 4113 1830 4180 τῇ
1876 4112 2049 4166 κτίσει

477 4189 648 4260 ταύτῃ
680 4189 1095 4260 ἀνατρεφόμεοα
1118 4207 1131 4222 '
1177 4179 1398 4244 ἐπεῖδάν
1428 4192 1483 4245 δέ
1526 4179 1921 4265 μέλλωμενῃείς
1951 4199 2050 4270 τὴν

477 4275 800 4348 δεσποτικὴν
820 4277 1049 4344 ἄγεσθαι
1074 4279 1268 4344 οἰκίαν,
1292 4279 1359 4332 τὰ
1391 4279 1580 4348 ἱμάτια
1609 4282 2051 4357 ἀπαμφιεννύμε-

477 4380 556 4416 νοι
596 4363 697 4433 τῆς
746 4363 986 4436 φθορᾶς,
1041 4366 1137 4418 καὶ
1189 4365 1497 4436 ἀφθαρσίαν
1546 4367 2046 4440 ἀναλαμϐάνοντες,

475 4450 610 4521 πρὸς
657 4451 852 4521 ἑτέραν
908 4452 1281 4522 μεθιστάμεθα
1322 4453 1496 4520 λῆξιν.
1540 4454 1686 4526 Αὕτη
1734 4458 1766 4527 ἡ
1814 4459 2045 4533 διαθήκη

473 4538 568 4590 καὶ
600 4539 943 4610 ἀποκλήρους
973 4549 996 4578 α
1046 4539 1270 4603 πολλοὺς
1299 4541 1560 4612 ἠπείλησε
1600 4546 1793 4608 ποιεῖν,
1828 4546 1921 4600 ἐὰν
1954 4550 2048 4602 ἀν-

474 4623 613 4688 άξιοι
656 4626 917 4692 γένωνται
958 4626 1066 4680 τῶν
1115 4627 1378 4696 αἱρέσεων
1410 4628 1520 4682 τῶν
1560 4630 2042 4702 ἐγγεγραμμένων.

486 4709 624 4762 Ἀλλ’
678 4711 873 4781 ίδωμεν
914 4712 996 4776 τίς
1038 4715 1184 4766 ἐστιν
1230 4716 1258 4766 6
1300 4714 1501 4785 κλῆρος
1535 4715 1736 4771 λοιπόν.
1786 4720 1846 4771 Ἀ
1893 4719 2047 4787 μήτε

470 4795 775 4866 ὀφθαλμὸς
808 4794 948 4863 εἶδε,
978 4798 1130 4868 μήτε
1158 4797 1266 4866 οὖς
1297 4801 1545 4868 ἤκουσε,
1577 4803 1726 4871 μήτε
1768 4805 1866 4859 ἐπὶ
1905 4825 2045 4875 καρ-

472 4883 610 4938 δίαν
641 4886 952 4950 ἀνθρώπου
984 4886 1188 4953 ἀνέϐη.
1232 4887 1352 4950 Πῶς
1387 4888 1564 4941 τοίνυν
1600 4891 1900 4962 ἐμέλλομεν
1946 4895 2044 4965 τὴν

473 4975 668 5045 χρῆσιν
692 4976 894 5030 τούτων
925 4977 1221 5047 λαμϐάνειν
1250 4981 1308 5030 ἐν
1337 4979 1415 5048 τῷ
1447 4980 1670 5050 παρόντι
1696 4981 1815 5052 βίῳ,
1850 4977 1924 5037 ὧν
1949 4988 2042 5038 καὶ

471 5063 506 5129 ή
539 5060 736 5127 γνῶσις
761 5063 1074 5132 ὑπερϐαίνει
1099 5063 1195 5134 τὴν
1217 5064 1453 5118 διάνοιαν
1485 5067 1582 5137 τὴν
1616 5070 1919 5140 ήμετέραν;
1944 5072 2040 5125 Διά

467 5147 627 5199 τοῦτο
646 5150 776 5218 ἡμῖν
802 5151 916 5202 ἐκεῖ
943 5151 1310 5219 τεταμίευται.
1337 5151 1439 5205 Καὶ
1468 5154 1570 5224 ὅρα
1595 5157 1694 5223 τὴν
1715 5157 2039 5228 κηδεμονίαν

466 5234 565 5303 τὴν
593 5234 812 5304 πολλήν.
849 5237 987 5299 Τοὺς
1029 5237 1126 5306 μὲν
1169 5240 1360 5302 πόνους
1391 5244 1456 5312 τῇ
1491 5241 1738 5314 παρούσῃ
1785 5247 2040 5318 συνεκλή-

469 5337 612 5390 ρωσε
637 5320 769 5392 ζωῇ,
792 5321 931 5380 ὥστε
954 5327 1020 5395 τῇ
1044 5324 1338 5397 βραχύτητι
1358 5329 1449 5380 τοῦ
1477 5331 1667 5400 χρόνου
1702 5335 2038 5400 συγκαταλυ-

531 5501 556 5528 ι
594 5502 931 5575 Πνευματικῶν
952 5503 1097 5551 deest
1136 5507 1186 5553 in
1224 5506 1372 5557 Savil.
1399 5508 1521 5558 etin
1542 5510 1667 5575 Reg.
1705 5513 1827 5562 Infra
1866 5516 2033 5578 iidem,

465 5562 725 5610 ἀνοίγωιιεν
743 5579 802 5610 τα
824 5563 1094 5610 γοάαηατα.

499 5576 725 5670 νειτῖμεν
743 5579 802 5644 τα
824 5576 1110 5636 meum.
1236 5629 1246 5638 .
1351 5631 1360 5642 .
1405 5635 1408 5639 .
1933 5635 1944 5646 .
1971 5636 1980 5645 .
2021 5576 2029 5578 “

499 5679 584 5732 uti.
629 5635 720 5671 anc
744 5635 908 5672 \ocem
927 5635 1024 5686 Jam
1046 5626 1524 5689 aliquotieswdsmus
1544 5646 1632 5696 pro
1643 5642 1782 5700 pacto
1801 5638 2034 5689 commto-

463 5696 710 5808 mt’hnes-
740 5745 1172 5810 ἀποκληρονὸνους,
1194 5751 1370 5802 eodem
1395 5767 1561 5805 sensu.

2197 672 2321 726 σθαι
2349 675 2448 737 τάς
2475 675 2728 745 ἀμοιϐάς.
2779 676 3025 746 Ἐκείνην
3061 675 3160 746 τὴν
3191 673 3345 743 λῆξιν
3376 674 3469 726 καὶ
3501 671 3785 742 βασιλείαν

2193 760 2365 815 καλεῖ.
2391 762 2454 814 Εί
2486 763 2592 833 γὰρ
2619 765 2714 815 καὶ
2739 762 3055 834 ὑπερϐαίνει
3087 763 3266 831 λόγον,
3295 762 3408 816 ἀλλ’
3447 763 3598 832 ὅμως
3634 762 3785 816 κατὰ

2190 850 2253 904 τὸ
2279 853 2554 924 ἐγχωροῦν
2583 849 2714 923 ἡμῖν
2743 840 3000 917 ἀκοῦσαι,
3028 853 3365 925 παρῃνίξατο
3388 853 3458 906 τὰ
3491 853 3784 918 μέλλοντα,

2189 941 2286 996 νῦν
2308 943 2424 1012 μὲν,
2441 945 2576 1013 ὅπερ
2591 944 2762 1014 ἔφθην
2777 945 2967 1006 εἰπὼν,
2986 945 3263 1014 βασιλείαν
3280 945 3478 1008 καλῶν,
3500 945 3594 998 νῦν
3611 945 3670 997 δὲ
3686 945 3781 1013 γά·

2192 1047 2312 1100 μον,
2336 1032 2429 1084 νῦν
2452 1034 2644 1104 ἀρχὴν,
2673 1036 2781 1087 ἀπὸ
2804 1034 2912 1086 τῶν
2931 1035 3172 1105 φαιδρῶν
3193 1033 3303 1086 τῶν
3340 1036 3467 1104 παρ’
3493 1037 3632 1104 ἡμῖν
3662 1035 3780 1087 ὀνο-

2189 1123 2376 1193 μάτων
2402 1125 2742 1194 παρανοίγων
2760 1128 2791 1195 ἡ
2803 1130 2892 1195 μῖν
2915 1126 3011 1184 τὴν
3035 1143 3100 1178 πε
3110 1127 3161 1195 9l
3176 1126 3400 1178 ἐκείνων
3420 1124 3650 1190 ἔννοιαν,
3677 1124 3780 1193 τὴν

2185 1214 2400 1268 αἰώνιον
2429 1215 2614 1280 δόξαν,
2639 1217 2738 1285 τὴν
2764 1219 3038 1287 ἀκήρατον
3076 1216 3474 1287 μακαριότητα,
3503 1215 3603 1285 τὴν
3632 1216 3779 1286 μετά

2182 1305 2420 1376 Χριστοῦ
2447 1296 2743 1380 διαγωγὴν,
2769 1303 2836 1379 ἦς
2861 1310 3014 1363 οὐδὲν
3043 1309 3108 1363 ἂν
3135 1310 3345 1378 γένοιτο
3367 1309 3501 1362 ἴσον.
3531 1307 3691 1370 Τίνες
3715 1307 3776 1362 δέ

2181 1397 2276 1451 καὶ
2303 1398 2360 1450 al
2393 1397 2635 1470 αἱρέσεις
2667 1400 2766 1469 τῆς
2809 1399 3166 1468 Ἐκκλησίας,
3195 1399 3394 1469 μᾶλλον
3423 1397 3479 1450 δέ
3504 1397 3605 1466 τῆς
3634 1397 3771 1468 κλη-

2182 1490 2466 1560 ρονομίας;
2511 1490 2678 1543 υὺδέν
2714 1491 2973 1562 φορτικὸν
3011 1491 3254 1560 ἔχουσαι.
3307 1491 3367 1543 Ἀ
3400 1488 3604 1542 θέλετε
3643 1488 3770 1552 ἵνα,

2181 1582 2336 1650 φησὶ,
2369 1579 2627 1635 ποιῶσιν
2655 1581 2796 1650 ὑμῖν
2827 1584 2882 1635 οι
2910 1583 3225 1650 ἄνθρωποι,
3257 1576 3446 1635 ταῦτα
3475 1579 3574 1633 καί
3597 1574 3772 1648 ὑμεῷ

2178 1670 2396 1724 ποιεῖτε
2420 1671 2642 1737 αὐτοῖς.
2669 1671 2783 1743 [50]
2808 1673 2968 1742 Ὁρᾷς
2992 1672 3107 1735 πῶς
3127 1671 3280 1725 οὐδὲν
3299 1670 3448 1737 ξένον
3471 1671 3772 1739 ἐπεισήγαι·

2177 1773 2294 1825 γεν,
2313 1757 2429 1810 ἀλλ’
2451 1757 2488 1810 ἃ
2511 1757 2856 1829 προλαϐοῦσα
2883 1761 2917 1828 ἡ
2948 1758 3108 1828 φύσις
3135 1756 3526 1828 ἐνομοθέτησεν
3543 1757 3771 1828 ςθΑπερ

2177 1848 2360 1910 αὑτὸς,
2379 1850 2533 1919 φησὶ,
2552 1831 2803 1916 γενέσθαι
2821 1849 2994 1911 θέλεις
3024 1847 3177 1919 παρὰ
3197 1847 3305 1900 τῶν
3326 1848 3553 1916 πλησίον
3577 1847 3658 1908 είς
3681 1845 3768 1906 σὲ,

2175 1937 2348 1990 ταῦτα
2376 1937 2470 1990 καὶ
2495 1938 2656 2000 αὐτὸς
2675 1937 2925 2008 ἐργασαι.
2950 1937 3136 1999 Θέλεις
3157 1937 3499 1990 ἐπαινεῖσθαι
3521 1952 3535 2000 ;
3577 1934 3766 1988 Ἐπαίο

2175 2043 2275 2080 νει.
2306 2025 2493 2090 Θέλεις
2527 2027 2602 2097 μὴ
2640 2026 3016 2097 ἀρπάζεσθαις
3052 2028 3144 2098 Μὴ
3187 2025 3425 2096 ἅρπαζε.
3457 2026 3643 2088 Θέλεις
3681 2040 3757 2078 τις

2177 2116 2413 2188 μᾶσθαι;
2445 2118 2614 2186 Τίμα.
2645 2117 2830 2181 Θέλεις
2869 2117 3170 2183 ἐλεεῖσθαι;
3217 2118 3408 2172 Ἐλέει.
3448 2117 3634 2179 Θέλεις
3668 2133 3756 2185 :9:-

2172 2210 2420 2276 λεϊσθαι;
2457 2212 2627 2265 Φίλει.
2659 2211 2843 2273 Θέλεις
2880 2211 2954 2283 μὴ
2988 2211 3206 2265 ἀκούειν
3251 2209 3472 2272 κακῶς;
3508 2206 3661 2265 Μηδὲ
3693 2207 3762 2260 σὺ

2173 2300 2354 2372 εἴπῃς.
2393 2298 2498 2352 Kal
2536 2301 2637 2370 δρα
2678 2301 2777 2368 τὴν
2821 2300 3128 2370 ἀκρίϐειαν.
3177 2300 3291 2352 Οὐκ
3331 2294 3678 2360 είπεν,’οσα
3697 2297 3759 2350 οὐ

2174 2383 2354 2445 θέλετε
2391 2392 2477 2446 ἵνα
2516 2391 2754 2454 ποιῶσι,
2778 2392 2914 2462 μηδέ
2947 2393 3104 2462 ὑμεῖς
3133 2393 3359 2455 ποιεῖτε,
3411 2389 3542 2457 ἀλλ’,
3575 2391 3637 2442 Ἀ
3665 2388 3762 2441 θέ-

2170 2487 2327 2538 λετε.
2371 2483 2589 2553 Ἐπειδὴ
2628 2484 2739 2553 γάρ
2766 2483 2859 2535 δύο
2889 2484 3027 2536 είσὶν
3061 2483 3169 2536 ὁδοὶ
3201 2483 3334 2552 πρὸς
3362 2482 3566 2551 ἀρετὴν
3591 2481 3760 2547 ἀγου-

2173 2590 2286 2636 σαι,
2338 2574 2435 2644 μία
2471 2573 2569 2644 μὲν
2607 2576 2639 2644 ή
2689 2573 2976 2642 ἀπαλλαγὴ
3009 2574 3107 2642 τῆς
3141 2573 3374 2635 κακίας,
3421 2571 3585 2640 ἐτέρα
3628 2570 3685 2623 δὲ
3721 2574 3757 2642 ἡ

2169 2665 2402 2734 ἐργασία
2433 2663 2540 2715 τῶν
2581 2663 2812 2733 ἀρετῶν,
2854 2662 3057 2733 ταύτην
3092 2661 3401 2732 προτίθησι,
3437 2661 3523 2714 διὰ
3551 2660 3757 2731 ταύτης

2168 2753 2427 2822 κάκείνην
2457 2753 2622 2824 δήλην
2653 2752 2820 2806 ποιῶν
2846 2769 2861 2784 ·
2897 2753 2991 2805 καὶ
3027 2755 3124 2823 τὴν
3156 2754 3253 2824 μὲν
3281 2753 3500 2824 ᾐνίξατο
3536 2753 3615 2823 τῷ
3665 2753 3757 2805 λέ-

2167 2861 2307 2913 γειν.
2335 2844 2401 2899 '0
2417 2849 2614 2915 μισεῖς.
2631 2844 2776 2917 ἄλλῳ
2800 2845 2874 2916 μὴ
2908 2847 3175 2916 ποιήσῃς·
3203 2845 3302 2915 τὴν
3329 2845 3384 2897 δὲ
3417 2845 3604 2914 σαφῶς
3630 2845 3758 2914 ἐδή-

2167 2933 2337 2986 λωσεν
2369 2929 2560 2999 εἰπὼν,
2589 2935 2738 2988 Ὅσα
2764 2933 2967 2988 θέλετε
2990 2935 3091 2987 ἵνα
3119 2934 3374 2989 ποιῶσιν
3399 2936 3542 3005 ὑμῖν
3565 2938 3620 2989 οἱ
3647 2935 3753 2988 ἆν-

2167 3024 2507 3092 θρωποι,καί
2531 3023 2700 3092 ὑμεῖς
2720 3024 2941 3076 ποιεῖτε
2959 3024 3183 3088 αὐτοῖς.

2238 3111 2302 3181 β’.
2326 3112 2479 3164 Ἐστι
2501 3115 2597 3165 καὶ
2627 3111 2760 3182 άλλη
2796 3112 3025 3182 αἵρεσις,
3059 3111 3195 3165 Ποία
3231 3111 3288 3165 δέ
3313 3112 3482 3181 αῦτη;
3513 3112 3588 3166 Τὸ
3613 3113 3754 3181 ἀγα-

2166 3206 2274 3274 πᾷν
2295 3204 2388 3258 τὸν
2419 3203 2759 3274 πλησίον,ὡς
2789 3205 2998 3257 ἐαυτόν.
3023 3204 3089 3256 Τί
3114 3203 3303 3258 τούτου
3338 3204 3534 3273 γένοιτ’
3558 3205 3624 3259 ἀν
3659 3206 3753 3259 εὑ-

2166 3293 2497 3365 κολὼτερον;
2525 3294 2599 3347 Τὸ
2629 3294 2738 3364 γὰρ
2770 3298 2949 3365 μισεῖν
2979 3295 3213 3366 ἐπαχθές
3245 3297 3338 3348 καὶ
3366 3295 3629 3365 θορύϐους
3649 3298 3752 3366 ἐμ-

2166 3385 2355 3438 ποιοῦν
2376 3403 2389 3416 ο
2425 3387 2488 3438 τὸ
2517 3387 2575 3438 δέ
2604 3385 2778 3448 φιλεῖν
2815 3386 3034 3439 εῦκολον
3069 3391 3163 3440 καὶ
3190 3387 3388 3457 ῥᾴδιον.
3420 3389 3531 3441 Kal
3558 3388 3676 3458 γὰρ
3697 3390 3750 3441 εί

2166 3478 2264 3545 μὲν
2284 3473 2456 3542 εἶπεν,
2472 3475 2946 3549 ’Δνθρωποιδντες
2958 3478 3160 3546 φιλεῖτε
3185 3478 3372 3548 θηρία,
3396 3478 3653 3532 δύσκολον
3678 3476 3749 3550 ἦν

2161 3569 2222 3621 :6
2255 3567 2535 3637 ἐπίταγμα
2556 3587 2568 3600 ·
2593 3571 2642 3622 εί
2672 3569 2731 3620 δέ
2763 3569 3084 3641 ἀνθρώπους
3113 3570 3273 3632 ὄντας
3306 3569 3625 3641 ἀνθρώπους
3657 3587 3747 3639 φι-

2117 3683 2121 3688 ·
2160 3662 2271 3714 λεῖν
2306 3661 2623 3723 ἐκέλευσεν,
2654 3661 2781 3713 ἔνθα
2811 3663 2907 3715 καὶ
2935 3660 2996 3713 τὸ
3021 3660 3328 3731 ὀμοιούσιον
3359 3662 3454 3712 καὶ⁵
3485 3662 3747 3727 συγγενὲς

2160 3751 2357 3822 πολλὴν
2381 3752 2622 3821 εἰσφέρει
2643 3751 2841 3820 ’ροπὴν,
2872 3753 2965 3804 καὶ
2988 3751 3139 3822 παρά
3162 3751 3259 3820 τῆς
3288 3751 3501 3819 φύσεως
3533 3753 3568 3822 ἡ
3601 3769 3748 3821 παρ·

2159 3842 2401 3905 αίνεσις,
2453 3841 2611 3894 ποίαν
2654 3841 2720 3893 ἂν
2773 3841 2885 3912 ἔχοι
2926 3841 3243 3906 δυσκολίαν;
3282 3842 3458 3910 Ὅπερ
3509 3842 3602 3894 καὶ
3648 3840 3746 3894 ἐπὶ

2157 3929 2386 3984 λεόντων
2415 3931 2510 3983 καὶ
2535 3930 2714 3984 λύκων
2744 3932 2956 3999 γίνεται
2977 3947 2991 3962 ο
3018 3932 3112 3984 καὶ
3138 3930 3246 4003 γὰρ
3272 3933 3366 3984 καὶ
3389 3934 3507 3984 ἐκεῖ
3523 3933 3584 3984 τὸ
3611 3949 3746 4001 συγ-

2165 4021 2310 4089 γενὲς
2336 4021 2436 4090 τῆς
2463 4019 2676 4089 φύσεως
2710 4020 2926 4088 ἀγωγὸν
2959 4023 3039 4084 είς
3073 4020 3254 4089 φιλίαν
3288 4021 3422 4073 ἐστί.
3456 4023 3619 4075 Ποίαν
3647 4019 3743 4075 οὖν

2159 4113 2420 4182 σχοίημεν
2465 4112 2760 4181 ἀπολογίαν
2786 4152 2801 4178 ,
2858 4113 3076 4175 λέοντας
3118 4115 3216 4184 μέν
3267 4114 3602 4185 ἡμεροῦντες
3646 4113 3745 4166 καλ⁵

2156 4207 2373 4270 ἐαυτοῖς
2408 4207 2825 4282 συνοικίζοντες,
2857 4208 2920 4260 :6
2946 4208 3002 4260 δέ
3027 4209 3285 4278 ὁμογενὲς
3328 4209 3401 4279 μὴ
3429 4208 3748 4278 ἐπισπώμε-

2155 4316 2235 4352 νοι
2257 4316 2270 4361 ;
2300 4299 2409 4369 Οὐχ
2436 4283 2620 4365 ὁρᾶτε,
2650 4299 2731 4352 ὅτι
2761 4299 2947 4352 πολλοὶ
2974 4298 3061 4352 διά
3085 4298 3450 4369 κληρονομίαν
3477 4302 3740 4372 γέροντας

2155 4390 2428 4462 περιίασιν
2462 4391 2820 4461 ἀγρεύοντες,
2874 4391 2969 4444 καὶ
3021 4391 3236 4444 πάντων
3273 4391 3380 4445 τῶν
3415 4392 3511 4445 τοῦ
3548 4395 3737 4464 γήρως

2151 4483 2436 4552 ἀνέχονται
2472 4483 2678 4549 κακῶν,
2719 4482 2830 4536 νέοι
2858 4482 3010 4544 ὄντες
3035 4482 3129 4533 καὶ
3159 4483 3515 4552 σφριγῶντες,
3544 4483 3738 4536 ποδαλο

2152 4572 2275 4640 γίας
2302 4574 2396 4626 καὶ
2423 4572 2533 4625 τῶν
2567 4573 2740 4627 ἄλλων
2769 4573 2877 4626 τῶν
2904 4576 2961 4627 ἐν
2991 4573 3067 4644 τῷ
3095 4575 3241 4645 γήρᾳ
3267 4575 3608 4644 νοσημάτων,
3643 4575 3735 4628 καὶ

2151 4664 2409 4734 κορύζης,
2435 4664 2521 4717 διὰ
2543 4664 2635 4716 τοῦ
2659 4664 3043 4736 προσεδρεύειν
3062 4665 3359 4735 διηνεκῶς;
3386 4667 3575 4719 Καίτοι
3601 4667 3734 4738 χρή-

2153 4756 2300 4825 ματά
2332 4758 2478 4807 ἐστιν
2508 4757 2657 4820 ἐκεῖ,
2689 4757 2784 4823 καὶ
2814 4756 3024 4827 ἄδηλος
3050 4757 3205 4820 ἐλπίς
3227 4775 3242 4788 ·
3287 4757 3521 4810 ἐνταῦθα
3557 4759 3613 4811 δὲ
3643 4760 3733 4812 οὑ-

2151 4846 2334 4917 ρανὺς,
2359 4847 2454 4898 καὶ
2479 4847 2585 4917 πρὸ
2611 4846 2706 4899 τοῦ
2734 4845 2965 4917 ούρανοῦ
2993 4847 3054 4899 τὸ
3083 4848 3446 4919 εὐαρεστῆσαι
3471 4849 3608 4920 Θεῷ.
3636 4851 3733 4916 Τίς

2147 4939 2204 4992 δέ
2239 4941 2272 5009 ἡ
2325 4939 2766 5011 κληρονομοῦσα;
2839 4939 3007 5008 Ὑπὲρ
3056 4930 3195 5006 τῆς
3232 4943 3732 5011 κληρονομούσης

2147 5030 2256 5100 γάρ
2285 5031 2508 5099 φησινὴ
2542 5030 2857 5099 προγραφή.
2904 5029 2968 5082 Ἦ
3014 5031 3328 5100 Ἐκκλησία,
3365 5033 3460 5098 καὶ
3503 5031 3563 5085 τὸ
3593 5031 3733 5101 πλή-

2149 5137 2308 5192 ρωμα
2339 5121 2508 5189 αὐτῆς
2529 5135 2542 5148 '
2576 5121 2702 5188 περὶ
2733 5115 2797 5190 ἦς
2831 5119 2977 5188 λέγει
3004 5123 3031 5174 6
3060 5111 3272 5185 Παῦλος
3297 5141 3309 5153 ·
3347 5119 3732 5192 Ἡρμοσάμην

2144 5211 2300 5280 ὑμᾶς
2327 5211 2416 5265 ἐνὶ
2445 5211 2639 5279 ἀνδρὶ,
2671 5211 2970 5280 παρθένον
2998 5212 3194 5283 ἁγνὴν
3219 5213 3607 5284 παραστῆσαι
3649 5215 3730 5280 τῷ

2145 5302 2394 5372 Χριστῷ.
2429 5303 2539 5356 Kal
2581 5305 2610 5356 6
2654 5303 2940 5375 Ἰωάννης·
3004 5306 3065 5358 '0
3103 5307 3259 5374 ἔχων
3307 5305 3422 5373 τὴν
3460 5307 3725 5376 νύμφην,

2143 5394 2402 5461 νυμφίος
2434 5392 2625 5446 ἐστίν.
2672 5393 2809 5446 Ἀλλ’
2832 5397 2861 5446 6
2897 5395 2995 5465 μὲν
3025 5395 3256 5466 νυμφίος
3283 5396 3421 5466 μετά
3448 5396 3550 5460 τάς
3582 5396 3729 5467 πρώ-

2143 5502 2241 5547 τας
2287 5485 2500 5554 ήμέρας
2541 5485 2796 5537 καταλύει
2840 5487 2900 5539 τὸ
2932 5487 3158 5556 σφοδρὸν
3190 5488 3284 5542 τοῦ
3320 5489 3522 5559 ἔρωτος
3548 5505 3561 5519 ·
3601 5487 3631 5539 6
3667 5489 3725 5541 δέ

2142 5571 2409 5641 ἡμέτερος
2436 5571 2670 5640 νυμφίος
2704 5574 2853 5640 μένει
2881 5575 3140 5645 διηνεκῶς
3171 5579 3202 5647 ἡ
3214 5579 3319 5646 μᾶς
3348 5575 3598 5645 ἀγαπῶν,
3631 5578 3728 5632 καὶ
3801 5609 3806 5614 -

2141 5664 2427 5715 ἐπιτείνων
2452 5663 2543 5715 τὸν
2575 5663 2764 5717 πόθον³
2791 5666 2927 5737 ὅπερ
2953 5667 3126 5736 δηλῶν
3151 5671 3179 5721 6
3220 5670 3472 5740 Ἰωάννης
3493 5668 3731 5738 νυμφίον

2144 5754 2322 5818 καλεῖ,
2351 5755 2439 5807 ὅτε
2466 5755 2806 5825 ἀκμάζοντες
2833 5759 2882 5811 οἱ
2914 5757 3090 5815 πόθοι.
3126 5761 3200 5813 Οὐ
3228 5759 3316 5814 διὰ
3349 5760 3506 5815 τοῦτο
3534 5760 3593 5816 δέ
3627 5761 3721 5831 μό-
