4070 6452
319 409 386 464 σοι
1467 393 1839 454 EXPOSI'I'IO
1875 392 1944 451 IN

2060 389 2314 450 ,Αωωι
2349 391 2436 450 ν.
3594 395 3665 450 6?.

324 536 472 579 mum
492 535 615 594 qua
643 519 715 576 sit
743 516 1039 582 hereditas,
1069 521 1125 571 et
1165 511 1211 568 si
1242 525 1306 566 ea
1335 509 1403 565 ad
1430 523 1530 564 nos
1551 522 1770 579 quoque
1812 521 1937 578 per-

323 616 488 670 tinet:
505 612 701 669 deinde
723 621 932 680 tempus
949 621 1056 678 quo
1073 604 1251 662 datur.
1273 601 1371 656 Est
1391 600 1534 656 enim
1557 597 1875 662 absurdum,
1888 595 1935 652 si

319 708 598 763 delentur
611 703 828 774 quidem
853 699 1010 756 nobis
1034 713 1100 754 ex
1130 701 1452 751 testamento
1481 691 1771 756 hereditas,
1795 699 1934 743 tam-

219 853 228 859 _
321 814 482 870 quam
513 813 632 868 qua:
661 795 728 850 ad
761 808 860 848 nos
886 792 1172 862 pertineat,
1195 788 1264 842 de
1289 802 1355 841 ea
1377 800 1498 839 esse
1524 783 1806 846 sollicitos,
1836 795 1936 834 cu-

322 893 466 945 riose
508 890 784 959 indagare,
814 883 1013 953 scripta
1044 879 1338 950 inquirere,
1376 875 1658 946 pecuniam
1698 873 1933 936 solvere,

319 981 388 1035 ad
422 980 628 1034 tabulas
658 977 939 1040 accedere,
966 985 1020 1028 et
1045 986 1166 1042 qua:
1212 969 1264 1022 itt
1314 968 1378 1021 iis
1423 967 1620 1034 scripta
1665 971 1792 1017 sunt
1836 977 1935 1017 ex-

319 1075 582 1138 scribere,
605 1082 933 1138 omnemque
952 1064 1210 1120 adhibere
1237 1060 1604 1131 diligentiam:
1640 1057 1727 1111 hic
1755 1066 1936 1110 autem
1971 1071 1976 1079 ι

320 1165 600 1237 productis
655 1165 708 1217 in
762 1161 998 1216 medium
1029 1155 1430 1228 spiritualibus‘
1475 1151 1832 1214 testamentis,
1882 1157 1940 1205 et

320 1259 575 1311 onmibus
595 1255 747 1309 libris
769 1253 991 1322 apertis,
1013 1263 1138 1304 esse
1157 1247 1440 1302 socordem
1460 1259 1531 1323 ac
1553 1243 1935 1312 negligentem,

322 1353 483 1422 idque
509 1365 632 1405 cum
675 1363 782 1403 non
826 1346 897 1401 sit
927 1341 1200 1399 sensibilis
1261 1337 1554 1394 hereditas.
1598 1333 1940 1388 Accedamus

321 1457 473 1514 ergo,
507 1441 812 1511 aperiamus
860 1436 1070 1490 tabulas
1095 1440 1152 1487 et
1194 1431 1260 1485 iis
1283 1443 1406 1500 quae
1440 1427 1649 1496 'scripta
1692 1432 1819 1478 sunt
1848 1422 1936 1476 in-

319 1536 663 1598 cumbamus,
696 1531 1082 1597 videamusque
1124 1524 1443 1595 quibusnam
1489 1519 1559 1574 de
1605 1516 1785 1573 causis
1825 1515 1940 1570 haac

320 1627 478 1681 nobis
509 1625 693 1679 relicta
724 1623 794 1677 sit
817 1618 1126 1684 haereditas,
1150 1626 1202 1672 et
1231 1630 1353 1685 qua:
1380 1613 1466 1668 sit-
1485 1619 1676 1666 natura
1707 1607 1940 1662 haeredi-

321 1719 468 1774 tatis.
513 1717 629 1772 Non
661 1715 805 1771 enim
851 1708 1071 1780 reliquit
1110 1708 1266 1764 nobis
1323 1705 1680 1762 hereditatem
1730 1719 1860 1776 pure
1886 1712 1942 1759 et

323 1809 596 1874 absolute,
628 1806 723 1861 sed
754 1803 857 1859 sub
886 1801 1116 1873 quadam
1156 1797 1486 1854 conditione.
1533 1795 1793 1862 Quantam
1843 1809 1942 1848 au-

323 1910 432 1965 tetu
453 1915 517 1954 ea
552 1897 676 1954 est?
708 1897 812 1965 Qui
840 1912 922 1948 me
946 1893 1133 1962 diligit,
1177 1890 1368 1960 inquit,
1398 1896 1652 1960 pret-epla
1682 1902 1792 1940 mea
1828 1902 1938 1941 ser-

323 1991 456 2045 stabit
484 1987 665 2061 (Jaan.
709 1987 798 2042 Η.
827 1985 942 2054 25).
978 1983 1042 2038 Et
1068 1995 1274 2043 rursus,
1308 1979 1411 2046 Qui
1440 1995 1540 2032 non
1581 1978 1712 2032 tollit
1741 1992 1943 2059 crucem

322 2099 491 2146 sumn,
529 2090 574 2134 et
604 2083 829 2150 sequitur
862 2093 943 2130 me
976 2074 1192 2147 (Matth.
1226 2073 1313 2128 {0.
1347 2069 1477 2143 53);
1509 2079 1564 2125 et
1608 2070 1766 2140 plura
1813 2068 1940 2135 alia,

323 2190 444 2243 qua:
479 2173 530 2225 in
555 2179 878 2224 testamento
899 2168 1098 2235 scripta
1130 2172 1276 2219 sunt.
1311 2163 1593 2217 Discamus
1614 2162 1774 2214 etiam
1810 2169 1944 2214 tem-

328 2279 428 2334 pus
449 2278 557 2333 quo
583 2277 699 2315 cam
726 2274 916 2314 sumus
936 2256 1228 2326 accepturi.
1247 2253 1366 2308 Non
1394 2261 1478 2306 est
1504 2253 1647 2306 enim
1679 2264 1939 2321 prarsens,

325 2356 419 2411 sed
451 2357 625 2408 futura
652 2371 670 2418 ',
717 2352 804 2406 vel
835 2351 1013 2420 potius
1036 2357 1090 2402 et
1123 2360 1362 2416 praesens
1388 2355 1444 2398 et
1481 2342 1682 2398 futura.
1720 2341 1947 2408 Quwrite

325 2448 470 2502 enim
499 2460 713 2515 regnum
740 2442 858 2506 Dei,
883 2451 930 2494 et
952 2442 1060 2493 htec
1090 2437 1262 2491 omnia
1291 2435 1600 2505 adﬁcientur
1628 2433 1765 2487 vobis
1788 2431 1941 2502 (Luc.

332 2539 416 2594 12.
447 2537 540 2607 31)
567 2556 577 2586 ;
608 2546 737 2590 tunc
761 2542 940 2588 autem
968 2529 1202 2601 perlecta
1229 2536 1284 2583 et
1309 2529 1515 2598 integra
1545 2526 1759 2582 dubitur
1791 2524 1947 2578 here-

326 2633 488 2686 ditas.
510 2630 774 2698 Quoniam
798 2627 944 2681 enim
967 2639 1210 2696 przesens
1231 2623 1337 2676 vita
1361 2632 1443 2676 est
1467 2623 1670 2679 incerta
1698 2627 1754 2674 et
1780 2619 1946 2673 insta-

329 2723 473 2786 bilis,
504 2731 561 2775 et
607 2733 794 2773 sumus
839 2716 1016 2771 adhuc
1061 2713 1521 2784 imperfectiores:
1551 2711 1694 2781 quod
1737 2707 1946 2763 externi

329 2815 536 2870 faciunt
557 2813 917 2883 lcgislatores,
935 2817 992 2862 ut
1023 2807 1088 2862 iis
1112 2807 1202 2877 qui
1231 2805 1298 2883 ad
1329 2806 1542 2875 plenam
1563 2817 1628 2856 ac
1651 2800 1944 2870 perfectam

329 2918 546 2964 aetatem
580 2904 925 2975 pervenerint
951 2910 1175 2973 paterna
1217 2877 1356 2954 bdna
1387 2897 1622 2970 tradant,
1655 2896 1758 2950 hoc
1783 2895 1945 2949 etiam

330 3001 454 3056 facit
482 3000 641 3053 Deus.
673 2997 962 3066 Postquam
993 2995 1043 3047 in
1074 2993 1244 3046 virum
1289 2989 1605 3061 pet-fectum,
1640 2989 1691 3042 in
1724 3001 1945 3041 mensu-

330 3107 446 3146 ram
473 3089 648 3144 mtntis
674 3086 1094 3150 occurreritnus,
1123 3093 1176 3137 et
1205 3083 1270 3136 ad
1319 3083 1484 3134 vitam
1530 3080 1599 3133 ab
1630 3079 1778 3134 omni
1810 3078 1948 3132 inte-

329 3184 436 3238 ritu
483 3184 717 3236 alienam
767 3177 1163 3240 transierimus,
1210 3185 1336 3230 tunc
1384 3174 1530 3227 illam
1579 3171 1736 3226 nobis
1785 3170 1955 3235 tradit

331 3275 712 3332 hereditatem.
738 3271 948 3325 Interea
975 3278 1150 3323 autem
1183 3276 1407 3321 testatus
1429 3274 1531 3330 est,
1556 3273 1611 3319 et
1640 3263 1950 3332 Scripturas

332 3371 489 3426 nobis
521 3370 757 3438 reliquit,
783 3382 846 3421 ac
877 3367 1010 3420 dixit
1040 3378 1284 3434 quamam
1317 3360 1575 3414 facientes
1599 3372 1952 3427 assequemur

335 3462 714 3524 hereditatem,
750 3471 807 3513 ut
837 3459 904 3512 ab
925 3474 985 3512 ea
1015 3472 1121 3510 non
1152 3454 1485 3517 excidamus,
1519 3466 1694 3522 neque
1723 3451 1953 3506 exhere-

334 3553 430 3607 des
471 3551 790 3606 cfliciamur.
837 3548 990 3616 Quod
1042 3548 1084 3601 si
1133 3545 1518 3617 perturbentur
1561 3542 1757 3612 aliqui,
1805 3539 1949 3610 quod

335 3643 574 3698 nondum
605 3643 773 3696 simus
804 3641 1046 3710 perfecti,
1071 3649 1126 3692 et
1155 3647 1406 3706 suspecta
1432 3637 1510 3689 eis
1533 3635 1641 3688 sint
1667 3650 1786 3704 qua:
1808 3634 1950 3687 dicta

336 3747 484 3796 sunt,
517 3733 736 3787 audiant
768 3732 992 3787 Paulum
1022 3730 1289 3783 dicentem
1321 3746 1334 3779 :
1382 3725 1602 3791 Quando
1651 3740 1791 3778 eram
1831 3740 1954 3793 par-

334 3825 503 3885 vulus,
531 3824 771 3894 loquebar
805 3832 857 3875 ut
893 3822 1156 3893 parvulus,
1190 3818 1448 3889 sapiebam
1491 3825 1543 3870 ut
1574 3816 1840 3886 parvulus,
1867 3831 1954 3869 co-

337 3918 560 3988 gitabam
598 3927 648 3968 ut
687 3915 927 3984 parvulus
961 3929 979 3966 :
1017 3910 1224 3982 quando
1271 3919 1438 3963 autem
1483 3909 1649 3978 {actus
1694 3925 1807 3962 sum
1851 3908 1950 3975 vir,

338 4012 572 4064 evacuavi
595 4025 709 4079 quae
735 4017 878 4062 erant
910 4006 1111 4075 parvuli
1139 4005 1217 4076 (l.
1247 4003 1365 4058 Cor.
1399 4004 1486 4058 i3.
1523 4003 1644 4075 il);
1684 4002 1955 4071 loquendo

339 4099 408 4154 de
432 4099 682 4168 pra-senti
709 4098 849 4152 etde
871 4094 1052 4150 futuro
1083 4095 1303 4150 Steculo.
1327 4093 1394 4147 Et
1412 4107 1599 4147 rursus
1623 4110 1636 4147 :
1664 4091 1837 4147 Donec
1864 4108 1953 4145 oc-

340 4192 648 4246 curret-intus
700 4206 874 4243 omnes
913 4190 967 4242 in
997 4189 1166 4242 virum
1211 4185 1514 4255 perfectum,
1561 4185 1615 4238 in
1665 4200 1956 4238 mensuram

353 4287 507 4338 etatis
550 4282 768 4357 (Ephcs.
798 4284 851 4337 t.
887 4280 998 4354 l5).
1033 4281 1087 4335 In
1128 4281 1235 4335 vita
1266 4264 1410 4335 enim
1458 4279 1731 4348 praesenti,
1761 4278 1951 4348 inquit,

343 4379 505 4433 veluti
533 4377 671 4446 apud
699 4379 962 4430 nutricem
990 4372 1304 4444 quamdam,
1324 4377 1578 4427 creatura
1598 4370 1701 4425 hac
1721 4371 1916 4424 alimur
1937 4387 1952 4426 :

344 4468 558 4539 quando
586 4477 765 4521 autem
795 4467 847 4518 in
886 4465 1108 4520 domum
1154 4463 1362 4518 Domini
1395 4462 1959 4526 deducemur,exuen-

347 4574 427 4618 tes
453 4572 631 4616 vestes
659 4558 1045 4628 corruptionis,
1078 4567 1132 4612 et
1158 4563 1496 4610 assutncntes
1539 4553 1962 4624 incorruptibili-

347 4665 533 4718 tatem,
559 4654 626 4707 ad
655 4654 816 4706 aliam
865 4653 988 4706 vita:
1013 4649 1380 4705 conditionem
1411 4657 1538 4702 tunc
1587 4647 1960 4702 traducemur.

348 4745 462 4801 Hoc
505 4754 889 4799 testamentum
940 4743 1139 4796 multos
1184 4741 1347 4796 etiam
1401 4739 1700 4795 exheredes
1751 4739 1962 4794 futuros

349 4840 610 4892 minatum
641 4846 744 4902 est,
775 4837 821 4892 si
853 4834 1251 4890 conditionibus
1298 4833 1349 4886 in
1380 4847 1446 4887 eo
1491 4832 1708 4901 scriptis
1758 4829 1962 4900 indigni

349 4932 567 4986 iuerint.
595 4931 700 4984 Sed
727 4929 1003 4984 videamus
1045 4928 1302 4996 deinceps
1345 4941 1592 4996 quaenam
1629 4925 1697 4979 sit
1741 4925 1962 4979 heredi-

347 5031 450 5080 tas.
489 5023 617 5088 ρυω
645 5038 736 5075 nec
765 5022 943 5073 oculus
969 5019 1112 5082 vidit,
1142 5035 1233 5072 nec
1263 5019 1404 5072 auris
1433 5017 1647 5081 audivit,
1677 5033 1766 5070 nec
1789 5017 1842 5069 in
1875 5032 1965 5070 cor

351 5116 572 5169 hominis
606 5116 936 5168 ascenderunt
979 5112 1054 5184 (1.
1085 5108 1205 5165 Cor.
1232 5111 1288 5163 ‘2.
1319 5112 1395 5180 9).
1425 5109 1706 5176 Quomodo
1750 5125 1879 5180 ergo
1909 5109 1963 5165 in

354 5207 605 5278 prtesenti
636 5207 751 5258 vita
766 5220 953 5260 eorum
984 5218 1173 5258 sumus
1197 5221 1350 5257 nsunt
1382 5205 1709 5273 percepturi,
1733 5220 1962 5275 quorum

355 5299 436 5352 vel
467 5298 704 5368 cognitio
745 5296 988 5352 nostram
1019 5297 1400 5367 cogitationem
1443 5297 1706 5366 superat?
1752 5297 1876 5352 Ideo
1902 5312 1964 5352 ea

358 5389 466 5446 illic
507 5391 664 5444 nobis
695 5399 821 5444 sunt
845 5390 1102 5460 reposita.
1138 5389 1269 5442 Vide
1317 5400 1495 5442 autem
1529 5389 1751 5444 multam
1781 5404 1964 5444 curam

355 5483 474 5550 ejus
501 5497 565 5535 ac
593 5481 1010 5551 providentiam.
1038 5481 1279 5536 Lahores
1309 5481 1528 5550 quidem
1561 5482 1681 5535 vita:
1714 5481 1965 5551 praesenti

358 5576 618 5640 attribuit,
655 5585 712 5628 ut
738 5576 857 5645 ejus
884 5575 1150 5630 brevitate
1179 5590 1280 5628 una
1311 5577 1473 5629 etiam
1519 5575 1820 5630 solveretur
1848 5590 1968 5627 mn-

277 5703 281 5710 ι
359 5666 552 5723 lestia:
598 5666 735 5721 bona
767 5674 945 5721 autem
976 5667 1028 5721 in
1073 5664 1311 5721 futurum
1345 5666 1603 5722 sweulum
1653 5665 1966 5732 reservavit,

426 5858 443 5889 ι
482 5865 599 5912 vos,
627 5854 977 5918 spit'itualibtts,
1005 5858 1151 5908 deest
1177 5861 1222 5908 iu
1249 5859 1389 5908 Sat-tl.
1418 5867 1467 5908 et
1495 5861 1540 5908 in
1569 5865 1685 5921 ltcg.

2047 514 2108 560 ut
2133 504 2602 563 remuneratioues
2619 491 3193 566 ostenderentur-cum
3219 508 3528 567 aeternitate
3547 526 3670 582 qua

2045 607 2132 654 est
2157 613 2354 670 expers
2379 599 2538 654 senii.
2583 598 2738 655 illam
2765 609 2982 668 sortem
3012 608 3172 656 vocat
3208 602 3372 657 etiam
3411 616 3664 674 metu.

2046 689 2163 745 Etsi
2190 693 2338 745 enim
2363 692 2670 747 orationem
2698 701 2980 763 superant,
3014 703 3277 764 quantum
3305 702 3487 751 tamen
3510 696 3672 752 nobis

2046 781 2172 837 licet
2195 781 2406 848 audire,
2438 783 2778 854 aenigmatice
2805 782 2983 839 futura
3015 784 3360 855 signiﬁcavit,
3381 794 3528 842 nune
3552 787 3674 858 qui-

2047 873 2192 940 dem,
2226 885 2282 929 ut
2315 875 2427 944 jam
2459 875 2589 941 dixi,
2617 891 2852 946 regnum
2899 890 3122 940 vocans,
3170 892 3317 933 nunc
3353 885 3534 933 autem
3562 893 3670 933 nu-

2047 966 2217 1036 ptias,
2251 981 2395 1022 nunc
2426 967 2834 1037 imperium,‘ex
2867 967 3168 1037 splendidis
3207 983 3329 1039 quae
3373 978 3501 1028 sunt
3527 969 3672 1038 apud

2050 1073 2151 1114 nos
2194 1059 2533 1126 nominibus,
2576 1059 2644 1116 ad
2695 1060 2784 1114 illa
2828 1059 3116 1132 cogitanda
3155 1061 3314 1118 nobis
3353 1063 3498 1118 viam
3539 1077 3674 1131 ape-

2047 1154 2216 1219 riens,
2245 1164 2509 1208 :eternam
2534 1153 2786 1224 gloriam,
2820 1154 2891 1209 ab
2919 1155 3142 1209 interitu
3181 1153 3415 1210 alienam
3443 1153 3675 1210 beatitu-

2047 1244 2250 1310 dinem,
2280 1260 2402 1300 cum
2429 1246 2650 1302 Christo
2681 1246 2846 1301 vitam
2877 1247 3166 1318 agendam,
3195 1246 3284 1302 cui
3327 1247 3465 1302 nihil
3495 1255 3673 1320 potest

2047 1334 2303 1391 conferri.
2335 1336 2595 1404 Quasnam
2641 1347 2768 1393 sunt
2792 1345 2976 1393 autem
3020 1337 3362 1394 conditiones
3391 1337 3667 1406 Ecclesia,

2048 1428 2130 1481 vel
2161 1429 2337 1495 potius
2368 1427 2729 1483 hereditatis?
2755 1427 2891 1495 Quae
2920 1427 3058 1483 nihil
3089 1428 3291 1484 habent
3311 1428 3668 1485 difﬁcultatis.

2051 1517 2182 1584 Quae
2223 1519 2396 1584 vultis,
2426 1519 2620 1589 inquit,
2666 1528 2724 1572 stt
2747 1507 2970 1590 [faciant
3006 1521 3152 1575 vobis
3188 1519 3441 1588 homines,
3484 1537 3546 1576 ea
3583 1535 3673 1578 vos

2048 1611 2201 1661 etiam
2221 1609 2348 1679 ipsis
2373 1610 2532 1681 facile
2556 1609 2771 1680 (Matth.
2804 1610 2856 1663 7.
2894 1610 3010 1679 12).
3041 1610 3205 1667 Vides
3228 1611 3505 1682 quomodo
3538 1613 3674 1670 nihil

2049 1704 2286 1758 alienum
2315 1705 2578 1770 attulerit,
2613 1705 2708 1760 sed
2747 1720 2812 1761 ea
2852 1719 2974 1776 qua:
3028 1715 3220 1760 natura
3274 1707 3425 1777 prius
3471 1708 3676 1763 consti-

2052 1797 2260 1851 tuerit?
2288 1797 2420 1865 Quae
2442 1799 2540 1864 vis,
2571 1797 2766 1868 inquit,
2787 1808 2844 1854 ut
2873 1793 3160 1870 propinqui
3188 1800 3263 1854 tui
3293 1801 3345 1855 in
3370 1811 3423 1857 te
3447 1800 3669 1870 faciant,

2049 1902 2112 1943 ea
2142 1889 2257 1957 ipse
2281 1903 2499 1958 quoque
2518 1889 2624 1946 iac.
2653 1888 2748 1944 Vis
2779 1890 2986 1945 laudari
3011 1891 3034 1945 ?
3083 1890 3290 1946 Lauda.
3320 1890 3438 1946 Non
3463 1892 3546 1947 vis
3570 1889 3676 1947 ali-

2054 1979 2182 2050 quid
2217 1981 2311 2035 tibi
2341 1981 2483 2036 furto
2504 1983 2703 2050 surripi
2729 1983 2752 2036 ?
2783 1981 2861 2039 Ne
2888 1983 3213 2039 furare-Vis
3242 1984 3535 2040 honorari?
3563 1984 3678 2040 Ho-

2050 2071 2309 2127 nora.Vis
2329 2073 2762 2129 misericordiam
2782 2075 3037 2146 assequi?
3059 2075 3447 2132 Miserere.Vis
3470 2077 3677 2132 amari?

2049 2162 2209 2216 Ama.
2230 2161 2324 2217 Vis
2352 2179 2460 2218 non
2485 2165 2628 2221 male
2647 2165 2873 2221 audire?
2901 2165 3012 2222 Nec
3045 2175 3099 2220 tu
3126 2166 3270 2222 male
3287 2167 3510 2223 dixeris.
3536 2166 3673 2224 Vide

2051 2263 2230 2310 autem
2276 2272 2436 2326 quam
2476 2269 2727 2313 accurate
2753 2258 3009 2331 loquutus
3035 2267 3136 2314 est.
3172 2259 3292 2315 Non
3319 2258 3490 2314 dixit:
3513 2259 3676 2327 Quae-

2049 2361 2285 2417 cumque
2326 2363 2436 2404 non
2487 2351 2653 2405 vultis
2706 2359 2763 2405 ut
2795 2349 3018 2418 faciant,
3047 2365 3150 2406 nec
3195 2365 3294 2406 vos
3345 2350 3527 2418 facite,
3555 2351 3674 2415 sed,

2055 2439 2185 2504 Qua:
2212 2443 2383 2496 vultis.
2430 2443 2696 2511 Quoniam
2727 2442 2850 2498 duze
2897 2451 3025 2498 sunt
3069 2444 3169 2498 viae
3213 2459 3335 2513 quas
3375 2444 3583 2499 ducunt
3608 2443 3678 2499 ad

2055 2533 2334 2598 virtutem,
2367 2549 2469 2587 una
2503 2533 2744 2603 quidem,
2781 2533 3030 2590 liberatio
3090 2548 3121 2587 a
3173 2533 3306 2589 vitio
3335 2551 3348 2587 :
3394 2535 3497 2589 alia
3527 2549 3677 2599 vero,

2054 2625 2268 2678 virtutis
2298 2625 2443 2679 actio
2474 2645 2487 2679 :
2528 2625 2666 2678 hanc
2705 2625 2978 2694 proponit,
3009 2639 3107 2694 per
3146 2622 3287 2680 hanc
3329 2625 3474 2679 illam
3511 2627 3673 2680 etiam

2053 2715 2371 2781 declarans;
2420 2726 2474 2770 et
2515 2716 2662 2770 illam
2687 2715 2906 2786 quidem
2937 2715 3171 2770 obscure
3194 2715 3512 2785 signiﬁcavit
3555 2731 3678 2770 cum

2059 2809 2234 2863 dixit:
2269 2808 2424 2875 Quod
2465 2808 2650 2871 odisti,
2705 2807 2796 2862 alii
2830 2823 2898 2862 ne
2932 2806 3126 2862 feceris
3155 2825 3169 2861 :
3217 2806 3355 2863 hanc
3385 2822 3514 2863 vero
3563 2823 3680 2862 ma-

2053 2901 2253 2956 nifeste
2279 2901 2576 2956 declaravit
2601 2900 2824 2956 dicens:
2848 2900 3198 2972 Quacumque
3221 2901 3375 2956 vultis
3398 2911 3457 2955 ut
3482 2902 3678 2971 faciant

2055 2994 2196 3048 vobis
2227 2994 2474 3061 homines,
2504 3004 2552 3048 et
2579 3009 2666 3048 vos
2704 2993 2830 3064 ipsis
2861 2995 3015 3058 facite
3047 2993 3203 3068 (Tob.
3233 2995 3287 3049 ι.
3315 2994 3434 3065 16).

2126 3084 2182 3138 2.
2214 3084 2312 3138 Est
2356 3085 2520 3138 etiam
2551 3084 2654 3138 alia
2699 3084 2959 3139 conditio.
2992 3083 3253 3152 Quasnam
3284 3098 3348 3139 ea
3379 3083 3505 3139 est?
3551 3083 3679 3139 Dili-

2053 3191 2183 3246 gere
2212 3177 2537 3246 proximum,
2570 3177 2710 3231 sicut
2738 3177 3000 3246 seipsum.
3043 3174 3184 3242 Quid
3215 3190 3337 3231 esse
3367 3176 3538 3247 possit
3578 3175 3683 3231 hoc

2056 3267 2312 3323 facilius?
2362 3267 2554 3322 Odisse
2585 3269 2730 3322 enim
2760 3282 2925 3338 grave
2952 3274 3054 3331 est,
3088 3277 3144 3322 et
3173 3266 3357 3322 turbas
3382 3283 3446 3322 ac
3475 3268 3682 3324 tumul-

2059 3369 2142 3416 tus
2167 3362 2410 3415 excitans
2441 3378 2454 3412 :
2488 3375 2672 3414 amare
2720 3368 2903 3414 autem
2951 3359 3111 3414 facile
3137 3369 3220 3414 est
3246 3369 3303 3415 et
3342 3360 3678 3429 expeditum.

2057 3451 2114 3507 Si
2158 3453 2302 3506 enim
2333 3453 2579 3517 dixisset,
2619 3452 2723 3508 Vos
2749 3469 2872 3507 cum
2904 3452 3156 3508 homines
3201 3452 3565 3524 sitis,di|igite
3592 3454 3686 3508 beo

2058 3545 2214 3610 stias,
2247 3555 2576 3614 praeceptum
2607 3544 2796 3600 fuisset
2817 3544 3073 3600 difﬁcile:
3107 3544 3151 3600 si
3179 3553 3362 3600 autem
3387 3546 3480 3615 qui
3508 3545 3684 3600 homi-

2058 3650 2158 3690 nes
2189 3649 2333 3702 sunt,
2369 3636 2620 3691 homines
2649 3653 2834 3692 amare
2851 3638 3035 3707 jussit,
3067 3638 3158 3693 ubi
3184 3637 3506 3693 substantiae
3533 3637 3684 3694 simi-

2059 3727 2250 3792 litudo,
2268 3729 2540 3797 cognatio,
2557 3738 2612 3782 et
2639 3730 2808 3797 ipsius
2838 3738 3046 3784 natum
3066 3729 3367 3785 admonitio
3388 3729 3682 3800 plurimum

2061 3824 2324 3876 momenti
2377 3822 2614 3875 all‘erunt
2657 3821 2725 3876 ad
2776 3822 3141 3891 diligendum,
3177 3822 3433 3893 quidnam
3490 3822 3688 3880 habeat

2061 3912 2437 3968 diliicultatis?
2463 3912 2617 3980 Quod
2649 3913 2706 3967 lit
2730 3913 2893 3968 etiam
2921 3913 2975 3968 in
3005 3914 3254 3970 leonibus
3277 3925 3330 3970 et
3356 3915 3529 3986 lupis:
3559 3932 3684 3972 nam

2061 4004 2202 4074 apud
2232 4004 2354 4058 illos
2378 4005 2540 4058 etiam
2575 4019 2781 4059 natura:
2801 4007 3054 4075 cognatio
3085 4007 3339 4062 conciliat
3365 4007 3682 4062 amicitiam.

2064 4099 2365 4166 Quamnam
2409 4115 2539 4170 ergo
2567 4100 2866 4170 poterimus
2908 4100 3104 4157 aﬂerre
3142 4102 3572 4168 excusationem,
3595 4103 3687 4172 qui

2065 4191 2254 4246 leones
2294 4191 2513 4261 quidem
2556 4189 3048 4258 mansuefacimus,
3092 4203 3150 4249 et
3179 4193 3232 4247 in
3282 4193 3471 4248 iisdem
3505 4194 3690 4250 nobis-

2063 4298 2184 4337 cum
2199 4282 2406 4337 aedibus
2423 4282 2781 4348 collocamus;
2799 4282 2942 4352 quod
2955 4291 3038 4338 est
3053 4292 3232 4338 autem
3247 4284 3488 4352 ejusdem
3508 4285 3690 4339 nobis-

2065 4391 2189 4431 cum
2219 4377 2456 4447 generis,
2505 4391 2614 4430 non
2664 4376 3027 4430 attrahimus?
3074 4375 3193 4430 Non
3241 4376 3441 4432 videtis
3486 4378 3689 4433 multos

2066 4484 2191 4525 esse
2216 4470 2308 4540 qui
2356 4480 2580 4541 propter
2623 4469 2978 4524 hereditatem
3022 4483 3185 4523 senes
3223 4478 3437 4538 captant
3485 4477 3540 4525 et
3584 4471 3692 4525 cir—

2068 4570 2439 4626 cumcursant,
2472 4575 2535 4615 ac
2568 4561 2864 4615 senectutis
2889 4561 3072 4613 omnia
3112 4561 3252 4613 mala
3282 4560 3535 4626 tolerant,
3564 4576 3690 4616 cunt

2069 4653 2179 4708 sint
2214 4653 2467 4723 juvenes,
2501 4663 2801 4722 vegetoque
2826 4667 2891 4706 ac
2932 4650 3220 4705 luxurianti
3249 4658 3500 4721 corpore,
3525 4651 3692 4722 poda.

2068 4760 2222 4815 gram
2255 4759 2449 4813 nempe
2477 4753 2532 4798 ct
2579 4743 2714 4797 alios
2745 4743 3041 4797 senectutis
3089 4742 3330 4807 morbos,
3362 4759 3600 4808 mucum,
3629 4759 3695 4798 ac

2071 4845 2366 4900 screatum,
2398 4833 2541 4905 quod
2591 4835 2694 4888 illis
2727 4845 2988 4904 perpetuo
3020 4834 3343 4888 assideant?
3377 4835 3536 4904 Atqui
3587 4835 3696 4890 illic

2073 4938 2200 4983 sunt
2244 4929 2508 4999 pecuniae,
2544 4937 2598 4982 et
2629 4943 2754 4998 Spes
2783 4929 2986 4983 incerta
3014 4945 3027 4990 ;
3062 4927 3149 4982 hic
3176 4937 3358 4982 autem
3390 4929 3606 4992 cmlum,
3640 4937 3697 4983 et

2072 5030 2200 5076 ante
2231 5021 2423 5074 caelum
2455 5020 2549 5073 Dei
2581 5021 2774 5089 gratia.
2797 5019 2928 5087 Quae
2955 5028 3038 5074 est
3069 5020 3157 5073 illa
3181 5035 3301 5088 qure
3333 5019 3690 5073 hereditatem

2073 5111 2307 5181 accipit?
2340 5111 2622 5181 inscriptio
2652 5111 2796 5166 enim
2827 5111 2979 5175 dicit,
3017 5109 3122 5164 Pro
3147 5127 3206 5164 ea
3225 5126 3339 5179 qua:
3365 5110 3694 5164 hereditatem

2074 5205 2281 5275 accipit.
2310 5203 2573 5267 Ecclesia,
2593 5212 2648 5258 et
2676 5203 2794 5271 ejus
2822 5201 3136 5271 plenitudo;
3165 5202 3235 5256 de
3263 5217 3366 5272 qua
3397 5201 3529 5256 dicit
3557 5202 3694 5255 Pau-

2076 5295 2162 5349 lus
2189 5313 2202 5350 :
2246 5295 2511 5360 Despondi
2541 5311 2628 5349 vos
2658 5294 2746 5347 uni
2771 5295 2900 5357 viro,
2931 5293 3179 5364 virginem
3219 5303 3416 5348 castam
3460 5293 3699 5347 etc/iiber:

2078 5388 2279 5443 Christo
2308 5387 2389 5456 (‘2.
2415 5386 2536 5441 Cor.
2561 5387 2650 5442 il.
2677 5385 2759 5457 2).
2791 5385 2858 5439 Et
2886 5384 3124 5440 Joannes
3153 5400 3168 5439 :
3207 5384 3306 5452 Qui
3347 5385 3495 5438 habet
3539 5399 3697 5453 spon-

2069 5496 2210 5545 sam,
2241 5495 2462 5549 sponsus
2501 5487 2575 5532 est
2603 5477 2784 5549 (Joun.
2827 5477 2881 5532 5.
2910 5476 3023 5546 i9).
3054 5476 3300 5546 Sponsus
3325 5475 3544 5546 quidem
3577 5485 3700 5544 post

2081 5573 2284 5641 primos
2311 5571 2429 5626 dies
2475 5571 2701 5625 remittit
2745 5569 2946 5624 amoris
2973 5567 3372 5624 vehementiam
3406 5585 3419 5623 :
3466 5581 3701 5635 sponsus

2079 5675 2260 5720 autem
2305 5672 2491 5719 noster
2519 5679 2618 5718 nos
2643 5671 2791 5717 amat
2821 5671 3105 5732 perpetuo,
3137 5669 3192 5716 et
3218 5669 3380 5732 auget
3409 5673 3651 5714 amorem
3681 5675 3694 5710 :

2081 5757 2222 5828 quod
2247 5757 2724 5815 innuensloannes
2743 5765 2901 5811 vocat
2925 5770 3206 5827 sponsum,
3223 5754 3442 5826 quando
3462 5753 3698 5808 maxime

2086 5855 2265 5923 \‘igr‘ttt
2285 5867 2519 5907 amores.
2550 5850 2669 5907 Non
2695 5849 2870 5907 solum
2893 5859 3072 5905 autem
3097 5849 3222 5906 ideo
3241 5858 3504 5916 sponsam
3529 5855 3695 5895 voca-
