4070 6422
482 373 552 430 “
1076 438 1082 442 _
1250 368 1306 425 5.
1345 365 1625 425 JOANNIS
1662 361 2140 425 CIIRYSOSTOSII
2179 361 2493 425 ARCIIIEP.
2537 366 3067 424 CONSTAN'I‘INOP.
3708 371 3775 427 6i

483 491 557 543 vit
590 505 605 542 :
636 486 732 546 sed
757 487 917 544 etiam
941 483 1082 556 quod
1125 482 1251 538 velit
1294 497 1484 539 omnes
1511 498 1674 537 unum
1712 496 1837 537 esse
1875 496 2072 550 corpus

478 593 534 636 et
559 594 717 633 unam
756 578 986 634 animam
1016 575 1221 629 ratione
1243 573 1540 638 virtutiset
1566 572 1768 626 amoris
1799 588 1813 625 :
1845 580 1901 626 et
1928 571 2070 641 quod

479 667 926 738 quemadmodum
969 680 1165 734 sponsa
1190 664 1370 719 omnia
1398 661 1525 717 facit
1553 672 1629 716 ut
1673 663 1791 717 viro
1823 663 2068 732 placeat:

479 764 552 818 lta
597 777 696 817 nos
740 763 902 816 etiam
934 761 1070 814 tales
1106 772 1228 814 esse
1264 766 1483 836 oportet
1531 771 1628 827 per
1671 763 1835 810 totam
1882 755 2066 808 vitam.

475 855 661 926 Qualis
683 868 877 924 sponsa
903 868 1024 921 qua:
1045 852 1099 905 in
1128 851 1220 904 illo
1241 849 1328 904 die
1355 848 1508 903 sedet
1535 849 1590 903 in
1615 847 1799 912 cubili,
1827 846 1879 900 id
1903 860 2067 900 uuunt

479 943 848 1002 tantummodo
893 941 1163 1011 cogitans,
1207 939 1477 1009 quomodo
1525 939 1641 992 viro
1687 938 1893 1008 placeat
1935 953 1948 989 :
1995 936 2067 989 ita

476 1034 634 1088 etiam
665 1047 762 1085 nos
793 1028 984 1110 inhac
1009 1030 1114 1084 vita
1143 1027 1412 1092 sedentes,
1445 1042 1606 1082 unum
1655 1027 1826 1081 solum
1859 1035 2068 1094 specte-

474 1135 614 1188 mus,
645 1130 699 1174 ut
721 1127 920 1190 spo'nso
947 1119 1304 1186 placeamus‘,
1335 1128 1389 1173 et
1415 1131 1628 1188 sponsa:
1654 1114 1972 1170 modestiam
2002 1129 2067 1170 ac

473 1212 727 1268 decorem
771 1210 1170 1266 conservemus.
1200 1208 1367 1279 Hujus
1392 1223 1604 1280 sponsa
1651 1205 1816 1262 David
1855 1221 2066 1276 quoque

475 1302 738 1367 meminit,
753 1299 940 1355 dicens
959 1299 1210 1354 :Adstitit
1227 1301 1401 1369 regina
1423 1315 1454 1352 a
1470 1299 1661 1353 dextris
1690 1299 1787 1350 tuis
1808 1297 1861 1350 in
1889 1297 2066 1351 vestitu

473 1395 737 1455 deaurato,
759 1391 1076 1446 circumdata
1106 1391 1341 1444 uarietate
1372 1392 1424 1445 in
1449 1390 1662 1458 ﬁmbriis
1699 1391 1866 1442 aureis
1888 1387 2059 1458 (Psal.

471 1483 561 1538 44.
595 1483 703 1552 ll).
723 1481 816 1535 Vis
842 1480 1023 1536 videre
1048 1479 1165 1548 ejus
1191 1479 1442 1536 calceos?
1482 1479 1617 1534 Audi
1647 1478 1867 1534 Paulum
1896 1493 1960 1547 pa
1976 1493 2061 1532 ra-

471 1572 761 1643 nymphum
787 1571 884 1643 (a),
912 1571 999 1640 qui
1029 1563 1158 1625 dicit
1196 1589 1210 1624 :
1256 1568 1479 1625 Calceati
1516 1571 1668 1640 pedes
1700 1570 1754 1623 in
1795 1585 2059 1639 prepara-

473 1664 608 1716 tions
649 1659 891 1732 evangelii
945 1661 1086 1730 pacis
1133 1659 1298 1728 (Eph.
1328 1659 1382 1715 6.
1415 1661 1528 1728 15).
1557 1660 1649 1714 Vis
1692 1661 1851 1715 etiam
1883 1660 2060 1714 videre

473 1756 590 1824 ejus
614 1767 822 1818 zonam,
861 1761 914 1806 et
953 1751 1222 1822 quomodo
1259 1752 1555 1821 composita
1579 1762 1660 1805 est
1685 1766 1750 1805 ex
1798 1749 2058 1805 ieritate?

476 1842 566 1896 ille
589 1843 700 1909 ipse
723 1850 774 1895 te
801 1840 1036 1894 docebit.
1059 1841 1282 1896 Accincti
1307 1842 1502 1896 lumbos
1545 1850 1731 1894 uestros
1759 1841 1812 1893 in
1856 1833 2060 1894 veritate

471 1932 632 2004 (Ibid.
662 1933 717 1986 6.
749 1933 859 2002 lt).
894 1930 986 1985 Vis
1016 1932 1178 1986 etiam
1212 1932 1392 1987 videre
1421 1933 1538 2001 ejus
1572 1930 2058 2000 pulchritudinem?

472 2025 528 2082 Id
561 2017 630 2078 ab
657 2024 846 2080 eodem
878 2036 1091 2092 quoque
1118 2021 1316 2078 disces.
1347 2021 1468 2077 Non
1495 2021 1685 2076 habens
1705 2021 1956 2075 maculam
1978 2021 2057 2074 vel

471 2130 652 2187 rugam
685 2111 846 2184 (Ibid.
888 2114 943 2167 5.
983 2112 1098 2183 27).
1145 2113 1282 2167 Audi
1326 2114 1484 2167 etiam
1531 2113 1659 2184 quid
1698 2113 1769 2167 de
1811 2126 1875 2167 ea
1916 2111 2056 2166 dicat

468 2204 820 2262 Ecclesiastes
836 2204 934 2275 (b).
951 2202 1080 2258 Tota
1100 2205 1314 2272 pulchra
1334 2219 1402 2265 es,
1424 2204 1709 2272 propinqua
1729 2219 1859 2266 mea,
1874 2211 1922 2255 et
1943 2218 2052 2254 ma-

467 2294 584 2347 cula
605 2309 706 2347 non
736 2303 809 2348 est
827 2295 880 2348 in
901 2304 948 2348 te
972 2292 1146 2364 (Cant.
1170 2293 1224 2347 4.
1253 2291 1329 2361 7).
1356 2291 1448 2345 Vis
1467 2292 1627 2347 etiam
1656 2292 1838 2347 videre
1858 2293 2053 2363 pedes?

469 2385 636 2453 Quam
680 2385 891 2457 speciosi
921 2387 1071 2455 pedes
1099 2384 1548 2456 euangelizandum
1594 2401 1789 2453 pacem,
1836 2403 2049 2457 evange-

464 2476 724 2532 Rsantium
754 2480 882 2532 bona
907 2477 1081 2549 (Ront.
1113 2478 1199 2532 10.
1231 2478 1343 2548 15)ῑ
1378 2477 1443 2532 Ει
1470 2475 1608 2546 quod
1648 2478 1903 2532 eximium
1930 2487 2039 2543 est,

464 2577 520 2624 et
545 2570 902 2626 admiratione
954 2570 1345 2641 dignissimum,
1378 2585 1500 2625 cum
1523 2584 1639 2623 eam
1668 2572 1749 2625 sic
1789 2585 2045 2625 exornas-

462 2670 565 2725 set,
589 2675 696 2715 non
723 2663 864 2716 venit
889 2663 1114 2732 gloriam
1164 2677 1316 2717 suam
1358 2671 1702 2727 ostensurus,
1750 2678 1817 2717 ne
1856 2661 2047 2733 insigni

463 2765 558 2806 sua
599 2751 991 2820 pulchritudine
1027 2770 1144 2809 eam
1187 2754 1631 2824 obstupefaceret,
1681 2765 1733 2809 et
1779 2764 2045 2810 amentem

461 2840 744 2908 redderet;
786 2842 880 2896 sed
909 2845 1054 2898 venit
1100 2845 1291 2900 eodem
1341 2847 1554 2900 indutus
1607 2846 1914 2900 indumento
1943 2861 2049 2915 quo

462 2947 658 3001 sponsa
689 2951 702 2985 :
733 2934 1005 3002 particeps
1032 2936 1175 2990 enim
1215 2944 1299 2990 est
1336 2951 1488 3006 teque
1525 2951 1588 2989 ac
1634 2937 1746 3005 ipsa
1789 2937 1968 2990 carnis
1992 2945 2048 2990 et

433 3024 733 3094 sanguinis
752 3042 788 3093 ς·
814 3040 912 3080 nec
939 3027 1072 3094 ipse
1101 3041 1218 3080 eam
1267 3041 1480 3082 sursum
1507 3037 1678 3093 vocat,
1712 3027 1803 3082 sed
1835 3028 1900 3081 ad
1926 3043 2043 3081 eam

460 3113 688 3181 accedit,
721 3128 940 3170 servans
963 3116 1048 3169 hic
1076 3119 1288 3186 quoque
1311 3118 1492 3187 sponsi
1521 3117 1713 3186 legem,
1738 3133 1853 3186 quae
1883 3133 2045 3187 spon-

457 3219 580 3261 sum
607 3205 673 3259 ad
700 3220 950 3274 sponsam
1000 3206 1232 3261 adducit.
1274 3207 1428 3272 Quod
1469 3209 1629 3263 etiam
1659 3208 1794 3262 dixit
1835 3209 2041 3264 Moses:

467 3294 571 3350 Pro
611 3312 670 3349 eo
710 3297 954 3363 relinquet
996 3297 1145 3350 homo
1198 3308 1393 3366 patrem
1452 3307 1498 3351 et
1540 3309 1747 3351 matrem
1791 3315 1952 3362 suam,
1997 3308 2045 3354 et

458 3372 734 3440 adhcrebit
760 3389 906 3440 uxori
932 3404 1037 3440 suta
1066 3386 1218 3458 (Gen.
1251 3388 1308 3441 2.
1338 3388 1453 3458 24).
1483 3389 1553 3443 Et
1591 3389 1815 3445 Paulus:
1852 3390 2044 3444 Sacra-

461 3485 684 3528 mentum
710 3474 804 3528 hoc
847 3492 1086 3544 magnum
1121 3486 1190 3530 est
1225 3493 1239 3527 :
1273 3493 1364 3546 ego
1392 3487 1560 3531 autem
1585 3478 1699 3532 dico
1747 3479 1800 3532 in
1843 3479 2042 3534 Christo

458 3573 507 3618 et
531 3564 584 3618 in
612 3563 840 3618 Ecclesia
864 3566 1086 3636 (Ephes.
1129 3567 1179 3622 5.
1219 3568 1331 3638 52).
1363 3565 1495 3622 Cum
1543 3583 1671 3638 ergo
1712 3572 1943 3624 venisset
1987 3572 2041 3626 in

457 3652 576 3723 ejus
601 3653 982 3720 habitaculum,
1013 3667 1070 3712 et
1096 3670 1212 3711 eam
1246 3659 1539 3713 invenisset
1563 3659 1854 3725 sordidam,
1886 3675 2044 3729 squa-

458 3749 641 3819 lidam,
674 3751 889 3816 nudam,
941 3753 1197 3821 sanguine
1245 3754 1606 3821 inquinatam,
1659 3739 1820 3819 lavit,
1872 3755 2038 3822 unxit,

457 3842 608 3907 aluit,
629 3851 779 3898 veste
806 3842 999 3905 induit,
1023 3843 1106 3896 cui
1133 3857 1312 3912 parem
1339 3844 1577 3898 invenire
1601 3859 1706 3900 non
1737 3845 1880 3900 licet.
1906 3846 2039 3900 Cum

461 3931 577 4002 ipse
604 3932 701 4001 ipsi
732 3932 920 3986 fuisset
948 3931 1335 3996 indumentum.
1369 3948 1486 3987 eam
1526 3935 1786 3988 sublatam
1829 3950 2040 3990 sursum

457 4022 539 4077 sic
578 4020 745 4075 ducit.
778 4021 838 4074 Ei
870 4029 1047 4090 parata
1075 4032 1157 4076 est
1199 4022 1487 4078 hereditas.
1514 4023 1650 4091 Quid
1680 4040 1809 4096 ergo
1833 4025 1900 4080 de
1927 4027 2067 4096 ipsa'

464 4111 594 4167 dicit
623 4113 922 4181 propheta?
967 4113 1124 4168 Multa
1158 4132 1170 4168 :
1204 4123 1287 4169 est
1332 4116 1476 4170 enim
1523 4117 1640 4186 ejus
1684 4128 1954 4188 patronus,
1985 4129 2042 4176 et

460 4201 626 4256 multa
654 4217 834 4256 eorum
877 4217 996 4271 qua:
1020 4203 1068 4257 ei
1111 4217 1232 4259 sunt
1260 4217 1515 4273 eventura
1569 4208 1810 4276 praidixit
1831 4219 1883 4264 et
1911 4226 2038 4278 pro-

457 4296 708 4349 clamavit
734 4311 748 4349 :
781 4295 1227 4364 quemadmodum
1254 4297 1322 4353 de
1352 4312 1570 4367 sponso,
1602 4300 1672 4355 de
1700 4302 2040 4370 sponsalibus

454 4397 513 4441 et
552 4386 873 4442 deductione
919 4386 984 4439 ad
1032 4401 1306 4456 sponsum,
1350 4389 1417 4443 de
1463 4390 1616 4444 bouis
1659 4406 1776 4460 qute
1826 4402 1952 4447 sunt
1988 4395 2038 4450 ei

459 4485 737 4532 eventura.
780 4475 1068 4546 Propterea
1116 4477 1200 4532 hic
1228 4479 1389 4535 etiam
1440 4496 1534 4548 pro
1562 4482 1675 4550 ipsa
1707 4483 1953 4552 loquitur,
1985 4493 2039 4541 et

456 4567 740 4638 incipiens,
769 4566 907 4621 sicut
938 4568 1025 4621 isti
1075 4570 1280 4638 patroni
1329 4580 1384 4626 et
1414 4582 1656 4627 oratores
1702 4574 1755 4628 in
1800 4575 2035 4645 judiciis,

419 4659 422 4662 ’
459 4657 594 4715 dicit
608 4674 892 4728 quemnam
920 4675 1014 4718 sua
1034 4663 1274 4717 oratione
1293 4662 1565 4727 defendat,
1587 4681 1779 4736 nempe
1799 4684 1859 4724 se
1877 4670 2037 4725 verba

462 4747 636 4804 facere
682 4748 788 4802 Pro
813 4765 872 4803 ea
897 4765 1011 4816 qua:
1056 4751 1382 4806 hereditatem
1425 4757 1630 4823 accipit.
1659 4757 1814 4825 Quid
1858 4769 2036 4816 autem

461 4848 608 4911 petat
661 4844 817 4896 heres
870 4843 976 4908 illa,
1025 4842 1322 4899 audiamus.
1368 4845 1422 4900 2.
1469 4846 1628 4901 Verba
1676 4866 1786 4904 mea
1833 4852 2039 4908 auribus

462 4934 680 5002 percipe,
712 4931 945 4988 Domine.
975 4934 1240 5003 Sponsum
1273 4947 1426 4992 vocat
1469 4939 1784 5008 Dominum;
1829 4943 1932 5000 hoc
1957 4955 2039 5000 est

461 5023 605 5078 enim
644 5038 854 5092 sponsa:
882 5022 1016 5096 frugi
1059 5025 1312 5081 officium.
1343 5028 1398 5084 Si
1428 5046 1656 5102 namque
1683 5034 1783 5089 hoc
1809 5035 1868 5090 fit
1893 5037 1943 5090 in
1975 5038 2039 5092 iis

457 5113 549 5185 qui
576 5121 700 5167 sunt
725 5113 960 5180 ejusdem
981 5116 1321 5185 substantiae,
1354 5130 1409 5175 et
1439 5137 1572 5176 uxor
1605 5124 1852 5180 maritum
1882 5137 2038 5182 vocat

459 5207 968 5261 dominumzmulto
1015 5211 1183 5279 magis
1232 5211 1282 5264 iu
1331 5213 1544 5271 Christo
1593 5225 1647 5270 et
1683 5218 1734 5273 in
1775 5221 2034 5290 Ecclesia,

460 5298 554 5352 ubi
584 5305 664 5351 est
705 5297 867 5352 etiam
911 5307 1094 5353 natura
1128 5301 1399 5359 Dominus.
1444 5305 1518 5360 lta
1555 5322 1683 5378 ergo
1719 5324 1841 5366 eum
1885 5323 2038 5368 vocat

525 5451 541 5482 ⁸
578 5457 714 5513 Beg.,
740 5457 790 5501 ut
808 5451 970 5515 sponsi
990 5452 1224 5505 virtutem.

524 5532 946 5611 ἔξιμεεξιίξεεεινὲ,
966 5536 1148 5611 sumas
1183 5538 1366 5611 chriam
1403 5541 1663 5604 deamat
1688 5559 1702 5594 =
1725 5554 1778 5596 ιιι
1814 5548 1920 5610 ipse
1952 5553 2035 5611 an.

686 5606 706 5642 ι
723 5607 849 5642 erum
872 5608 950 5645 008
972 5609 1056 5645 ιυιι
1085 5610 1202 5653 ιλιι-ο,
1237 5609 1330 5649 etc.

525 5653 602 5724 (ρ)
630 5654 945 5724 ecclesiasten
970 5659 1047 5706 hic
1064 5669 1204 5724 _vocat
1247 5663 1544 5714 Salomonetn
1572 5680 1583 5713 :
1617 5671 1939 5723 locus-autem
1963 5683 2039 5724 est

462 5711 516 5764 ἥ
533 5711 749 5766 unum.
771 5723 901 5767 Hunc
925 5731 1040 5768 vero
1064 5719 1223 5772 locum
1246 5737 1340 5774 non
1367 5711 1725 5792 eﬂcrtittegt'u-s:

2183 481 2486 549 Dominum,
2514 499 2617 537 non
2641 493 2844 538 tantum
2875 495 2932 538 ut
2952 499 3231 553 sponsum,
3254 483 3346 539 sed
3372 486 3532 540 etiam
3561 496 3617 540 ut
3649 504 3779 542 vere

2179 571 2552 638 Dominum,et
2572 588 2696 627 eum
2726 578 2791 629 ad
2825 590 3014 645 preces
3045 575 3342 632 audiendas
3368 576 3608 632 attrahit.
3627 582 3777 644 Quo-

2178 663 2318 714 niam
2345 663 2486 716 euim
2517 672 2600 717 est
2624 665 2673 718 ei
2700 667 2969 734 proposita
3000 665 3293 729 hereditas,
3324 667 3440 723 haec
3462 678 3646 723 autem
3678 668 3780 722 he-

2174 749 2376 804 reditas
2403 750 2651 805 cffectum
2693 756 2932 819 sortitur,
2957 756 2999 809 si
3042 771 3161 825 quat
3191 757 3294 811 sibi
3337 768 3465 812 sunt
3495 771 3774 828 praecepta

2175 849 2322 894 recte
2352 839 2559 908 fecent,
2590 850 2709 895 orat
2737 852 2793 896 et
2831 844 3079 899 obsecrat
3128 856 3184 899 ut
3211 847 3258 899 ei
3308 862 3464 914 cpem
3506 847 3671 913 ferat,
3718 857 3780 902 ut

2173 943 2295 997 qute
2317 940 2439 983 sunt
2467 931 2741 999 proposita
2769 932 3030 999 perficiat,
3054 943 3112 988 et
3138 951 3242 988 non
3273 937 3485 990 excidat
3511 937 3579 991 ab
3608 943 3771 992 bere-

2172 1017 2367 1073 ditate.‘
2394 1018 2530 1072 Dicit
2556 1020 2735 1089 itaque
2765 1039 2778 1075 :
2839 1021 2996 1075 Verba
3019 1038 3130 1076 mea
3159 1025 3368 1078 auribus
3393 1026 3618 1096 percipe,
3657 1025 3775 1080 Do-

2173 1109 2330 1176 mine,
2353 1110 2539 1165 ethoc
2563 1111 2699 1176 dicit,
2721 1127 2844 1167 cum
2877 1113 3086 1178 fiducia,
3109 1116 3360 1184 quoniam
3390 1131 3460 1194 ea
3484 1116 3615 1186 petit
3643 1134 3769 1188 qua:

2171 1200 2288 1269 ipse
2317 1202 2478 1256 etiam
2508 1201 2639 1257 dare
2669 1204 2818 1273 cupit
2841 1222 2856 1259 :
2883 1198 3331 1275 quemadmodum
3361 1207 3408 1261 si
3432 1209 3554 1277 quis
3573 1223 3636 1263 ea
3671 1226 3770 1277 pe-

2170 1300 2245 1345 tat
2267 1307 2387 1362 qua:
2413 1308 2481 1348 eo
2507 1294 2599 1363 qui
2629 1297 2699 1352 sit
2728 1295 2950 1352 daturus
2994 1298 3210 1368 indigna
3253 1307 3402 1365 sunt,
3436 1316 3543 1355 non
3589 1311 3770 1371 pctcst

2166 1397 2283 1436 eam
2308 1392 2490 1452 petere
2518 1386 2770 1455 gratiam.
2800 1387 3027 1453 Quando
3053 1401 3170 1457 orat
3198 1390 3465 1445 adversus
3493 1392 3765 1457 inimicos,

2165 1474 2379 1542 quando
2416 1475 2676 1531 adversus
2705 1493 2800 1533 eos
2825 1478 2917 1549 qui
2962 1480 3204 1535 molestia
3245 1481 3417 1551 aliqua
3446 1482 3764 1545 atl‘ecerunt,

2165 1576 2373 1618 ea'non
2421 1575 2547 1619 sunt
2587 1568 2746 1622 verba
2791 1566 3044 1636 hominis,
3087 1569 3179 1624 sed
3226 1570 3446 1626 diaboli.
3477 1572 3536 1628 Si
3575 1571 3766 1641 juraro

2164 1655 2308 1709 enim
2335 1663 2420 1710 est
2448 1671 2476 1709 a
2507 1656 2722 1712 diabolo
2770 1658 2961 1728 (Quod
3004 1661 3150 1716 enim
3201 1673 3270 1716 est
3321 1662 3400 1716 his
3453 1666 3698 1734 amplius,
3731 1681 3766 1716 ιι

2162 1743 2298 1796 malo
2324 1743 2430 1814 est)
2458 1744 2677 1815 (Matth.
2709 1747 2763 1802 5.
2795 1748 2911 1816 57),
2940 1749 3145 1804 clarum
3176 1761 3258 1806 est
3284 1752 3426 1820 quod
3455 1753 3615 1807 etiam
3647 1769 3765 1822 pre-

2161 1834 2273 1888 cari
2298 1834 2553 1890 adversus
2585 1837 2851 1892 inimicos.
2880 1839 2934 1894 Si
2971 1855 3099 1910 ergo
3123 1841 3292 1904 dicas,
3334 1841 3494 1896 Verba
3522 1859 3638 1898 mea
3670 1861 3764 1898 att-

2160 1925 2297 1980 ribus
2322 1927 2643 1996 percipe,dic
2663 1943 2725 1983 ea
2753 1929 2914 1983 verba
2933 1945 3051 1999 quin
3077 1941 3201 1985 sunt
3227 1932 3462 1987 hominis
3489 1936 3759 1988 mansueti

2160 2031 2223 2070 ae
2255 2016 2495 2082 humani,
2528 2027 2582 2073 et
2608 2019 2700 2089 qui
2732 2020 2867 2074 nihil
2900 2021 3058 2076 habet
3083 2023 3427 2079 diabolieum.

2228 2108 2282 2161 3.
2327 2107 2506 2171 Qualis
2559 2111 2624 2163 sit
2669 2125 2787 2164 vero
2816 2112 2997 2179 oratio,
3034 2122 3081 2166 et
3136 2117 3351 2182 qualiter
3396 2116 3466 2169 ad
3502 2119 3756 2172 orandum

2158 2213 2248 2250 nos
2309 2200 2596 2266 comparari
2655 2210 2903 2269 aperient.
2956 2230 3030 2242 —-
3099 2221 3120 2254 ι
3183 2203 3421 2275 lntellige
3480 2207 3756 2261 clamarent

2157 2307 2342 2344 meum.
2379 2310 2398 2337 ι
2431 2290 2732 2347 Clamorem
2762 2293 2848 2350 hic
2875 2294 3023 2357 dicit.
3053 2311 3158 2349 non
3184 2299 3329 2350 vocis
3351 2298 3703 2354 intentionem
3732 2343 3749 2366 ,

2153 2379 2249 2434 sed
2297 2381 2488 2434 mentis
2525 2381 2881 2437 affectionem.
2942 2383 3074 2439 Nam
3128 2387 3259 2441 Mosi
3335 2390 3498 2443 etiam
3552 2392 3749 2446 tacenti

2155 2468 2287 2522 dixit
2317 2487 2330 2524 :
2363 2469 2501 2534 Quid
2525 2471 2716 2526 clamas
2745 2474 2815 2526 ad
2836 2491 2915 2526 me
2934 2474 3124 2544 (Exod.
3161 2471 3226 2531 14
3288 2477 3416 2550 lii)?
3445 2479 3563 2533 Non
3589 2481 3746 2548 dixit.

2153 2558 2287 2626 Quid
2318 2573 2441 2612 oras
2462 2559 2528 2614 ad
2553 2563 2679 2616 me?
2698 2561 2789 2616 sed
2812 2604 2825 2624 ,
2859 2563 2996 2629 Quid
3021 2565 3210 2619 clamas
3252 2571 3318 2620 ad
3347 2585 3426 2622 me
3444 2571 3470 2623 .’
3493 2573 3748 2639 quoniam

2151 2665 2270 2705 cum
2293 2652 2593 2706 vehementi
2630 2653 2820 2708 aﬂ'ectu
2869 2654 2936 2708 ad
2991 2670 3111 2710 eum
3160 2669 3479 2713 accesserat.
3524 2661 3592 2717 Ut
3616 2677 3749 2733 ergo

2151 2739 2316 2794 scires
2341 2741 2426 2796 hic
2447 2757 2658 2811 quoque
2691 2758 2795 2796 non
2822 2744 2922 2798 dici
2955 2745 3246 2800 clamorem
3277 2789 3292 2813 ,
3321 2749 3412 2803 sed
3447 2752 3642 2806 mentis
3669 2755 3748 2805 af.

2150 2830 2456 2897 fectionem,
2482 2841 2539 2888 et
2563 2835 2829 2892 intensum
2870 2836 3130 2901 Studium,
3174 2854 3278 2892 non
3307 2839 3476 2896 dixit:
3509 2843 3746 2899 Auribus

2149 2923 2366 2992 percipe
2406 2923 2693 2978 clamorem
2748 2941 2924 2980 meum
2958 2945 2970 2981 :
3004 2928 3097 2982 sed
3147 2930 3312 2997 quid?
3359 2930 3616 3003 Intellige,
3642 2934 3745 2989 hoc

2147 3021 2252 3079 est,
2285 3013 2457 3067 Disce.
2519 3013 2631 3067 Etsi
2676 3016 2818 3069 enim
2865 3015 3110 3073 humanis
3167 3022 3342 3076 verbis
3386 3038 3514 3078 usus
3549 3036 3652 3088 est,
3688 3026 3742 3080 in

2150 3104 2277 3174 ipsis
2304 3114 2479 3157 tamen
2509 3105 2686 3159 verbis
2709 3106 2954 3163 humanis
2981 3109 3122 3177 quod
3145 3121 3290 3166 recte
3316 3122 3743 3181 reprtesentatnr

2147 3193 2429 3262 signiﬁcat.
2463 3191 2675 3248 Intende
2699 3196 2808 3248 voci
2828 3199 3212 3267 supplicationis
3224 3218 3364 3255 mete.
3397 3203 3533 3257 Dicit
3552 3221 3743 3261 rursus

2150 3295 2335 3336 vocem
2361 3283 2648 3336 internum.
2702 3285 2775 3339 ita
2830 3287 2990 3341 etiam
3030 3288 3293 3344 clamabat
3337 3293 3508 3349 Anna.
3541 3296 3606 3351 Et
3631 3313 3740 3355 non

2145 3368 2279 3424 dixit
2321 3370 2636 3438 simpliciter
2675 3385 2731 3429 et
2774 3374 3038 3442 absolute,
3088 3377 3306 3434 Intende
3328 3383 3445 3435 voci
3482 3387 3741 3441 orationis

2147 3473 2300 3524 metr,
2333 3459 2448 3525 sed,
2487 3460 2888 3531 Supplicatioms
2919 3464 3082 3538 ηιεω(
3113 3467 3164 3521 1.
3193 3468 3323 3541 Reg.
3352 3472 3401 3524 1.
3438 3473 3504 3526 15
3602 3474 3736 3529 Eum

2143 3551 2285 3606 enim
2312 3552 2402 3622 qui
2433 3561 2570 3618 orat,
2601 3563 2812 3624 oportet
2840 3565 2896 3612 et
2927 3557 3164 3613 habitum
3194 3569 3248 3615 et
3276 3574 3507 3618 mentem
3533 3566 3738 3635 suppli-

2145 3641 2223 3695 cis
2247 3642 2486 3696 induere.
2521 3643 2620 3710 Qui
2639 3647 2791 3704 .euim
2813 3648 3036 3715 supplex
3060 3659 3158 3714 est,
3193 3666 3299 3704 non
3331 3652 3552 3708 adhibet
3576 3655 3736 3710 verba

2146 3736 2473 3787 accusatoris
2509 3735 2632 3804 :qui
2683 3746 2859 3791 autem
2904 3738 3124 3794 inimico
3169 3742 3308 3797 male
3351 3754 3739 3813 precatur,est

2145 3833 2428 3877 accusator
2480 3826 2678 3892 potius,
2735 3842 2892 3895 quam
2927 3832 3172 3898 supplex.
3231 3832 3416 3887 Vidisti
3465 3837 3737 3903 quomodo

2143 3914 2436 3968 orationem
2467 3915 2660 3980 attulit,
2684 3918 2896 3985 quando
2937 3935 3053 3973 eam
3083 3920 3205 3975 fecit
3229 3922 3439 3991 dignam
3471 3941 3590 3993 qum
3632 3940 3733 3981 att-

2143 4005 2390 4060 diretur?
2420 4006 2496 4061 Ita
2537 4008 2694 4062 etiam
2746 4025 2844 4064 nos
2884 4014 3097 4080 quando
3127 4028 3339 4067 oramus
3359 4055 3376 4081 ,
3406 4027 3460 4070 et
3485 4018 3733 4072 volumus

2144 4096 2406 4162 exaudiri,
2429 4112 2545 4152 eam
2574 4101 2800 4168 primum
2830 4103 2899 4155 ita
2921 4117 3327 4173 comparemus,
3354 4117 3410 4160 ut
3439 4109 3509 4162 sit
3537 4110 3735 4179 oratio,

2145 4197 2200 4242 et
2229 4203 2336 4242 non
2366 4191 2654 4256 accusatio,
2680 4203 2733 4246 et
2761 4194 2883 4248 latis
2907 4193 2974 4248 ab
2996 4209 3065 4272 eo
3093 4196 3294 4265 legibus
3321 4203 3730 4257 convenientem

2143 4293 2260 4331 eam
2293 4279 2709 4335 introducamus.
2736 4283 2847 4342 Rea:
2861 4301 3000 4339 meus
3029 4297 3071 4339 et
3093 4287 3229 4341 Deus
3250 4305 3410 4344 meus.
3441 4290 3593 4358 Quod
3617 4294 3728 4349 fre-

2143 4378 2369 4439 quenter
2397 4371 2520 4426 dicit
2549 4374 2828 4442 propheta,
2855 4379 2936 4431 vel
2968 4379 3141 4446 potius
3185 4381 3325 4449 quod
3358 4393 3475 4438 erat
3501 4386 3731 4440 Abrahae

2142 4461 2394 4515 eximium
2417 4463 2750 4532 attributum,
2798 4476 2855 4521 ul
2888 4468 3016 4523 dicit
3057 4470 3250 4523 Paulus
3283 4489 3297 4525 :
3329 4472 3442 4537 Qua
3479 4477 3541 4529 de
3576 4491 3731 4532 causa

2143 4566 2243 4604 non
2265 4552 2508 4606 erubescit
2531 4553 2668 4607 Deus
2698 4558 2831 4609 Deus
2853 4574 3026 4610 eorum
3057 4562 3226 4612 vocari
3252 4559 3438 4633 (Hebr.
3481 4565 3564 4619 11.
3598 4567 3728 4636 16);

2144 4640 2244 4696 hoc
2272 4646 2385 4712 ipsa
2411 4644 2510 4698 sibi
2535 4648 2815 4714 assumpsit
2837 4688 2849 4710 ,
2872 4648 3140 4703 desiderio
3193 4651 3417 4720 impulsa
3470 4657 3728 4723 pra-clare

2143 4734 2438 4801 usurpavit.
2471 4733 2587 4789 Non
2618 4736 2758 4789 enim
2785 4735 2954 4803 dixit,
2985 4738 3118 4804 Rex,
3154 4739 3400 4797 absolute
3421 4783 3437 4807 ,
3468 4745 3588 4808 sed,
3619 4746 3731 4802 Rea:

2142 4838 2278 4876 meus
2306 4832 2350 4877 et
2374 4821 2512 4877 Deus
2551 4841 2709 4890 meus,
2733 4840 2969 4881 amorem
3018 4842 3170 4884 suum
3225 4831 3485 4888 indicans.
3530 4835 3729 4893 Deinde

2141 4911 2294 4966 affert
2322 4927 2531 4982 causas,
2563 4924 2779 4982 propter
2805 4931 2935 4984 quas
2965 4918 3074 4972 vult
3099 4935 3216 4974 eam
3262 4923 3523 4978 exaudiri.
3564 4925 3724 4992 Qua:-

2142 5017 2265 5056 nam
2291 5011 2467 5058 autem
2493 5012 2617 5058 sunt
2636 5007 2758 5059 ete‘t
2786 5007 2841 5061 4.
2867 5007 3118 5074 Quoniam
3142 5011 3210 5064 ad
3227 5023 3275 5066 te
3293 5002 3464 5078 orabo,
3491 5016 3724 5075 Domine.

2142 5094 2290 5162 Quis,
2322 5097 2550 5166 inquies,
2583 5097 2746 5153 Deum
2777 5114 2878 5154 non
2907 5104 3060 5157 orati
3082 5104 3224 5158 Multi
3251 5107 3725 5179 videnturquidem

2145 5185 2310 5240 Deum
2339 5201 2494 5241 orare
2525 5205 2538 5239 :
2566 5187 2662 5242 sed
2695 5189 2743 5242 id
2766 5189 2983 5255 faciunt,
3015 5203 3070 5246 ut
3106 5210 3164 5247 se
3207 5206 3476 5251 OStentent
3500 5199 3729 5255 homini-

2143 5275 2261 5330 bus.
2311 5277 2379 5331 At
2426 5292 2532 5331 non
2585 5278 2698 5332 haec
2727 5300 2739 5334 :
2767 5281 2859 5335 sed
2905 5283 2971 5336 ad
3013 5283 3177 5339 Deum
3228 5287 3398 5352 ipsum
3437 5290 3722 5357 ferebatur,

2144 5366 2392 5423 humanis
2418 5367 2579 5423 rebus
2605 5371 2854 5426 omnibus
2882 5372 3139 5428 dimissis.
3173 5375 3326 5430 Mane
3360 5381 3596 5434 exaudies
3640 5398 3726 5435 uo-

2144 5473 2249 5510 cem
2292 5474 2479 5512 meam.
2511 5458 2673 5514 Vides
2712 5461 3002 5518 vehemens
3040 5466 3297 5531 studium,
3339 5477 3393 5522 ct
3434 5473 3726 5528 contritum

2144 5547 2411 5600 animum?
2439 5550 2480 5602 Α
2516 5549 2772 5620 principio
2801 5551 2929 5620 diei,
2962 5554 3150 5624 inquit,
3199 5555 3302 5612 hoc
3336 5573 3454 5627 ago.
3495 5561 3730 5618 Audiant

2145 5638 2234 5706 qui
2265 5648 2381 5707 post
2422 5641 2699 5693 innumera
2727 5655 2889 5710 opera
2923 5644 3134 5700 tondent
3185 5647 3402 5702 veniunt
3429 5649 3494 5703 ad
3524 5661 3723 5707 oratio-

2147 5746 2289 5784 nem.
2314 5732 2381 5784 At
2405 5747 2506 5786 non
2536 5733 2645 5801 ipsa
2674 5750 2686 5786 :
2713 5734 2802 5789 sed
2826 5736 2891 5791 ab
2913 5736 3061 5792 initio
3089 5738 3192 5794 diei
3219 5738 3379 5796 dabat
3401 5741 3514 5800 Deo
3544 5745 3734 5814 primi-
