4070 6438
459 310 533 427 εσ
580 388 583 389 ί
994 318 997 319 ί
1115 365 1179 423 s.
1214 362 1501 423 JOANNIS
1535 354 2034 420 cnmsos'rom
2070 354 2400 414 ARCHIEP.
2438 354 2995 414 consumma
3647 355 3716 408 σι

358 512 365 518 ~
455 481 630 554 αὕτη·
665 482 783 538 ἀλλ’
811 483 876 538 ἐκ
920 480 1219 554 προοιμίων
1250 480 1354 552 τῆς
1386 478 1600 552 ήμέρας
1639 478 1739 541 τάς
1776 472 2033 545 άπαρχάς

456 566 627 623 ἐδίδου
662 565 741 639 τῷ
768 564 906 636 Qui»;
936 564 1037 619 Δεῖ
1060 565 1191 635 7&9,
1228 565 1381 635 φησὶ,
1422 559 1676 633 φθάνειν
1719 559 1829 613 τὸν
1859 557 2039 626 ἣλιον

455 644 551 707 ἀπ’
598 638 989 717 εὐχαριστίαν
1019 662 1138 702 σου
1156 688 1173 712 ,
1204 646 1306 705 καὶ
1341 644 1455 715 πρὸ
1480 638 1804 710 ’ἀνατολῆς
1841 640 2039 710 φωτὸς

398 724 404 730 ’
456 730 851 801 ὶντντχάνειν
886 745 1005 786 σοι.
1051 732 1126 785 Σὺ
1162 731 1219 785 δὲ
1250 728 1343 785 ἐπὶ
1391 729 1491 801 μὲν
1524 726 1787 798 βασιλέως
1830 724 1933 778 οὐκ
1969 724 2037 777 ἂν

457 813 711 884 ἀνάσχοιο
734 811 825 867 τὸν
849 813 1109 869 ἐλάττονα
1132 813 1238 885 πρὸ
1257 810 1350 868 σοῦ
1372 809 1710 884 προλαϐόντα
1728 806 2038 880 προσκυνῆ-

460 911 580 949 οαιο
610 896 726 951 νυνὶ
752 897 811 952 δὲ
864 896 1015 968 ήλίου
1058 894 1483 968 προσκυνοῦντος
1535 892 1813 955 καθεύδεις
1852 890 2035 957 αὐτὸς,

451 981 554 1042 ,καὶ
581 982 887 1052 ἀναχωρετς
907 984 973 1052 τῇ
997 981 1173 1035 κτίσει
1196 981 1295 1051 τῆς
1318 978 1607 1051 προεδρίας
1630 989 1679 1041 ι,
1703 975 1795 1031 καὶ
1814 973 1874 1027 οὐ
1907 973 2057 1043 φθάο⁷

456 1078 569 1126 ναις
587 1061 803 1116 ἃπασαν
821 1060 1053 1135 [551τὴν
1075 1062 1248 1115 κτίσιν
1274 1060 1371 1133 τὴν
1391 1059 1481 1114 διὰ
1498 1061 1555 1117 σὲ
1578 1057 1896 1128 γενομένην,
1913 1055 2036 1121 οὐδὲ

456 1144 719 1211 ἀποδίδως
758 1144 907 1215 αὐτῷ
936 1144 1007 1199 τὰ
1050 1146 1473 1217 εὐχαριστήρια,
1516 1140 1632 1197 ἀλλ’
1679 1140 2036 1212 ἀνιστάμενος

454 1227 550 1283 καὶ
584 1227 708 1297 ὄψιν
745 1226 1093 1299 περικλύζεις
1127 1228 1223 1281 καὶ
1251 1230 1459 1299 χεῖρας,
1493 1225 1592 1299 τὴν
1633 1224 1689 1279 δέ
1733 1224 1910 1295 ψυχὴν
1939 1240 2037 1277 περ

458 1311 645 1383 ριορᾷς
688 1310 1032 1380 ἀκάθαρτον;
1084 1310 1200 1365 Οὐκ
1245 1306 1425 1372 οῖσθα.
1465 1310 1546 1364 δτι
1584 1308 1835 1380 καθάπερ
1883 1307 2036 1361 ὖδατι

456 1386 635 1464 σῶμα,
665 1392 808 1446 οὕτω
829 1392 897 1445 δι’
919 1392 1086 1462 εὐχῆς
1114 1394 1147 1461 ἡ
1180 1392 1326 1463 ψυχὴ
1350 1392 1703 1463 καθαίρεταί
1727 1390 1898 1459 Νίψον
1927 1390 2035 1442 τοίο

454 1492 550 1528 νυν
575 1474 681 1545 πρὸ
704 1473 796 1528 τοῦ
821 1471 1071 1544 σώματος
1095 1473 1193 1545 τήν
1217 1474 1412 1545 ψυχήν.
1440 1474 1641 1527 Πολλαι
1677 1474 1845 1544 λῆμαι
1877 1488 2037 1544 προσ·

456 1556 698 1612 ίστανται
732 1557 869 1628 αὐτῇ
910 1556 1139 1619 κακίας·
1162 1556 1375 1620 ταύτας
1426 1554 1758 1627 ἀποθώμεθα
1796 1553 1886 1609 διά
1928 1554 2030 1624 τῆς

450 1639 707 1707 δεήσεως.
743 1638 841 1693 Ἂν
868 1638 979 1709 γὰρ
1005 1638 1149 1692 οὕτω
1174 1638 1238 1693 τὸ
1270 1639 1444 1709 στόμα
1472 1639 1802 1709 τειχίσωμεν
1821 1676 1837 1701 ,
1868 1636 2035 1691 καλὸν

453 1721 704 1792 θεμέλιον
741 1722 839 1791 τῆς
888 1721 1262 1793 καθημερινῆς
1302 1722 1554 1793 πράξεως
1598 1719 2031 1791 καταϐαλοῦμεν.

458 1803 531 1858 Τὸ
559 1804 710 1871 πρωϊ
732 1804 1198 1873 παραστήσομαι
1222 1818 1342 1865 σοι.
1371 1804 1471 1858 καί
1495 1804 1816 1873 ἐπόψομαι.
1842 1806 2036 1871 Παρα-

449 1885 754 1955 στήσομῶ
781 1900 901 1953 σοι,
938 1888 998 1942 ού
1024 1887 1196 1959 τόπῳ,
1234 1890 1417 1958 φησὶν,
1446 1886 1561 1941 ἀλλ’
1588 1887 1789 1959 ἔργοις.
1833 1887 1894 1940 '0
1923 1887 2035 1959 7&9

450 1969 689 2034 τοιοῦτος
725 1970 892 2039 ἐγγὺς
935 1970 1189 2038 γενέσθαι
1231 1970 1453 2023 δύναται
1490 1968 1584 2023 τοῦ
1622 1968 1778 2024 Θεοῦ.
1825 1970 1899 2022 Τὸ
1925 1970 2033 2041 7&9

445 2051 619 2119 ἐγγὺς
648 2050 823 2104 καὶτὸ
847 2051 1067 2122 μακρὰν
1096 2051 1345 2106 ἐντεῦθεν
1370 2051 1687 2121 συμϐαίνει·
1713 2053 1742 2104 6
1769 2051 1875 2124 7&9
1901 2051 2034 2116 Θεὸς

450 2133 728 2204 πανταχοῦ
762 2136 898 2188 ἐστι.
934 2134 1402 2204 Παραστήσᾳιαί
1426 2151 1548 2196 σοι,
1578 2133 1677 2188 καί
1707 2135 2030 2204 ἐπόψομαι,

450 2214 542 2270 ὅτι
565 2219 703 2287 οὐχί
732 2217 876 2283 Θεὸς
895 2216 1088 2271 θέλων
1116 2217 1375 2286 ἀνομίαν
1402 2216 1485 2271 σὺ
1508 2213 1582 2272 εἴ.
1606 2217 1831 2288 Ἕτερος
1862 2219 2034 2288 ἑρμη-

451 2290 646 2369 νευτής
679 2315 811 2369 φησι
831 2316 846 2332 ο
885 2298 992 2353 Kal
1021 2299 1338 2368 σκοπήσω,
1371 2298 1462 2354 ὅτι
1491 2301 1628 2370 οὐχὶ
1670 2301 1816 2367 Θεὸς
1841 2303 2035 2355 θέλων

449 2378 708 2449 ἀνομίαν
746 2380 826 2433 σὺ
856 2380 928 2434 ετ.
969 2380 1121 2433 Οὐδὲ
1161 2382 1518 2451 παροικήσει
1564 2399 1665 2437 σοι
1708 2383 2036 2450 πονηρευόο

443 2477 647 2531 μενος.
709 2461 971 2516 Ἐνταῦθα
1012 2462 1082 2516 τά
1110 2462 1302 2517 εἴδωλα
1330 2464 1623 2519 αἰνίττεται
1646 2483 1660 2497 ’
1696 2465 1778 2519 ὅτι
1825 2464 2036 2528 τούτοις

447 2543 688 2615 ἔχαιρον,
723 2544 817 2598 καὶ
856 2547 1170 2618 παρανομίᾳ
1214 2549 1385 2621 πάσῃ,
1420 2548 1516 2602 καὶ
1554 2552 1668 2612 τοῖς
1695 2548 1877 2613 ἀλλοις
1924 2550 2035 2613 τοῖς

448 2627 509 2679 ἐν
533 2627 771 2698 πονηρίᾳ
806 2627 1145 2698 πράγμασιν.
1188 2629 1341 2684 Οὐδὲ
1381 2630 1739 2699 παροικήσει
1780 2649 1881 2689 σοι
1927 2644 2035 2685 που

446 2710 874 2779 νηρευόμενος.
906 2710 1019 2762 Οὐκ
1049 2710 1197 2764 ἐσται
1222 2727 1327 2776 σοι,
1358 2714 1512 2781 φησὶ,
1550 2713 1721 2781 φίλος,
1748 2714 1848 2767 οὐκ
1880 2712 2032 2767 ἔσται

452 2806 536 2845 σοι
559 2791 800 2859 πλησίον.
826 2789 981 2845 οὐδὲ
997 2791 1348 2861 διαμενοῦσι
1370 2795 1699 2865 παράνομοι
1714 2794 2033 2849 κατέναντι

447 2870 569 2925 τῶν
597 2872 921 2943 ὀφθαλμῶν
951 2888 1088 2927 σου.
1131 2875 1204 2928 Τὸ
1248 2879 1615 2949 μισοπόνηρον
1655 2878 1750 2931 τοῦ
1779 2877 1916 2930 Θεοῦ
1944 2878 2035 2930 ἐν·-

447 2955 623 3009 ταῦθα
660 2956 928 3020 δείκνυσι,
956 2956 1223 3011 διδάσκων
1255 2962 1383 3022 τοὺς
1411 2961 1580 3028 ἐγγὺς
1617 2961 1782 3015 αὐτοῦ
1811 2960 2034 3031 γινομέ-

446 3055 571 3102 νους
609 3038 884 3102 τοιούτους
925 3040 1153 3113 ἑαυτοὺς
1192 3044 1659 3108 κατασκευάζειν,
1687 3044 1763 3107 ὡς
1786 3043 1888 3099 οὐκ
1912 3043 2032 3097 ἐνὸν

448 3120 621 3186 ἄλλως
650 3122 903 3190 γενέσθαι
936 3123 1120 3191 ἐγγύς.
1153 3125 1217 3177 El
1244 3126 1356 3195 7&9
1382 3125 1907 3198 ἀνθρώπῳςχρτῑστῷ
1931 3126 2033 3181 οὐκ

446 3206 517 3261 δν
540 3220 627 3269 τις
652 3205 869 3259 δύναιτο
894 3206 1146 3273 γενέσθαι
1172 3206 1421 3279 πλησίον,
1446 3210 1559 3272 τοῖς
1579 3211 1801 3280 τρόποις
1827 3211 2034 3281 διεστη-

444 3285 565 3351 κὼς
595 3288 783 3353 αὐτοῦ,
818 3288 997 3361 πολλῷ
1028 3288 1231 3359 μᾶλλον
1258 3289 1457 3362 τούτῳ.
1482 3292 1606 3345 ’Ὀτι
1633 3292 1743 3363 γὰρ
1780 3292 2032 3347 δύνανται

450 3369 720 3439 ἐναρέτων
748 3372 957 3442 ἀνδρῶν
983 3373 1150 3440 ἐγγὺς
1168 3373 1423 3440 γενέσθαι
1451 3375 1499 3426 οἱ
1532 3374 1779 3445 πονηροὶ,
1803 3376 2032 3429 ἄκουσον

448 3454 503 3506 τί
553 3470 682 3522 φασι
716 3454 844 3525 περὶ
874 3454 969 3507 τοῦ
1008 3455 1251 3509 δικαίουο
1291 3457 1490 3524 Βαρύς
1530 3458 1702 3511 ἐστιν
1737 3458 1881 3527 ἡμῖν
1934 3459 2033 3513 καὶ

453 3536 845 3603 βλεπόμενος.
892 3536 1048 3591 Οὕτω
1091 3538 1188 3592 καὶ
1233 3538 1515 3610 ἰωάνννης
1559 3540 1621 3593 τὸ
1662 3541 2030 3613 δεσμωτήριον

447 3619 615 3673 σίκῶν
647 3621 741 3673 καὶ
767 3619 843 3693 μὴ
867 3621 1144 3693 ὁρώμενος
1174 3622 1361 3676 ἐλύπει
1401 3624 1500 3694 τὴν
1542 3624 1843 3694 Ἡρωδιάδα
1866 3642 1879 3655 ·
1912 3626 2032 3679 καί·

446 3723 530 3761 ⁸τοι
560 3707 810 3761 τοσοῦτον
859 3706 1023 3762 αὑτοῦ
1066 3709 1388 3781 ἀφειστήκει
1425 3712 1487 3763 τὸ
1520 3712 1759 3779 γύναιονο
1799 3714 1934 3783 μετᾶ
1974 3714 2032 3767 δὲ

444 3793 546 3866 τὴν
574 3794 848 3867 τελευτὴν,
880 3797 975 3849 καὶ
998 3795 1092 3849 τοῦ
1108 3798 1379 3868 ¹τυράννου
1410 3799 1530 3851 τότε
1569 3799 1776 3852 ἐκείνου
1813 3801 1875 3854 τὸ
1906 3818 2031 3854 συν-

447 3883 587 3946 ειδὸς
609 3883 878 3937 κατέσειε.
913 3884 1334 3953 Μηδεὶςίτοίνυν
1369 3885 1481 3959 τῶν
1510 3888 1567 3938 ὲν
1610 3888 1784 3958 ἀρετῇ
1814 3886 2032 3952 ζώντων

446 3968 688 4041 ἡγείσθω
723 3986 776 4022 τι
804 3970 1037 4039 πάσχειν
1065 3969 1259 4034 δεινὸν,
1286 3971 1388 4024 κᾶν
1430 3966 1849 4042 ἐπιϐουλεύηται
1881 3976 2031 4044 παρά

446 4054 557 4108 τῶν
585 4054 859 4127 πονηρῶν.
895 4057 958 4109 Ol
985 4055 1093 4127 7&9
1128 4056 1425 4128 πάσχοντες
1450 4060 1636 4123 κακῶς
1671 4061 1721 4114 ol
1751 4061 2030 4125 ποιοῦντές

446 4144 604 4194 εἰσιν.
640 4143 975 4212 Ἐμίσησας
1005 4143 1239 4209 πάντας
1266 4144 1406 4211 τοὺς
1461 4144 1888 4215 ἐργαζομένους
1916 4149 2032 4217 τὴν

447 4228 727 4297 ἀνομίαν,
790 4229 1039 4295 ἀπολεῖς
1097 4230 1327 4297 πάντας
1374 4233 1518 4296 τοὺς
1567 4235 1911 4302 λαλοῦντας
1963 4236 2030 4291 τὸ

448 4314 696 4383 ψεῦδος.
730 4314 945 4383 Ἄνδρα
969 4316 1229 4384 αἱμάτων
1264 4318 1361 4371 καὶ
1387 4319 1597 4372 δόλιον
1616 4321 2031 4385 βδελύσσεται

449 4400 682 4467 Κύριος.
726 4399 910 4453 Ταῦτα
944 4399 1189 4467 λέγεται,
1233 4404 1331 4473 οὐχ
1373 4404 1457 4457 ἵνα
1490 4405 1812 4477 ἀκούσωμεν
1849 4410 2027 4479 μόνον,

447 4484 565 4563 ἀλλή
593 4484 678 4539 ἵνα
701 4486 794 4538 καὶ
816 4485 1198 4556 παιδευώμεθα
1221 4489 1248 4528 δ
1269 4490 1442 4544 ταῦτα
1462 4492 1701 4563 συνεχῶς
1720 4494 2028 4562 ἀκούοντες,

439 4573 545 4634 ,καὶ
572 4572 650 4643 τῷ
673 4573 858 4644 τρόπῳ
881 4573 976 4626 τοῦ
1009 4576 1244 4645 νυμφίου
1276 4578 1611 4649 ἁρμόζεσθαι
1632 4625 1645 4648 ,
1687 4584 1781 4635 καὶ
1808 4584 2031 4653 πλησίον

447 4660 612 4712 αὐτοῦ
642 4659 909 4727 γίνεσθαι.
931 4660 1036 4742 ῌὭς
1061 4660 1126 4715 ἂν
1158 4662 1231 4734 μὴ
1253 4665 1424 4718 ταῦτα
1453 4662 1508 4738 ᾗ,
1542 4668 1898 4741 ὲρημούμεθα
1933 4672 2031 4742 τῆς

446 4745 652 4802 ἄνωθεν
682 4748 876 4817 ῥοπῆς,
897 4740 958 4799 οὗ
982 4745 1134 4802 οὐδὲν
1158 4750 1224 4804 ἂν
1246 4752 1452 4819 γένοιτο
1474 4757 1675 4825 χεῖρον.

517 4834 581 4887 δ’.
607 4835 935 4903 Ἐμίσησας
980 4836 1214 4905 πάντας
1256 4841 1400 4907 τοὺς
1449 4843 1877 4914 ἐργαζομένους
1913 4848 2032 4918 τὴν

438 4920 720 4989 ἀνομίαν·
749 4922 851 4977 κᾶν
877 4920 1138 4997 δοῦλοςῇ,
1170 4927 1323 4996 φησὶ,
1352 4927 1455 4981 κᾶν
1485 4930 1901 5004 ὲλεύθερος,κᾶν
1932 4937 2030 5007 βα-

450 5007 650 5070 σιλεὺς,
692 5009 796 5063 κᾶν
822 5012 1091 5065 ὁστισοῦν.
1123 5010 1200 5067 Οὐ
1239 5013 1348 5091 7&9
1392 5015 1498 5068 ἀπὸ
1536 5018 1643 5072 τῶν
1674 5021 2024 5094 ἀξιωμάτων,

445 5094 562 5149 ἀλλ’
603 5097 710 5150 ἀπὸ
746 5100 844 5168 τῆς
895 5100 1096 5171 ἀρετῆς
1122 5103 1249 5165 τοὺς
1285 5103 1471 5171 φίλους
1508 5107 1777 5177 ἐγκρίνειν
1825 5113 1854 5164 ό
1895 5113 2027 5173 Θεὸς

446 5184 658 5239 είωθεν.
714 5187 854 5241 Ἀλλ’
885 5188 1076 5268 ἐπειδὴ
1120 5190 1305 5245 πολλοὶ
1340 5192 1451 5246 τῶν
1503 5197 1828 5268 παχυτέρων
1876 5201 2026 5256 οὐδὲν

445 5270 705 5342 ἡγοῦνται
737 5274 796 5347 τὸ
842 5277 996 5345 μῖσος
1027 5272 1189 5343 εἶναι,
1219 5279 1446 5334 ἄκουσον
1492 5284 1609 5346 πῶς
1638 5287 1886 5357 ἐπήγαγε
1932 5293 2026 5345 καὶ

445 5357 721 5421 κολάσεως
767 5361 951 5428 φόϐον,
999 5362 1203 5418 εἰπών·
1264 5367 1537 5435 Ἀπολεῖς
1596 5370 1830 5440 πάντας
1886 5377 2025 5444 τοὺς

807 5448 875 5535 τὸ
902 5448 1148 5519 ψεῦδος-⁸
1174 5452 1264 5505 ἐπὶ
1287 5453 1348 5506 τὸ
1384 5457 1689 5528 παχύτερον
1714 5460 1823 5513 τῶν
1849 5463 2028 5535 ἀμαρ-

443 5532 752 5603 τανομένων
815 5534 906 5586 τὸν
956 5534 1111 5603 λόγον
1171 5542 1496 5610 μετατιθείς.
1562 5548 1638 5599 Ού
1702 5548 1811 5620 γὰρ
1863 5532 2024 5623 μέχρι

503 5693 533 5795 ξ
706 5698 788 5807 ξέξ
1125 5706 1184 5765 τῇ
1204 5704 1428 5775 προεδρίᾳ
1445 5711 1529 5765 τῆς
1555 5708 1772 5770 κτίσεως.

2141 470 2236 525 τοῦ
2288 471 2481 543 μίσους
2524 476 2779 546 στήσεται
2817 473 2891 527 τὰ
2935 472 3034 542 τῆς
3064 466 3353 540 τιμωρίας,
3394 462 3573 521 καίτοι
3620 466 3719 521 καὶ

2136 560 2297 615 τοῦτο
2321 560 2531 633 ἄφατα·
2558 562 2778 624 κόλασις
2795 578 2809 592 ·
2843 558 2980 614 άλλά
3010 559 3105 612 καὶ
3136 557 3345 620 πάντας
3371 551 3565 609 ἀπολεί
3589 554 3721 618 τοὺς

2136 647 2437 716 λαλοῦντας
2455 654 2517 705 τὸ
2532 650 2747 721 ψεῦδος.
2766 648 2960 704 Καίτοι
2981 648 3078 702 καὶ
3092 646 3154 701 τὸ
3173 644 3439 718 πρότερον
3457 641 3717 713 χαλεπὸν,

2138 737 2234 791 καὶ
2256 738 2480 810 γεέννης
2494 740 2693 810 χεῖρον,
2714 736 2775 791 τὸ
2792 735 3089 808 μισηθῆναι
3105 733 3255 805 παρά
3267 730 3424 785 Θεοῦ·
3582 726 3723 783 ἀλλὰ

2120 826 2277 897 οπρὸς
2301 827 2538 898 μὲντοὺς
2565 825 2802 881 συνιέναι
2824 823 3153 896 δυναμένους
3175 822 3354 876 ἐκεῖνο
3367 819 3554 890 έθηκεο
3579 815 3722 888 πρὸς

2136 913 2194 967 δέ
2230 916 2357 978 τοὺς
2378 913 2718 985 παχυτέρους
2749 913 2843 967 καὶ
2868 910 3026 966 τοῦτο
3050 907 3378 980 προσέθηκε.
3420 903 3514 975 Μὴ
3538 902 3722 957 τοίνυν

2139 1000 2479 1073 θορυϐηθῇς,
2516 999 2793 1071 ἀνθρωπε,
2840 998 2975 1070 μηδὲ
3011 995 3311 1077 ταράττου,
3342 990 3564 1045 ἐπειδὰν
3601 988 3722 1061 ἴδῃς

2136 1089 2289 1153 τινάς
2310 1088 2695 1160 ψευδομένους,
2728 1087 3092 1161 ἁρπάζοντας,
3118 1076 3593 1143 πλεονεκτοῦντας,
3620 1076 3722 1132 καὶ

2141 1176 2307 1248 μηδὲν
2355 1177 2663 1247 πάσχοντας
2696 1174 3087 1241 δεινόντεσται
3120 1170 3231 1241 7&9
3275 1169 3492 1230 πάντως
3535 1163 3717 1219 τοῦτο.

2136 1264 2375 1335 Τοιαύτη
2414 1265 2522 1336 7&9
2556 1267 2590 1336 ὴ
2632 1263 2726 1317 τοῦ
2760 1262 2897 1317 Θεοῦ
2934 1261 3124 1332 φύσιςο
3156 1255 3561 1327 ἀποστρέφεται
3621 1267 3722 1306 πο-

2136 1351 2352 1421 νηρίαν,
2374 1354 2526 1422 μισεῖ
2544 1368 2603 1403 τε
2633 1350 2800 1422 αὐτὴν
2828 1350 2945 1409 ἀεὶ,
2972 1349 3066 1402 καὶ⁵
3092 1344 3478 1416 ἀπεχθάνεται.
3496 1340 3634 1402 Τοὺς
3659 1336 3720 1391 δέ

2135 1435 2426 1503 λαλοῦντας
2452 1438 2514 1492 τὸ
2549 1437 2742 1509 ψεῦδος
2783 1434 3020 1490 ἐνταῦθα
3045 1433 3193 1501 λέγει
3220 1431 3348 1493 τοὺς
3385 1430 3443 1481 ἐν
3483 1423 3721 1497 πονηρίᾳ

2136 1525 2407 1596 βιοῦντας,
2444 1528 2570 1592 τοὺς
2596 1526 2666 1581 τὰ
2693 1525 2865 1596 ψευδῆ
2903 1524 3206 1595 πράγματα
3242 1517 3558 1579 διώκοντας,
3591 1514 3720 1575 τοὺς

2135 1619 2265 1688 περὶ
2299 1615 2527 1687 ήδονάς,
2565 1617 2693 1680 τοὺς
2736 1614 2866 1687 περὶ
2902 1608 3344 1682 γαστριμαργίαν
3366 1645 3383 1672 ,
3416 1606 3545 1667 τοὺς
3590 1600 3721 1670 περὶ

2136 1702 2447 1769 πλεονεξίαν
2466 1706 2633 1775 ἐπτοη
2641 1703 2854 1774 μένους.
2882 1696 3005 1754 υἷδε
3025 1699 3133 1768 γὰρ
3155 1696 3336 1751 πάντα
3354 1691 3528 1746 ταῦτα
3545 1688 3718 1761 ψεύδη

2134 1793 2340 1847 καλεῖν.
2385 1793 2599 1861 Ἄνδρα
2639 1789 2902 1860 αἱμάτων
2931 1789 3030 1842 καί
3059 1788 3271 1841 δόλιον
3304 1781 3721 1849 ,ϐδελύσσεται

2132 1880 2367 1948 Κύριος.
2390 1880 2494 1933 Τὸν
2513 1878 2733 1948 φονικὸν
2744 1875 2981 1933 ἐνταῦθά
2991 1892 3145 1946 φησι,
3165 1873 3258 1927 τὸν
3278 1867 3717 1928 ἐπιϐουλεύοντα,

2133 1966 2225 2020 τὸν
2238 1962 2490 2031 ὕπουλον,
2507 1968 2600 2021 τὸν
2621 1966 2757 2020 ἀλλα
2779 1966 2877 2037 μὲν
2892 1966 2984 2017 ἐπὶ
3007 1963 3271 2033 στόματος
3284 1959 3539 2031 φέροντα,
3555 1954 3720 2025 ἕτερα

2132 2053 2189 2107 δὲ
2213 2056 2305 2109 ἐπὶ
2322 2056 2423 2126 τῆς
2445 2054 2701 2119 διανοίας,
2723 2054 2815 2108 τὸν
2836 2053 3219 2125 περικείμενον
3240 2044 3583 2119 προσωπεῖον
3599 2043 3722 2095 ἐπι-

2135 2143 2360 2208 εικείας,
2381 2144 2451 2196 τὰ
2471 2142 2530 2196 δὲ
2554 2141 2736 2196 λύκων
2753 2137 3219 2209 ἐπιδεικνύμενον,
3238 2129 3299 2190 οῦ
3325 2136 3505 2205 χεῖρον
3528 2129 3632 2183 οὐκ
3651 2126 3722 2183 ἂν

2134 2230 2343 2299 γένοιτο
2359 2230 2533 2285 οὐδέν.
2565 2230 2625 2284 '0
2639 2230 2738 2301 μὲν
2752 2228 2859 2301 γὰρ
2874 2226 3033 2297 δῆλος
3051 2223 3241 2295 ἐχθρὸς
3277 2224 3372 2275 καὶ
3382 2216 3723 2288 εὐφύλακτος

2135 2318 2330 2388 γένοιτ’
2360 2318 2446 2372 ἄν·
2474 2320 2503 2370 ὁ
2525 2318 2581 2372 δέ
2611 2316 3005 2387 συγκαλύπτων
3032 2315 3130 2379 τὴν
3161 2309 3426 2382 πονηρίαν
3450 2306 3546 2360 καὶ
3569 2302 3720 2376 χρώ-

2138 2423 2299 2477 μενος
2330 2408 2399 2477 τῇ
2447 2404 2651 2476 κακίᾳ,
2684 2402 3035 2475 δυσφώρατος
3076 2398 3174 2463 ὢν,
3210 2395 3383 2451 πολλά
3425 2393 3722 2467 ἐργάζεται

2076 2524 2079 2529 ν
2132 2495 2202 2548 τά
2231 2493 2397 2549 δεινά.
2450 2493 2550 2549 Διά
2580 2491 2737 2547 τοῦτο
2761 2491 2855 2547 καὶ
2893 2494 2923 2545 6
2963 2487 3217 2561 Χριστὸς,
3250 2483 3413 2557 ἡνίκα
3438 2481 3505 2536 ἂν
3538 2495 3721 2551 παρα-

2134 2580 2400 2649 γίνοιντο,
2446 2580 2639 2651 νήφειν
2684 2578 2989 2632 ἐκέλευσεν.
3046 2578 3365 2645 Ἐρχονται
3418 2569 3529 2640 γὰρ
3569 2564 3722 2634 πρὸς

2132 2667 2289 2736 ὑμᾶς
2308 2668 2377 2722 ἐν
2397 2668 2689 2738 ἐνδύμασι
2708 2665 3036 2734 προϐάτων,
3058 2664 3287 2717 ἔσωθεν
3307 2657 3374 2712 δέ
3398 2660 3519 2711 εισι
3540 2655 3721 2710 λύκοι

2132 2756 2419 2827 ἅρπαγες.
2466 2755 2611 2826 Ἐγὼ
2651 2754 2723 2807 δὲ
2753 2754 2824 2808 ἐν
2856 2752 2938 2820 τῷ
2966 2749 3183 2818 πλήθει
3215 2743 3319 2802 τοῦ
3360 2744 3573 2809 ἐλέους
3599 2755 3721 2827 σου

2132 2826 2557 2915 εἰσελεύσομαι
2583 2846 2673 2909 είς
2701 2843 2810 2897 τὸν
2837 2838 3006 2896 οἶκόν
3040 2855 3180 2894 σου.
3226 2832 3444 2902 Ἐπειδὴ
3468 2829 3579 2902 γὰρ
3609 2826 3722 2883 ἀπὸ

2131 2936 2391 2989 τοιούτων
2415 2938 2449 3006 ἡ
2493 2932 2789 3003 Ἐκκλησία
2814 2929 3146 2990 συνείλεκτο,
3186 2924 3474 2994 Ἑλλήνων,
3503 2920 3717 3006 μάγων,

2134 3005 2495 3094 ἀνδροφόνων,
2526 3023 2762 3092 γοήτων,
2786 3016 3055 3089 ψευστῶν,
3086 3012 3354 3076 ὑπούλων,
3389 3008 3510 3063 εἷπε
3533 3006 3611 3068 δὲ.
3635 3005 3720 3094 ὅτι

2136 3092 2314 3180 μισεῖς
2346 3110 2441 3163 καὶ
2473 3110 2812 3180 ἀποστρέφῃ,
2850 3102 3123 3168 δεικνῦσα,
3154 3102 3235 3155 ὅτι
3264 3098 3363 3168 οὐχ
3393 3095 3531 3166 αὕτη
3576 3092 3719 3145 κατά

2130 3197 2477 3269 δικαιοσύνην
2524 3197 2619 3249 καὶ
2667 3193 3097 3266 κατορθώματα,
3146 3187 3285 3243 ἀλλά
3335 3183 3477 3239 κατὰ
3529 3180 3719 3251 φιλαν-

2133 3282 2382 3355 θρωπίαν
2416 3285 2799 3354 ἀπαλλαγεῖσα
2830 3282 3052 3336 ἐκείνων
3086 3279 3166 3341 είς
3208 3276 3277 3329 τά
3319 3273 3574 3328 ἐνδότατα
3605 3271 3721 3323 aleo

2133 3373 2317 3443 ήγετο,
2334 3373 2614 3441 ἐπήγαγεν
2633 3388 2646 3402 ·
2695 3368 2843 3439 Ἐγὼ
2867 3368 2935 3421 δὲ
2954 3368 3024 3421 ὲν
3040 3364 3121 3431 τῷ
3142 3362 3358 3429 πλήθει
3378 3359 3486 3414 τοῦ
3506 3357 3718 3443 ἐλέους

2132 3476 2251 3514 σου
2279 3462 2705 3528 εἰσελεύσομαι
2738 3461 2825 3523 είς
2851 3456 2958 3509 τὸν
2985 3452 3153 3509 οἶκόν
3171 3466 3308 3505 σου.
3347 3450 3466 3501 Ἵνα
3494 3445 3604 3515 γὰρ
3637 3442 3715 3517 μή

2132 3563 2214 3609 τις
2245 3546 2377 3617 λέγῃ
2398 3563 2413 3578 ·
2458 3546 2578 3609 Πῶς
2604 3542 2697 3599 οὖν
2724 3546 2789 3598 σὺ
2817 3546 2850 3614 ή
2874 3542 2944 3595 τά
2972 3542 3066 3595 καὶ
3092 3540 3160 3593 τὰ
3190 3534 3542 3609 ἐργασαμένη
3577 3531 3715 3586 ἐσώ-

2134 3635 2267 3706 θης;
2331 3630 2452 3687 εἷπε
2506 3635 2599 3687 τὸν
2642 3634 2845 3703 τρόπον
2892 3631 2991 3699 τῆς
3034 3627 3329 3698 σωτηρίας,
3364 3622 3569 3678 ὀτιΔιὰ
3616 3620 3715 3691 τὴν

2133 3723 2332 3793 πολλὴν
2383 3722 2815 3792 φιλανθρωπίαν,
2864 3720 2952 3772 διὰ
2998 3718 3097 3788 τὴν
3147 3716 3354 3783 ἄφατον
3403 3710 3718 3780 ἀγαθότητα

2132 3810 2363 3880 ἐσώθην.
2399 3811 2546 3883 ,Ἀλλ’
2586 3809 2689 3862 είσί
2723 3825 2885 3877 τινες.
2933 3807 2990 3860 οἱ
3028 3806 3147 3859 οὐδὲ
3193 3803 3341 3856 ἔλεον
3377 3800 3719 3872 προσίενται,

2132 3900 2326 3952 ἀνίατα
2356 3898 2658 3960 νοσοῦντες,
2680 3892 2781 3949 οἷοι
2805 3892 2946 3967 ἦσαν
2967 3898 3014 3948 οἱ
3055 3894 3296 3947 Ἰουδαῖοι
3320 3912 3334 3922 -
3367 3894 3401 3963 ή
3426 3889 3534 3960 γὰρ
3555 3888 3719 3959 χάρις

2134 3989 2225 4041 καὶ
2253 3990 2281 4041 6
2310 3986 2478 4051 ἔλεος,
2513 3988 2616 4041 κᾶν
2647 3987 2807 4057 χάρις
2906 3987 3000 4039 καὶ⁵
3024 3983 3192 4047 ἔλεος,
3217 3982 3354 4037 ἀλλά
3377 3981 3502 4042 τοὺς
3532 3977 3718 4049 βουλο-

2135 4075 2329 4145 μένους
2364 4076 2459 4129 καὶ
2492 4079 2652 4147 χάριν
2684 4075 2905 4145 ἔχοντας
2938 4073 3135 4137 σώζει,
3169 4074 3230 4125 ού
3275 4074 3401 4134 τοὺς
3444 4069 3719 4139 ἀφηνιῶνο-

2131 4181 2231 4229 τας
2262 4166 2356 4218 καὶ
2393 4166 2468 4237 μὴ
2521 4165 2878 4236 βουλομένους
2908 4163 3161 4229 δέξασθαι
3207 4161 3306 4233 τὴν
3349 4162 3579 4234 δωρεὰν,
3612 4155 3715 4213 οἷοι

2131 4254 2423 4323 γεγόνασιν
2451 4258 2502 4308 ol
2551 4254 2812 4318 Ἰουδαῖοι,
2858 4255 2987 4325 περὶ
3019 4246 3092 4306 ὧν
3128 4251 3223 4306 καὶ
3266 4252 3477 4314 Παῦλος
3505 4251 3713 4319 ἔλεγεν,

2132 4343 2217 4396 ὅτι
2259 4344 2647 4413 ’Δγ-νοοῦντες
2673 4343 2790 4410 τὴν
2826 4343 2933 4398 τοῦ
2974 4340 3121 4397 Θεοῦ
3157 4341 3580 4408 δικαιοσύνην,
3614 4343 3713 4393 καί

2132 4430 2249 4497 τὴν
2276 4429 2434 4484 ίδίαν
2471 4429 2867 4498 δικαιοσύνην
2897 4429 3210 4497 ζητοῦντες
3237 4428 3483 4497 στῆσαι,
3519 4430 3596 4499 τῇ
3626 4431 3713 4485 δι-

2131 4518 2429 4586 καιοσύνῃ
2463 4518 2570 4571 τοῦ
2606 4518 2753 4572 Θεοῦ
2780 4519 2893 4587 οὐχ
2919 4517 3330 4586 ὑπετάγησαν.
3366 4514 3496 4572 Εἶτα
3521 4519 3713 4591 ἐπειδὴ

2132 4601 2252 4659 εἷπε
2284 4606 2351 4659 τὰ
2380 4607 2471 4661 τοῦ
2502 4606 2659 4672 Θεοῦ,
2691 4607 2839 4676 λέγει
2867 4608 2961 4661 καὶ
2986 4608 3053 4660 τὰ
3087 4610 3216 4678 παρ’
3252 4610 3451 4677 ἑαυτῆς
3476 4626 3490 4640 ·
3520 4613 3714 4678 Προσ-

2132 4694 2380 4760 κυνήσω
2416 4696 2576 4764 »πρὸς
2631 4695 2787 4750 ναὸν
2837 4696 3009 4764 ἅγιόν
3060 4708 3177 4749 σου
3229 4696 3300 4748 ὲν
3363 4698 3525 4765 φόϐῳ
3568 4710 3710 4752 σου.

2134 4782 2305 4835 Ὅταν
2333 4784 2442 4854 γὰρ
2472 4782 2693 4852 χάριτος
2722 4783 3034 4849 ἀπολαύσω,
3066 4783 3160 4836 καὶ
3185 4784 3252 4836 τὰ
3294 4787 3422 4855 παρ’
3468 4786 3713 4856 ἐμαυτῆς

2131 4872 2445 4941 εἰσενέγκω,
2498 4874 2699 4942 ταύτην
2748 4872 2965 4926 εἰσοίσω
3014 4891 3095 4927 σοι
3139 4874 3240 4945 τὴν
3290 4874 3500 4939 θυσίαν,
3538 4877 3712 4947 φησί·

2129 4959 2545 5027 Προσκυνήσω
2578 4958 2727 5028 πρὸς
2755 4961 2907 5013 ναὸν
2941 4961 3113 5031 ἅγιόν
3139 4977 3257 5015 σου
3286 4964 3356 5015 ἐν
3383 4964 3544 5031 φόϐῳ
3569 4982 3711 5025 σου.

2131 5049 2207 5102 Ού
2249 5049 2503 5120 καθάπερ
2550 5049 2601 5100 ol
2653 5048 2838 5101 πολλοὶ
2886 5049 2995 5101 τῶν
3027 5051 3371 5121 εὐχομένων,
3418 5052 3707 5121 κνώμενοι,

2128 5137 2501 5207 χασμώμενοι,
2538 5136 2864 5205 ναρκῶντες,
2902 5137 3037 5193 ἀλλά
3077 5139 3213 5208 μετά
3248 5140 3413 5208 φόϐου
3458 5142 3553 5195 καὶ
3582 5143 3710 5212 τρό-

2132 5242 2257 5295 μου.
2291 5224 2475 5295 φησίν.
2525 5224 2581 5276 '0
2610 5224 2718 5294 γὰρ
2754 5224 2927 5287 οὕτως
2955 5226 3264 5295 εὐχόμενος,
3298 5230 3480 5283 πᾶσαν
3511 5232 3713 5285 κακίαν

2130 5312 2479 5375 ἀποτίθεται,
2527 5310 2661 5379 πρὸς
2708 5314 2884 5365 πᾶσαν
2915 5314 3117 5385 ἀρετὴν
3148 5321 3589 5386 χειραγωγεῖται.
3620 5321 3712 5373 τὸν

2128 5399 2261 5452 Θεὸν
2292 5400 2449 5453 ἵλεων
2475 5398 2793 5469 καθίστησιν
2828 5401 3026 5473 ἐαυτῷ.
3070 5404 3267 5471 Κύριε,
3299 5405 3612 5476 όδήγησόν
3633 5424 3712 5476 με

2126 5487 2197 5540 ἐν
2217 5486 2293 5555 τῇ
2309 5487 2666 5557 δικαιοσύνῃ
2689 5505 2806 5543 σου
2825 5489 3005 5544 ἕνεκα
3023 5489 3142 5544 τῶν
3166 5493 3394 5563 ἐχθρῶν
3407 5513 3546 5563 μου.
3577 5494 3709 5553 Εἷπε

2124 5582 2252 5643 τοὺς
2280 5580 2480 5651 ὕμνους
2514 5580 2605 5634 τοῦ
2639 5580 2795 5646 Θεοῦ,
2830 5583 2892 5635 τὸ
2926 5584 3323 5656 μισοπόνηρον,
3503 5587 3564 5642 τὸ
3589 5587 3713 5657 φιλ-

2128 5671 2435 5743 άνθρωπον,
2452 5673 2513 5725 τὸ
2533 5674 2907 5744 κηδεμονικὸν,
2933 5674 3052 5728 εἷπε
3073 5676 3171 5748 τὴν
3190 5680 3385 5749 ἑαυτῆς
3414 5682 3708 5753 σωτηρίαν,

2128 5759 2249 5820 εἷπε
2278 5762 2369 5819 τὸν
2399 5764 2599 5838 τρόπον
2644 5767 2767 5824 καθ’
2799 5768 2859 5824 δν
2902 5767 3081 5843 ἐσώθη
3109 5812 3124 5836 ,
3174 5769 3291 5828 εἷπε
3323 5772 3443 5829 τίνα
3473 5774 3615 5847 μετά
3648 5775 3712 5829 τὸ
