4070 6440
326 484 449 532 ttas.
501 473 713 537 Oportet
752 467 921 530 enim,
963 462 1161 537 inquit,
1205 463 1277 519 ad
1326 462 1524 537 gratias
1561 462 1651 517 tibi
1698 458 1930 529 agendas

323 567 485 623 οοιειι
504 562 808 634 praevenire,
830 568 882 615 ιι
904 568 1027 614 ante
1042 568 1213 612 ortum
1228 556 1357 611 lucis
1375 563 1426 610 te
1445 553 1638 623 alloqui
1659 550 1818 626 (ευρ.
1839 549 1928 607 ιθ.

275 697 285 707 -.
323 657 444 725 28).
470 654 551 711 'l‘u
577 662 757 708 autem
778 664 886 705 nou
916 647 1137 720 patiaris
1164 654 1223 701 ut
1242 646 1311 713 is,
1344 643 1435 715 qui
1482 652 1535 699 te
1572 640 1799 696 interior
1833 639 1927 705 sit,

324 748 708 819 imperatorem
733 740 863 797 ante
900 748 955 796 te
981 738 1172 794 adoret
1200 758 1215 793 :
1248 749 1391 791 nunc
1437 742 1620 790 autem
1649 730 1767 787 sole
1800 728 1930 785 adeo

324 848 478 895 rante
506 837 622 906 ipse
644 832 872 897 dormis,
903 840 961 886 et
986 828 1137 885 cedis
1164 826 1342 899 primo
1368 824 1492 879 loco
1509 831 1799 886 creatura,
1826 833 1930 876 nec

324 944 541 987 omnem
591 931 897 982 creaturam
945 908 1243 992 praevenis,
1278 931 1399 987 quae
1437 924 1659 985 propter
1689 921 1741 967 te
1786 909 1928 989 facta

323 1031 428 1087 est,
454 1033 557 1074 nec
582 1018 631 1073 ei
662 1015 778 1088 agis
822 1014 1045 1086 gratias,
1098 1010 1193 1067 sed
1236 1023 1360 1064 cum
1406 1005 1604 1075 surgis,
1633 1018 1824 1059 manus
1870 1010 1929 1056 et

323 1112 516 1167 faciem
563 1107 731 1174 lavas,
776 1106 1013 1162 animam
1064 1110 1247 1159 autem
1284 1097 1618 1154 immundam
1665 1091 1956 1163 negligist.

323 1199 515 1256 Nescis
542 1199 682 1254 sicut
704 1209 905 1266 corpus
938 1207 1103 1265 aqua,
1139 1191 1211 1246 ita
1260 1189 1508 1244 oratione
1539 1182 1786 1249 mandari
1813 1182 1930 1237 ani-

322 1307 467 1349 mam
491 1291 515 1344 i
541 1289 685 1345 Lava
713 1301 844 1358 ergo
871 1273 999 1340 ante
1024 1296 1226 1355 corpus
1248 1280 1509 1336 animam.
1540 1274 1721 1333 Multa:
1740 1274 1819 1330 illi
1844 1273 1929 1328 ia-

320 1384 500 1442 sident
532 1383 782 1438 vitiorum
813 1379 1070 1443 maeulze;
1101 1390 1194 1433 eas
1214 1375 1555 1452 expellamus
1594 1385 1691 1441 per
1727 1368 1928 1424 oratio-

321 1492 469 1532 ncm.
499 1475 557 1531 Si
603 1474 748 1529 enim
793 1486 858 1527 os
902 1479 1144 1525 nostrum
1187 1467 1259 1522 ita
1300 1463 1677 1528 munierimus,
1716 1458 1927 1515 diurna

319 1566 549 1625 actionis
590 1562 874 1635 pulchrum
896 1559 1189 1631 jecerimus
1228 1554 1657 1611 fundamentum.
1688 1550 1743 1607 5.
1767 1548 1927 1603 Hane

318 1657 536 1713 adstabo
570 1656 681 1720 tibi,
711 1664 760 1708 et
781 1650 977 1707 uidebo.
1011 1648 1236 1703 Adstabo
1265 1646 1375 1714 tibi,
1407 1660 1512 1700 non
1543 1644 1663 1698 loco
1682 1682 1700 1707 ,
1723 1640 1916 1725 inquit,

318 1748 414 1805 sed
443 1747 617 1803 factis.
642 1744 745 1814 Qui
765 1744 911 1800 enim
929 1741 1053 1796 talis
1075 1747 1180 1807 est,
1208 1738 1255 1793 is
1282 1751 1448 1808 prope
1475 1735 1644 1789 Deum
1674 1747 1797 1788 esse
1819 1746 1922 1802 po-

320 1847 445 1894 test.
466 1837 535 1893 Ut
561 1836 707 1892 enim
734 1846 904 1906 prope
930 1831 1121 1894 simus,
1147 1828 1231 1893 vel
1259 1825 1465 1897 procul,
1494 1840 1563 1881 ex
1607 1837 1675 1880 eo
1700 1821 1917 1878 evenit:

319 1927 462 1984 Deus
490 1927 638 1984 enim
679 1933 766 1981 est
803 1922 1034 1992 ubique.
1061 1918 1289 1974 Adstabo
1318 1916 1429 1984 tibi,
1461 1925 1510 1971 et
1536 1915 1714 1969 videbo
1736 1954 1754 1983 ,
1802 1928 1921 1983 quo.

318 2019 457 2072 niam
492 2032 596 2071 non
638 2014 777 2070 Deus
825 2013 999 2069 utens
1022 2011 1347 2082 iniquitatem
1373 2017 1429 2062 tu
1451 2023 1526 2062 es.
1560 2006 1712 2061 Alius
1748 2006 1917 2060 inter-

316 2126 439 2183 pres
462 2109 593 2165 dicit
622 2126 635 2162 :
655 2106 726 2162 Et
744 2103 1077 2161 considerabo
1097 2102 1235 2175 quod
1260 2118 1365 2156 non
1381 2098 1521 2154 Deus
1536 2099 1708 2153 uolens
1731 2096 1920 2169 iniqui.

315 2213 469 2266 tatem
490 2210 545 2255 tu
571 2216 622 2256 es
641 2197 745 2271 (a).
772 2196 832 2253 6.
859 2194 1043 2266 Neque
1068 2192 1313 2248 habitabit
1344 2192 1500 2262 juxta
1548 2200 1596 2244 te
1640 2189 1914 2259 malignus.

313 2293 615 2352 Simulacra
645 2291 735 2346 hic
760 2289 954 2355 innuit,
986 2284 1132 2357 quod
1163 2286 1247 2340 bis
1295 2283 1719 2347 delectarentur,
1757 2288 1817 2335 ut
1862 2286 1919 2335 et

311 2388 460 2444 omni
492 2385 793 2456 iniquitate,
823 2381 1095 2452 rebusque
1129 2376 1411 2448 improbis.
1456 2374 1638 2446 Neque
1670 2373 1917 2428 habitabit

304 2482 460 2552 iusta
478 2487 528 2533 te
545 2477 825 2548 malignus.
862 2472 984 2529 Non
1020 2472 1125 2528 erit
1167 2469 1285 2536 tibi,
1333 2468 1523 2539 inquit,
1544 2467 1773 2531 amicus,
1808 2479 1914 2519 non

311 2571 417 2628 erit
438 2569 532 2626 tibi
558 2568 788 2624 vicinus.
819 2563 1000 2636 Neque
1027 2559 1390 2635 ρει-Ματιήνη
1414 2559 1597 2631 injusti
1611 2566 1729 2612 ante
1740 2556 1916 2610 oculos

312 2667 445 2719 tuos.
476 2658 725 2718 Ostendit
748 2656 837 2712 hic
860 2656 1032 2712 Deum
1061 2652 1242 2709 odisse
1265 2650 1457 2716 malos,
1488 2650 1692 2705 docens
1717 2646 1916 2717 eosqui

311 2752 389 2811 illi
420 2750 707 2825 propinqui
755 2763 879 2806 esse
923 2746 1128 2811 volent,
1166 2753 1224 2799 ut
1250 2744 1461 2815 seipsos
1487 2743 1623 2797 tales
1662 2739 1912 2806 reddant,

308 2845 452 2918 quod
482 2858 590 2899 non
619 2842 725 2896 alia
748 2841 957 2895 ratione
977 2852 1148 2910 prope
1171 2851 1296 2893 eum
1322 2850 1446 2892 esse
1476 2834 1655 2889 liceat.
1679 2831 1739 2888 Si
1768 2831 1913 2886 enim

310 2940 431 2995 viro
456 2938 602 2993 bono
653 2947 760 2989 non
814 2931 987 3004 possit
1036 2943 1159 2985 esse
1210 2927 1564 2999 propinquus,
1614 2924 1704 2995 qui
1749 2926 1913 2978 abeo

307 3030 580 3099 discrepet
618 3024 860 3082 moribus
888 3039 903 3076 :
936 3021 986 3078 ei
1012 3019 1185 3077 multi)
1212 3020 1405 3089 magis.
1455 3016 1611 3086 Quod
1632 3017 1776 3072 enim
1808 3015 1913 3070 im-

309 3122 464 3197 probi
514 3135 623 3175 non
667 3112 1220 3191 possiﬁtesseprohis
1270 3109 1572 3180 propinqui.
1610 3106 1737 3162 audi
1780 3106 1911 3177 quid

307 3215 493 3271 dicant
518 3212 589 3268 dc
612 3212 761 3282 justo
784 3227 798 3264 :
820 3200 1006 3264 Grauis
1026 3216 1104 3262 est
1133 3204 1275 3259 nobis
1305 3204 1385 3258 vel
1417 3203 1463 3258 si
1506 3212 1701 3257 tantum
1741 3201 1914 3256 ridea-

308 3317 392 3362 tsr
416 3307 436 3377 (
462 3303 593 3375 Sep.
623 3302 679 3357 2.
711 3300 840 3371 l5).
863 3300 941 3355 ita
967 3298 1205 3354 Joannes
1228 3295 1313 3351 vel
1358 3308 1525 3365 agens
1558 3294 1624 3349 “in
1667 3284 1908 3359 carcere,

306 3413 432 3455 cum
463 3412 532 3452 ne
560 3394 833 3449 videretur
877 3390 1093 3462 quidem
1125 3431 1140 3456 ,
1172 3388 1433 3443 molestus
1453 3394 1572 3441 erat
1595 3383 1908 3452 Herodiadi,

309 3491 435 3547 licet
464 3497 671 3543 tantum
698 3486 765 3540 ab
792 3499 859 3540 eo
884 3482 1077 3537 mulier
1107 3481 1324 3535 abesset
1356 3495 1371 3532 :
1405 3485 1525 3548 post
1549 3486 1787 3558 mortem
1810 3490 1911 3530 au-

309 3594 439 3649 tem,
471 3582 634 3637 etiam
667 3578 809 3633 illius
828 3577 916 3647 qui
958 3584 1089 3631 tunc
1115 3580 1235 3627 erat
1282 3570 1496 3642 tyranni
1527 3568 1757 3624 vexabat
1780 3581 1915 3623 con-

307 3672 610 3731 scientiam.
642 3669 815 3724 Nemo
865 3680 997 3736 ergo
1022 3678 1212 3720 eorum
1244 3661 1334 3733 qui
1381 3660 1435 3715 in
1465 3660 1662 3715 virtute
1700 3660 1909 3727 vivunt,

307 3778 553 3836 segrave
600 3760 801 3831 aliquid
846 3759 953 3829 pati
996 3757 1289 3821 existimet,
1339 3753 1549 3809 etiamsi
1599 3751 1829 3822 improbi
1859 3751 1912 3807 ei

306 3856 647 3913 insidientur.
694 3851 795 3919 Qui
850 3849 994 3905 enim
1039 3842 1180 3901 male
1228 3844 1426 3899 iaciunt
1454 3884 1469 3909 ,
1517 3843 1554 3897 ii
1616 3842 1910 3912 patiuntur.

276 3988 279 3989 ν
306 3948 361 4003 7,
396 3944 565 3999 odim
584 3959 755 3997 οηιηα
772 3941 858 4012 qui
882 3947 1156 4010 operantur
1174 3937 1505 4005 iniquitatem,
1520 3926 1715 4005 perdes
1738 3950 1913 3989 omnes

308 4038 397 4110 qui
411 4038 687 4106 loquuntur
709 4032 1050 4087 mendacium.
1086 4027 1265 4083 Virum
1283 4028 1594 4099 sanguinum
1607 4034 1654 4081 et
1673 4026 1910 4081 dolorum

307 4127 683 4184 abominabitur
711 4124 985 4177 Dominus.
1016 4120 1143 4175 llaec
1162 4121 1437 4185 dicuntur,
1470 4132 1577 4172 non
1626 4126 1685 4172 ut
1734 4116 1913 4171 solum

307 4221 608 4281 audiamus,
640 4215 734 4272 sed
755 4215 916 4270 etiam
936 4222 993 4268 ut
1018 4212 1308 4268 doceamur
1328 4209 1444 4279 hate
1462 4206 1678 4263 assidue
1690 4207 1916 4263 audien-

310 4324 411 4378 tes,
439 4321 495 4367 et
515 4310 699 4380 sponsi
727 4307 970 4363 moribus
1013 4318 1333 4376 congruere,
1366 4311 1421 4358 et
1450 4303 1498 4357 ei
1529 4316 1655 4357 esse
1682 4302 1912 4372 propin-

310 4404 421 4477 qui.
452 4404 508 4459 Si
535 4402 678 4457 enim
704 4400 820 4455 haec
843 4414 951 4454 non
978 4398 1130 4462 ﬁant,
1158 4409 1398 4466 superno
1423 4393 1624 4449 auxilio
1652 4394 1904 4449 destitui-

312 4512 453 4559 mur,
485 4511 592 4565 quo
619 4492 752 4548 nihil
779 4499 958 4563 potest
978 4505 1100 4565 esse
1127 4489 1385 4544 deterius.

380 4588 434 4642 4.
480 4585 649 4640 Odisti
672 4599 843 4637 omnes
862 4582 947 4652 qui
968 4590 1243 4649 operantur
1272 4580 1588 4652 iniquitatem
1613 4595 1631 4633 :
1660 4578 1776 4634 sive
1802 4591 1916 4633 ser-

312 4693 431 4744 vus,
457 4676 648 4747 inquit,
679 4672 862 4740 fuerit,
892 4672 1009 4727 sive
1037 4671 1195 4735 liber,
1220 4671 1335 4725 sive
1361 4685 1458 4725 rex
1476 4712 1492 4738 ,
1524 4671 1639 4725 sive
1659 4663 1913 4741 quicum;

311 4786 417 4841 que
447 4767 628 4823 fuerit.
657 4765 773 4821 Non
829 4765 973 4820 enim
1013 4778 1081 4818 ex
1130 4761 1413 4832 dignitate,
1453 4760 1549 4816 sed
1596 4776 1663 4815 ex
1716 4761 1915 4814 virtute

310 4862 454 4918 solet
500 4858 642 4913 Deus
684 4856 888 4911 amicos
929 4854 1149 4923 eligere.
1205 4852 1314 4907 Sed
1366 4852 1621 4923 quoniam
1671 4849 1915 4905 nonnulli

311 4948 611 5009 crassiores
630 4946 811 5001 odium
844 4945 973 5000 nihil
1001 4959 1121 4999 esse
1150 4943 1480 5008 existimant,
1506 4941 1629 4996 andi
1645 4940 1917 5012 quomodo

311 5047 473 5102 etiam
503 5042 750 5113 supplicii
780 5040 1029 5095 timorem
1058 5038 1330 5093 induxerit
1362 5053 1374 5089 :
1413 5034 1608 5089 Perdes
1627 5050 1801 5089 omnes
1826 5035 1915 5104 qui

311 5140 587 5211 loquuntur
600 5130 923 5191 mendacium
946 5147 967 5186 :
986 5131 1052 5186 ad
1094 5131 1147 5185 id
1184 5128 1329 5201 quod
1352 5138 1437 5186 est
1462 5129 1515 5183 in
1544 5129 1915 5199 peccatoribus

310 5231 546 5287 crassius
569 5228 871 5283 orationem
902 5222 1253 5279 transferens.
1287 5220 1409 5277 Non
1446 5220 1607 5277 enim.
1638 5235 1811 5291 usque
1848 5218 1916 5275 ad

308 5324 492 5379 odium
516 5319 760 5378 subsistit
786 5317 1133 5388 supplicium,
1154 5315 1258 5371 etsi
1284 5314 1389 5370 hoc
1415 5328 1633 5386 quoque
1653 5315 1724 5368 sit
1751 5318 1912 5383 puni-

315 5415 391 5471 tio
432 5411 739 5479 ineu‘ahiiis,
766 5408 863 5465 sed
890 5408 1053 5466 etiam
1081 5405 1272 5479 perdet
1294 5406 1484 5461 omnes
1511 5405 1605 5475 qui
1633 5404 1920 5475 loquuntur

374 5581 449 5644 (a)
482 5582 566 5630 ulc
579 5578 718 5630 locus
738 5578 790 5630 in
812 5577 1046 5639 uexaplis
1065 5575 1247 5627 nostris
1269 5586 1369 5624 non
1388 5573 1599 5644 integer
1621 5570 1798 5621 allatus
1819 5574 1914 5619 est.

374 5581 449 5644 (a)
482 5578 718 5630 ulclocus
738 5578 790 5630 in
812 5578 1046 5639 uexaplis
1065 5578 1247 5627 nostris
1269 5586 1369 5624 non
1398 5578 1450 5622 in
1542 5583 1599 5622 er
1621 5578 1798 5621 altatus
1819 5578 1913 5619 est.

308 5666 1008 5721 Hebraaslchabentzo‘l'lﬁ
1050 5663 1175 5720 rm
1218 5662 1345 5741 van
1388 5578 1560 5712 Ξκιῖὲ
1600 5660 1654 5711 va
1692 5656 1913 5713 uuam:

318 5746 396 5813 ubi
422 5750 773 5813 lnterpres,i..'.
794 5762 966 5810 ηανξ...
986 5758 1047 5809 agt
1067 5758 1259 5813 saltem
1272 5755 1385 5813 pru-
1406 5758 1559 5813 m
1576 5756 1622 5797 cs
1645 5750 1705 5795 .1:
1726 5749 1784 5795 Et
1801 5753 1915 5794 catt-

306 5811 538 5867 siderabo
562 5806 791 5877 quoniam
812 5806 911 5863 non
930 5806 1062 5863 Deus
1086 5806 1245 5861 silens
1264 5806 1569 5873 iniquitatem
1592 5813 1643 5858 tu
1662 5819 1734 5859 es.

1482 342 1849 409 urosmo
1883 302 1950 403 ui
1990 342 2316 404 manu
2355 342 2426 407 v.

2038 455 2403 513 mendacium.
2432 453 2769 527 Quamquam
2791 449 2944 526 prius
2984 467 3203 528 quoque
3240 468 3411 527 grave
3438 463 3545 523 est,
3581 468 3641 513 et

2033 547 2281 624 gebenna
2315 545 2575 615 deterius,
2606 546 2741 603 odio
2783 546 2972 603 haberi
3016 561 3050 602 a
3100 546 3245 607 Deo:
3298 545 3396 607 sed
3436 545 3509 603 ad
3540 561 3645 603 etis
3706 534 3711 539 ’

2033 639 2255 711 quidem
2305 639 2401 710 qui
2446 648 2680 711 possunt
2729 639 3036 711 intelligere
3063 678 3081 708 ,
3108 638 3270 696 ‘illud
3312 639 3498 711 posuit
3527 655 3544 695 :
3574 642 3653 695 sd-

2033 730 2333 786 crsssiores
2358 744 2492 787 vero
2514 729 2622 786 hoc
2645 744 2865 803 quoque
2886 729 3106 802 adjecit.
3126 728 3211 787 He
3252 741 3397 802 ergo
3427 737 3639 806 peruir-

2033 822 2200 889 beris,
2226 838 2263 878 o
2291 822 2458 879 homo
2475 864 2492 889 ,
2520 833 2700 895 neque
2720 808 3032 896 'obstrepss,
3055 822 3278 897 quando
3302 824 3504 880 videris
3538 823 3637 879 av.

2030 926 2167 984 quos
2184 914 2532 982 mentientes,
2559 914 2857 985 rapientes,
2885 915 2939 970 in
2958 914 3101 972 bona
3116 914 3361 972 aliorum
3382 914 3647 981 invaden-

2032 994 2135 1071 tes,
2168 1005 2260 1075 qui
2286 1014 2467 1061 tamen
2514 1006 2650 1062 nihil
2680 1007 2812 1063 mali
2858 1006 3141 1078 patiuntur
3168 1027 3184 1063 :
3210 1007 3318 1064 hoc
3360 1006 3508 1062 enim
3535 1007 3644 1064 erit

2031 1096 2273 1151 omnino.
2303 1096 2449 1152 Talis
2474 1106 2557 1153 est
2601 1097 2801 1169 quippe
2841 1096 2936 1152 Dei
2964 1106 3155 1153 natura
3188 1113 3205 1154 :
3230 1107 3512 1175 aversatur
3531 1096 3641 1153 lm-

1984 1234 1987 1235 ν
2032 1188 2376 1257 probitatem,
2403 1181 2524 1244 eam
2555 1203 2773 1259 semper
2799 1189 2916 1244 odit
2940 1196 2997 1245 et
3022 1189 3303 1245 abhormt.
3329 1184 3644 1260 Loquentes

2029 1288 2212 1335 autem
2236 1279 2576 1336 mendacium
2605 1280 2696 1336 hic
2710 1280 2843 1335 dicit
2863 1295 2967 1337 eos
3003 1279 3097 1351 qui
3127 1280 3271 1336 male
3307 1281 3514 1346 vivunt,
3541 1289 3639 1336 ests
3686 1346 3687 1349 η

2028 1373 2120 1444 qui
2145 1387 2235 1428 res
2262 1370 2487 1435 fallaces
2515 1380 2933 1444 persequuntur,
2965 1385 3062 1428 eos
3084 1374 3175 1441 qui
3206 1371 3440 1434 libidini,
3471 1371 3637 1440 μήτε,

2028 1471 2083 1519 et
2110 1464 2353 1519 avaritia:
2378 1472 2506 1520 sunt
2524 1462 2717 1521 dediti.
2742 1456 2873 1520 Haec
2895 1463 3252 1520 errimomnia
3279 1463 3420 1519 solet
3444 1463 3637 1533 appel-

2028 1553 2142 1610 lare
2181 1553 2488 1610 mendacia.
2528 1553 2712 1609 Virum
2741 1555 3053 1626 anguinum
3086 1562 3135 1609 et
3168 1554 3406 1611 dolosam
3440 1554 3638 1609 dod-

2026 1644 2234 1700 nabitur
2264 1644 2541 1701 Dominus.
2570 1646 2861 1701 llomiuem
2895 1646 2988 1701 hic
3014 1645 3150 1701 dicit
3177 1644 3271 1716 qui
3306 1644 3459 1702 cede
3485 1645 3636 1701 deim

2025 1744 2221 1803 utatur,
2254 1738 2344 1809 qui
2387 1738 2691 1803 insidiatur,
2714 1738 2804 1810 qui
2830 1734 3323 1794 estfrauduleutus
3364 1746 3421 1794 et
3461 1724 3638 1797 versi-

2024 1827 2203 1899 pellis,
2219 1829 2321 1900 qui
2360 1829 2510 1886 aliud
2541 1829 2704 1905 habet
2730 1832 2790 1886 in
2816 1844 2935 1898 ore,
2965 1829 3113 1886 aliud
3167 1830 3221 1885 in
3263 1838 3512 1901 pectore,
3535 1830 3635 1903 qui

2023 1920 2457 1978 mansuetudinis
2483 1922 2704 2003 quidem
2730 1937 2795 1978 ac
2819 1922 3096 1978 comitatis
3118 1937 3407 1994 personam
3439 1922 3630 1991 induit,

2022 2012 2120 2070 sed
2166 2027 2229 2070 se
2274 2014 2431 2071 factis
2463 2014 2647 2086 lupum
2698 2014 2955 2083 ostendit,
2984 2029 3094 2087 quo
3136 2014 3269 2070 nihil
3298 2016 3472 2087 possit
3510 2022 3638 2073 esse

2021 2104 2279 2162 deterius.
2308 2107 2542 2179 Apertus
2567 2106 2711 2163 enim
2743 2106 2996 2163 inimicus
3021 2115 3202 2179 potest
3229 2104 3385 2163 facile
3408 2096 3632 2165 caveri:

2021 2196 2110 2266 qui
2142 2206 2320 2252 autem
2350 2198 2609 2253 malitiam
2654 2195 2874 2269 quidem
2913 2194 3077 2264 celat,
3117 2205 3177 2253 et
3200 2192 3372 2255 utitur
3400 2198 3633 2266 malitis,

2020 2303 2143 2344 cum
2170 2305 2280 2345 non
2310 2291 2478 2360 possit
2498 2289 2658 2346 facile
2675 2289 3034 2361 deprehendi,
3054 2282 3284 2359 plurima
3313 2288 3631 2349 malefacit.

2020 2381 2286 2450 Quocirca
2331 2380 2581 2439 Christus
2622 2385 2821 2449 etiam,
2872 2383 3094 2461 quando
3139 2382 3216 2438 illi
3253 2383 3630 2451 accesserint,

2019 2474 2232 2530 sobrios
2252 2484 2307 2529 et
2333 2483 2572 2531 attentos
2608 2490 2709 2530 nos
2745 2489 2870 2531 esse
2892 2474 3070 2546 jubet.
3109 2472 3332 2529 Veniunt
3371 2473 3519 2529 enim
3561 2472 3636 2527 ad

2019 2582 2127 2633 vos,
2154 2566 2340 2635 inquit,
2374 2565 2430 2619 in
2456 2566 2764 2641 vestintentis
2784 2566 2953 2621 ovium
2983 2580 3003 2621 :
3028 2566 3166 2620 intus
3185 2573 3354 2620 autem
3373 2575 3495 2620 sunt
3521 2566 3637 2635 lupi

2018 2672 2238 2727 rapaces
2257 2655 2471 2729 (Matth.
2503 2658 2557 2725 7‘.
2591 2656 2706 2728 l5).
2724 2656 2781 2712 8.
2804 2654 2917 2727 Ego
2929 2667 3103 2709 autem
3121 2652 3511 2711 inmultitudine
3530 2656 3632 2710 mi-

2017 2746 2308 2805 sericordia
2329 2756 2431 2803 tute
2454 2749 2671 2803 introibo
2690 2748 2744 2803 in
2772 2748 2983 2802 domum
3004 2756 3163 2802 tuam.
3192 2746 3459 2816 Quoniam
3486 2748 3634 2805 enim

2018 2855 2083 2897 ex
2105 2842 2369 2911 ejusmodi
2395 2842 2705 2899 hominibus
2727 2838 2956 2895 colleCta
2982 2848 3101 2895 erat
3130 2838 3398 2907 Ecclesia,
3415 2840 3634 2911 gentili-

2016 2933 2138 2997 bus,
2168 2934 2359 3004 magis,
2385 2931 2695 2999 homicidia,
2724 2931 3232 3003 praestigiatoribus,
3255 2931 3628 2998 mendacibus,

2017 3023 2403 3094 deccptoribus
2437 3040 2452 3081 :
2485 3022 2702 3078 dixerat
2748 3031 2959 3091 autem,
3000 3010 3183 3078 Odisti
3219 3030 3274 3078 et
3315 3024 3630 3080 aversaris:

2016 3118 2311 3173 ostendens
2343 3132 2404 3173 se
2432 3133 2542 3172 non
2573 3114 2637 3173 ex
2677 3117 2886 3188 iustitia
2935 3127 2994 3173 et
3019 3116 3170 3177 recte
3200 3116 3381 3183 factis,
3413 3116 3512 3174 sed
3555 3132 3631 3174 ex

2017 3198 2161 3266 illius
2180 3210 2470 3267 clementia
2494 3211 2687 3267 abillis
2719 3211 3005 3267 liberatam
3042 3212 3098 3267 in
3126 3212 3427 3284 penetralia
3456 3211 3630 3284 intro-

2016 3298 2233 3359 ductam
2275 3317 2433 3369 esse,
2475 3304 2760 3372 subjunxit
2792 3320 2806 3356 :
2840 3302 2956 3374 Ego
3000 3283 3171 3358 autem
3208 3303 3265 3357 in
3304 3283 3635 3358 multitudine

2017 3395 2380 3450 misericordiae
2415 3406 2538 3463 tua,
2592 3396 2810 3450 introibo
2860 3397 2915 3451 in
2955 3397 3164 3451 domum
3206 3406 3370 3452 tuam.
3408 3395 3489 3451 Ne
3511 3396 3635 3467 quis

2017 3488 2161 3542 enim
2179 3485 2320 3541 dicat
2350 3505 2363 3541 :
2396 3486 2678 3554 Quomodo
2704 3501 2835 3558 ergo
2862 3496 2939 3552 tu,
2967 3503 3090 3559 qua}
3112 3485 3229 3543 hac
3248 3497 3302 3544 et
3319 3489 3407 3543 illa
3433 3486 3633 3556 fecisti,

2000 3586 2231 3657 servata
2258 3579 2360 3633 es?
2401 3578 2536 3634 dixit
2570 3578 2788 3633 modum
2826 3579 3015 3635 salutis
3044 3597 3058 3632 :
3092 3578 3319 3650 Pr0pter
3344 3594 3631 3650 magnam,

2019 3670 2214 3742 inquit,
2261 3669 2642 3736 clementiam,
2697 3669 3290 3741 propter'ineﬂ’abilem
3338 3670 3633 3739 bonitatem

2017 3771 2229 3817 servata
2280 3776 2421 3816 sum.
2478 3760 2587 3817 Sed
2636 3769 2764 3817 sunt
2820 3762 3088 3829 nonnulli,
3146 3761 3238 3833 qui
3292 3777 3393 3817 nec
3422 3761 3636 3817 miseri-

2018 3853 2256 3911 cordiam
2286 3854 2504 3925 quidem
2528 3853 2839 3918 admittunt,
2877 3854 3255 3910 immedicabili
3285 3854 3478 3910 morbo
3497 3854 3632 3908 alie-

2018 3946 2112 4012 eti,
2153 3945 2455 4016 cujusmodi
2504 3954 2634 4001 sunt
2662 3944 2837 4001 Judaei
2870 3963 2883 3998 :
2915 3944 3087 4017 gratia
3126 3946 3272 4002 enim
3319 3956 3376 4001 et
3416 3945 3633 4000 miseri-

2017 4040 2236 4105 cordia,
2255 4041 2354 4094 etsi
2380 4039 2446 4094 sit
2469 4040 2639 4110 gratia
2667 4048 2721 4093 et
2752 4038 3147 4104 misericordia,
3174 4039 3421 4094 volentes
3448 4048 3629 4093 tamen

2018 4145 2073 4189 et
2096 4132 2321 4203 gratiam
2343 4130 2603 4185 habentes
2631 4139 2830 4194 servat,
2864 4146 2983 4203 non
3002 4146 3099 4185 eos
3126 4130 3215 4199 qui
3245 4129 3502 4186 effrenata
3533 4144 3635 4185 au-

2019 4223 2173 4279 dacia
2204 4229 2527 4293 repugnant,
2575 4231 2630 4275 et
2657 4222 2858 4275 donum
2904 4220 3095 4275 nolunt
3120 4221 3415 4292 suscipere,
3445 4221 3636 4291 quales

2020 4315 2237 4371 fuerunt
2282 4315 2475 4379 Judaei,
2529 4314 2597 4369 de
2652 4316 2848 4383 quibus
2896 4315 3056 4368 etiam
3102 4313 3231 4369 dicit
3262 4314 3458 4369 Paulus
3488 4315 3633 4383 quod

2019 4408 2313 4479 ignorantes
2352 4405 2452 4461 Dei
2484 4407 2742 4477 justitiam
2764 4448 2779 4473 ,
2813 4416 2860 4459 et
2890 4408 3159 4477 propriam
3195 4408 3453 4477 justitiam
3487 4425 3633 4478 qua-

2019 4511 2185 4555 rentes
2213 4510 2455 4565 statuere,
2500 4500 2721 4569 justitite
2768 4498 2865 4552 Dei
2898 4515 3000 4552 non
3050 4507 3170 4552 sunt
3190 4499 3408 4568 subjecti
3433 4498 3451 4569 (
3476 4497 3635 4554 Rom;

2023 4590 2115 4648 10.
2145 4592 2224 4660 3).
2255 4590 2460 4646 Deinde
2489 4590 2742 4660 quoniam
2772 4590 2841 4643 de
2874 4588 2984 4643 Deo
3013 4589 3168 4654 dixit,
3194 4590 3263 4643 de
3292 4590 3466 4660 seipsu
3494 4605 3633 4660 quo-

2021 4698 2126 4754 que
2157 4682 2393 4752 loquitur
2428 4699 2441 4735 :
2474 4680 2713 4734 Adorabo
2754 4680 2821 4733 ad
2852 4680 3098 4747 templum
3140 4690 3372 4733 sanctum
3412 4690 3555 4735 tuum
3583 4680 3638 4734 in

2021 4774 2202 4828 timore
2258 4782 2365 4826 tuo.
2417 4771 2519 4827 Uhi
2578 4771 2725 4827 enim
2804 4772 3036 4840 gratiam
3090 4785 3355 4842 accepero
3388 4811 3405 4836 ,
3470 4781 3635 4839 tunc,

1998 4866 2190 4939 inquit
2222 4906 2241 4933 ,
2294 4880 2412 4921 mea
2472 4863 2737 4927 oﬂ‘cram,
2802 4848 2904 4918 hbe
2962 4864 3057 4917 tibi
3118 4862 3442 4918 sacriﬁcmm
3507 4863 3643 4919 οπο.

2022 4977 2160 5027 ratu.
2216 4959 2456 5014 Adorabo
2516 4960 2585 5011 ad
2639 4957 2884 5027 templum
2936 4968 3168 5012 sanctum
3236 4966 3377 5010 tuum
3442 4958 3495 5010 in
3555 4959 3639 5009 ti-

2023 5070 2164 5108 more
2214 5062 2321 5106 tuo.
2370 5051 2486 5106 Non
2537 5052 2696 5115 sicut,
2744 5051 2938 5121 inquit,
2977 5048 3129 5103 multi
3159 5050 3247 5119 qui
3295 5060 3473 5114 orant,
3516 5065 3638 5106 sese

2023 5146 2349 5215 scalpentes,
2376 5143 2607 5209 hiantes,
2628 5150 3017 5212 torpescentes,
3053 5142 3147 5196 scd
3176 5154 3296 5194 cum
3322 5140 3536 5203 timore,
3558 5142 3642 5194 iu-

2024 5241 2159 5314 quit,
2187 5248 2242 5295 et
2269 5249 2523 5294 tremore.
2551 5236 2655 5304 Qui
2681 5236 2825 5291 enim
2860 5235 2939 5290 sic
2963 5241 3105 5297 orat,
3129 5248 3292 5289 omne
3322 5233 3509 5287 vitium
3537 5232 3642 5287 de-

2024 5334 2194 5406 ponit,
2229 5332 2297 5387 ad
2323 5345 2541 5385 omnem
2568 5330 2820 5384 virtutem
2846 5326 3151 5391 deducitur,
3187 5326 3354 5381 Deum
3381 5326 3484 5379 sihi
3513 5325 3639 5381 red-

2024 5428 2104 5482 dit
2126 5425 2437 5496 propitium.
2479 5421 2534 5477 9.
2588 5420 2828 5484 Domine,
2875 5420 3041 5476 deduc
3082 5436 3165 5474 me
3217 5420 3271 5474 in
3310 5420 3519 5490 justitia
3554 5430 3643 5475 tua

2025 5528 2233 5592 propter
2256 5517 2487 5571 inimicos
2516 5530 2675 5568 meos.
2702 5514 2854 5569 Dixit
2880 5513 3066 5569 laudes
3095 5512 3212 5582 Dei,
3231 5514 3363 5568 dixit
3387 5513 3439 5569 in
3459 5516 3644 5570 mulos

2025 5610 2236 5678 odium,
2288 5607 2710 5677 benignitatem,
2766 5605 3137 5674 clementiam,
3196 5605 3645 5675 sollicitudinem,

2027 5701 2164 5756 dixit
2187 5714 2339 5754 suam
2368 5699 2621 5763 salutem,
2664 5696 2798 5754 dixit
2827 5695 3103 5768 quomodo
3129 5703 3344 5752 servata
3382 5696 3475 5761 sit,
3509 5696 3648 5753 dixit

2022 5800 2314 5867 postquam
2341 5798 2552 5847 servata
2595 5786 2698 5846 fuit
2721 5802 2971 5861 quaenam
2997 5787 3271 5857 attulerit;
3310 5788 3438 5846 vitia
3480 5802 3649 5847 aver-
