4070 6438
472 355 548 414 67
1216 349 1274 406 S.
1313 346 1591 406 JOANNIS
1625 345 2098 404 CHRYSOSTOIII
2139 345 2465 404 ARCHIEP.
2499 348 3031 408 CONSTANTINOP.
3682 355 3760 410 ϐε

465 475 585 521 usta
605 473 707 530 est,
753 460 824 518 sd
847 461 1096 517 virtutem
1133 458 1355 515 deduxit
1385 476 1396 508 :
1425 459 1490 513 iis
1515 458 1672 512 etiam
1699 457 1790 527 qui
1808 461 1946 512 male
1975 456 2057 509 vi-

463 552 844 620 vunt,honam
874 565 1024 624 spem
1045 549 1212 615 dedit,
1269 564 1314 603 si
1369 547 1636 629 voluerint
1680 545 1944 610 cenverti,
1994 552 2052 599 ut

472 644 575 716 qui
598 646 803 715 possint
841 639 1261 700 miscricordiam
1299 634 1591 706 consequi;
1635 635 1899 690 convertit
1940 648 2056 689 ser-

469 748 687 791 monem
737 731 805 788 ad
836 729 1165 802 petitionem,
1190 743 1310 799 qua:
1334 727 1588 797 deinceps
1614 726 1744 780 dicit
1776 743 1788 779 ε
1815 723 2052 789 Dauniae,

478 824 643 881 deduc
666 817 749 878 ine
776 824 828 876 in
848 822 1052 893 iustitia
1079 830 1167 878 tua
1198 834 1334 888 :per
1357 817 1476 874 haec
1524 815 1728 877 docens
1760 815 2055 869 auditorem

469 913 620 984 prius
642 911 872 985 hymnos
901 910 1012 966 Deo
1038 909 1252 975 otl‘erre,
1276 916 1331 964 et
1369 921 1467 977 pro
1515 904 1786 968 beneﬁciis
1826 917 1988 973 accep
2013 905 2057 958 is

464 1005 668 1076 gratias
690 1017 886 1073 agere;
915 1010 970 1058 et
997 1011 1122 1056 tunc
1146 1015 1266 1070 qua
1292 999 1405 1053 vult
1432 1007 1634 1067 petere,
1659 1005 1714 1052 et
1739 1010 1836 1066 pro
1855 996 1920 1050 iis
1939 1010 2056 1066 qua:

471 1092 740 1162 acceperit
765 1106 950 1147 rursus
973 1105 1132 1162 egere
1146 1088 1365 1159 gratias.
1392 1085 1498 1142 Sed
1519 1087 1792 1141 videamus
1812 1099 2055 1154 quamam

465 1196 534 1242 es
560 1192 684 1241 sunt
713 1198 832 1255 qua
869 1183 1022 1253 petit.
1056 1182 1194 1237 Num
1245 1177 1444 1249 aliquid
1466 1192 1653 1233 eorum
1678 1192 1798 1248 quas
1827 1175 1896 1231 ad
1921 1175 2058 1236 hanc

471 1276 634 1332 vitam
658 1273 962 1344 pertinent?
999 1269 1260 1351 numquid
1311 1267 1608 1337 temporale
1645 1273 2056 1321 ac.momenta-

473 1363 677 1420 neunt?
704 1361 958 1432 numquid
1002 1375 1189 1416 eorum
1223 1373 1342 1429 quae
1372 1355 1784 1439 prtelerﬁuunt?
1811 1353 1949 1409 Num
1970 1352 2058 1412 ,de

473 1455 670 1521 divitiis
698 1442 967 1525 laquitur‘l
1011 1468 1137 1507 num
1175 1451 1243 1507 de
1263 1448 1475 1526 gloria‘l
1505 1463 1631 1503 num
1677 1446 1748 1502 de
1786 1444 2060 1515 potentia?

474 1562 601 1605 Itum
624 1545 696 1602 de
721 1543 1038 1603 ulciscendis
1060 1536 1328 1597 inimicis?
1357 1539 1498 1596 Nihil
1527 1539 1739 1594 horum.
1763 1535 1868 1592 Sed
1895 1533 2060 1604 quid?

475 1634 710 1700 Domine,
733 1635 893 1690 deduc
915 1649 994 1689 use
1016 1634 1070 1687 in
1079 1631 1285 1703 iustitia
1309 1641 1397 1685 tua
1420 1637 1625 1700 prapter
1649 1627 1882 1690 inimicos
1901 1640 2062 1680 meos.

480 1726 638 1784 Vides
657 1725 935 1797 quomodo
948 1722 1078 1779 nihil
1105 1723 1236 1793 petit
1253 1723 1455 1777 lluxum
1475 1730 1530 1775 et
1543 1719 1823 1785 caducum,
1853 1726 1909 1772 et
1930 1731 2064 1787 quo-

473 1816 638 1875 modo
664 1803 953 1888 supernum
976 1823 1130 1885 rogat
1152 1811 1446 1870 auxilium?
1470 1811 1571 1879 Qui
1600 1810 1744 1866 enim
1777 1824 1838 1863 ea
1860 1808 1946 1863 via
1971 1808 2057 1862 in-

473 1909 807 1980 gredtuntur,
859 1919 925 1960 eo
965 1888 1198 1960 maxime
1247 1902 1446 1958 auxilio
1489 1899 1745 1970 indigent.
1797 1897 2062 1954 Justitiam

475 2005 654 2053 autem
685 1995 772 2052 hic
797 1994 928 2051 dicit
949 1994 1256 2049 universam
1283 1993 1532 2046 virtutem
1561 1989 1660 2059 (a).
1700 1990 1766 2043 Et
1809 1995 1955 2042 recte
1981 1985 2064 2041 di-

474 2086 571 2154 cit,-
597 2084 661 2140 ln
684 2095 775 2142 tua
788 2072 1011 2154 iustitia.
1043 2083 1140 2139 Est
1173 2082 1314 2138 enim
1351 2081 1510 2156 etiam
1537 2079 1811 2134 hominum
1833 2076 2058 2148 justitia,

473 2191 597 2250 qua
623 2191 695 2232 ex
721 2175 973 2232 externis.
1005 2174 1209 2246 legibus
1258 2172 1636 2244 proﬁciscitur,
1686 2169 1782 2225 sed
1827 2167 1965 2235 vilis,
2007 2177 2066 2224 et

368 2272 372 2283 '
474 2281 598 2339 quas
642 2263 777 2341 nihil
831 2265 992 2320 habet
1019 2263 1310 2332 perlectum
1335 2269 1390 2317 et
1416 2260 1737 2322 absolutum,
1763 2265 1819 2313 et
1855 2263 2066 2313 constat

474 2371 541 2410 ex
573 2355 818 2410 humanis
839 2351 1272 2425 cogitationibus.
1312 2349 1424 2421 Ego
1450 2358 1626 2404 autem
1655 2355 1797 2403 tuam
1827 2355 1950 2412 peto
1973 2345 2064 2416 ju-

474 2444 694 2511 stitiam,
720 2458 842 2514 qua:
863 2457 891 2496 a
915 2451 966 2498 te
989 2441 1164 2497 delata
1189 2448 1291 2505 est,
1322 2454 1442 2510 quae
1485 2437 1631 2493 ducit
1678 2437 1732 2492 in
1762 2435 1983 2502 calum;
2009 2443 2067 2492 et

474 2537 751 2601 auxilium,
781 2543 842 2591 ut
870 2533 1011 2590 hanc
1031 2532 1290 2604 justitiam
1317 2530 1450 2586 mihi
1476 2529 1756 2586 conciliem
1789 2528 1830 2609 ί,

447 2671 452 2676 -
547 2629 601 2684 5-.
633 2627 798 2683 Recte
815 2634 992 2680 autem
1013 2623 1145 2679 dixit
1164 2621 1315 2689 illud,
1336 2621 1510 2676 Deduc
1531 2635 1630 2675 me.
1653 2619 1899 2675 Praesens
1921 2618 2061 2674 enim

475 2715 584 2774 vita
611 2717 697 2773 via
735 2724 820 2772 est
853 2730 972 2786 qua
1007 2722 1122 2770 uta
1152 2728 1314 2783 manu
1349 2724 1575 2781 superna
1612 2708 1904 2764 deducatur
1931 2721 2065 2777 opus

475 2806 657 2863 habet.
674 2805 895 2872 Sienim
912 2805 1095 2861 urbem
1119 2801 1404 2873 ingressuri
1424 2815 1557 2869 opus
1582 2799 1839 2870 habemus
1859 2797 2064 2867 aliquo,

474 2891 737 2968 qul‘viam
771 2893 924 2950 nobis
967 2891 1195 2958 indicet,
1221 2889 1390 2946 multo
1419 2888 1587 2964 magis
1611 2888 1664 2942 in
1691 2886 1880 2943 caelum
1906 2901 2065 2956 pere-

475 2986 733 3059 grinaturi
773 2998 910 3056 opus
949 2982 1206 3039 habemus
1242 2995 1474 3050 superno
1515 2977 1733 3044 auxilio,
1760 2987 1818 3033 ut
1848 2977 2064 3044 indicet,

475 3075 760 3134 conﬁrmet
802 3078 856 3130 et
893 3072 1121 3130 deducat
1153 3091 1166 3125 :
1199 3069 1541 3148 niultazlenim
1564 3077 1687 3122 sunt
1715 3067 1918 3121 semitae
1947 3080 2067 3136 quae

477 3169 765 3224 divertuut.
794 3165 1084 3233 Propterea
1108 3161 1379 3217 dexteram
1409 3159 1504 3215 Dei
1528 3170 1822 3214 teneamus.
1852 3154 2067 3226 Propter

474 3260 706 3316 inimicos
731 3272 886 3312 meos.
917 3254 1086 3321 Multi,
1116 3254 1302 3323 inquit,
1327 3249 1701 3319 conspirarunt
1727 3247 1947 3310 inimici,
1969 3261 2066 3302 vo-

477 3351 648 3407 lentes
666 3360 881 3416 gressus
900 3359 1048 3400 meos
1068 3343 1354 3408 divertere,
1372 3348 1426 3394 ct
1443 3341 1495 3394 in
1517 3341 1752 3394 erro’rem
1774 3337 2061 3404 abducere,

478 3443 532 3496 in
563 3442 826 3509 aliamque
853 3437 994 3492 viam
1021 3436 1233 3491 ducere.
1281 3431 1414 3501 Quia
1443 3447 1569 3502 ergo
1607 3430 1741 3485 tales
1779 3437 1902 3485 sunt
1931 3430 2064 3485 insi-

477 3532 601 3598 ditc,
628 3528 760 3585 tales
791 3528 1113 3589 invasiones,
1137 3525 1251 3594 ipse
1274 3537 1360 3577 me
1381 3519 1573 3576 deduc.
1606 3519 1721 3574 Tuo
1749 3521 1892 3575 enim
1923 3518 2066 3574 auxi-

479 3621 550 3674 lio
571 3628 723 3690 egeo.
754 3616 887 3672 Nam
914 3615 1044 3670 utin
1074 3614 1155 3668 via
1182 3612 1396 3683 quidem
1423 3609 1764 3674 deducantur,
1793 3609 1909 3679 ejus
1937 3615 2018 3663 est
2049 3625 2062 3662 :

479 3723 536 3768 ut
563 3721 742 3767 autem
772 3708 916 3778 digni
946 3708 1112 3762 simus
1132 3714 1190 3759 ut
1213 3704 1302 3758 illa
1337 3717 1496 3756 manu
1529 3710 1838 3768 teneamur,
1865 3708 2066 3754 nostra;

477 3803 549 3857 sit
573 3800 883 3870 diligentiae.
915 3797 975 3852 Si
1001 3795 1163 3851 fueris
1187 3793 1328 3850 enim
1357 3791 1681 3857 immundus,
1710 3805 1815 3844 non
1845 3799 1897 3844 te
1923 3796 2069 3843 tenet

478 3893 567 3946 illa
591 3904 780 3945 manus
804 3907 816 3940 :
840 3888 884 3942 si
912 3885 1072 3941 fueris
1096 3899 1286 3939 avarus
1305 3923 1320 3948 ,
1348 3883 1394 3937 si
1422 3881 1652 3941 aliquam
1682 3881 1838 3935 aliam
1866 3879 2069 3933 habens

480 3981 764 4037 maculam.
793 3975 972 4049 Dirige
994 3978 1049 4030 in
1072 3983 1339 4045 conspectu
1357 3983 1442 4028 tuo
1460 3974 1590 4026 viam
1612 3989 1772 4026 meam
1795 3988 1814 4025 :
1837 3971 1938 4025 hoc
1962 3979 2065 4037 est,

480 4072 588 4127 Fac
616 4070 744 4125 mihi
774 4084 893 4124 eam
924 4069 1140 4131 claram,
1171 4074 1431 4135 apertam,
1459 4057 1638 4118 notam
1666 4083 1677 4116 :
1709 4063 1790 4118 fac
1817 4073 1872 4118 ut
1898 4077 1961 4117 ea
1992 4064 2064 4118 sit

479 4162 619 4232 apud
642 4176 726 4216 me
744 4167 890 4214 certa
920 4168 972 4212 et
1003 4165 1170 4224 recta.
1218 4157 1369 4225 Alius
1400 4164 1573 4208 autem
1607 4154 1867 4221 interpres
1888 4153 2022 4207 dixit
2050 4169 2065 4206 :

447 4287 450 4289 λ
481 4254 761 4324 Complana
786 4260 901 4304 ante
924 4266 1002 4302 me
1027 4248 1159 4301 aiant
1193 4257 1363 4310 tuam;
1393 4245 1494 4300 hoc
1516 4255 1617 4309 est,
1644 4243 1828 4320 Redde
1859 4244 2066 4312 planam

479 4361 543 4402 ac
576 4345 806 4402 facilem.
831 4342 920 4397 10.
954 4341 1210 4408 Quoniam
1237 4355 1337 4392 non
1365 4346 1434 4390 est
1470 4338 1524 4389 in
1559 4352 1730 4389 eorum
1760 4336 1961 4400 veritas,
1984 4351 2070 4390 cor

478 4454 652 4494 eorum
673 4452 857 4489 vanum
881 4443 972 4487 est.
1004 4431 1129 4486 Mihi
1155 4430 1358 4485 videtur
1379 4429 1493 4484 haec
1513 4428 1691 4482 dicere
1715 4437 1768 4481 et
1797 4427 1866 4482 de
1895 4429 1956 4482 iis
1979 4428 2069 4498 qui

481 4530 535 4585 in
563 4543 746 4584 errore
770 4535 1082 4586 versantur,
1115 4533 1168 4578 et
1207 4537 1269 4578 os
1308 4533 1360 4576 et
1407 4531 1638 4575 mentem
1681 4534 1974 4584 accusans,
2015 4527 2072 4573 ut

482 4623 627 4679 omni
657 4623 798 4676 bono
817 4620 1157 4680 destitutam;
1190 4624 1246 4670 et
1269 4614 1336 4676 de
1357 4614 1419 4668 iis
1443 4614 1533 4682 qui
1555 4613 1738 4666 vivunt
1762 4613 1816 4666 in
1843 4612 2067 4667 scelere.

482 4715 568 4769 H.
604 4711 907 4779 Sepulcrum
932 4719 1110 4780 patens
1140 4717 1211 4760 est
1247 4715 1414 4775 guttur
1443 4719 1635 4758 eorum.
1668 4702 1760 4757 Vel
1793 4702 2068 4757 hominum

481 4804 632 4859 czede
671 4800 947 4865 delectari,
989 4799 1072 4852 vel
1115 4806 1320 4850 mortua
1349 4803 1403 4850 et
1427 4795 1566 4849 male
1593 4795 1786 4848 olentia
1821 4794 2069 4864 dogmata

479 4896 720 4967 proferre
745 4892 831 4946 hic
858 4890 1005 4946 dicit.
1033 4887 1150 4943 Non
1178 4886 1502 4940 aberraverit
1542 4885 1826 4954 quispiam,
1853 4885 1896 4938 si
1928 4884 2070 4938 dicat

480 4987 641 5042 etiam
668 4999 876 5048 eorum,
897 4981 988 5050 qui
1019 4980 1271 5033 obscaena
1303 4976 1464 5030 verba
1495 4975 1782 5043 loquuntur
1803 5016 1816 5037 ,
1846 4989 1938 5028 ora
1971 4989 2066 5044 pa-

485 5087 600 5131 tens
623 5074 924 5142 sepulcrum
953 5068 1268 5137 appellasse.
1304 5064 1399 5118 ille
1427 5065 1570 5119 enim
1595 5063 1755 5117 foster
1779 5072 1860 5119 est
1890 5065 2066 5118 sensi-

485 5166 574 5223 bili
614 5165 779 5219 multo
816 5161 1049 5231 gravior,
1077 5158 1166 5227 qui
1201 5155 1415 5227 quidem
1457 5170 1520 5209 ex
1561 5156 1752 5208 animze
1790 5155 2068 5224 putredine

481 5260 692 5313 oritur:
721 5262 845 5323 sunt
872 5252 1029 5307 etiam
1056 5263 1338 5303 avarorum
1377 5263 1469 5302 ora
1507 5247 1651 5313 talia,
1685 5249 1897 5316 quando
1936 5249 2067 5303 nihil

483 5345 628 5402 aliud
676 5345 948 5414 proferunt
974 5355 1132 5411 quam
1159 5339 1331 5393 caedes
1360 5348 1413 5392 et
1439 5339 1670 5408 rapinas.
1711 5339 1789 5394 Ne
1833 5341 1902 5392 sit
1939 5355 2066 5410 ergo

483 5453 548 5493 os
593 5448 740 5492 tuum
787 5434 1123 5502 sepulcrum,
1171 5429 1263 5485 sed
1300 5430 1595 5485 thesaurus.
1628 5431 1884 5486 Thesauri
1925 5433 2066 5485 enim

548 5533 564 5562 ι
602 5536 738 5589 Βεςη
763 5531 815 5574 nt
837 5525 960 5590 hanc
975 5521 1215 5584 justitiam
1377 5521 1628 5590 conciliem
1651 5520 1702 5570 in
1727 5523 2030 5583 prtesidium.

548 5591 621 5649 (a)
646 5583 880 5636 Justitiam
904 5583 1150 5649 hicvocat,
1170 5583 1703 5649 universamvirtutem.
1720 5590 1930 5649 veteres
1949 5597 2068 5645 quo-

484 5645 582 5714 que
605 5645 867 5714 Scriptores
889 5647 1068 5714 profani
1102 5645 1184 5694 diu
1208 5653 1324 5714 ante
1357 5645 1594 5694 Christum
1607 5645 1846 5714 justitiam
1867 5658 2067 5714 omnem

487 5703 601 5761 esse
626 5703 852 5774 viriutem
873 5703 1116 5774 dicebant,
1141 5719 1234 5774 qua
1258 5705 1322 5752 de
1343 5717 1401 5754 re
1437 5703 1630 5755 versum
1654 5703 1957 5768 Empedoclis
1970 5707 2066 5769 jam

486 5789 634 5839 supra
653 5785 701 5834 ι).
726 5771 806 5834 40,
826 5777 925 5820 not.
951 5770 1043 5832 (a),
1061 5770 1327 5818 attulimus.

2166 457 2389 512 multum
2443 474 2474 513 a
2522 460 2784 529 sepulcris
2843 460 3129 527 diﬂerunt,
3178 461 3318 532 quod
3378 463 3466 518 ills
3534 463 3756 532 quidem

2160 559 2505 618 corrumpant
2567 551 2708 619 quod
2767 555 3121 622 acceperint,
3195 554 3282 609 isti
3342 570 3472 609 vero
3535 568 3757 610 conscr-

2159 648 2305 692 vent.
2341 639 2485 695 llabe
2513 655 2641 711 ergo
2661 648 2714 695 tu
2743 656 2955 712 quoque
2991 642 3204 697 divitias
3239 642 3399 698 studii
3436 643 3755 713 sapientiae.

2160 746 2280 800 qua:
2324 741 2580 801 perpetuo
2617 744 2960 804 permanent,
2989 733 3084 788 sed
3113 749 3220 790 non
3245 734 3493 791 ﬁctorem
3519 734 3757 804 aliquem

2161 831 2217 876 et
2240 821 2597 891 putredinem.
2637 824 2706 878 Et
2746 839 2852 878 non
2890 824 3037 879 dixit
3075 824 3393 893 simpliciter
3427 835 3482 881 et
3509 825 3760 879 absoluti:

2161 914 2486 982 sepulcrum,
2512 913 2606 969 sed
2638 924 2856 983 patens,
2895 923 2952 969 ut
2989 915 3160 970 etiam
3189 915 3454 985 signiﬁcet
3491 918 3757 985 majorem

2161 1017 2283 1059 esse
2307 1003 2775 1060 abominatiouein.
2805 1005 2938 1060 Cum
2958 1005 3100 1059 enim
3135 1013 3408 1074 oporteret
3440 1020 3535 1077 eos
3574 1005 3760 1075 hujus-

2163 1096 2307 1151 modi
2335 1097 2497 1152 verba
2521 1097 2718 1171 celare,
2748 1097 2823 1150 illi
2851 1096 3012 1151 etiam
3033 1096 3309 1166 proferunt
3329 1105 3387 1150 ut
3406 1110 3560 1152 suum
3584 1099 3760 1166 magis

2153 1180 2406 1241 morbum
2433 1186 2736 1241 ostendant.
2775 1185 2923 1241 Et~iu
2949 1186 3174 1241 mortuis
3198 1185 3414 1256 quidem
3439 1184 3763 1254 Corporibus

2162 1275 2486 1330 comrarium
2508 1274 3340 1343 f.icientes,terr;etradimus:hi
3377 1285 3555 1331 autem
3586 1275 3640 1330 in
3675 1274 3761 1329 his

2161 1364 2341 1418 verbis
2364 1365 2560 1418 faciunt
2583 1366 2934 1428 contrarium,
2954 1379 3006 1421 et
3030 1362 3173 1435 quod
3197 1366 3248 1420 in
3270 1365 3377 1420 imo
3398 1365 3559 1419 corde
3580 1365 3761 1420 celare

2163 1463 2435 1521 oporteret
2462 1462 2516 1509 et
2544 1453 2826 1516 sutl'ocare.
2860 1439 3232 1524 proierentes,
3271 1463 3325 1509 et
3365 1455 3562 1509 multos
3588 1454 3761 1509 otl'en-

2164 1542 2374 1610 dentes,
2393 1551 2448 1598 et
2470 1545 2719 1598 omnibus
2749 1543 2972 1598 videnda
3001 1553 3377 1614 preponentes.
3411 1545 3515 1598 Sed
3541 1557 3637 1599 eos
3664 1543 3758 1613 qui

2168 1634 2299 1690 tales
2321 1639 2692 1726 suntnquaaso.
2717 1635 3013 1704 abigamus.
3047 1633 3104 1689 Si
3129 1634 3271 1688 enim
3300 1643 3506 1688 mortua
3528 1645 3757 1702 corpora

2163 1733 2314 1778 extra
2339 1721 2524 1778 urbem
2543 1723 2832 1792 sepelimus
2855 1722 2953 1794 (a),
2979 1723 3148 1778 multo
3173 1722 3342 1793 magis
3369 1737 3462 1778 eos
3488 1723 3575 1791 qui
3594 1721 3760 1776 verba

2165 1823 2392 1879 mortua,
2420 1821 2475 1868 et
2500 1813 2590 1884 qui
2615 1815 2738 1868 talia
2770 1813 3066 1883 proferunt,
3098 1821 3152 1869 et
3172 1828 3240 1868 ne
3261 1822 3440 1883 tegere
3461 1819 3556 1866 aut
3572 1812 3758 1866 obum-

2165 1900 2554 1974 hrare'quidem
2579 1904 2783 1970 volunt,
2809 1904 2967 1974 longe
2995 1903 3281 1959 amandare
3303 1912 3513 1973 oportet
3537 1921 3551 1956 :
3575 1901 3762 1973 hujus-

2165 1993 2310 2048 modi
2352 1994 2496 2048 enim
2538 2009 2635 2049 ora
2685 2003 2810 2050 sunt
2850 1995 3151 2049 communis
3196 1993 3426 2049 civitatis
3470 1995 3756 2065 pernicies.

2166 2085 2378 2156 Linguis
2401 2087 2507 2141 suis
2526 2087 2698 2141 dolose
2716 2087 2946 2158 agebant.
2980 2086 3170 2142 Vidisti
3196 2086 3337 2142 aliud
3364 2101 3534 2156 genus
3557 2088 3761 2156 impro-

2166 2175 2367 2234 bitatis.
2394 2177 2456 2232 Hi
2479 2177 2692 2247 quidem
2722 2177 2900 2233 dolum
2929 2177 2980 2231 in
3008 2186 3188 2233 mente
3213 2190 3308 2231 sua
3329 2177 3524 2244 celant,
3550 2176 3765 2232 blandis

2168 2267 2344 2323 verbis
2363 2278 2612 2323 utentes:
2637 2268 2724 2322 alii
2747 2277 2924 2323 autem
2955 2266 3091 2323 adeo
3115 2275 3243 2322 sunt
3268 2267 3399 2323 vafri
3421 2277 3474 2323 et
3499 2268 3681 2335 astuti,
3703 2278 3758 2324 ut

2170 2358 2222 2412 in
2249 2357 2379 2429 ipsis
2399 2359 2578 2414 verbis
2621 2358 3014 2429 improbitatem
3043 2360 3294 2431 obtegant
3312 2401 3328 2427 ,
3361 2360 3680 2431 fraudesque
3707 2373 3761 2418 ct

2168 2447 2387 2503 insidias
2412 2457 2742 2504 construant.
2760 2448 2952 2503 Judica
2968 2449 3105 2517 illos,
3129 2449 3262 2505 Deus
3278 2493 3295 2516 ,
3323 2451 3555 2505 accidant
3573 2469 3602 2503 a
3623 2453 3762 2522 cogi-

2171 2540 2442 2595 tationibus
2478 2541 2602 2595 suis.
2637 2540 2770 2596 Vide
2796 2541 2883 2596 hic
2909 2542 3068 2596 etiam
3096 2557 3255 2611 quam
3287 2543 3356 2598 sit
3396 2545 3542 2598 mitis
3566 2547 3760 2598 oratio.

2167 2629 2285 2685 Non
2313 2631 2456 2685 enim
2484 2629 2619 2684 dixit
2644 2646 2660 2683 :
2692 2630 2845 2694 Puni,
2875 2629 2991 2695 sed,
3017 2628 3207 2684 Judica
3231 2646 3336 2698 eos,
3357 2641 3413 2687 et
3447 2631 3530 2686 fac
3558 2644 3614 2686 ut
3645 2647 3763 2686 ces-

2167 2729 2290 2778 sent
2317 2736 2349 2777 a
2379 2721 2538 2786 vitio;
2579 2719 2661 2775 l‘ac
2703 2730 2761 2775 ut
2803 2720 2911 2775 sint
2949 2720 3097 2776 irrita
3127 2736 3312 2777 eorum
3334 2722 3586 2789 consilia,
3615 2721 3761 2792 quod

2168 2813 2328 2868 etiam
2356 2827 2451 2883 pro
2480 2812 2610 2882 ipsis
2634 2821 2717 2868 est
2745 2827 2927 2876 orare,
2963 2823 3022 2867 ut
3066 2829 3170 2867 non
3213 2813 3348 2867 ultra
3391 2815 3763 2884 progrediatur

2169 2916 2355 2958 eorum
2378 2902 2709 2971 improbitas.
2739 2901 3036 2958 Secundum
3057 2903 3426 2958 multitudinem
3448 2904 3766 2974 impietultutt

2171 3008 2346 3048 eorum
2377 2993 2573 3064 expelle
2613 3008 2696 3047 eos
2720 3034 2735 3059 ,
2776 2995 3013 3062 quoniam
3057 2994 3376 3049 irritaverant
3416 3005 3480 3061 te,
3525 2995 3763 3051 Domine.

2171 3081 2284 3138 Hoc
2302 3091 2413 3150 .est,
2439 3082 2555 3137 Non
2584 3092 2709 3137 sunt
2734 3084 3028 3140 mihicum
3047 3100 3110 3139 ea
3136 3101 3255 3149 quae
3282 3086 3409 3140 mihi
3435 3085 3572 3141 facta
3599 3096 3760 3142 sunt:

2169 3174 2267 3229 sed
2297 3175 2452 3230 doleo
2487 3183 2707 3244 propter
2732 3189 2792 3230 ea
2817 3191 2936 3246 quae
2969 3177 3058 3231 tibi
3087 3177 3344 3232 fecerunt.
3375 3177 3486 3231 Hoc
3515 3187 3596 3231 est
3617 3180 3764 3232 enim

2170 3264 2224 3319 in
2263 3266 2450 3335 primis
2496 3266 2567 3337 pii
2612 3275 2666 3321 et
2705 3266 2962 3335 sapientis
3000 3268 3196 3334 animi,
3227 3282 3350 3322 suas
3377 3268 3590 3338 quidem
3619 3269 3765 3330 nolle

2170 3355 2387 3422 ulcisci,
2416 3356 2512 3411 sed
2544 3357 2634 3412 Dei
2663 3357 2884 3427 injurias
2912 3356 3260 3412 vehementer
3298 3360 3563 3428 persequi.
3609 3344 3760 3414 Multi

2171 3446 2370 3503 faciunt
2394 3447 2478 3503 his
2497 3451 2784 3513 contraria,
2813 3465 2931 3519 qua:
2961 3449 3013 3503 in
3046 3450 3211 3504 Deum
3241 3449 3454 3518 quidem
3479 3449 3614 3504 facta
3636 3461 3761 3506 sunt

2169 3548 2593 3615 contemnentes,
2617 3555 2738 3610 quae
2767 3541 2897 3595 inse
2925 3549 3101 3595 autem
3128 3548 3340 3610 peccata
3362 3541 3620 3597 acerrime
3647 3543 3764 3596 vin-

2171 3632 2432 3687 dicantes.
2460 3633 2530 3686 At
2556 3647 2660 3697 non
2688 3632 2765 3687 sic
2792 3634 2980 3697 sancti,
3007 3632 3102 3687 sed
3123 3648 3308 3688 eorum
3333 3633 3544 3703 quidem
3568 3651 3684 3705 qua:
3708 3635 3762 3689 in

2172 3723 2337 3779 Deum
2367 3723 2581 3788 ﬁebant,
2605 3733 2757 3778 erant
2783 3725 3029 3779 acerrimi
3052 3723 3318 3787 vindices;
3348 3739 3465 3793 qua:
3497 3725 3547 3778 in
3578 3740 3637 3780 se
3662 3740 3763 3779 au-

2173 3823 2280 3869 tem
2297 3857 2310 3875 ,
2344 3815 2698 3884 negligebant.

2177 3931 2180 3934 ο
2244 3903 2447 3959 Lwtitia
2495 3921 2558 3958 ea:
2603 3903 2712 3959 Deo
2751 3907 2921 3975 ﬁrma.
2951 3935 3022 3946 -——
3051 3906 3137 3961 12.
3170 3922 3191 3959 t
3224 3903 3290 3968 Et
3327 3905 3558 3961 laetentur
3593 3923 3787 3961 omnes

2171 3997 2257 4064 qui
2280 4005 2484 4066 sperant
2509 3997 2562 4051 in
2592 4007 2657 4050 te.
2688 4015 2706 4048 ι
2746 3997 2874 4053 Vide
2900 3998 3103 4052 lucrum
3129 3999 3406 4053 orationis.
3452 4000 3517 4054 Et
3543 3998 3618 4053 illi
3646 4015 3763 4054 nie-

2173 4087 2334 4142 liores
2363 4087 2608 4150 evadent,
2634 4095 2687 4142 ct
2710 4087 2969 4142 desistent
2989 4103 3018 4142 a
3045 4089 3216 4152 vitiis;
3249 4099 3302 4142 et
3331 4089 3419 4142 alii
3455 4105 3642 4159 magna
3663 4103 3764 4145 vo-

2175 4179 2374 4248 luptate
2403 4178 2717 4242 afficientur,
2747 4178 2986 4233 videntes
3007 4179 3214 4233 illorum
3238 4179 3603 4245 mutationem,
3627 4190 3679 4234 et
3695 4181 3766 4237 ad

2174 4271 2225 4324 id
2252 4270 2393 4339 quod
2419 4280 2501 4324 est
2529 4269 2720 4324 melius
2748 4269 3150 4323 conversionem
3176 4310 3190 4333 ,
3222 4278 3277 4324 et
3301 4269 3435 4324 alios
3465 4285 3525 4323 ea
3557 4270 3766 4326 ratione

2175 4361 2291 4417 ﬁeri
2316 4361 2588 4414 meliores.
2621 4359 2687 4412 In
2711 4371 2953 4414 (uernum
2979 4359 3329 4426 exsultabant,
3364 4367 3409 4411 et
3438 4357 3681 4412 habitabit
3709 4361 3764 4413 in

2175 4453 2263 4506 eis.
2297 4435 2410 4512 Hoc
2447 4460 2526 4506 est
2565 4452 2706 4505 enim
2747 4451 2974 4505 maxime
2999 4450 3247 4521 gaudium
3278 4459 3625 4519 perpetuum;
3660 4451 3764 4504 alia

2175 4543 2316 4596 enim
2358 4541 2546 4612 gaudia
2588 4541 2754 4594 nihilo
2794 4548 2918 4593 sunt
2964 4539 3236 4594 stabiliora
3283 4555 3440 4608 quam
3480 4538 3764 4594 ﬂuviorum

2175 4634 2390 4695 ﬂuenta,
2420 4646 2538 4703 qua:
2569 4633 2724 4688 simul
2748 4648 2808 4687 ac
2835 4632 3080 4686 videntur
3105 4630 3503 4700 prmterlluunt;
3533 4647 3652 4699 qum
3676 4641 3759 4688 est

2174 4736 2348 4781 autem
2378 4743 2444 4781 ex
2475 4728 2580 4780 Deo
2609 4725 2809 4790 laetitia,
2841 4734 3053 4787 manet,
3086 4723 3353 4791 ﬁrmisque
3379 4723 3542 4776 lueret
3567 4725 3763 4778 radici-

2175 4818 2294 4884 bus,
2319 4827 2370 4872 et
2395 4828 2475 4872 est
2496 4815 2766 4870 sufﬁciens
2788 4857 2800 4875 .
2835 4825 3089 4885 perpetua
3118 4829 3182 4868 ac
3207 4813 3432 4879 stabilis,
3460 4828 3575 4883 qua:
3604 4814 3764 4871 nullis

2175 4908 2459 4977 inopinatis
2489 4920 2552 4959 ac
2579 4906 2955 4973 inexspectatis
2978 4904 3186 4958 casibus
3214 4905 3634 4972 interrumpitur,
3667 4902 3764 4959 sed

2177 5014 2268 5067 per
2306 5013 2368 5052 ea
2407 5011 2524 5065 quae
2565 4997 2849 5064 prohibent
2885 4996 3055 5062 major
3089 5004 3143 5048 et
3179 4993 3455 5048 sublimior
3497 4992 3758 5047 redditur.

2173 5089 2305 5144 Nam
2346 5099 2399 5142 et
2433 5087 2652 5155 apostoli
2683 5085 2901 5155 ﬂagellis
2934 5083 3290 5148 caedebantur,
3334 5091 3389 5137 et
3420 5081 3758 5151 gaudebant;

2175 5193 2227 5238 et
2247 5183 2445 5238 Paulus
2471 5179 2824 5249 alliigebatur,
2853 5188 2909 5234 et
2934 5176 3233 5232 exsultabat
3263 5194 3275 5230 :
3305 5176 3593 5229 moriturus
3621 5184 3762 5241 erat,
3823 5226 3838 5244 ,

2175 5287 2228 5331 et
2264 5276 2439 5346 gaudii
2477 5273 2763 5342 participes
2787 5271 3104 5342 appellabat,
3128 5269 3312 5323 dicens
3344 5286 3357 5323 :
3391 5267 3495 5323 Sed
3517 5267 3609 5319 etsi
3633 5268 3752 5321 deli-

2177 5368 2265 5421 bor
2290 5376 2497 5435 propter
2527 5364 2834 5432 sacri/icium
2854 5371 2902 5417 et
2928 5361 3256 5415 ministerium
3279 5359 3398 5428 ﬁdei
3415 5373 3620 5425 vestra,
3640 5375 3771 5427 gau-

2175 5460 2269 5512 deo
2298 5467 2344 5511 et
2373 5441 2599 5511 eolltrtor
2625 5472 2738 5508 cum
2757 5456 2892 5508 vobis
2920 5454 3168 5508 omnibus.
3201 5449 3385 5503 Itidem
3416 5465 3500 5502 vos
3525 5449 3756 5519 gaudete,

2176 5561 2219 5604 et
2244 5565 2437 5603 mecum
2457 5548 2781 5602 collatamini
2809 5544 3066 5614 (Philipp.
3097 5543 3150 5596 2.
3178 5543 3264 5596 l7.
3292 5543 3401 5610 l8).
3433 5541 3563 5594 Cum
3587 5541 3652 5594 iis
3670 5541 3760 5607 qui

2240 5640 2312 5702 (a)
2347 5647 2445 5688 Mos
2459 5638 2728 5702 sepeliendi
2748 5649 2948 5702 corpora
2963 5635 3303 5702 defunctorum
3323 5645 3381 5702 ex
3389 5640 3460 5682 trs
3481 5633 3649 5702 urbes,
3667 5643 3764 5680 non

2175 5691 2307 5774 apud
2323 5691 2551 5774 Romanos
2569 5701 2725 5760 modo,
2751 5691 2846 5750 sed
2865 5701 3011 5748 etiam
3035 5696 3160 5760 apud
3193 5696 3519 5745 Atheuienses
3548 5691 3764 5756 aliosque

2179 5771 2228 5814 in
2246 5776 2336 5815 11511
2359 5771 2481 5815 erat.
