4070 6424
562 380 633 434 (ιο
1288 379 1347 435 S.
1386 378 1673 436 JOANNIS
1711 377 2199 436 CHRYSOSTUMI
2239 379 2556 436 ARCIIIEI’.
2596 382 3145 439 CONSTANTINOP.
3776 380 3851 438 70
3941 378 3952 386 ’

560 499 797 566 χαίρετε
832 496 930 550 καί
968 497 1322 567 συγχαίρετέ
1344 516 1467 567 μοι.
1512 500 1638 563 Τοῖς
1662 497 1835 563 οὕτως
1860 498 2141 571 ἡδομένοις

558 589 591 642 6
617 589 749 653 θεὸς
800 591 1052 642 συνοικεῖ.
1096 587 1189 642 Διδ
1226 590 1321 643 καὶ
1359 588 1501 662 αῦτη
1525 602 1551 631 ι
1596 590 1738 644 οῦτω
1780 590 1945 660 φησίν
1975 606 1990 621 ·
2044 592 2145 656 Elg-

560 678 746 734 αἰῶνα
778 679 1274 748 ἁγαλλιάσονται,
1302 680 1401 735 καὶ
1427 665 1920 748 κατασκηνώσεις
1947 681 2018 733 ἐν
2045 683 2146 735 αὐ-

562 771 705 837 τοῖς.
762 770 932 826 Τοῦτο
967 771 1099 826 αὐτὸ
1133 773 1225 843 καὶ
1271 775 1299 826 6
1341 771 1578 845 Χριστὸς
1620 770 1799 843 δηλῶν
1846 772 1999 840 ἔλεγε
2021 811 2036 835 ,
2084 771 2145 825 τὸ

560 861 896 917 ἁκατάλυτον
936 863 1035 932 τῆς
1077 853 1269 933 ἡδονῆς
1306 862 1584 933 ἐμφαίνων
1606 879 1622 893 ο
1678 861 1875 916 Πάλιν
1915 862 2141 930 ὄψομαι

550 951 735 1020 ὑμᾶς,
770 952 869 1008 καί
895 952 1009 1021 τὴν
1044 954 1238 1021 χαρὰν
1267 952 1433 1021 ὑμῶν
1453 952 1658 1020 οὐδεὶς
1686 954 1998 1022 ⁸ιαμϐάνει.
2033 954 2145 1006 Καὶ

556 1043 769 1107 Παῦλος
822 1044 984 1095 πάλιν
1018 1060 1031 1074 ·
1101 1042 1365 1097 Πάντοτε
1425 1045 1697 1113 χαίρετε,
1748 1044 2144 1111 ἀδιαλείπτως

557 1137 990 1204 προσεύχεσθε.
1044 1135 1151 1190 Καί
1199 1134 1611 1204 καυχήσονται
1645 1136 1715 1190 ἐν
1746 1134 1846 1200 σοί
1900 1138 1955 1191 οί
1998 1136 2142 1206 dra-

542 1224 787 1291 nén‘tﬂ'c
820 1226 886 1280 τὸ
921 1226 1108 1296 ὄνομὰ
1147 1242 1283 1283 σου.
1331 1225 1553 1291 Τούτοις
1598 1227 1707 1299 γὰρ
1756 1226 1993 1299 μάλιστα
2026 1226 2140 1281 ἔστι

556 1319 863 1387 καυχᾶσθαι
894 1317 1095 1388 μόνοις,
1123 1317 1333 1382 τούτοις
1357 1317 1587 1389 χαίρειν,
1614 1318 1826 1383 τούτοις
1855 1318 2139 1389 εὐφραίνε-

556 1404 719 1457 σθαι·
779 1406 855 1468 ώς
896 1407 989 1473 ὅγε
1038 1408 1130 1460 ἐπὶ
1171 1408 1283 1470 τοῖς
1328 1408 1600 1478 βιωτικοῖς
1642 1408 2145 1480 καλλωπιζόμενος,

552 1493 705 1546 οὐδὲν
731 1494 1002 1565 διενήνοχε
1035 1495 1142 1547 τῶν
1166 1497 1223 1547 ἐν
1246 1496 1442 1567 ὀνείρῳ
1466 1494 1818 1566 τρυφώντων.

612 1586 685 1646 ς’.
713 1585 778 1637 Τί
796 1585 923 1657 γάρ,
944 1586 1062 1640 είπέ
1086 1586 1314 1656 μοι,τῶν
1330 1586 1684 1658 ἀνθρωπίνων
1702 1589 1938 1642 τοιοῦτόν
1967 1591 2134 1652 ἐστιν,

552 1672 664 1731 οἷον
686 1681 947 1751 παρέχειν
967 1680 1273 1749 καυχᾶσθαι
1294 1697 1307 1744 ;
1345 1678 1529 1751 Ῥώμη
1554 1678 1806 1751 αὓματος
1829 1699 1844 1746 ;
1880 1683 2017 1735 Ἀλλ’
2039 1686 2137 1737 οὐκ

554 1770 669 1823 ἐστι
698 1772 1072 1844 προαιρέσεως
1102 1771 1162 1824 τὸ
1190 1770 1545 1843 κατόρθωμα,
1572 1772 1653 1826 διὸ
1682 1774 1777 1827 καὶ
1801 1774 1895 1829 τοῦ
1933 1780 2138 1847 καυχᾶ-

555 1862 678 1916 σθαι
727 1863 1014 1935 ἐπέρηται
1038 1880 1052 1894 ’
1082 1863 1282 1929 -ἇλλως
1314 1864 1372 1917 δὲ
1417 1866 1511 1918 καὶ
1541 1865 1866 1935 μαραίνεται
1900 1871 1993 1921 καὶ
2018 1871 2130 1923 δια-

553 1954 744 2006 πίπτει
773 1954 1011 2025 ταχέως,
1036 1955 1296 2020 πολλάκις
1322 1954 1378 2009 δὲ
1411 1956 1505 2010 καὶ⁸
1535 1957 1625 2010 τὸν
1652 1958 1843 2029 ἔχοντα
1881 1960 2134 2031 ἔϐλαψεν,

550 2035 651 2097 οὐκ
681 2046 762 2108 είς
790 2044 907 2099 δέον
934 2045 1106 2118 ταύτῃ
1132 2048 1501 2117 χρησάμενον.
1540 2048 1712 2103 Τοῦτο
1748 2052 1841 2104 καὶ
1871 2054 1961 2105 ἐπὶ
1988 2054 2136 2125 ὥρας

552 2137 644 2189 καὶ
671 2136 763 2189 ἐπὶ
788 2136 1088 2208 εὐμορφίας
1120 2137 1268 2190 ἐστιν
1293 2140 1487 2196 εἰπεῖν.
1523 2140 1618 2193 καὶ
1640 2141 1730 2193 ἐπὶ
1766 2140 2017 2207 πλούτου,
2042 2147 2138 2199 καὶ

551 2229 645 2281 ἐπὶ
669 2227 1007 2292 δυναστείας,
1034 2228 1131 2281 καὶ
1158 2230 1250 2283 ἐπὶ
1274 2230 1508 2301 τρυφῆς,
1551 2233 1644 2284 καὶ
1666 2233 1757 2285 ἐπὶ
1781 2235 1996 2288 πάντων
2024 2236 2134 2289 τῶν

552 2318 841 2386 βιωτικῶν.
893 2318 967 2372 Τδ
1010 2319 1067 2373 δὲ
1115 2320 1206 2373 ἐπὶ
1253 2320 1329 2391 τῷ
1380 2321 1498 2391 Θεῷ
1546 2323 1883 2393 καυχᾶσθαι,
1928 2328 2023 2380 καὶ
2067 2332 2133 2400 τῇ

550 2408 740 2481 ἀγάπῃ
770 2412 837 2480 τῇ
865 2410 945 2473 είς
972 2411 1175 2477 αὐτὸν,
1221 2413 1426 2483 κόσμος
1468 2414 1722 2469 ἀπάντων
1763 2417 1963 2487 μείζων
1987 2462 2001 2485 ,
2042 2423 2136 2474 καὶ

549 2492 868 2564 λαμπρότης
898 2497 1307 2568 ὑπερϐαίνουσα
1348 2500 1516 2571 μυρία
1551 2501 1875 2575 διαδήματα,
1906 2508 2007 2561 κᾶν
2046 2510 2135 2562 δε-

550 2585 774 2659 σμώτης
811 2588 841 2640 6
878 2588 1232 2660 καυχώμενος
1381 2585 1550 2655 Οὗτος
1572 2595 1601 2648 6
1629 2595 1831 2667 κόσμος
1868 2599 1928 2653 οὐ
1971 2600 2132 2671 νόσῳ,

546 2676 609 2729 οὐ
638 2676 807 2748 γήρᾳ,
851 2678 912 2731 οὐ
956 2680 1298 2753 πραγμάτων
1331 2685 1671 2754 περιστάσει,
1713 2688 1815 2741 οὐκ
1847 2690 2133 2763 ἀνωμαλίᾳ.

548 2766 777 2835 καιρῶν,
807 2767 906 2821 οὐκ
933 2768 1083 2838 αὐτῷ
1114 2771 1460 2842 διατέμνεται
1495 2773 1571 2845 τῷ
1596 2774 1833 2848 θανάτῳ,
1863 2779 2001 2833 ἀλλά
2039 2782 2135 2835 καὶ

544 2855 667 2908 τότε
706 2855 1000 2928 διαλάμπει
1044 2859 1331 2929 μειζόνως.
1376 2865 1505 2918 Ὀτι
1545 2866 1627 2920 σὺ
1656 2870 2016 2940 εὐλογήσεις
2049 2873 2135 2926 δι-

548 2963 743 3003 καιον.
798 2950 1017 3023 Ἐπειδὴ
1047 2952 1233 3007 πολλοὶ
1262 2955 1373 3010 τῶν
1405 2956 1548 3012 οῦτω
1579 2959 1938 3033 διακειμένων
1980 2966 2133 3037 παρά

546 3039 850 3112 ἀνθρώπιον
870 3041 1182 3107 κακίζονται
1208 3047 1301 3099 καὶ
1322 3051 1749 3120 καταγελῶνται,
1776 3056 1871 3108 καὶ
1898 3057 2133 3127 μάλιστα

546 3131 597 3184 οἱ
638 3131 837 3201 ἀρετὴν
874 3134 1183 3203 μετιόντες·
1232 3137 1318 3190 ῖνα
1348 3140 1537 3211 μηδεὶς
1573 3142 1682 3197 τῶν
1713 3152 2040 3221 παχυτέρων
2070 3154 2133 3205 ἐκ

544 3222 749 3275 τούτων
781 3226 1119 3299 καταπίπτει,
1150 3228 1251 3299 δρα
1285 3231 1399 3295 πῶς
1432 3234 1613 3305 ἀνέχει
1638 3236 1737 3308 τὴν
1763 3238 2005 3295 διάνοιαν
2033 3244 2132 3297 αὐ-

670 3314 879 3407 λέγων·
924 3318 1057 3372 Ὀτι
1091 3318 1173 3373 σὺ
1218 3322 1578 3391 εὐλογήσας
1609 3325 1865 3386 δίκαιον.
1915 3333 1980 3386 Τί
2024 3336 2131 3407 γὰρ

546 3405 749 3473 βλάϐος
782 3407 1087 3479 ἀνθρώπων
1134 3414 1622 3484 καταφρονούντων
1666 3420 1761 3474 καὶ
1807 3422 1906 3494 τῆς
1954 3405 2131 3479 οίκουζ

550 3497 715 3567 μένης
749 3498 986 3569 ἀπάσης,
1017 3500 1146 3555 ὅταν
1172 3504 1201 3556 6
1223 3502 1331 3555 τῶν
1356 3503 1605 3574 ἀγγέλων
1634 3509 1911 3582 Δεσπότης
1930 3514 2125 3588 ἐπαινῇ

537 3588 641 3642 καὶ
671 3590 1054 3663 ἀνακηρύττῃ;
1083 3592 1295 3666 Ὠσπερ
1324 3589 1418 3649 οὖν
1448 3597 1613 3652 αὐτοῦ
1651 3600 1726 3672 μὴ
1756 3602 2126 3674 εὐλογοῦντος,

535 3678 649 3732 κάν
684 3679 922 3745 ἀπαντες
951 3682 1245 3738 ἐπαινῶσιν
1273 3685 1321 3738 οἱ
1359 3685 1465 3757 γῆν
1486 3688 1764 3755 οἰκοῦντες
1803 3695 1897 3747 καὶ
1926 3694 2128 3751 θάλασ-

546 3786 666 3830 σαν,
689 3770 839 3823 οὐδὲν
860 3770 1068 3840 ὄφελος.
1100 3771 1272 3826 Τοῦτο
1304 3774 1482 3829 τοίνυν
1504 3778 1783 3850 πανταχοῦ
1812 3783 2127 3857 σκοπῶμεν,

544 3859 692 3922 ὅπως
713 3861 874 3924 αὐτὸς
899 3863 1045 3931 ἡμᾶς
1066 3861 1405 3935 ἀνακηρύξῃ,
1428 3864 1578 3931 ὅπως
1598 3867 1762 3933 αὐτὸς
1785 3872 2123 3947 στεφανώσῃ.

540 3949 662 4004 Κᾶν
686 3950 844 4005 τοῦτο
860 3949 915 4027 ᾖ,
930 3954 1145 4007 πάντων
1160 3954 1327 4024 ἐσμὲν
1346 3956 1580 4029 ὐψηλόπε
1589 3957 1815 4034 ροι,[38]
1833 3962 1934 4017 κᾶν
1947 3964 2005 4018 ὲν
2031 3981 2129 4018 πε-

544 4040 658 4111 νίᾳ,
690 4042 792 4095 κᾶν
820 4045 877 4096 ἐν
908 4043 1069 4114 νόσῳ,
1106 4045 1210 4098 κᾶν
1236 4048 1296 4099 ἐν
1325 4050 1437 4114 τοῖς
1463 4048 1710 4120 ἐσχάτοις
1737 4044 1886 4123 ὦμεν
1916 4058 2121 4119 κακοῖς.

558 4130 710 4183 Ἐπεὶ
738 4133 831 4185 καὶ
856 4133 883 4185 6
918 4135 1187 4206 μακάριος
1230 4133 1348 4189 Ἰὼϐ
1376 4137 1471 4191 καὶ
1497 4139 1555 4192 ἐν
1589 4141 1791 4212 κοπρίᾳ
1818 4142 2125 4215 καθήμενος

540 4221 637 4272 καὶ
664 4220 742 4289 τῷ
775 4220 930 4290 ίχῶρι
954 4222 1061 4275 τῶν
1084 4224 1416 4295 τραυμάτων
1436 4227 1769 4300 ἡλκωμένος,
1802 4233 1894 4286 καὶ
1926 4236 2123 4307 μυρίας

542 4309 725 4379 βρύων
757 4313 941 4381 πηγὰς
975 4315 1294 4386 σκωλήκων,
1339 4320 1433 4372 καὶ
1477 4318 1546 4373 τὰ
1587 4322 1863 4392 ἀνήκεστα
1900 4325 2122 4397 πάσχων

540 4402 745 4469 ἐκεῖνα,
801 4405 892 4456 καὶ
939 4406 1091 4476 παρά
1139 4408 1365 4463 οἰκετῶν
1413 4412 1812 4484 ἐμπτυόμενος,
1847 4418 1938 4470 καὶ
1971 4420 2121 4490 παρά

525 4492 732 4566 φίλων,
763 4494 855 4546 καὶ
884 4496 1036 4565 παρὰ
1065 4497 1294 4569 ἐχθρῶν,
1327 4501 1422 4554 καὶ
1454 4501 1603 4573 παρὰ
1629 4506 1885 4572 γυναικὸς
1910 4510 2120 4565 ἐπιϐου-

536 4583 850 4654 λευόμενος,
884 4587 977 4639 καὶ
1003 4590 1081 4649 είς
1110 4589 1320 4656 πενίαν,
1356 4594 1451 4645 καὶ
1480 4596 1559 4656 είς
1580 4593 1757 4664 λιμὸν.
1794 4599 1888 4651 καὶ
1916 4601 1994 4665 είς
2031 4604 2120 4674 ἀρ-

542 4676 778 4744 ῥωστίαν
807 4679 905 4749 τὴν
935 4680 1231 4753 ἀνήκεστον
1257 4683 1475 4756 ἐκείνην
1500 4690 1867 4759 κατενεχθεὶς,
1902 4693 2122 4748 πάντων

539 4770 997 4859 μακαριστότερος
1025 4766 1114 4842 ἦν.
1139 4772 1296 4839 Πῶς;
1332 4775 1549 4849 Ἐπειδὴ
1573 4780 1602 4832 6
1624 4778 1757 4846 Θεὸς
1784 4784 1948 4859 αὐτὸν
1968 4778 2121 4855 ηὐλό-

536 4873 624 4924 γει
652 4858 845 4927 λέγωνο
886 4860 1205 4931 Ἀνθρωπος
1243 4864 1549 4934 ἄμεμπτος,
1579 4868 1807 4935 δίκαιος,
1841 4874 2118 4946 ἀληθινὸς,

534 4946 815 5021 θεοσεϐὴς,
844 4953 1182 5023 ἀπεχόμενος
1219 4955 1327 5008 ἀπὸ
1360 4958 1561 5021 παντὸς
1580 4962 1825 5034 πονηροῦ
1857 4966 2115 5039 πρᾶγμα-

530 5054 645 5104 1τος.
673 5042 871 5110 Κύριε,
894 5044 973 5109 ὡς
998 5043 1165 5111 ὅπλῳ
1184 5045 1462 5114 εὐδοκίας
1484 5049 1911 5123 ἐστεφάνωσας
1935 5058 2087 5127 ἡμᾶς
2103 5100 2115 5116 .

526 5127 705 5221 Πάλιν
751 5132 832 5195 είς
878 5134 1229 5205 εὐχαριστίαν
1280 5138 1612 5210 κατέληξεν,
1664 5144 2114 5221 εὐχαριστηρίους

529 5220 818 5293 ἀναφέρων
861 5224 1065 5295 ὕμνους
1107 5226 1182 5298 τῷ
1223 5228 1363 5300 Θεῷ.
1413 5231 1478 5283 Τί
1507 5233 1566 5286 δέ
1597 5236 1745 5289 ἐστιν
1774 5239 1935 5294 ὅπλον
1967 5220 2112 5298 εὐδο-

533 5311 689 5380 κίας;
744 5316 945 5370 Ὂπλον
976 5319 1233 5388 ἄριστον,
1291 5322 1453 5377 ὅπλον
1495 5326 1636 5379 κατά
1686 5326 1909 5399 γνώμην
1952 5332 2109 5396 Θεοῦ,

526 5402 693 5458 ὅπλον
745 5407 1047 5465 κάλλιστον.
1100 5413 1165 5466 Ὀ
1196 5413 1251 5466 δέ
1293 5414 1463 5484 λέγει,
1498 5417 1736 5473 τοιοῦτόν
1772 5421 1925 5475 ἐστι·
1966 5424 2110 5496 Συμ-

584 5603 893 5684 1.6153399!
939 5610 1184 5684 [etc-ratur
1228 5629 1324 5664 non
1351 5618 1419 5684 ita
1442 5621 1753 5681 perspicuum
1792 5631 1889 5684 est,
1915 5642 1977 5676 an
2002 5633 2109 5679 voci

2253 498 2424 569 μαχίᾳ
2463 498 2724 570 καλλίστῃ
2757 499 2907 569 ἡμᾶς
2950 498 3242 568 ἐτείχισας.
3289 497 3516 567 Ἕτερος
3562 498 3620 552 δὲ
3668 498 3847 568 λέγων

2246 590 2606 661 ἑρμηνευτὴς,
2642 588 3056 658 Στεφανώσεις
3084 587 3292 653 αὑτὸν,
3342 587 3590 657 περὶτοῦ
3625 589 3851 644 δικαίου

2246 680 2499 753 εἰρῆσθαι
2526 678 2683 733 τοῦτο
2708 679 2948 733 διδάσκει
2974 696 2989 709 ·
3038 679 3119 733 ὅτι
3145 676 3521 747 Στεφανώσεις
3557 680 3725 732 αὐτὸν
3753 680 3852 733 τὸν

2244 772 2472 840 δίκαιον,
2504 770 2801 837 τουτέστιν,
2833 772 2867 842 ὴ
2897 770 2965 842 σὴ
3000 770 3361 840 εὐαρέστησις
3398 772 3519 824 ἀντὶ
3544 771 3711 825 ὅπλου
3758 771 3852 840 γί-

2245 880 2416 927 νεται,
2445 864 2540 918 καὶ
2564 864 2730 918 ὅπλου
2754 862 3044 917 καλλίστου
3065 880 3078 893 ·
3114 865 3147 933 ἢ
3184 864 3360 916 ἐκεῖνο
3380 880 3393 894 ο
3436 864 3517 916 ὅτι
3541 865 3852 937 Συμμαχίᾳ

2244 956 2509 1028 καλλίστῃ
2538 954 2795 1027 τειχίζεις
2823 955 2916 1008 τὸν
2953 955 3182 1016 δίκαιον,
3240 955 3334 1009 καὶ
3374 954 3497 1008 οὔτε
3532 956 3594 1010 τὸ
3641 957 3853 1021 κάλλος

2246 1045 2409 1100 αὐτοῦ
2454 1044 2755 1116 ἀσφαλείας
2784 1044 3097 1115 ἐστέρηται,
3144 1042 3269 1095 οὐτε
3296 1045 3329 1113 ἡ
3366 1043 3640 1111 ἀσφάλεια
3670 1041 3850 1097 αὐτοῦ

2242 1137 2399 1207 δόξης
2428 1136 2575 1190 ἐστὶν
2602 1133 2828 1208 ἔρημος.
2873 1134 2939 1187 Τί
2978 1132 3089 1204 γὰρ
3126 1132 3472 1202 ἰσχυρότερον
3531 1132 3754 1204 ἀνδρὸς,
3790 1131 3850 1185 τί

2241 1227 2298 1281 δέ
2329 1227 2656 1297 ώραιότερον
2681 1225 2775 1278 τοῦ
2812 1222 2919 1277 ὑπὸ
2956 1224 3055 1292 τῆς
3077 1225 3188 1277 ἀνω
3216 1220 3394 1285 δεξιᾶς
3419 1219 3807 1291 τειχιζομένου
3831 1236 3847 1284 ;

2241 1310 2413 1381 Οὗτος
2433 1318 2462 1371 6
2488 1318 2751 1383 στέφανος
2776 1315 2871 1369 καὶ
2909 1315 3017 1368 ἀπὸ
3056 1312 3237 1377 ἐλέους
3268 1312 3544 1376 πλέκεται,
3577 1312 3847 1384 καθάπερ

2241 1412 2270 1462 6
2300 1410 2462 1471 αὐτὸς
2492 1407 2654 1462 Δαυῖδ
2682 1406 2915 1477 ἀλλαχοῦ
2948 1421 3115 1475 φησι·
3162 1406 3272 1458 Τὸν
3303 1401 3730 1471 στεφανοῦν-τά
3765 1418 3847 1456 σε

2240 1503 2310 1556 ἐν
2332 1501 2487 1555 ἐλέει
2509 1501 2606 1554 καί
2639 1498 2980 1569 οίκτιρμοῖς.
3015 1492 3184 1559 υῦτος
3214 1497 3306 1548 καὶ
3334 1496 3441 1548 ἀπὸ
3463 1494 3845 1566 δικαιοσύνης,

2241 1596 2493 1664 καθάπερ
2520 1596 2549 1646 ὁ
2580 1593 2789 1656 Παῦλος
2812 1611 2824 1622 ·
2883 1591 3111 1647 Λοιπὸν
3157 1589 3473 1643 ἀπόκειταί
3503 1605 3605 1656 μοι
3641 1591 3676 1642 ό
3725 1586 3849 1656 τῆς

2240 1687 2638 1751 δικαιοσύνης
2682 1684 3007 1753 στέφανος.
3056 1684 3214 1735 Ἔστι
3250 1681 3339 1732 καὶ
3374 1680 3597 1750 χάριτος
3633 1678 3847 1748 στέφα·

2240 1797 2348 1843 νος,
2373 1778 2561 1848 ὥσπερ
2577 1777 2665 1829 ἒτε
2676 1793 2765 1847 ρος
2779 1775 2953 1843 λέγει·
2979 1773 3262 1842 Στεφάνῳ
3285 1772 3354 1825 δὲ
3374 1772 3634 1839 χαρίτων
3654 1774 3846 1838 ὑπερ-

2239 1887 2367 1924 uox
2386 1875 2487 1924 ’σει
2517 1888 2653 1924 σου.
2679 1870 2834 1922 Ἔστι
2860 1868 2915 1920 δὲ
2948 1868 3041 1920 καί
3078 1866 3337 1934 στέφανος
3370 1863 3549 1933 δόξης,
3582 1861 3845 1933 καθάπερ

2253 1965 2501 2026 Ἡσαΐας,
2540 1964 2773 2026 Ἔσται,
2803 1960 2999 2029 λέγων,
3033 1961 3065 2013 ὀ
3094 1957 3401 2025 στέφανος
3430 1954 3540 2023 τῆς
3559 1952 3843 2019 ἐλπίδος,

2241 2060 2274 2108 o'
2307 2055 2561 2118 πλακεὶς
2588 2051 2695 2119 τῆς
2721 2051 2926 2117 δόξης.
2956 2050 3141 2103 Πάντα
3170 2049 3280 2119 γὰρ
3308 2046 3479 2101 ταῦτα
3514 2048 3542 2099 6
3569 2045 3847 2113 στέφανος

2240 2149 2374 2219 ἔχει,
2416 2143 2847 2217 φιλανθρωπίαν,
2900 2141 3271 2213 δικαιοσύνην,
3302 2141 3487 2212 χάριν,
3523 2139 3708 2206 δόξαν,
3744 2138 3843 2191 εὐ-

2240 2241 2527 2311 πρέπειαν.
2556 2239 2695 2293 Θεοῦ
2730 2240 2838 2309 γάρ
2871 2239 2985 2291 ἐστι
3012 2234 3072 2288 τὸ
3106 2233 3299 2305 δῶρον,
3334 2231 3589 2301 ποικίλην
3624 2228 3841 2302 προφέ-

2240 2349 2331 2404 ρον
2344 2332 2439 2402 τὴν
2452 2332 2633 2402 χάριν.
2655 2332 2810 2383 Ἐστι
2832 2328 2926 2381 καὶ
2943 2325 3251 2396 ἀφθαρσίας
3272 2318 3555 2393 στέφανος,
3578 2322 3841 2394 καθάπερ

2238 2423 2371 2493 φησὶ
2395 2422 2636 2485 Παῦλος*
2672 2420 2917 2473 Ἐκεῖνοι
2951 2416 3067 2487 μὲν
3100 2417 3200 2470 ἵνα
3231 2413 3499 2484 φθαρτὸν
3523 2412 3841 2481 στέφανον

2235 2513 2520 2574 λάϐωσιν,
2534 2510 2703 2580 ἡμεῖς
2717 2509 2785 2563 δὲ
2799 2508 3119 2578 ἄφθαρτον.
3135 2508 3199 2558 Ὃ
3212 2504 3390 2558 τοίνυν
3407 2502 3643 2557 ἐνταῦθα
3658 2502 3837 2571 λέγει,

2235 2604 2393 2677 τοῦτὸ
2423 2606 2604 2657 ἐστιν’
2636 2602 2931 2672 Ἀσφαλείᾳ
2978 2601 3073 2653 καὶ
3116 2597 3247 2669 δόξῃ
3288 2598 3439 2668 ἡμᾶς
3477 2592 3830 2659 περιέϐαλες.

2235 2694 2477 2748 Τοιαῦτα
2505 2694 2618 2765 γὶρ
2655 2692 2721 2745 τὰ
2754 2690 2851 2744 τοῦ
2882 2688 3018 2744 Θεοῦ
3052 2688 3224 2760 δῶρα,
3258 2685 3475 2758 ἰσχυρὰ,
3506 2684 3603 2738 καὶ
3627 2684 3837 2755 εὐπρεο

2238 2786 2396 2849 πείας
2424 2785 2689 2854 γέμοντα·
2725 2781 2960 2836 τοιοῦτοι
3000 2783 3048 2835 οί
3093 2781 3370 2849 στέφανοι.
3417 2780 3542 2832 Ἐπὶ
3583 2779 3683 2849 μὲν
3721 2778 3835 2851 γὰρ

2234 2877 2343 2930 τῶν
2373 2876 2674 2948 ἀνθρώπων
2695 2876 2795 2928 οὐκ
2822 2873 2900 2926 ἔνι
2932 2872 3118 2927 τοῦτο·
3156 2873 3271 2926 ἀλλ’
3294 2874 3323 2925 6
3351 2871 3450 2941 μὲν
3471 2872 3529 2923 ἐν
3553 2870 3701 2942 δόξῃ.
3730 2871 3836 2925 οὐκ

2235 2966 2483 3035 ἀσφαλὴς
2524 2964 2774 3027 πάντως“
2816 2966 2845 3018 6
2890 2962 2947 3017 δὲ
2997 2966 3055 3017 ἐν
3099 2961 3376 3033 ἀσφαλείᾳ
3402 3002 3416 3021 ,
3468 2962 3569 3015 οὐκ
3607 2964 3665 3014 ἐν
3701 2960 3835 3035 δόξῃ

2237 3058 2476 3119 πάντως,
2522 3057 2641 3109 οὐδὲ
2678 3056 2875 3128 ῥᾳδίως
2907 3055 2974 3108 ἂν
3019 3053 3263 3125 συμϐαίη
3309 3053 3516 3107 ταῦτα’
3559 3054 3608 3106 εἱ
3646 3052 3702 3106 δὲ
3735 3052 3835 3107 καὶ

2236 3145 2498 3216 συμϐαίη,
2548 3145 2758 3214 ταχέως
2794 3143 3153 3216 ἀποσύρεται.
3203 3137 3328 3196 υῖόν
3374 3160 3427 3195 τι
3467 3143 3640 3211 λέγων
3684 3145 3732 3196 οί
3768 3144 3832 3197 ἐν

2233 3235 2571 3300 δυναστείαις
2602 3236 2775 3301 ὄντες,
2820 3236 3064 3307 λαμπροὶ
3093 3236 3190 3306 μὲν
3224 3236 3317 3289 καὶ
3344 3237 3685 3307 περιφανεῖς,
3727 3235 3830 3288 οὐκ

2234 3329 2290 3381 ἐν
2332 3328 2603 3399 ἀσφαλείᾳ.
2646 3329 2702 3381 δέ
2732 3344 2744 3358 ·
2796 3327 2933 3382 ἀλλά
2976 3327 3044 3380 δι’
3079 3326 3213 3381 αὐτὸ
3257 3328 3353 3398 μὲν
3391 3322 3487 3380 οὖν
3524 3326 3682 3380 τοῦτο
3722 3326 3823 3396 μά·

2231 3415 2387 3469 λιστα
2419 3418 2476 3469 ἐν
2502 3415 2794 3487 ἐπισφαλεῖ
2815 3414 2999 3487 χωρίῳ
3030 3415 3424 3485 καθεστήκασι,
3449 3414 3536 3467 διὰ
3570 3416 3631 3468 τὸ
3663 3410 3798 3485 μέγε

2231 3506 2323 3571 θος
2348 3508 2448 3579 τῆς
2486 3507 2665 3577 δόξης.
2704 3508 2767 3560 Οί
2796 3506 3159 3579 ἀπεῤῥιμένοι
3186 3506 3299 3561 ¹καὶ
3332 3507 3824 3578 εὐκαταφρόνητοι,

2231 3600 2291 3653 ἐν
2319 3599 2589 3668 ἀσφαλείᾳ
2615 3600 2711 3669 μὲν
2741 3597 2917 3653 διὰ’τὺ
2944 3599 3029 3669 μὴ’
3054 3598 3437 3670 γνωρίζεσθαι,
3462 3599 3563 3651 οὐκ
3599 3601 3657 3651 ἐν
3686 3602 3823 3672 τιμῇ

2230 3687 2287 3742 δέ
2307 3705 2320 3720 ⁸
2367 3688 2504 3743 ἀλλά
2542 3689 2608 3741 δι’
2640 3688 2771 3750 αὐτὸ
2806 3690 2903 3759 μὲν
2938 3683 3031 3742 οὖν
3066 3688 3225 3741 τοῦτο
3257 3687 3491 3757 μάλιστα
3518 3691 3574 3741 ἐν
3602 3688 3827 3761 ἀτιμίᾳ,

2229 3779 2320 3833 διὰ
2340 3781 2401 3834 τὸ
2415 3782 2473 3835 ἐν
2498 3781 2771 3852 ἀσφαλείᾳ
2792 3776 2950 3834 εἷναι.
2972 3778 3085 3853 [59]
3103 3781 3225 3833 Ἐπὶ
3254 3780 3307 3834 δὲ
3321 3780 3413 3834 τοῦ
3430 3778 3566 3833 Θεοῦ
3588 3781 3688 3833 οὐκ
3707 3781 3824 3834 ἔστι

2230 3871 2417 3926 τοῦτο·
2469 3873 2587 3926 ἀλλ’
2627 3873 2917 3944 ἀμφότερα
2966 3870 3107 3943 μετά
3154 3871 3353 3941 πολλῆς
3394 3872 3677 3943 συντρέχει
3720 3873 3823 3942 τῆς

2228 3963 2554 4035 ὑπερϐολῆς,
2581 3965 2675 4019 καὶ
2704 3963 2832 4030 δόξα
2862 3966 2955 4018 καὶ
2984 3964 3275 4033 ἀσφάλεια.
3313 3964 3698 4033 Ἑννοήσαντες
3716 3965 3823 4019 τοί·

2227 4072 2320 4108 νυν
2350 4054 2456 4110 τῶν
2482 4053 2700 4124 ἀγαθῶν
2733 4054 2796 4107 τὺ
2824 4054 3075 4125 μέγεθος,
3107 4055 3201 4106 καὶ
3230 4053 3333 4123 πρό
3356 4069 3417 4120 γε
3452 4054 3672 4106 πάντων
3692 4053 3821 4107 ὅσον

2226 4145 2373 4199 ἐστὶν
2395 4145 2596 4213 ἀγαθὸν
2619 4145 2874 4215 ἀρέσκειν
2894 4142 3036 4214 Θεῷ,
3061 4146 3198 4214 ὅπερ
3226 4144 3319 4197 καὶ
3342 4143 3525 4206 ὅπλον,
3551 4146 3644 4197 καὶ
3667 4143 3814 4210 δόξα,

2228 4236 2321 4289 καὶ
2356 4236 2647 4304 ἀσφάλεια,
2697 4235 2788 4289 καὶ
2831 4236 2898 4289 τὰ
2925 4236 3095 4307 μυρία
3135 4235 3337 4304 ἀγαθά,
3381 4236 3500 4305 μεθ’
3535 4237 3819 4309 ὑπομονῆς

2224 4328 2507 4398 τρέχωμεν
2520 4329 2609 4381 τὸν
2633 4328 2989 4398 προκείμενον
3013 4329 3147 4398 ἡμῖν
3168 4326 3374 4395 ἀγῶνα,
3399 4328 3495 4381 καὶ
3520 4328 3595 4399 μὴ
3620 4328 3817 4383 ἀναπέο

2226 4418 2409 4490 σωμέν
2436 4436 2586 4483 ποτε,
2613 4418 2747 4491 μηδὲ
2774 4420 2973 4490 γυμνοὶ
2993 4419 3102 4473 τῶν
3131 4418 3311 4472 ὅπλων
3336 4418 3615 4489 φανῶμεν.
3642 4419 3815 4473 Τοῦτο

2222 4512 2330 4584 γὰρ
2357 4510 2451 4565 τοῦ
2477 4511 2714 4583 πολέμου
2744 4512 2934 4565 τούτου
2965 4511 3027 4565 1:6
3050 4506 3191 4575 εἶδος
3210 4512 3309 4564 οὐκ
3336 4511 3590 4581 ἀνέχεται
3610 4509 3813 4565 ἄοπλον

2223 4602 2563 4675 στρατιώτην
2614 4604 2772 4657 ἰδεῖν·
2817 4603 2955 4657 ἀλλά
2999 4602 3122 4657 τότε
3155 4602 3340 4657 λύεται
3386 4604 3419 4673 ἡ
3459 4604 3809 4674 παρασκευὴ,

2219 4696 2347 4747 ὅταν
2378 4694 2511 4766 λυθῇ
2539 4696 2599 4748 τὸ
2638 4694 2865 4766 θέατρον
2903 4712 2915 4725 ·
2969 4694 3157 4748 λύεται
3190 4694 3246 4747 δέ
3288 4696 3349 4748 τὸ
3384 4694 3634 4767 θέατρον,
3679 4697 3809 4750 ὅταν

2219 4787 2520 4858 ἀπολύηται
2541 4786 2635 4840 τοῦ
2664 4786 2919 4857 σώματος
2942 4789 2972 4858 ἠ
2999 4785 3339 4857 ψυχή.Ὥστε
3361 4784 3466 4849 ἕως
3491 4786 3556 4840 ἂν
3578 4787 3809 4843 ἐνταῦθα

2218 4873 2389 4949 ὦμεν,
2425 4878 2719 4931 πυκτεύειν
2761 4879 2973 4949 ἀνάγκη
3007 4880 3100 4932 καὶ
3130 4880 3270 4931 οἴκοι
3309 4878 3677 4949 καθημένους,
3712 4883 3807 4936 καὶ

2218 4970 2295 5027 εἰς
2323 4966 2531 5040 ἀγορὰν
2564 4969 2952 5039 ἐμϐάλλοντας,
2981 4970 3075 5023 καὶ
3105 4970 3680 5042 ἀριστοποιουμένους,
3710 4975 3805 5027 καΊ⁵

2219 5059 2505 5123 νοσοῦντας
2527 5100 2542 5122 ,
2588 5058 2682 5112 καὶ
2726 5059 3087 5128 ὑγιαίνοντας.
3144 5062 3254 5114 Καὶ
3284 5063 3392 5134 γὰρ
3422 5066 3481 5116 ἐν
3513 5064 3591 5134 τῷ
3624 5066 3802 5139 καιρῷ

2213 5151 2311 5217 τῆς
2341 5147 2497 5202 νόσου
2530 5148 2765 5220 μάλιστα
2790 5154 2889 5223 τῆς
2915 5152 3095 5223 μάχης
3136 5152 3340 5225 ταύτης
3368 5157 3396 5208 6
3425 5157 3636 5227 καιρὸς,
3670 5158 3802 5212 ὅταν

2214 5239 2394 5293 ὀδύναι
2436 5240 2699 5294 πάντοθεν
2730 5242 2998 5313 θορυϐῶσι
3032 5245 3131 5315 τὴν
3164 5245 3364 5317 ψυχὴν,
3402 5250 3530 5302 ὅταν
3568 5250 3801 5321 ἀλγηδό-

2212 5350 2297 5395 νες
2327 5332 2709 5405 πολιορκῶσιν,
2740 5335 2868 5389 ὅταν
2901 5338 2929 5389 6
2957 5335 3205 5401 διάϐολος
3241 5341 3518 5412 ἐφεστήκῃ
3561 5342 3803 5413 παροξύσ

2210 5441 2317 5475 νων
2348 5425 2521 5477 εἰπεῖν
2547 5442 2601 5477 τι
2635 5428 2783 5495 ῥῆμα
2808 5429 3026 5499 πικρόν.
3057 5431 3189 5484 Τότε
3213 5432 3276 5503 δὴ
3303 5433 3537 5502 μάλιστα
3565 5435 3798 5505 ἀσφαλί-

2210 5513 2399 5580 ζεσθαι
2441 5516 2540 5580 δεῖ,
2579 5520 2909 5587 φράττεσθαι
2959 5522 3039 5593 τῷ
3078 5522 3309 5595 θώρακι,
3359 5530 3426 5597 τῇ
3469 5528 3678 5592 ἀσπίδι,
3719 5530 3799 5601 τῷ

2210 5607 2419 5674 κράνει,
2446 5612 2557 5671 τοῖς
2585 5608 2764 5673 ἄλλοις
2797 5612 3003 5677 ὅπλοις,
3041 5615 3135 5669 καὶ
3166 5616 3429 5687 διηνεκῶς
3449 5620 3798 5691 εὐχαριστεῖν

2208 5698 2285 5770 τῷ
2311 5700 2446 5771 Θεῷ.
2476 5701 2662 5756 Ταῦτα
2692 5704 2903 5773 χαλεπά
2931 5708 3072 5763 κατά
3100 5709 3190 5762 τοῦ
3212 5710 3454 5766 διαϐόλου
3479 5713 3630 5787 βέλη,
3655 5714 3796 5789 αὕτη

2214 5793 2401 5862 καιρία
2430 5794 2569 5847 κατά
2602 5795 2696 5848 τοῦ
2733 5796 2984 5867 δαίμονος
3014 5800 3218 5872 πληγὴ,
3248 5804 3367 5859 τότε
3403 5806 3641 5874 μάλιστα
3666 5809 3797 5882 λαμ-
