4070 6434
250 462 318 516 69
1475 446 1836 505 EXPOSITIO
1874 443 1941 502 ΙΝ
1979 445 2304 502 PSALMUM
2352 445 2410 500 V.
3509 454 3577 502 70

251 576 321 629 ita
370 575 620 626 lmtautur
665 571 804 626 Deus
855 569 1079 623 habitat.
1114 567 1472 636 Quamobrem
1503 567 1611 632 ipsa
1643 573 1857 632 quoque

247 665 378 718 dicit
412 683 424 716 :
456 663 521 717 lu
543 674 786 717 cateruam
819 660 1164 720 exsultabant,
1189 667 1234 711 et
1261 657 1510 709 Itabilabis
1542 657 1596 708 in
1623 657 1715 708 eis.
1747 653 1859 708 lloc

250 759 422 827 ip~um
463 757 707 810 Christus
751 755 911 808 etiam
952 751 1260 823 signiﬁcans
1298 749 1530 814 dicebat,
1565 747 1858 802 ostendens

247 865 365 904 eam
394 850 719 916 voluptatem
755 847 972 900 minimc
1004 859 1160 913 posse
1187 857 1438 897 cessare:
1464 842 1662 897 Rursus
1681 841 1858 894 ridebo

249 957 356 1004 vos,
386 950 432 993 et
459 941 705 1009 gaudium
734 947 953 991 oestrum
975 952 1122 990 neuto
1147 935 1276 988 tollit
1301 932 1486 1004 (Joan.
1515 931 1600 986 16.
1628 930 1744 1001 22).
1791 931 1856 985 Et

249 1045 435 1085 rursus
484 1030 680 1084 Paulus
714 1047 726 1081 :
764 1028 981 1098 Semper
1023 1027 1272 1098 gaudete,
1327 1024 1532 1078 assidue
1578 1033 1719 1076 orate
1764 1022 1849 1091 (1.

251 1120 428 1176 Thess.
462 1123 516 1176 5.
552 1121 636 1175 16.
673 1120 798 1190 17).
850 1117 919 1172 Et
955 1116 1308 1191 gloriabuntur
1341 1116 1395 1169 in
1433 1125 1481 1169 te
1514 1115 1601 1183 qui
1635 1115 1855 1183 diligunt

247 1230 428 1269 nonten
458 1224 617 1266 tuum.
653 1212 747 1266 liis
771 1212 916 1266 enim
944 1211 1072 1265 solis
1097 1209 1223 1264 licet
1249 1208 1481 1262 maxime
1505 1205 1742 1277 gloriari,
1773 1205 1855 1258 his

247 1305 481 1374 gaudere
511 1347 524 1367 ,
561 1303 643 1357 his
675 1303 840 1356 lauari
881 1320 892 1354 :
921 1311 976 1356 at
1016 1301 1104 1371 qui
1145 1299 1212 1355 de
1254 1300 1319 1354 iis
1370 1313 1489 1368 qua:
1519 1297 1585 1350 ad
1618 1299 1754 1350 hanc
1778 1295 1853 1349 vi-

248 1405 352 1448 tam
381 1397 650 1466 pertinent
681 1393 962 1464 gloriatur,
995 1408 1058 1447 ac
1083 1391 1185 1445 sibi
1217 1391 1409 1460 placet,
1439 1390 1483 1444 is
1513 1388 1646 1442 nihil
1669 1386 1854 1442 dillert

246 1485 314 1538 ab
339 1487 404 1540 iis
428 1485 516 1554 qui
551 1485 603 1538 in
629 1499 821 1539 somno
847 1484 1120 1553 Voluptate
1150 1481 1417 1536 fruuntur.

317 1575 371 1628 6.
405 1574 546 1641 Quid
575 1575 718 1628 enim
751 1573 879 1626 mihi
901 1615 916 1638 ,
944 1573 1050 1637 dic,
1085 1586 1288 1642 qumso,
1317 1585 1382 1625 ex
1416 1571 1576 1625 rebus
1604 1569 1852 1623 humanis

245 1677 328 1720 (εει
352 1665 650 1733 ejusmodi,
679 1674 737 1718 ut
759 1665 828 1719 de
858 1680 924 1719 eo
950 1664 1069 1734 quis
1097 1663 1267 1733 possit
1293 1677 1420 1716 vere
1445 1676 1506 1715 ac
1536 1659 1707 1716 solide
1738 1661 1852 1731 glo-

246 1755 407 1810 riari?
443 1756 593 1810 Vires
620 1755 898 1824 corporis?
942 1755 1049 1810 Sed
1091 1765 1146 1808 ut
1179 1769 1271 1809 eas
1301 1752 1502 1807 validas
1533 1751 1850 1819 habeamus,

251 1861 355 1900 non
381 1857 464 1901 est
486 1847 651 1900 nostri
675 1845 905 1912 arbitrii,
929 1855 983 1900 et
1004 1844 1124 1899 ideo
1146 1859 1252 1898 non
1275 1855 1360 1899 est
1376 1843 1518 1913 quod
1540 1842 1850 1912 gloriemur,

245 1944 300 1991 et
326 1936 524 2006 alioqui
555 1935 881 1990 ﬂaccescuut
919 1945 973 1988 et
1009 1934 1259 1988 excidunt
1298 1933 1582 1996 celeriter,
1614 1941 1668 1986 et
1710 1946 1854 2000 smpe

245 2028 406 2082 etiam
449 2012 646 2082 la-dunt
680 2043 802 2082 eum
843 2027 934 2096 qui
973 2036 1055 2080 est
1086 2027 1149 2079 iis
1182 2024 1455 2094 pr.editus,
1481 2025 1526 2079 si
1555 2023 1621 2080 iis
1647 2039 1753 2080 non
1793 2032 1852 2080 ut

245 2128 460 2188 Oportet
489 2128 686 2173 utatur.
734 2117 846 2172 lloc
887 2117 1047 2172 etiam
1085 2116 1190 2171 dici
1236 2125 1411 2186 potest
1451 2115 1518 2170 de
1555 2116 1852 2186 pulchritu-

245 2211 390 2267 dine.
422 2211 489 2264 de
515 2210 734 2274 divitiis,
765 2210 834 2263 de
863 2209 1120 2279 potentia,
1151 2207 1218 2262 de
1247 2207 1535 2276 voluptate,
1568 2218 1622 2261 et
1650 2207 1717 2261 de
1743 2222 1854 2261 om-

246 2302 402 2356 nibus
445 2318 564 2370 qua:
609 2302 673 2355 ad
706 2302 842 2356 hanc
878 2302 1036 2356 vitam
1077 2301 1367 2370 pertinent.
1408 2299 1465 2353 in
1524 2300 1632 2354 Deo
1671 2309 1850 2355 autem

241 2401 297 2446 ct
327 2393 379 2446 in
407 2394 522 2461 ejus
547 2407 732 2447 amore
752 2393 993 2462 gloriari,
1031 2401 1112 2446 est
1157 2402 1378 2446 ornatus
1406 2393 1644 2446 olnnium
1676 2393 1850 2447 maxi-

243 2500 384 2545 mus,
409 2493 462 2538 et
485 2485 737 2554 Splendor
755 2484 844 2555 qui
867 2484 1271 2539 innumerabilia
1289 2494 1507 2553 superat
1525 2482 1846 2548 diademata,

241 2576 452 2628 etiamsi
490 2579 553 2629 sit
586 2578 827 2645 captivus
855 2577 899 2630 is
926 2577 1015 2646 qui
1041 2576 1319 2646 gloriatur.
1366 2576 1462 2630 llic
1492 2585 1712 2629 ornatus
1743 2591 1848 2629 non

242 2667 454 2733 ιιιοιὺυ,
489 2684 594 2720 non
624 2669 796 2733 senio,
831 2683 938 2723 non
969 2683 1146 2722 rerum
1177 2667 1564 2733 vicissitudine,
1593 2683 1697 2720 non
1727 2675 1853 2720 tem-

243 2772 435 2827 porum
463 2760 740 2822 varietate,
771 2774 877 2813 non
907 2759 1019 2829 ipsa
1050 2758 1283 2828 denique
1308 2769 1480 2812 morte
1509 2757 1847 2827 interrumpi-

244 2861 326 2904 tur
353 2869 366 2903 :
399 2849 493 2905 sed
520 2860 642 2904 tunc
667 2854 827 2905 etiam
851 2851 1018 2921 magis
1040 2849 1367 2918 reSplcudet.
1401 2851 1485 2904 13.
1521 2848 1774 2913 Quoniam
1792 2857 1850 2901 tu

239 2944 504 2999 benedice:
524 2945 686 3015 justo.
728 2944 992 3012 Quoniam
1030 2943 1179 2997 multi
1219 2959 1286 2998 ex
1326 2943 1390 2998 iis
1430 2944 1517 3013 qui
1560 2943 1632 2996 ita
1671 2940 1850 2996 allecti

243 3048 389 3102 sunt,
418 3036 627 3105 probris
653 3051 715 3089 ac
736 3034 1036 3090 maledictis
1066 3035 1134 3089 ab
1161 3033 1465 3088 hominibus
1494 3041 1843 3103 appetuntur,

243 3140 309 3179 ac
335 3125 648 3192 irridentur,
679 3135 732 3180 et
758 3125 992 3184 maxime
1016 3129 1106 3195 qui
1136 3125 1384 3179 virtutem
1415 3133 1846 3194 persequuntur:

243 3237 312 3277 ne
354 3223 472 3292 quis
511 3237 576 3276 ex
614 3222 968 3278 crassioribus
1011 3230 1289 3290 propterea
1330 3222 1566 3274 animum
1609 3222 1846 3290 abjiciat,

240 3313 360 3367 vide
381 3312 652 3382 quomodo
673 3312 788 3381 ejus
812 3322 1046 3366 mentem
1073 3311 1221 3366 l‘ulcit
1240 3320 1294 3367 et
1315 3321 1598 3377 sustentat,
1621 3312 1806 3367 dicens
1831 3329 1845 3366 :

244 3403 503 3470 Quoniam
526 3414 579 3456 tu
607 3404 866 3457 benedice:
878 3405 1040 3482 justo.
1071 3403 1208 3472 Quid
1239 3404 1380 3459 enim
1407 3404 1587 3460 damni
1617 3405 1842 3474 accipit,

241 3496 285 3550 si
314 3496 559 3550 homines
587 3505 954 3562 contemnant,
984 3505 1038 3551 et
1065 3497 1350 3551 universus
1377 3496 1524 3552 orhis
1555 3507 1842 3563 terrarum,

238 3588 454 3656 quando
483 3587 741 3642 Dominus
771 3589 1083 3656 angelorum
1108 3605 1232 3645 eum
1265 3589 1441 3643 laudat
1469 3598 1523 3644 et
1552 3591 1848 3661 prmdicat?

240 3681 703 3748 Quemadmodum
752 3683 795 3736 si
843 3682 958 3752 ipse
1005 3699 1107 3738 non
1157 3683 1472 3750 benedicat,
1504 3685 1606 3739 etsi
1654 3699 1846 3740 omnes

241 3772 479 3836 laudent,
503 3773 589 3842 qui
616 3783 810 3826 terram
837 3785 891 3827 et
919 3791 1065 3828 mare
1089 3774 1348 3840 habitant,
1373 3775 1422 3829 ei
1447 3775 1576 3829 nihil
1603 3775 1841 3845 prodest.

239 3862 352 3918 lioc
371 3877 501 3931 ergo
521 3863 664 3916 Omni
698 3864 904 3918 ratione
923 3879 1192 3926 curemus,
1227 3874 1284 3919 ut
1310 3865 1423 3934 ipse
1445 3881 1544 3920 nos
1568 3867 1842 3935 praedicet,

238 3954 353 4023 ipse
381 3968 485 4007 nos
503 3961 746 4008 coronet.
777 3954 932 4020 Quod
962 3955 1004 4008 si
1040 3954 1150 4018 ﬂat,
1174 3970 1359 4010 sunms
1387 3957 1638 4012 omnibus
1661 3958 1846 4012 excel-

235 4045 451 4109 siores,
504 4045 710 4098 etiamsi
767 4045 818 4099 in
877 4054 1222 4115 paupertate,
1270 4048 1478 4102 etiamsi
1527 4049 1580 4102 iu
1631 4049 1840 4114 morbo,

235 4137 446 4190 etiamsi
493 4137 544 4189 iu
581 4138 839 4191 extremis
879 4138 1030 4191 malis
1069 4139 1254 4194 simus.
1298 4137 1430 4193 Nam
1460 4141 1620 4194 etiam
1651 4140 1842 4196 beatus

237 4226 339 4282 Job
365 4229 416 4280 in
445 4230 780 4296 sterquilinio
801 4229 1024 4294 sedens,
1056 4230 1333 4306 vulnerum
1373 4231 1523 4285 sanie
1560 4231 1839 4285 exulcera-

237 4329 342 4384 tus,
369 4319 847 4374 itmnmerabilibus
869 4331 1078 4375 scatens
1101 4322 1359 4376 vermium
1392 4322 1649 4388 fontibus,
1673 4331 1727 4378 ct
1748 4323 1838 4378 illa

229 4409 601 4479 indignissima
633 4411 861 4480 patiens,
887 4422 946 4465 ut
971 4413 1059 4482 qui
1083 4428 1110 4465 a
1139 4413 1307 4466 servis
1333 4425 1739 4482 conSpucretur,
1763 4415 1841 4470 ei-

233 4516 338 4570 que
364 4501 432 4555 ab
459 4503 644 4556 amicis
673 4512 724 4556 et
753 4502 1003 4565 inimicis,
1037 4515 1090 4558 et
1116 4504 1183 4557 ab
1210 4520 1376 4558 uxiere
1407 4505 1613 4561 insidiae
1646 4506 1837 4561 tende-

235 4603 443 4659 rentur,
467 4603 521 4647 et
535 4595 599 4647 ad
626 4593 882 4663 inapiam,
908 4594 1122 4659 famem,
1148 4604 1200 4647 et
1229 4596 1670 4652 iunuedicabilem
1692 4598 1841 4669 tngri~

235 4684 472 4738 tudinem
506 4685 647 4738 illam
679 4695 824 4739 esset
851 4685 1096 4739 redactus
1122 4728 1136 4749 ,
1176 4697 1290 4739 erat
1321 4688 1559 4742 omnium
1585 4687 1833 4744 beatissi-

231 4789 373 4854 mus.
401 4774 718 4842 Quomodo?
745 4776 1006 4841 Quoniam
1033 4776 1171 4831 Deus
1183 4778 1228 4830 ei
1253 4778 1834 4836 benedicebatdiccns:

233 4855 404 4921 lloino
435 4881 463 4918 a
493 4866 912 4936 reprehensione
941 4869 1165 4932 alienus,
1184 4870 1377 4938 justus,
1396 4885 1575 4933 verus,
1607 4872 1744 4940 pius,
1770 4873 1837 4927 ab

231 4959 378 5012 omni
408 4973 466 5011 re
497 4957 634 5011 mala
651 4957 950 5014 abstinens.
984 4958 1218 5024 Domine,
1248 4971 1302 5013 ut
1328 4972 1471 5014 scuto
1493 4962 1635 5015 bona:
1658 4963 1836 5016 volun-

232 5049 350 5101 tatis
377 5058 479 5103 tua:
505 5050 761 5101 coronasti
813 5066 907 5103 nos
952 5047 1091 5122 (Job
1119 5052 1167 5104 1.
1205 5053 1224 5105 1
1253 5052 1294 5119 ).
1341 5051 1548 5106 Rursus
1593 5053 1749 5108 desiit
1781 5056 1832 5107 in

229 5143 520 5208 gratiarum
547 5142 844 5205 actionem,
879 5143 1167 5210 gratiarum
1203 5145 1428 5198 actionis
1459 5144 1687 5216 hymnos
1725 5146 1834 5201 Deo

227 5231 478 5286 otl‘crens.
530 5232 685 5301 Quod
729 5244 812 5286 est
849 5242 1026 5288 autem
1061 5243 1269 5288 scutum
1312 5237 1464 5289 bona:
1508 5236 1834 5290 voluntatis?

227 5323 447 5378 Scotum
492 5327 775 5393 Optimum,
819 5336 1027 5381 scutum
1077 5329 1370 5382 secundum
1421 5329 1512 5383 Dei
1554 5341 1828 5397 mentem,

226 5429 376 5469 arma
424 5416 781 5485 pulcherrima
826 5418 927 5488 (a).
970 5418 1122 5486 Quod
1169 5430 1347 5474 autem
1389 5421 1538 5488 dicit,
1570 5423 1673 5477 tale
1701 5432 1828 5478 est:

225 5506 334 5562 Nos
361 5511 562 5576 optimo
592 5507 792 5561 auxilio
822 5510 1077 5565 muniisti.
1121 5511 1272 5566 Alius
1307 5523 1484 5566 autem
1531 5514 1827 5584 interpres,

224 5601 316 5671 qui
343 5601 492 5664 dicit,
522 5599 802 5655 Coronabis
831 5603 1021 5671 ipsum,
1053 5603 1120 5658 de
1144 5604 1292 5674 justo
1319 5604 1472 5670 dixit,
1501 5615 1556 5659 ut
1585 5607 1825 5672 doceret,

225 5691 520 5747 Coronabis
547 5694 720 5763 ipsum
744 5693 971 5763 justum,
1004 5696 1106 5750 hoc
1131 5705 1213 5751 est
1237 5737 1250 5758 ,
1287 5697 1425 5751 bona
1465 5707 1552 5752 tua
1580 5699 1829 5754 voluntas

226 5793 307 5838 est
354 5783 427 5838 illi
471 5800 569 5853 pro
606 5785 793 5850 armis,
820 5785 988 5856 iisque
1029 5788 1488 5858 praestantissimis
1521 5806 1532 5844 :
1563 5789 1649 5844 vel
1677 5789 1826 5856 illud,

290 5903 361 5966 (ιι)
396 5912 506 5956 Rrec
522 5905 700 5956 eodem
719 5920 890 5966 sensu,
910 5909 998 5959 sed
1023 5910 1130 5959 aliis
1153 5912 1320 5961 verbis
1341 5912 1489 5963 eﬂ’ert
1512 5913 1707 5976 Regius.

1969 556 2183 626 Optimo
2209 560 2410 614 auxilio
2433 557 2638 629 justum
2669 556 2865 624 munis,
2896 570 2950 614 et
2979 573 3151 630 neque
3179 560 3296 630 ejus
3333 560 3568 631 pulchri-

1931 648 1950 655 ”
1968 655 2096 708 tudo
2117 653 2318 723 privata
2341 663 2424 708 est
2448 654 2758 716 securitate,
2790 668 2962 722 neque
2986 652 3105 722 ejus
3125 655 3384 710 securitas
3405 654 3573 725 gloria

1966 747 2295 802 destituitur.
2328 745 2466 814 Quid
2491 746 2634 800 enim
2669 745 2889 811 fortius,
2918 746 3044 816 quid
3071 762 3258 802 rursus
3285 748 3574 802 l’onnosius

1965 855 2032 894 eo
2059 840 2195 906 viro,
2223 840 2315 909 qui
2355 855 2385 892 a
2421 853 2650 908 superna
2676 838 2864 894 dextra
2895 839 3169 894 munitur?
3215 839 3345 894 llzec
3372 855 3573 894 corona

1963 931 2124 984 etiam
2155 946 2220 985 ex
2249 930 2612 985 misericordia
2637 930 2958 992 contexitur,
2983 932 3436 1002 quemadmodum
3458 933 3574 1003 ipse

1965 1020 2130 1076 David
2161 1020 2287 1075 dicit
2311 1020 2436 1074 alibi
2465 1039 2479 1075 :
2505 1021 2602 1088 Qui
2633 1031 2680 1074 te
2706 1032 2915 1075 coronat
2940 1022 2992 1075 in
3023 1023 3370 1076 misericordia
3395 1034 3444 1076 ct
3471 1025 3568 1077 nti-

1961 1113 2298 1166 serationibus
2327 1111 2513 1180 (Paul.
2548 1112 2669 1168 102.
2703 1112 2795 1180 1).
2846 1113 2972 1168 llaec
3015 1114 3176 1167 etiam
3219 1130 3282 1168 ex
3321 1114 3526 1184 justitia
3553 1157 3568 1178 ,

1961 1202 2414 1272 quemadmodum
2445 1203 2574 1257 dicit
2604 1203 2799 1257 Paulus
2831 1221 2846 1258 :
2875 1203 2956 1258 De
2979 1215 3160 1258 cratera
3185 1205 3310 1258 mihi
3330 1215 3402 1259 est
3424 1223 3573 1276 repo-

1959 1295 2060 1348 sita
2081 1295 2301 1365 justitia
2329 1311 2516 1349 corona
2542 1295 2616 1366 (2.
2657 1294 2790 1349 Tim.
2826 1297 2878 1350 4.
2907 1296 2984 1366 8).
3031 1297 3125 1351 Est
3167 1298 3329 1352 etiam
3371 1313 3570 1354 corona

1961 1387 2181 1457 gratim,
2228 1388 2367 1441 sicut
2407 1387 2536 1441 dicit
2580 1387 2718 1442 alius
2752 1386 2993 1442 :Corona
3035 1398 3205 1442 autem
3244 1390 3567 1460 gratiarum‘

1962 1479 2196 1548 defendet
2217 1488 2263 1532 te
2292 1477 2473 1548 (Prov.
2495 1479 2549 1533 4.
2577 1478 2656 1549 9).
2703 1478 2820 1533 Jam
2866 1495 2994 1534 vero
3036 1490 3119 1534 est
3161 1483 3324 1536 etiam
3371 1495 3566 1536 corona

1961 1571 2166 1641 gloriae,
2198 1572 2336 1626 sicut
2362 1573 2484 1626 dicit
2515 1570 2676 1625 Isaias
2708 1589 2719 1625 :
2756 1571 2868 1625 Erit
2895 1588 3086 1626 corona
3115 1574 3225 1643 spei
3246 1615 3261 1639 ,
3295 1591 3358 1629 ea:
3404 1575 3569 1645 gloria

1961 1673 2194 1717 contexta
2223 1661 2491 1735 (Isai,28.
2523 1663 2603 1731 5).
2629 1661 2839 1718 Corona
2866 1665 3008 1719 enim
3035 1663 3198 1720 habet
3229 1666 3343 1720 ltmc
3365 1666 3566 1732 omnia,

1962 1752 2376 1823 benignitatem,
2403 1753 2695 1823 justitiam.
2724 1753 2983 1823 gratiam,
3014 1755 3260 1825 gloriam,
3295 1755 3567 1811 decorem.

1963 1845 2061 1901 Est
2087 1847 2230 1901 enim
2265 1846 2356 1900 Dei
2386 1845 2610 1910 donum,
2643 1846 2784 1916 quod
2814 1848 3013 1902 variam
3046 1848 3291 1918 producit
3316 1851 3564 1918 gratiam.

1965 1939 2062 1994 Est
2091 1939 2251 1993 etiam
2279 1939 2694 2010 incorruptiouis
2714 1955 2934 2006 corona,
2958 1943 3409 2012 quemadmodum
3443 1944 3570 2000 dicit

1963 2033 2159 2089 Paulus
2192 2051 2205 2089 :
2231 2031 2320 2088 Ilii
2335 2034 2537 2105 quidem
2559 2044 2611 2088 tu
2633 2035 3009 2105 corruptibilem
3030 2053 3272 2091 coronam
3292 2038 3569 2108 accipiant,

1933 2145 2054 2187 .nos
2079 2137 2250 2182 autem
2279 2129 2628 2198 incorruptam
2660 2130 2735 2199 (l.
2770 2127 2892 2185 Cor.
2921 2129 2975 2184 9.
3001 2130 3116 2200 25).
3165 2131 3276 2186 Hoc
3316 2140 3400 2186 est
3442 2150 3573 2201 ergo

1960 2218 2104 2289 quod
2130 2218 2215 2273 hic
2236 2217 2385 2283 dicit,
2419 2219 2722 2276 Securitatc
2747 2230 2801 2276 et
2825 2222 2990 2291 gloria
3014 2236 3112 2276 nos
3134 2224 3424 2277 coronast-i.
3460 2223 3568 2276 Ta-

1958 2310 2028 2365 lia
2051 2319 2177 2364 sunt
2209 2311 2352 2365 enim
2386 2311 2479 2364 Dei
2508 2311 2649 2364 dona
2680 2308 2873 2379 valida,
2902 2323 2956 2368 et
2977 2313 3172 2369 decore
3197 2313 3350 2383 plena
3387 2331 3400 2368 :
3435 2314 3574 2368 tales

1956 2412 2084 2457 sunt
2111 2419 2345 2459 coronm.
2394 2406 2463 2456 At
2493 2405 2544 2458 in
2574 2405 2884 2459 hominibus
2931 2421 3035 2459 non
3078 2404 3152 2459 ita
3194 2413 3279 2460 est
3307 2423 3319 2459 :
3353 2405 3446 2460 sed
3479 2421 3567 2476 qm

1957 2504 2038 2550 est
2065 2494 2279 2565 quidem
2301 2495 2351 2548 in
2373 2494 2562 2565 gloria,
2588 2510 2696 2549 nou
2721 2507 2802 2550 est
2832 2496 3054 2550 omnino
3085 2511 3337 2560 securus;
3371 2511 3458 2566 qui
3483 2511 3568 2551 est

1961 2596 2140 2640 autem
2187 2587 2240 2640 in
2281 2588 2587 2652 securitate,
2623 2604 2729 2642 non
2769 2598 2851 2642 cst
2891 2589 3110 2642 omnino
3152 2590 3202 2643 in
3246 2590 3436 2660 gloria,
3471 2603 3569 2643 nec

1962 2680 2080 2734 lucc
2109 2681 2262 2734 facile
2293 2682 2448 2734 simul
2478 2681 2756 2734 evenerint
2787 2699 2800 2733 :
2833 2681 2974 2750 quod
3006 2681 3049 2734 si
3079 2681 3237 2734 etiam
3268 2682 3566 2744 evenerint,

1957 2769 2204 2824 celeriter
2234 2769 2565 2824 auferuntur.
2596 2769 2756 2824 Verbi
2778 2771 2946 2840 gratia
2975 2788 2986 2821 :
3015 2770 3113 2836 Qui
3135 2780 3260 2825 sunt
3289 2781 3562 2839 potentes,

1956 2874 2013 2919 et
2042 2879 2285 2919 summos
2314 2873 2508 2933 gerunt
2530 2864 2892 2934 magistratus,
2919 2873 3040 2916 sunt
3063 2863 3278 2933 quidem
3304 2863 3566 2932 splendidi

1958 2965 2015 3011 et
2045 2956 2298 3018 illustres,
2331 2955 2425 3010 sed
2457 2971 2562 3009 non
2590 2955 2785 3021 securi,
2819 2954 2927 3009 imo
2963 2954 3048 3009 vel
3085 2970 3150 3009 eo
3192 2955 3424 3011 maxime
3466 2971 3566 3010 no-

1960 3048 2107 3103 mine
2137 3046 2190 3102 iu
2218 3047 2422 3101 lubrico
2449 3057 2502 3100 et
2531 3047 2837 3116 periculoso
2867 3048 2985 3101 loco
3014 3058 3315 3113 versantur,
3350 3057 3567 3119 prOpter

1955 3141 2140 3212 gloria:
2170 3140 2613 3210 magnitudinem.
2639 3139 2740 3206 Qui
2770 3148 2947 3195 autem
2973 3151 3099 3196 sunt
3120 3142 3314 3211 abjecti
3337 3150 3389 3196 et
3413 3142 3567 3210 viles,

1956 3241 2084 3286 sunt
2112 3231 2327 3300 quidem
2355 3231 2528 3286 securi
2553 3271 2567 3294 ,
2603 3247 2669 3286 eo
2697 3231 2838 3302 quod
2877 3248 2982 3286 non
3015 3244 3442 3301 cognoscantur,
3473 3233 3566 3291 sed

1955 3341 2021 3380 eo
2046 3327 2164 3395 ipso
2195 3334 2321 3379 sunt
2346 3324 2428 3380 vel
2460 3325 2692 3380 maxime
2723 3325 2935 3394 inglorii
2956 3366 2968 3384 .
3000 3325 3142 3394 quod
3171 3325 3222 3379 in
3251 3326 3563 3380 securitate.

1956 3417 2011 3472 In
2062 3418 2172 3473 Deo
2215 3427 2397 3472 autem
2446 3433 2554 3472 non
2607 3418 2678 3471 ita
2719 3426 2801 3471 est
2831 3434 2843 3469 :
2874 3416 2969 3472 sed
3018 3427 3242 3487 utraque
3289 3418 3566 3487 insigniter

1953 3519 2297 3572 concurrunt,
2322 3518 2375 3563 et
2394 3509 2559 3579 gloria
2584 3518 2638 3564 et
2652 3509 2934 3564 securitas.
2958 3507 3372 3564 Considerantes
3388 3510 3566 3581 itaque

1954 3600 2216 3656 bonorum
2249 3600 2670 3670 magnitudinem
2693 3641 2708 3665 ,
2745 3611 2796 3654 et
2823 3609 2947 3654 ante
2968 3601 3147 3654 omnia
3179 3611 3336 3670 quam
3369 3602 3437 3655 sit
3466 3602 3564 3656 bo-

1956 3711 2082 3748 num
2109 3694 2219 3748 Deo
2246 3707 2366 3748 esse
2391 3701 2623 3763 gratum,
2647 3691 2788 3761 quod
2817 3700 2899 3746 est
2929 3702 2980 3746 et
3010 3707 3181 3752 arma,
3210 3700 3264 3747 et
3284 3693 3475 3763 gloria,
3497 3684 3563 3747 et

1950 3787 2210 3842 securitas
2228 3827 2242 3851 ,
2283 3795 2338 3840 et
2366 3786 2504 3840 bona
2533 3783 2943 3838 innumerabilia
2964 3823 2978 3846 ,
3009 3783 3074 3837 ad
3102 3793 3374 3838 certamen
3408 3785 3563 3838 nobis

1951 3881 2284 3951 propositum
2325 3893 2604 3933 curramus
2645 3892 2768 3932 cum
2815 3878 3116 3940 tolerantia,
3167 3891 3266 3931 nec
3307 3889 3560 3945 umquam

1949 3966 2129 4028 animo
2142 3969 2472 4034 deﬁciamus,
2489 3983 2588 4024 nec
2605 3983 2853 4039 umquam
2870 3967 3147 4021 videamur
3165 3968 3421 4021 inermes.
3450 3967 3560 4021 lloe

1948 4065 2094 4121 enim
2122 4063 2249 4120 belli
2279 4077 2446 4132 genus
2488 4076 2596 4116 non
2637 4061 2836 4131 patitur
2855 4099 2870 4124 ,
2898 4069 2958 4114 ut
2989 4060 3146 4114 miles
3171 4060 3416 4114 videatur
3441 4059 3560 4114 sine

1946 4157 2114 4210 armis
2140 4173 2155 4208 :
2185 4155 2280 4211 sed
2304 4165 2429 4209 tunc
2447 4152 2662 4208 demum
2690 4150 2977 4205 dimittitur
3001 4160 3311 4219 apparatus,
3345 4153 3559 4220 quando

1945 4249 2108 4304 fuerit
2137 4248 2404 4303 theatrum
2426 4246 2747 4302 dissolutum
2777 4261 2792 4299 :
2817 4244 3038 4298 solvitur
3058 4252 3236 4299 autem
3263 4244 3552 4305 theatrum,

1948 4342 2165 4413 quando
2189 4341 2367 4395 anima
2394 4339 2618 4394 solvitur
2646 4354 2674 4392 a
2703 4352 2949 4407 corpore.
2979 4337 3158 4405 Quare
3184 4337 3436 4408 quamdiu
3467 4337 3558 4391 hic

1946 4448 2169 4498 sumus,
2202 4444 2441 4501 pugnare
2466 4443 2689 4484 necesse
2722 4437 2806 4483 est
2844 4437 2899 4482 et
2933 4427 3078 4482 domi
3117 4426 3387 4491 sedentes,
3418 4438 3473 4482 et
3502 4429 3553 4481 in

1947 4525 2121 4578 l‘orum
2164 4531 2354 4579 euntes
2402 4531 2456 4575 ct
2501 4520 2850 4590 prandentes,
2894 4527 2949 4573 et
2991 4527 3241 4589 a'grotos,
3272 4528 3326 4572 et
3369 4534 3552 4572 sanos.

1944 4613 2115 4669 Morbi
2160 4614 2302 4668 enim
2352 4621 2624 4682 tempore,
2669 4607 2824 4680 hujus
2861 4609 3092 4663 maxime
3125 4623 3312 4678 pugna!
3342 4617 3554 4678 tempus

1944 4715 2049 4774 est,
2077 4703 2292 4776 quando
2346 4703 2564 4758 dolores
2612 4700 2845 4768 undique
2897 4699 3221 4753 conturbant
3274 4699 3505 4752 animant
3536 4739 3550 4762 ,

1941 4797 2158 4870 quando
2183 4795 2410 4851 tristitiae
2441 4793 2705 4855 obsident,
2728 4789 2940 4861 quando
2962 4790 3114 4845 adest
3142 4791 3385 4845 diabolus
3411 4791 3545 4844 inci-

1944 4901 2102 4955 tans,
2150 4901 2209 4943 ut
2260 4887 2514 4942 acerbum
2562 4882 2772 4954 aliquod
2819 4881 3038 4937 verbum
3088 4881 3348 4936 dicamus.
3398 4881 3550 4937 Tune

1941 4985 2173 5039 maxime
2213 4996 2311 5036 nos
2346 4978 2539 5034 muniri
2580 4985 2813 5048 oportet,
2848 4976 2948 5046 tegi
2991 4975 3173 5039 lorica,
3209 4975 3422 5048 clypeo,
3450 4991 3548 5045 ga-

1941 5077 2046 5143 lea,
2080 5087 2134 5130 et
2161 5074 2327 5129 armis
2355 5072 2598 5136 caeteris,
2631 5081 2683 5126 et
2713 5079 2971 5141 perpetuo
2999 5069 3108 5122 Deo
3135 5070 3335 5139 gratias
3366 5084 3543 5138 agere.

1939 5167 2068 5224 Hmc
2111 5176 2236 5222 sunt
2278 5163 2591 5236 gravissima
2638 5177 2758 5231 quae
2811 5161 2863 5214 in
2911 5159 3182 5214 diabolum
3231 5167 3548 5230 torquentur

1939 5259 2068 5325 tela,
2097 5258 2184 5313 hic
2209 5265 2292 5312 est
2316 5255 2450 5309 ictus
2481 5254 2535 5307 in
2562 5252 2861 5307 daemonem
2885 5249 3242 5312 certissimus,
3265 5259 3391 5304 tunc
3418 5263 3545 5306 sunt

1990 5356 2008 5388 ι
2047 5353 2183 5403 Edit.
2211 5353 2353 5401 Rom.
2384 5351 2546 5398 Prov..
2572 5342 2632 5397 ιζ
2654 5348 2686 5397 9
2726 5362 2738 5395 :
2780 5347 2983 5412 Corona
3006 5343 3412 5412 magniﬁcentia!
3450 5347 3544 5395 de-

1928 5415 2102 5482 fendat
2121 5420 2167 5466 te
2193 5413 2439 5482 (ξτεφάνῳ
2463 5413 2515 5460 δὲ
2550 5416 2733 5482 ςτριξφῇς
2771 5410 3082 5482 {inspaqu
3105 5408 3218 5482 ᾆου)
3236 5445 3262 5482 ,ν
3280 5408 3385 5482 ubi,
3408 5413 3540 5482 apud

1929 5470 2277 5541 lquilamfde
2304 5470 2489 5541 corona
2510 5470 2818 5541 glo'riutiouis
2844 5470 3142 5541 (amcam
3170 5472 3375 5541 agna-1;;
3405 5470 3542 5541 apud

1932 5531 2305 5603 Symmachum,
2331 5539 2394 5586 de
2432 5531 2632 5603 cor'oua‘
2657 5531 3088 5603 ριοτίαξςίρὅῃςκ
3133 5531 3264 5603 apud
3308 5531 3540 5603 :Iheodo-z

1931 5595 2152 5657 tionem,
2209 5595 2498 5649 de'corona
2547 5595 2934 5658 pulchritudinis
2983 5595 3374 5658 (ὼραιότητοςυ
3410 5595 3544 5656 apud

1931 5656 2208 5721 neminem,
2243 5661 2306 5730 de
2350 5656 2864 5730 coroua'gratiarum;
2893 5656 2999 5729 sed
3043 5656 3281 5730 existimo
3328 5656 3544 5730 Cliqso-

1933 5733 2151 5778 atomum
2165 5717 2249 5788 es
2267 5724 2459 5772 duobus
2486 5717 2609 5772 locis
2655 5733 2812 5770 unum
2829 5720 3037 5788 _l‘ecisse_
3050 5731 3064 5788 ξ
3109 5732 3223 5767 nam
3245 5717 3544 5786 Proverbio-

1935 5803 2046 5848 rum
2075 5789 2122 5846 1,
2156 5786 2205 5843 9,
2243 5787 2448 5848 legitur,
2487 5796 2721 5834 coronam
2760 5781 2892 5848 enim
2925 5781 3207 5848 gratiarum
3243 5781 3456 5848 accipies
3493 5781 3546 5828 in

1935 5843 2125 5914 capite:
2153 5852 2256 5914 tuo.
2295 5843 2478 5914 Priora
2518 5855 2689 5914 autem
2752 5843 2906 5914 verba
2929 5843 3095 5908 'hujus
3150 5843 3390 5893 versiculi
3429 5853 3545 5890 cum

1939 5903 2307 5978 posterioribus
2328 5907 2510 5967 prioris
2535 5903 2862 5971 eOpulaverit.
