4070 6428
558 439 609 492 π
1349 428 1407 483 s.
1431 415 1719 493 JOANNIS
1755 415 2232 478 CllttYSOSTOill
2267 412 2582 472 A'RCIHBP.
2613 411 3164 470 'CONSTAN'I‘INOP.
3774 407 3846 464 ra

535 564 754 605 corona:
779 544 1239 619 apleuilidissiiuiu.
1271 543 1400 599 Nam
1429 541 1588 596 etiam
1609 539 1825 594 beatum
1852 533 1951 591 Job
1972 528 2127 604 (nihil

539 641 683 694 enim
715 647 857 695 vetat
891 653 996 710 quo
1033 638 1209 692 minus
1246 627 1312 689 ad
1353 648 1474 689 cum
1514 643 1700 707 rursus
1735 623 2128 695 confugiamus)

540 730 644 784 hoc
682 721 911 785 maxime
936 721 1140 802 clarum
1173 724 1437 802 reddidit,
1475 715 1580 778 boc‘
1606 718 1852 776 maximis
1881 714 2124 771 laudibus

540 823 754 889 alTecit,
799 821 901 877 hoc
955 799 1266 884 coronavit,
1314 799 1454 886 quod
1503 824 1743 882 tempore
1788 803 2124 868 tentationis,

540 913 710 969 morbi
743 923 794 968 et
823 912 1168 984 paupertatis,
1201 905 1510 961 immutabili
1531 899 1794 973 ejusmodi
1821 897 2002 984 animo
2030 908 2127 964 ap-

541 1010 796 1079 paruerit,
826 1016 879 1063 et
921 1014 1100 1062 tuente
1145 989 1450 1064 immobilis,
1481 996 1676 1067 quibus
1713 993 1909 1065 gratias
1950 994 2131 1059 ageret

541 1102 654 1155 Deo
697 1101 853 1154 verba
893 1094 1252 1169 obtulerit,.et
1294 1088 1569 1161 spirituale
1612 1085 1740 1142 illud
1784 1081 2124 1139 sacriﬁcium.

540 1191 708 1246 Erant
733 1189 874 1245 enim
901 1184 1218 1244 sacriﬁcium
1241 1182 1402 1239 verba
1431 1179 1566 1254 ejus.
1596 1190 1715 1248 quae
1739 1172 1872 1231 dixit
1905 1189 1919 1225 :
1949 1170 2130 1225 banti-

537 1300 633 1339 uus
660 1282 821 1348 dedit,
852 1265 1102 1342 Dominus
1131 1273 1335 1346 abstulit
1363 1289 1382 1328 :
1408 1272 1538 1327 sicut
1567 1265 1788 1323 Domino
1824 1262 2035 1335 placuit,
2059 1261 2130 1315 ita

540 1380 734 1446 factum
772 1381 846 1428 est
880 1386 900 1426 :
933 1370 996 1426 sit
1029 1384 1211 1424 nomen
1252 1364 1455 1421 Domini
1496 1360 1816 1434 benedictum
1847 1355 1901 1409 in
1939 1350 2130 1408 secula

537 1442 669 1537 (Job
712 1463 764 1519 1.
793 1461 907 1533 211).
940 1459 1090 1528 Quod
1122 1455 1334 1527 quidem
1359 1468 1462 1509 nos
1479 1465 1690 1524 quoque
1715 1461 1933 1537 semper
1953 1442 2118 1537 racia-

539 1532 681 1620 mus,
723 1551 777 1608 in
823 1548 1226 1614 tentationibus,
1269 1546 1322 1602 in
1367 1538 1782 1608 calamitatibus,
1821 1539 1878 1594 in
1921 1532 2130 1594 insidiis

543 1646 707 1714 Deum
732 1643 900 1716 gloria
926 1649 980 1696 et
1009 1639 1213 1695 honore
1239 1623 1536 1693 al‘ﬂcientes
1555 1675 1570 1700 ,
1599 1639 1652 1686 et
1675 1639 1936 1708 perpetuo
1959 1626 2125 1693 bene-

541 1715 821 1792 dicentcis:
850 1731 1098 1806 quoniam
1141 1729 1189 1785 ei
1230 1727 1402 1801 gloria
1446 1726 1502 1782 in
1545 1721 1740 1780 ςπυῆ
1788 1715 2125 1800 saeculorum.

548 1827 740 1882 Amen.

861 1951 1222 2012 EXPOSI'IIO
1259 1950 1328 2008 ΙΝ
1368 1945 1690 2025 PSALMUH
1733 1943 1820 2002 VI.

650 2067 866 2126 Domine
884 2109 901 2137 ,
931 2083 996 2124 ne
1024 2070 1078 2123 in
1109 2069 1280 2140 furore
1319 2075 1404 2120 tuo
1428 2078 1616 2136 arguas
1639 2077 1719 2116 nte
1740 2100 1756 2129 ,
1787 2047 1950 2132 neque
1972 2059 2033 2135 in

1035 2160 1113 2215 ira
1140 2169 1232 2214 tua
1259 2157 1502 2227 corripias
1793 2163 1796 2166 '

614 2275 665 2329 l.
705 2269 928 2346 Quando
948 2270 1182 2326 furorem
1203 2275 1259 2324 et
1283 2267 1416 2322 iram
1437 2264 1506 2322 de
1533 2264 1644 2321 Deo
1672 2255 2143 2331 audiveris,.niliil_

541 2367 829 2422 humanum
859 2362 1145 2433 suspiceris
1177 2379 1191 2416 :
1221 2367 1344 2417 sunt
1379 2359 1522 2416 enim
1552 2357 1715 2413 verba
1745 2355 1940 2426 quibus
1966 2367 2027 2409 se
2065 2352 2133 2409 ad

538 2444 754 2527 captum
777 2465 1018 2513 nostrum
1044 2444 1296 2509 demittit.
1326 2451 1468 2507 Deus
1494 2449 1636 2504 enim
1677 2447 1747 2504 ab
1774 2447 1857 2503 bis
1885 2445 2135 2503 omnibus

539 2552 677 2611 liber
702 2560 806 2608 est.
836 2548 912 2605 Ita
951 2555 1129 2604 autem
1158 2545 1394 2618 loquitur
1421 2553 1480 2598 ut
1518 2543 1571 2597 in
1611 2540 1939 2597 crassiorem
1982 2538 2138 2594 cadat

535 2642 968 2714 intelligentiam.
991 2638 1122 2695 Nam
1143 2651 1244 2695 nos
1263 2651 1473 2709 quoque
1491 2632 1704 2706 quando
1720 2631 1996 2702 loquimur
2014 2644 2135 2685 cum

541 2733 783 2791 barbaris
807 2774 824 2800 ,
848 2732 1059 2807 illorum
1085 2730 1260 2800 lingua
1291 2728 1530 2783 utimur:
1559 2736 1611 2781 et
1636 2725 1681 2779 si
1711 2740 1830 2780 cum
1859 2738 2026 2794 puero
2050 2722 2136 2777 ιο-

544 2825 758 2899 q—ttimur
782 2866 798 2889 ,
823 2839 924 2878 una
954 2837 1074 2877 cum
1106 2835 1171 2877 eo
1200 2819 1519 2877 balbutimus
1540 2860 1554 2880 .
1589 2827 1643 2872 et
1669 2823 1726 2872 ut
1759 2814 2137 2887 sapientissimi

548 2915 739 2974 simus.
770 2912 836 2966 ad
877 2911 1224 2967 bumi‘itatem
1255 2908 1395 2977 illius
1419 2922 1516 2964 nos
1545 2905 1890 2962 demi:timus.
1917 2903 1986 2960 Et
2013 2903 2138 2975 quid

547 3003 743 3075 mirum
780 3009 824 3056 si
859 3001 964 3058 hoc
1005 3003 1056 3056 in
1087 2999 1266 3057 verbis
1297 2999 1538 3060 facimus,
1569 3011 1689 3069 qua:
1712 2994 1781 3050 do
1819 2993 1869 3050 id
1896 2995 2054 3050 etiam
2086 2996 2138 3050 in

543 3098 705 3153 rebus
737 3096 796 3151 tit
817 3095 1039 3161 anobis,
1059 3102 1119 3149 ut
1155 3093 1243 3164 qui
1267 3101 1326 3148 et
1350 3105 1537 3147 manus
1553 3088 1912 3146 mordeamus.
1935 3099 1985 3144 et
2008 3089 2138 3142 iram

546 3191 860 3248 simulemus
884 3231 898 3252 .
931 3198 988 3243 ut
1018 3187 1270 3243 infantem
1312 3183 1677 3256 corrigamus?
1699 3181 1772 3238 ita
1802 3182 1962 3238 etiam
1999 3180 2140 3238 Deus

541 3281 835 3337 crassiores
858 3277 1072 3334 afﬁcere
1097 3277 1305 3342 volens,
1333 3274 1525 3330 talibus
1549 3272 1726 3329 verbis
1753 3285 1881 3327 usus
1900 3280 2001 3327 est.
2024 3269 2139 3326 Non

545 3373 686 3426 enim
719 3385 818 3442 pro
845 3384 938 3425 sua
965 3369 1219 3440 dignitate
1243 3365 1389 3437 loqui
1412 3365 1649 3430 studuit,
1679 3363 1773 3419 sed
1800 3378 1896 3442 pro
1921 3362 2141 3418 audito-

538 3481 664 3520 rum
692 3464 936 3535 utilitate.
965 3460 1095 3516 Nam
1122 3475 1181 3516 se
1211 3475 1315 3514 non
1347 3447 1468 3514 che
1509 3458 1600 3512 ira:
1628 3440 1917 3512 obnoxium
1949 3454 2138 3510 alicubi

541 3553 830 3611 ostendens
850 3593 867 3620 ,
890 3551 1114 3608 dicebat
1143 3568 1156 3605 :
1194 3547 1245 3604 Ν
1249 3547 1457 3619 ωηᾳιιῖά
1486 3563 1565 3602 me
1589 3545 1656 3600 ad
1679 3547 1808 3599 iram
1828 3538 2102 3617 prouocant
2123 3586 2137 3610 ,

540 3665 715 3704 uanus
731 3647 922 3717 seipsos
950 3642 1177 3715 μιῇ-7.
1207 3641 1272 3698 19
1293 3640 1311 3712 )
1335 3642 1359 3696 ?
1385 3638 1465 3696 Tu
1491 3648 1667 3694 autem
1691 3634 1958 3706 quomodo
1976 3634 2145 3693 velles

555 3742 730 3810 ipsum
770 3735 1037 3813 disserere
1081 3751 1199 3792 cum
1228 3732 1428 3792 Judmis
1451 3774 1467 3798 ,
1499 3746 1619 3787 cum
1651 3743 1823 3800 neque
1843 3728 2104 3784 irascatur
2125 3768 2141 3794 ,

543 3846 648 3890 nec
671 3830 796 3887 odio
814 3815 1013 3889 habeat
1037 3826 1246 3883 malos?
1271 3825 1397 3881 odio
1423 3824 1566 3879 enim
1596 3830 1677 3877 est
1719 3819 1884 3875 animi
1925 3827 2142 3891 pertur-

547 3922 727 3988 batio;
753 3935 854 3978 nec
876 3918 1104 3991 humana
1128 3916 1379 3989 respiciat
1397 3912 1628 3969 ividero
1661 3911 1805 3968 enim
1829 3925 1892 3966 es
1920 3923 2146 3980 corpore

545 4024 814 4084 sumptum
838 4019 960 4078 est;
1015 4000 1186 4081 neque
1232 4007 1458 4064 audiat?
1501 4021 1645 4062 nam.
1669 4005 1770 4061 hoc
1814 4017 2029 4076 quoque
2079 4018 2145 4061 ex

539 4118 730 4160 carne.
744 4101 848 4158 Sed
869 4117 934 4158 ex
956 4088 1058 4160 hoc
1078 4099 1277 4156 malum
1294 4097 1435 4153 aliud
1456 4096 1647 4168 dogma
1673 4093 1948 4151 inductum
1972 4103 2137 4162 esset,

545 4208 742 4265 nempe
763 4209 867 4266 non
890 4191 999 4264 regi
1018 4191 1194 4246 omnia
1217 4205 1248 4243 a
1272 4188 1362 4244 Dei
1386 4185 1718 4257 providentia
1749 4201 1761 4237 :
1790 4192 1846 4241 et
1873 4183 1999 4239 dum
2022 4185 2146 4240 talia

551 4288 621 4343 de
651 4287 761 4342 Deo
779 4284 965 4341 audire
990 4289 1322 4350 recusarent,
1345 4277 1495 4338 multi
1517 4292 1582 4333 ex
1607 4277 1694 4343 iis,
1722 4277 1812 4347 qui
1833 4285 1958 4331 tunc
1971 4285 2144 4343 erant,

548 4375 768 4432 omnino
792 4375 959 4431 Deum
996 4388 1120 4430 esse
1149 4373 1488 4442 ignorass'ent
1514 4386 1526 4421 :
1553 4382 1620 4423 eo
1646 4375 1824 4422 autem
1855 4366 2099 4437 ignorate
2120 4407 2135 4432 ,

550 4469 732 4524 omnia
777 4467 1062 4538 periissem
1092 4485 1107 4522 :
1152 4465 1246 4520 illo
1272 4454 1459 4520 contra
1512 4460 1821 4517 introducto
1859 4459 2106 4531 dogmate
2129 4501 2146 4526 ,

546 4560 800 4616 celeriter
827 4556 939 4615 ﬁeri
976 4564 1191 4629 poterat
1222 4554 1508 4619 correctio.
1534 4551 1630 4608 Cui
1661 4554 1804 4608 enim
1833 4566 2148 4622 persuasum

553 4659 635 4705 νει
663 4647 827 4714 Deum
857 4641 1010 4715 esse,
1035 4647 1136 4705 etsi
1164 4660 1271 4703 non
1307 4644 1503 4700 habeat
1523 4657 1643 4700 eam
1667 4657 1826 4714 quam
1852 4656 1950 4713 par
1976 4652 2059 4698 est
2082 4642 2150 4699 de

542 4741 666 4798 *Deo
692 4741 1006 4798 sententiam
1025 4781 1042 4807 ,
1072 4737 1166 4796 sed
1204 4737 1329 4810 quid
1358 4736 1426 4794 de
1449 4749 1515 4791 eo
1538 4733 1779 4798 crassius
1810 4731 2148 4801 suspicetur;

555 4843 796 4905 tempore
824 4831 1037 4903 quidem
1069 4838 1217 4886 certo
1241 4829 1290 4885 ei
1319 4819 1727 4899 persuadebitur
1746 4865 1762 4892 ,
1796 4824 1928 4880 nihil
1959 4823 2066 4880 tale
2095 4822 2147 4880 in

554 4929 719 4984 Deum
743 4926 954 4983 cadere.
981 4924 1083 4994 Qui
1100 4931 1281 4978 autem
1304 4921 1467 4977 habet
1486 4934 1794 4990 persuasum
1810 4918 1930 4987 ejus
1947 4915 2148 4974 nullam

553 5035 675 5075 esse
703 5017 1109 5089 providentiam,
1152 5029 1250 5068 nec
1275 5013 1438 5067 ullam
1471 5027 1592 5066 eum
1622 5026 1802 5066 rerum
1841 5025 2024 5067 curant
2051 5023 2146 5081 ge-

555 5124 697 5174 rere,
732 5123 902 5176 neque
929 5108 973 5161 si
1004 5105 1301 5168 exsistant,
1330 5117 1521 5158 curare
1543 5143 1557 5167 ,
1587 5101 1712 5173 quid
1737 5117 1860 5159 eum
1880 5101 2077 5173 juverit
2103 5098 2148 5156 si

558 5208 815 5254 tractetur
860 5196 928 5252 de
968 5195 1061 5251 Dei
1107 5189 1538 5262 impalibilitate?
1581 5192 1674 5247 Illa
1715 5192 1825 5260 ipsa
1854 5191 1920 5248 de
1943 5207 2103 5248 causa
2128 5235 2144 5258 ,

553 5306 672 5342 min
695 5289 844 5361 prius
861 5303 979 5344 cum
1001 5286 1104 5342 illis
1125 5285 1482 5352 disseruisset,
1512 5294 1789 5354 postquam
1818 5284 1898 5340 eis
1925 5300 2144 5355 persua-

553 5382 643 5446 sit,
668 5391 727 5434 ut
755 5395 875 5435 eum
899 5392 1024 5439 esse
1045 5377 1409 5448 opinarentur,
1438 5375 1689 5445 paulatim
1717 5388 1809 5430 eos
1836 5390 2021 5430 rursus
2048 5390 2112 5429 ex
2131 5404 2144 5414 ο

555 5479 765 5543 purgat,
796 5468 862 5525 ad
891 5470 993 5526 hoc
1019 5467 1210 5540 dogma
1244 5467 1477 5523 erebens
1499 5508 1514 5530 .
1545 5465 1613 5521 de
1638 5479 1708 5521 eo
1730 5464 1951 5534 loquens
1974 5463 2144 5518 subli-

556 5564 735 5628 mius,
764 5571 963 5617 etcum
1005 5574 1126 5616 esse
1166 5551 1559 5613 abaﬂ‘ectionc
1603 5566 1873 5611 remotum
1908 5555 2147 5610 oratione

560 5659 889 5720 pertractans
944 5650 1079 5704 Dicit
1103 5650 1244 5704 enim
1272 5648 1406 5702 alius
1437 5645 1695 5718 propheta
1723 5663 1736 5700 :
1780 5643 1901 5700 Non
1928 5645 2142 5707 esuriet,

561 5757 713 5813 neque
745 5738 991 5794 ωσόίι
1013 5738 1177 5803 (laci.
1207 5737 1296 5793 40.
1323 5736 1434 5808 28)
1469 5755 1483 5791 :
1509 5744 1565 5791 et
1589 5736 1678 5805 qui
1719 5749 1842 5790 eum
1866 5734 2022 5791 irasci
2062 5735 2147 5787 di-

562 5843 731 5901 xerat,
758 5829 901 5888 idem
923 5836 1108 5888 unus
1133 5827 1421 5886 ostendens
1441 5828 1609 5886 Deum
1633 5842 1752 5883 csse
1772 5824 2143 5897 impatibilcm,

2235 528 2504 601 subjungit
2535 547 2548 585 ε
2582 528 2846 599 Numquid
2863 546 2944 584 me
2961 529 3061 602 ipsi
3078 530 3146 584 ad
3171 528 3300 583 iram
3329 535 3605 600 provocati:
3627 568 3644 595 ,
3672 542 3846 581 nouus

2233 621 2422 691 seipsos
2449 620 2604 691 (Jer.
2633 621 2683 675 7.
2713 620 2821 690 19)
2846 621 2870 675 ?
2901 621 2966 675 Et
2993 621 3082 690 qui
3109 619 3320 675 dixerat
3336 631 3460 676 eum
3480 632 3601 674 esse
3627 617 3682 672 in
3701 625 3846 673 tetu~

2234 712 2356 784 plo,
2387 726 2574 772 rursus
2600 709 2729 766 dicit
2763 731 2773 764 :
2806 710 2925 766 Non
2955 722 3028 766 est
3067 712 3218 765 Itonia
3238 710 3290 763 in
3317 721 3363 765 te
3382 720 3622 778 sanctus,
3659 719 3710 763 et
3737 725 3843 763 non

2232 803 2491 873 ingrediar
2529 803 2582 857 in
2621 801 2861 856 cititater
2910 801 2930 871 (
2955 800 3086 856 Osee
3134 800 3222 856 11.
3255 799 3363 873 9):
3396 799 3500 856 hoc
3528 810 3611 856 est
3635 841 3654 869 ,
3690 798 3844 855 Loco

2236 907 2343 946 non
2369 893 2668 948 contineor.
2695 889 2848 960 Quod
2871 891 2916 945 si
2940 906 3045 944 nou
3069 896 3261 947 omnes
3290 890 3430 946 ultus
3473 898 3557 946 est
3576 931 3592 957 ,
3620 896 3681 944 at
3708 903 3844 960 pru-

2237 983 2460 1039 dentiori
2481 991 2624 1038 certe
2653 979 2861 1053 reliquit
2886 981 3228 1053 cogitandum
3250 997 3317 1037 ex
3337 980 3518 1046 dictis,
3547 979 3693 1052 quod
3715 978 3845 1050 quia

2237 1074 2526 1148 tyranuicis
2571 1075 2708 1130 liber
2735 1083 2818 1130 est
2843 1073 3250 1141 adeetionibus,
3277 1080 3332 1128 et
3354 1073 3472 1127 sine
3504 1072 3701 1143 quibus
3733 1085 3844 1126 non

2232 1165 2356 1221 licet
2381 1165 2580 1231 vivere,
2599 1164 2668 1219 ab
2685 1164 2807 1220 aliis
2827 1163 2993 1219 multo
3009 1164 3177 1236 magis
3198 1163 3332 1220 liber
3350 1172 3454 1218 est.
3480 1161 3615 1218 Dicit
3635 1163 3843 1232 itaque:

2235 1254 2378 1311 Num
2405 1258 2585 1312 eris‘ut
2623 1257 2773 1311 homo
2799 1257 3056 1312 dormiens
3087 1255 3235 1330 (Jer.
3267 1256 3363 1312 N.
3389 1255 3425 1310 9
3447 1256 3510 1326 )2
3536 1255 3603 1311 Et
3635 1254 3846 1335 ubique

2234 1354 2424 1410 tractat
2449 1363 2512 1402 ac
2535 1349 2770 1419 loquitur
2790 1347 2859 1404 de
2877 1344 3288 1419 impatibilitate.
3317 1346 3495 1414 Quare
3515 1347 3606 1403 hic
3623 1361 3850 1419 quoque

2233 1438 2448 1509 quando
2481 1440 2713 1494 furorem
2742 1438 2975 1494 audieris
2999 1479 3015 1505 ,
3047 1455 3114 1494 ne
3141 1437 3294 1509 putes
3317 1452 3438 1494 esse
3473 1437 3844 1493 aﬂ’ectioneru.

2231 1531 2287 1588 Si
2318 1531 2461 1589 enim
2482 1531 2736 1600 homines
2762 1532 2851 1603 qui
2874 1531 3228 1602 philosophia:
3251 1531 3489 1598 student,
3519 1529 3696 1602 quoad
3717 1529 3847 1601 ejus

2234 1621 2348 1676 ﬁeri
2380 1629 2593 1694 potest,
2624 1620 2693 1677 ab
2738 1620 2818 1677 ira
2867 1619 3028 1676 alieni
3070 1628 3420 1691 permanent;
3468 1620 3637 1675 multo
3667 1618 3847 1689 magis

2235 1712 2324 1767 illa
2350 1712 2645 1768 substantia
2665 1753 2681 1777 ,
2711 1727 2829 1783 qua:
2857 1721 2939 1768 est
2965 1710 3033 1767 ab
3061 1711 3279 1767 interitu
3306 1720 3360 1767 et
3386 1711 3731 1782 corruptione
3776 1710 3845 1764 lio

2235 1803 2362 1860 bera
2387 1843 2403 1869 ,
2433 1811 2489 1858 et
2509 1818 2628 1875 qum
2654 1816 2752 1858 nec
2779 1801 2883 1858 dici
2911 1843 2926 1871 ,
2955 1817 3056 1858 nec
3084 1802 3470 1874 comprehendi
3497 1810 3692 1874 potest.
3722 1799 3845 1857 Non

2237 1895 2387 1956 vides
2410 1888 2573 1952 etiam
2601 1892 2876 1962 medicos;
2894 1895 3022 1952 dum
3053 1904 3258 1961 secant,
3287 1894 3369 1950 vel
3398 1905 3578 1963 urunt,
3609 1909 3716 1949 nor.
3763 1894 3844 1948 ira

2235 1987 2496 2044 adductos
2523 1986 2573 2042 id
2599 1986 2796 2052 facere,
2818 1985 2913 2042 sed
2941 1985 3084 2057 quod
3108 1985 3246 2042 male
3268 1984 3518 2042 aﬂectum
3543 1995 3627 2042 est
3649 1986 3832 2041 corri-

2235 2091 2362 2147 gere
2386 2077 2565 2132 auimo
2591 2075 2690 2132 sibi
2716 2085 3077 2146 proponeates
3097 2116 3115 2143 ,
3148 2091 3254 2131 non
3279 2077 3572 2132 irascentes
3596 2077 3843 2148 ingratis.

2237 2165 2332 2243 sed
2361 2180 2458 2221 eos
2501 2167 2818 2221 miserantes
2838 2208 2852 2230 ,
2881 2173 2936 2230 et
2962 2181 2989 2219 a
3020 2165 3226 2222 merbis
3255 2165 3586 2222 liberantes?
3608 2165 3848 2233 Quando

2247 2271 2376 2336 ergo
2401 2256 2527 2311 dicit
2557 2273 2570 2309 :
2605 2255 2688 2310 Ne
2711 2257 2762 2310 in
2782 2257 2956 2328 furore
2981 2266 3066 2309 tuo
3091 2271 3380 2328 urguente
3406 2272 3424 2310 :
3453 2257 3554 2312 hoc
3582 2256 3736 2324 dicit,
3769 2258 3850 2314 :Ve

2245 2362 2430 2418 pinnas
2461 2361 2644 2402 sumas
2670 2346 2737 2402 de
2765 2347 2898 2402 meis
2928 2347 3184 2422 peccatis,
3215 2362 3316 2404 nec
3343 2362 3458 2402 mea
3485 2347 3678 2404 delicta
3713 2350 3846 2404 ulci-

2241 2441 2426 2496 scaris.
2457 2440 2510 2497 3.
2537 2439 2773 2495 Miserere
2795 2441 2908 2505 mei,
2935 2435 3174 2508 Domine,
3195 2441 3436 2510 quoniam
3454 2441 3688 2509 inﬁrmus
3704 2459 3842 2499 satur.

2244 2533 2352 2588 Hac
2373 2531 2504 2587 voce
2528 2546 2719 2603 omnes
2739 2545 2978 2601 egemus,
2997 2531 3219 2586 etiamsi
3253 2530 3662 2586 innumerabilia
3692 2537 3843 2588 recte

2241 2631 2298 2678 et
2319 2637 2383 2677 es
2409 2622 2601 2700 virtute
2645 2620 2965 2688 fecerimus,
2993 2630 3048 2676 et
3076 2621 3160 2677 vel
3197 2621 3263 2679 ad
3292 2635 3553 2676 summam
3587 2637 3848 2692 pervenc-

2243 2716 2410 2769 rimus
2447 2701 2731 2783 justitiam.
2762 2711 3022 2780 Quocirca
3069 2713 3184 2783 ipse
3225 2713 3386 2768 etiam
3430 2723 3611 2785 postea
3653 2728 3848 2769 rursus

2241 2805 2410 2862 dicit:
2445 2799 2948 2874 Nonjttstiﬁcabitur
2971 2805 3022 2858 in
3045 2814 3316 2876 conspectu
3359 2815 3444 2858 tuo
3483 2807 3647 2859 omnis
3672 2807 3848 2860 vivens

2242 2897 2433 2972 (Psal.
2469 2899 2718 2970 “2.2):
2756 2909 2810 2952 et
2848 2896 3012 2954 illud:
3045 2897 3107 2953 Si
3148 2897 3438 2965 iniquitates
3467 2897 3805 2951 observaveris
3830 2940 3845 2961 ,

2245 2992 2359 3062 quis
2377 2989 2636 3044 sustinebit
2657 2989 2678 3059 (
2701 2987 2852 3044 Psal.
2883 2987 3004 3043 129.
3033 2987 3108 3059 5)
3135 2987 3159 3040 τ
3185 2997 3238 3041 et
3263 2987 3461 3042 Paulus
3492 3004 3505 3041 :
3540 2985 3696 3040 Nihil
3721 2987 3850 3041 ιιιὸἠὶ

2243 3081 2472 3135 conscius
2500 3096 2642 3144 sum,
2683 3079 2773 3134 sed
2800 3095 2903 3133 non
2936 3078 2989 3132 in
3018 3077 3114 3132 hoc
3127 3078 3443 3148 justiﬁcatus
3467 3093 3578 3130 sum
3600 3077 3687 3146 (1.
3721 3075 3849 3133 Cor.

2245 3171 2299 3225 4.
2330 3172 2424 3241 υς
2454 3179 2507 3225 et
2533 3170 2701 3225 alius:
2735 3169 2861 3236 Quis
2880 3168 3180 3240 gloriabitur
3199 3185 3387 3240 patrum
3412 3168 3592 3222 habere
3616 3185 3704 3222 cor
3725 3169 3751 3223 .’
3771 3170 3851 3223 rei

2244 3278 2357 3333 quis
2389 3271 2573 3317 asseret
2601 3278 2654 3315 se
2679 3246 2784 3316 esse
2814 3261 3059 3314 mundum
3087 3277 3120 3314 α
3155 3259 3306 3314 sorde
3335 3261 3351 3291 ¹
3376 3259 3564 3330 (Prov.
3595 3259 3687 3314 20.
3729 3259 3803 3329 9)
3824 3258 3851 3312 ῒ

2245 3353 2445 3409 Omnes
2484 3367 2612 3425 ergo
2654 3368 2874 3424 egemus
2911 3352 3279 3408 misericordia
3310 3368 3324 3406 :
3356 3353 3448 3408 sed
3507 3365 3613 3406 non
3653 3367 3851 3407 omnes

2245 3444 2389 3516 digni
2418 3456 2605 3500 sumus
2630 3441 3049 3500 misericordiam
3089 3443 3326 3513 assequi.
3355 3441 3487 3496 Nam
3516 3441 3616 3498 etsi
3645 3442 3716 3496 sit
3747 3443 3852 3496 mi-

2247 3537 2556 3606 sericordia,
2572 3536 2788 3605 dignum
2811 3543 2984 3590 tamen
3003 3534 3246 3603 requirit,
3263 3531 3710 3604 quemadmodum
3734 3532 3852 3602 ipse

2249 3629 2459 3685 dicebat
2477 3627 2647 3700 Moysi
2677 3646 2689 3680 :
2713 3626 2987 3680 Misercbor
3007 3627 3155 3696 cujus
3182 3624 3450 3680 miserebor
3468 3639 3488 3677 :
3508 3632 3552 3678 et
3572 3623 3852 3678 miserebor

2249 3738 2394 3792 quem
2429 3720 2702 3774 miserebor
2727 3718 2933 3800 (.Ezod.
2959 3719 3046 3774 33.
3078 3717 3203 3784 19).
3229 3717 3330 3786 Qui
3348 3732 3478 3789 ergo
3501 3717 3622 3772 fecit
3643 3717 3848 3788 aliquid

2249 3813 2466 3884 dignum
2492 3810 2879 3879 misericordia,
2906 3810 3046 3865 dicet
3080 3827 3093 3865 :
3118 3807 3361 3863 Miserere
3383 3810 3480 3862 mei
3501 3826 3518 3871 ;
3547 3809 3636 3880 qui
3663 3817 3846 3864 autem

2249 3905 2318 3961 ab
2343 3902 2485 3960 illius
2527 3904 2679 3960 venia
2732 3917 2791 3957 se
2830 3903 3093 3964 semovit,
3129 3901 3324 3956 frustra
3362 3901 3507 3956 dicet
3529 3918 3553 3954 -:
3585 3899 3846 3957 Βίωνα-ι.

2250 3997 2308 4054 Si
2332 3998 2474 4053 enim
2500 4003 2644 4052 esset
2671 4003 2989 4065 perventura
3009 3992 3078 4047 ad
3103 4005 3295 4046 omnes
3321 3991 3684 4048 misericordia
3707 4007 3849 4060 ,Ine.

2250 4106 2342 4148 mo
2362 4090 2619 4161 supplicio
2635 4089 2953 4144 at‘tieeretur.
2973 4085 3305 4156 Quamquam
3329 4085 3491 4141 liabet
3506 4085 3613 4157 ipsa
3637 4100 3852 4157 quoque

2252 4183 2466 4255 aliquod
2489 4181 2782 4253 judicium,
2824 4189 2878 4234 et
2902 4195 3024 4236 eum
3058 4179 3146 4249 qui
3174 4176 3368 4249 dignus
3399 4186 3452 4232 et
3495 4186 3650 4246 aptus
3682 4185 3767 4233 est
3791 4188 3851 4232 ut

2252 4288 2315 4330 ea
2346 4274 2569 4339 fruatur,
2601 4272 2845 4342 requirit.

2323 4368 2379 4423 2.
2419 4367 2525 4425 Cur
2556 4367 2646 4438 qui
2686 4366 2862 4419 eadem
2907 4374 3114 4434 peccata
3151 4361 3458 4427 adntittuut,
3505 4377 3606 4415 non
3649 4363 3849 4416 eosdem

2254 4479 2427 4536 partas
2450 4462 2617 4518 luunt.
2637 4490 2709 4501 —
2728 4458 2880 4515 Ilulti
2909 4472 3040 4528 ergo
3059 4469 3207 4527 ωερε
3224 4455 3408 4511 eadem
3437 4463 3653 4525 peccata
3679 4454 3850 4510 admi-

2252 4535 2471 4622 serunt,
2501 4561 2558 4610 ct
2597 4567 2703 4608 non
2731 4549 2949 4608 easdem
2990 4559 3170 4604 tamen
3213 4561 3400 4617 pomus
3443 4535 3741 4610 dederunt,
3792 4555 3852 4601 ut

2253 4647 2344 4719 qui
2365 4646 2503 4707 alias
2527 4643 2792 4700 baberent
2815 4656 3005 4719 causas
3033 4655 3154 4709 quae
3183 4653 3244 4696 ea
3268 4647 3655 4708 prmeesserant
3681 4649 3698 4693 :
3724 4647 3780 4694 et
3800 4637 3850 4693 si

2254 4741 2417 4798 vultis
2443 4780 2460 4807 ,
2489 4738 2542 4794 in
2574 4737 2675 4793 hac
2705 4748 2846 4791 nunc
2876 4733 3239 4810 immoremur
3264 4729 3527 4785 oratione.
3554 4727 3851 4784 Peocaruut

2253 4832 2423 4890 Judaei
2451 4843 2641 4887 omnes
2662 4868 2678 4894 ,
2721 4837 2776 4886 et
2799 4825 3014 4882 fuerunt
3038 4820 3330 4877 idololatrat
3352 4861 3370 4885 ,
3415 4819 3511 4876 sed
3538 4832 3643 4874 non
3665 4833 3850 4875 omnes

2254 4923 2472 4981 easdem
2500 4934 2688 4996 pinnas
2717 4919 2951 4984 dedere;
2994 4915 3088 4972 sed
3119 4913 3207 4968 alii
3238 4911 3453 4983 quidem
3495 4908 3809 4968 reciderunt
3832 4950 3848 4972 ,

2254 5019 2343 5075 alii
2371 5001 2498 5074 vero
2519 5015 2730 5086 veniam
2756 5023 2882 5070 sunt
2907 5008 3199 5081 assequuti.
3231 5008 3286 5061 tn
3320 5004 3552 5076 peccatis
3576 5003 3719 5060 enim
3742 5016 3852 5058 non

2256 5112 2512 5188 qumritur
2552 5107 2726 5165 solum
2776 5115 2966 5162 natura
2997 5104 3114 5173 ejus
3154 5099 3297 5171 quod
3347 5096 3546 5155 factum
3593 5105 3677 5151 est
3710 5113 3724 5149 :
3754 5094 3851 5150 sed

2251 5209 2414 5267 etiam
2435 5193 2674 5269 animus,
2699 5209 2756 5256 et
2775 5209 3000 5268 tempus,
3030 5204 3086 5254 et
3102 5208 3261 5250 causa
3286 5232 3302 5257 ,
3325 5202 3382 5248 et
3407 5199 3528 5262 post
3549 5195 3849 5258 peccatum.

2256 5305 2301 5361 si
2332 5304 2385 5358 bi
2409 5301 2626 5374 quidem
2655 5299 3086 5368 perseverarunt,
3115 5289 3236 5346 illos
3256 5300 3389 5342 vero
3411 5282 3690 5356 pmnituit.
3721 5289 3778 5335 et
3806 5281 3851 5333 si

2255 5414 2402 5464 casu,
2425 5398 2469 5451 si
2507 5411 2576 5453 ex
2599 5390 2820 5456 fraude.
2853 5398 2908 5447 et
2935 5389 2979 5444 si
3002 5385 3185 5442 dedita
3216 5396 3404 5460 opera.
3431 5378 3502 5436 Et
3525 5376 3691 5434 multa
3723 5383 3854 5428 sunt

2255 5505 2373 5560 quae
2396 5495 2736 5558 qumruntur,
2766 5481 3024 5552 temporis
3047 5474 3373 5537 differentia,
3403 5481 3460 5528 et
3483 5477 3655 5526 status
3679 5468 3853 5535 reipu.

2257 5583 2431 5638 blicc.
2480 5577 2552 5637 Ut
2596 5576 2827 5646 exempli
2869 5573 3040 5646 gratia
3071 5589 3086 5628 :
3117 5573 3409 5641 peccarunt
3433 5561 3526 5634 qui
3550 5568 3709 5618 erant
3750 5560 3854 5615 sub

2259 5671 2460 5739 Veteri,
2483 5676 2704 5739 peccant
2724 5651 2991 5737 etiam'qui
3019 5671 3148 5720 sunt
3170 5660 3269 5715 sub
3286 5657 3436 5715 Novo
3456 5654 3801 5711 Testamento
3832 5665 3848 5707 :

2320 5769 2342 5803 ι
2366 5769 2422 5818 ln
2452 5762 2675 5826 editione
2704 5759 2919 5826 Remane
2957 5756 3231 5826 legitimo
3254 5750 3466 5814 peccatis
3513 5749 3648 5813 (ἀπὸ
3685 5749 3821 5810 ἁμαρ

2253 5831 2413 5893 πῶν),
2441 5825 2714 5879 secundum
2740 5818 3032 5872 Hebraicam
3058 5818 3341 5867 veritatem.
