4070 6440
283 362 355 422 73
1459 351 1817 419 EXPOSITIO
1855 354 1922 414 IN
1960 354 2287 415 PSALMUM
2328 357 2414 414 VI.
3523 365 3599 424 ἠ

279 481 374 538 sed
423 496 531 536 non
580 479 842 536 dederunt
888 479 1099 549 utrique
1144 477 1359 535 easdem
1408 491 1636 548 penus,
1683 477 1793 533 imo
1819 471 1876 534 bi

275 576 574 646 graviores.
613 573 682 629 Et
727 572 830 629 hoc
875 571 1070 628 Paulus
1109 570 1450 643 significans,
1489 567 1702 627 dicebat
1731 589 1745 625 :
1777 571 1879 639 Qui

280 667 440 738 legem
472 665 666 738 Πίοςῑή
707 666 827 735 fecit
859 666 1097 729 irritam,
1136 663 1246 719 sine
1287 663 1398 718 ulla
1425 662 1746 719 miseratione
1785 665 1878 718 sub

276 758 474 812 duobus
501 755 582 813 sel
600 756 760 811 tribus
789 755 995 811 mum
1019 756 1254 810 moritur.
1290 753 1495 820 Quanto
1521 756 1711 824 putatis
1739 752 1880 808 dete-

276 853 402 906 riori
427 851 682 920 supplicio
708 849 894 922 dignus
917 849 1195 912 habebitur,
1218 850 1306 920 qui
1335 847 1526 904 Filium
1549 846 1646 902 Dei
1665 847 1873 918 concul-

274 944 493 1007 σανα-ιι,
514 951 562 996 et
581 942 883 1014 sanguinem
907 942 1187 996 testamenti
1209 955 1526 994 communem
1557 938 1876 994 existimave-

272 1037 340 1090 rit
365 1037 386 1104 (
413 1034 572 1090 Hebr.
606 1035 694 1091 IO.
715 1035 809 1091 28.
838 1032 1240 1107 29)?Quando
1264 1043 1442 1089 autem
1470 1031 1639 1098 dicit,
1669 1031 1872 1098 Quanto

273 1125 509 1180 deteriori
535 1126 791 1196 supplicio
821 1125 1005 1197 dignus
1031 1124 1314 1190 habebitur,
1342 1125 1612 1180 intensum
1638 1121 1872 1178 ostendit

273 1217 616 1285 supplicium.
641 1216 938 1272 Peecarunt
960 1216 1051 1288 qui
1074 1215 1245 1286 legem
1265 1221 1676 1287 pnccesserunt,
1705 1221 1762 1269 et
1779 1211 1872 1285 qui

270 1317 428 1363 erant
473 1308 528 1364 in
570 1308 705 1379 lege.
751 1307 958 1363 Rursus
1015 1309 1225 1379 priores
1278 1308 1350 1362 illi
1400 1321 1586 1376 pmnas
1636 1305 1866 1363 leviores

272 1399 508 1454 luerunt.
543 1400 656 1455 Iloc
683 1407 863 1455 autem
893 1397 1222 1471 signiﬁcans,
1248 1395 1461 1454 dicebat
1483 1409 1512 1451 ’τ
1547 1397 1865 1469 Quicmque

269 1491 402 1544 enim
422 1493 532 1546 siue
560 1493 668 1564 lege
688 1501 1036 1562 peccaverunt,
1063 1493 1175 1547 sine
1197 1491 1306 1562 lege
1336 1500 1385 1546 et
1418 1491 1653 1562 peribunt
1676 1487 1866 1562 (Rom.

267 1582 324 1635 ‘2.
358 1582 464 1640 12)
491 1602 506 1638 :
533 1583 688 1644 Illud.
719 1584 827 1638 sine
847 1584 973 1654 lege,
999 1583 1264 1654 signiﬁcat
1290 1583 1478 1652 levius,
1500 1595 1606 1638 non
1631 1581 1864 1654 gravius.

271 1671 337 1728 Et
361 1676 664 1744 quicumque
687 1675 741 1729 in
763 1676 871 1747 lege
895 1685 1190 1745 peccaram,
1215 1691 1305 1746 per
1328 1675 1486 1747 legem
1498 1674 1870 1746 judicaltunlur

270 1763 449 1839 (Ibid.
479 1765 522 1839 ).
575 1767 790 1835 Quare?
830 1766 1092 1835 Quoniam
1127 1767 1202 1821 illi
1232 1765 1448 1836 quidem
1503 1765 1704 1822 habent
1748 1779 1869 1837 qua:

266 1873 364 1914 eos
410 1868 662 1935 accusat,
715 1868 960 1916 naturam
990 1878 1004 1915 :
1034 1859 1088 1914 hi
1140 1875 1270 1916 vero
1311 1875 1432 1915 cum
1472 1867 1662 1916 natura
1705 1860 1868 1916 etiam

268 1949 442 2020 legem
469 1992 485 2014 ,
515 1960 570 2006 et
612 1965 719 2021 quo
749 1951 867 2021 plus
892 1951 1154 2006 doctrinm
1195 1959 1555 2020 acceperunt,
1598 1967 1665 2008 eo
1693 1951 1867 2021 majus

267 2039 523 2098 subibunt
581 2040 919 2110 supplicium.
973 2041 1181 2096 Rursus
1228 2042 1388 2097 etiam
1436 2059 1506 2099 ex
1549 2043 1867 2099 auctoritate

267 2131 428 2201 hujus
458 2133 532 2185 rei
565 2121 687 2186 licet
715 2141 963 2186 cvm-tium
994 2131 1210 2197 videre;
1243 2131 1401 2206 idque
1429 2133 1660 2205 pchpici
1691 2141 1867 2204 potest

265 2212 332 2276 ex
361 2221 643 2276 sacriﬁcio.
682 2222 784 2276 f‘ro
810 2222 1064 2277 universo
1087 2232 1237 2278 certe
1261 2224 1350 2292 qui
1392 2223 1638 2293 peccant
1668 2225 1867 2294 populo

267 2323 473 2366 tantum
503 2311 826 2368 offerebatur
849 2311 1168 2369 sacriﬁcium
1191 2354 1205 2378 ,
1231 2320 1499 2384 quantum
1515 2328 1612 2383 pro
1638 2315 1754 2370 solo
1779 2329 1867 2372 sa-

263 2405 504 2458 cerdote.
540 2403 593 2458 Id
619 2411 796 2458 autem
830 2403 1132 2474 signiﬁcat,
1156 2419 1263 2473 quo
1293 2404 1464 2474 major
1486 2413 1570 2460 est
1595 2405 1860 2476 dignitas,

264 2514 334 2549 eo
358 2496 576 2565 gravius
613 2509 735 2551 esse
757 2511 944 2550 eorum
988 2495 1077 2565 qui
1107 2502 1330 2566 peccant
1369 2496 1708 2565 supplicium.
1739 2493 1866 2554 Ideo

261 2599 386 2656 quae
409 2585 726 2654 simpliciter
748 2585 965 2655 quidem
997 2583 1253 2640 fornicata
1279 2592 1428 2651 erat,
1457 2584 1525 2642 de
1552 2586 1733 2642 medio
1758 2588 1862 2643 tol-

263 2676 475 2732 lebatur
499 2688 522 2733 t
546 2675 840 2732 sacerdotis
864 2684 1041 2730 autem
1072 2675 1176 2730 ﬁlia
1205 2675 1636 2732 comburebatur.
1666 2677 1864 2733 Possu-

263 2783 384 2823 mus
421 2767 582 2823 ctiam
612 2766 825 2822 aliunde
861 2766 1043 2821 videre
1083 2775 1138 2821 et
1163 2766 1371 2822 veniam
1397 2807 1413 2831 ,
1453 2775 1508 2822 et
1544 2757 1860 2839 gravitatem

261 2860 448 2929 augeri
489 2857 772 2928 supplicii,
817 2865 874 2911 ut
902 2871 1024 2913 cum
1055 2857 1100 2911 is
1137 2858 1231 2927 qui
1259 2857 1532 2926 peccavit,
1562 2857 1650 2915 hic
1675 2872 1862 2930 peltas

259 2957 449 3021 dedit,
491 2955 627 3013 alios
668 2961 845 3008 autem
890 2965 950 3006 se
997 2950 1263 3019 voluptate
1290 2948 1542 3019 explevit.
1575 2947 1670 3005 Ille
1713 2951 1858 3007 enim

263 3048 370 3103 illic
402 3045 637 3114 majores
659 3085 676 3110 ,
714 3042 803 3098 hic
830 3056 959 3096 vero
983 3040 1219 3096 minores
1247 3052 1434 3110 pinnas
1459 3039 1644 3109 dabit,
1673 3041 1719 3096 si
1749 3055 1858 3097 non

263 3139 351 3194 hic
370 3136 530 3192 fuerit
547 3135 765 3190 omnino
784 3133 1079 3188 absolutus.
1104 3131 1171 3186 Et
1189 3130 1240 3185 id
1265 3130 1570 3202 signiﬁcans
1589 3131 1856 3198 Christus,

263 3229 467 3287 inducit
487 3228 755 3294 Abraham
784 3225 1050 3281 dicentem
1085 3222 1235 3277 diviti
1264 3239 1279 3277 :
1309 3222 1561 3292 Recepisti
1591 3222 1723 3276 bona
1747 3231 1858 3291 tua,

261 3325 346 3379 hic
387 3337 504 3377 rem
536 3319 715 3383 mala;
741 3325 789 3373 et
816 3331 952 3370 nunc
979 3315 1062 3368 hic
1100 3313 1496 3368 consolationem
1533 3314 1759 3386 accipit,
1802 3324 1860 3369 tu

261 3432 379 3471 vero
397 3412 642 3468 durioris
685 3408 850 3479 (Luc.
876 3407 964 3463 16.
994 3406 1067 3462 25
1087 3406 1126 3477 ).
1156 3404 1262 3461 Sed
1293 3406 1376 3460 hic
1401 3406 1616 3476 quidem
1643 3407 1742 3463 sibi
1771 3407 1856 3462 in-

263 3515 470 3578 tegrum
515 3501 812 3559 reservavit
852 3498 1169 3570 supplicium
1194 3540 1210 3562 ,
1250 3507 1307 3553 et
1336 3498 1457 3554 ideo
1484 3500 1720 3568 graviter
1761 3500 1858 3557 fuit

263 3601 521 3671 punit-os:
547 3595 635 3651 alii
662 3604 839 3650 autem
872 3608 976 3648 non
1018 3592 1284 3662 integrum
1307 3631 1323 3658 ,
1365 3590 1460 3647 sed
1490 3606 1557 3646 ex
1584 3600 1736 3662 parte
1757 3633 1774 3661 ,
1802 3602 1859 3650 et

263 3693 388 3748 ideo
415 3690 582 3746 levius
607 3687 916 3758 puniuntur.
949 3683 1153 3739 Viderit
1176 3684 1338 3738 etiam
1363 3683 1628 3753 quispiam
1653 3684 1857 3754 suppli-

261 3783 330 3839 cii
371 3779 724 3836 difl‘erentiam
763 3791 830 3831 es
861 3789 1049 3844 magna
1079 3772 1427 3842 intelligentia
1456 3779 1512 3828 et
1545 3787 1612 3828 ex
1651 3773 1857 3843 simpli-

259 3876 443 3938 citate,
464 3881 521 3926 ut
546 3868 759 3942 quando
779 3856 906 3923 dicit
927 3864 1854 3932 :Servusquinooitvoluntatemdomi-

260 3955 318 4006 ni
325 3959 487 4020 sui,et
503 3972 606 4012 non
613 3954 1034 4026 [σάωσραίώῆ
1046 3951 1254 4008 multis:
1271 3955 1358 4025 qui
1376 3963 1547 4009 autent
1571 3972 1674 4010 non
1692 3958 1852 4024 novit,

257 4066 350 4104 nec
388 4049 548 4119 fecit,
593 4046 853 4116 vapulabit
900 4045 1078 4115 paucis
1111 4042 1238 4114 (Id.
1273 4046 1360 4100 12.
1392 4047 1483 4101 l7.
1521 4045 1592 4103 48
1617 4047 1658 4118 ).
1691 4047 1853 4104 Multa

254 4142 419 4195 etiam
444 4139 559 4194 alia
598 4138 864 4193 invenerit
887 4136 1148 4207 quispiam
1189 4151 1310 4206 qua:
1337 4135 1692 4193 differentiam
1725 4153 1854 4210 sup-

255 4233 400 4303 plieii
449 4232 712 4301 pariunt,
771 4229 895 4283 item
949 4226 1306 4282 differentiam
1352 4228 1736 4284 misericordia:
1799 4240 1856 4286 et

255 4323 618 4396 benignitatis.
647 4322 937 4377 Considera
966 4327 1142 4374 autem
1177 4318 1230 4373 id
1275 4320 1437 4374 etiam
1477 4322 1530 4375 in
1559 4323 1732 4392 primo
1757 4322 1855 4380 lto-

254 4418 421 4474 mine.
476 4415 724 4472 Peccavit
768 4415 873 4470 Eva
901 4455 914 4478 ,
951 4413 1190 4483 peccavit
1231 4414 1393 4469 etiam
1434 4413 1606 4470 Adam
1639 4433 1654 4470 :
1683 4431 1847 4472 unum

253 4518 434 4565 autem
460 4515 580 4563 erat
604 4515 900 4577 peccatum.
930 4505 1104 4560 Ambo
1130 4506 1274 4560 enim
1302 4507 1372 4561 de
1409 4507 1580 4587 fructu
1603 4509 1854 4566 eomede~

253 4609 382 4656 runt
409 4617 423 4652 :
447 4599 608 4652 ambo
634 4607 812 4652 autem
848 4612 954 4650 non
981 4596 1196 4652 easdem
1225 4612 1411 4666 poenas
1436 4598 1722 4654 dederunt.
1749 4599 1853 4656 0c-

251 4690 383 4745 cidit
407 4689 542 4743 Cain
561 4729 577 4751 ,
609 4697 666 4742 et
689 4687 887 4742 occidit
912 4686 1144 4743 Lamech
1171 4704 1184 4752 ;
1214 4697 1269 4742 et
1296 4687 1382 4742 hic
1399 4687 1616 4757 quidem
1643 4691 1854 4746 miseri-

251 4782 491 4838 cordiam
512 4789 597 4836 est
621 4789 959 4850 assequutus,
991 4779 1077 4836 ille
1102 4795 1231 4836 vero
1257 4782 1476 4852 punitus
1499 4792 1603 4842 est.
1630 4784 1857 4856 Collegit

250 4873 516 4945 quispiam
543 4872 683 4943 ligna
711 4870 936 4926 sabbato
961 4909 976 4936 ,
1006 4878 1062 4926 et
1099 4871 1300 4925 nullam
1339 4873 1550 4927 veniam
1581 4882 1665 4929 est
1706 4889 1854 4930 asse-

248 4973 448 5036 quutus
471 4959 492 5034 (
514 4960 680 5016 Nam.
712 4962 800 5018 l5.
829 4959 921 5017 52.
952 4977 1061 5032 sqq.
1086 4962 1126 5032 ).
1159 4960 1324 5015 David
1370 4963 1585 5030 occidit,
1620 4973 1677 5019 et
1697 4965 1853 5021 adul-

251 5058 447 5114 terium
475 5056 782 5123 commisit,
811 5065 867 5111 et
894 5056 1120 5110 salutem
1159 5063 1243 5109 est
1268 5065 1651 5127 consequutus.
1681 5056 1737 5112 In
1768 5058 1853 5115 bis

247 5167 380 5223 ergo
415 5148 722 5222 quaerendis
749 5148 1100 5221 immoremur
1128 5164 1143 5202 :
1172 5147 1340 5202 multo
1364 5155 1449 5202 est
1490 5149 1633 5203 enim
1663 5151 1853 5207 melius

249 5245 365 5301 haec
390 5243 661 5314 inquirere
684 5281 701 5308 ,
739 5254 902 5312 quam
943 5239 1098 5307 nugis
1127 5247 1180 5293 et
1209 5240 1566 5296 conventibus
1591 5243 1683 5312 qui
1721 5244 1854 5299 fiunt

247 5339 302 5394 in
328 5336 459 5392 foris
485 5335 725 5391 deditum
755 5348 896 5390 esse.
921 5331 1038 5387 Non
1065 5330 1238 5386 solum
1269 5331 1412 5386 enim
1435 5331 1551 5389 haec
1573 5334 1813 5392 invenire
1831 5380 1851 5405 ,

250 5431 342 5488 sed
365 5431 525 5486 etiam
551 5442 792 5500 quarrere
815 5467 832 5494 ,
876 5441 1128 5496 magnum
1171 5431 1254 5480 est
1303 5424 1508 5481 lucrum
1533 5466 1552 5494 ,
1603 5429 1703 5484 etsi
1742 5446 1848 5486 non

249 5520 594 5578 inveniamus.
612 5517 882 5590 Cogemur
902 5518 1043 5573 enim
1067 5517 1120 5571 in
1143 5515 1224 5570 his
1247 5516 1540 5584 immorari,
1564 5529 1620 5575 et
1639 5521 1850 5577 univer-

246 5629 362 5668 sum
392 5623 600 5680 tempus
626 5611 679 5664 in
705 5609 788 5665 bis
806 5622 1143 5685 consumere.
1161 5608 1270 5663 Cur
1293 5623 1421 5679 ergo
1441 5609 1676 5681 (oportet
1700 5613 1844 5668 enim

243 5703 309 5759 ad
329 5703 472 5773 prius
495 5701 789 5756 institutam
814 5700 992 5756 redire
1019 5697 1362 5774 orationem),
1392 5716 1512 5756 cum
1540 5717 1728 5757 clunes
1754 5703 1848 5759 Ju-

243 5793 344 5850 dtci
375 5791 597 5849 vitulum
622 5788 970 5856 conflassent,
997 5787 1086 5844 alii
1117 5787 1331 5859 quidem
1359 5791 1526 5862 puniti
1560 5802 1682 5849 sunt
1703 5836 1716 5862 ,
1746 5795 1838 5850 alii

1992 486 2128 527 vero
2153 470 2418 528 minime?
2446 470 2600 541 Quod
2630 471 2706 528 illi
2734 471 2954 544 quidem
2984 457 3302 544 pmnitentia
3327 472 3474 547 ducti
3497 517 3512 541 ,
3540 487 3599 534 et

1986 562 2157 632 ipsam
2187 569 2432 618 naturam
2458 561 2615 618 obliti
2644 563 2774 631 sint,
2798 575 2920 620 cum
2950 563 3163 634 pietatis
3186 580 3346 623 causa
3371 550 3591 638 propin-

1983 665 2120 724 quos
2151 659 2456 709 necarunt:
2502 653 2577 709 illi
2621 670 2750 710 vero
2796 663 3231 726 perseverarunt.
3283 656 3467 728 Itaque
3495 656 3596 714 fuit

1981 744 2203 806 quidem
2235 734 2517 815 peccatum
2544 747 2754 818 mquale
2781 763 2798 803 :
2829 747 2926 803 sed
2953 764 3075 820 qua:
3104 758 3440 821 consequuta
3467 757 3595 804 sunt

1948 880 1950 882 .
1984 848 2089 887 non
2110 833 2262 890 fuere
2283 831 2528 907 aequalia.
2548 837 2727 906 Quare
2745 847 2926 894 autem
2945 847 3001 895 et
3028 839 3084 895 in
3104 840 3299 908 Adam,
3323 849 3378 898 et
3403 841 3456 898 in
3480 839 3592 898 Eva

1982 942 2088 983 non
2119 927 2216 983 fuit
2260 928 2400 985 idem
2425 930 2746 1001 supplicium
2778 931 2880 987 etsi
2908 929 3070 988 fuerit
3098 931 3240 989 idem
3269 932 3594 1006 peccatum?

1981 1017 2116 1086 Quia
2159 1029 2266 1074 non
2312 1019 2454 1076 idem
2493 1030 2666 1077 erata
2698 1021 2924 1078 muliere
2955 1021 3243 1094 deceptum
3271 1038 3396 1082 esse
3420 1065 3436 1090 ,
3478 1034 3535 1082 et
3558 1041 3594 1082 ι

1979 1121 2250 1180 serpente.
2280 1111 2462 1183 Itaque
2487 1111 2685 1167 Paulus
2707 1112 2838 1168 illud
2863 1114 3157 1185 appellavit
3184 1115 3588 1187 deceptionctn.

1977 1195 2166 1254 dicens
2200 1220 2213 1254 :
2246 1201 2411 1255 Adam
2437 1218 2539 1257 non
2559 1197 2660 1274 fuit
2679 1203 2940 1274 deceptus,
2973 1204 3160 1259 mulier
3177 1214 3349 1261 autem
3375 1205 3599 1277 decepta-

1979 1290 2076 1362 {uit
2106 1291 2158 1346 in
2185 1295 2586 1364 transgressione
2620 1295 2704 1365 (I.
2750 1291 2889 1349 Tim.
2921 1294 2978 1349 2.
3025 1291 3158 1368 id).
3200 1296 3312 1352 Cur
3333 1305 3510 1355 autem
3543 1296 3590 1351 is

1977 1382 2070 1453 qui
2090 1383 2230 1456 ligna
2250 1386 2558 1456 collegerat,
2582 1401 2688 1443 non
2712 1399 2796 1443 est
2817 1396 3138 1458 asscquutus
3159 1387 3369 1444 veniam
3385 1388 3411 1442 ‘l
3437 1389 3588 1458 Quo-

1979 1475 2122 1530 niam
2167 1487 2286 1531 erat
2339 1479 2587 1534 maxima:
2629 1479 2923 1549 iniquitatis
2954 1487 3279 1550 praeceptum
3309 1480 3489 1534 statim
3518 1480 3596 1536 ab

1978 1565 2132 1622 initio
2155 1569 2475 1638 transgredi,
2507 1579 2562 1624 et
2587 1571 2871 1638 oportebat
2901 1570 3020 1624 aliis
3049 1579 3303 1640 magtmm
3335 1571 3584 1626 timorem

1978 1657 2207 1713 immitti.
2224 1660 2336 1716 Hoc
2343 1660 2507 1718 etiam
2521 1663 2578 1720 in
2591 1661 2858 1734 Sapphlra
2869 1657 3142 1718 etAnania
3154 1658 3491 1734 accidit(Aet.
3503 1661 3583 1736 5).

1975 1742 2047 1804 Et
2057 1763 2155 1804 nos
2168 1750 2345 1819 itaque
2359 1747 2574 1819 quando
2592 1765 2894 1820 peccamus,
2907 1750 3402 1823 coitsideretnusmn
3415 1754 3584 1808 simus

1976 1836 2120 1908 digni
2150 1838 2517 1896 misericordia
2540 1882 2555 1906 ,
2584 1843 2630 1897 si
2656 1841 2784 1912 quid
2813 1841 3039 1898 fecimus
3070 1851 3127 1897 ut
3152 1840 3581 1921 miSeric'ordiam

1973 1939 2345 2000 assequamur,
2374 1931 2419 1986 si
2469 1932 2780 2003 pauitantia
2809 1931 2954 1989 ducti
2994 1946 3202 2000 sumus,
3230 1924 3583 1994 simeliores

1975 2022 2264 2088 evasimus,
2296 2025 2341 2078 si
2366 2023 2691 2080 destitimus.
2724 2025 2858 2081 Nam
2894 2025 3464 2097 pmnitentiasalutem
3493 2043 3585 2084 as-

1974 2113 2168 2185 sequi,
2210 2114 2336 2170 illud
2367 2111 2448 2170 est
2477 2131 2508 2171 a
2539 2117 2632 2172 Del
2659 2118 3026 2174 misericordia
3068 2119 3297 2175 servari:
3335 2117 3412 2174 Ita
3449 2133 3583 2190 ergo

1975 2205 2063 2262 hic
2086 2208 2250 2262 etiam
2283 2217 2435 2279 rogat
2465 2208 2589 2265 inde
2614 2210 2841 2277 servari,
2870 2225 2935 2265 ex
2967 2211 3240 2284 Iacrymis,
3273 2223 3338 2265 ex
3369 2210 3579 2266 lamen-

1974 2299 2284 2357 tationibus.
2309 2303 2363 2357 7.
2389 2301 2594 2359 Lavabo
2618 2304 2784 2371 enim,
2819 2305 3010 2376 inquit,
3041 2322 3132 2375 per
3150 2303 3382 2377 singulas
3406 2316 3578 2361 noctes

1971 2392 2157 2447 lectum
2200 2409 2404 2458 meum;
2446 2394 2686 2467 lacrgmis
2734 2395 2857 2450 meis
2906 2404 3124 2450 stratum
3163 2411 3332 2451 meum
3373 2396 3571 2468 rigabo.

1971 2486 2032 2543 Id
2060 2496 2166 2552 cst,
2197 2503 2264 2544 ex
2287 2492 2718 2559 compunctione.
2751 2489 2806 2545 5.
2828 2489 3137 2544 Contineant
3156 2500 3275 2544 sunt
3299 2505 3414 2543 ossa
3441 2497 3573 2553 mea,

1969 2581 2026 2636 4.
2053 2589 2098 2636 et
2117 2582 2290 2636 anima
2313 2599 2428 2636 mea
2448 2581 2648 2637 turbata
2673 2592 2744 2638 est
2763 2583 2928 2638 valde.
2953 2582 3070 2638 Non
3092 2580 3195 2638 hoc
3218 2583 3400 2639 statim
3421 2583 3572 2646 dicit,

1970 2669 2064 2727 sed
2095 2671 2162 2725 ad
2194 2681 2398 2728 natura:
2419 2671 2786 2729 Infirmitatem
2812 2673 3073 2744 confugit,
3098 2675 3305 2729 dicens.
3333 2675 3386 2730 5.
3412 2673 3570 2729 Mise~

1966 2779 2078 2820 rere
2087 2766 2202 2831 mei,
2227 2764 2457 2831 Domine,
2475 2767 2715 2829 Quoniam
2725 2766 2961 2838 inﬁrmus
2974 2783 3108 2822 sum.
3130 2767 3202 2822 Ita
3223 2767 3371 2832 dicit,
3391 2776 3576 2822 osten-

1967 2855 2101 2910 dens
2119 2855 2221 2912 hoc
2239 2872 2346 2913 non
2361 2857 2533 2914 solum
2552 2857 2834 2914 sufficere:
2853 2859 2896 2914 si
2914 2860 3055 2914 enim
3074 2860 3363 2921 sufficeret,
3385 2866 3574 2913 omnes

1966 2962 2033 3002 ex
2077 2963 2144 3004 eo
2186 2950 2384 3004 servati
2428 2957 2643 3016 essent;
2691 2962 2880 3004 omnes
2916 2949 3060 3004 enim
3091 2958 3275 3004 sumus
3299 2949 3568 3004 homines.

2038 3042 2094 3096 3.
2135 3041 2262 3097 Mihi
2290 3050 2493 3108 autem,
2519 3039 2566 3096 si
2592 3041 2661 3096 de
2690 3057 2754 3096 eo
2780 3040 2978 3110 aliquid
3004 3041 3248 3095 exactius
3280 3040 3570 3096 dicendum

1967 3143 2069 3201 est,
2098 3133 2324 3189 fortasse
2356 3149 2423 3189 ne
2445 3133 2546 3189 hoc
2573 3131 2790 3204 quidem
2815 3132 3024 3187 videtur
3043 3131 3256 3187 dicere:
3281 3131 3376 3187 Sed
3403 3132 3571 3203 signi-

1968 3225 2093 3282 ﬁcat
2120 3226 2539 3282 imbecillitatem
2554 3241 2673 3296 qua:
2689 3225 3050 3297 proficiscitur
3074 3239 3138 3279 ex
3159 3225 3566 3289 tentationibus,

1966 3313 2032 3371 ad
2061 3315 2484 3372 misericordiam
2513 3325 2570 3371 et
2589 3316 2800 3370 veniam
2827 3314 3240 3385 asscquendam,
3272 3313 3412 3369 Itane
3436 3329 3570 3383 quo-

1965 3423 2071 3478 que
2095 3423 2200 3461 non
2235 3421 2454 3477 parvam
2480 3407 2741 3461 rationem
2765 3404 3016 3461 afferens.
3049 3404 3163 3459 Iloc
3187 3404 3350 3458 etiam
3370 3401 3423 3458 in
3444 3420 3568 3474 pro-

1963 3515 2152 3569 gressu
2179 3497 2519 3570 signiﬁcavit,
2551 3497 2734 3552 dicens
2767 3513 2782 3549 :
2812 3498 2865 3552 8.
2904 3494 3184 3550 Inoeteravi
3211 3495 3345 3549 inter
3393 3510 3567 3551 oinues

1962 3591 2194 3646 inimicos
2249 3605 2408 3645 meos.
2461 3587 2696 3644 Afﬁictio
2743 3589 2886 3643 enim
2939 3603 3061 3658 qua:
3108 3601 3231 3642 cum
3273 3587 3567 3658 gratiarum

1960 3681 2173 3739 actione
2191 3682 2466 3746 toleratur,
2486 3681 2623 3736 solet
2651 3693 2896 3751 magnam
2923 3680 3164 3750 pra-bere
3182 3694 3368 3734 ansam
3399 3679 3567 3736 mise-

1962 3774 2230 3842 ricordiae,
2260 3784 2315 3830 et
2342 3775 2509 3830 Deum
2534 3774 2760 3830 reddere
2778 3774 3088 3844 propitium.
3115 3773 3264 3830 Hanc
3286 3789 3417 3847 ergo
3433 3773 3566 3830 mihi

1961 3863 2050 3922 hic
2075 3866 2286 3921 videtur
2319 3866 2642 3937 significare,
2694 3864 2916 3921 dicens:
2943 3865 3089 3921 Sana
3135 3881 3250 3933 me,
3296 3861 3516 3922 Domine
3546 3908 3564 3934 ,

1961 3960 2199 4031 quoniam
2222 3961 2524 4014 conturbata
2548 3969 2803 4014 suulossa
2852 3975 2986 4026 mea,
3030 3959 3086 4016 4.
3129 3969 3180 4016 α
3223 3960 3404 4017 culina
3451 3979 3566 4018 mea

1963 4052 2165 4109 turbata
2189 4060 2262 4108 est
2309 4053 2475 4107 valde.
2508 4051 2622 4107 Non
2651 4051 2782 4107 dixit
2809 4070 2822 4106 :
2851 4051 3087 4109 Remitte
3139 4051 3270 4108 mihi
3293 4095 3308 4118 ,
3350 4064 3564 4125 neque,

1960 4144 2219 4200 Condona
2249 4144 2398 4210 mihi,
2421 4143 2537 4210 sed,
2569 4144 2734 4199 Sana.
2767 4143 2941 4218 Rogat
2962 4143 3107 4202 enim
3129 4155 3187 4199 ut
3213 4146 3390 4216 priora
3414 4144 3567 4203 dele-

1959 4245 2120 4292 antur
2162 4238 2402 4291 vulnera.
2443 4235 2575 4291 Ossa
2619 4235 2705 4291 hic
2743 4235 3222 4292 dicit'universam
3262 4239 3564 4296 virtutem:

1962 4331 2320 4386 turbationem
2372 4339 2576 4394 autem,
2633 4325 2868 4399 poenam,
2911 4327 3252 4398 supplicium.
3285 4329 3432 4386 Sana
3459 4347 3567 4400 me,

1959 4417 2200 4482 Domine,
2213 4420 2451 4489 quoniam
2465 4420 2762 4474 conturbata
2783 4428 2901 4474 sunt
2915 4435 3032 4474 ossa
3055 4436 3194 4488 mea,
3205 4429 3252 4476 et
3263 4426 3436 4476 anima
3451 4439 3567 4480 mea

1960 4511 2164 4566 turbata
2190 4512 2442 4566 eslvalde.
2476 4509 2939 4578 Quemadmodum
2970 4522 3099 4586 ergo
3117 4508 3179 4566 in
3200 4510 3427 4568 medicis
3456 4512 3562 4572 tria

1959 4612 2107 4670 sunt,
2131 4601 2216 4658 vel
2233 4602 2411 4674 potius
2430 4611 2680 4674 quatuor,
2705 4602 2790 4656 vel
2807 4601 2970 4656 etiam
2985 4601 3258 4674 quinque:
3292 4604 3559 4672 medicus,

1959 4709 2070 4763 ars,
2090 4701 2346 4765 aegrotus,
2377 4691 2615 4757 morbus,
2648 4693 2737 4747 vis
2760 4691 3298 4758 medicamemm-um,
3325 4702 3384 4749 et
3404 4693 3561 4751 adest

1957 4785 2204 4856 quaedam
2225 4799 2397 4855 pugna
2424 4797 2490 4838 ac
2517 4783 2802 4838 conflictus
2829 4799 2843 4838 :
2875 4783 2921 4837 si
2969 4783 3112 4838 enim
3159 4798 3284 4839 cum
3313 4784 3525 4842 medico
3544 4827 3562 4855 ,

1958 4887 2097 4943 arte,
2123 4885 2180 4934 et
2204 4875 2635 4940 medicamentis,
2657 4874 3042 4932 aeceditetiam
3066 4876 3317 4932 voluntas
3344 4880 3557 4949 :cgroti,

1961 4969 2207 5024 morbum
2234 4967 2491 5032 vincunt;
2522 4966 2568 5022 si
2598 4975 2779 5021 autem
2808 4977 2930 5022 cum
2983 4967 3092 5021 illis
3143 4975 3287 5023 stare
3340 4968 3394 5022 in
3446 4969 3564 5025 acie

1959 5059 2181 5116 desierit
2200 5066 2460 5129 aegrotus,
2484 5057 2553 5113 ad
2601 5056 2971 5114 inﬁrmitatem
3011 5057 3248 5129 seipsum
3307 5059 3560 5117 reducit:

1959 5149 2041 5206 vel
2072 5150 2231 5204 etiam
2261 5147 2842 5218 seipsumlabefactat,
2893 5148 2938 5202 si
2995 5162 3118 5203 cum
3161 5148 3254 5204 illa
3302 5151 3564 5208 adversus

1960 5241 2252 5305 medicum,
2285 5238 2696 5305 medicamenta,
2725 5246 2784 5294 et
2803 5248 2974 5294 artem
3028 5239 3083 5295 in
3136 5242 3254 5296 acie
3307 5244 3560 5300 steterit:

1960 5333 2030 5387 ita
2057 5331 2219 5386 etiam
2251 5327 2302 5386 in
2333 5329 2490 5386 nobis
2515 5328 2728 5394 accidit,
2758 5329 2867 5384 imo
2920 5332 3095 5399 potius
3149 5347 3254 5388 non
3306 5333 3418 5400 sic,
3465 5335 3562 5391 sed

1959 5424 2127 5479 multo
2165 5421 2552 5478 admirabilius.
2609 5421 2723 5476 Sub
2767 5420 2993 5478 medicis
3042 5422 3186 5478 enim
3241 5439 3386 5497 saepe
3437 5440 3562 5485 cum

1956 5517 2169 5582 morbo,
2201 5524 2400 5570 etcum
2428 5523 2560 5579 arte,
2594 5522 2649 5568 et
2677 5528 2798 5568 cum
2822 5513 3228 5570 medicamentis
3254 5525 3362 5571 stat
3388 5533 3562 5589 :rgro-

1958 5619 2064 5673 tus,
2092 5616 2146 5662 et
2176 5616 2356 5661 tamen
2387 5603 2519 5659 nihil
2537 5603 2776 5675 prodest,
2803 5617 2925 5658 cum
2951 5615 3008 5661 et
3056 5617 3242 5661 natura
3291 5609 3559 5666 imbecilla

1954 5699 2042 5764 sit,
2068 5709 2123 5753 et
2148 5711 2237 5752 ars
2274 5712 2383 5751 non
2405 5696 2746 5760 successerit,
2778 5710 2876 5750 nec
2902 5696 3103 5751 exitum
3151 5698 3454 5768 invenerit,
3506 5711 3561 5758 ct

1959 5794 2035 5848 vis
2085 5789 2596 5846 medicamentorum
2644 5786 2824 5857 aliquo
2853 5801 2978 5842 casu
3010 5791 3327 5848 evanuerit:
3362 5792 3412 5846 in
3448 5793 3559 5850 Deo
