  <div class='ocr_page' id='page_1' title='image "/cluster/home/n/w/nwhite01/storage/ocr_20150623/55/ien.35556001660828/069.png"; bbox 0 0 4070 6472; ppageno 0'>
   <div class='ocr_carea' id='block_1_1' title="bbox 469 365 538 423">
    <p class='ocr_par' dir='ltr' id='par_1_1' title="bbox 469 365 538 423">
     <span class='ocr_line' id='line_1_1' title="bbox 469 365 538 423; baseline 0.014 -1"><span class='ocrx_word' id='word_1_1' title='bbox 469 365 538 423; x_wconf 80' lang='lat'><strong>73</strong></span> 
     </span>
    </p>
   </div>
   <div class='ocr_carea' id='block_1_2' title="bbox 464 464 2035 542">
    <p class='ocr_par' dir='ltr' id='par_1_2' title="bbox 464 464 2035 542">
     <span class='ocr_line' id='line_1_2' title="bbox 464 464 2035 542; baseline -0.013 -5"><span class='ocrx_word' id='word_1_2' title='bbox 464 489 637 537; x_wconf 84' lang='lat' dir='ltr'><strong>autem</strong></span> <span class='ocrx_word' id='word_1_3' title='bbox 662 475 765 534; x_wconf 88' lang='lat' dir='ltr'><strong>boc</strong></span> <span class='ocrx_word' id='word_1_4' title='bbox 791 491 894 532; x_wconf 89' lang='lat' dir='ltr'><strong>non</strong></span> <span class='ocrx_word' id='word_1_5' title='bbox 913 482 996 532; x_wconf 90' lang='lat' dir='ltr'><strong>est</strong></span> <span class='ocrx_word' id='word_1_6' title='bbox 1017 515 1033 542; x_wconf 91' lang='lat'><strong>,</strong></span> <span class='ocrx_word' id='word_1_7' title='bbox 1063 471 1157 529; x_wconf 82' lang='lat' dir='ltr'><strong>sed</strong></span> <span class='ocrx_word' id='word_1_8' title='bbox 1184 470 1228 526; x_wconf 88' lang='lat' dir='ltr'><strong>si</strong></span> <span class='ocrx_word' id='word_1_9' title='bbox 1252 484 1378 528; x_wconf 82' lang='lat' dir='ltr'><strong>cum</strong></span> <span class='ocrx_word' id='word_1_10' title='bbox 1409 467 1620 525; x_wconf 79' lang='lat' dir='ltr'><strong>medico</strong></span> <span class='ocrx_word' id='word_1_11' title='bbox 1638 464 1869 527; x_wconf 82' lang='lat' dir='ltr'><strong>steteris.</strong></span> <span class='ocrx_word' id='word_1_12' title='bbox 1914 477 2035 518; x_wconf 88' lang='lat' dir='ltr'><strong>om-</strong></span> 
     </span>
    </p>
   </div>
   <div class='ocr_carea' id='block_1_3' title="bbox 465 549 2032 640">
    <p class='ocr_par' dir='ltr' id='par_1_3' title="bbox 465 549 2032 640">
     <span class='ocr_line' id='line_1_3' title="bbox 465 549 2032 640; baseline -0.011 -15"><span class='ocrx_word' id='word_1_13' title='bbox 465 572 593 625; x_wconf 98' lang='lat' dir='ltr'><strong>nino</strong></span> <span class='ocrx_word' id='word_1_14' title='bbox 615 567 790 624; x_wconf 84' lang='lat' dir='ltr'><strong>sanari</strong></span> <span class='ocrx_word' id='word_1_15' title='bbox 814 565 963 621; x_wconf 88' lang='lat' dir='ltr'><strong>ulcus</strong></span> <span class='ocrx_word' id='word_1_16' title='bbox 977 569 1206 634; x_wconf 86' lang='lat' dir='ltr'><strong>oportet.</strong></span> <span class='ocrx_word' id='word_1_17' title='bbox 1238 558 1354 615; x_wconf 73' lang='lat' dir='ltr'><strong>Non</strong></span> <span class='ocrx_word' id='word_1_18' title='bbox 1380 549 1461 615; x_wconf 75' lang='lat' dir='ltr'><strong>est</strong></span> <span class='ocrx_word' id='word_1_19' title='bbox 1485 557 1628 640; x_wconf 68' lang='lat' dir='ltr'><strong>enim</strong></span> <span class='ocrx_word' id='word_1_20' title='bbox 1655 568 1746 612; x_wconf 80' lang='lat' dir='ltr'><strong>ars</strong></span> <span class='ocrx_word' id='word_1_21' title='bbox 1765 553 2032 626; x_wconf 81' lang='lat' dir='ltr'><strong>humana,</strong></span> 
     </span>
    </p>
   </div>
   <div class='ocr_carea' id='block_1_4' title="bbox 468 649 2036 719">
    <p class='ocr_par' dir='ltr' id='par_1_4' title="bbox 468 649 2036 719">
     <span class='ocr_line' id='line_1_4' title="bbox 468 649 2036 719; baseline -0.007 -9"><span class='ocrx_word' id='word_1_22' title='bbox 468 671 524 714; x_wconf 92' lang='lat' dir='ltr'><strong>nt</strong></span> <span class='ocrx_word' id='word_1_23' title='bbox 549 657 741 715; x_wconf 78' lang='lat' dir='ltr'><strong>etl‘cctu</strong></span> <span class='ocrx_word' id='word_1_24' title='bbox 765 664 976 712; x_wconf 85' lang='lat' dir='ltr'><strong>careat:</strong></span> <span class='ocrx_word' id='word_1_25' title='bbox 1002 652 1094 710; x_wconf 83' lang='lat' dir='ltr'><strong>sed</strong></span> <span class='ocrx_word' id='word_1_26' title='bbox 1114 652 1288 708; x_wconf 83' lang='lat' dir='ltr'><strong>divina</strong></span> <span class='ocrx_word' id='word_1_27' title='bbox 1310 649 1680 719; x_wconf 76' lang='lat' dir='ltr'><strong>iacultas,qu:e</strong></span> <span class='ocrx_word' id='word_1_28' title='bbox 1703 654 1758 704; x_wconf 88' lang='lat' dir='ltr'><strong>et</strong></span> <span class='ocrx_word' id='word_1_29' title='bbox 1772 652 2036 711; x_wconf 73' lang='lat' dir='ltr'><strong>mtuam,</strong></span> 
     </span>
    </p>
   </div>
   <div class='ocr_carea' id='block_1_5' title="bbox 467 734 2036 818">
    <p class='ocr_par' dir='ltr' id='par_1_5' title="bbox 467 734 2036 818">
     <span class='ocr_line' id='line_1_5' title="bbox 467 734 2036 818; baseline -0.011 -12"><span class='ocrx_word' id='word_1_30' title='bbox 467 762 522 806; x_wconf 85' lang='lat' dir='ltr'><strong>et</strong></span> <span class='ocrx_word' id='word_1_31' title='bbox 547 749 784 815; x_wconf 84' lang='lat' dir='ltr'><strong>morbos,</strong></span> <span class='ocrx_word' id='word_1_32' title='bbox 814 757 868 803; x_wconf 89' lang='lat' dir='ltr'><strong>et</strong></span> <span class='ocrx_word' id='word_1_33' title='bbox 892 745 1310 818; x_wconf 83' lang='lat' dir='ltr'><strong>improbitatem,</strong></span> <span class='ocrx_word' id='word_1_34' title='bbox 1332 745 1388 798; x_wconf 88' lang='lat' dir='ltr'><strong>ct</strong></span> <span class='ocrx_word' id='word_1_35' title='bbox 1414 738 1575 797; x_wconf 82' lang='lat' dir='ltr'><strong>omne</strong></span> <span class='ocrx_word' id='word_1_36' title='bbox 1595 738 1829 809; x_wconf 81' lang='lat' dir='ltr'><strong>denique</strong></span> <span class='ocrx_word' id='word_1_37' title='bbox 1850 734 2036 808; x_wconf 74' lang='lat' dir='ltr'><strong>vitium</strong></span> 
     </span>
    </p>
   </div>
   <div class='ocr_carea' id='block_1_6' title="bbox 466 830 2037 912">
    <p class='ocr_par' dir='ltr' id='par_1_6' title="bbox 466 830 2037 912">
     <span class='ocr_line' id='line_1_6' title="bbox 466 830 2037 912; baseline -0.008 -16"><span class='ocrx_word' id='word_1_38' title='bbox 466 849 700 912; x_wconf 82' lang='lat' dir='ltr'><strong>superat.</strong></span> <span class='ocrx_word' id='word_1_39' title='bbox 732 840 798 896; x_wconf 80' lang='lat' dir='ltr'><strong>Et</strong></span> <span class='ocrx_word' id='word_1_40' title='bbox 825 837 947 894; x_wconf 87' lang='lat' dir='ltr'><strong>ideo</strong></span> <span class='ocrx_word' id='word_1_41' title='bbox 969 836 1058 904; x_wconf 75' lang='lat' dir='ltr'><strong>hic</strong></span> <span class='ocrx_word' id='word_1_42' title='bbox 1079 851 1290 907; x_wconf 91' lang='lat' dir='ltr'><strong>quoque</strong></span> <span class='ocrx_word' id='word_1_43' title='bbox 1320 848 1442 890; x_wconf 90' lang='lat' dir='ltr'><strong>cum</strong></span> <span class='ocrx_word' id='word_1_44' title='bbox 1467 831 1533 887; x_wconf 91' lang='lat' dir='ltr'><strong>ad</strong></span> <span class='ocrx_word' id='word_1_45' title='bbox 1561 830 1733 888; x_wconf 82' lang='lat' dir='ltr'><strong>Deum</strong></span> <span class='ocrx_word' id='word_1_46' title='bbox 1773 839 2037 898; x_wconf 73' lang='lat' dir='ltr'><strong>tamquam</strong></span> 
     </span>
    </p>
   </div>
   <div class='ocr_carea' id='block_1_7' title="bbox 466 919 2037 994">
    <p class='ocr_par' dir='ltr' id='par_1_7' title="bbox 466 919 2037 994">
     <span class='ocr_line' id='line_1_7' title="bbox 466 919 2037 994; baseline -0.009 -5"><span class='ocrx_word' id='word_1_47' title='bbox 466 933 529 989; x_wconf 83' lang='lat' dir='ltr'><strong>ad</strong></span> <span class='ocrx_word' id='word_1_48' title='bbox 546 930 810 988; x_wconf 88' lang='lat' dir='ltr'><strong>medicum</strong></span> <span class='ocrx_word' id='word_1_49' title='bbox 837 930 1171 994; x_wconf 75' lang='lat' dir='ltr'><strong>accessisset,</strong></span> <span class='ocrx_word' id='word_1_50' title='bbox 1197 925 1407 982; x_wconf 89' lang='lat' dir='ltr'><strong>dicebat</strong></span> <span class='ocrx_word' id='word_1_51' title='bbox 1435 943 1448 978; x_wconf 94' lang='lat'>:</span> <span class='ocrx_word' id='word_1_52' title='bbox 1481 923 1628 980; x_wconf 78' lang='lat' dir='ltr'><strong>Sana</strong></span> <span class='ocrx_word' id='word_1_53' title='bbox 1655 919 1760 991; x_wconf 71' lang='lat' dir='ltr'><strong>sic,</strong></span> <span class='ocrx_word' id='word_1_54' title='bbox 1789 920 2001 977; x_wconf 65' lang='lat' dir='ltr'><strong>Domitio</strong></span> <span class='ocrx_word' id='word_1_55' title='bbox 2018 955 2037 988; x_wconf 81' lang='lat'><strong>,</strong></span> 
     </span>
    </p>
   </div>
   <div class='ocr_carea' id='block_1_8' title="bbox 462 1009 2038 1094">
    <p class='ocr_par' dir='ltr' id='par_1_8' title="bbox 462 1009 2038 1094">
     <span class='ocr_line' id='line_1_8' title="bbox 462 1009 2038 1094; baseline -0.008 -16"><span class='ocrx_word' id='word_1_56' title='bbox 462 1023 704 1094; x_wconf 68' lang='lat' dir='ltr'><strong>quoniam</strong></span> <span class='ocrx_word' id='word_1_57' title='bbox 737 1013 1034 1082; x_wconf 67' lang='lat' dir='ltr'><strong>conturbata</strong></span> <span class='ocrx_word' id='word_1_58' title='bbox 1050 1028 1167 1075; x_wconf 73' lang='lat' dir='ltr'><strong>sunt</strong></span> <span class='ocrx_word' id='word_1_59' title='bbox 1188 1033 1302 1073; x_wconf 78' lang='lat' dir='ltr'><strong>ossa</strong></span> <span class='ocrx_word' id='word_1_60' title='bbox 1322 1032 1452 1071; x_wconf 78' lang='lat' dir='ltr'><strong>mea.</strong></span> <span class='ocrx_word' id='word_1_61' title='bbox 1478 1012 1726 1070; x_wconf 76' lang='lat' dir='ltr'><strong>Nonnulli</strong></span> <span class='ocrx_word' id='word_1_62' title='bbox 1751 1009 1928 1068; x_wconf 79' lang='lat' dir='ltr'><strong>autem</strong></span> <span class='ocrx_word' id='word_1_63' title='bbox 1951 1009 2038 1066; x_wconf 87' lang='lat' dir='ltr'><strong>di-</strong></span> 
     </span>
    </p>
   </div>
   <div class='ocr_carea' id='block_1_9' title="bbox 462 1103 2041 1175">
    <p class='ocr_par' dir='ltr' id='par_1_9' title="bbox 462 1103 2041 1175">
     <span class='ocr_line' id='line_1_9' title="bbox 462 1103 2041 1175; baseline -0.009 -4"><span class='ocrx_word' id='word_1_64' title='bbox 462 1124 593 1171; x_wconf 83' lang='lat' dir='ltr'><strong>cunt</strong></span> <span class='ocrx_word' id='word_1_65' title='bbox 614 1129 737 1170; x_wconf 86' lang='lat' dir='ltr'><strong>eum</strong></span> <span class='ocrx_word' id='word_1_66' title='bbox 760 1111 846 1168; x_wconf 83' lang='lat' dir='ltr'><strong>ln&#39;c</strong></span> <span class='ocrx_word' id='word_1_67' title='bbox 871 1109 1050 1167; x_wconf 83' lang='lat' dir='ltr'><strong>dicere</strong></span> <span class='ocrx_word' id='word_1_68' title='bbox 1077 1107 1536 1165; x_wconf 75' lang='lat' dir='ltr'><strong>conturbationem</strong></span> <span class='ocrx_word' id='word_1_69' title='bbox 1565 1106 1730 1171; x_wconf 87' lang='lat' dir='ltr'><strong>illam,</strong></span> <span class='ocrx_word' id='word_1_70' title='bbox 1747 1120 1867 1175; x_wconf 86' lang='lat' dir='ltr'><strong>qu:e</strong></span> <span class='ocrx_word' id='word_1_71' title='bbox 1898 1103 1954 1158; x_wconf 82' lang='lat' dir='ltr'><strong>tit</strong></span> <span class='ocrx_word' id='word_1_72' title='bbox 1973 1117 2041 1170; x_wconf 81' lang='lat' dir='ltr'><strong>ex</strong></span> 
     </span>
    </p>
   </div>
   <div class='ocr_carea' id='block_1_10' title="bbox 464 1193 2049 1279">
    <p class='ocr_par' dir='ltr' id='par_1_10' title="bbox 464 1193 2049 1279">
     <span class='ocr_line' id='line_1_10' title="bbox 464 1193 2049 1279; baseline -0.007 -18"><span class='ocrx_word' id='word_1_73' title='bbox 464 1214 706 1279; x_wconf 80' lang='lat' dir='ltr'><strong>peccato.</strong></span> <span class='ocrx_word' id='word_1_74' title='bbox 733 1200 1190 1273; x_wconf 77' lang='lat' dir='ltr'><strong>Quemadmodum</strong></span> <span class='ocrx_word' id='word_1_75' title='bbox 1219 1200 1360 1254; x_wconf 85' lang='lat' dir='ltr'><strong>enim</strong></span> <span class='ocrx_word' id='word_1_76' title='bbox 1415 1197 1630 1270; x_wconf 83' lang='lat' dir='ltr'><strong>quando</strong></span> <span class='ocrx_word' id='word_1_77' title='bbox 1677 1195 1820 1258; x_wconf 82' lang='lat' dir='ltr'><strong>venti</strong></span> <span class='ocrx_word' id='word_1_78' title='bbox 1872 1193 2049 1250; x_wconf 72' lang='lat' dir='ltr'><strong>velte--</strong></span> 
     </span>
    </p>
   </div>
   <div class='ocr_carea' id='block_1_11' title="bbox 465 1287 2043 1354">
    <p class='ocr_par' dir='ltr' id='par_1_11' title="bbox 465 1287 2043 1354">
     <span class='ocr_line' id='line_1_11' title="bbox 465 1287 2043 1354; baseline -0.008 -4"><span class='ocrx_word' id='word_1_79' title='bbox 465 1301 674 1352; x_wconf 79' lang='lat' dir='ltr'><strong>tuentes</strong></span> <span class='ocrx_word' id='word_1_80' title='bbox 699 1289 836 1350; x_wconf 83' lang='lat' dir='ltr'><strong>mari</strong></span> <span class='ocrx_word' id='word_1_81' title='bbox 860 1291 1213 1354; x_wconf 87' lang='lat' dir='ltr'><strong>incubuerint,</strong></span> <span class='ocrx_word' id='word_1_82' title='bbox 1241 1289 1419 1345; x_wconf 87' lang='lat' dir='ltr'><strong>omnia</strong></span> <span class='ocrx_word' id='word_1_83' title='bbox 1457 1287 1693 1352; x_wconf 84' lang='lat' dir='ltr'><strong>turbant,</strong></span> <span class='ocrx_word' id='word_1_84' title='bbox 1721 1295 1778 1342; x_wconf 87' lang='lat' dir='ltr'><strong>et</strong></span> <span class='ocrx_word' id='word_1_85' title='bbox 1817 1299 1935 1354; x_wconf 70' lang='lat' dir='ltr'><strong>qua:</strong></span> <span class='ocrx_word' id='word_1_86' title='bbox 1962 1293 2043 1338; x_wconf 83' lang='lat' dir='ltr'><strong>est</strong></span> 
     </span>
    </p>
   </div>
   <div class='ocr_carea' id='block_1_12' title="bbox 465 1376 2042 1457">
    <p class='ocr_par' dir='ltr' id='par_1_12' title="bbox 465 1376 2042 1457">
     <span class='ocr_line' id='line_1_12' title="bbox 465 1376 2042 1457; baseline -0.007 -16"><span class='ocrx_word' id='word_1_87' title='bbox 465 1384 522 1441; x_wconf 83' lang='lat' dir='ltr'><strong>in</strong></span> <span class='ocrx_word' id='word_1_88' title='bbox 549 1383 810 1457; x_wconf 75' lang='lat' dir='ltr'><strong>profundo</strong></span> <span class='ocrx_word' id='word_1_89' title='bbox 835 1397 996 1438; x_wconf 87' lang='lat' dir='ltr'><strong>arena</strong></span> <span class='ocrx_word' id='word_1_90' title='bbox 1019 1397 1228 1438; x_wconf 80' lang='lat' dir='ltr'><strong>sursum</strong></span> <span class='ocrx_word' id='word_1_91' title='bbox 1254 1381 1444 1450; x_wconf 79' lang='lat' dir='ltr'><strong>iertur,</strong></span> <span class='ocrx_word' id='word_1_92' title='bbox 1488 1387 1542 1435; x_wconf 89' lang='lat' dir='ltr'><strong>et</strong></span> <span class='ocrx_word' id='word_1_93' title='bbox 1565 1378 1655 1449; x_wconf 85' lang='lat' dir='ltr'><strong>qui</strong></span> <span class='ocrx_word' id='word_1_94' title='bbox 1685 1384 1953 1447; x_wconf 70' lang='lat' dir='ltr'><strong>navagant,</strong></span> <span class='ocrx_word' id='word_1_95' title='bbox 1986 1376 2042 1430; x_wconf 89' lang='lat' dir='ltr'><strong>in</strong></span> 
     </span>
    </p>
   </div>
   <div class='ocr_carea' id='block_1_13' title="bbox 465 1467 2043 1548">
    <p class='ocr_par' dir='ltr' id='par_1_13' title="bbox 465 1467 2043 1548">
     <span class='ocr_line' id='line_1_13' title="bbox 465 1467 2043 1548; baseline -0.006 -16"><span class='ocrx_word' id='word_1_96' title='bbox 465 1491 664 1548; x_wconf 79' lang='lat' dir='ltr'><strong>magno</strong></span> <span class='ocrx_word' id='word_1_97' title='bbox 687 1485 967 1532; x_wconf 71' lang='lat' dir='ltr'><strong>versantur</strong></span> <span class='ocrx_word' id='word_1_98' title='bbox 993 1473 1270 1544; x_wconf 86' lang='lat' dir='ltr'><strong>periculo:</strong></span> <span class='ocrx_word' id='word_1_99' title='bbox 1299 1473 1370 1527; x_wconf 90' lang='lat' dir='ltr'><strong>ita</strong></span> <span class='ocrx_word' id='word_1_100' title='bbox 1397 1471 1558 1528; x_wconf 88' lang='lat' dir='ltr'><strong>etiam</strong></span> <span class='ocrx_word' id='word_1_101' title='bbox 1586 1472 1638 1526; x_wconf 92' lang='lat' dir='ltr'><strong>in</strong></span> <span class='ocrx_word' id='word_1_102' title='bbox 1677 1468 1841 1526; x_wconf 79' lang='lat' dir='ltr'><strong>nobis</strong></span> <span class='ocrx_word' id='word_1_103' title='bbox 1860 1467 2043 1525; x_wconf 77' lang='lat' dir='ltr'><strong>turba-</strong></span> 
     </span>
    </p>
   </div>
   <div class='ocr_carea' id='block_1_14' title="bbox 469 1551 2043 1633">
    <p class='ocr_par' dir='ltr' id='par_1_14' title="bbox 469 1551 2043 1633">
     <span class='ocr_line' id='line_1_14' title="bbox 469 1551 2043 1633; baseline -0.004 -11"><span class='ocrx_word' id='word_1_104' title='bbox 469 1577 556 1622; x_wconf 97' lang='lat' dir='ltr'><strong>tur</strong></span> <span class='ocrx_word' id='word_1_105' title='bbox 583 1551 783 1633; x_wconf 74' lang='lat' dir='ltr'><strong>anima,</strong></span> <span class='ocrx_word' id='word_1_106' title='bbox 805 1563 1053 1621; x_wconf 85' lang='lat' dir='ltr'><strong>movetur</strong></span> <span class='ocrx_word' id='word_1_107' title='bbox 1078 1577 1308 1633; x_wconf 87' lang='lat' dir='ltr'><strong>corpus:</strong></span> <span class='ocrx_word' id='word_1_108' title='bbox 1337 1562 1512 1617; x_wconf 84' lang='lat' dir='ltr'><strong>omnia</strong></span> <span class='ocrx_word' id='word_1_109' title='bbox 1541 1560 1878 1631; x_wconf 84' lang='lat' dir='ltr'><strong>complentur</strong></span> <span class='ocrx_word' id='word_1_110' title='bbox 1905 1569 2043 1616; x_wconf 81' lang='lat' dir='ltr'><strong>tem-</strong></span> 
     </span>
    </p>
   </div>
   <div class='ocr_carea' id='block_1_15' title="bbox 471 1651 2042 1730">
    <p class='ocr_par' dir='ltr' id='par_1_15' title="bbox 471 1651 2042 1730">
     <span class='ocr_line' id='line_1_15' title="bbox 471 1651 2042 1730; baseline -0.006 -16"><span class='ocrx_word' id='word_1_111' title='bbox 471 1667 716 1728; x_wconf 48' lang='lat' dir='ltr'><strong>pes-tate:</strong></span> <span class='ocrx_word' id='word_1_112' title='bbox 742 1665 800 1713; x_wconf 90' lang='lat' dir='ltr'><strong>et</strong></span> <span class='ocrx_word' id='word_1_113' title='bbox 824 1656 982 1730; x_wconf 86' lang='lat' dir='ltr'><strong>plena</strong></span> <span class='ocrx_word' id='word_1_114' title='bbox 1011 1664 1094 1712; x_wconf 87' lang='lat' dir='ltr'><strong>est</strong></span> <span class='ocrx_word' id='word_1_115' title='bbox 1121 1655 1275 1712; x_wconf 86' lang='lat' dir='ltr'><strong>nobis</strong></span> <span class='ocrx_word' id='word_1_116' title='bbox 1302 1654 1553 1728; x_wconf 77' lang='lat' dir='ltr'><strong>deinceps</strong></span> <span class='ocrx_word' id='word_1_117' title='bbox 1575 1651 1772 1724; x_wconf 81' lang='lat' dir='ltr'><strong>cymba.</strong></span> <span class='ocrx_word' id='word_1_118' title='bbox 1791 1651 2042 1714; x_wconf 74' lang='lat' dir='ltr'><strong>tumultus</strong></span> 
     </span>
    </p>
   </div>
   <div class='ocr_carea' id='block_1_16' title="bbox 466 1744 2044 1819">
    <p class='ocr_par' dir='ltr' id='par_1_16' title="bbox 466 1744 2044 1819">
     <span class='ocr_line' id='line_1_16' title="bbox 466 1744 2044 1819; baseline -0.006 -14"><span class='ocrx_word' id='word_1_119' title='bbox 466 1762 532 1805; x_wconf 90' lang='lat' dir='ltr'><strong>ac</strong></span> <span class='ocrx_word' id='word_1_120' title='bbox 561 1746 990 1819; x_wconf 71' lang='lat' dir='ltr'><strong>perturbationis,</strong></span> <span class='ocrx_word' id='word_1_121' title='bbox 1015 1744 1196 1802; x_wconf 69' lang='lat' dir='ltr'><strong>densis</strong></span> <span class='ocrx_word' id='word_1_122' title='bbox 1223 1753 1350 1800; x_wconf 88' lang='lat' dir='ltr'><strong>sunt</strong></span> <span class='ocrx_word' id='word_1_123' title='bbox 1391 1744 1623 1800; x_wconf 70' lang='lat' dir='ltr'><strong>tenebras</strong></span> <span class='ocrx_word' id='word_1_124' title='bbox 1651 1781 1668 1809; x_wconf 93' lang='lat'><strong>,</strong></span> <span class='ocrx_word' id='word_1_125' title='bbox 1718 1751 1775 1797; x_wconf 91' lang='lat' dir='ltr'><strong>et</strong></span> <span class='ocrx_word' id='word_1_126' title='bbox 1824 1750 2044 1812; x_wconf 83' lang='lat' dir='ltr'><strong>pereunt</strong></span> 
     </span>
    </p>
   </div>
   <div class='ocr_carea' id='block_1_17' title="bbox 471 1827 2041 1911">
    <p class='ocr_par' dir='ltr' id='par_1_17' title="bbox 471 1827 2041 1911">
     <span class='ocr_line' id='line_1_17' title="bbox 471 1827 2041 1911; baseline -0.003 -18"><span class='ocrx_word' id='word_1_127' title='bbox 471 1839 650 1896; x_wconf 79' lang='lat' dir='ltr'><strong>nantia</strong></span> <span class='ocrx_word' id='word_1_128' title='bbox 655 1838 894 1911; x_wconf 75' lang='lat' dir='ltr'><strong>propriis</strong></span> <span class='ocrx_word' id='word_1_129' title='bbox 920 1827 1297 1905; x_wconf 85' lang='lat' dir='ltr'><strong>locisrelictis,</strong></span> <span class='ocrx_word' id='word_1_130' title='bbox 1318 1845 1504 1906; x_wconf 88' lang='lat' dir='ltr'><strong>estque</strong></span> <span class='ocrx_word' id='word_1_131' title='bbox 1528 1835 1756 1890; x_wconf 84' lang='lat' dir='ltr'><strong>maxima</strong></span> <span class='ocrx_word' id='word_1_132' title='bbox 1778 1831 2041 1889; x_wconf 80' lang='lat' dir='ltr'><strong>confusio.</strong></span> 
     </span>
    </p>
   </div>
   <div class='ocr_carea' id='block_1_18' title="bbox 470 1917 2047 1997">
    <p class='ocr_par' dir='ltr' id='par_1_18' title="bbox 470 1917 2047 1997">
     <span class='ocr_line' id='line_1_18' title="bbox 470 1917 2047 1997; baseline -0.005 -10"><span class='ocrx_word' id='word_1_133' title='bbox 470 1929 583 1987; x_wconf 87' lang='lat' dir='ltr'><strong>ttoc</strong></span> <span class='ocrx_word' id='word_1_134' title='bbox 602 1917 833 1986; x_wconf 85' lang='lat' dir='ltr'><strong>maxime</strong></span> <span class='ocrx_word' id='word_1_135' title='bbox 852 1937 907 1984; x_wconf 89' lang='lat' dir='ltr'><strong>et.</strong></span> <span class='ocrx_word' id='word_1_136' title='bbox 946 1930 1000 1984; x_wconf 93' lang='lat' dir='ltr'><strong>in</strong></span> <span class='ocrx_word' id='word_1_137' title='bbox 1037 1928 1335 1985; x_wconf 86' lang='lat' dir='ltr'><strong>libidinosis</strong></span> <span class='ocrx_word' id='word_1_138' title='bbox 1361 1927 1502 1984; x_wconf 85' lang='lat' dir='ltr'><strong>solet</strong></span> <span class='ocrx_word' id='word_1_139' title='bbox 1522 1925 1896 1997; x_wconf 80' lang='lat' dir='ltr'><strong>cupiditatibus</strong></span> <span class='ocrx_word' id='word_1_140' title='bbox 1920 1938 2047 1980; x_wconf 88' lang='lat' dir='ltr'><strong>eve-</strong></span> 
     </span>
    </p>
   </div>
   <div class='ocr_carea' id='block_1_19' title="bbox 469 2017 2047 2091">
    <p class='ocr_par' dir='ltr' id='par_1_19' title="bbox 469 2017 2047 2091">
     <span class='ocr_line' id='line_1_19' title="bbox 469 2017 2047 2091; baseline -0.003 -13"><span class='ocrx_word' id='word_1_141' title='bbox 469 2023 605 2087; x_wconf 86' lang='lat' dir='ltr'><strong>nire,</strong></span> <span class='ocrx_word' id='word_1_142' title='bbox 633 2021 735 2078; x_wconf 85' lang='lat' dir='ltr'><strong>hoc</strong></span> <span class='ocrx_word' id='word_1_143' title='bbox 751 2021 915 2080; x_wconf 90' lang='lat' dir='ltr'><strong>etiam</strong></span> <span class='ocrx_word' id='word_1_144' title='bbox 947 2022 1123 2091; x_wconf 86' lang='lat' dir='ltr'><strong>inira,</strong></span> <span class='ocrx_word' id='word_1_145' title='bbox 1149 2021 1272 2077; x_wconf 86' lang='lat' dir='ltr'><strong>etin</strong></span> <span class='ocrx_word' id='word_1_146' title='bbox 1288 2019 1698 2076; x_wconf 73' lang='lat' dir='ltr'><strong>calamitatibus.</strong></span> <span class='ocrx_word' id='word_1_147' title='bbox 1749 2017 1874 2074; x_wconf 75' lang='lat' dir='ltr'><strong>Hinc</strong></span> <span class='ocrx_word' id='word_1_148' title='bbox 1904 2017 2047 2073; x_wconf 86' lang='lat' dir='ltr'><strong>enim</strong></span> 
     </span>
    </p>
   </div>
   <div class='ocr_carea' id='block_1_20' title="bbox 475 2109 2046 2180">
    <p class='ocr_par' dir='ltr' id='par_1_20' title="bbox 475 2109 2046 2180">
     <span class='ocr_line' id='line_1_20' title="bbox 475 2109 2046 2180; baseline -0.003 -12"><span class='ocrx_word' id='word_1_149' title='bbox 475 2113 652 2168; x_wconf 87' lang='lat' dir='ltr'><strong>omnia</strong></span> <span class='ocrx_word' id='word_1_150' title='bbox 680 2111 1004 2168; x_wconf 86' lang='lat' dir='ltr'><strong>conturbant</strong></span> <span class='ocrx_word' id='word_1_151' title='bbox 1025 2120 1083 2169; x_wconf 89' lang='lat' dir='ltr'><strong>et</strong></span> <span class='ocrx_word' id='word_1_152' title='bbox 1105 2126 1225 2168; x_wconf 84' lang='lat' dir='ltr'><strong>ossa</strong></span> <span class='ocrx_word' id='word_1_153' title='bbox 1250 2112 1574 2174; x_wconf 88' lang='lat' dir='ltr'><strong>etanimam,</strong></span> <span class='ocrx_word' id='word_1_154' title='bbox 1605 2119 1663 2166; x_wconf 80' lang='lat' dir='ltr'><strong>et.</strong></span> <span class='ocrx_word' id='word_1_155' title='bbox 1703 2109 1914 2180; x_wconf 76' lang='lat' dir='ltr'><strong>pupilla:</strong></span> <span class='ocrx_word' id='word_1_156' title='bbox 1961 2110 2046 2164; x_wconf 82' lang='lat' dir='ltr'><strong>in-</strong></span> 
     </span>
    </p>
   </div>
   <div class='ocr_carea' id='block_1_21' title="bbox 473 2197 2048 2272">
    <p class='ocr_par' dir='ltr' id='par_1_21' title="bbox 473 2197 2048 2272">
     <span class='ocr_line' id='line_1_21' title="bbox 473 2197 2048 2272; baseline -0.003 -14"><span class='ocrx_word' id='word_1_157' title='bbox 473 2212 772 2269; x_wconf 78' lang='lat' dir='ltr'><strong>vertuntur,</strong></span> <span class='ocrx_word' id='word_1_158' title='bbox 798 2213 853 2258; x_wconf 86' lang='lat' dir='ltr'><strong>et</strong></span> <span class='ocrx_word' id='word_1_159' title='bbox 881 2217 979 2259; x_wconf 88' lang='lat' dir='ltr'><strong>nec</strong></span> <span class='ocrx_word' id='word_1_160' title='bbox 1003 2202 1150 2259; x_wconf 89' lang='lat' dir='ltr'><strong>oculi</strong></span> <span class='ocrx_word' id='word_1_161' title='bbox 1169 2203 1383 2272; x_wconf 82' lang='lat' dir='ltr'><strong>quidem</strong></span> <span class='ocrx_word' id='word_1_162' title='bbox 1423 2201 1524 2256; x_wconf 91' lang='lat' dir='ltr'><strong>rite</strong></span> <span class='ocrx_word' id='word_1_163' title='bbox 1573 2200 1845 2255; x_wconf 87' lang='lat' dir='ltr'><strong>intuentur</strong></span> <span class='ocrx_word' id='word_1_164' title='bbox 1889 2213 1904 2250; x_wconf 86' lang='lat'><strong>:</strong></span> <span class='ocrx_word' id='word_1_165' title='bbox 1952 2197 2048 2253; x_wconf 86' lang='lat' dir='ltr'><strong>sed</strong></span> 
     </span>
    </p>
   </div>
   <div class='ocr_carea' id='block_1_22' title="bbox 469 2289 2052 2367">
    <p class='ocr_par' dir='ltr' id='par_1_22' title="bbox 469 2289 2052 2367">
     <span class='ocr_line' id='line_1_22' title="bbox 469 2289 2052 2367; baseline -0.004 -17"><span class='ocrx_word' id='word_1_166' title='bbox 469 2293 920 2367; x_wconf 73' lang='lat' dir='ltr'><strong>quemadmodum</strong></span> <span class='ocrx_word' id='word_1_167' title='bbox 975 2294 1279 2365; x_wconf 86' lang='lat' dir='ltr'><strong>perturbato</strong></span> <span class='ocrx_word' id='word_1_168' title='bbox 1325 2293 1503 2363; x_wconf 80' lang='lat' dir='ltr'><strong>auriga</strong></span> <span class='ocrx_word' id='word_1_169' title='bbox 1524 2333 1540 2358; x_wconf 92' lang='lat'><strong>,</strong></span> <span class='ocrx_word' id='word_1_170' title='bbox 1597 2290 1717 2363; x_wconf 79' lang='lat' dir='ltr'><strong>equi</strong></span> <span class='ocrx_word' id='word_1_171' title='bbox 1763 2289 2052 2346; x_wconf 74' lang='lat' dir='ltr'><strong>insolenter</strong></span> 
     </span>
    </p>
   </div>
   <div class='ocr_carea' id='block_1_23' title="bbox 472 2381 2054 2452">
    <p class='ocr_par' dir='ltr' id='par_1_23' title="bbox 472 2381 2054 2452">
     <span class='ocr_line' id='line_1_23' title="bbox 472 2381 2054 2452; baseline -0.004 -10"><span class='ocrx_word' id='word_1_172' title='bbox 472 2387 750 2443; x_wconf 76' lang='lat' dir='ltr'><strong>teruntur:</strong></span> <span class='ocrx_word' id='word_1_173' title='bbox 779 2387 852 2442; x_wconf 83' lang='lat' dir='ltr'><strong>ita</strong></span> <span class='ocrx_word' id='word_1_174' title='bbox 879 2385 1040 2442; x_wconf 87' lang='lat' dir='ltr'><strong>etiam</strong></span> <span class='ocrx_word' id='word_1_175' title='bbox 1083 2383 1391 2441; x_wconf 84' lang='lat' dir='ltr'><strong>conturbata</strong></span> <span class='ocrx_word' id='word_1_176' title='bbox 1441 2384 1650 2440; x_wconf 79' lang='lat' dir='ltr'><strong>ratione</strong></span> <span class='ocrx_word' id='word_1_177' title='bbox 1690 2381 1869 2438; x_wconf 86' lang='lat' dir='ltr'><strong>omnia</strong></span> <span class='ocrx_word' id='word_1_178' title='bbox 1918 2394 2054 2452; x_wconf 82' lang='lat' dir='ltr'><strong>con-</strong></span> 
     </span>
    </p>
   </div>
   <div class='ocr_carea' id='block_1_24' title="bbox 472 2473 2055 2545">
    <p class='ocr_par' dir='ltr' id='par_1_24' title="bbox 472 2473 2055 2545">
     <span class='ocr_line' id='line_1_24' title="bbox 472 2473 2055 2545; baseline -0.004 -11"><span class='ocrx_word' id='word_1_179' title='bbox 472 2477 798 2545; x_wconf 78' lang='lat' dir='ltr'><strong>funduntur,</strong></span> <span class='ocrx_word' id='word_1_180' title='bbox 843 2476 1026 2533; x_wconf 85' lang='lat' dir='ltr'><strong>omnia</strong></span> <span class='ocrx_word' id='word_1_181' title='bbox 1068 2476 1440 2542; x_wconf 88' lang='lat' dir='ltr'><strong>invertuntur,</strong></span> <span class='ocrx_word' id='word_1_182' title='bbox 1495 2484 1552 2530; x_wconf 91' lang='lat' dir='ltr'><strong>et</strong></span> <span class='ocrx_word' id='word_1_183' title='bbox 1595 2474 1861 2544; x_wconf 85' lang='lat' dir='ltr'><strong>propriam</strong></span> <span class='ocrx_word' id='word_1_184' title='bbox 1910 2473 2055 2528; x_wconf 81' lang='lat' dir='ltr'><strong>viain</strong></span> 
     </span>
    </p>
   </div>
   <div class='ocr_carea' id='block_1_25' title="bbox 473 2561 2058 2638">
    <p class='ocr_par' dir='ltr' id='par_1_25' title="bbox 473 2561 2058 2638">
     <span class='ocr_line' id='line_1_25' title="bbox 473 2561 2058 2638; baseline -0.003 -16"><span class='ocrx_word' id='word_1_185' title='bbox 473 2567 743 2624; x_wconf 88' lang='lat' dir='ltr'><strong>amittunt.</strong></span> <span class='ocrx_word' id='word_1_186' title='bbox 778 2565 1059 2638; x_wconf 83' lang='lat' dir='ltr'><strong>Quomodo</strong></span> <span class='ocrx_word' id='word_1_187' title='bbox 1095 2575 1272 2623; x_wconf 85' lang='lat' dir='ltr'><strong>autem</strong></span> <span class='ocrx_word' id='word_1_188' title='bbox 1306 2565 1422 2620; x_wconf 71' lang='lat' dir='ltr'><strong>hinc</strong></span> <span class='ocrx_word' id='word_1_189' title='bbox 1472 2564 1564 2620; x_wconf 78' lang='lat' dir='ltr'><strong>iiut</strong></span> <span class='ocrx_word' id='word_1_190' title='bbox 1600 2563 1947 2634; x_wconf 82' lang='lat' dir='ltr'><strong>perturbatio,</strong></span> <span class='ocrx_word' id='word_1_191' title='bbox 1975 2561 2058 2618; x_wconf 81' lang='lat' dir='ltr'><strong>di-</strong></span> 
     </span>
    </p>
   </div>
   <div class='ocr_carea' id='block_1_26' title="bbox 476 2656 2058 2717">
    <p class='ocr_par' dir='ltr' id='par_1_26' title="bbox 476 2656 2058 2717">
     <span class='ocr_line' id='line_1_26' title="bbox 476 2656 2058 2717; baseline -0.003 -1"><span class='ocrx_word' id='word_1_192' title='bbox 476 2675 600 2716; x_wconf 87' lang='lat' dir='ltr'><strong>cere</strong></span> <span class='ocrx_word' id='word_1_193' title='bbox 645 2659 808 2717; x_wconf 83' lang='lat' dir='ltr'><strong>etiam</strong></span> <span class='ocrx_word' id='word_1_194' title='bbox 853 2673 1074 2716; x_wconf 86' lang='lat' dir='ltr'><strong>necesse</strong></span> <span class='ocrx_word' id='word_1_195' title='bbox 1116 2665 1218 2714; x_wconf 90' lang='lat' dir='ltr'><strong>est.</strong></span> <span class='ocrx_word' id='word_1_196' title='bbox 1258 2656 1372 2713; x_wconf 81' lang='lat' dir='ltr'><strong>Non</strong></span> <span class='ocrx_word' id='word_1_197' title='bbox 1414 2657 1557 2713; x_wconf 89' lang='lat' dir='ltr'><strong>enim</strong></span> <span class='ocrx_word' id='word_1_198' title='bbox 1605 2665 1664 2711; x_wconf 94' lang='lat' dir='ltr'><strong>ut</strong></span> <span class='ocrx_word' id='word_1_199' title='bbox 1707 2656 1762 2712; x_wconf 89' lang='lat' dir='ltr'><strong>in</strong></span> <span class='ocrx_word' id='word_1_200' title='bbox 1805 2656 1940 2712; x_wconf 83' lang='lat' dir='ltr'><strong>mari</strong></span> <span class='ocrx_word' id='word_1_201' title='bbox 1989 2671 2058 2712; x_wconf 80' lang='lat' dir='ltr'><strong>ex</strong></span> 
     </span>
    </p>
   </div>
   <div class='ocr_carea' id='block_1_27' title="bbox 474 2746 2052 2820">
    <p class='ocr_par' dir='ltr' id='par_1_27' title="bbox 474 2746 2052 2820">
     <span class='ocr_line' id='line_1_27' title="bbox 474 2746 2052 2820; baseline -0.001 -18"><span class='ocrx_word' id='word_1_202' title='bbox 474 2759 757 2806; x_wconf 76' lang='lat' dir='ltr'><strong>ventorum</strong></span> <span class='ocrx_word' id='word_1_203' title='bbox 787 2749 1013 2820; x_wconf 82' lang='lat' dir='ltr'><strong>impetu,</strong></span> <span class='ocrx_word' id='word_1_204' title='bbox 1055 2747 1127 2804; x_wconf 91' lang='lat' dir='ltr'><strong>ita</strong></span> <span class='ocrx_word' id='word_1_205' title='bbox 1153 2747 1312 2804; x_wconf 87' lang='lat' dir='ltr'><strong>etiam</strong></span> <span class='ocrx_word' id='word_1_206' title='bbox 1344 2747 1397 2802; x_wconf 91' lang='lat' dir='ltr'><strong>in</strong></span> <span class='ocrx_word' id='word_1_207' title='bbox 1427 2746 1604 2801; x_wconf 89' lang='lat' dir='ltr'><strong>anima</strong></span> <span class='ocrx_word' id='word_1_208' title='bbox 1655 2760 1722 2802; x_wconf 89' lang='lat' dir='ltr'><strong>ex</strong></span> <span class='ocrx_word' id='word_1_209' title='bbox 1777 2747 2052 2816; x_wconf 80' lang='lat' dir='ltr'><strong>inopinato</strong></span> 
     </span>
    </p>
   </div>
   <div class='ocr_carea' id='block_1_28' title="bbox 480 2833 2052 2908">
    <p class='ocr_par' dir='ltr' id='par_1_28' title="bbox 480 2833 2052 2908">
     <span class='ocr_line' id='line_1_28' title="bbox 480 2833 2052 2908; baseline -0.003 -13"><span class='ocrx_word' id='word_1_210' title='bbox 480 2855 630 2908; x_wconf 87' lang='lat' dir='ltr'><strong>casu,</strong></span> <span class='ocrx_word' id='word_1_211' title='bbox 658 2838 758 2896; x_wconf 84' lang='lat' dir='ltr'><strong>sed</strong></span> <span class='ocrx_word' id='word_1_212' title='bbox 782 2854 849 2896; x_wconf 90' lang='lat' dir='ltr'><strong>ex</strong></span> <span class='ocrx_word' id='word_1_213' title='bbox 875 2846 1056 2895; x_wconf 87' lang='lat' dir='ltr'><strong>nostra</strong></span> <span class='ocrx_word' id='word_1_214' title='bbox 1082 2836 1323 2894; x_wconf 85' lang='lat' dir='ltr'><strong>socordia</strong></span> <span class='ocrx_word' id='word_1_215' title='bbox 1350 2836 1546 2893; x_wconf 82' lang='lat' dir='ltr'><strong>evenit.</strong></span> <span class='ocrx_word' id='word_1_216' title='bbox 1574 2834 1705 2890; x_wconf 80' lang='lat' dir='ltr'><strong>Nam</strong></span> <span class='ocrx_word' id='word_1_217' title='bbox 1734 2845 1792 2892; x_wconf 95' lang='grc' dir='ltr'><strong>ιιι</strong></span> <span class='ocrx_word' id='word_1_218' title='bbox 1819 2836 1900 2892; x_wconf 88' lang='lat' dir='ltr'><strong>vel</strong></span> <span class='ocrx_word' id='word_1_219' title='bbox 1931 2833 2020 2890; x_wconf 83' lang='lat' dir='ltr'><strong>ﬁat</strong></span> <span class='ocrx_word' id='word_1_220' title='bbox 2037 2878 2052 2902; x_wconf 90' lang='lat'><strong>,</strong></span> 
     </span>
    </p>
   </div>
   <div class='ocr_carea' id='block_1_29' title="bbox 392 2927 2056 3001">
    <p class='ocr_par' dir='ltr' id='par_1_29' title="bbox 392 2927 2056 3001">
     <span class='ocr_line' id='line_1_29' title="bbox 392 2927 2056 3001; baseline -0.002 -17"><span class='ocrx_word' id='word_1_221' title='bbox 392 2970 396 2973; x_wconf 87' lang='grc'><strong>-</strong></span> <span class='ocrx_word' id='word_1_222' title='bbox 475 2931 561 2989; x_wconf 78' lang='lat' dir='ltr'><strong>vel</strong></span> <span class='ocrx_word' id='word_1_223' title='bbox 587 2945 693 2987; x_wconf 91' lang='lat' dir='ltr'><strong>non</strong></span> <span class='ocrx_word' id='word_1_224' title='bbox 716 2930 833 2997; x_wconf 86' lang='lat' dir='ltr'><strong>tiat,</strong></span> <span class='ocrx_word' id='word_1_225' title='bbox 859 2929 958 3001; x_wconf 83' lang='lat' dir='ltr'><strong>ipsi</strong></span> <span class='ocrx_word' id='word_1_226' title='bbox 980 2930 1036 2985; x_wconf 88' lang='lat' dir='ltr'><strong>in</strong></span> <span class='ocrx_word' id='word_1_227' title='bbox 1067 2943 1224 2986; x_wconf 86' lang='lat' dir='ltr'><strong>causa</strong></span> <span class='ocrx_word' id='word_1_228' title='bbox 1255 2942 1459 2983; x_wconf 86' lang='lat' dir='ltr'><strong>sumus.</strong></span> <span class='ocrx_word' id='word_1_229' title='bbox 1487 2927 1602 2994; x_wconf 84' lang='lat' dir='ltr'><strong>Ut,</strong></span> <span class='ocrx_word' id='word_1_230' title='bbox 1642 2928 1790 2985; x_wconf 82' lang='lat' dir='ltr'><strong>verbi</strong></span> <span class='ocrx_word' id='word_1_231' title='bbox 1842 2928 2008 2999; x_wconf 85' lang='lat' dir='ltr'><strong>gratia</strong></span> <span class='ocrx_word' id='word_1_232' title='bbox 2040 2969 2056 2995; x_wconf 89' lang='lat'><strong>,</strong></span> 
     </span>
    </p>
   </div>
   <div class='ocr_carea' id='block_1_30' title="bbox 476 3016 2060 3092">
    <p class='ocr_par' dir='ltr' id='par_1_30' title="bbox 476 3016 2060 3092">
     <span class='ocr_line' id='line_1_30' title="bbox 476 3016 2060 3092; baseline -0.008 -9"><span class='ocrx_word' id='word_1_233' title='bbox 476 3031 662 3082; x_wconf 87' lang='lat' dir='ltr'><strong>exorta</strong></span> <span class='ocrx_word' id='word_1_234' title='bbox 685 3021 998 3092; x_wconf 82' lang='lat' dir='ltr'><strong>cupiditate,</strong></span> <span class='ocrx_word' id='word_1_235' title='bbox 1028 3020 1131 3076; x_wconf 84' lang='lat' dir='ltr'><strong>nisi</strong></span> <span class='ocrx_word' id='word_1_236' title='bbox 1157 3030 1219 3075; x_wconf 89' lang='lat' dir='ltr'><strong>tu</strong></span> <span class='ocrx_word' id='word_1_237' title='bbox 1229 3021 1495 3078; x_wconf 80' lang='lat' dir='ltr'><strong>ﬂammam</strong></span> <span class='ocrx_word' id='word_1_238' title='bbox 1514 3019 1854 3086; x_wconf 80' lang='lat' dir='ltr'><strong>excitaveris,</strong></span> <span class='ocrx_word' id='word_1_239' title='bbox 1873 3016 2060 3074; x_wconf 79' lang='lat' dir='ltr'><strong>lornax</strong></span> 
     </span>
    </p>
   </div>
   <div class='ocr_carea' id='block_1_31' title="bbox 479 3107 2060 3177">
    <p class='ocr_par' dir='ltr' id='par_1_31' title="bbox 479 3107 2060 3177">
     <span class='ocr_line' id='line_1_31' title="bbox 479 3107 2060 3177; baseline -0.004 -7"><span class='ocrx_word' id='word_1_240' title='bbox 479 3129 586 3170; x_wconf 89' lang='lat' dir='ltr'><strong>non</strong></span> <span class='ocrx_word' id='word_1_241' title='bbox 614 3110 947 3177; x_wconf 75' lang='lat' dir='ltr'><strong>accenditur,</strong></span> <span class='ocrx_word' id='word_1_242' title='bbox 964 3110 1066 3166; x_wconf 91' lang='lat' dir='ltr'><strong>nisi</strong></span> <span class='ocrx_word' id='word_1_243' title='bbox 1091 3109 1330 3166; x_wconf 73' lang='lat' dir='ltr'><strong>materia:</strong></span> <span class='ocrx_word' id='word_1_244' title='bbox 1357 3107 1918 3166; x_wconf 78' lang='lat' dir='ltr'><strong>dederisalimentum.</strong></span> <span class='ocrx_word' id='word_1_245' title='bbox 1941 3107 2060 3166; x_wconf 84' lang='lat' dir='ltr'><strong>Non</strong></span> 
     </span>
    </p>
   </div>
   <div class='ocr_carea' id='block_1_32' title="bbox 480 3197 2063 3269">
    <p class='ocr_par' dir='ltr' id='par_1_32' title="bbox 480 3197 2063 3269">
     <span class='ocr_line' id='line_1_32' title="bbox 480 3197 2063 3269; baseline -0.004 -9"><span class='ocrx_word' id='word_1_246' title='bbox 480 3197 789 3261; x_wconf 86' lang='lat' dir='ltr'><strong>accenditur</strong></span> <span class='ocrx_word' id='word_1_247' title='bbox 807 3211 984 3258; x_wconf 89' lang='lat' dir='ltr'><strong>autem</strong></span> <span class='ocrx_word' id='word_1_248' title='bbox 1015 3199 1223 3266; x_wconf 80' lang='lat' dir='ltr'><strong>fornax,</strong></span> <span class='ocrx_word' id='word_1_249' title='bbox 1255 3200 1357 3254; x_wconf 88' lang='lat' dir='ltr'><strong>nisi</strong></span> <span class='ocrx_word' id='word_1_250' title='bbox 1410 3198 1480 3254; x_wconf 89' lang='lat' dir='ltr'><strong>de</strong></span> <span class='ocrx_word' id='word_1_251' title='bbox 1525 3199 1787 3269; x_wconf 84' lang='lat' dir='ltr'><strong>speciosis</strong></span> <span class='ocrx_word' id='word_1_252' title='bbox 1831 3199 2063 3258; x_wconf 78' lang='lat' dir='ltr'><strong>vultibus</strong></span> 
     </span>
    </p>
   </div>
   <div class='ocr_carea' id='block_1_33' title="bbox 480 3287 2058 3362">
    <p class='ocr_par' dir='ltr' id='par_1_33' title="bbox 480 3287 2058 3362">
     <span class='ocr_line' id='line_1_33' title="bbox 480 3287 2058 3362; baseline -0.003 -12"><span class='ocrx_word' id='word_1_253' title='bbox 480 3296 695 3351; x_wconf 83' lang='lat' dir='ltr'><strong>curiose</strong></span> <span class='ocrx_word' id='word_1_254' title='bbox 737 3291 1106 3362; x_wconf 78' lang='lat' dir='ltr'><strong>investigatis,</strong></span> <span class='ocrx_word' id='word_1_255' title='bbox 1157 3289 1258 3346; x_wconf 87' lang='lat' dir='ltr'><strong>nisi</strong></span> <span class='ocrx_word' id='word_1_256' title='bbox 1307 3288 1377 3345; x_wconf 87' lang='lat' dir='ltr'><strong>de</strong></span> <span class='ocrx_word' id='word_1_257' title='bbox 1424 3289 1598 3348; x_wconf 84' lang='lat' dir='ltr'><strong>aliena</strong></span> <span class='ocrx_word' id='word_1_258' title='bbox 1637 3287 2058 3359; x_wconf 80' lang='lat' dir='ltr'><strong>pulchritudine|</strong></span> 
     </span>
    </p>
   </div>
   <div class='ocr_carea' id='block_1_34' title="bbox 485 3380 2063 3450">
    <p class='ocr_par' dir='ltr' id='par_1_34' title="bbox 485 3380 2063 3450">
     <span class='ocr_line' id='line_1_34' title="bbox 485 3380 2063 3450; baseline -0.004 -8"><span class='ocrx_word' id='word_1_259' title='bbox 485 3388 648 3443; x_wconf 77' lang='lat' dir='ltr'><strong>fueris</strong></span> <span class='ocrx_word' id='word_1_260' title='bbox 677 3387 899 3440; x_wconf 86' lang='lat' dir='ltr'><strong>nimium</strong></span> <span class='ocrx_word' id='word_1_261' title='bbox 944 3383 1223 3449; x_wconf 87' lang='lat' dir='ltr'><strong>sollicitus,</strong></span> <span class='ocrx_word' id='word_1_262' title='bbox 1277 3381 1377 3437; x_wconf 89' lang='lat' dir='ltr'><strong>nisi</strong></span> <span class='ocrx_word' id='word_1_263' title='bbox 1441 3382 1492 3437; x_wconf 91' lang='lat' dir='ltr'><strong>in</strong></span> <span class='ocrx_word' id='word_1_264' title='bbox 1520 3382 1726 3440; x_wconf 80' lang='lat' dir='ltr'><strong>theatra</strong></span> <span class='ocrx_word' id='word_1_265' title='bbox 1777 3380 2063 3450; x_wconf 82' lang='lat' dir='ltr'><strong>iniquitatis</strong></span> 
     </span>
    </p>
   </div>
   <div class='ocr_carea' id='block_1_35' title="bbox 487 3469 2066 3542">
    <p class='ocr_par' dir='ltr' id='par_1_35' title="bbox 487 3469 2066 3542">
     <span class='ocr_line' id='line_1_35' title="bbox 487 3469 2066 3542; baseline -0.005 -8"><span class='ocrx_word' id='word_1_266' title='bbox 487 3477 812 3534; x_wconf 82' lang='lat' dir='ltr'><strong>ascenderis.</strong></span> <span class='ocrx_word' id='word_1_267' title='bbox 839 3475 948 3530; x_wconf 82' lang='lat' dir='ltr'><strong>Nisi</strong></span> <span class='ocrx_word' id='word_1_268' title='bbox 975 3475 1116 3530; x_wconf 90' lang='lat' dir='ltr'><strong>enim</strong></span> <span class='ocrx_word' id='word_1_269' title='bbox 1152 3489 1365 3529; x_wconf 86' lang='lat' dir='ltr'><strong>carnem</strong></span> <span class='ocrx_word' id='word_1_270' title='bbox 1391 3471 1596 3528; x_wconf 82' lang='lat' dir='ltr'><strong>deliciis</strong></span> <span class='ocrx_word' id='word_1_271' title='bbox 1635 3469 1962 3542; x_wconf 79' lang='lat' dir='ltr'><strong>pinguefecei</strong></span> <span class='ocrx_word' id='word_1_272' title='bbox 1979 3473 2023 3526; x_wconf 92' lang='lat' dir='ltr'><strong>is</strong></span> <span class='ocrx_word' id='word_1_273' title='bbox 2045 3515 2066 3537; x_wconf 90' lang='lat'><strong>,</strong></span> 
     </span>
    </p>
   </div>
   <div class='ocr_carea' id='block_1_36' title="bbox 489 3564 2062 3630">
    <p class='ocr_par' dir='ltr' id='par_1_36' title="bbox 489 3564 2062 3630">
     <span class='ocr_line' id='line_1_36' title="bbox 489 3564 2062 3630; baseline -0.009 -3"><span class='ocrx_word' id='word_1_274' title='bbox 489 3573 587 3628; x_wconf 88' lang='lat' dir='ltr'><strong>nisi</strong></span> <span class='ocrx_word' id='word_1_275' title='bbox 615 3571 736 3625; x_wconf 83' lang='lat' dir='ltr'><strong>vino</strong></span> <span class='ocrx_word' id='word_1_276' title='bbox 755 3571 1014 3624; x_wconf 90' lang='lat' dir='ltr'><strong>rationem</strong></span> <span class='ocrx_word' id='word_1_277' title='bbox 1041 3567 1282 3622; x_wconf 81' lang='lat' dir='ltr'><strong>obrueris</strong></span> <span class='ocrx_word' id='word_1_278' title='bbox 1306 3608 1321 3630; x_wconf 89' lang='lat'><strong>,</strong></span> <span class='ocrx_word' id='word_1_279' title='bbox 1371 3564 1582 3620; x_wconf 84' lang='lat' dir='ltr'><strong>tlatmna</strong></span> <span class='ocrx_word' id='word_1_280' title='bbox 1627 3579 1732 3618; x_wconf 90' lang='lat' dir='ltr'><strong>non</strong></span> <span class='ocrx_word' id='word_1_281' title='bbox 1763 3564 2023 3622; x_wconf 80' lang='lat' dir='ltr'><strong>excitatur</strong></span> <span class='ocrx_word' id='word_1_282' title='bbox 2049 3604 2062 3626; x_wconf 86' lang='lat'><strong>,</strong></span> 
     </span>
    </p>
   </div>
   <div class='ocr_carea' id='block_1_37' title="bbox 490 3653 2064 3720">
    <p class='ocr_par' dir='ltr' id='par_1_37' title="bbox 490 3653 2064 3720">
     <span class='ocr_line' id='line_1_37' title="bbox 490 3653 2064 3720; baseline -0.007 -2"><span class='ocrx_word' id='word_1_283' title='bbox 490 3664 676 3718; x_wconf 80' lang='lat' dir='ltr'><strong>fnrnax</strong></span> <span class='ocrx_word' id='word_1_284' title='bbox 706 3676 814 3715; x_wconf 91' lang='lat' dir='ltr'><strong>non</strong></span> <span class='ocrx_word' id='word_1_285' title='bbox 839 3657 1164 3720; x_wconf 86' lang='lat' dir='ltr'><strong>accenditur,</strong></span> <span class='ocrx_word' id='word_1_286' title='bbox 1216 3672 1321 3710; x_wconf 89' lang='lat' dir='ltr'><strong>non</strong></span> <span class='ocrx_word' id='word_1_287' title='bbox 1363 3655 1538 3710; x_wconf 84' lang='lat' dir='ltr'><strong>evadit</strong></span> <span class='ocrx_word' id='word_1_288' title='bbox 1583 3653 1752 3710; x_wconf 87' lang='lat' dir='ltr'><strong>bellua</strong></span> <span class='ocrx_word' id='word_1_289' title='bbox 1797 3653 2064 3719; x_wconf 74' lang='lat' dir='ltr'><strong>ferocior,</strong></span> 
     </span>
    </p>
   </div>
   <div class='ocr_carea' id='block_1_38' title="bbox 493 3744 2070 3822">
    <p class='ocr_par' dir='ltr' id='par_1_38' title="bbox 493 3744 2070 3822">
     <span class='ocr_line' id='line_1_38' title="bbox 493 3744 2070 3822; baseline -0.007 -12"><span class='ocrx_word' id='word_1_290' title='bbox 493 3770 598 3809; x_wconf 90' lang='lat' dir='ltr'><strong>non</strong></span> <span class='ocrx_word' id='word_1_291' title='bbox 623 3763 890 3822; x_wconf 86' lang='lat' dir='ltr'><strong>tamquam</strong></span> <span class='ocrx_word' id='word_1_292' title='bbox 919 3765 950 3804; x_wconf 92' lang='lat' dir='ltr'><strong>a</strong></span> <span class='ocrx_word' id='word_1_293' title='bbox 975 3748 1148 3804; x_wconf 78' lang='lat' dir='ltr'><strong>ventis</strong></span> <span class='ocrx_word' id='word_1_294' title='bbox 1169 3748 1484 3802; x_wconf 87' lang='lat' dir='ltr'><strong>immanibus</strong></span> <span class='ocrx_word' id='word_1_295' title='bbox 1513 3744 1842 3805; x_wconf 79' lang='lat' dir='ltr'><strong>exscinditur</strong></span> <span class='ocrx_word' id='word_1_296' title='bbox 1865 3746 2070 3816; x_wconf 81' lang='lat' dir='ltr'><strong>cogita-</strong></span> 
     </span>
    </p>
   </div>
   <div class='ocr_carea' id='block_1_39' title="bbox 496 3833 2074 3913">
    <p class='ocr_par' dir='ltr' id='par_1_39' title="bbox 496 3833 2074 3913">
     <span class='ocr_line' id='line_1_39' title="bbox 496 3833 2074 3913; baseline -0.006 -16"><span class='ocrx_word' id='word_1_297' title='bbox 496 3842 654 3898; x_wconf 89' lang='lat' dir='ltr'><strong>tionis</strong></span> <span class='ocrx_word' id='word_1_298' title='bbox 683 3840 903 3913; x_wconf 77' lang='lat' dir='ltr'><strong>paritas.</strong></span> <span class='ocrx_word' id='word_1_299' title='bbox 934 3839 1059 3894; x_wconf 80' lang='lat' dir='ltr'><strong>llaec</strong></span> <span class='ocrx_word' id='word_1_300' title='bbox 1083 3852 1229 3908; x_wconf 87' lang='lat' dir='ltr'><strong>ergo,</strong></span> <span class='ocrx_word' id='word_1_301' title='bbox 1261 3837 1452 3907; x_wconf 85' lang='lat' dir='ltr'><strong>inquit,</strong></span> <span class='ocrx_word' id='word_1_302' title='bbox 1495 3833 1563 3888; x_wconf 90' lang='lat' dir='ltr'><strong>ad</strong></span> <span class='ocrx_word' id='word_1_303' title='bbox 1592 3833 1890 3890; x_wconf 88' lang='lat' dir='ltr'><strong>evitandam</strong></span> <span class='ocrx_word' id='word_1_304' title='bbox 1942 3849 2074 3905; x_wconf 73' lang='lat' dir='ltr'><strong>pec-</strong></span> 
     </span>
    </p>
   </div>
   <div class='ocr_carea' id='block_1_40' title="bbox 494 3923 2072 3991">
    <p class='ocr_par' dir='ltr' id='par_1_40' title="bbox 494 3923 2072 3991">
     <span class='ocr_line' id='line_1_40' title="bbox 494 3923 2072 3991; baseline -0.008 0"><span class='ocrx_word' id='word_1_305' title='bbox 494 3934 596 3991; x_wconf 89' lang='lat' dir='ltr'><strong>cati</strong></span> <span class='ocrx_word' id='word_1_306' title='bbox 624 3933 894 3989; x_wconf 80' lang='lat' dir='ltr'><strong>tlamutam</strong></span> <span class='ocrx_word' id='word_1_307' title='bbox 918 3927 1224 3987; x_wconf 72' lang='lat' dir='ltr'><strong>sufﬁciunt?</strong></span> <span class='ocrx_word' id='word_1_308' title='bbox 1251 3926 1365 3982; x_wconf 83' lang='lat' dir='ltr'><strong>Non</strong></span> <span class='ocrx_word' id='word_1_309' title='bbox 1387 3924 1654 3981; x_wconf 79' lang='lat' dir='ltr'><strong>sulliciunt</strong></span> <span class='ocrx_word' id='word_1_310' title='bbox 1683 3925 1798 3983; x_wconf 73' lang='lat' dir='ltr'><strong>hinc</strong></span> <span class='ocrx_word' id='word_1_311' title='bbox 1815 3924 1948 3990; x_wconf 87' lang='lat' dir='ltr'><strong>sola,</strong></span> <span class='ocrx_word' id='word_1_312' title='bbox 1976 3923 2072 3979; x_wconf 87' lang='lat' dir='ltr'><strong>sed</strong></span> 
     </span>
    </p>
   </div>
   <div class='ocr_carea' id='block_1_41' title="bbox 497 4015 2071 4098">
    <p class='ocr_par' dir='ltr' id='par_1_41' title="bbox 497 4015 2071 4098">
     <span class='ocr_line' id='line_1_41' title="bbox 497 4015 2071 4098; baseline -0.008 -16"><span class='ocrx_word' id='word_1_313' title='bbox 497 4032 710 4098; x_wconf 82' lang='lat' dir='ltr'><strong>oportet</strong></span> <span class='ocrx_word' id='word_1_314' title='bbox 734 4025 893 4080; x_wconf 87' lang='lat' dir='ltr'><strong>etiam</strong></span> <span class='ocrx_word' id='word_1_315' title='bbox 916 4024 1019 4077; x_wconf 86' lang='lat' dir='ltr'><strong>alia</strong></span> <span class='ocrx_word' id='word_1_316' title='bbox 1048 4020 1324 4088; x_wconf 88' lang='lat' dir='ltr'><strong>accedere,</strong></span> <span class='ocrx_word' id='word_1_317' title='bbox 1348 4019 1616 4075; x_wconf 90' lang='lat' dir='ltr'><strong>orationes</strong></span> <span class='ocrx_word' id='word_1_318' title='bbox 1641 4015 1898 4082; x_wconf 85' lang='lat' dir='ltr'><strong>assiduas,</strong></span> <span class='ocrx_word' id='word_1_319' title='bbox 1943 4030 2071 4070; x_wconf 89' lang='lat' dir='ltr'><strong>san-</strong></span> 
     </span>
    </p>
   </div>
   <div class='ocr_carea' id='block_1_42' title="bbox 501 4105 2072 4179">
    <p class='ocr_par' dir='ltr' id='par_1_42' title="bbox 501 4105 2072 4179">
     <span class='ocr_line' id='line_1_42' title="bbox 501 4105 2072 4179; baseline -0.006 -12"><span class='ocrx_word' id='word_1_320' title='bbox 501 4109 1190 4174; x_wconf 78' lang='lat' dir='ltr'><strong>ctorumconsuetudinem,</strong></span> <span class='ocrx_word' id='word_1_321' title='bbox 1202 4105 1465 4179; x_wconf 79' lang='lat' dir='ltr'><strong>jejunium</strong></span> <span class='ocrx_word' id='word_1_322' title='bbox 1483 4105 1852 4173; x_wconf 87' lang='lat' dir='ltr'><strong>moderatum,</strong></span> <span class='ocrx_word' id='word_1_323' title='bbox 1871 4106 2072 4160; x_wconf 85' lang='lat' dir='ltr'><strong>victum</strong></span> 
     </span>
    </p>
   </div>
   <div class='ocr_carea' id='block_1_43' title="bbox 505 4194 2091 4268">
    <p class='ocr_par' dir='ltr' id='par_1_43' title="bbox 505 4194 2091 4268">
     <span class='ocr_line' id='line_1_43' title="bbox 505 4194 2091 4268; baseline -0.006 -12"><span class='ocrx_word' id='word_1_324' title='bbox 505 4216 741 4268; x_wconf 87' lang='lat' dir='ltr'><strong>tenuem,</strong></span> <span class='ocrx_word' id='word_1_325' title='bbox 773 4213 1074 4256; x_wconf 75' lang='lat' dir='ltr'><strong>necessaria</strong></span> <span class='ocrx_word' id='word_1_326' title='bbox 1099 4199 1372 4263; x_wconf 84' lang='lat' dir='ltr'><strong>exercitia,</strong></span> <span class='ocrx_word' id='word_1_327' title='bbox 1396 4206 1522 4251; x_wconf 88' lang='lat' dir='ltr'><strong>ante</strong></span> <span class='ocrx_word' id='word_1_328' title='bbox 1542 4195 1642 4253; x_wconf 88' lang='lat' dir='ltr'><strong>alia</strong></span> <span class='ocrx_word' id='word_1_329' title='bbox 1673 4204 1850 4250; x_wconf 85' lang='lat' dir='ltr'><strong>autem</strong></span> <span class='ocrx_word' id='word_1_330' title='bbox 1895 4194 2091 4254; x_wconf 86' lang='lat' dir='ltr'><strong>omnia</strong></span> 
     </span>
    </p>
   </div>
   <div class='ocr_carea' id='block_1_44' title="bbox 504 4286 2074 4360">
    <p class='ocr_par' dir='ltr' id='par_1_44' title="bbox 504 4286 2074 4360">
     <span class='ocr_line' id='line_1_44' title="bbox 504 4286 2074 4360; baseline -0.006 -10"><span class='ocrx_word' id='word_1_331' title='bbox 504 4297 597 4351; x_wconf 89' lang='lat' dir='ltr'><strong>Dei</strong></span> <span class='ocrx_word' id='word_1_332' title='bbox 624 4297 889 4358; x_wconf 85' lang='lat' dir='ltr'><strong>timorem,</strong></span> <span class='ocrx_word' id='word_1_333' title='bbox 911 4292 1146 4346; x_wconf 78' lang='lat' dir='ltr'><strong>futurum</strong></span> <span class='ocrx_word' id='word_1_334' title='bbox 1172 4289 1452 4360; x_wconf 87' lang='lat' dir='ltr'><strong>judicium,</strong></span> <span class='ocrx_word' id='word_1_335' title='bbox 1512 4287 1772 4358; x_wconf 86' lang='lat' dir='ltr'><strong>supplicia</strong></span> <span class='ocrx_word' id='word_1_336' title='bbox 1811 4286 2074 4342; x_wconf 89' lang='lat' dir='ltr'><strong>intolera-</strong></span> 
     </span>
    </p>
   </div>
   <div class='ocr_carea' id='block_1_45' title="bbox 497 4375 2080 4457">
    <p class='ocr_par' dir='ltr' id='par_1_45' title="bbox 497 4375 2080 4457">
     <span class='ocr_line' id='line_1_45' title="bbox 497 4375 2080 4457; baseline -0.007 -15"><span class='ocrx_word' id='word_1_337' title='bbox 497 4387 648 4454; x_wconf 87' lang='lat' dir='ltr'><strong>bilia,</strong></span> <span class='ocrx_word' id='word_1_338' title='bbox 679 4384 940 4440; x_wconf 87' lang='lat' dir='ltr'><strong>bonorum</strong></span> <span class='ocrx_word' id='word_1_339' title='bbox 968 4380 1366 4452; x_wconf 88' lang='lat' dir='ltr'><strong>promissiones.</strong></span> <span class='ocrx_word' id='word_1_340' title='bbox 1395 4379 1498 4434; x_wconf 84' lang='lat' dir='ltr'><strong>Per</strong></span> <span class='ocrx_word' id='word_1_341' title='bbox 1517 4379 1642 4457; x_wconf 73' lang='lat' dir='ltr'><strong>inec</strong></span> <span class='ocrx_word' id='word_1_342' title='bbox 1684 4377 1862 4432; x_wconf 85' lang='lat' dir='ltr'><strong>omnia</strong></span> <span class='ocrx_word' id='word_1_343' title='bbox 1913 4375 2080 4432; x_wconf 78' lang='lat' dir='ltr'><strong>refre-</strong></span> 
     </span>
    </p>
   </div>
   <div class='ocr_carea' id='block_1_46' title="bbox 506 4467 2080 4548">
    <p class='ocr_par' dir='ltr' id='par_1_46' title="bbox 506 4467 2080 4548">
     <span class='ocr_line' id='line_1_46' title="bbox 506 4467 2080 4548; baseline -0.005 -16"><span class='ocrx_word' id='word_1_344' title='bbox 506 4495 635 4533; x_wconf 88' lang='lat' dir='ltr'><strong>nare</strong></span> <span class='ocrx_word' id='word_1_345' title='bbox 659 4487 812 4548; x_wconf 87' lang='lat' dir='ltr'><strong>potes</strong></span> <span class='ocrx_word' id='word_1_346' title='bbox 831 4473 1173 4545; x_wconf 83' lang='lat' dir='ltr'><strong>cupiditatem</strong></span> <span class='ocrx_word' id='word_1_347' title='bbox 1199 4471 1346 4526; x_wconf 88' lang='lat' dir='ltr'><strong>rabie</strong></span> <span class='ocrx_word' id='word_1_348' title='bbox 1397 4470 1733 4541; x_wconf 78' lang='lat' dir='ltr'><strong>exagitatam,</strong></span> <span class='ocrx_word' id='word_1_349' title='bbox 1791 4476 1848 4522; x_wconf 91' lang='lat' dir='ltr'><strong>et</strong></span> <span class='ocrx_word' id='word_1_350' title='bbox 1890 4467 2080 4524; x_wconf 87' lang='lat' dir='ltr'><strong>sedare</strong></span> 
     </span>
    </p>
   </div>
   <div class='ocr_carea' id='block_1_47' title="bbox 507 4559 2083 4630">
    <p class='ocr_par' dir='ltr' id='par_1_47' title="bbox 507 4559 2083 4630">
     <span class='ocr_line' id='line_1_47' title="bbox 507 4559 2083 4630; baseline -0.008 -7"><span class='ocrx_word' id='word_1_351' title='bbox 507 4584 653 4624; x_wconf 86' lang='lat' dir='ltr'><strong>mare</strong></span> <span class='ocrx_word' id='word_1_352' title='bbox 676 4573 1008 4623; x_wconf 87' lang='lat' dir='ltr'><strong>commotum</strong></span> <span class='ocrx_word' id='word_1_353' title='bbox 1028 4562 1290 4617; x_wconf 80' lang='lat' dir='ltr'><strong>ﬂuctibus.</strong></span> <span class='ocrx_word' id='word_1_354' title='bbox 1323 4559 1429 4619; x_wconf 80' lang='lat' dir='ltr'><strong>Sed</strong></span> <span class='ocrx_word' id='word_1_355' title='bbox 1442 4559 1773 4630; x_wconf 74' lang='lat' dir='ltr'><strong>tu,Domine,</strong></span> <span class='ocrx_word' id='word_1_356' title='bbox 1785 4575 2036 4630; x_wconf 77' lang='lat' dir='ltr'><strong>usquequo</strong></span> <span class='ocrx_word' id='word_1_357' title='bbox 2057 4559 2083 4611; x_wconf 79' lang='lat'><strong>.’</strong></span> 
     </span>
    </p>
   </div>
   <div class='ocr_carea' id='block_1_48' title="bbox 505 4652 2084 4724">
    <p class='ocr_par' dir='ltr' id='par_1_48' title="bbox 505 4652 2084 4724">
     <span class='ocr_line' id='line_1_48' title="bbox 505 4652 2084 4724; baseline -0.006 -10"><span class='ocrx_word' id='word_1_358' title='bbox 505 4660 558 4714; x_wconf 83' lang='lat'><strong>5.</strong></span> <span class='ocrx_word' id='word_1_359' title='bbox 581 4658 893 4722; x_wconf 79' lang='lat' dir='ltr'><strong>Convertere,</strong></span> <span class='ocrx_word' id='word_1_360' title='bbox 925 4654 1158 4715; x_wconf 82' lang='lat' dir='ltr'><strong>Domine,</strong></span> <span class='ocrx_word' id='word_1_361' title='bbox 1179 4653 1314 4724; x_wconf 78' lang='lat' dir='ltr'><strong>eripe</strong></span> <span class='ocrx_word' id='word_1_362' title='bbox 1337 4652 1560 4706; x_wconf 86' lang='lat' dir='ltr'><strong>animam</strong></span> <span class='ocrx_word' id='word_1_363' title='bbox 1579 4669 1764 4718; x_wconf 82' lang='lat' dir='ltr'><strong>meam,</strong></span> <span class='ocrx_word' id='word_1_364' title='bbox 1787 4652 1985 4706; x_wconf 76' lang='lat' dir='ltr'><strong>salvum</strong></span> <span class='ocrx_word' id='word_1_365' title='bbox 2005 4668 2084 4705; x_wconf 70' lang='lat' dir='ltr'><strong>me</strong></span> 
     </span>
    </p>
   </div>
   <div class='ocr_carea' id='block_1_49' title="bbox 510 4741 2080 4821">
    <p class='ocr_par' dir='ltr' id='par_1_49' title="bbox 510 4741 2080 4821">
     <span class='ocr_line' id='line_1_49' title="bbox 510 4741 2080 4821; baseline -0.006 -17"><span class='ocrx_word' id='word_1_366' title='bbox 510 4753 592 4819; x_wconf 78' lang='lat' dir='ltr'><strong>{ac</strong></span> <span class='ocrx_word' id='word_1_367' title='bbox 623 4759 826 4821; x_wconf 75' lang='lat' dir='ltr'><strong>prapter</strong></span> <span class='ocrx_word' id='word_1_368' title='bbox 855 4743 1248 4802; x_wconf 75' lang='lat' dir='ltr'><strong>misericordtam</strong></span> <span class='ocrx_word' id='word_1_369' title='bbox 1283 4753 1446 4796; x_wconf 87' lang='lat' dir='ltr'><strong>tuam.</strong></span> <span class='ocrx_word' id='word_1_370' title='bbox 1476 4742 1631 4798; x_wconf 86' lang='lat' dir='ltr'><strong>Ponit</strong></span> <span class='ocrx_word' id='word_1_371' title='bbox 1667 4743 1879 4802; x_wconf 78' lang='lat' dir='ltr'><strong>assidue</strong></span> <span class='ocrx_word' id='word_1_372' title='bbox 1905 4741 2032 4796; x_wconf 84' lang='lat' dir='ltr'><strong>illud</strong></span> <span class='ocrx_word' id='word_1_373' title='bbox 2062 4784 2080 4808; x_wconf 87' lang='lat'><strong>,</strong></span> 
     </span>
    </p>
   </div>
   <div class='ocr_carea' id='block_1_50' title="bbox 514 4833 2087 4906">
    <p class='ocr_par' dir='ltr' id='par_1_50' title="bbox 514 4833 2087 4906">
     <span class='ocr_line' id='line_1_50' title="bbox 514 4833 2087 4906; baseline -0.004 -12"><span class='ocrx_word' id='word_1_374' title='bbox 514 4840 745 4905; x_wconf 81' lang='lat' dir='ltr'><strong>Domine,</strong></span> <span class='ocrx_word' id='word_1_375' title='bbox 768 4837 928 4894; x_wconf 85' lang='lat' dir='ltr'><strong>veluti</strong></span> <span class='ocrx_word' id='word_1_376' title='bbox 952 4834 1234 4906; x_wconf 84' lang='lat' dir='ltr'><strong>quamdam</strong></span> <span class='ocrx_word' id='word_1_377' title='bbox 1261 4834 1520 4890; x_wconf 88' lang='lat' dir='ltr'><strong>rationem</strong></span> <span class='ocrx_word' id='word_1_378' title='bbox 1539 4834 1808 4890; x_wconf 86' lang='lat' dir='ltr'><strong>adducens</strong></span> <span class='ocrx_word' id='word_1_379' title='bbox 1828 4849 1919 4904; x_wconf 83' lang='lat' dir='ltr'><strong>gra</strong></span> <span class='ocrx_word' id='word_1_380' title='bbox 1928 4833 2012 4893; x_wconf 75' lang='lat' dir='ltr'><strong>tite</strong></span> <span class='ocrx_word' id='word_1_381' title='bbox 2032 4843 2087 4890; x_wconf 88' lang='lat' dir='ltr'><strong>et</strong></span> 
     </span>
    </p>
   </div>
   <div class='ocr_carea' id='block_1_51' title="bbox 510 4923 2086 4994">
    <p class='ocr_par' dir='ltr' id='par_1_51' title="bbox 510 4923 2086 4994">
     <span class='ocr_line' id='line_1_51' title="bbox 510 4923 2086 4994; baseline -0.007 -5"><span class='ocrx_word' id='word_1_382' title='bbox 510 4930 916 4992; x_wconf 83' lang='lat' dir='ltr'><strong>condonationis</strong></span> <span class='ocrx_word' id='word_1_383' title='bbox 954 4944 971 4982; x_wconf 93' lang='lat'><strong>:</strong></span> <span class='ocrx_word' id='word_1_384' title='bbox 1001 4934 1084 4982; x_wconf 87' lang='lat' dir='ltr'><strong>est</strong></span> <span class='ocrx_word' id='word_1_385' title='bbox 1107 4927 1250 4981; x_wconf 89' lang='lat' dir='ltr'><strong>enim</strong></span> <span class='ocrx_word' id='word_1_386' title='bbox 1276 4923 1391 4979; x_wconf 65' lang='lat' dir='ltr'><strong>base</strong></span> <span class='ocrx_word' id='word_1_387' title='bbox 1415 4931 1594 4979; x_wconf 88' lang='lat' dir='ltr'><strong>nostra</strong></span> <span class='ocrx_word' id='word_1_388' title='bbox 1636 4939 1758 4994; x_wconf 88' lang='lat' dir='ltr'><strong>spes</strong></span> <span class='ocrx_word' id='word_1_389' title='bbox 1808 4924 2040 4978; x_wconf 83' lang='lat' dir='ltr'><strong>maxima</strong></span> <span class='ocrx_word' id='word_1_390' title='bbox 2069 4964 2086 4990; x_wconf 91' lang='lat'><strong>,</strong></span> 
     </span>
    </p>
   </div>
   <div class='ocr_carea' id='block_1_52' title="bbox 515 5013 2088 5094">
    <p class='ocr_par' dir='ltr' id='par_1_52' title="bbox 515 5013 2088 5094">
     <span class='ocr_line' id='line_1_52' title="bbox 515 5013 2088 5094; baseline -0.009 -16"><span class='ocrx_word' id='word_1_391' title='bbox 515 5023 634 5094; x_wconf 81' lang='lat' dir='ltr'><strong>ejus</strong></span> <span class='ocrx_word' id='word_1_392' title='bbox 658 5019 936 5076; x_wconf 72' lang='lat' dir='ltr'><strong>ineliabilis</strong></span> <span class='ocrx_word' id='word_1_393' title='bbox 963 5016 1242 5072; x_wconf 82' lang='lat' dir='ltr'><strong>clementia</strong></span> <span class='ocrx_word' id='word_1_394' title='bbox 1271 5029 1335 5068; x_wconf 90' lang='lat' dir='ltr'><strong>ac</strong></span> <span class='ocrx_word' id='word_1_395' title='bbox 1354 5013 1675 5082; x_wconf 78' lang='lat' dir='ltr'><strong>benignitas,</strong></span> <span class='ocrx_word' id='word_1_396' title='bbox 1695 5022 1746 5067; x_wconf 90' lang='lat' dir='ltr'><strong>et</strong></span> <span class='ocrx_word' id='word_1_397' title='bbox 1774 5013 1913 5082; x_wconf 87' lang='lat' dir='ltr'><strong>quod</strong></span> <span class='ocrx_word' id='word_1_398' title='bbox 1963 5029 2088 5068; x_wconf 88' lang='lat' dir='ltr'><strong>sua-</strong></span> 
     </span>
    </p>
   </div>
   <div class='ocr_carea' id='block_1_53' title="bbox 519 5101 2092 5185">
    <p class='ocr_par' dir='ltr' id='par_1_53' title="bbox 519 5101 2092 5185">
     <span class='ocr_line' id='line_1_53' title="bbox 519 5101 2092 5185; baseline -0.01 -14"><span class='ocrx_word' id='word_1_399' title='bbox 519 5123 608 5185; x_wconf 87' lang='lat' dir='ltr'><strong>pte</strong></span> <span class='ocrx_word' id='word_1_400' title='bbox 628 5121 812 5168; x_wconf 87' lang='lat' dir='ltr'><strong>natura</strong></span> <span class='ocrx_word' id='word_1_401' title='bbox 833 5110 902 5165; x_wconf 86' lang='lat' dir='ltr'><strong>sit</strong></span> <span class='ocrx_word' id='word_1_402' title='bbox 929 5121 1224 5179; x_wconf 87' lang='lat' dir='ltr'><strong>propensus</strong></span> <span class='ocrx_word' id='word_1_403' title='bbox 1250 5103 1316 5159; x_wconf 89' lang='lat' dir='ltr'><strong>ad</strong></span> <span class='ocrx_word' id='word_1_404' title='bbox 1351 5101 1778 5158; x_wconf 75' lang='lat' dir='ltr'><strong>continuandum.</strong></span> <span class='ocrx_word' id='word_1_405' title='bbox 1834 5103 1966 5159; x_wconf 90' lang='lat' dir='ltr'><strong>lllud</strong></span> <span class='ocrx_word' id='word_1_406' title='bbox 1996 5117 2092 5157; x_wconf 91' lang='lat' dir='ltr'><strong>au-</strong></span> 
     </span>
    </p>
   </div>
   <div class='ocr_carea' id='block_1_54' title="bbox 523 5193 2084 5272">
    <p class='ocr_par' dir='ltr' id='par_1_54' title="bbox 523 5193 2084 5272">
     <span class='ocr_line' id='line_1_54' title="bbox 523 5193 2084 5272; baseline -0.008 -13"><span class='ocrx_word' id='word_1_407' title='bbox 523 5215 653 5266; x_wconf 87' lang='lat' dir='ltr'><strong>tem,</strong></span> <span class='ocrx_word' id='word_1_408' title='bbox 684 5201 969 5272; x_wconf 76' lang='lat' dir='ltr'><strong>Usquequo,</strong></span> <span class='ocrx_word' id='word_1_409' title='bbox 1001 5211 1108 5252; x_wconf 77' lang='lat' dir='ltr'><strong>non</strong></span> <span class='ocrx_word' id='word_1_410' title='bbox 1129 5205 1209 5252; x_wconf 86' lang='lat' dir='ltr'><strong>est</strong></span> <span class='ocrx_word' id='word_1_411' title='bbox 1239 5193 1470 5267; x_wconf 77' lang='lat' dir='ltr'><strong>graviter</strong></span> <span class='ocrx_word' id='word_1_412' title='bbox 1496 5209 1560 5249; x_wconf 90' lang='lat' dir='ltr'><strong>ac</strong></span> <span class='ocrx_word' id='word_1_413' title='bbox 1586 5194 1808 5248; x_wconf 90' lang='lat' dir='ltr'><strong>moleste</strong></span> <span class='ocrx_word' id='word_1_414' title='bbox 1835 5193 2052 5250; x_wconf 80' lang='lat' dir='ltr'><strong>ferentis</strong></span> <span class='ocrx_word' id='word_1_415' title='bbox 2071 5235 2084 5255; x_wconf 91' lang='lat'><strong>,</strong></span> 
     </span>
    </p>
   </div>
   <div class='ocr_carea' id='block_1_55' title="bbox 527 5286 2092 5354">
    <p class='ocr_par' dir='ltr' id='par_1_55' title="bbox 527 5286 2092 5354">
     <span class='ocr_line' id='line_1_55' title="bbox 527 5286 2092 5354; baseline -0.007 -3"><span class='ocrx_word' id='word_1_416' title='bbox 527 5295 620 5352; x_wconf 87' lang='lat' dir='ltr'><strong>sed</strong></span> <span class='ocrx_word' id='word_1_417' title='bbox 645 5293 873 5349; x_wconf 88' lang='lat' dir='ltr'><strong>dolentis</strong></span> <span class='ocrx_word' id='word_1_418' title='bbox 918 5307 980 5346; x_wconf 91' lang='lat' dir='ltr'><strong>ac</strong></span> <span class='ocrx_word' id='word_1_419' title='bbox 1020 5288 1332 5354; x_wconf 61' lang='lat' dir='ltr'><strong>maerentis,</strong></span> <span class='ocrx_word' id='word_1_420' title='bbox 1381 5294 1436 5342; x_wconf 79' lang='lat' dir='ltr'><strong>et</strong></span> <span class='ocrx_word' id='word_1_421' title='bbox 1481 5300 1589 5341; x_wconf 88' lang='lat' dir='ltr'><strong>non</strong></span> <span class='ocrx_word' id='word_1_422' title='bbox 1632 5286 1845 5340; x_wconf 80' lang='lat' dir='ltr'><strong>ferentis</strong></span> <span class='ocrx_word' id='word_1_423' title='bbox 1899 5286 2092 5340; x_wconf 88' lang='lat' dir='ltr'><strong>molem</strong></span> 
     </span>
    </p>
   </div>
   <div class='ocr_carea' id='block_1_56' title="bbox 526 5385 899 5442">
    <p class='ocr_par' dir='ltr' id='par_1_56' title="bbox 526 5385 899 5442">
     <span class='ocr_line' id='line_1_56' title="bbox 526 5385 899 5442; baseline -0.019 -1"><span class='ocrx_word' id='word_1_424' title='bbox 526 5385 899 5442; x_wconf 89' lang='lat' dir='ltr'><strong>tentationutn.</strong></span> 
     </span>
    </p>
   </div>
   <div class='ocr_carea' id='block_1_57' title="bbox 591 5551 2102 5627">
    <p class='ocr_par' dir='ltr' id='par_1_57' title="bbox 591 5551 2102 5627">
     <span class='ocr_line' id='line_1_57' title="bbox 591 5551 2102 5627; baseline -0.01 -13"><span class='ocrx_word' id='word_1_425' title='bbox 591 5571 607 5602; x_wconf 75' lang='grc' dir='ltr'><strong>ι</strong></span> <span class='ocrx_word' id='word_1_426' title='bbox 645 5575 790 5627; x_wconf 64' lang='grc' dir='ltr'><strong>ιιυς..</strong></span> <span class='ocrx_word' id='word_1_427' title='bbox 820 5567 934 5609; x_wconf 66' lang='lat' dir='ltr'><strong>Nam</strong></span> <span class='ocrx_word' id='word_1_428' title='bbox 958 5563 1006 5627; x_wconf 74' lang='lat' dir='ltr'><strong>ut</strong></span> <span class='ocrx_word' id='word_1_429' title='bbox 1031 5555 1101 5627; x_wconf 74' lang='lat' dir='ltr'><strong>ret</strong></span> <span class='ocrx_word' id='word_1_430' title='bbox 1123 5553 1215 5627; x_wconf 64' lang='lat' dir='ltr'><strong>ﬁat</strong></span> <span class='ocrx_word' id='word_1_431' title='bbox 1245 5554 1317 5604; x_wconf 79' lang='lat' dir='ltr'><strong>vel</strong></span> <span class='ocrx_word' id='word_1_432' title='bbox 1349 5567 1442 5604; x_wconf 85' lang='lat' dir='ltr'><strong>non</strong></span> <span class='ocrx_word' id='word_1_433' title='bbox 1481 5551 1585 5617; x_wconf 78' lang='lat' dir='ltr'><strong>ﬁat,</strong></span> <span class='ocrx_word' id='word_1_434' title='bbox 1627 5551 2102 5627; x_wconf 31' lang='lat' dir='ltr'><strong>exortagcupiditatc,</strong></span> 
     </span>
    </p>
   </div>
   <div class='ocr_carea' id='block_1_58' title="bbox 519 5614 2105 5694">
    <p class='ocr_par' dir='ltr' id='par_1_58' title="bbox 519 5614 2105 5694">
     <span class='ocr_line' id='line_1_58' title="bbox 519 5614 2105 5694; baseline 0 0"><span class='ocrx_word' id='word_1_435' title='bbox 683 5614 865 5694; x_wconf 67' lang='grc' dir='ltr'><strong>νῶεέςι</strong></span> <span class='ocrx_word' id='word_1_436' title='bbox 894 5631 922 5688; x_wconf 86' lang='lat'><strong>-&#39;.</strong></span> <span class='ocrx_word' id='word_1_437' title='bbox 935 5618 978 5668; x_wconf 70' lang='grc' dir='ltr'><strong>δέ</strong></span> <span class='ocrx_word' id='word_1_438' title='bbox 1556 5614 1794 5694; x_wconf 56' lang='grc' dir='ltr'><strong>εςεεξιὲςτ</strong></span> <span class='ocrx_word' id='word_1_439' title='bbox 1797 5614 2008 5694; x_wconf 58' lang='lat'><strong>22.1933.</strong></span> <span class='ocrx_word' id='word_1_440' title='bbox 2015 5622 2105 5694; x_wconf 65' lang='lat'><strong>-2&quot;.</strong></span> 
     </span>
    </p>
   </div>
   <div class='ocr_carea' id='block_1_59' title="bbox 523 5675 2106 5748">
    <p class='ocr_par' dir='ltr' id='par_1_59' title="bbox 523 5675 2106 5748">
     <span class='ocr_line' id='line_1_59' title="bbox 523 5675 2106 5748; baseline -0.011 -9"><span class='ocrx_word' id='word_1_441' title='bbox 523 5675 702 5742; x_wconf 52' lang='lat' dir='ltr'><strong>alitur</strong></span> <span class='ocrx_word' id='word_1_442' title='bbox 734 5679 945 5748; x_wconf 72' lang='lat' dir='ltr'><strong>fornacis</strong></span> <span class='ocrx_word' id='word_1_443' title='bbox 977 5676 1110 5748; x_wconf 62' lang='lat' dir='ltr'><strong>ignis</strong></span> <span class='ocrx_word' id='word_1_444' title='bbox 1122 5690 1141 5740; x_wconf 86' lang='lat'><strong>,°</strong></span> <span class='ocrx_word' id='word_1_445' title='bbox 1312 5677 1527 5729; x_wconf 71' lang='lat' dir='ltr'><strong>materia:</strong></span> <span class='ocrx_word' id='word_1_446' title='bbox 1559 5676 1754 5726; x_wconf 76' lang='lat' dir='ltr'><strong>dederis</strong></span> <span class='ocrx_word' id='word_1_447' title='bbox 1794 5675 2106 5737; x_wconf 73' lang='lat' dir='ltr'><strong>alimentum;</strong></span> 
     </span>
    </p>
   </div>
   <div class='ocr_carea' id='block_1_60' title="bbox 524 5737 1274 5808">
    <p class='ocr_par' dir='ltr' id='par_1_60' title="bbox 524 5737 1274 5808">
     <span class='ocr_line' id='line_1_60' title="bbox 524 5737 1274 5808; baseline -0.021 -3"><span class='ocrx_word' id='word_1_448' title='bbox 524 5737 621 5804; x_wconf 60' lang='lat' dir='ltr'><strong>Risi</strong></span> <span class='ocrx_word' id='word_1_449' title='bbox 642 5749 700 5800; x_wconf 72' lang='grc' dir='ltr'><strong>ιιι</strong></span> <span class='ocrx_word' id='word_1_450' title='bbox 723 5737 877 5797; x_wconf 72' lang='grc' dir='ltr'>ὸιιτιια</span> <span class='ocrx_word' id='word_1_451' title='bbox 900 5737 1274 5808; x_wconf 58' lang='lat' dir='ltr'><strong>pulchritudine.</strong></span> 
     </span>
    </p>
   </div>
   <div class='ocr_carea' id='block_1_61' title="bbox 1673 5891 1696 5940">
    <p class='ocr_par' dir='ltr' id='par_1_61' title="bbox 1673 5891 1696 5940">
     <span class='ocr_line' id='line_1_61' title="bbox 1673 5891 1696 5940; baseline 0 0"><span class='ocrx_word' id='word_1_452' title='bbox 1673 5891 1696 5940; x_wconf 74' lang='grc' dir='ltr'><strong><em>Ι</em></strong></span> 
     </span>
    </p>
   </div>
   <div class='ocr_carea' id='block_1_62' title="bbox 1255 310 3064 422">
    <p class='ocr_par' dir='ltr' id='par_1_62' title="bbox 1255 310 3064 422">
     <span class='ocr_line' id='line_1_62' title="bbox 1255 310 3064 422; baseline -0.002 -9"><span class='ocrx_word' id='word_1_453' title='bbox 1255 310 1311 413; x_wconf 82' lang='lat' dir='ltr'><strong>s.</strong></span> <span class='ocrx_word' id='word_1_454' title='bbox 1369 352 1647 416; x_wconf 69' lang='lat' dir='ltr'><strong>tosti-sis</strong></span> <span class='ocrx_word' id='word_1_455' title='bbox 1677 347 2153 422; x_wconf 73' lang='lat' dir='ltr'><strong>suursosrout</strong></span> <span class='ocrx_word' id='word_1_456' title='bbox 2193 348 2510 410; x_wconf 67' lang='lat' dir='ltr'><strong>secutae.</strong></span> <span class='ocrx_word' id='word_1_457' title='bbox 2549 347 3064 410; x_wconf 70' lang='lat' dir='ltr'><strong>mnsrmtnor</strong></span> 
     </span>
    </p>
   </div>
   <div class='ocr_carea' id='block_1_63' title="bbox 3667 353 3758 414">
    <p class='ocr_par' dir='ltr' id='par_1_63' title="bbox 3667 353 3758 414">
     <span class='ocr_line' id='line_1_63' title="bbox 3667 353 3758 414; baseline 0 0"><span class='ocrx_word' id='word_1_458' title='bbox 3667 353 3758 414; x_wconf 60' lang='grc' dir='ltr'><strong>τε</strong></span> 
     </span>
    </p>
   </div>
   <div class='ocr_carea' id='block_1_64' title="bbox 2202 461 3758 536">
    <p class='ocr_par' dir='ltr' id='par_1_64' title="bbox 2202 461 3758 536">
     <span class='ocr_line' id='line_1_64' title="bbox 2202 461 3758 536; baseline 0.008 -23"><span class='ocrx_word' id='word_1_459' title='bbox 2202 461 2270 517; x_wconf 64' lang='grc' dir='ltr'><strong>Α.</strong></span> <span class='ocrx_word' id='word_1_460' title='bbox 2308 461 2627 535; x_wconf 60' lang='lat' dir='ltr'><strong>Convertere.</strong></span> <span class='ocrx_word' id='word_1_461' title='bbox 2661 461 2896 532; x_wconf 70' lang='lat' dir='ltr'><strong>Domine,</strong></span> <span class='ocrx_word' id='word_1_462' title='bbox 2939 467 3082 536; x_wconf 63' lang='lat' dir='ltr'><strong>eripe</strong></span> <span class='ocrx_word' id='word_1_463' title='bbox 3103 464 3332 522; x_wconf 66' lang='lat' dir='ltr'><strong>alim</strong></span> <span class='ocrx_word' id='word_1_464' title='bbox 3371 483 3559 526; x_wconf 62' lang='lat' dir='ltr'><strong>meum.</strong></span> <span class='ocrx_word' id='word_1_465' title='bbox 3615 468 3758 526; x_wconf 66' lang='lat' dir='ltr'><strong>De.</strong></span> 
     </span>
    </p>
   </div>
   <div class='ocr_carea' id='block_1_65' title="bbox 2143 553 3760 631">
    <p class='ocr_par' dir='ltr' id='par_1_65' title="bbox 2143 553 3760 631">
     <span class='ocr_line' id='line_1_65' title="bbox 2143 553 3760 631; baseline 0.006 -21"><span class='ocrx_word' id='word_1_466' title='bbox 2143 554 2232 610; x_wconf 82' lang='lat' dir='ltr'><strong>hic</strong></span> <span class='ocrx_word' id='word_1_467' title='bbox 2257 553 2427 625; x_wconf 85' lang='lat' dir='ltr'><strong>punit,</strong></span> <span class='ocrx_word' id='word_1_468' title='bbox 2453 564 2508 611; x_wconf 90' lang='lat' dir='ltr'><strong>ct</strong></span> <span class='ocrx_word' id='word_1_469' title='bbox 2534 553 2707 625; x_wconf 79' lang='lat' dir='ltr'><strong>ipsum</strong></span> <span class='ocrx_word' id='word_1_470' title='bbox 2733 557 3000 623; x_wconf 76' lang='lat' dir='ltr'><strong>converti,</strong></span> <span class='ocrx_word' id='word_1_471' title='bbox 3022 564 3084 615; x_wconf 84' lang='lat' dir='ltr'><strong>et</strong></span> <span class='ocrx_word' id='word_1_472' title='bbox 3101 557 3316 631; x_wconf 80' lang='lat' dir='ltr'><strong>eripere</strong></span> <span class='ocrx_word' id='word_1_473' title='bbox 3332 560 3588 619; x_wconf 67' lang='lat' dir='ltr'><strong>animam.</strong></span> <span class='ocrx_word' id='word_1_474' title='bbox 3621 561 3760 620; x_wconf 76' lang='lat' dir='ltr'><strong>Ille</strong></span> 
     </span>
    </p>
   </div>
   <div class='ocr_carea' id='block_1_66' title="bbox 2141 643 3758 726">
    <p class='ocr_par' dir='ltr' id='par_1_66' title="bbox 2141 643 3758 726">
     <span class='ocr_line' id='line_1_66' title="bbox 2141 643 3758 726; baseline 0.007 -26"><span class='ocrx_word' id='word_1_475' title='bbox 2141 643 2287 701; x_wconf 84' lang='lat' dir='ltr'><strong>enim</strong></span> <span class='ocrx_word' id='word_1_476' title='bbox 2313 662 2344 700; x_wconf 85' lang='lat' dir='ltr'><strong>a</strong></span> <span class='ocrx_word' id='word_1_477' title='bbox 2363 645 2522 717; x_wconf 73' lang='lat' dir='ltr'><strong>iustis</strong></span> <span class='ocrx_word' id='word_1_478' title='bbox 2542 646 2775 704; x_wconf 81' lang='lat' dir='ltr'><strong>maximo</strong></span> <span class='ocrx_word' id='word_1_479' title='bbox 2798 647 2975 703; x_wconf 85' lang='lat' dir='ltr'><strong>studio</strong></span> <span class='ocrx_word' id='word_1_480' title='bbox 2994 649 3361 719; x_wconf 81' lang='lat' dir='ltr'><strong>contenditur,</strong></span> <span class='ocrx_word' id='word_1_481' title='bbox 3403 661 3464 726; x_wconf 82' lang='lat' dir='ltr'><strong>nt</strong></span> <span class='ocrx_word' id='word_1_482' title='bbox 3485 654 3608 725; x_wconf 74' lang='lat' dir='ltr'><strong>ipso</strong></span> <span class='ocrx_word' id='word_1_483' title='bbox 3647 661 3758 711; x_wconf 68' lang='grc' dir='ltr'><strong><em>η-</em></strong></span> 
     </span>
    </p>
   </div>
   <div class='ocr_carea' id='block_1_67' title="bbox 2144 726 3760 812">
    <p class='ocr_par' dir='ltr' id='par_1_67' title="bbox 2144 726 3760 812">
     <span class='ocr_line' id='line_1_67' title="bbox 2144 726 3760 812; baseline 0.006 -20"><span class='ocrx_word' id='word_1_484' title='bbox 2144 737 2479 804; x_wconf 81' lang='lat' dir='ltr'><strong>concilictur,</strong></span> <span class='ocrx_word' id='word_1_485' title='bbox 2504 739 2574 794; x_wconf 85' lang='lat' dir='ltr'><strong>sit</strong></span> <span class='ocrx_word' id='word_1_486' title='bbox 2597 738 2858 810; x_wconf 84' lang='lat' dir='ltr'><strong>benignus</strong></span> <span class='ocrx_word' id='word_1_487' title='bbox 2882 754 2948 796; x_wconf 91' lang='lat' dir='ltr'><strong>ac</strong></span> <span class='ocrx_word' id='word_1_488' title='bbox 2976 742 3259 812; x_wconf 78' lang='lat' dir='ltr'><strong>propitius,</strong></span> <span class='ocrx_word' id='word_1_489' title='bbox 3285 751 3343 800; x_wconf 87' lang='lat' dir='ltr'><strong>et</strong></span> <span class='ocrx_word' id='word_1_490' title='bbox 3363 759 3490 801; x_wconf 81' lang='lat' dir='ltr'><strong>.aon</strong></span> <span class='ocrx_word' id='word_1_491' title='bbox 3515 726 3760 802; x_wconf 65' lang='lat' dir='ltr'><strong>averse-</strong></span> 
     </span>
    </p>
   </div>
   <div class='ocr_carea' id='block_1_68' title="bbox 2143 827 3756 906">
    <p class='ocr_par' dir='ltr' id='par_1_68' title="bbox 2143 827 3756 906">
     <span class='ocr_line' id='line_1_68' title="bbox 2143 827 3756 906; baseline 0.007 -24"><span class='ocrx_word' id='word_1_492' title='bbox 2143 834 2252 883; x_wconf 90' lang='lat' dir='ltr'><strong>tur.</strong></span> <span class='ocrx_word' id='word_1_493' title='bbox 2275 827 2389 893; x_wconf 71' lang='lat' dir='ltr'><strong>Hoc</strong></span> <span class='ocrx_word' id='word_1_494' title='bbox 2407 829 2548 888; x_wconf 69' lang='lat' dir='ltr'><strong>enirn</strong></span> <span class='ocrx_word' id='word_1_495' title='bbox 2575 831 2737 887; x_wconf 89' lang='lat' dir='ltr'><strong>etiam</strong></span> <span class='ocrx_word' id='word_1_496' title='bbox 2762 832 2910 888; x_wconf 89' lang='lat' dir='ltr'><strong>aliud</strong></span> <span class='ocrx_word' id='word_1_497' title='bbox 2931 833 3297 905; x_wconf 81' lang='lat' dir='ltr'><strong>consequitur,</strong></span> <span class='ocrx_word' id='word_1_498' title='bbox 3320 850 3516 906; x_wconf 80' lang='lat' dir='ltr'><strong>nempe</strong></span> <span class='ocrx_word' id='word_1_499' title='bbox 3533 843 3595 892; x_wconf 81' lang='lat' dir='ltr'><strong>ut</strong></span> <span class='ocrx_word' id='word_1_500' title='bbox 3609 848 3756 892; x_wconf 74' lang='lat' dir='ltr'><strong>aer-</strong></span> 
     </span>
    </p>
   </div>
   <div class='ocr_carea' id='block_1_69' title="bbox 2147 921 3758 997">
    <p class='ocr_par' dir='ltr' id='par_1_69' title="bbox 2147 921 3758 997">
     <span class='ocr_line' id='line_1_69' title="bbox 2147 921 3758 997; baseline 0.007 -25"><span class='ocrx_word' id='word_1_501' title='bbox 2147 927 2304 977; x_wconf 84' lang='lat' dir='ltr'><strong>vetur</strong></span> <span class='ocrx_word' id='word_1_502' title='bbox 2327 921 2539 986; x_wconf 83' lang='lat' dir='ltr'><strong>anima;</strong></span> <span class='ocrx_word' id='word_1_503' title='bbox 2569 935 2678 976; x_wconf 87' lang='lat' dir='ltr'><strong>non</strong></span> <span class='ocrx_word' id='word_1_504' title='bbox 2691 921 3151 993; x_wconf 82' lang='lat' dir='ltr'><strong>quemadmodum</strong></span> <span class='ocrx_word' id='word_1_505' title='bbox 3179 925 3333 982; x_wconf 85' lang='lat' dir='ltr'><strong>multi</strong></span> <span class='ocrx_word' id='word_1_506' title='bbox 3376 925 3647 997; x_wconf 43' lang='lat' dir='ltr'><strong>honinem</strong></span> <span class='ocrx_word' id='word_1_507' title='bbox 3685 932 3758 984; x_wconf 70' lang='grc' dir='ltr'><strong>α</strong></span> 
     </span>
    </p>
   </div>
   <div class='ocr_carea' id='block_1_70' title="bbox 2147 1009 3756 1090">
    <p class='ocr_par' dir='ltr' id='par_1_70' title="bbox 2147 1009 3756 1090">
     <span class='ocr_line' id='line_1_70' title="bbox 2147 1009 3756 1090; baseline 0.006 -28"><span class='ocrx_word' id='word_1_508' title='bbox 2147 1009 2380 1063; x_wconf 80' lang='lat' dir='ltr'><strong>maxime</strong></span> <span class='ocrx_word' id='word_1_509' title='bbox 2403 1010 2714 1076; x_wconf 83' lang='lat' dir='ltr'><strong>crassiores,</strong></span> <span class='ocrx_word' id='word_1_510' title='bbox 2745 1027 2909 1073; x_wconf 84' lang='lat' dir='ltr'><strong>unum</strong></span> <span class='ocrx_word' id='word_1_511' title='bbox 2929 1012 3104 1068; x_wconf 75' lang='lat' dir='ltr'><strong>stilum</strong></span> <span class='ocrx_word' id='word_1_512' title='bbox 3133 1015 3430 1084; x_wconf 87' lang='lat' dir='ltr'><strong>requirunt,</strong></span> <span class='ocrx_word' id='word_1_513' title='bbox 3461 1052 3464 1053; x_wconf 50' lang='grc' dir='ltr'><em>ν</em></span> <span class='ocrx_word' id='word_1_514' title='bbox 3489 1025 3546 1071; x_wconf 84' lang='lat' dir='ltr'><strong>ut</strong></span> <span class='ocrx_word' id='word_1_515' title='bbox 3590 1019 3756 1090; x_wconf 54' lang='lat' dir='ltr'><strong>pura-</strong></span> 
     </span>
    </p>
   </div>
   <div class='ocr_carea' id='block_1_71' title="bbox 2147 1097 3757 1176">
    <p class='ocr_par' dir='ltr' id='par_1_71' title="bbox 2147 1097 3757 1176">
     <span class='ocr_line' id='line_1_71' title="bbox 2147 1097 3757 1176; baseline 0.006 -21"><span class='ocrx_word' id='word_1_516' title='bbox 2147 1100 2286 1155; x_wconf 81' lang='lat' dir='ltr'><strong>senti</strong></span> <span class='ocrx_word' id='word_1_517' title='bbox 2310 1097 2554 1154; x_wconf 72' lang='lat' dir='ltr'><strong>fruantur</strong></span> <span class='ocrx_word' id='word_1_518' title='bbox 2573 1101 2948 1176; x_wconf 78' lang='lat' dir='ltr'><strong>prosperitate.</strong></span> <span class='ocrx_word' id='word_1_519' title='bbox 2971 1103 3044 1158; x_wconf 81' lang='lat' dir='ltr'><strong>At</strong></span> <span class='ocrx_word' id='word_1_520' title='bbox 3070 1117 3176 1159; x_wconf 90' lang='lat' dir='ltr'><strong>non</strong></span> <span class='ocrx_word' id='word_1_521' title='bbox 3207 1104 3282 1160; x_wconf 79' lang='lat' dir='ltr'><strong>illi</strong></span> <span class='ocrx_word' id='word_1_522' title='bbox 3303 1104 3382 1160; x_wconf 87' lang='lat' dir='ltr'><strong>sic</strong></span> <span class='ocrx_word' id='word_1_523' title='bbox 3402 1124 3422 1173; x_wconf 89' lang='lat'><strong>;</strong></span> <span class='ocrx_word' id='word_1_524' title='bbox 3449 1108 3545 1163; x_wconf 83' lang='lat' dir='ltr'><strong>sed</strong></span> <span class='ocrx_word' id='word_1_525' title='bbox 3567 1117 3627 1164; x_wconf 81' lang='lat' dir='ltr'><strong>ut</strong></span> <span class='ocrx_word' id='word_1_526' title='bbox 3644 1123 3757 1163; x_wconf 74' lang='lat' dir='ltr'><strong>an—</strong></span> 
     </span>
    </p>
   </div>
   <div class='ocr_carea' id='block_1_72' title="bbox 2149 1186 3754 1266">
    <p class='ocr_par' dir='ltr' id='par_1_72' title="bbox 2149 1186 3754 1266">
     <span class='ocr_line' id='line_1_72' title="bbox 2149 1186 3754 1266; baseline 0.006 -22"><span class='ocrx_word' id='word_1_527' title='bbox 2149 1190 2314 1250; x_wconf 77' lang='lat' dir='ltr'><strong>lntein</strong></span> <span class='ocrx_word' id='word_1_528' title='bbox 2344 1191 2538 1249; x_wconf 67' lang='lat' dir='ltr'><strong>animai</strong></span> <span class='ocrx_word' id='word_1_529' title='bbox 2557 1203 2974 1264; x_wconf 84' lang='lat' dir='ltr'><strong>consequantur,</strong></span> <span class='ocrx_word' id='word_1_530' title='bbox 3021 1209 3130 1266; x_wconf 78' lang='lat' dir='ltr'><strong>qua</strong></span> <span class='ocrx_word' id='word_1_531' title='bbox 3173 1195 3310 1252; x_wconf 82' lang='lat' dir='ltr'><strong>nihil</strong></span> <span class='ocrx_word' id='word_1_532' title='bbox 3352 1205 3440 1256; x_wconf 84' lang='lat' dir='ltr'><strong>est</strong></span> <span class='ocrx_word' id='word_1_533' title='bbox 3468 1186 3546 1255; x_wconf 74' lang='lat' dir='ltr'><strong>eis</strong></span> <span class='ocrx_word' id='word_1_534' title='bbox 3593 1199 3754 1254; x_wconf 83' lang='lat' dir='ltr'><strong>anti-</strong></span> 
     </span>
    </p>
   </div>
   <div class='ocr_carea' id='block_1_73' title="bbox 2147 1269 3743 1360">
    <p class='ocr_par' dir='ltr' id='par_1_73' title="bbox 2147 1269 3743 1360">
     <span class='ocr_line' id='line_1_73' title="bbox 2147 1269 3743 1360; baseline 0.005 -24"><span class='ocrx_word' id='word_1_535' title='bbox 2147 1282 2323 1351; x_wconf 85' lang='lat' dir='ltr'><strong>quius.</strong></span> <span class='ocrx_word' id='word_1_536' title='bbox 2347 1282 2402 1338; x_wconf 80' lang='lat'><strong>6.</strong></span> <span class='ocrx_word' id='word_1_537' title='bbox 2438 1282 2694 1350; x_wconf 62' lang='lat' dir='ltr'><strong>Quoniam</strong></span> <span class='ocrx_word' id='word_1_538' title='bbox 2714 1301 2816 1339; x_wconf 78' lang='lat' dir='ltr'><strong>non</strong></span> <span class='ocrx_word' id='word_1_539' title='bbox 2837 1296 2912 1343; x_wconf 73' lang='lat' dir='ltr'><strong>at</strong></span> <span class='ocrx_word' id='word_1_540' title='bbox 2939 1288 2992 1341; x_wconf 83' lang='lat' dir='ltr'><strong>in</strong></span> <span class='ocrx_word' id='word_1_541' title='bbox 3021 1295 3180 1342; x_wconf 78' lang='lat' dir='ltr'><strong>morte</strong></span> <span class='ocrx_word' id='word_1_542' title='bbox 3197 1286 3290 1360; x_wconf 60' lang='grc' dir='ltr'><strong><em>μί</em></strong></span> <span class='ocrx_word' id='word_1_543' title='bbox 3311 1269 3584 1344; x_wconf 62' lang='grc' dir='ltr'>ωσι-ἀι</span> <span class='ocrx_word' id='word_1_544' title='bbox 3613 1292 3693 1344; x_wconf 75' lang='lat' dir='ltr'><strong>tati</strong></span> <span class='ocrx_word' id='word_1_545' title='bbox 3717 1331 3743 1355; x_wconf 83' lang='lat'><strong>,</strong></span> 
     </span>
    </p>
   </div>
   <div class='ocr_carea' id='block_1_74' title="bbox 2147 1373 3753 1450">
    <p class='ocr_par' dir='ltr' id='par_1_74' title="bbox 2147 1373 3753 1450">
     <span class='ocr_line' id='line_1_74' title="bbox 2147 1373 3753 1450; baseline 0.006 -22"><span class='ocrx_word' id='word_1_546' title='bbox 2147 1373 2202 1428; x_wconf 84' lang='lat' dir='ltr'><strong>in</strong></span> <span class='ocrx_word' id='word_1_547' title='bbox 2223 1374 2427 1446; x_wconf 66' lang='lat' dir='ltr'><strong>inferno</strong></span> <span class='ocrx_word' id='word_1_548' title='bbox 2446 1382 2614 1428; x_wconf 79' lang='lat' dir='ltr'><strong>autem</strong></span> <span class='ocrx_word' id='word_1_549' title='bbox 2638 1376 2752 1443; x_wconf 72' lang='lat' dir='ltr'><strong>quis</strong></span> <span class='ocrx_word' id='word_1_550' title='bbox 2775 1377 3095 1442; x_wconf 67' lang='lat' dir='ltr'><strong>conﬁtebitItr</strong></span> <span class='ocrx_word' id='word_1_551' title='bbox 3112 1378 3201 1433; x_wconf 73' lang='lat' dir='ltr'><strong>tibi</strong></span> <span class='ocrx_word' id='word_1_552' title='bbox 3217 1378 3244 1432; x_wconf 71' lang='grc'><strong><em>2</em></strong></span> <span class='ocrx_word' id='word_1_553' title='bbox 3272 1377 3406 1436; x_wconf 80' lang='lat' dir='ltr'><strong>Vide</strong></span> <span class='ocrx_word' id='word_1_554' title='bbox 3421 1389 3552 1450; x_wconf 81' lang='lat' dir='ltr'><strong>quot</strong></span> <span class='ocrx_word' id='word_1_555' title='bbox 3575 1381 3753 1438; x_wconf 71' lang='lat' dir='ltr'><strong>alien</strong></span> 
     </span>
    </p>
   </div>
   <div class='ocr_carea' id='block_1_75' title="bbox 2147 1463 3751 1541">
    <p class='ocr_par' dir='ltr' id='par_1_75' title="bbox 2147 1463 3751 1541">
     <span class='ocr_line' id='line_1_75' title="bbox 2147 1463 3751 1541; baseline 0.005 -23"><span class='ocrx_word' id='word_1_556' title='bbox 2147 1477 2338 1520; x_wconf 79' lang='lat' dir='ltr'><strong>causas</strong></span> <span class='ocrx_word' id='word_1_557' title='bbox 2364 1463 2572 1521; x_wconf 79' lang='lat' dir='ltr'><strong>salutis.</strong></span> <span class='ocrx_word' id='word_1_558' title='bbox 2603 1465 2854 1530; x_wconf 76' lang='lat' dir='ltr'><strong>Quoniam</strong></span> <span class='ocrx_word' id='word_1_559' title='bbox 2873 1467 3108 1535; x_wconf 68' lang='lat' dir='ltr'><strong>inﬁmus</strong></span> <span class='ocrx_word' id='word_1_560' title='bbox 3151 1486 3285 1536; x_wconf 74' lang='lat' dir='ltr'><strong>sum,</strong></span> <span class='ocrx_word' id='word_1_561' title='bbox 3339 1470 3533 1541; x_wconf 84' lang='lat' dir='ltr'><strong>inquit,</strong></span> <span class='ocrx_word' id='word_1_562' title='bbox 3587 1471 3751 1540; x_wconf 79' lang='lat' dir='ltr'><strong>Quo-</strong></span> 
     </span>
    </p>
   </div>
   <div class='ocr_carea' id='block_1_76' title="bbox 2150 1555 3749 1632">
    <p class='ocr_par' dir='ltr' id='par_1_76' title="bbox 2150 1555 3749 1632">
     <span class='ocr_line' id='line_1_76' title="bbox 2150 1555 3749 1632; baseline 0.001 -17"><span class='ocrx_word' id='word_1_563' title='bbox 2150 1555 2289 1615; x_wconf 75' lang='lat' dir='ltr'><strong>uiam</strong></span> <span class='ocrx_word' id='word_1_564' title='bbox 2307 1556 2607 1616; x_wconf 70' lang='lat' dir='ltr'><strong>conturbata</strong></span> <span class='ocrx_word' id='word_1_565' title='bbox 2625 1566 2742 1612; x_wconf 84' lang='lat' dir='ltr'><strong>sunt</strong></span> <span class='ocrx_word' id='word_1_566' title='bbox 2768 1575 2886 1614; x_wconf 77' lang='lat' dir='ltr'><strong>om</strong></span> <span class='ocrx_word' id='word_1_567' title='bbox 2903 1574 3039 1624; x_wconf 76' lang='lat' dir='ltr'><strong>mea,</strong></span> <span class='ocrx_word' id='word_1_568' title='bbox 3089 1561 3343 1630; x_wconf 85' lang='lat' dir='ltr'><strong>quoniam</strong></span> <span class='ocrx_word' id='word_1_569' title='bbox 3383 1561 3498 1617; x_wconf 72' lang='lat' dir='ltr'><strong>lucc</strong></span> <span class='ocrx_word' id='word_1_570' title='bbox 3536 1572 3661 1632; x_wconf 83' lang='lat' dir='ltr'><strong>pcto</strong></span> <span class='ocrx_word' id='word_1_571' title='bbox 3708 1577 3749 1617; x_wconf 83' lang='lat' dir='ltr'><strong>a</strong></span> 
     </span>
    </p>
   </div>
   <div class='ocr_carea' id='block_1_77' title="bbox 2150 1651 3749 1726">
    <p class='ocr_par' dir='ltr' id='par_1_77' title="bbox 2150 1651 3749 1726">
     <span class='ocr_line' id='line_1_77' title="bbox 2150 1651 3749 1726; baseline -0.001 -16"><span class='ocrx_word' id='word_1_572' title='bbox 2150 1652 2404 1726; x_wconf 70' lang='lat' dir='ltr'><strong>Domino,</strong></span> <span class='ocrx_word' id='word_1_573' title='bbox 2427 1651 2679 1723; x_wconf 76' lang='lat' dir='ltr'><strong>Quoniam</strong></span> <span class='ocrx_word' id='word_1_574' title='bbox 2707 1669 2809 1713; x_wconf 76' lang='lat' dir='ltr'><strong>non</strong></span> <span class='ocrx_word' id='word_1_575' title='bbox 2837 1663 2911 1709; x_wconf 78' lang='lat' dir='ltr'><strong>est</strong></span> <span class='ocrx_word' id='word_1_576' title='bbox 2932 1654 2999 1719; x_wconf 44' lang='lat' dir='ltr'><strong>in,</strong></span> <span class='ocrx_word' id='word_1_577' title='bbox 3016 1664 3178 1710; x_wconf 73' lang='lat' dir='ltr'><strong>morte</strong></span> <span class='ocrx_word' id='word_1_578' title='bbox 3193 1655 3286 1726; x_wconf 79' lang='lat' dir='ltr'><strong>qui</strong></span> <span class='ocrx_word' id='word_1_579' title='bbox 3309 1671 3499 1709; x_wconf 74' lang='lat' dir='ltr'><strong>mmor</strong></span> <span class='ocrx_word' id='word_1_580' title='bbox 3525 1657 3597 1710; x_wconf 84' lang='lat' dir='ltr'><strong>sit-</strong></span> <span class='ocrx_word' id='word_1_581' title='bbox 3613 1656 3693 1708; x_wconf 82' lang='lat' dir='ltr'><strong>ttti</strong></span> <span class='ocrx_word' id='word_1_582' title='bbox 3722 1671 3749 1709; x_wconf 88' lang='lat'><strong><em>:</em></strong></span> 
     </span>
    </p>
   </div>
   <div class='ocr_carea' id='block_1_78' title="bbox 2149 1741 3748 1816">
    <p class='ocr_par' dir='ltr' id='par_1_78' title="bbox 2149 1741 3748 1816">
     <span class='ocr_line' id='line_1_78' title="bbox 2149 1741 3748 1816; baseline -0.001 -14"><span class='ocrx_word' id='word_1_583' title='bbox 2149 1757 2256 1811; x_wconf 84' lang='lat' dir='ltr'><strong>non</strong></span> <span class='ocrx_word' id='word_1_584' title='bbox 2283 1741 2386 1799; x_wconf 84' lang='lat' dir='ltr'><strong>hoc</strong></span> <span class='ocrx_word' id='word_1_585' title='bbox 2404 1744 2608 1808; x_wconf 88' lang='lat' dir='ltr'><strong>dicens,</strong></span> <span class='ocrx_word' id='word_1_586' title='bbox 2638 1759 2743 1812; x_wconf 81' lang='lat' dir='ltr'><strong>res</strong></span> <span class='ocrx_word' id='word_1_587' title='bbox 2764 1754 2974 1806; x_wconf 76' lang='lat' dir='ltr'><strong>nostras</strong></span> <span class='ocrx_word' id='word_1_588' title='bbox 2993 1760 3115 1804; x_wconf 83' lang='lat' dir='ltr'><strong>esse</strong></span> <span class='ocrx_word' id='word_1_589' title='bbox 3143 1749 3420 1816; x_wconf 62' lang='lat' dir='ltr'><strong>praesentis</strong></span> <span class='ocrx_word' id='word_1_590' title='bbox 3439 1749 3563 1804; x_wconf 68' lang='lat' dir='ltr'><strong>vitae</strong></span> <span class='ocrx_word' id='word_1_591' title='bbox 3591 1748 3748 1803; x_wconf 85' lang='lat' dir='ltr'><strong>litui-</strong></span> 
     </span>
    </p>
   </div>
   <div class='ocr_carea' id='block_1_79' title="bbox 2151 1833 3746 1913">
    <p class='ocr_par' dir='ltr' id='par_1_79' title="bbox 2151 1833 3746 1913">
     <span class='ocr_line' id='line_1_79' title="bbox 2151 1833 3746 1913; baseline 0.002 -23"><span class='ocrx_word' id='word_1_592' title='bbox 2151 1833 2292 1913; x_wconf 83' lang='lat' dir='ltr'><strong>tibua</strong></span> <span class='ocrx_word' id='word_1_593' title='bbox 2310 1834 2766 1905; x_wconf 84' lang='lat' dir='ltr'><strong>circutnscriptas,</strong></span> <span class='ocrx_word' id='word_1_594' title='bbox 2793 1833 2940 1892; x_wconf 87' lang='lat' dir='ltr'><strong>absit</strong></span> <span class='ocrx_word' id='word_1_595' title='bbox 2967 1852 2980 1888; x_wconf 92' lang='lat'><strong>:</strong></span> <span class='ocrx_word' id='word_1_596' title='bbox 3013 1836 3162 1892; x_wconf 78' lang='lat' dir='ltr'><strong>novit</strong></span> <span class='ocrx_word' id='word_1_597' title='bbox 3190 1837 3332 1892; x_wconf 89' lang='lat' dir='ltr'><strong>enim</strong></span> <span class='ocrx_word' id='word_1_598' title='bbox 3384 1839 3746 1894; x_wconf 52' lang='lat' dir='ltr'><strong>resurrectio&#39;</strong></span> 
     </span>
    </p>
   </div>
   <div class='ocr_carea' id='block_1_80' title="bbox 2153 1926 3739 1996">
    <p class='ocr_par' dir='ltr' id='par_1_80' title="bbox 2153 1926 3739 1996">
     <span class='ocr_line' id='line_1_80' title="bbox 2153 1926 3739 1996; baseline 0.003 -17"><span class='ocrx_word' id='word_1_599' title='bbox 2153 1938 2310 1989; x_wconf 90' lang='lat' dir='ltr'><strong>nem;</strong></span> <span class='ocrx_word' id='word_1_600' title='bbox 2340 1927 2434 1980; x_wconf 88' lang='lat' dir='ltr'><strong>sed</strong></span> <span class='ocrx_word' id='word_1_601' title='bbox 2463 1933 2744 1996; x_wconf 88' lang='lat' dir='ltr'><strong>postquam</strong></span> <span class='ocrx_word' id='word_1_602' title='bbox 2775 1926 2902 1982; x_wconf 79' lang='lat' dir='ltr'><strong>hinc</strong></span> <span class='ocrx_word' id='word_1_603' title='bbox 2928 1928 3338 1994; x_wconf 78' lang='lat' dir='ltr'><strong>excesserimus,</strong></span> <span class='ocrx_word' id='word_1_604' title='bbox 3371 1943 3477 1983; x_wconf 89' lang='lat' dir='ltr'><strong>non</strong></span> <span class='ocrx_word' id='word_1_605' title='bbox 3508 1928 3623 1984; x_wconf 91' lang='lat' dir='ltr'><strong>dari</strong></span> <span class='ocrx_word' id='word_1_606' title='bbox 3646 1928 3739 1983; x_wconf 86' lang='lat' dir='ltr'><strong>lo-</strong></span> 
     </span>
    </p>
   </div>
   <div class='ocr_carea' id='block_1_81' title="bbox 2152 2014 3746 2091">
    <p class='ocr_par' dir='ltr' id='par_1_81' title="bbox 2152 2014 3746 2091">
     <span class='ocr_line' id='line_1_81' title="bbox 2152 2014 3746 2091; baseline 0.003 -21"><span class='ocrx_word' id='word_1_607' title='bbox 2152 2028 2274 2071; x_wconf 89' lang='lat' dir='ltr'><strong>cum</strong></span> <span class='ocrx_word' id='word_1_608' title='bbox 2302 2015 2648 2086; x_wconf 72' lang='lat' dir='ltr'><strong>ptenitenliae.</strong></span> <span class='ocrx_word' id='word_1_609' title='bbox 2672 2014 2831 2075; x_wconf 82' lang='lat' dir='ltr'><strong>Dives</strong></span> <span class='ocrx_word' id='word_1_610' title='bbox 2847 2019 2990 2076; x_wconf 83' lang='lat' dir='ltr'><strong>enim</strong></span> <span class='ocrx_word' id='word_1_611' title='bbox 3015 2018 3372 2075; x_wconf 76' lang='lat' dir='ltr'><strong>conﬁtebatur</strong></span> <span class='ocrx_word' id='word_1_612' title='bbox 3396 2060 3415 2086; x_wconf 93' lang='lat'><strong>,</strong></span> <span class='ocrx_word' id='word_1_613' title='bbox 3461 2029 3516 2075; x_wconf 91' lang='lat' dir='ltr'><strong>et</strong></span> <span class='ocrx_word' id='word_1_614' title='bbox 3560 2021 3746 2091; x_wconf 70' lang='lat' dir='ltr'><strong>pani-</strong></span> 
     </span>
    </p>
   </div>
   <div class='ocr_carea' id='block_1_82' title="bbox 2154 2108 3744 2190">
    <p class='ocr_par' dir='ltr' id='par_1_82' title="bbox 2154 2108 3744 2190">
     <span class='ocr_line' id='line_1_82' title="bbox 2154 2108 3744 2190; baseline 0.002 -26"><span class='ocrx_word' id='word_1_615' title='bbox 2154 2110 2317 2169; x_wconf 86' lang='lat' dir='ltr'><strong>tentia</strong></span> <span class='ocrx_word' id='word_1_616' title='bbox 2342 2108 2653 2176; x_wconf 87' lang='lat' dir='ltr'><strong>ducebatur,</strong></span> <span class='ocrx_word' id='word_1_617' title='bbox 2677 2110 2933 2190; x_wconf 33' lang='grc' dir='ltr'>θθάιιιίιιίι</span> <span class='ocrx_word' id='word_1_618' title='bbox 2957 2111 3006 2167; x_wconf 87' lang='lat' dir='ltr'><strong>ei</strong></span> <span class='ocrx_word' id='word_1_619' title='bbox 3029 2111 3303 2183; x_wconf 80' lang='lat' dir='ltr'><strong>proderat,</strong></span> <span class='ocrx_word' id='word_1_620' title='bbox 3325 2113 3578 2182; x_wconf 87' lang='lat' dir='ltr'><strong>quoniam</strong></span> <span class='ocrx_word' id='word_1_621' title='bbox 3597 2124 3744 2169; x_wconf 68' lang='lat' dir='ltr'><strong>tem-</strong></span> 
     </span>
    </p>
   </div>
   <div class='ocr_carea' id='block_1_83' title="bbox 2154 2201 3745 2278">
    <p class='ocr_par' dir='ltr' id='par_1_83' title="bbox 2154 2201 3745 2278">
     <span class='ocr_line' id='line_1_83' title="bbox 2154 2201 3745 2278; baseline 0.002 -21"><span class='ocrx_word' id='word_1_622' title='bbox 2154 2215 2255 2278; x_wconf 81' lang='lat' dir='ltr'><strong>pus</strong></span> <span class='ocrx_word' id='word_1_623' title='bbox 2281 2202 2613 2270; x_wconf 66' lang='lat' dir='ltr'><strong>praeterierat</strong></span> <span class='ocrx_word' id='word_1_624' title='bbox 2633 2201 2798 2274; x_wconf 83' lang='lat' dir='ltr'><strong>(Luc.</strong></span> <span class='ocrx_word' id='word_1_625' title='bbox 2818 2202 2941 2273; x_wconf 71' lang='lat' dir='ltr'><strong>t6).</strong></span> <span class='ocrx_word' id='word_1_626' title='bbox 2969 2201 3216 2274; x_wconf 73' lang='lat' dir='ltr'><strong>Virgines</strong></span> <span class='ocrx_word' id='word_1_627' title='bbox 3239 2206 3405 2257; x_wconf 89' lang='lat' dir='ltr'><strong>etiam</strong></span> <span class='ocrx_word' id='word_1_628' title='bbox 3435 2204 3615 2260; x_wconf 86' lang='lat' dir='ltr'><strong>oleum</strong></span> <span class='ocrx_word' id='word_1_629' title='bbox 3645 2220 3745 2260; x_wconf 84' lang='lat' dir='ltr'><strong>ac-</strong></span> 
     </span>
    </p>
   </div>
   <div class='ocr_carea' id='block_1_84' title="bbox 2154 2291 3750 2366">
    <p class='ocr_par' dir='ltr' id='par_1_84' title="bbox 2154 2291 3750 2366">
     <span class='ocr_line' id='line_1_84' title="bbox 2154 2291 3750 2366; baseline 0.002 -18"><span class='ocrx_word' id='word_1_630' title='bbox 2154 2293 2333 2362; x_wconf 59' lang='lat' dir='ltr'><strong>cipere</strong></span> <span class='ocrx_word' id='word_1_631' title='bbox 2353 2291 2652 2358; x_wconf 87' lang='lat' dir='ltr'><strong>voluerunt,</strong></span> <span class='ocrx_word' id='word_1_632' title='bbox 2681 2293 2775 2349; x_wconf 87' lang='lat' dir='ltr'><strong>sed</strong></span> <span class='ocrx_word' id='word_1_633' title='bbox 2804 2306 2965 2348; x_wconf 91' lang='lat' dir='ltr'><strong>nemo</strong></span> <span class='ocrx_word' id='word_1_634' title='bbox 2986 2293 3068 2348; x_wconf 89' lang='lat' dir='ltr'><strong>eis</strong></span> <span class='ocrx_word' id='word_1_635' title='bbox 3085 2292 3241 2348; x_wconf 82' lang='lat' dir='ltr'><strong>dedit</strong></span> <span class='ocrx_word' id='word_1_636' title='bbox 3258 2291 3470 2360; x_wconf 64' lang='lat' dir='ltr'><strong>illum.</strong></span> <span class='ocrx_word' id='word_1_637' title='bbox 3487 2292 3607 2366; x_wconf 62' lang='lat'><strong>25).</strong></span> <span class='ocrx_word' id='word_1_638' title='bbox 3629 2293 3750 2351; x_wconf 78' lang='lat' dir='ltr'><strong>Hoc</strong></span> 
     </span>
    </p>
   </div>
   <div class='ocr_carea' id='block_1_85' title="bbox 2155 2381 3746 2453">
    <p class='ocr_par' dir='ltr' id='par_1_85' title="bbox 2155 2381 3746 2453">
     <span class='ocr_line' id='line_1_85' title="bbox 2155 2381 3746 2453; baseline 0 -15"><span class='ocrx_word' id='word_1_639' title='bbox 2155 2396 2284 2453; x_wconf 84' lang='lat' dir='ltr'><strong>ergo</strong></span> <span class='ocrx_word' id='word_1_640' title='bbox 2347 2390 2499 2453; x_wconf 80' lang='lat' dir='ltr'><strong>rogat</strong></span> <span class='ocrx_word' id='word_1_641' title='bbox 2559 2381 2648 2438; x_wconf 85' lang='lat' dir='ltr'><strong>bic</strong></span> <span class='ocrx_word' id='word_1_642' title='bbox 2707 2382 2868 2438; x_wconf 89' lang='lat' dir='ltr'><strong>etiam</strong></span> <span class='ocrx_word' id='word_1_643' title='bbox 2901 2423 2917 2448; x_wconf 90' lang='lat'><strong>,</strong></span> <span class='ocrx_word' id='word_1_644' title='bbox 2986 2390 3044 2437; x_wconf 86' lang='lat' dir='ltr'><strong>ut</strong></span> <span class='ocrx_word' id='word_1_645' title='bbox 3109 2381 3196 2438; x_wconf 83' lang='lat' dir='ltr'><strong>liic</strong></span> <span class='ocrx_word' id='word_1_646' title='bbox 3249 2395 3474 2453; x_wconf 83' lang='lat' dir='ltr'><strong>peccata</strong></span> <span class='ocrx_word' id='word_1_647' title='bbox 3523 2384 3670 2439; x_wconf 79' lang='lat' dir='ltr'><strong>cluat</strong></span> <span class='ocrx_word' id='word_1_648' title='bbox 3728 2400 3746 2438; x_wconf 90' lang='lat'><strong>:</strong></span> 
     </span>
    </p>
   </div>
   <div class='ocr_carea' id='block_1_86' title="bbox 2158 2473 3755 2546">
    <p class='ocr_par' dir='ltr' id='par_1_86' title="bbox 2158 2473 3755 2546">
     <span class='ocr_line' id='line_1_86' title="bbox 2158 2473 3755 2546; baseline -0.005 -15"><span class='ocrx_word' id='word_1_649' title='bbox 2158 2486 2217 2531; x_wconf 88' lang='lat' dir='ltr'><strong>ut</strong></span> <span class='ocrx_word' id='word_1_650' title='bbox 2277 2474 2447 2546; x_wconf 85' lang='lat' dir='ltr'><strong>possit</strong></span> <span class='ocrx_word' id='word_1_651' title='bbox 2496 2473 2716 2530; x_wconf 87' lang='lat' dir='ltr'><strong>terribili</strong></span> <span class='ocrx_word' id='word_1_652' title='bbox 2780 2474 3033 2530; x_wconf 85' lang='lat' dir='ltr'><strong>tribunali</strong></span> <span class='ocrx_word' id='word_1_653' title='bbox 3085 2474 3314 2530; x_wconf 88' lang='lat' dir='ltr'><strong>tidenter</strong></span> <span class='ocrx_word' id='word_1_654' title='bbox 3363 2474 3595 2541; x_wconf 82' lang='lat' dir='ltr'><strong>adstare.</strong></span> <span class='ocrx_word' id='word_1_655' title='bbox 3634 2474 3755 2530; x_wconf 50' lang='lat' dir='ltr'><strong>Dea</strong></span> 
     </span>
    </p>
   </div>
   <div class='ocr_carea' id='block_1_87' title="bbox 2158 2563 3744 2644">
    <p class='ocr_par' dir='ltr' id='par_1_87' title="bbox 2158 2563 3744 2644">
     <span class='ocr_line' id='line_1_87' title="bbox 2158 2563 3744 2644; baseline -0.003 -21"><span class='ocrx_word' id='word_1_656' title='bbox 2158 2565 2283 2623; x_wconf 88' lang='lat' dir='ltr'><strong>inde</strong></span> <span class='ocrx_word' id='word_1_657' title='bbox 2313 2565 2518 2622; x_wconf 87' lang='lat' dir='ltr'><strong>docens</strong></span> <span class='ocrx_word' id='word_1_658' title='bbox 2561 2565 2860 2620; x_wconf 85' lang='lat' dir='ltr'><strong>auditorem</strong></span> <span class='ocrx_word' id='word_1_659' title='bbox 2885 2606 2901 2630; x_wconf 91' lang='lat'><strong>,</strong></span> <span class='ocrx_word' id='word_1_660' title='bbox 2938 2580 3077 2644; x_wconf 4' lang='lat' dir='ltr'><strong>cum,</strong></span> <span class='ocrx_word' id='word_1_661' title='bbox 3108 2563 3206 2644; x_wconf 82' lang='lat' dir='ltr'><strong>Dei</strong></span> <span class='ocrx_word' id='word_1_662' title='bbox 3251 2565 3535 2621; x_wconf 89' lang='lat' dir='ltr'><strong>clementia</strong></span> <span class='ocrx_word' id='word_1_663' title='bbox 3577 2578 3744 2635; x_wconf 74' lang='lat' dir='ltr'><strong>opos-</strong></span> 
     </span>
    </p>
   </div>
   <div class='ocr_carea' id='block_1_88' title="bbox 2161 2642 3755 2730">
    <p class='ocr_par' dir='ltr' id='par_1_88' title="bbox 2161 2642 3755 2730">
     <span class='ocr_line' id='line_1_88' title="bbox 2161 2642 3755 2730; baseline -0.001 -14"><span class='ocrx_word' id='word_1_664' title='bbox 2161 2669 2274 2724; x_wconf 81' lang='lat' dir='ltr'><strong>tere</strong></span> <span class='ocrx_word' id='word_1_665' title='bbox 2298 2659 2460 2716; x_wconf 82' lang='lat' dir='ltr'><strong>etiam</strong></span> <span class='ocrx_word' id='word_1_666' title='bbox 2482 2671 2666 2715; x_wconf 72' lang='lat' dir='ltr'><strong>nostra</strong></span> <span class='ocrx_word' id='word_1_667' title='bbox 2693 2672 2948 2729; x_wconf 83' lang='lat' dir='ltr'><strong>consequi</strong></span> <span class='ocrx_word' id='word_1_668' title='bbox 2979 2657 3000 2730; x_wconf 92' lang='lat'><strong>(</strong></span> <span class='ocrx_word' id='word_1_669' title='bbox 3015 2642 3137 2712; x_wconf 64' lang='lat' dir='ltr'><strong>nam</strong></span> <span class='ocrx_word' id='word_1_670' title='bbox 3153 2642 3224 2714; x_wconf 89' lang='lat' dir='ltr'><strong>et</strong></span> <span class='ocrx_word' id='word_1_671' title='bbox 3249 2659 3294 2714; x_wconf 89' lang='lat' dir='ltr'><strong>si</strong></span> <span class='ocrx_word' id='word_1_672' title='bbox 3324 2659 3755 2716; x_wconf 74' lang='lat' dir='ltr'><strong>imbecillitatem.</strong></span> 
     </span>
    </p>
   </div>
   <div class='ocr_carea' id='block_1_89' title="bbox 2163 2749 3749 2821">
    <p class='ocr_par' dir='ltr' id='par_1_89' title="bbox 2163 2749 3749 2821">
     <span class='ocr_line' id='line_1_89' title="bbox 2163 2749 3749 2821; baseline 0.001 -15"><span class='ocrx_word' id='word_1_673' title='bbox 2163 2749 2581 2821; x_wconf 74' lang='lat' dir='ltr'><strong>prmtetldamus,</strong></span> <span class='ocrx_word' id='word_1_674' title='bbox 2609 2750 3058 2817; x_wconf 85' lang='lat' dir='ltr'><strong>siturbationem,</strong></span> <span class='ocrx_word' id='word_1_675' title='bbox 3107 2749 3153 2806; x_wconf 89' lang='lat' dir='ltr'><strong>si</strong></span> <span class='ocrx_word' id='word_1_676' title='bbox 3181 2749 3276 2807; x_wconf 86' lang='lat' dir='ltr'><strong>Dei</strong></span> <span class='ocrx_word' id='word_1_677' title='bbox 3305 2751 3598 2808; x_wconf 83' lang='lat' dir='ltr'><strong>bonitatem</strong></span> <span class='ocrx_word' id='word_1_678' title='bbox 3621 2792 3640 2819; x_wconf 90' lang='lat'><strong>,</strong></span> <span class='ocrx_word' id='word_1_679' title='bbox 3697 2752 3749 2808; x_wconf 78' lang='lat' dir='ltr'><strong>si</strong></span> 
     </span>
    </p>
   </div>
   <div class='ocr_carea' id='block_1_90' title="bbox 2159 2833 3748 2918">
    <p class='ocr_par' dir='ltr' id='par_1_90' title="bbox 2159 2833 3748 2918">
     <span class='ocr_line' id='line_1_90' title="bbox 2159 2833 3748 2918; baseline 0 -20"><span class='ocrx_word' id='word_1_680' title='bbox 2159 2840 2264 2898; x_wconf 81' lang='lat' dir='ltr'><strong>hoc</strong></span> <span class='ocrx_word' id='word_1_681' title='bbox 2279 2833 2447 2897; x_wconf 71' lang='lat' dir='ltr'><strong>etiam</strong></span> <span class='ocrx_word' id='word_1_682' title='bbox 2471 2841 2668 2918; x_wconf 82' lang='lat' dir='ltr'><strong>ipsum,</strong></span> <span class='ocrx_word' id='word_1_683' title='bbox 2695 2841 2842 2913; x_wconf 86' lang='lat' dir='ltr'><strong>quod</strong></span> <span class='ocrx_word' id='word_1_684' title='bbox 2858 2841 3092 2909; x_wconf 83' lang='lat' dir='ltr'><strong>dicebat,</strong></span> <span class='ocrx_word' id='word_1_685' title='bbox 3115 2853 3308 2900; x_wconf 69' lang='lat' dir='ltr'><strong>noctra.</strong></span> <span class='ocrx_word' id='word_1_686' title='bbox 3320 2851 3500 2897; x_wconf 84' lang='lat' dir='ltr'><strong>autem</strong></span> <span class='ocrx_word' id='word_1_687' title='bbox 3525 2841 3609 2897; x_wconf 85' lang='lat' dir='ltr'><strong>liis</strong></span> <span class='ocrx_word' id='word_1_688' title='bbox 3631 2857 3748 2898; x_wconf 83' lang='lat' dir='ltr'><strong>non</strong></span> 
     </span>
    </p>
   </div>
   <div class='ocr_carea' id='block_1_91' title="bbox 2160 2932 3749 3005">
    <p class='ocr_par' dir='ltr' id='par_1_91' title="bbox 2160 2932 3749 3005">
     <span class='ocr_line' id='line_1_91' title="bbox 2160 2932 3749 3005; baseline 0 -16"><span class='ocrx_word' id='word_1_689' title='bbox 2160 2933 2442 2995; x_wconf 84' lang='lat' dir='ltr'><strong>accedant.</strong></span> <span class='ocrx_word' id='word_1_690' title='bbox 2468 2933 2625 3005; x_wconf 83' lang='lat' dir='ltr'><strong>nobis</strong></span> <span class='ocrx_word' id='word_1_691' title='bbox 2650 2933 2785 2989; x_wconf 85' lang='lat' dir='ltr'><strong>nihil</strong></span> <span class='ocrx_word' id='word_1_692' title='bbox 2814 2932 3073 3004; x_wconf 79' lang='lat' dir='ltr'><strong>prodesse</strong></span> <span class='ocrx_word' id='word_1_693' title='bbox 3097 2937 3118 3005; x_wconf 87' lang='lat'><strong>)</strong></span> <span class='ocrx_word' id='word_1_694' title='bbox 3144 2974 3160 2999; x_wconf 90' lang='lat'><strong>,</strong></span> <span class='ocrx_word' id='word_1_695' title='bbox 3190 2932 3312 2988; x_wconf 66' lang='lat' dir='ltr'><strong>vide</strong></span> <span class='ocrx_word' id='word_1_696' title='bbox 3339 2933 3592 3004; x_wconf 86' lang='lat' dir='ltr'><strong>quidnam</strong></span> <span class='ocrx_word' id='word_1_697' title='bbox 3614 2932 3749 2989; x_wconf 82' lang='lat' dir='ltr'><strong>sub-</strong></span> 
     </span>
    </p>
   </div>
   <div class='ocr_carea' id='block_1_92' title="bbox 2157 3024 3763 3097">
    <p class='ocr_par' dir='ltr' id='par_1_92' title="bbox 2157 3024 3763 3097">
     <span class='ocr_line' id='line_1_92' title="bbox 2157 3024 3763 3097; baseline -0.001 -17"><span class='ocrx_word' id='word_1_698' title='bbox 2157 3025 2351 3097; x_wconf 76' lang='lat' dir='ltr'><strong>iungit.</strong></span> <span class='ocrx_word' id='word_1_699' title='bbox 2376 3026 2428 3081; x_wconf 88' lang='lat'><strong>7.</strong></span> <span class='ocrx_word' id='word_1_700' title='bbox 2457 3025 2720 3084; x_wconf 66' lang='lat' dir='ltr'><strong>Lacerari.</strong></span> <span class='ocrx_word' id='word_1_701' title='bbox 2731 3025 2786 3079; x_wconf 82' lang='lat' dir='ltr'><strong>in</strong></span> <span class='ocrx_word' id='word_1_702' title='bbox 2815 3025 3006 3096; x_wconf 74' lang='lat' dir='ltr'><strong>gemitu</strong></span> <span class='ocrx_word' id='word_1_703' title='bbox 3040 3040 3178 3089; x_wconf 73' lang='lat' dir='ltr'><strong>meo,</strong></span> <span class='ocrx_word' id='word_1_704' title='bbox 3201 3024 3378 3079; x_wconf 78' lang='lat' dir='ltr'><strong>lavabo</strong></span> <span class='ocrx_word' id='word_1_705' title='bbox 3408 3041 3498 3094; x_wconf 79' lang='lat' dir='ltr'><strong>per</strong></span> <span class='ocrx_word' id='word_1_706' title='bbox 3521 3025 3763 3094; x_wconf 67' lang='lat' dir='ltr'><strong>singulas.</strong></span> 
     </span>
    </p>
   </div>
   <div class='ocr_carea' id='block_1_93' title="bbox 2163 3115 3753 3186">
    <p class='ocr_par' dir='ltr' id='par_1_93' title="bbox 2163 3115 3753 3186">
     <span class='ocr_line' id='line_1_93' title="bbox 2163 3115 3753 3186; baseline -0.004 -12"><span class='ocrx_word' id='word_1_707' title='bbox 2163 3129 2332 3174; x_wconf 79' lang='lat' dir='ltr'><strong>noctes</strong></span> <span class='ocrx_word' id='word_1_708' title='bbox 2378 3117 2574 3174; x_wconf 68' lang='lat' dir='ltr'><strong>lectum.</strong></span> <span class='ocrx_word' id='word_1_709' title='bbox 2606 3132 2808 3182; x_wconf 69' lang='lat' dir='ltr'><strong>meum;</strong></span> <span class='ocrx_word' id='word_1_710' title='bbox 2833 3115 3072 3186; x_wconf 74' lang='lat' dir='ltr'><strong>tocrytnis</strong></span> <span class='ocrx_word' id='word_1_711' title='bbox 3098 3117 3220 3170; x_wconf 76' lang='lat' dir='ltr'><strong>meis</strong></span> <span class='ocrx_word' id='word_1_712' title='bbox 3244 3125 3458 3170; x_wconf 75' lang='lat' dir='ltr'><strong>stratum</strong></span> <span class='ocrx_word' id='word_1_713' title='bbox 3482 3130 3646 3172; x_wconf 60' lang='lat' dir='ltr'><strong>nam</strong></span> <span class='ocrx_word' id='word_1_714' title='bbox 3675 3115 3753 3168; x_wconf 84' lang='lat' dir='ltr'><strong>ri-</strong></span> 
     </span>
    </p>
   </div>
   <div class='ocr_carea' id='block_1_94' title="bbox 2163 3209 2312 3284">
    <p class='ocr_par' dir='ltr' id='par_1_94' title="bbox 2163 3209 2312 3284">
     <span class='ocr_line' id='line_1_94' title="bbox 2163 3209 2312 3284; baseline -0.034 -17"><span class='ocrx_word' id='word_1_715' title='bbox 2163 3209 2312 3284; x_wconf 74' lang='lat' dir='ltr'><strong>gabo.</strong></span> 
     </span>
    </p>
   </div>
   <div class='ocr_carea' id='block_1_95' title="bbox 2241 3297 3758 3370">
    <p class='ocr_par' dir='ltr' id='par_1_95' title="bbox 2241 3297 3758 3370">
     <span class='ocr_line' id='line_1_95' title="bbox 2241 3297 3758 3370; baseline -0.001 -16"><span class='ocrx_word' id='word_1_716' title='bbox 2241 3299 2490 3354; x_wconf 79' lang='lat' dir='ltr'><strong>Hortatur</strong></span> <span class='ocrx_word' id='word_1_717' title='bbox 2509 3301 2577 3354; x_wconf 81' lang='lat' dir='ltr'><strong>ad</strong></span> <span class='ocrx_word' id='word_1_718' title='bbox 2603 3300 2964 3370; x_wconf 64' lang='lat' dir='ltr'><strong>penitentiam.</strong></span> <span class='ocrx_word' id='word_1_719' title='bbox 2991 3328 3065 3339; x_wconf 92' lang='lat'><strong>—-</strong></span> <span class='ocrx_word' id='word_1_720' title='bbox 3089 3298 3320 3358; x_wconf 80' lang='lat' dir='ltr'><strong>Audiam</strong></span> <span class='ocrx_word' id='word_1_721' title='bbox 3343 3297 3433 3368; x_wconf 84' lang='lat' dir='ltr'><strong>qui</strong></span> <span class='ocrx_word' id='word_1_722' title='bbox 3476 3306 3601 3354; x_wconf 80' lang='lat' dir='ltr'><strong>sunt</strong></span> <span class='ocrx_word' id='word_1_723' title='bbox 3651 3297 3758 3353; x_wconf 84' lang='lat' dir='ltr'><strong>btt-</strong></span> 
     </span>
    </p>
   </div>
   <div class='ocr_carea' id='block_1_96' title="bbox 2168 3387 3754 3461">
    <p class='ocr_par' dir='ltr' id='par_1_96' title="bbox 2168 3387 3754 3461">
     <span class='ocr_line' id='line_1_96' title="bbox 2168 3387 3754 3461; baseline -0.002 -13"><span class='ocrx_word' id='word_1_724' title='bbox 2168 3393 2322 3448; x_wconf 87' lang='lat' dir='ltr'><strong>miles</strong></span> <span class='ocrx_word' id='word_1_725' title='bbox 2338 3401 2392 3447; x_wconf 90' lang='lat' dir='ltr'><strong>et</strong></span> <span class='ocrx_word' id='word_1_726' title='bbox 2419 3391 2636 3461; x_wconf 65' lang='lat' dir='ltr'><strong>abiecti,</strong></span> <span class='ocrx_word' id='word_1_727' title='bbox 2664 3390 2878 3460; x_wconf 88' lang='lat' dir='ltr'><strong>qualem</strong></span> <span class='ocrx_word' id='word_1_728' title='bbox 2909 3404 2999 3445; x_wconf 83' lang='lat' dir='ltr'><strong>rex</strong></span> <span class='ocrx_word' id='word_1_729' title='bbox 3022 3398 3078 3443; x_wconf 90' lang='lat' dir='ltr'><strong>et</strong></span> <span class='ocrx_word' id='word_1_730' title='bbox 3106 3397 3337 3459; x_wconf 82' lang='lat' dir='ltr'><strong>purpura</strong></span> <span class='ocrx_word' id='word_1_731' title='bbox 3393 3387 3608 3443; x_wconf 86' lang='lat' dir='ltr'><strong>indutus</strong></span> <span class='ocrx_word' id='word_1_732' title='bbox 3655 3403 3754 3445; x_wconf 82' lang='lat' dir='ltr'><strong>os-</strong></span> 
     </span>
    </p>
   </div>
   <div class='ocr_carea' id='block_1_97' title="bbox 2170 3478 3766 3554">
    <p class='ocr_par' dir='ltr' id='par_1_97' title="bbox 2170 3478 3766 3554">
     <span class='ocr_line' id='line_1_97' title="bbox 2170 3478 3766 3554; baseline -0.003 -16"><span class='ocrx_word' id='word_1_733' title='bbox 2170 3483 2408 3538; x_wconf 85' lang='lat' dir='ltr'><strong>tenderet</strong></span> <span class='ocrx_word' id='word_1_734' title='bbox 2428 3481 2797 3554; x_wconf 74' lang='lat' dir='ltr'><strong>pmnitentiam</strong></span> <span class='ocrx_word' id='word_1_735' title='bbox 2819 3497 2834 3534; x_wconf 88' lang='lat'><strong>:</strong></span> <span class='ocrx_word' id='word_1_736' title='bbox 2863 3479 3163 3546; x_wconf 89' lang='lat' dir='ltr'><strong>audiamus,</strong></span> <span class='ocrx_word' id='word_1_737' title='bbox 3180 3493 3616 3550; x_wconf 82' lang='lat' dir='ltr'><strong>compungamur.</strong></span> <span class='ocrx_word' id='word_1_738' title='bbox 3636 3478 3766 3534; x_wconf 81' lang='lat' dir='ltr'><strong>Non.</strong></span> 
     </span>
    </p>
   </div>
   <div class='ocr_carea' id='block_1_98' title="bbox 2169 3559 3756 3640">
    <p class='ocr_par' dir='ltr' id='par_1_98' title="bbox 2169 3559 3756 3640">
     <span class='ocr_line' id='line_1_98' title="bbox 2169 3559 3756 3640; baseline -0.003 -10"><span class='ocrx_word' id='word_1_739' title='bbox 2169 3559 2670 3633; x_wconf 78' lang='lat' dir='ltr'><strong>solumJaborabat,</strong></span> <span class='ocrx_word' id='word_1_740' title='bbox 2693 3572 2789 3627; x_wconf 85' lang='lat' dir='ltr'><strong>sed</strong></span> <span class='ocrx_word' id='word_1_741' title='bbox 2819 3570 3363 3640; x_wconf 83' lang='lat' dir='ltr'><strong>laborabatgemens;</strong></span> <span class='ocrx_word' id='word_1_742' title='bbox 3411 3585 3518 3626; x_wconf 89' lang='lat' dir='ltr'><strong>non</strong></span> <span class='ocrx_word' id='word_1_743' title='bbox 3548 3577 3756 3625; x_wconf 88' lang='lat' dir='ltr'><strong>tantum</strong></span> 
     </span>
    </p>
   </div>
   <div class='ocr_carea' id='block_1_99' title="bbox 2172 3659 3756 3738">
    <p class='ocr_par' dir='ltr' id='par_1_99' title="bbox 2172 3659 3756 3738">
     <span class='ocr_line' id='line_1_99' title="bbox 2172 3659 3756 3738; baseline -0.004 -17"><span class='ocrx_word' id='word_1_744' title='bbox 2172 3664 2586 3738; x_wconf 80' lang='lat' dir='ltr'><strong>lncrymabatur,</strong></span> <span class='ocrx_word' id='word_1_745' title='bbox 2610 3662 2714 3717; x_wconf 83' lang='lat' dir='ltr'><strong>sed</strong></span> <span class='ocrx_word' id='word_1_746' title='bbox 2726 3663 2889 3717; x_wconf 88' lang='lat' dir='ltr'><strong>etiam</strong></span> <span class='ocrx_word' id='word_1_747' title='bbox 2908 3660 3160 3733; x_wconf 83' lang='lat' dir='ltr'><strong>lacrymis</strong></span> <span class='ocrx_word' id='word_1_748' title='bbox 3184 3661 3381 3716; x_wconf 85' lang='lat' dir='ltr'><strong>lectqu</strong></span> <span class='ocrx_word' id='word_1_749' title='bbox 3399 3659 3628 3725; x_wconf 86' lang='lat' dir='ltr'><strong>lavabat,</strong></span> <span class='ocrx_word' id='word_1_750' title='bbox 3648 3675 3756 3714; x_wconf 89' lang='lat' dir='ltr'><strong>non</strong></span> 
     </span>
    </p>
   </div>
   <div class='ocr_carea' id='block_1_100' title="bbox 2175 3749 3762 3820">
    <p class='ocr_par' dir='ltr' id='par_1_100' title="bbox 2175 3749 3762 3820">
     <span class='ocr_line' id='line_1_100' title="bbox 2175 3749 3762 3820; baseline -0.005 -7"><span class='ocrx_word' id='word_1_751' title='bbox 2175 3773 2282 3814; x_wconf 86' lang='lat' dir='ltr'><strong>uno</strong></span> <span class='ocrx_word' id='word_1_752' title='bbox 2309 3765 2401 3811; x_wconf 85' lang='lat' dir='ltr'><strong>aut</strong></span> <span class='ocrx_word' id='word_1_753' title='bbox 2423 3754 2643 3811; x_wconf 84' lang='lat' dir='ltr'><strong>duobus.</strong></span> <span class='ocrx_word' id='word_1_754' title='bbox 2661 3763 2754 3807; x_wconf 92' lang='lat' dir='ltr'><strong>aut</strong></span> <span class='ocrx_word' id='word_1_755' title='bbox 2784 3753 2954 3807; x_wconf 88' lang='lat' dir='ltr'><strong>tribus</strong></span> <span class='ocrx_word' id='word_1_756' title='bbox 2978 3751 3185 3816; x_wconf 86' lang='lat' dir='ltr'><strong>diebus,</strong></span> <span class='ocrx_word' id='word_1_757' title='bbox 3217 3750 3312 3806; x_wconf 86' lang='lat' dir='ltr'><strong>sed</strong></span> <span class='ocrx_word' id='word_1_758' title='bbox 3339 3751 3500 3806; x_wconf 87' lang='lat' dir='ltr'><strong>etiam</strong></span> <span class='ocrx_word' id='word_1_759' title='bbox 3534 3749 3762 3820; x_wconf 83' lang='lat' dir='ltr'><strong>singulis</strong></span> 
     </span>
    </p>
   </div>
   <div class='ocr_carea' id='block_1_101' title="bbox 2176 3842 3760 3914">
    <p class='ocr_par' dir='ltr' id='par_1_101' title="bbox 2176 3842 3760 3914">
     <span class='ocr_line' id='line_1_101' title="bbox 2176 3842 3760 3914; baseline -0.004 -9"><span class='ocrx_word' id='word_1_760' title='bbox 2176 3848 2463 3913; x_wconf 86' lang='lat' dir='ltr'><strong>noctibus;</strong></span> <span class='ocrx_word' id='word_1_761' title='bbox 2491 3854 2547 3903; x_wconf 86' lang='lat' dir='ltr'><strong>et</strong></span> <span class='ocrx_word' id='word_1_762' title='bbox 2565 3861 2671 3901; x_wconf 90' lang='lat' dir='ltr'><strong>non</strong></span> <span class='ocrx_word' id='word_1_763' title='bbox 2695 3844 2875 3899; x_wconf 84' lang='lat' dir='ltr'><strong>solum</strong></span> <span class='ocrx_word' id='word_1_764' title='bbox 2894 3843 3024 3898; x_wconf 87' lang='lat' dir='ltr'><strong>dicit</strong></span> <span class='ocrx_word' id='word_1_765' title='bbox 3044 3844 3372 3914; x_wconf 75' lang='lat' dir='ltr'><strong>pcmteritum</strong></span> <span class='ocrx_word' id='word_1_766' title='bbox 3401 3883 3420 3908; x_wconf 93' lang='lat'><strong>,</strong></span> <span class='ocrx_word' id='word_1_767' title='bbox 3458 3842 3556 3897; x_wconf 77' lang='lat' dir='ltr'><strong>sed</strong></span> <span class='ocrx_word' id='word_1_768' title='bbox 3594 3843 3760 3900; x_wconf 85' lang='lat' dir='ltr'><strong>etiam</strong></span> 
     </span>
    </p>
   </div>
   <div class='ocr_carea' id='block_1_102' title="bbox 2167 3931 3769 4006">
    <p class='ocr_par' dir='ltr' id='par_1_102' title="bbox 2167 3931 3769 4006">
     <span class='ocr_line' id='line_1_102' title="bbox 2167 3931 3769 4006; baseline -0.003 -13"><span class='ocrx_word' id='word_1_769' title='bbox 2167 3936 2432 4000; x_wconf 66' lang='lat' dir='ltr'><strong>laturum.</strong></span> <span class='ocrx_word' id='word_1_770' title='bbox 2459 3935 2537 3991; x_wconf 86' lang='lat' dir='ltr'><strong>Ne</strong></span> <span class='ocrx_word' id='word_1_771' title='bbox 2565 3935 2762 4006; x_wconf 83' lang='lat' dir='ltr'><strong>putetis</strong></span> <span class='ocrx_word' id='word_1_772' title='bbox 2790 3934 2933 3988; x_wconf 87' lang='lat' dir='ltr'><strong>enim</strong></span> <span class='ocrx_word' id='word_1_773' title='bbox 2952 3948 3096 3996; x_wconf 87' lang='lat' dir='ltr'><strong>eum,</strong></span> <span class='ocrx_word' id='word_1_774' title='bbox 3127 3947 3250 3987; x_wconf 86' lang='lat' dir='ltr'><strong>cum</strong></span> <span class='ocrx_word' id='word_1_775' title='bbox 3277 3931 3394 3988; x_wconf 72' lang='lat' dir='ltr'><strong>lucc</strong></span> <span class='ocrx_word' id='word_1_776' title='bbox 3410 3933 3587 3988; x_wconf 68' lang='lat' dir='ltr'><strong>semel.</strong></span> <span class='ocrx_word' id='word_1_777' title='bbox 3605 3933 3769 3988; x_wconf 74' lang='lat' dir='ltr'><strong>iecis-</strong></span> 
     </span>
    </p>
   </div>
   <div class='ocr_carea' id='block_1_103' title="bbox 2177 4023 3768 4098">
    <p class='ocr_par' dir='ltr' id='par_1_103' title="bbox 2177 4023 3768 4098">
     <span class='ocr_line' id='line_1_103' title="bbox 2177 4023 3768 4098; baseline -0.005 -12"><span class='ocrx_word' id='word_1_778' title='bbox 2177 4039 2279 4094; x_wconf 85' lang='lat' dir='ltr'><strong>set,</strong></span> <span class='ocrx_word' id='word_1_779' title='bbox 2307 4028 2560 4098; x_wconf 73' lang='lat' dir='ltr'><strong>deinceps</strong></span> <span class='ocrx_word' id='word_1_780' title='bbox 2585 4041 2645 4081; x_wconf 90' lang='lat' dir='ltr'><strong>sc</strong></span> <span class='ocrx_word' id='word_1_781' title='bbox 2673 4026 2838 4096; x_wconf 88' lang='lat' dir='ltr'><strong>quieti</strong></span> <span class='ocrx_word' id='word_1_782' title='bbox 2868 4023 3168 4091; x_wconf 86' lang='lat' dir='ltr'><strong>tradidisse,</strong></span> <span class='ocrx_word' id='word_1_783' title='bbox 3191 4032 3244 4080; x_wconf 92' lang='lat' dir='ltr'><strong>et</strong></span> <span class='ocrx_word' id='word_1_784' title='bbox 3275 4023 3578 4083; x_wconf 83' lang='lat' dir='ltr'><strong>laxamento</strong></span> <span class='ocrx_word' id='word_1_785' title='bbox 3607 4037 3768 4080; x_wconf 84' lang='lat' dir='ltr'><strong>usum</strong></span> 
     </span>
    </p>
   </div>
   <div class='ocr_carea' id='block_1_104' title="bbox 2177 4113 3766 4184">
    <p class='ocr_par' dir='ltr' id='par_1_104' title="bbox 2177 4113 3766 4184">
     <span class='ocr_line' id='line_1_104' title="bbox 2177 4113 3766 4184; baseline -0.004 -8"><span class='ocrx_word' id='word_1_786' title='bbox 2177 4134 2337 4178; x_wconf 88' lang='lat' dir='ltr'><strong>esse:</strong></span> <span class='ocrx_word' id='word_1_787' title='bbox 2367 4119 2460 4173; x_wconf 89' lang='lat' dir='ltr'><strong>sed</strong></span> <span class='ocrx_word' id='word_1_788' title='bbox 2483 4117 2585 4172; x_wconf 89' lang='lat' dir='ltr'><strong>boc</strong></span> <span class='ocrx_word' id='word_1_789' title='bbox 2609 4115 2823 4170; x_wconf 85' lang='lat' dir='ltr'><strong>assidue</strong></span> <span class='ocrx_word' id='word_1_790' title='bbox 2842 4117 2966 4171; x_wconf 81' lang='lat' dir='ltr'><strong>fecit</strong></span> <span class='ocrx_word' id='word_1_791' title='bbox 2990 4130 3086 4184; x_wconf 92' lang='lat' dir='ltr'><strong>per</strong></span> <span class='ocrx_word' id='word_1_792' title='bbox 3109 4123 3273 4169; x_wconf 88' lang='lat' dir='ltr'><strong>totam</strong></span> <span class='ocrx_word' id='word_1_793' title='bbox 3303 4115 3486 4178; x_wconf 79' lang='lat' dir='ltr'><strong>vitam,</strong></span> <span class='ocrx_word' id='word_1_794' title='bbox 3520 4127 3628 4170; x_wconf 87' lang='lat' dir='ltr'><strong>non</strong></span> <span class='ocrx_word' id='word_1_795' title='bbox 3652 4113 3766 4169; x_wconf 79' lang='lat' dir='ltr'><strong>sic-</strong></span> 
     </span>
    </p>
   </div>
   <div class='ocr_carea' id='block_1_105' title="bbox 2182 4203 3769 4280">
    <p class='ocr_par' dir='ltr' id='par_1_105' title="bbox 2182 4203 3769 4280">
     <span class='ocr_line' id='line_1_105' title="bbox 2182 4203 3769 4280; baseline -0.003 -15"><span class='ocrx_word' id='word_1_796' title='bbox 2182 4221 2241 4266; x_wconf 91' lang='lat' dir='ltr'><strong>ut</strong></span> <span class='ocrx_word' id='word_1_797' title='bbox 2278 4225 2376 4265; x_wconf 86' lang='lat' dir='ltr'><strong>nos</strong></span> <span class='ocrx_word' id='word_1_798' title='bbox 2392 4250 2408 4278; x_wconf 90' lang='lat'><strong>,</strong></span> <span class='ocrx_word' id='word_1_799' title='bbox 2427 4209 2517 4280; x_wconf 89' lang='lat' dir='ltr'><strong>qui</strong></span> <span class='ocrx_word' id='word_1_800' title='bbox 2544 4219 2650 4262; x_wconf 87' lang='lat' dir='ltr'><strong>uno</strong></span> <span class='ocrx_word' id='word_1_801' title='bbox 2676 4206 2764 4261; x_wconf 89' lang='lat' dir='ltr'><strong>die</strong></span> <span class='ocrx_word' id='word_1_802' title='bbox 2785 4213 2845 4260; x_wconf 83' lang='lat' dir='ltr'><strong>ut</strong></span> <span class='ocrx_word' id='word_1_803' title='bbox 2865 4205 3153 4275; x_wconf 80' lang='lat' dir='ltr'><strong>plurimum</strong></span> <span class='ocrx_word' id='word_1_804' title='bbox 3187 4203 3238 4259; x_wconf 90' lang='lat' dir='ltr'><strong>id</strong></span> <span class='ocrx_word' id='word_1_805' title='bbox 3258 4213 3500 4274; x_wconf 84' lang='lat' dir='ltr'><strong>agentes,</strong></span> <span class='ocrx_word' id='word_1_806' title='bbox 3556 4205 3665 4259; x_wconf 87' lang='lat' dir='ltr'><strong>imo</strong></span> <span class='ocrx_word' id='word_1_807' title='bbox 3687 4219 3769 4261; x_wconf 78' lang='lat' dir='ltr'><strong>ne</strong></span> 
     </span>
    </p>
   </div>
   <div class='ocr_carea' id='block_1_106' title="bbox 2184 4290 3770 4369">
    <p class='ocr_par' dir='ltr' id='par_1_106' title="bbox 2184 4290 3770 4369">
     <span class='ocr_line' id='line_1_106' title="bbox 2184 4290 3770 4369; baseline -0.002 -15"><span class='ocrx_word' id='word_1_808' title='bbox 2184 4316 2290 4354; x_wconf 85' lang='lat' dir='ltr'><strong>uno</strong></span> <span class='ocrx_word' id='word_1_809' title='bbox 2316 4297 2552 4369; x_wconf 86' lang='lat' dir='ltr'><strong>quidem,</strong></span> <span class='ocrx_word' id='word_1_810' title='bbox 2584 4309 2683 4350; x_wconf 87' lang='lat' dir='ltr'><strong>nos</strong></span> <span class='ocrx_word' id='word_1_811' title='bbox 2704 4298 2852 4365; x_wconf 47' lang='lat' dir='ltr'><strong>ipsos,</strong></span> <span class='ocrx_word' id='word_1_812' title='bbox 2878 4293 3008 4350; x_wconf 88' lang='lat' dir='ltr'><strong>risui</strong></span> <span class='ocrx_word' id='word_1_813' title='bbox 3032 4295 3074 4359; x_wconf 75' lang='grc'><strong>⁸,</strong></span> <span class='ocrx_word' id='word_1_814' title='bbox 3102 4293 3378 4364; x_wconf 84' lang='lat' dir='ltr'><strong>voluptati,</strong></span> <span class='ocrx_word' id='word_1_815' title='bbox 3411 4303 3463 4348; x_wconf 92' lang='lat' dir='ltr'><strong>et</strong></span> <span class='ocrx_word' id='word_1_816' title='bbox 3503 4290 3615 4347; x_wconf 87' lang='lat' dir='ltr'><strong>otio</strong></span> <span class='ocrx_word' id='word_1_817' title='bbox 3660 4304 3770 4352; x_wconf 80' lang='lat' dir='ltr'><strong>tra-</strong></span> 
     </span>
    </p>
   </div>
   <div class='ocr_carea' id='block_1_107' title="bbox 2182 4383 3768 4465">
    <p class='ocr_par' dir='ltr' id='par_1_107' title="bbox 2182 4383 3768 4465">
     <span class='ocr_line' id='line_1_107' title="bbox 2182 4383 3768 4465; baseline -0.005 -19"><span class='ocrx_word' id='word_1_818' title='bbox 2182 4391 2376 4446; x_wconf 85' lang='lat' dir='ltr'><strong>dimus.</strong></span> <span class='ocrx_word' id='word_1_819' title='bbox 2407 4393 2480 4445; x_wconf 78' lang='grc' dir='ltr'>Αι</span> <span class='ocrx_word' id='word_1_820' title='bbox 2501 4403 2608 4465; x_wconf 84' lang='lat' dir='ltr'><strong>non</strong></span> <span class='ocrx_word' id='word_1_821' title='bbox 2637 4387 2761 4445; x_wconf 87' lang='lat' dir='ltr'><strong>ille:</strong></span> <span class='ocrx_word' id='word_1_822' title='bbox 2791 4385 2885 4441; x_wconf 85' lang='lat' dir='ltr'><strong>sed</strong></span> <span class='ocrx_word' id='word_1_823' title='bbox 2918 4386 2970 4442; x_wconf 90' lang='lat' dir='ltr'><strong>in</strong></span> <span class='ocrx_word' id='word_1_824' title='bbox 3001 4386 3251 4456; x_wconf 82' lang='lat' dir='ltr'><strong>lacrymis</strong></span> <span class='ocrx_word' id='word_1_825' title='bbox 3277 4393 3536 4456; x_wconf 80' lang='lat' dir='ltr'><strong>perpetuo</strong></span> <span class='ocrx_word' id='word_1_826' title='bbox 3555 4383 3768 4454; x_wconf 77' lang='lat' dir='ltr'><strong>agebat.</strong></span> 
     </span>
    </p>
   </div>
   <div class='ocr_carea' id='block_1_108' title="bbox 2185 4466 3770 4538">
    <p class='ocr_par' dir='ltr' id='par_1_108' title="bbox 2185 4466 3770 4538">
     <span class='ocr_line' id='line_1_108' title="bbox 2185 4466 3770 4538; baseline -0.003 -2"><span class='ocrx_word' id='word_1_827' title='bbox 2185 4482 2332 4537; x_wconf 85' lang='lat' dir='ltr'><strong>llanc</strong></span> <span class='ocrx_word' id='word_1_828' title='bbox 2357 4496 2454 4535; x_wconf 89' lang='lat' dir='ltr'><strong>nos</strong></span> <span class='ocrx_word' id='word_1_829' title='bbox 2480 4481 2640 4538; x_wconf 76' lang='lat' dir='ltr'><strong>etiam</strong></span> <span class='ocrx_word' id='word_1_830' title='bbox 2658 4479 2929 4534; x_wconf 85' lang='lat' dir='ltr'><strong>imitemur</strong></span> <span class='ocrx_word' id='word_1_831' title='bbox 2950 4476 3366 4534; x_wconf 79' lang='lat' dir='ltr'><strong>confessionem.</strong></span> <span class='ocrx_word' id='word_1_832' title='bbox 3389 4466 3393 4469; x_wconf 67' lang='grc'><strong>’</strong></span> <span class='ocrx_word' id='word_1_833' title='bbox 3413 4475 3472 4532; x_wconf 87' lang='lat' dir='ltr'><strong>Si</strong></span> <span class='ocrx_word' id='word_1_834' title='bbox 3494 4475 3638 4534; x_wconf 86' lang='lat' dir='ltr'><strong>enim</strong></span> <span class='ocrx_word' id='word_1_835' title='bbox 3665 4489 3770 4531; x_wconf 60' lang='lat' dir='ltr'><strong>no.-</strong></span> 
     </span>
    </p>
   </div>
   <div class='ocr_carea' id='block_1_109' title="bbox 2186 4564 3774 4633">
    <p class='ocr_par' dir='ltr' id='par_1_109' title="bbox 2186 4564 3774 4633">
     <span class='ocr_line' id='line_1_109' title="bbox 2186 4564 3774 4633; baseline -0.004 -6"><span class='ocrx_word' id='word_1_836' title='bbox 2186 4573 2445 4627; x_wconf 83' lang='lat' dir='ltr'><strong>lucriinus</strong></span> <span class='ocrx_word' id='word_1_837' title='bbox 2475 4571 2560 4625; x_wconf 83' lang='lat' dir='ltr'><strong>hic</strong></span> <span class='ocrx_word' id='word_1_838' title='bbox 2586 4569 2734 4633; x_wconf 81' lang='lat' dir='ltr'><strong>ﬂere,</strong></span> <span class='ocrx_word' id='word_1_839' title='bbox 2760 4569 2867 4624; x_wconf 88' lang='lat' dir='ltr'><strong>illic</strong></span> <span class='ocrx_word' id='word_1_840' title='bbox 2886 4569 3112 4624; x_wconf 89' lang='lat' dir='ltr'><strong>omnino</strong></span> <span class='ocrx_word' id='word_1_841' title='bbox 3135 4580 3367 4623; x_wconf 62' lang='lat' dir='ltr'><strong>actuosae</strong></span> <span class='ocrx_word' id='word_1_842' title='bbox 3401 4566 3506 4621; x_wconf 88' lang='lat' dir='ltr'><strong>erit</strong></span> <span class='ocrx_word' id='word_1_843' title='bbox 3543 4564 3675 4622; x_wconf 75' lang='lat' dir='ltr'><strong>ﬂere</strong></span> <span class='ocrx_word' id='word_1_844' title='bbox 3716 4575 3774 4620; x_wconf 83' lang='lat' dir='ltr'><strong>et</strong></span> 
     </span>
    </p>
   </div>
   <div class='ocr_carea' id='block_1_110' title="bbox 2189 4654 3776 4734">
    <p class='ocr_par' dir='ltr' id='par_1_110' title="bbox 2189 4654 3776 4734">
     <span class='ocr_line' id='line_1_110' title="bbox 2189 4654 3776 4734; baseline -0.006 -14"><span class='ocrx_word' id='word_1_845' title='bbox 2189 4664 2427 4734; x_wconf 80' lang='lat' dir='ltr'><strong>ejulare:</strong></span> <span class='ocrx_word' id='word_1_846' title='bbox 2459 4654 2569 4718; x_wconf 73' lang='lat' dir='ltr'><strong>illic</strong></span> <span class='ocrx_word' id='word_1_847' title='bbox 2598 4660 2814 4730; x_wconf 82' lang='lat' dir='ltr'><strong>quidem</strong></span> <span class='ocrx_word' id='word_1_848' title='bbox 2845 4659 3140 4724; x_wconf 72' lang='lat' dir='ltr'><strong>inutiliter;</strong></span> <span class='ocrx_word' id='word_1_849' title='bbox 3167 4658 3257 4715; x_wconf 87' lang='lat' dir='ltr'><strong>hic</strong></span> <span class='ocrx_word' id='word_1_850' title='bbox 3277 4669 3457 4714; x_wconf 82' lang='lat' dir='ltr'><strong>autem</strong></span> <span class='ocrx_word' id='word_1_851' title='bbox 3481 4671 3604 4713; x_wconf 81' lang='lat' dir='ltr'><strong>cum</strong></span> <span class='ocrx_word' id='word_1_852' title='bbox 3622 4673 3776 4714; x_wconf 84' lang='lat' dir='ltr'><strong>emo-</strong></span> 
     </span>
    </p>
   </div>
   <div class='ocr_carea' id='block_1_111' title="bbox 2187 4746 3776 4819">
    <p class='ocr_par' dir='ltr' id='par_1_111' title="bbox 2187 4746 3776 4819">
     <span class='ocr_line' id='line_1_111' title="bbox 2187 4746 3776 4819; baseline -0.005 -9"><span class='ocrx_word' id='word_1_853' title='bbox 2187 4756 2426 4810; x_wconf 73' lang='lat' dir='ltr'><strong>lumento</strong></span> <span class='ocrx_word' id='word_1_854' title='bbox 2455 4771 2469 4808; x_wconf 90' lang='lat'><strong>:</strong></span> <span class='ocrx_word' id='word_1_855' title='bbox 2498 4752 2607 4809; x_wconf 84' lang='lat' dir='ltr'><strong>illic</strong></span> <span class='ocrx_word' id='word_1_856' title='bbox 2644 4766 2764 4807; x_wconf 88' lang='lat' dir='ltr'><strong>cum</strong></span> <span class='ocrx_word' id='word_1_857' title='bbox 2794 4749 3081 4819; x_wconf 76' lang='lat' dir='ltr'><strong>ignominia</strong></span> <span class='ocrx_word' id='word_1_858' title='bbox 3106 4762 3170 4803; x_wconf 91' lang='lat' dir='ltr'><strong>ac</strong></span> <span class='ocrx_word' id='word_1_859' title='bbox 3215 4747 3514 4813; x_wconf 78' lang='lat' dir='ltr'><strong>dedecore;</strong></span> <span class='ocrx_word' id='word_1_860' title='bbox 3544 4746 3632 4805; x_wconf 72' lang='lat' dir='ltr'><strong>hic</strong></span> <span class='ocrx_word' id='word_1_861' title='bbox 3674 4747 3776 4803; x_wconf 86' lang='lat' dir='ltr'><strong>de-</strong></span> 
     </span>
    </p>
   </div>
   <div class='ocr_carea' id='block_1_112' title="bbox 2188 4838 3779 4907">
    <p class='ocr_par' dir='ltr' id='par_1_112' title="bbox 2188 4838 3779 4907">
     <span class='ocr_line' id='line_1_112' title="bbox 2188 4838 3779 4907; baseline -0.006 -4"><span class='ocrx_word' id='word_1_862' title='bbox 2188 4864 2314 4904; x_wconf 79' lang='lat' dir='ltr'><strong>core</strong></span> <span class='ocrx_word' id='word_1_863' title='bbox 2339 4846 2627 4902; x_wconf 83' lang='lat' dir='ltr'><strong>admodum</strong></span> <span class='ocrx_word' id='word_1_864' title='bbox 2655 4853 2708 4898; x_wconf 89' lang='lat' dir='ltr'><strong>et</strong></span> <span class='ocrx_word' id='word_1_865' title='bbox 2736 4845 2976 4898; x_wconf 88' lang='lat' dir='ltr'><strong>honeste.</strong></span> <span class='ocrx_word' id='word_1_866' title='bbox 3005 4840 3141 4907; x_wconf 85' lang='lat' dir='ltr'><strong>Quid</strong></span> <span class='ocrx_word' id='word_1_867' title='bbox 3170 4841 3320 4896; x_wconf 85' lang='lat' dir='ltr'><strong>enim</strong></span> <span class='ocrx_word' id='word_1_868' title='bbox 3341 4847 3563 4896; x_wconf 84' lang='lat' dir='ltr'><strong>necesse</strong></span> <span class='ocrx_word' id='word_1_869' title='bbox 3583 4840 3651 4894; x_wconf 86' lang='lat' dir='ltr'><strong>sit</strong></span> <span class='ocrx_word' id='word_1_870' title='bbox 3675 4838 3779 4894; x_wconf 77' lang='lat' dir='ltr'><strong>line</strong></span> 
     </span>
    </p>
   </div>
   <div class='ocr_carea' id='block_1_113' title="bbox 2193 4930 3780 5006">
    <p class='ocr_par' dir='ltr' id='par_1_113' title="bbox 2193 4930 3780 5006">
     <span class='ocr_line' id='line_1_113' title="bbox 2193 4930 3780 5006; baseline -0.007 -14"><span class='ocrx_word' id='word_1_871' title='bbox 2193 4939 2329 5002; x_wconf 87' lang='lat' dir='ltr'><strong>tieri,</strong></span> <span class='ocrx_word' id='word_1_872' title='bbox 2353 4937 2476 4991; x_wconf 87' lang='lat' dir='ltr'><strong>andi</strong></span> <span class='ocrx_word' id='word_1_873' title='bbox 2500 4934 2627 5006; x_wconf 80' lang='lat' dir='ltr'><strong>quid</strong></span> <span class='ocrx_word' id='word_1_874' title='bbox 2647 4934 2790 4987; x_wconf 87' lang='lat' dir='ltr'><strong>dicat</strong></span> <span class='ocrx_word' id='word_1_875' title='bbox 2804 4931 3047 4987; x_wconf 75' lang='lat' dir='ltr'><strong>Christus</strong></span> <span class='ocrx_word' id='word_1_876' title='bbox 3075 4950 3090 4985; x_wconf 87' lang='lat'>:</span> <span class='ocrx_word' id='word_1_877' title='bbox 3121 4930 3235 4985; x_wconf 79' lang='lat' dir='ltr'><strong>Illic</strong></span> <span class='ocrx_word' id='word_1_878' title='bbox 3247 4931 3339 4985; x_wconf 80' lang='lat' dir='ltr'><strong>erit</strong></span> <span class='ocrx_word' id='word_1_879' title='bbox 3355 4932 3504 5002; x_wconf 75' lang='lat' dir='ltr'><strong>ﬂetus</strong></span> <span class='ocrx_word' id='word_1_880' title='bbox 3529 4941 3574 4982; x_wconf 77' lang='lat' dir='ltr'><strong>et</strong></span> <span class='ocrx_word' id='word_1_881' title='bbox 3593 4930 3780 4988; x_wconf 78' lang='lat' dir='ltr'><strong>stridor</strong></span> 
     </span>
    </p>
   </div>
   <div class='ocr_carea' id='block_1_114' title="bbox 2193 5018 3785 5099">
    <p class='ocr_par' dir='ltr' id='par_1_114' title="bbox 2193 5018 3785 5099">
     <span class='ocr_line' id='line_1_114' title="bbox 2193 5018 3785 5099; baseline -0.006 -15"><span class='ocrx_word' id='word_1_882' title='bbox 2193 5031 2418 5084; x_wconf 81' lang='lat' dir='ltr'><strong>dentium</strong></span> <span class='ocrx_word' id='word_1_883' title='bbox 2438 5028 2457 5099; x_wconf 94' lang='lat'><strong>(</strong></span> <span class='ocrx_word' id='word_1_884' title='bbox 2478 5025 2668 5080; x_wconf 69' lang='lat' dir='ltr'><strong>Matth.</strong></span> <span class='ocrx_word' id='word_1_885' title='bbox 2699 5027 2753 5080; x_wconf 85' lang='lat'><strong>8.</strong></span> <span class='ocrx_word' id='word_1_886' title='bbox 2783 5023 2894 5094; x_wconf 73' lang='grc'><strong>12).</strong></span> <span class='ocrx_word' id='word_1_887' title='bbox 2923 5024 2994 5078; x_wconf 84' lang='lat' dir='ltr'><strong>At</strong></span> <span class='ocrx_word' id='word_1_888' title='bbox 3018 5038 3122 5076; x_wconf 83' lang='lat' dir='ltr'><strong>nun</strong></span> <span class='ocrx_word' id='word_1_889' title='bbox 3152 5022 3220 5076; x_wconf 80' lang='lat' dir='ltr'><strong>ita</strong></span> <span class='ocrx_word' id='word_1_890' title='bbox 3265 5023 3352 5092; x_wconf 89' lang='lat' dir='ltr'><strong>qui</strong></span> <span class='ocrx_word' id='word_1_891' title='bbox 3378 5023 3462 5076; x_wconf 82' lang='lat' dir='ltr'><strong>hic</strong></span> <span class='ocrx_word' id='word_1_892' title='bbox 3491 5023 3657 5076; x_wconf 81' lang='lat' dir='ltr'><strong>ﬂent:</strong></span> <span class='ocrx_word' id='word_1_893' title='bbox 3684 5018 3785 5075; x_wconf 80' lang='lat' dir='ltr'><strong>sed</strong></span> 
     </span>
    </p>
   </div>
   <div class='ocr_carea' id='block_1_115' title="bbox 2197 5112 3785 5191">
    <p class='ocr_par' dir='ltr' id='par_1_115' title="bbox 2197 5112 3785 5191">
     <span class='ocr_line' id='line_1_115' title="bbox 2197 5112 3785 5191; baseline -0.006 -17"><span class='ocrx_word' id='word_1_894' title='bbox 2197 5135 2441 5191; x_wconf 86' lang='lat' dir='ltr'><strong>magnam</strong></span> <span class='ocrx_word' id='word_1_895' title='bbox 2467 5127 2864 5186; x_wconf 79' lang='lat' dir='ltr'><strong>cmisequcntur</strong></span> <span class='ocrx_word' id='word_1_896' title='bbox 2891 5117 3331 5170; x_wconf 86' lang='lat' dir='ltr'><strong>consolationem.</strong></span> <span class='ocrx_word' id='word_1_897' title='bbox 3365 5113 3507 5170; x_wconf 82' lang='lat' dir='ltr'><strong>Beati</strong></span> <span class='ocrx_word' id='word_1_898' title='bbox 3525 5112 3666 5168; x_wconf 88' lang='lat' dir='ltr'><strong>enim</strong></span> <span class='ocrx_word' id='word_1_899' title='bbox 3697 5112 3785 5182; x_wconf 79' lang='lat' dir='ltr'><strong>qui</strong></span> 
     </span>
    </p>
   </div>
   <div class='ocr_carea' id='block_1_116' title="bbox 2198 5203 3783 5284">
    <p class='ocr_par' dir='ltr' id='par_1_116' title="bbox 2198 5203 3783 5284">
     <span class='ocr_line' id='line_1_116' title="bbox 2198 5203 3783 5284; baseline -0.004 -17"><span class='ocrx_word' id='word_1_900' title='bbox 2198 5213 2384 5284; x_wconf 69' lang='lat' dir='ltr'><strong>lugent,</strong></span> <span class='ocrx_word' id='word_1_901' title='bbox 2414 5211 2654 5278; x_wconf 68' lang='lat' dir='ltr'><strong>quoniam</strong></span> <span class='ocrx_word' id='word_1_902' title='bbox 2682 5207 3076 5260; x_wconf 68' lang='lat' dir='ltr'><strong>consolationem</strong></span> <span class='ocrx_word' id='word_1_903' title='bbox 3095 5207 3340 5274; x_wconf 75' lang='lat' dir='ltr'><strong>accipient</strong></span> <span class='ocrx_word' id='word_1_904' title='bbox 3361 5205 3380 5276; x_wconf 86' lang='lat'><strong>(</strong></span> <span class='ocrx_word' id='word_1_905' title='bbox 3395 5203 3579 5260; x_wconf 70' lang='lat' dir='ltr'><strong>Matth.</strong></span> <span class='ocrx_word' id='word_1_906' title='bbox 3604 5205 3658 5259; x_wconf 84' lang='lat'><strong>5.</strong></span> <span class='ocrx_word' id='word_1_907' title='bbox 3689 5204 3723 5258; x_wconf 88' lang='lat'><strong>5</strong></span> <span class='ocrx_word' id='word_1_908' title='bbox 3742 5204 3783 5271; x_wconf 73' lang='lat'><strong>).</strong></span> 
     </span>
    </p>
   </div>
   <div class='ocr_carea' id='block_1_117' title="bbox 2213 5296 3790 5366">
    <p class='ocr_par' dir='ltr' id='par_1_117' title="bbox 2213 5296 3790 5366">
     <span class='ocr_line' id='line_1_117' title="bbox 2213 5296 3790 5366; baseline -0.005 -10"><span class='ocrx_word' id='word_1_909' title='bbox 2213 5303 2297 5358; x_wconf 73' lang='lat' dir='ltr'><strong>Var</strong></span> <span class='ocrx_word' id='word_1_910' title='bbox 2344 5305 2478 5356; x_wconf 72' lang='lat' dir='ltr'><strong>nouis</strong></span> <span class='ocrx_word' id='word_1_911' title='bbox 2527 5300 2757 5352; x_wconf 70' lang='lat' dir='ltr'><strong>divitibus</strong></span> <span class='ocrx_word' id='word_1_912' title='bbox 2792 5314 2831 5363; x_wconf 63' lang='grc' dir='ltr'><strong>ί,</strong></span> <span class='ocrx_word' id='word_1_913' title='bbox 2898 5302 3118 5363; x_wconf 40' lang='grc' dir='ltr'><strong>,ταωεὲαηι</strong></span> <span class='ocrx_word' id='word_1_914' title='bbox 3145 5297 3370 5366; x_wconf 83' lang='lat' dir='ltr'><strong>accipitis</strong></span> <span class='ocrx_word' id='word_1_915' title='bbox 3394 5296 3790 5350; x_wconf 83' lang='lat' dir='ltr'><strong>consolationem</strong></span> 
     </span>
    </p>
   </div>
   <div class='ocr_carea' id='block_1_118' title="bbox 2203 5384 3791 5460">
    <p class='ocr_par' dir='ltr' id='par_1_118' title="bbox 2203 5384 3791 5460">
     <span class='ocr_line' id='line_1_118' title="bbox 2203 5384 3791 5460; baseline -0.004 -11"><span class='ocrx_word' id='word_1_916' title='bbox 2203 5407 2418 5449; x_wconf 76' lang='lat' dir='ltr'><strong>vestram</strong></span> <span class='ocrx_word' id='word_1_917' title='bbox 2464 5391 2639 5460; x_wconf 86' lang='lat' dir='ltr'><strong>(Luc.</strong></span> <span class='ocrx_word' id='word_1_918' title='bbox 2675 5391 2727 5445; x_wconf 89' lang='lat'><strong>6.</strong></span> <span class='ocrx_word' id='word_1_919' title='bbox 2771 5388 2908 5458; x_wconf 66' lang='grc' dir='ltr'><strong>ει).</strong></span> <span class='ocrx_word' id='word_1_920' title='bbox 2954 5387 3186 5442; x_wconf 83' lang='lat' dir='ltr'><strong>Audiant</strong></span> <span class='ocrx_word' id='word_1_921' title='bbox 3241 5387 3330 5457; x_wconf 89' lang='lat' dir='ltr'><strong>qui</strong></span> <span class='ocrx_word' id='word_1_922' title='bbox 3371 5387 3537 5442; x_wconf 88' lang='lat' dir='ltr'><strong>lectos</strong></span> <span class='ocrx_word' id='word_1_923' title='bbox 3593 5384 3791 5442; x_wconf 85' lang='lat' dir='ltr'><strong>habent</strong></span> 
     </span>
    </p>
   </div>
   <div class='ocr_carea' id='block_1_119' title="bbox 2275 5596 3796 5676">
    <p class='ocr_par' dir='ltr' id='par_1_119' title="bbox 2275 5596 3796 5676">
     <span class='ocr_line' id='line_1_119' title="bbox 2275 5596 3796 5676; baseline -0.007 -18"><span class='ocrx_word' id='word_1_924' title='bbox 2275 5616 2288 5642; x_wconf 86' lang='grc' dir='ltr'><strong>ι</strong></span> <span class='ocrx_word' id='word_1_925' title='bbox 2328 5616 2467 5670; x_wconf 82' lang='lat' dir='ltr'><strong>neg..</strong></span> <span class='ocrx_word' id='word_1_926' title='bbox 2491 5617 2585 5676; x_wconf 70' lang='lat' dir='ltr'><strong>non</strong></span> <span class='ocrx_word' id='word_1_927' title='bbox 2608 5605 2833 5674; x_wconf 63' lang='lat' dir='ltr'><strong>sicutnos</strong></span> <span class='ocrx_word' id='word_1_928' title='bbox 2848 5602 2935 5663; x_wconf 78' lang='lat' dir='ltr'><strong>qui</strong></span> <span class='ocrx_word' id='word_1_929' title='bbox 2975 5614 3069 5653; x_wconf 81' lang='lat' dir='ltr'><strong>uno</strong></span> <span class='ocrx_word' id='word_1_930' title='bbox 3090 5602 3176 5652; x_wconf 82' lang='lat' dir='ltr'><strong>dte</strong></span> <span class='ocrx_word' id='word_1_931' title='bbox 3217 5607 3299 5653; x_wconf 84' lang='lat' dir='ltr'><strong>aut</strong></span> <span class='ocrx_word' id='word_1_932' title='bbox 3323 5612 3418 5651; x_wconf 77' lang='lat' dir='ltr'><strong>una</strong></span> <span class='ocrx_word' id='word_1_933' title='bbox 3454 5603 3589 5652; x_wconf 74' lang='lat' dir='ltr'><strong>nocte</strong></span> <span class='ocrx_word' id='word_1_934' title='bbox 3611 5596 3664 5649; x_wconf 81' lang='lat' dir='ltr'><strong>id</strong></span> <span class='ocrx_word' id='word_1_935' title='bbox 3695 5597 3796 5663; x_wconf 69' lang='lat' dir='ltr'><strong>agi-</strong></span> 
     </span>
    </p>
   </div>
   <div class='ocr_carea' id='block_1_120' title="bbox 2211 5677 3056 5731">
    <p class='ocr_par' dir='ltr' id='par_1_120' title="bbox 2211 5677 3056 5731">
     <span class='ocr_line' id='line_1_120' title="bbox 2211 5677 3056 5731; baseline -0.001 -13"><span class='ocrx_word' id='word_1_936' title='bbox 2211 5685 2336 5726; x_wconf 78' lang='lat' dir='ltr'><strong>mus,</strong></span> <span class='ocrx_word' id='word_1_937' title='bbox 2359 5677 2406 5720; x_wconf 78' lang='lat' dir='ltr'><strong>et</strong></span> <span class='ocrx_word' id='word_1_938' title='bbox 2438 5681 2524 5718; x_wconf 84' lang='lat' dir='ltr'><strong>nos</strong></span> <span class='ocrx_word' id='word_1_939' title='bbox 2543 5678 2836 5731; x_wconf 50' lang='grc' dir='ltr'><strong>ιρεοίνιςςιιιἶ</strong></span> <span class='ocrx_word' id='word_1_940' title='bbox 2978 5725 2988 5731; x_wconf 86' lang='lat'><strong>_</strong></span> <span class='ocrx_word' id='word_1_941' title='bbox 3044 5722 3056 5731; x_wconf 58' lang='grc'><em>,</em></span> 
     </span>
    </p>
   </div>
   <div class='ocr_carea' id='block_1_121' title="bbox 2277 5725 3097 5794">
    <p class='ocr_par' dir='ltr' id='par_1_121' title="bbox 2277 5725 3097 5794">
     <span class='ocr_line' id='line_1_121' title="bbox 2277 5725 3097 5794; baseline -0.006 -13"><span class='ocrx_word' id='word_1_942' title='bbox 2277 5735 2296 5765; x_wconf 72' lang='grc'><em>³</em></span> <span class='ocrx_word' id='word_1_943' title='bbox 2331 5741 2466 5794; x_wconf 61' lang='grc' dir='ltr'><strong>κρκη</strong></span> <span class='ocrx_word' id='word_1_944' title='bbox 2492 5725 2728 5789; x_wconf 68' lang='lat' dir='ltr'><strong>moon,</strong></span> <span class='ocrx_word' id='word_1_945' title='bbox 2754 5725 2835 5793; x_wconf 82' lang='lat' dir='ltr'><strong>qui</strong></span> <span class='ocrx_word' id='word_1_946' title='bbox 2859 5725 3097 5791; x_wconf 73' lang='lat' dir='ltr'><strong>gaudetis.</strong></span> 
     </span>
    </p>
   </div>
  </div>
