4070 6424
217 337 287 393 'n
1392 305 1759 369 hXPOSITIO
1799 304 1864 361 IN
1895 303 2228 362 PSALMUM
2270 303 2355 360 \‘l.
3485 291 3556 349 78

222 457 529 522 argenteos,
563 441 735 515 qualis
759 447 877 496 erat
910 437 1082 493 lectus
1109 433 1250 508 regis
1279 447 1295 498 ;
1353 445 1460 486 non
1501 443 1567 484 ex
1597 421 1827 498 gemmis

222 520 514 606 conﬂatus,
548 554 655 593 non
687 549 820 590 auro
844 538 1161 595 contextus,
1184 525 1279 583 sed
1311 524 1526 579 ablutus
1557 520 1830 592 laerymis.

223 636 296 693 Et
321 647 506 692 noctes
537 632 663 687 huic
693 635 848 684 erant
874 639 981 680 non
1008 620 1225 694 quietis,
1266 618 1362 674 sed
1395 619 1581 672 noctes
1612 612 1834 667 ﬂetuum

222 741 279 787 et
302 725 767 785 lamentatiouum.
790 717 1053 787 Quoniam
1083 711 1315 768 interdiu
1336 724 1460 765 eum
1489 707 1671 760 multa:
1693 718 1837 758 cura:

224 817 698 878 circumsistebant
728 831 741 867 :
771 809 914 883 quod
943 808 1032 863 alii
1057 805 1255 877 quietis
1285 817 1349 857 ac
1373 796 1674 858 laxamenti
1705 805 1841 849 tem-

227 928 332 984 pus
358 921 598 978 sumunt,
632 906 682 960 id
709 905 799 960 ille
818 901 1044 978 ducebat
1074 908 1284 966 tempus
1305 889 1682 959 confessionis,
1713 897 1840 940 tunc

229 981 408 1059 acrius
431 1001 752 1054 lamentans.
785 995 989 1050 Bonum
1015 1000 1098 1046 est
1127 990 1269 1044 enim
1293 999 1510 1054 semper
1537 981 1690 1045 ﬂere,
1723 994 1841 1034 ma-

230 1097 376 1150 xime
406 1104 585 1147 autem
619 1101 862 1160 tempore
895 1086 1090 1151 noctis,
1139 1081 1358 1153 quando
1389 1078 1568 1132 nullus
1617 1083 1701 1129 cst
1748 1073 1839 1142 qui

231 1187 369 1241 hanc
392 1182 764 1238 admirabilem
789 1179 1115 1247 voluptatem
1145 1171 1400 1232 excutiat,
1435 1169 1528 1223 sed
1561 1167 1687 1221 licet
1740 1180 1839 1213 vo-

229 1280 360 1334 lenti
391 1291 453 1330 ca
485 1273 760 1328 liberrime
781 1268 1006 1339 expleri.
1035 1265 1226 1322 Sciunt
1257 1254 1346 1333 qui
1388 1259 1505 1331 ejus
1546 1257 1687 1328 quod
1718 1256 1842 1310 dico

230 1366 412 1422 fecere
439 1363 760 1434 periculum,
794 1368 1052 1429 quantam
1077 1354 1316 1410 lmtitiam
1345 1352 1580 1406 habeant
1623 1349 1674 1402 lii
1719 1349 1840 1400 fon-

231 1469 313 1512 tes
353 1457 734 1525 lacrymarum.
785 1451 878 1506 Hae
923 1450 1174 1521 lacrymtc
1227 1452 1448 1515 possunt
1499 1440 1843 1509 exstinguere

231 1545 985 1620 ignem,inexstinguibilem,
1015 1540 1235 1594 ﬂuvium
1286 1537 1435 1590 illum
1479 1534 1570 1603 qui
1613 1530 1844 1584 trahitur

229 1656 357 1698 ante
377 1643 631 1698 tribunal.
665 1641 953 1709 Propterea
985 1630 1430 1688 Panlustricnnio
1444 1625 1764 1681 ﬂevituoctu
1789 1628 1843 1676 et

227 1737 320 1790 die
344 1737 480 1802 (Art.
507 1733 599 1788 ‘20.
630 1733 745 1801 5|),
791 1730 996 1783 alienas
1025 1723 1345 1778 afﬂictiones
1383 1719 1694 1787 corrigens;
1745 1728 1844 1768 nos

227 1837 410 1881 autem
469 1842 536 1881 ne
593 1833 804 1879 nostras
854 1820 1094 1892 quidem,
1151 1815 1248 1870 scd
1303 1813 1553 1880 nosipsos
1601 1809 1730 1864 risui
1779 1820 1844 1860 ac

231 1919 492 1988 voluptati
521 1916 804 1980 dedentes,
843 1922 953 1968 teta
975 1919 1132 1964 nocte
1157 1905 1306 1978 gravi
1334 1913 1527 1959 somno
1543 1910 1598 1957 et
1623 1898 1844 1968 crapula

230 2011 532 2064 obruimur.
569 2008 632 2060 Et
661 2006 712 2058 hi
738 2003 954 2076 quidem
983 2015 1174 2055 somno
1199 1995 1359 2052 morti
1406 1993 1564 2047 simili
1622 1999 1747 2045 sunt
1767 1987 1849 2042 af-

234 2101 324 2155 fixi
352 2119 365 2152 :
396 2101 484 2153 alii
516 2114 644 2153 vero
665 2107 830 2166 agunt
861 2103 1032 2146 morte
1048 2092 1325 2160 graviores
1342 2087 1568 2157 vigilias,
1611 2083 1839 2144 foenera,

231 2207 285 2250 ct
320 2209 531 2255 usuras,
557 2201 612 2244 et
640 2193 691 2243 in
718 2191 852 2244 alios
877 2187 1098 2240 insidias
1125 2198 1189 2238 eo
1221 2193 1464 2250 tempore
1507 2178 1689 2231 animo
1733 2173 1846 2244 agi-

234 2296 435 2339 tantes.
465 2286 529 2336 At
562 2299 665 2335 non
690 2282 722 2334 ii
755 2279 842 2350 qui
874 2275 1132 2333 suntsaui
1153 2284 1206 2328 ct
1234 2271 1422 2335 sobrii,
1451 2269 1545 2324 scd
1578 2283 1703 2323 suas
1749 2280 1845 2320 co-

235 2377 351 2428 lunt
378 2374 608 2432 animus,
642 2372 723 2424 his
753 2368 1004 2439 lacrymis
1034 2376 1307 2432 tamquam
1340 2362 1511 2415 imbre
1537 2362 1771 2418 utentes,
1793 2363 1850 2411 et

233 2469 444 2530 sentina
476 2466 684 2518 virtutis
715 2471 993 2530 augentes.
1022 2458 1161 2513 Nulli
1197 2456 1326 2509 vitio
1374 2464 1429 2508 et
1479 2452 1686 2506 libidini
1745 2450 1851 2502 erit

234 2559 414 2613 aditus
438 2559 505 2611 ad
540 2558 734 2611 let-tum
765 2554 903 2622 ejus,
935 2551 1024 2621 qui
1049 2551 1315 2620 lacrymas
1363 2544 1629 2617 ejusmodi
1673 2557 1848 2596 susei-

235 2653 330 2721 pit.
357 2650 458 2718 Qui
494 2649 626 2702 tales
653 2645 817 2700 fundit
842 2646 1127 2715 lacrymas,
1167 2641 1315 2695 nihili
1348 2640 1495 2692 ducit
1549 2653 1668 2708 qua:
1724 2642 1852 2690 sunt

238 2745 290 2798 in
324 2753 489 2805 terra,
520 2739 614 2793 sed
648 2736 1092 2792 liberatanin'tunt
1116 2736 1182 2786 ab
1208 2732 1353 2786 omni
1378 2731 1678 2796 obsidione,
1699 2746 1852 2783 mcu-

239 2847 347 2891 teiu
379 2833 556 2888 reddit
582 2831 661 2884 vel
692 2831 806 2884 sole
831 2828 1138 2883 clariorem.
1168 2825 1278 2880 Nec
1301 2840 1388 2879 me
1412 2822 1853 2878 existimaveritis

237 2928 371 2984 Solis
398 2927 514 2980 lucc
564 2926 744 2978 dicere
796 2922 1114 2986 monachis;
1143 2921 1305 2974 etiam
1335 2917 1402 2973 ad
1433 2932 1529 2971 eos
1564 2918 1653 2986 qui
1686 2914 1852 2969 rebus

236 3024 303 3074 ad
333 3020 472 3073 hanc
494 3020 653 3071 vitam
679 3014 1068 3084 pertinentibus
1100 3013 1287 3067 attenti
1316 3019 1460 3074 sunt,
1482 3011 1715 3064 habetur
1737 3009 1854 3063 hac

237 3110 568 3174 exhortatio,
597 3117 651 3161 et
672 3107 736 3158 ad
758 3105 856 3161 hos
889 3105 1097 3174 potius,
1154 3118 1314 3172 quam
1343 3101 1409 3155 ad
1441 3100 1557 3154 illos
1583 3118 1594 3151 :
1628 3099 1679 3152 hi
1707 3099 1851 3154 enint

239 3217 360 3257 sum
393 3203 482 3272 qui
517 3203 744 3255 minime
771 3198 1012 3269 indigent
1044 3196 1371 3266 paenitentia:
1401 3194 1725 3264 pharmacis.
1750 3192 1851 3260 Qui

243 3295 343 3348 hoc
368 3293 528 3346 ma-do
557 3294 898 3353 lamentatur,
928 3297 1114 3358 surget
1143 3289 1324 3341 animo
1375 3285 1568 3340 melius
1613 3283 1807 3341 allecto
1834 3324 1852 3349 ,

241 3402 402 3458 quam
434 3386 499 3439 sit
527 3395 712 3454 portus
733 3381 1074 3449 tranquillus,
1104 3378 1472 3434 omnesanimi
1497 3377 1856 3446 perturbatio-

243 3497 339 3536 nes
369 3479 685 3548 expellens;
714 3476 861 3531 omni
909 3475 1141 3529 refertus
1178 3473 1360 3528 laetitia
1404 3471 1456 3525 in
1505 3470 1726 3524 domum
1761 3468 1853 3522 Dei

245 3574 415 3628 libere
437 3583 490 3626 et
516 3585 703 3626 secure
733 3570 1100 3640 ingredietur;
1133 3583 1256 3621 cum
1287 3563 1855 3637 propinquo'jucunde

243 3669 616 3737 colloquetur;
642 3682 746 3718 non
771 3680 890 3718 cum
927 3671 1086 3717 \‘i-xat
1112 3663 1190 3716 ira
1220 3661 1272 3716 in
1301 3660 1529 3714 internis
1561 3656 1855 3727 penetrali-

242 3763 367 3825 bus,
397 3777 503 3816 non
523 3759 818 3814 inﬂammat
845 3755 1132 3826 cupidinis,
1158 3768 1264 3810 non
1287 3769 1440 3808 amor
1457 3751 1720 3822 pecuniae,
1749 3765 1856 3802 non

243 3852 474 3915 iuv‘idia,
506 3867 611 3904 non
643 3849 842 3920 aliquid
872 3848 1013 3901 aliud
1045 3845 1332 3916 ejusmodi.
1361 3844 1487 3899 lltec
1509 3844 1652 3898 enim
1674 3841 1857 3897 omnia

245 3957 299 4000 ut
327 3956 598 4012 tamquam
623 3932 811 3996 lii-lluar
869 3940 920 3993 in
973 3936 1523 3995 cavernis-abstrusa:
1566 3933 1856 3990 delitesce-

244 4049 390 4098 rent,
420 4045 713 4090 uol-turnus
732 4034 822 4088 ille
846 4019 1084 4104 gemitus
1108 4040 1164 4086 et
1181 4030 1442 4104 lacrynm
1465 4028 1784 4083 t-ﬂ'ccerunt.
1800 4027 1855 4082 8.

248 4128 510 4184 Turbatus
535 4135 608 4180 est
633 4143 664 4179 η
696 4128 871 4197 furore
903 4124 1080 4178 oculus
1106 4138 1269 4175 meus.
1327 4119 1518 4176 Vidisti
1569 4121 1859 4174 contritam

241 4220 524 4275 animam?
549 4219 837 4287 Postquam
867 4215 1010 4270 dixit
1051 4213 1421 4284 pmnitentiam
1443 4253 1458 4276 ,
1501 4211 1632 4267 dicit
1672 4225 1865 4270 rursus,

245 4313 684 4384 perturbatioaes
727 4310 914 4378 animi,
966 4307 1434 4363 centurhationem
1481 4321 1602 4375 qua!
1663 4311 1748 4358 est
1806 4304 1860 4359 in

252 4415 460 4466 mente,
494 4403 743 4456 timorem
767 4401 856 4470 qui
889 4416 955 4458 ex
985 4400 1061 4454 ira
1090 4399 1180 4454 Dei
1205 4397 1471 4468 procedit.

319 4496 376 4552 5.
398 4493 590 4549 Oculus
605 4493 792 4546 animi:
813 4492 948 4564 quis;
966 4490 1142 4546 oculus
1155 4490 1425 4553 eruendus,
1450 4488 1727 4560 quomodo.
1741 4487 1864 4542 Ρωο

247 4590 476 4644 nitentia
500 4597 547 4642 et
573 4587 920 4658 lacrymarum
950 4588 1167 4656 fructus.
1200 4613 1274 4626 --
1316 4581 1544 4637 Oculum
1587 4582 1732 4636 enim
1778 4581 1864 4635 hic

247 4681 385 4739 dicit
410 4679 624 4734 oculum
656 4679 874 4744 animae,
910 4677 1375 4746 perspicacitatem
1420 4673 1565 4729 illaut
1609 4682 1666 4728 et
1701 4672 1868 4728 ratio-

249 4773 468 4835 cinandi
515 4772 859 4836 facultatem,
917 4783 1074 4837 quam
1121 4767 1261 4823 solet
1310 4768 1604 4837 pertubat‘e
1645 4781 1866 4822 suorum

250 4874 598 4938 peccatorum
647 4863 921 4931 cogitatio.
970 4861 1106 4927 Quia
1158 4858 1304 4913 enim
1361 4874 1455 4912 sua
1501 4858 1694 4914 delicta
1741 4867 1869 4914 ante

252 4957 442 5012 oculos
483 4965 743 5026 perpetuo
784 4953 1039 5017 habebat,
1081 4952 1171 5007 Dei
1220 4952 1386 5006 etiam
1430 4950 1568 5007 iram
1621 4951 1764 5020 apttd
1807 4966 1871 5008 se

251 5049 544 5121 cogitabat,
605 5048 798 5101 tinnire
841 5045 1088 5110 aﬂ‘i-ctus,
1143 5059 1248 5098 non
1293 5043 1471 5096 omnis
1520 5043 1722 5097 doloris
1771 5058 1868 5097 ex»

253 5157 414 5214 pers,
466 5141 613 5195 sicut
661 5137 810 5192 multi
847 5155 858 5190 :
894 5137 987 5190 sed
1022 5136 1248 5191 horrens
1301 5143 1357 5190 et
1421 5136 1868 5191 contremiscens.

254 5236 401 5293 Talis
439 5233 778 5288 cmttttrbatio
805 5239 889 5284 est
921 5247 969 5282 in
1009 5241 1089 5282 ter
1121 5227 1521 5297 tranquillitatis
1556 5249 1568 5283 :
1605 5229 1726 5282 talis
1756 5242 1871 5282 tne—

259 5339 345 5385 tus
381 5341 465 5384 eSt
515 5324 922 5381 fundamentum
954 5322 1277 5378 securiuitis.
1303 5321 1402 5386 Qui
1438 5322 1506 5374 ita
1536 5329 1619 5374 est
1648 5329 1877 5376 contnr-

259 5423 447 5483 battis,
501 5433 715 5471 omnem
755 5423 1127 5485 tempestatem
1176 5414 1330 5480 cxpi-l
1359 5413 1443 5465 it:
1493 5414 1578 5480 qui
1635 5413 1720 5466 tali
1767 5424 1873 5466 non

257 5523 340 5567 est
371 5513 548 5566 anima
593 5509 869 5579 praaditus,
897 5522 1086 5578 graves
1114 5504 1304 5559 ﬂuctus
1333 5504 1528 5558 subbit
1565 5523 1576 5558 :
1607 5514 1661 5556 et
1691 5486 1876 5571 quem.

261 5604 550 5659 admodum
595 5601 861 5670 navigium
916 5614 1022 5651 non
1080 5597 1464 5662 saburratum,
1517 5597 1870 5650 violentorum

270 5706 545 5753 ventorum
591 5692 812 5763 impetui
863 5689 1134 5758 relictum,
1177 5690 1426 5746 celeriter
1474 5690 1872 5760 subtncrgitur:

1945 421 2015 476 ita
2061 420 2222 474 etiam
2265 418 2443 472 anima
2487 415 2693 472 doloris
2723 412 2936 484 penitus
2965 424 3161 480 expers
3191 407 3434 478 exposita
3474 413 3560 461 est

1946 509 2434 566 innumerabilibus
2485 505 3005 579 perturbationibus.
3076 501 3342 570 Quocirca
3397 497 3560 553 etiam

1947 602 2137 658 beatus
2177 600 2372 654 Paulus
2402 598 2616 654 dicebat
2645 594 2937 653 ostendens
2987 593 3128 648 hanc
3173 590 3516 647 affectionem
3546 603 3561 643 :

1949 695 2054 764 Qui
2108 694 2248 748 omni
2296 691 2490 747 doloris
2546 708 2698 747 sensu
2750 688 2937 761 privati
2995 687 3192 757 seipsos
3239 681 3564 737 tradiderunt

1945 788 2312 853 impudicitiav,
2372 786 2428 840 in
2476 787 2822 856 operationem
2877 784 3044 838 omnis
3091 777 3452 837 immunditiav,
3515 777 3564 828 in

1946 879 2394 950 araritia(Ephes.
2414 881 2468 935 ι.
2491 879 2604 949 l9).
2635 878 2704 933 Et
2731 873 3184 948 quemadmodum
3215 871 3566 940 gubernator,

1946 974 2200 1044 quamdiu
2231 988 2327 1042 pro
2353 971 2726 1040 navigantibus
2755 967 3122 1026 sollicitudine
3165 971 3410 1028 vexatur,
3450 977 3567 1016 om-

1948 1084 2048 1127 nes
2075 1068 2252 1125 reddit
2274 1068 2486 1139 quietos
2514 1082 2580 1122 ac
2607 1064 2947 1133 tranquillos,
2982 1061 3073 1118 sed
3107 1061 3150 1116 si
3182 1059 3250 1113 ah
3277 1074 3338 1112 ea
3366 1054 3566 1112 libem-

1949 1172 2036 1219 tus
2082 1163 2348 1228 dormiat,
2405 1174 2655 1232 magnam
2699 1157 2858 1213 aﬂ'ert
2911 1153 3373 1225 perturbationem
3430 1167 3444 1202 :
3495 1149 3566 1230 ita

1947 1255 2112 1312 etiam
2155 1254 2350 1318 homo;
2389 1253 2482 1324 qui
2528 1253 2710 1308 horret
2747 1250 2985 1321 quidem,
3037 1247 3220 1304 tremit
3258 1255 3314 1301 et
3349 1253 3570 1314 pertur-

1947 1345 2124 1403 batur.
2168 1346 2404 1416 quietam
2434 1343 2609 1400 reddit
2629 1358 2781 1398 suam
2806 1341 3184 1412 cogitationem
3217 1355 3230 1391 :
3263 1338 3354 1408 qui
3384 1345 3566 1390 autem

1949 1440 2215 1496 socordire
2259 1454 2453 1494 somno
2496 1433 2736 1506 seipsum
2779 1433 3034 1499 tradidit,
3075 1431 3240 1487 efﬁcit
3276 1440 3335 1484 ttt
3374 1427 3568 1500 cymba

1949 1533 2228 1588 obruatur.
2283 1529 2572 1584 Inveteravi
2599 1529 2732 1582 inter
2757 1543 2932 1582 omnes
2960 1525 3194 1579 inimicos
3221 1538 3379 1577 meos.
3430 1520 3568 1587 Quid

1951 1635 2054 1692 est,
2102 1623 2387 1680 Inuelerari
2408 1622 2434 1676 1’
2465 1621 2781 1676 Dehilitatus
2827 1635 2971 1684 sum,
3016 1616 3209 1687 inquit,
3239 1615 3308 1668 ab
3339 1612 3573 1668 inimicis

1954 1718 2109 1773 meis.
2146 1717 2262 1772 Vita
2291 1717 2435 1771 enim
2468 1724 2653 1770 nostra
2686 1722 2930 1767 versttur
2958 1712 3008 1764 in
3040 1709 3362 1772 certamine,
3410 1715 3466 1761 et
3492 1706 3574 1759 iu-

1953 1809 2382 1874 uumerabilibus
2411 1807 2644 1862 inimicis
2682 1806 2838 1875 plena
2875 1812 2978 1865 εει,
3013 1801 3100 1872 qui
3132 1803 3292 1854 etiam
3319 1797 3570 1854 efllciuno

1917 1913 2043 1958 'tur
2102 1903 2468 1973 potentiores,
2515 1897 2732 1970 quando
2791 1898 2844 1952 in
2913 1905 3128 1966 peccata
3202 1891 3570 1947 inciderimus.

1954 1998 2318 2067 Quamobrem
2357 1995 2540 2051 omnia
2587 2000 2716 2049 sunt
2766 1989 3011 2046 facienda
3055 1997 3112 2042 ut
3151 2001 3339 2042 eorum
3381 2000 3578 2039 manus

1954 2088 2295 2161 cﬂ'jtgiamus,
2340 2095 2396 2141 et
2448 2101 2516 2140 ne
2558 2086 2638 2139 eis
2669 2097 2925 2154 umquam
2979 2078 3394 2135 ri-concilietnnr
3427 2094 3440 2129 :
3472 2076 3572 2132 hoc

1954 2190 2040 2238 εει
2082 2181 2226 2237 enim
2279 2181 2438 2234 nobis
2480 2177 2791 2234 securitatis
2833 2175 3083 2230 maxima:
3131 2171 3565 2227 fundamentum.

1958 2274 2164 2329 llorum
2213 2273 2552 2332 inimicorum
2605 2270 2925 2339 phalangem
2981 2267 3182 2323 Paulus
3228 2265 3560 2336 significans,

1956 2365 2172 2421 dicebat
2205 2383 2219 2419 :
2256 2362 2381 2418 Non
2408 2372 2481 2417 cst
2517 2362 2666 2416 nobis
2712 2359 3009 2415 colluctatio
3030 2375 3146 2412 cum
3185 2373 3338 2410 carne
3373 2365 3416 2408 rt
3458 2372 3577 2408 san-

1957 2461 2131 2534 guine,
2181 2458 2272 2512 sed
2315 2473 2432 2510 cum
2482 2453 2873 2526 principatibus,
2911 2468 3026 2505 cum
3074 2448 3422 2519 potestatibus.
3462 2463 3582 2500 runt

1959 2552 2142 2605 mundi
2180 2548 2460 2603 rectoribus
2505 2545 2826 2600 tenebrarum
2870 2545 3024 2613 hujus
3072 2542 3249 2595 sict-uti
3299 2541 3316 2610 (
3351 2538 3488 2592 Ibid.
3518 2538 3576 2594 6.

1965 2643 2031 2697 12
2059 2642 2097 2712 ).
2157 2639 2294 2696 Cum
2340 2653 2471 2708 ergo
2504 2636 2625 2690 talis
2655 2636 2726 2690 sit
2767 2635 2998 2702 phalanx
3031 2634 3393 2693 inimicorum,
3435 2646 3580 2686 sem-

1961 2751 2057 2806 per
2095 2743 2151 2789 et
2203 2741 2463 2804 perpetuo
2518 2730 2571 2785 in
2622 2729 2790 2783 armis
2838 2742 2958 2782 esse
2999 2735 3248 2796 oportet,
3295 2733 3351 2780 et
3399 2724 3580 2793 fugere

1963 2836 2305 2902 peccatorum
2350 2823 2604 2880 insultus.
2667 2819 2810 2875 Nihil
2857 2820 3002 2880 enim
3055 2817 3180 2872 facit
3229 2816 3364 2871 adeo
3406 2817 3580 2880 _inve-

1963 2933 2161 2989 terare,
2207 2929 2268 2974 ut
2317 2926 2507 2973 natura
2537 2914 2760 2985 peccati.
2806 2911 3171 2980 Quamobrem
3219 2908 3413 2964 Paulus
3442 2923 3584 2978 quo.

1963 3031 2068 3086 que
2105 3014 2294 3069 volens
2339 3008 2788 3066 inveterationem
2838 3021 2959 3075 qum
3003 3019 3070 3059 ex
3123 3019 3190 3058 eo
3230 3002 3289 3056 lit
3331 3002 3583 3069 amoliri,

1961 3108 2179 3164 dicebat
2209 3122 2226 3163 :
2260 3098 2347 3159 Ne
2380 3100 2775 3174 con/armamini
2830 3100 2949 3154 huic
2996 3098 3217 3160 strculo,
3273 3099 3366 3151 sed
3411 3107 3581 3174 Ira-ns-

1964 3197 2256 3270 {ormcmini
2298 3196 2625 3250 renovatione
2662 3193 2848 3246 mentis
2895 3201 3074 3246 uestra:
3129 3189 3322 3262 (liam.
3367 3190 3453 3244 12.
3481 3169 3581 3260 Ξ),

1963 3289 2190 3358 Quando
2217 3303 2348 3358 ergo
2371 3303 2400 3341 a
2432 3296 2652 3356 peccato
2680 3285 2780 3338 inv-
2808 3283 3086 3344 teraveris,
3121 3297 3320 3336 rcnova
3350 3283 3584 3349 teipsqu

1965 3399 2061 3454 per
2117 3382 2513 3452 pmttitcntiam.
2584 3376 2638 3432 9.
2689 3375 2949 3431 Discedite
3004 3391 3036 3427 a
3106 3391 3185 3428 me
3253 3389 3426 3425 omnns
3499 3371 3588 3440 qui

1964 3474 2248 3546 operamini
2295 3473 2652 3543 iniquitatem,
2723 3469 2966 3540 quoniam
3016 3466 3276 3520 exaudivit
3333 3464 3582 3518 Dominus

1964 3583 2135 3624 vocem
2176 3566 2329 3635 ﬂetus
2373 3563 2491 3616 mei.
2527 3560 2615 3618 10.
2668 3558 2946 3618 EMudirit
2978 3555 3232 3613 Dominus
3261 3556 3585 3623 deprecatio-

1967 3675 2082 3712 nem
2128 3672 2314 3721 meam,
2341 3654 2594 3708 Dominus
2635 3653 2921 3706 orationem
2964 3667 3128 3708 meam
3170 3649 3419 3717 suscepit.
3468 3645 3586 3710 Non

1965 3761 2051 3808 est
2102 3751 2216 3805 ha-c
2265 3763 2482 3821 quoque
2531 3762 2692 3818 parra
2744 3746 2827 3799 via
2875 3745 2942 3798 ad
2993 3746 3244 3803 virtutem
3287 3741 3585 3807 deducens,

1966 3845 2141 3909 malos
2186 3842 2393 3912 fugere,
2437 3839 2582 3910 quod
2611 3838 2828 3909 quidem
2857 3835 3107 3892 Christus
3131 3837 3349 3907 quoque
3375 3854 3401 3885 a
3432 3834 3588 3892 nobis

1966 3951 2088 3997 cum
2119 3943 2266 3990 tanto
2295 3933 2475 3989 studio
2503 3929 2686 3994 exigit,
2722 3938 2781 3983 ut
2810 3927 2971 3982 etiam
3000 3927 3204 3980 amicos
3231 3926 3321 3994 qui
3354 3925 3592 3991 maxime

1968 4028 2398 4087 necessariorum
2440 4022 2596 4078 nobis
2634 4021 2998 4076 membrorum
3041 4020 3162 4074 loco
3198 4026 3359 4082 sunt,
3402 4015 3593 4085 juhcat

1968 4119 2308 4183 exscindere,
2353 4114 2570 4188 quando
2615 4127 2732 4168 nos.
2761 4111 3164 4174 scandalizant,
3220 4120 3273 4163 et
3307 4105 3460 4162 nobis
3485 4105 3590 4168 alia

1969 4213 2096 4286 quid
2141 4211 2322 4267 damni
2372 4207 2529 4264 aﬂ‘crt
2557 4222 2744 4262 eormn
2790 4203 3143 4262 consuetudo.
3175 4203 3238 4260 Si
3265 4204 3468 4268 acutus,
3506 4202 3592 4255 in-

1969 4306 2105 4377 quit,
2145 4314 2195 4360 te
2237 4300 2581 4363 scandalizat,
2610 4313 2734 4356 erue
2757 4298 2927 4367 ipsum
2949 4314 2968 4363 ;
2993 4305 3040 4351 et
3077 4296 3124 4350 si
3155 4311 3338 4350 manus
3365 4305 3413 4348 te
3436 4310 3594 4349 scan.

1969 4395 2184 4458 dulizat,
2214 4391 2453 4448 exscinde
2473 4392 2662 4460 ipsam,
2684 4397 2731 4444 et
2760 4387 2886 4459 cjicc
2913 4399 3021 4440 ate
3050 4383 3266 4458 \Hallh.
3288 4385 3446 4440 5.9.9.
3468 4383 3593 4458 30).

1972 4501 2077 4546 neu
2106 4487 2294 4542 dicens
2321 4485 2391 4548 de
2413 4483 2696 4550 membris,
2717 4481 2859 4535 absit
2889 4496 2904 4533 :
2935 4479 3029 4535 sed
3056 4479 3126 4535 de
3155 4493 3239 4533 vei
3254 4476 3300 4532 is
3322 4486 3380 4532 et
3399 4492 3592 4532 neces.

1971 4579 2131 4636 saviis
2177 4577 2388 4643 amicis,
2441 4589 2670 4645 quorum
2718 4582 2846 4629 sunt
2893 4570 3249 4642 aspernanda:
3297 4569 3588 4631 amicitiai.

1972 4668 2190 4744 quando
2239 4683 2338 4723 nec
2384 4666 2562 4733 nobis,
2615 4680 2716 4721 nec
2755 4664 2888 4734 ipsis
2926 4672 3051 4718 sunt
3092 4661 3281 4726 utiles,
3341 4661 3436 4716 sed
3489 4661 3592 4715 da.

1974 4777 2201 4820 mnoszr.
2223 4757 2375 4818 Hanc
2391 4770 2652 4814 exercens
2671 4755 2922 4810 virtutem
2950 4753 3040 4809 hic
3063 4767 3278 4823 quoque
3297 4759 3405 4805 nou‘
3415 4752 3595 4808 solum

1975 4867 2082 4910 non
2114 4851 2538 4924 persequebatur
2566 4849 2700 4905 tales
2739 4846 3143 4921 familiaritates
3163 4854 3218 4899 ct
3250 4843 3596 4912 congressio-

1975 4963 2095 5012 nes,
2142 4946 2240 5004 sed
2266 4947 2430 5003 etiam
2461 4959 2556 4999 eas
2577 4939 2802 5013 jubebat
2825 4956 2858 4995 a
2887 4955 2947 4995 se
2975 4939 3206 4994 resilire.

2047 5039 2102 5098 6.
2147 5039 2245 5095 llic
2293 5046 2377 5094 est
2417 5037 2622 5093 [ructus
2664 5032 3031 5104 ptenitentize,
3097 5029 3202 5086 hoc
3251 5037 3333 5083 est
3382 5027 3596 5081 lucrum

1976 5136 2358 5207 lacrymarum.
2388 5129 2537 5185 Mens
2572 5129 2716 5183 enim
2768 5143 2889 5197 qua:
2941 5127 3009 5180 ita
3054 5134 3133 5179 est
3162 5123 3414 5184 contrita,
3449 5120 3598 5178 milia

1977 5226 2235 5294 deinceps
2283 5223 2506 5279 libidine
2569 5228 2802 5276 tenetur.
2854 5218 2968 5275 lloc
3013 5217 3186 5286 ipsum
3236 5229 3336 5268 nos
3379 5228 3599 5284 quoque

1991 5316 2298 5372 faciamus:
2321 5329 2376 5374 et
2403 5316 2446 5370 si
2474 5315 2545 5370 sit
2572 5313 2838 5383 quispiam
2873 5310 2958 5365 vei
2987 5310 3105 5379 ip~o
3135 5307 3440 5361 diademate
3472 5303 3600 5359 red-

1983 5412 2188 5475 imitus,
2222 5424 2319 5464 nos
2339 5413 2517 5463 autem
2551 5406 3116 5472 laedat,.a3perncmur
3140 5399 3258 5469 ejus
3282 5397 3600 5453 amicitiam.

1982 5504 2122 5557 Nihil
2157 5501 2408 5556 cstenim
2438 5501 2554 5554 viro
2585 5499 2763 5562 vilius,
2813 5497 2912 5551 etsi
2962 5496 3031 5551 sit
3075 5511 3192 5560 rex,
3253 5492 3471 5563 quando
3517 5500 3603 5547 est

1983 5598 2113 5650 vitio
2159 5595 2373 5651 deditus
2406 5613 2418 5647 :
2451 5589 2906 5664 quemadmodum
2953 5588 3084 5643 nihil
3129 5596 3214 5641 est
3261 5585 3346 5640 vel
3389 5583 3606 5653 captivo

1989 5687 2440 5760 tltagniliccnlius,
2491 5683 2746 5757 quamdiu
2795 5685 3050 5741 virtutem
3098 5675 3415 5751 possederit.
3459 5675 3604 5743 ρυο.
