4070 6460
243 402 306 458 8|
1449 405 1806 462 EXPOSITIO
1844 404 1914 461 1N
1952 403 2279 461 PSALMUM
2308 404 2418 462 VII.
3502 410 3571 466 εἳ

246 527 480 585 patrem,
513 519 700 572 saltem
731 523 964 574 revereri
987 521 1266 588 oporteth
1291 531 1343 572 ιιι
1371 533 1584 584 senem;
1618 519 1662 574 si
1690 533 1856 576 canos

246 609 588 678 uegligcbat,
639 622 785 666 certe
829 623 884 666 ut
930 613 1359 678 betefactorem;
1406 615 1546 684 quod
1576 615 1619 667 si
1651 628 1749 679 nec
1779 613 1855 668 sic

245 699 467 769 quidem
490 743 504 765 ,
541 710 597 754 ιιι
625 717 748 755 eum
778 703 992 768 quidem
1021 714 1166 758 certe
1195 704 1280 773 qui
1313 705 1509 757 nullam
1546 703 1746 758 fecerat
1772 703 1854 756 in-

245 790 441 862 iuriam
469 810 482 845 :
511 791 602 846 sed
625 808 777 846 amor
798 793 1006 861 imperii
1029 794 1164 848 hanc
1187 810 1400 847 omnem
1423 795 1580 864 ejecit
1603 809 1855 848 reveren-

249 883 402 946 tiam,
434 891 486 936 et
527 883 795 938 hominem
831 885 881 936 in
914 883 1079 938 feram
1108 885 1393 940 convertit.
1428 887 1492 939 Et
1521 884 1605 938 hic
1633 883 1850 954 quidem

249 979 460 1031 beatus.
488 975 574 1043 qui
598 991 718 1027 eum
745 985 1002 1044 genuerat
1024 986 1078 1030 et
1107 978 1332 1041 aluerat,
1359 986 1626 1046 tamquam
1651 990 1775 1030 erro
1798 985 1854 1033 et

250 1065 505 1135 profugus
533 1068 747 1121 errabat
777 1069 827 1121 in
856 1069 1091 1136 deserto,
1120 1080 1174 1124 et
1201 1087 1320 1139 qua:
1346 1086 1406 1124 ex
1443 1070 1525 1124 his
1554 1078 1853 1140 sequuntur

249 1155 410 1211 malis
439 1159 872 1226 opprimebatur:
897 1161 984 1215 ille
1015 1177 1143 1214 vero
1171 1163 1221 1214 in
1252 1163 1404 1216 [mnis
1429 1163 1667 1231 paternis
1696 1163 1851 1216 volu-

249 1255 456 1317 ptatem
498 1249 765 1317 etplebat.
814 1251 947 1305 Cum
993 1267 1079 1307 res
1119 1268 1246 1324 ergo
1278 1255 1347 1307 ita
1377 1269 1436 1308 se
1466 1253 1752 1320 haberent,
1787 1268 1852 1309 ac

247 1352 374 1392 cum
404 1338 496 1394 illo
521 1351 702 1396 essent
725 1344 1011 1409 exercitus,
1039 1354 1372 1416 tyrannoque
1396 1347 1561 1401 urbes
1581 1355 1854 1416 parerent,

247 1429 468 1498 quidam
499 1430 698 1498 Chusi,
735 1433 816 1486 vir
857 1435 1087 1503 probus,
1131 1436 1314 1490 Davidi
1352 1437 1555 1490 amicus
1576 1480 1590 1502 ,
1620 1451 1770 1492 suam
1799 1438 1853 1491 in

250 1535 377 1574 cum
409 1523 696 1576 amicitiam
729 1536 985 1592 perpetuo
1007 1528 1345 1582 conservavit
1367 1507 1418 1582 in
1441 1527 1541 1582 hac
1562 1530 1853 1583 mutatione

249 1615 586 1680 temporum;
628 1623 681 1667 et
708 1629 845 1668 cum
890 1631 1034 1686 smpe
1073 1634 1193 1672 eum
1236 1620 1457 1672 vidisset
1499 1628 1768 1674 errantem
1797 1621 1851 1674 in

250 1700 559 1766 solitudine,
587 1703 785 1774 dirupit
815 1707 1066 1769 tunicam,
1092 1712 1319 1777 aSpersit
1348 1723 1405 1763 sc
1430 1711 1631 1775 ciuerc,
1661 1711 1853 1765 acerbe

250 1789 403 1846 ﬂevit
444 1802 501 1846 et
544 1794 947 1859 miserabiliter,
998 1813 1226 1867 eumque
1273 1800 1401 1854 nihil
1446 1801 1588 1854 aliud
1636 1816 1732 1870 pas
1763 1811 1851 1866 et,

251 1879 612 1954 lacrymarum
665 1885 820 1941 affert
875 1890 1316 1943 consolationem.
1379 1891 1492 1945 Non
1543 1903 1656 1946 erat
1709 1891 1852 1946 enim

250 1975 458 2030 amicus
487 1987 823 2046 temporum,
867 1998 966 2037 nec
1007 1986 1275 2051 potentiae,
1321 1985 1414 2038 sed
1462 1983 1701 2049 virtutis;
1735 1986 1854 2040 ιιι-υ

252 2063 382 2120 licet
409 2066 498 2122 ille
527 2084 694 2137 regno
722 2070 925 2140 ejectus
949 2084 1112 2136 esset,
1150 2092 1254 2130 non
1286 2089 1514 2130 mutarat
1541 2079 1850 2131 amicitiam.

252 2156 389 2211 Cum
416 2173 546 2228 ergo
574 2160 777 2215 videret
801 2163 964 2218 David
992 2182 1114 2220 cun
1150 2168 1264 2220 ha'c
1291 2168 1358 2220 ita
1394 2167 1699 2231 facientem,
1729 2169 1856 2222 dicit

251 2248 305 2304 ei
328 2266 342 2302 :
362 2248 499 2305 Sunt
528 2251 642 2307 hzec
666 2254 880 2320 quidem
909 2258 1086 2319 amici,
1111 2270 1162 2313 et
1185 2261 1298 2329 ejus
1326 2261 1412 2330 qui
1445 2261 1493 2315 in
1523 2277 1620 2316 nos
1647 2263 1856 2316 sincere

253 2336 481 2394 affectus
505 2351 589 2395 est
614 2361 628 2396 :
651 2343 744 2397 sed
775 2344 902 2399 nihil
934 2362 1033 2402 nos
1069 2349 1332 2417 jnvahunt
1357 2370 1368 2403 :
1395 2351 1515 2405 ideo
1543 2354 1854 2406 enusmtan-

255 2426 386 2484 dum
418 2440 534 2498 est,
575 2441 630 2488 et
653 2435 851 2505 aliquid
882 2441 1288 2509 excogitandum
1312 2484 1324 2504 ,
1357 2451 1415 2496 ut
1440 2458 1501 2496 ea
1531 2444 1723 2513 quibus
1755 2445 1855 2498 im-

181 2579 187 2585 _
257 2520 427 2590 pliciti
453 2536 658 2588 sumus,
687 2527 822 2582 mala
845 2530 1137 2593 siilvantnr,
1165 2543 1220 2587 et
1243 2535 1568 2589 iuveniamu~
1593 2537 1854 2592 ratiom-m

259 2625 362 2667 nos
391 2613 650 2670 liberandi
672 2619 740 2672 ab
762 2618 844 2673 his
871 2620 1282 2677 calamitatibus.
1318 2625 1440 2679 llarc
1462 2643 1580 2678 cum
1611 2626 1856 2693 dixisset,

261 2703 423 2757 talem
455 2705 528 2758 illi
557 2708 728 2776 aperit
770 2713 1088 2766 sententiam
1115 2731 1128 2765 :
1157 2713 1303 2767 Vade
1346 2714 1410 2768 ad
1451 2715 1614 2769 tilium
1645 2732 1818 2770 meum
1841 2757 1858 2782 ,

261 2801 316 2846 et
338 2795 496 2848 amici
527 2807 766 2866 suscepta
791 2815 1017 2868 perstvua
1041 2802 1278 2857 disturba
1304 2805 1430 2858 mihi
1456 2806 1593 2859 illius
1614 2807 1856 2872 consilia,

260 2895 313 2937 ει
345 2883 427 2938 fac
457 2896 514 2939 ut
540 2888 607 2940 sit
634 2889 838 2944 irritum
861 2893 1226 2962 Achitnpht-lis
1245 2897 1542 2950 consifium.
1563 2896 1660 2950 llic
1681 2909 1858 2951 autem

263 2977 583 3047 Achitnphel
623 2983 763 3049 apud
807 2994 1089 3054 tyrannum
1121 2997 1245 3042 tunc
1272 2992 1449 3042 omnia
1491 3001 1733 3056 poterat,
1785 2991 1859 3044 rei

261 3071 479 3138 quidem
511 3075 753 3131 militaris
781 3079 934 3132 valde
968 3082 1166 3148 peritus
1192 3123 1202 3145 ,
1233 3084 1320 3152 qui
1350 3085 1400 3136 in
1429 3084 1568 3138 bello
1598 3095 1650 3138 et
1678 3085 1862 3153 prmlio

265 3160 602 3228 imperatoris
643 3177 820 3235 partes
867 3172 1121 3238 przeclare
1175 3189 1332 3241 agere
1374 3185 1603 3244 pulcral.
1648 3185 1701 3229 Cl
1741 3176 1862 3230 ideo

267 3252 433 3308 David
483 3273 604 3310 cum
651 3260 769 3328 plus
815 3264 1030 3317 timebat
1066 3282 1221 3334 quam
1270 3275 1550 3337 tyranuum
1597 3287 1610 3322 :
1656 3277 1861 3322 tantum

265 3346 481 3417 ingenio
517 3351 723 3406 valebat
765 3363 817 3406 ct
859 3356 1154 3423 prudentia.
1184 3358 1278 3412 llis
1303 3359 1495 3413 auditis
1524 3360 1613 3414 ille
1645 3362 1859 3430 paruit,

265 3452 366 3491 uec
388 3439 547 3492 u'lam
581 3443 751 3508 pusifli
793 3454 881 3498 ant
915 3446 1109 3516 ahjecti
1150 3448 1314 3502 animi
1343 3451 1716 3520 cogitationem
1744 3466 1862 3506 sus-

266 3530 439 3595 cepit,
476 3546 574 3585 nec
602 3531 800 3588 humile
830 3545 920 3589 aut
951 3537 1195 3603 ignarum
1222 3539 1349 3608 quid
1374 3542 1653 3609 cogitavit,
1687 3557 1862 3612 neque

265 3618 400 3672 dixit
419 3641 428 3673 :
446 3622 581 3689 Quid
606 3624 647 3676 si
681 3625 830 3680 fuero
853 3626 1253 3695 deprehensus?
1269 3631 1392 3700 quid
1415 3633 1457 3686 si
1489 3632 1631 3686 larva
1650 3633 1860 3688 detecta

269 3711 460 3768 fuerit?
489 3717 612 3784 quid
642 3718 684 3771 si
719 3717 873 3772 fuerit
901 3721 1267 3790 deprehensus
1295 3735 1445 3780 actus
1474 3728 1866 3783 simulationis?

267 3805 494 3861 callidus
521 3810 873 3880 A'chitophel:
899 3813 999 3868 hoc
1038 3815 1263 3872 fortasse
1292 3817 1678 3889 deprehendet,
1711 3822 1865 3878 dete-

266 3908 502 3966 getqne,
554 3911 603 3954 et
651 3913 854 3958 temere
895 3919 960 3960 ac
1005 3904 1195 3961 frustra
1250 3909 1358 3963 illic
1406 3910 1611 3980 peribo.
1664 3912 1865 3968 Horum

269 3989 399 4043 nihil
449 4001 732 4061 reputans,
777 4011 835 4048 se
876 3995 926 4049 in
969 4007 1142 4051 castra
1172 4001 1382 4070 tyranni
1415 4001 1707 4070 proripuit,
1749 4003 1867 4058 uni-

267 4095 439 4136 ιεηςι)
491 4083 566 4136 Γιιί
614 4099 738 4139 cura
785 4087 836 4139 in
891 4087 1054 4142 Deum
1109 4091 1386 4160 conjecta,
1432 4104 1486 4148 et
1530 4095 1765 4164 seipsum
1813 4097 1866 4150 in

269 4174 446 4228 media
474 4175 694 4230 immisit
727 4179 979 4246 pericula.
1012 4179 1136 4235 ll:rc
1162 4183 1338 4236 omnia
1367 4199 1397 4238 a
1429 4199 1515 4239 me
1544 4184 1680 4240 dieta
1711 4194 1865 4256 sunt,

270 4280 378 4319 non
407 4268 578 4319 solum
611 4277 666 4321 ut
689 4269 962 4324 laudemus
981 4312 997 4336 ,
1030 4272 1123 4326 sed
1152 4283 1210 4328 ut
1234 4283 1288 4328 et
1309 4291 1658 4346 quzecumque
1681 4278 1866 4332 Davidi

271 4356 444 4408 tristia
473 4369 792 4422 evcneruut,
824 4377 1174 4433 quacumque
1203 4381 1390 4432 passus
1417 4376 1499 4422 est
1517 4410 1532 4432 ,
1561 4368 1832 4423 discamus
1851 4413 1866 4438 ,

267 4456 319 4500 et
350 4463 699 4519 qttmcumque
724 4451 825 4505 alia
851 4455 1130 4507 commoda
1160 4467 1382 4524 possunt
1407 4474 1472 4513 ex
1499 4460 1716 4515 historia
1748 4477 1870 4532 per-

268 4540 374 4607 cipi
401 4581 414 4602 ,
455 4555 515 4594 ea
559 4547 719 4596 etiam
768 4545 820 4598 iu
869 4547 1102 4600 medium
1149 4549 1493 4605 adducamus.
1529 4553 1666 4608 Ecce
1693 4557 1865 4621 enim,

269 4630 412 4698 quod
446 4631 661 4686 assidue
691 4649 719 4686 a
753 4636 932 4689 multis
965 4638 1266 4706 inquiritur.
1315 4641 1423 4694 Cur
1442 4642 1571 4711 justi
1618 4644 1868 4713 afﬂigun-

272 4731 381 4784 tur,
407 4722 635 4790 improbi
663 4733 838 4778 autem
864 4725 914 4780 in
947 4729 1124 4794 quiete
1151 4741 1204 4783 et
1225 4731 1332 4783 otio
1363 4735 1678 4788 versantur?
1705 4737 1754 4789 id
1785 4736 1870 4792 hic

271 4812 514 4868 invenire
546 4829 848 4883 possumus.
894 4818 1076 4873 Justus
1111 4823 1253 4875 enim
1295 4825 1606 4881 versabatur
1641 4828 1692 4881 in
1721 4831 1869 4883 cala-

272 4905 570 4969 mitatibus,
601 4909 894 4962 sceleratus
933 4922 1111 4965 autem
1139 4953 1154 4978 ,
1200 4923 1254 4967 et
1299 4917 1554 4980 patricida
1578 4959 1592 4980 ,
1624 4927 1678 4972 et
1704 4919 1872 4988 ipsius

271 5009 478 5050 natura:
522 4998 770 5054 inimicus
809 5011 856 5054 et
909 5000 1097 5065 hostis,
1151 5005 1202 5058 in
1251 5005 1506 5061 felicitate
1556 5009 1767 5078 agebat,
1815 5019 1872 5066 et

271 5087 485 5154 palatiis
516 5088 674 5157 regiis
698 5105 712 5142 :
735 5089 831 5144 sed
861 5107 958 5146 nec
986 5093 1073 5147 ille
1103 5095 1392 5165 quidquam
1434 5115 1498 5152 ex
1533 5115 1597 5153 eo
1629 5101 1874 5155 lncraba-
1915 5129 1930 5144 ω

272 5189 378 5242 tur,
433 5195 607 5250 neque
636 5189 854 5236 sanctus
884 5183 969 5238 hic
1000 5185 1330 5251 lmdehatur,
1375 5189 1468 5243 sed
1515 5191 1604 5243 ille
1651 5191 1867 5261 quidem

272 5271 566 5339 majoribus
596 5271 862 5328 (innoxius
889 5272 988 5327 fuit
1011 5277 1296 5343 aerumnis;
1343 5277 1431 5332 hic
1469 5291 1646 5334 autem
1665 5265 1874 5335 clarior

271 5373 326 5417 et
352 5364 681 5434 splendidior
718 5365 888 5420 factus
913 5375 1015 5431 est,
1060 5377 1117 5422 ut
1145 5385 1333 5424 aurum
1366 5371 1418 5425 in
1447 5371 1664 5428 fornace
1688 5373 1868 5428 reddi-

274 5465 362 5510 tur
389 5455 680 5512 afflictione
709 5459 912 5527 purior.

343 5545 398 5598 2.
424 5543 742 5601 Documenta
761 5558 977 5619 quatuor
995 5551 1048 5604 in
1069 5553 1328 5607 erumnis.
1350 5583 1423 5594 —
1453 5554 1584 5610 Hinc
1611 5571 1738 5625 ergo
1760 5558 1871 5628 pri-

274 5651 420 5692 mum
464 5637 566 5691 hoc
605 5638 784 5704 disce,
826 5655 894 5694 ne
927 5643 1266 5699 conturberis
1296 5644 1348 5698 in
1376 5646 1682 5715 hujusmodi
1712 5649 1872 5705 rebus

275 5726 549 5792 adversis,
590 5744 712 5785 cum
755 5732 934 5787 videas
979 5734 1139 5788 etiam
1177 5735 1340 5806 justis
1368 5737 1419 5792 id
1446 5740 1696 5806 evenire;
1725 5741 1867 5796 aliud

274 5831 452 5877 autem
482 5832 686 5892 postea,
714 5839 778 5880 uc
801 5827 1024 5882 mnteris
1044 5837 1418 5899 protempore,
1444 5830 1540 5886 sed
1563 5833 1709 5887 noris
1729 5833 1872 5901 leges

1960 518 2252 586 amicitias;
2284 519 2524 588 tertium,
2551 529 2609 576 ut
2631 521 2791 576 etiam
2815 523 3047 591 pericula
3077 523 3275 578 audeas
3302 524 3451 578 adire
3474 541 3571 594 pro

1961 610 2189 674 virtute;
2218 621 2466 680 quartum
2487 652 2501 672 ,
2533 621 2590 665 ut
2616 611 2779 666 etiam
2808 613 2858 666 in
2889 613 3052 668 rebus
3083 615 3256 669 dubiis
3282 628 3336 670 et
3363 617 3571 685 aSperis

1959 701 2099 755 bona
2125 717 2221 771 spe
2245 703 2320 756 sis
2352 703 2606 772 prrcditus
2629 745 2644 770 ,
2690 703 2783 758 Dei
2823 704 3078 758 auxilium
3107 718 3444 774 exspectans.
3478 704 3570 760 ille

1959 793 2102 848 enim
2133 793 2296 859 Chusi
2329 810 2433 849 non
2461 804 2635 849 castra
2665 795 3004 864 reSpiciebat,
3033 812 3140 851 non
3173 798 3382 868 tyranni
3414 798 3576 850 tirno-

1958 899 2115 952 rem,
2162 901 2267 939 non
2312 901 2575 955 equorum
2620 887 3049 953 multitudinem,
3092 902 3198 942 non
3237 899 3567 943 armatorum

1958 974 2270 1045 phalanges,
2316 991 2420 1031 non
2459 976 2600 1046 qttod
2631 977 2789 1033 urbes
2815 976 2925 1046 jam
2956 993 3081 1033 ante
3113 991 3283 1049 capue
3322 981 3564 1044 fuerant,

1957 1081 2066 1124 non
2099 1066 2310 1121 Davidis
2335 1068 2675 1122 solitudinem
2707 1077 2762 1122 et
2789 1069 3246 1131 imbecillitatem;
3275 1068 3369 1124 sed
3399 1085 3565 1124 unum

1957 1161 2132 1216 solum
2155 1161 2453 1225 reSpiciens
2477 1161 2888 1230 inexpugnabile
2915 1161 3006 1216 Dei
3035 1161 3314 1226 auxilium,
3344 1170 3400 1215 et
3427 1161 3572 1215 illius

1953 1250 2410 1315 benevolentiam,
2435 1253 2509 1305 ita
2533 1262 2787 1321 utrasque
2809 1263 2988 1322 partes
3010 1251 3323 1320 dijudicavit
3341 1270 3353 1304 :
3374 1263 3427 1307 et
3451 1252 3570 1307 illas

1957 1343 2174 1415 quidem
2203 1343 2404 1398 invenit
2431 1343 2756 1412 impotentes
2782 1355 2837 1399 et
2862 1343 3159 1404 invalidas,
3192 1344 3287 1397 has
3317 1358 3446 1397 vero
3477 1343 3572 1397 tlr-

1959 1450 2075 1489 mas
2106 1443 2160 1489 et
2190 1445 2457 1504 potentes.
2491 1435 2580 1489 llle
2611 1437 2754 1490 enim
2803 1434 3002 1504 injuste
3041 1435 3288 1495 faciebat,
3329 1435 3415 1489 hic
3445 1449 3574 1488 vero

1959 1539 2079 1578 cum
2117 1525 2262 1593 justo
2301 1525 2536 1592 seipsum
2581 1524 2850 1578 servabat.
2897 1525 3030 1578 Cum
3058 1540 3186 1593 ergo
3215 1534 3416 1587 staret,
3463 1539 3570 1577 non

1961 1616 2051 1670 ubi
2081 1616 2369 1670 multitudn
2398 1616 2676 1669 hominum
2699 1656 2713 1680 ,
2743 1617 2838 1670 sed
2871 1616 2958 1669 ubi
2996 1625 3112 1669 erat
3141 1616 3352 1668 virtutis
3382 1616 3571 1684 pransi-

1963 1707 2131 1769 dium,
2180 1722 2337 1776 opem
2393 1707 2483 1762 Dei
2525 1707 2591 1760 ad
2633 1723 2694 1762 se
2737 1709 2976 1761 attraxit.
3028 1709 3151 1761 lla‘c
3194 1707 3336 1769 dico,
3387 1718 3436 1758 ιιι
3474 1722 3573 1760 nos

1960 1815 2171 1868 quoque
2191 1842 2204 1863 ,
2234 1799 2332 1853 etsi
2360 1801 2461 1852 sint
2513 1799 2767 1853 imbecilli
2809 1815 2838 1852 a
2883 1817 2953 1867 qu
2993 1816 3110 1852 rum
3141 1809 3288 1867 parte
3317 1809 3421 1852 stat
3441 1800 3528 1866 jus
3551 1837 3571 1863 ,

1963 1893 2176 1945 illorum
2208 1903 2388 1961 partes
2422 1893 2846 1949 tueamurzlicet
2885 1894 2992 1946 siut
3034 1904 3284 1963 potentes
3306 1895 3398 1962 qui
3429 1893 3572 1960 inju-

1962 1984 2094 2035 riam
2123 1982 2392 2047 inferunt,
2438 1984 2754 2038 societatem
2795 1984 3009 2037 illortttn
3049 1984 3333 2052 fugiamus.
3368 1984 3568 2038 Vitium

1961 2074 2126 2136 enim,
2151 2073 2251 2128 etsi
2283 2089 2462 2128 secum
2494 2075 2686 2129 habeat
2712 2075 3018 2129 universum
3044 2075 3229 2128 urbem
3263 2085 3524 2128 terrarum
3550 2114 3567 2139 ,

1964 2177 2049 2219 est
2077 2165 2314 2219 omnium
2351 2166 2581 2220 maxime
2622 2165 2986 2229 imbecillum;
3019 2165 3188 2218 virtus
3221 2176 3436 2228 autem,
3466 2165 3568 2218 etsi

1962 2256 2074 2310 sola
2101 2256 2189 2321 sit,
2220 2264 2302 2310 est
2324 2257 2562 2310 omnium
2607 2258 2978 2326 potentissima
3003 2275 3015 2310 :
3039 2256 3198 2310 habet
3225 2255 3368 2309 enim
3405 2255 3573 2309 Deum

1963 2360 2144 2400 secum
2187 2354 2441 2400 stantem.
2485 2346 2616 2414 Quis
2659 2362 2788 2418 ergo
2829 2363 3045 2402 servare
3075 2356 3394 2417 petestenm
3425 2348 3574 2416 quia

1964 2436 2077 2490 Deo
2121 2438 2493 2507 oppugnatur?
2529 2437 2649 2507 quis
2693 2447 2872 2493 autem
2921 2447 3100 2508 potest
3144 2437 3371 2506 perdere
3411 2453 3570 2504 eum,

1964 2527 2048 2581 cui
2074 2526 2189 2595 ipse
2215 2526 2319 2582 fert
2347 2528 2640 2582 auxilium?
2669 2529 2794 2582 lltec
2817 2529 2997 2583 omnia
3020 2530 3292 2599 sapienter
3319 2528 3567 2583 conside-

1965 2632 2093 2672 rans
2118 2618 2302 2683 Chusi,
2339 2620 2472 2673 bona
2497 2636 2591 2690 spe
2611 2631 2895 2688 concepta,
2920 2624 3064 2676 venit
3085 2637 3191 2689 quo
3215 2621 3532 2675 mittebatur
3555 2636 3570 2672 :

1965 2719 2019 2763 et
2044 2720 2325 2780 postquam
2359 2710 2600 2778 adstitit,
2639 2727 2762 2765 cum
2807 2712 3023 2766 vidisset
3057 2698 3340 2782 tyrannum
3371 2725 3573 2779 appro-

1967 2801 2332 2870 pinqnantem,
2361 2802 2608 2856 accessit.
2640 2801 2733 2856 llle
2762 2812 2942 2856 autem
2966 2818 3088 2856 cum
3119 2804 3424 2871 frequenter
3450 2817 3573 2856 eum

1967 2893 2224 2957 vidisset,
2267 2904 2317 2946 et
2360 2901 2502 2946 esset
2549 2893 2844 2962 imperandi
2884 2892 3176 2961 cupiditate
3206 2892 3418 2956 ebrius,
3465 2907 3574 2946 non

1969 2984 2251 3053 diligenter
2288 2985 2760 3038 cxaminavitzsed
2805 2986 2953 3038 illum
2986 2984 3245 3048 irridens,
3284 2995 3337 3038 et
3365 2984 3578 3053 probris

1971 3077 2236 3147 impetens
2259 3119 2272 3142 ,
2309 3077 2446 3141 Abi,
2479 3079 2685 3147 inquit,
2714 3092 2834 3131 cum
2863 3077 3037 3131 amico
3065 3085 3155 3130 tuo
3176 3119 3190 3141 ,
3233 3092 3300 3131 ne
3327 3077 3577 3146 dignatus

1968 3169 2185 3237 quidem
2217 3184 2408 3221 nomen
2439 3169 2639 3234 dicere,
2677 3179 2881 3222 tantum
2909 3179 3023 3222 erat
3053 3167 3258 3234 odium,
3290 3175 3448 3221 tautae
3477 3167 3578 3221 iui.

1969 3261 2184 3315 micitiae
2213 3261 2290 3329 (Ξ.
2320 3262 2448 3331 Reg.
2481 3261 2564 3315 16.
2608 3261 2719 3332 17).
2769 3260 2867 3316 Cui
2907 3260 3074 3316 Chusi
3109 3261 3240 3314 nihil
3271 3269 3577 3316 Commotus

1970 3368 2071 3407 nec
2100 3352 2451 3407 conturbatus
2480 3353 2647 3408 dicit:
2673 3353 2900 3420 Quando
2940 3354 3081 3407 Deus
3111 3361 3228 3406 erat
3263 3367 3383 3406 cum
3425 3352 3574 3421 ipso,

1971 3445 2046 3498 illi
2079 3445 2216 3498 bene
2249 3443 2490 3498 volebam
2524 3462 2536 3497 :
2567 3445 2820 3514 quoniam
2861 3455 3040 3498 autem
3079 3459 3221 3498 nunc
3252 3452 3425 3496 tecum
3454 3452 3537 3498 est
3560 3483 3576 3507 ,

1968 3552 2304 3606 consequens
2329 3545 2413 3590 est
2436 3548 2490 3591 ut
2519 3546 2639 3591 tuas
2664 3548 2843 3606 partes
2868 3552 3067 3605 sequar
3093 3535 3250 3609 (Ibid.
3277 3553 3324 3590 v.
3351 3536 3436 3592 18.
3463 3535 3581 3607 19).

1971 3626 2082 3681 lloc
2113 3636 2344 3698 tyranno
2367 3642 2591 3696 magnos
2615 3628 2837 3697 spiritus
2859 3627 3008 3694 fecit,
3039 3628 3407 3697 tumidmnqne
3430 3627 3579 3682 illum

1970 3718 2226 3781 reddidit,
2243 3729 2297 3772 et
2322 3734 2382 3773 re
2401 3733 2504 3773 non
2523 3719 2807 3790 diligenter
2829 3710 3304 3788 examinata.(nam
3335 3721 3416 3773 vir
3447 3720 3579 3774 fevis

1972 3810 2146 3865 credit
2186 3811 2425 3864 sermoni
2469 3810 2890 3880 cuilibet:qnod
2939 3810 3010 3864 ili
3051 3812 3211 3863 etiam
3249 3809 3496 3881 accidit),
3527 3818 3581 3864 et

1974 3901 2200 3955 inimicis
2222 3900 2458 3963 deditus,
2491 3901 2667 3969 ipsum
2699 3903 2877 3954 statim
2910 3901 3052 3955 inter
3079 3902 3298 3956 intimos
3325 3901 3578 3969 admittit,

1973 4001 2028 4046 et
2055 3993 2105 4044 in
2131 3991 2422 4060 primorum
2454 3992 2750 4045 amicorum
2774 3991 2940 4045 refert
2972 4007 3274 4046 numerum.
3313 3992 3452 4044 Deus
3479 4007 3578 4044 au-

1975 4093 2082 4138 tem
2113 4099 2369 4154 prtesens,
2403 4093 2457 4137 et
2487 4101 2606 4152 qua:
2631 4083 2828 4138 fiebant
2851 4099 3063 4155 regens,
3088 4085 3264 4138 omnia
3290 4084 3575 4154 dispensa-

1976 4174 2084 4227 bat.
2121 4175 2187 4229 Et
2223 4175 2500 4244 proposito
2529 4175 2671 4228 circa
2701 4175 2898 4228 bellum
2930 4176 3184 4238 cousilio,‘
3207 4191 3328 4228 cum
3361 4176 3447 4228 alii
3477 4175 3580 4229 alia

1974 4266 2218 4322 dicerent
2257 4267 2324 4321 de
2364 4267 2525 4322 rebus
2554 4267 2804 4336 agendis,
2854 4281 2921 4318 an
2965 4267 3142 4318 statim
3175 4265 3460 4328 invadere,
3511 4281 3578 4318 au

1975 4372 2163 4426 parum
2192 4356 2411 4411 diﬂ'erre
2454 4365 2762 4424 Oporteret,
2797 4357 3060 4410 accedens
3092 4355 3408 4423 Achimphel
3436 4399 3444 4412 .
3491 4357 3578 4424 qtti

1975 4448 2203 4502 consilio
2235 4448 2522 4516 plurimum
2558 4449 2771 4500 valebat
2807 4457 2862 4499 et
2909 4451 3231 4502 sententiam
3264 4463 3413 4501 suam
3455 4463 3580 4516 pro-

1979 4540 2157 4596 ferens
2188 4541 2466 4608 hoc‘dedit
2488 4541 2795 4602 consilium,
2816 4540 3001 4593 dicens
3027 4557 3041 4593 :
3067 4539 3335 4592 Afflictnm
3369 4545 3582 4592 nunc’et

1979 4635 2346 4704 per:urbatum
2391 4645 2595 4703 patrem
2629 4647 2776 4686 ttuuu
2815 4634 3148 4686 invadamus.
3177 4632 3309 4686 Nam
3340 4634 3382 4685 si
3411 4633 3458 4685 ei
3497 4647 3582 4685 re-

1976 4725 2212 4794 Spirandi
2239 4725 2441 4778 nullum
2468 4735 2680 4793 tempus
2710 4724 3039 4784 dederimus,
3062 4723 3128 4776 ita
3157 4739 3278 4777 eum
3306 4723 3372 4776 de
3404 4722 3582 4777 medio

1981 4817 2238 4871 tollemus
2264 4833 2276 4868 :
2299 4816 2342 4869 si
2365 4816 2508 4869 enim
2533 4830 2654 4868 eum
2680 4816 2998 4882 imparatum
3024 4829 3166 4868 nunc
3185 4813 3580 4884 aggrediamur,

1978 4926 2065 4965 res
2092 4909 2241 4964 nullo
2269 4909 2453 4963 labore
2497 4923 2528 4962 a
2551 4909 2705 4962 nobis
2730 4907 3040 4977 perficietur
3083 4904 3102 4979 (
3133 4906 3271 4960 Ibid.
3300 4907 3388 4961 17.
3414 4907 3508 4961 1-5
3539 4907 3578 4974 ).

1978 5002 2103 5055 Htrc
2136 5016 2258 5054 cum
2287 5001 2526 5053 audisset
2567 5009 2856 5070 tyrannus,
2887 5007 3042 5053 vocat
3067 4999 3226 5052 etiam
3259 4997 3425 5051 Chusi
3447 5039 3461 5062 ,
3491 4996 3582 5066 qui

1977 5091 2044 5145 ad
2073 5093 2246 5161 ipsum
2273 5089 2637 5159 transfugerat
2659 5106 2753 5160 per
2773 5091 3194 5153 simulationem,
3226 5099 3278 5142 et
3304 5104 3426 5142 eum
3458 5088 3586 5144 facit

1978 5185 2097 5254 eius
2137 5184 2280 5256 quod
2323 5183 2608 5253 petebatur
2649 5183 2858 5236 consilii
2903 5182 3217 5252 participem
3247 5199 3260 5233 :
3286 5181 3428 5250 quod
3474 5196 3582 5235 non

1979 5287 2096 5334 erat
2126 5277 2377 5333 humana;
2406 5276 2600 5330 rationi
2623 5283 3049 5330 consentaneum
3073 5316 3086 5338 ,
3120 5283 3177 5326 ut
3203 5288 3325 5328 eum
3367 5273 3454 5340 qui
3493 5287 3584 5327 re—

1977 5380 2166 5426 center
2194 5379 2436 5434 venerat,
2469 5378 2617 5423 tanto
2640 5369 2847 5422 honore
2869 5367 3128 5431 afficeret,
3155 5377 3208 5420 ct
3236 5366 3340 5420 fide
3362 5366 3583 5436 dignum

1977 5465 2344 5528 existimaret,
2388 5472 2449 5516 ut
2491 5463 2653 5516 etiam
2697 5461 2764 5515 de
2807 5461 2971 5516 rebus
3013 5459 3277 5530 ejusmodi
3312 5474 3433 5513 eum
3465 5472 3587 5511 esse

1979 5555 2142 5612 vellet
2165 5553 2532 5610 consiliarium
2561 5552 2691 5607 :sed
2724 5552 2862 5606 sicut
2891 5561 3016 5606 ante
3037 5547 3168 5611 ditii,
3201 5549 3416 5618 quando
3447 5547 3588 5601 Deus

1979 5655 2064 5704 est
2084 5647 2296 5712 ductor,
2327 5646 2487 5700 etiam
2516 5659 2637 5714 qua:
2665 5653 2792 5698 sunt
2821 5642 3084 5706 difficilia,
3127 5641 3297 5694 facilia
3329 5638 3584 5694 evadunt.

1981 5737 2341 5794 Introducitur
2366 5735 2549 5799 Chusi,
2577 5745 2633 5798 et
2674 5736 2798 5790 facit
2831 5735 2880 5790 ei
2923 5735 3144 5788 liberam
3186 5732 3397 5786 dicendi
3441 5741 3583 5798 pote-

1982 5840 2199 5899 statem,
2231 5829 2448 5899 vultque
2468 5827 2648 5882 dicere
2676 5826 2744 5882 de
2766 5842 2831 5884 eo
2857 5825 2999 5895 quod
3028 5825 3346 5894 proponitur
3374 5823 3430 5891 t2
3457 5821 3582 5890 Reg.
