4070 6420
554 380 625 438 33
899 409 904 412 -
1315 375 1373 431 S.
1409 371 1686 430 IOANNIS
1713 363 2190 427 CHRYSOSTOHI
2229 366 2549 427 ARCIHEP.
2593 373 3133 434 CONSTANTINOP.
3798 377 3866 434 8i

555 496 645 554 17.
677 493 731 550 5.
763 491 839 564 6).
873 491 1007 558 Quid
1036 505 1163 545 vero
1178 488 1385 544 Chusi?
1410 488 1731 558 Numquam,
1763 485 1959 556 tnqnit,
1993 484 2150 538 aber-

557 584 702 640 ravit
726 580 1042 652 AeliitOpbel
1072 579 1164 651 (η).
1204 573 1364 632 Vides
1395 576 1771 648 prudentiam?
1813 575 1928 631 Non
1959 586 2145 644 repre-

558 676 742 731 hendit
779 675 956 728 statim
980 668 1092 742 ejus
1135 671 1475 732 sententiam,
1513 669 1605 722 sed
1645 683 1765 724 cum
1807 669 1979 722 laude.
2014 666 2146 721 Eum

556 771 700 822 enim
735 768 956 824 laudans
991 767 1132 837 quod
1168 774 1526 834 opportunum
1556 771 1710 815 antea
1733 759 2017 814 consilium
2044 757 2146 814 de-

554 861 747 924 disset,
783 863 854 914 ita
906 870 1226 928 prasentem
1271 859 1540 925 vituperat
1594 855 1938 909 sententiam.
1992 849 2148 918 Quod

557 962 735 1008 autem
759 951 908 1016 dicit,
935 952 1039 1007 tale
1059 962 1140 1004 est
1164 968 1178 1002 :
1208 949 1370 1004 Miror
1393 945 1664 1018 quomodo
1687 961 1826 999 nunc
1849 944 2146 999 erraverit:

553 1059 658 1097 non
718 1042 844 1096 mihi
898 1043 1040 1095 enim
1095 1041 1306 1096 videtur
1362 1054 1484 1096 esse
1543 1039 1670 1094 utile
1727 1037 2030 1091 censilium.
2088 1033 2145 1089 Si

551 1135 748 1202 quippe
788 1148 908 1186 cum
952 1132 1488 1194 nuncinvaserimus,
1530 1139 1798 1196 tamquam
1822 1141 1977 1180 ursus
1999 1124 2147 1182 rabie

553 1225 801 1294 percitus,
834 1224 909 1277 ira
945 1223 1132 1292 plenus
1159 1232 1310 1292 pater
1340 1231 1482 1282 titus,
1514 1219 1583 1275 de
1611 1220 1712 1274 vita
1740 1218 2062 1287 deSperans,
2091 1224 2148 1272 et

552 1332 674 1371 cum
702 1331 907 1371 summa
934 1330 1174 1385 pugnans
1195 1313 1579 1386 indignatione,
1603 1328 1714 1366 sua.-
1735 1312 1922 1367 salutis
1943 1309 2143 1365 nullam

550 1407 708 1464 ducet
735 1409 1018 1473 rationem,
1039 1417 1094 1462 et
1115 1406 1347 1462 maximo
1368 1405 1570 1475 impetu
1591 1404 1640 1456 in
1658 1418 1756 1457 nos
1777 1403 1960 1456 iri-net.
1988 1399 2143 1470 Quod

549 1501 792 1570 siparum
813 1500 1159 1566 cesserimus,
1179 1515 1300 1554 eum
1319 1514 1438 1553 eum
1453 1497 1750 1566 majoribus
1771 1504 1822 1550 et
1839 1492 2144 1550 instructio-

550 1593 700 1647 ribus
723 1592 894 1662 copiis
921 1591 1294 1662 aggrediemur
1312 1630 1328 1656 ,
1357 1588 1621 1660 longeque
1651 1587 1817 1641 tutius
1838 1627 1852 1650 ,
1909 1601 1972 1641 ac
2006 1587 2140 1639 citra

556 1684 718 1737 ullum
751 1683 1014 1750 laborem,
1055 1692 1254 1739 etcum
1291 1681 1523 1735 maxima
1546 1678 1798 1734 facilitate
1822 1690 1946 1733 eum
1979 1675 2140 1732 veluti

551 1777 744 1848 laqueo
775 1776 1105 1846 implicatum
1135 1775 1411 1845 capiemus
1431 1785 1486 1828 et
1514 1771 1843 1828 adducemus
1871 1770 1889 1840 (
1920 1768 2056 1823 Ibid.
2091 1785 2141 1823 ιν.

553 1865 583 1919 7
623 1867 732 1936 l5).
756 1865 961 1920 Laudat
977 1865 1212 1919 Absalw
1225 1863 1566 1924 sententiam,
1590 1876 1816 1930 eamque
1838 1860 1938 1915 sibi
1959 1859 2141 1914 utilio-

553 1971 666 2012 rem
697 1955 965 2011 cssedicit
986 1953 1146 2024 (Ibid.
1176 1970 1224 2007 υ.
1250 1953 1362 2022 14).
1387 1951 1511 2006 "me
1530 1963 1707 2004 autem
1725 1948 2137 2014 diccbatChusi,

550 2049 736 2104 lla‘vidi
764 2048 946 2102 volens
971 2046 1100 2102 dare
1126 2054 1336 2115 tempus
1353 2053 1482 2099 ntse
1505 2045 1830 2110 aliquantum
1851 2051 2138 2107 recrearet,

551 2159 613 2199 ac
632 2142 944 2213 respiraret,
963 2147 1284 2211 cogeretque
1300 2137 1611 2192 exercitum.
1631 2134 1703 2189 ha
1723 2150 1850 2206 ergo
1866 2133 2140 2204 repudiata

552 2230 922 2302 Acbitopbelis
965 2230 1264 2292 sententia,
1317 2243 1412 2298 per
1459 2227 1598 2280 viros
1649 2227 1848 2296 aliquot
1903 2234 2141 2280 secretos

551 2322 789 2388 mittens,
814 2321 994 2375 omnia
1021 2319 1202 2375 Davidi
1225 2316 1565 2384 renuntiavit,
1588 2326 1872 2388 tyranuum
1899 2315 2141 2372 videl'cct

549 2429 701 2468 suam
731 2412 1057 2485 approbasse
1099 2412 1454 2477 sententiam,
1503 2425 1622 2481 quae
1660 2409 1845 2464 Davidi
1889 2409 2142 2464 aﬂercbat

553 2505 850 2558 victoriam.
905 2501 1058 2570 Quod
1113 2503 1180 2557 ita
1224 2502 1384 2558 etiam
1421 2502 1614 2556 accidit
1651 2519 1664 2555 :
1716 2517 1836 2556 cum
1875 2500 2018 2556 enim
2063 2501 2140 2556 illi

553 2611 738 2663 parum
776 2594 929 2664 spatii
961 2594 1230 2658 dedisset,
1277 2602 1495 2662 paratus
1525 2591 1683 2646 David
1731 2609 1851 2648 eam
1907 2595 2137 2658 invasit,

552 2685 788 2755 fusisque
826 2700 891 2740 ac
935 2685 1126 2755 fugatis
1167 2683 1410 2739 hostibus
1442 2685 1714 2739 victoriam
1745 2685 1922 2738 relulit
1985 2685 2139 2752 Quod

550 2794 670 2852 cum
695 2794 790 2847 pro
807 2793 899 2833 sua
920 2777 1197 2848 prudentia
1220 2788 1273 2832 et
1293 2775 1485 2847 ingenii
1509 2777 1726 2832 solertia
1751 2777 1957 2832 videret
1975 2778 2136 2832 Acbi-

551 2871 762 2941 topbcl,
811 2880 866 2926 et
903 2885 969 2924 ex
1014 2884 1080 2924 eo
1122 2868 1322 2923 exitum
1368 2868 1750 2935 intellexisset,
1780 2884 1972 2938 nempe
1995 2870 2137 2940 quod

551 2962 654 3015 hzt‘t
706 2960 974 3017 sententia
1021 2955 1274 3015 Absaloa't
1311 2957 1535 3012 allatura
1580 2968 1725 3012 esset
1746 2957 1988 3021 exitium,
2031 2974 2136 3012 nou

551 3053 732 3107 ferens
799 3049 1222 3116 contumeliam,
1290 3047 1548 3103 recedens
1604 3057 1786 3117 aptato
1835 3049 2025 3118 laqueo
2080 3064 2138 3104 se

547 3141 847 3204 suil'ucavit,
880 3149 935 3194 et
966 3139 1034 3193 ita
1067 3139 1227 3194 vitam
1261 3137 1428 3192 liuivit
1458 3136 1620 3210 (Ibid.
1652 3153 1699 3190 ιι.
1733 3136 1944 3206 iii—23).

708 3229 832 3287 lltcc
863 3231 1039 3298 itaque
1067 3229 1243 3283 omnia
1275 3241 1393 3281 cum
1423 3227 1698 3281 didicisset
1730 3227 1926 3292 David,
1981 3228 2137 3281 Psal-

549 3316 694 3379 tnutn
721 3325 928 3388 scribit,
962 3321 1210 3394 hymnos,
1240 3322 1432 3391 quibus
1465 3322 1661 3391 gratias
1699 3325 1805 3393 agit
1836 3323 1943 3376 Deo
1965 3366 1979 3389 ,
2009 3324 2140 3379 offe-

549 3433 712 3481 rens,
762 3425 815 3470 et
843 3425 1009 3470 t0tum
1057 3425 1377 3482 stratagema
1421 3415 1529 3468 Deo
1573 3415 1830 3470 tribuens.
1877 3417 2135 3484 Quocirca

552 3506 816 3576 incipiens
845 3506 920 3559 sic
951 3505 1078 3559 dicit
1110 3523 1122 3558 :
1151 3505 1204 3558 2.
1240 3503 1456 3558 Domine
1490 3503 1626 3558 Deus
1656 3522 1794 3560 meus
1819 3503 1832 3570 ζ
1861 3507 1913 3560 in
1954 3517 2001 3560 te
2018 3526 2135 3576 spe-

546 3597 673 3660 rasti,
697 3598 892 3650 saluum
937 3613 1016 3649 me
1060 3598 1162 3665 fac.
1212 3593 1328 3650 Non
1381 3597 1433 3649 in
1473 3596 1654 3662 Clausi,
1691 3613 1791 3652 nec
1817 3598 1868 3651 in
1906 3599 2136 3654 humana

547 3689 826 3757 sapientia.
859 3703 958 3742 nec
981 3688 1030 3740 in
1055 3687 1193 3741 illius
1213 3686 1512 3756 prudentia,
1547 3703 1646 3742 uec
1667 3689 1718 3741 in
1749 3703 1870 3743 meo
1890 3691 2132 3753 consilio,

547 3780 665 3844 Sed,
694 3777 758 3832 In
791 3789 855 3834 te.
888 3778 961 3832 lta
993 3792 1091 3831 nos
1107 3778 1266 3831 etiam
1300 3775 1573 3836 faciamus.
1602 3777 1808 3832 etiamsi
1845 3795 1937 3847 pcr
1959 3778 2136 3833 lumi-

549 3886 645 3927 nes
692 3886 720 3924 a
759 3871 911 3925 nobis
959 3869 1156 3938 aliquid
1208 3869 1459 3937 prtcelare
1488 3880 1735 3939 geratur,
1790 3871 1898 3925 Deo
1940 3874 2137 3941 gratias

549 3977 787 4034 agamus,
812 3972 915 4016 tam
944 3976 1041 4030 pro
1064 3962 1126 4016 iis
1157 3977 1273 4031 qum
1295 3976 1389 4031 per
1413 3975 1529 4024 nos,
1558 3979 1718 4031 quam
1746 3979 1865 4033 qum
1886 3982 1979 4033 per
2002 3966 2136 4020 alios

551 4053 706 4107 nubis
727 4060 1020 4106 evenerunt
1046 4051 1337 4105 beneficiis.
1363 4051 1415 4107 Si
1437 4053 1577 4106 enim
1607 4052 1676 4105 ita
1702 4053 1974 4120 faciamus,
2005 4056 2133 4111 nihil

551 4143 654 4195 erit
680 4157 860 4208 grave,
896 4157 992 4195 nec
1022 4140 1275 4204 diﬂicile;
1306 4141 1447 4211 quod
1476 4142 1634 4196 ctiam
1679 4141 1903 4198 faciebat
1946 4145 2132 4211 David,

548 4235 930 4304 prrpemodnm
959 4233 1142 4287 dicens
1171 4250 1182 4284 :
1213 4232 1326 4286 Non
1376 4233 1428 4286 in
1471 4233 1645 4288 verbis
1669 4232 1828 4290 Cbusi
1874 4235 2134 4294 habebam

549 4343 698 4393 spem
731 4325 952 4390 salutis,
1000 4324 1091 4378 sed
1134 4326 1184 4376 iu
1235 4315 1324 4377 tuo
1363 4324 1584 4378 auxilio.
1619 4325 1748 4381 Vide
1796 4338 1972 4382 autem
2014 4344 2134 4384 cum

550 4431 743 4489 quanta
791 4419 1021 4488 loquitur
1074 4416 1394 4480 affectione,
1444 4416 1583 4471 sicut
1629 4418 1764 4472 solet
1791 4417 1989 4475 faccre.
2021 4420 2136 4477 Non

550 4511 692 4563 enim
723 4510 857 4562 dixit
887 4526 898 4557 τ
935 4508 1155 4562 Domine
1189 4508 1327 4561 Deus
1357 4526 1368 4560 :
1401 4507 1517 4570 sed,
1547 4507 1765 4563 Domine
1805 4508 1939 4564 Deus
1966 4529 2136 4580 meus;

549 4612 604 4656 ct
630 4601 750 4656 alibi
777 4643 790 4662 ,
838 4600 1003 4664 Deus,
1047 4598 1187 4654 Dens
1213 4615 1378 4664 meus,
1407 4599 1476 4652 ad
1502 4608 1549 4653 te
1567 4601 1630 4654 de
1650 4599 1760 4655 luce
1786 4602 1936 4671 vigilo
1965 4585 2133 4674 (Ρωι.

551 4693 638 4748 02.
672 4694 751 4764 ‘2).
785 4693 995 4748 Etenim
1024 4708 1144 4747 eum
1171 4693 1421 4747 omnibus
1444 4708 1509 4746 eo
1525 4708 1658 4764 opus
1687 4693 1908 4749 habebat
1943 4712 1956 4748 :
1991 4712 2138 4752 seor-

549 4801 667 4840 sum
694 4799 870 4840 autem
899 4801 962 4840 ac
987 4786 1273 4858 separatim
1302 4796 1520 4856 propter
1543 4785 1745 4855 insigne.
1789 4787 2133 4844 desiderium.

552 4879 625 4934 Ita
657 4881 815 4934 etiam
849 4879 987 4934 Deus
1017 4877 1118 4932 huc
1150 4878 1321 4948 ipsum
1348 4875 1565 4938 facitin
1601 4877 1757 4947 justis
1780 4923 1793 4942 ,
1837 4890 1891 4935 et
1920 4898 2040 4936 cum
2070 4885 2137 4937 sit

551 4973 789 5024 omnium
821 4971 996 5035 Deus,
1028 4985 1086 5024 se
1128 4969 1260 5022 dicit
1284 4969 1572 5038 separatim
1619 4984 1736 5026 esse
1773 4971 1940 5027 Deum
1966 4973 2136 5042 justo-

554 5079 695 5118 rum.
736 5061 842 5130 Ego
869 5060 1003 5113 Deus
1033 5060 1288 5125 Abraham
1309 5101 1323 5124 ,
1356 5070 1403 5113 et
1430 5057 1566 5113 Dens
1590 5057 1741 5114 Isaac
1763 5104 1777 5125 ,
1814 5075 1857 5115 rt
1887 5062 2024 5118 Deus
2042 5063 2140 5118 Ja-

553 5153 643 5206 cob
669 5154 685 5219 (
709 5151 874 5206 Exod.
899 5151 951 5206 5.
985 5149 1074 5221 6).
1112 5149 1239 5204 Vide
1264 5158 1442 5204 autem
1484 5149 1598 5219 ejus
1629 5154 1966 5222 sapientiam.
2003 5155 2138 5211 Cum

552 5242 793 5305 dixisset,
827 5241 1041 5295 Domine
1067 5240 1200 5294 Deus
1225 5257 1385 5303 meus,
1407 5242 1459 5294 in
1481 5251 1529 5297 te
1552 5245 1747 5310 sperari
1781 5259 1799 5297 :
1824 5259 1929 5299 non
1959 5247 2094 5301 disil
2120 5289 2135 5308 ,

522 5298 688 5388 Ῥοιιὶ
741 5298 944 5386 hostem
973 5373 987 5394 ,
1023 5333 1147 5386 tolle
1187 5331 1255 5387 de
1295 5298 1470 5386 medio
1515 5298 1788 5390 inimicum
1819 5353 1832 5390 :
1862 5298 2138 5410 sed—quod

551 5437 707 5478 suum
735 5431 814 5478 est
845 5431 1048 5490 tantum
1077 5423 1283 5490 qumrit,
1312 5433 1366 5477 et
1387 5423 1517 5478 dicit
1541 5423 1786 5480 :Saltmm
1808 5445 1886 5482 nte
1907 5430 2010 5498 (ac,
2037 5428 2140 5486 hoc

552 5525 634 5568 est
655 5555 669 5576 ,
704 5529 770 5568 ne
800 5513 1077 5583 permittas
1107 5523 1162 5565 ut
1205 5513 1342 5568 male
1371 5516 1556 5584 patiar,
1600 5518 1664 5570 ab
1695 5519 1928 5573 omnibus
1965 5537 2138 5588 perse-

554 5604 814 5672 quentibus
858 5619 936 5658 me
957 5646 972 5670 ,
1026 5613 1072 5658 et
1101 5603 1257 5657 libera
1304 5594 1400 5659 nte.
1444 5605 1577 5662 Vide
1605 5609 1872 5678 quomodo
1903 5627 1971 5665 ne
2000 5612 2140 5684 male

613 5739 690 5808 (α)
730 5740 812 5788 Hic
849 5740 1077 5791 mem
1121 5738 1217 5790 labi
1243 5740 1854 5808 ridensrtfhrysostomus;
1900 5759 2010 5796 nam
2035 5746 2141 5798 base

554 5807 703 5851 verba
727 5813 958 5864 nusquam
982 5811 1264 5866 cantarent
1287 5804 1335 5854 in
1358 5803 1538 5855 Biblits.

2258 483 2472 552 quidem
2511 487 2754 558 patiens,
2794 490 3107 556 nominatim
3153 487 3396 545 meminit
3440 489 3764 561 parricidae,
3809 501 3865 546 et

2258 588 2505 634 naturam
2524 581 2587 635 .iu
2615 581 2920 638 calamitate
2940 597 3240 654 agnoscens
3265 625 3280 648 ,
3325 591 3381 638 et
3416 583 3467 637 iu
3497 582 3639 638 bello
3685 584 3863 652 respi-

2255 671 2405 726 ciens
2438 671 2628 738 filium,
2650 683 2707 728 et
2732 674 2785 728 in
2808 674 3060 745 periculis
3084 689 3190 730 non
3213 673 3536 731 obliviscens
3563 676 3862 730 viseerum.

2256 757 2424 816 Tant‘l
2455 771 2572 816 erat
2597 763 2648 817 in
2679 762 2816 818 filios
2843 764 3016 833 pietas
3045 772 3101 819 et
3119 765 3316 820 caritas
3335 804 3352 830 ,
3398 765 3476 819 rel
3503 766 3680 834 potius
3713 775 3862 820 Lauta

2254 858 2371 905 erat
2393 850 2511 920 ejus
2533 850 2894 922 philosophia.
2923 851 3041 908 Non
3063 853 3207 912 enim
3235 854 3476 926 tyrannis
3505 866 3737 920 naturae,
3767 859 3864 910 sed

2256 944 2418 999 animi
2449 944 2626 1014 potius
2667 945 3024 1002 mansuetudo
3069 963 3192 1002 eum
3247 948 3407 1003 talem
3462 946 3762 1008 reddebat,
3809 956 3866 1002 et

2254 1035 2374 1111 plus
2420 1036 2681 1092 exercitui
2725 1037 3059 1107 imputabat,
3110 1053 3270 1110 quam
3312 1047 3592 1110 tyranno:
3640 1047 3698 1094 et
3739 1038 3866 1094 ideo

2253 1126 2383 1184 dicit
2413 1143 2425 1178 :
2461 1125 2676 1182 Salvum
2705 1145 2786 1182 me
2809 1131 2894 1200 [ac
2915 1131 2981 1184 ab
3005 1127 3234 1184 omnibus
3254 1131 3666 1202 persequentibus
3683 1146 3787 1193 nte,
3814 1141 3866 1185 et

2250 1213 2406 1270 libera
2445 1233 2546 1272 nte.
2596 1219 2728 1275 Vide
2776 1220 3048 1289 quomodo
3097 1234 3203 1275 non
3249 1221 3541 1276 admodum
3592 1222 3865 1278 invidiase

2250 1309 2497 1364 meminit
2519 1309 2777 1366 illorum?
2820 1309 2937 1366 Non
2962 1311 3107 1366 enim
3133 1311 3271 1366 dixit
3297 1351 3314 1378 ,
3367 1311 3445 1367 Ex
3489 1312 3556 1366 iis
3583 1313 3676 1382 qui
3726 1314 3863 1368 mihi

2251 1397 2450 1456 bellum
2482 1399 2738 1464 inferunt,
2769 1415 2840 1456 ex
2868 1402 2933 1457 iis
2973 1401 3064 1471 qui
3107 1415 3227 1456 mea
3256 1400 3535 1471 diripiunt,
3578 1417 3645 1456 ex
3675 1402 3746 1457 iis
3768 1403 3862 1472 qui

2249 1503 2346 1558 per
2371 1503 2636 1546 summam
2681 1491 2957 1548 libidinem
2993 1506 3129 1548 mea:
3162 1491 3322 1564 regis
3354 1493 3653 1558 insultant,
3699 1504 3753 1549 et
3799 1507 3862 1549 se

2246 1584 2499 1640 onmibus
2525 1585 2742 1656 explent
2772 1585 3134 1656 voluptatibus
3163 1602 3176 1640 :
3207 1583 3302 1640 sed
3320 1627 3336 1650 ,
3378 1584 3424 1640 Α
3443 1587 3862 1656 persequentibus

2247 1689 2344 1728 nte.
2367 1673 2422 1730 3.
2452 1673 2536 1730 Ne
2568 1676 2776 1746 quando
2808 1677 2976 1744 rapiat
3011 1686 3066 1730 ut
3092 1675 3171 1730 leo
3212 1675 3438 1732 animum
3481 1693 3647 1730 means
3670 1715 3692 1735 .
3731 1676 3861 1730 duas

2248 1782 2346 1821 non
2376 1775 2450 1822 est
2475 1767 2561 1837 qui
2584 1766 2840 1833 redimat,
2885 1782 3046 1834 neque
3091 1766 3180 1838 qui
3221 1766 3418 1820 soleant
3456 1765 3639 1835 furiat.
3692 1767 3860 1837 Atqut

2247 1859 2463 1930 collegit
2506 1856 2838 1925 exercitum,
2879 1868 2935 1913 et
2979 1857 3177 1913 multos
3223 1871 3406 1912 secum
3448 1857 3632 1913 habuit
3667 1874 3683 1910 :
3717 1872 3856 1927 quo-

2247 1951 2408 2006 modo
2442 1966 2571 2022 ergo
2602 1951 2735 2006 dicit
2768 1970 2782 2005 :
2816 1949 2954 2004 Dum
2986 1967 3087 2004 non
3113 1950 3291 2019 estqui
3311 1950 3547 2011 redimat,
3576 1967 3744 2021 neque
3769 1951 3858 2022 qui

2245 2043 2439 2098 saluum
2465 2043 2620 2114 faciat
2641 2043 2666 2098 2
2688 2043 2952 2112 Quoniam
2981 2058 3050 2098 ne
3076 2042 3384 2098 universum
3415 2043 3636 2112 quidem
3661 2045 3853 2100 orbem

2246 2141 2512 2189 terrarum
2538 2135 2721 2189 auxilii
2746 2135 2866 2189 loco
2897 2133 3079 2200 habet,
3114 2135 3214 2189 nisi
3243 2151 3399 2206 opem
3420 2135 3662 2190 divinam
3697 2135 3857 2191 fuerit

2245 2233 2588 2296 assequutus,
2618 2240 2717 2280 nec
2741 2241 2800 2280 se
2820 2241 2940 2281 esse
2961 2226 3108 2281 ducit
3130 2226 3185 2280 in
3209 2225 3519 2292 solitudine,
3553 2226 3680 2282 licet
3703 2228 3856 2284 solus

2247 2317 2351 2382 sit,
2405 2317 2450 2372 si
2479 2318 2549 2372 sit
2579 2317 2722 2372 illius
2749 2317 2930 2371 auxilii
2983 2316 3269 2387 particeps.
3321 2316 3387 2371 Et
3429 2317 3552 2372 ideo
3597 2318 3852 2387 dicebat,

2251 2405 2374 2462 Non
2415 2409 2641 2462 solvatur
2665 2423 2756 2460 rea:
2799 2423 2890 2476 per
2931 2405 3140 2460 multam
3173 2407 3478 2476 potentiam,
3507 2418 3555 2462 et
3576 2409 3725 2479 gigas
3752 2425 3853 2463 non

2247 2499 2522 2554 salvebitur
2557 2500 2609 2554 in
2649 2500 2970 2554 multitudine
3013 2499 3209 2553 virtutis
3248 2516 3355 2555 sua:
3391 2499 3566 2571 (PsaI.
3609 2500 3702 2555 52.
3733 2500 3849 2570 16).

2245 2590 2493 2646 Nonnulli
2534 2601 2709 2644 autem
2754 2591 2855 2644 hoc
2897 2589 3094 2644 dictum
3146 2591 3438 2663 anagogice
3487 2592 3848 2662 accipientes.

2247 2683 2456 2738 locucm
2486 2693 2538 2738 et
2567 2693 2950 2752 persequentes
2978 2683 3163 2736 dicunt
3189 2697 3309 2738 esse
3335 2683 3609 2737 diabolum
3654 2694 3709 2739 et
3735 2683 3848 2739 da:-

2245 2790 2456 2830 mones.
2496 2773 2758 2841 Quoniam
2792 2774 2935 2828 enim
2968 2773 3178 2828 videbat
3207 2773 3373 2827 filiutn
3398 2775 3466 2828 ab
3491 2776 3611 2844 ipso
3637 2786 3845 2844 raptum

2245 2877 2298 2921 et
2327 2867 2640 2924 devoratum
2669 2907 2684 2932 ,
2718 2876 2869 2936 rogat
2913 2879 2977 2919 ne
3017 2865 3244 2934 idipsum
3278 2881 3491 2936 quoque
3529 2867 3577 2920 ci
3608 2866 3845 2932 accidat,

2244 2968 2298 3012 et
2322 2958 2452 3012 dicit
2480 2959 2639 3012 etiam
2679 2972 2895 3012 causam
2947 2966 3163 3028 propter
3208 2972 3367 3028 quam
3397 2958 3500 3013 hoc
3525 2958 3602 3013 illi
3628 2957 3844 3015 accidit.

2243 3049 2498 3116 Qnmnattt
2522 3057 2603 3101 est
2629 3059 2805 3103 autem
2829 3046 3032 3101 causa?
3061 3049 3286 3116 l’ropter
3307 3048 3619 3118 nequitiam,
3653 3050 3847 3120 inquit,

2244 3156 2272 3193 a
2305 3156 2363 3195 se
2397 3141 2486 3194 Dei
2517 3139 2770 3193 auxilium
2799 3140 3013 3194 avertit.
3042 3137 3329 3207 Propterea
3357 3137 3485 3192 dicit
3512 3180 3527 3204 ,
3574 3138 3714 3192 Dum
3745 3156 3848 3194 non

2243 3231 2426 3300 estqui
2456 3231 2667 3283 redintat
2690 3272 2702 3294 ,
2736 3246 2894 3300 neque
2923 3231 3005 3300 qui
3030 3229 3226 3282 solrum
3256 3229 3432 3298 faciat.
3479 3229 3634 3296 Quod
3665 3239 3846 3286 autem

2243 3321 2329 3376 leo
2359 3323 2566 3376 dicatur
2589 3323 2869 3384 diabolus,
2910 3321 3032 3374 audi
3061 3337 3125 3375 es
3158 3322 3432 3390 Scriptura
3459 3363 3473 3387 ,
3517 3337 3639 3391 qua:
3669 3321 3802 3379 dicit
3831 3342 3847 3380 :

2243 3410 2491 3465 Inimicus
2533 3422 2689 3466 resler
2732 3410 2963 3464 diabolus
3009 3411 3242 3464 circumit
3293 3420 3349 3471 ut
3393 3411 3471 3465 leo
3513 3409 3758 3483 rugiens,
3801 3423 3854 3469 et

2241 3523 2471 3576 qua'rens
2501 3523 2644 3574 quem
2688 3507 2886 3558 decoret
2915 3506 2992 3572 (l.
3031 3501 3142 3557 Pet.
3177 3504 3232 3558 5.
3261 3502 3338 3575 8).
3368 3503 3504 3570 Quin
3535 3507 3700 3560 etiam
3732 3507 3852 3576 ipse

2245 3598 2500 3668 prepbcta
2530 3596 2658 3650 dicit
2688 3596 2812 3648 alibi
2849 3611 2861 3646 :
2911 3593 2977 3646 Et
3016 3595 3334 3648 τυηοιιιεαινὶε
3365 3595 3556 3648 leonem
3587 3606 3633 3648 et
3661 3596 3852 3651 draco-

2243 3706 2357 3744 nem
2394 3688 2564 3759 (Psal.
2597 3689 2698 3758 90..
2720 3685 2833 3759 15).
2879 3688 2972 3740 Est
2999 3687 3139 3740 enim
3170 3685 3342 3740 bellua
3390 3687 3666 3755 multiplex
3695 3704 3710 3750 ;
3749 3689 3850 3744 sed

2244 3781 2289 3836 si
2320 3780 2673 3848 sapuerimus,
2706 3778 2792 3832 hic
2818 3779 2904 3833 leo
2929 3788 2979 3831 et
3009 3778 3171 3832 draco
3191 3779 3295 3832 erit
3317 3778 3508 3848 quovis
3532 3779 3643 3834 luto
3663 3779 3847 3847 vilior,

2244 3887 2343 3927 nec
2387 3871 2644 3927 adversus
2692 3885 2790 3924 nos
2818 3879 3006 3939 aperto
3061 3878 3230 3924 marte
3279 3865 3476 3941 diiiget
3513 3870 3683 3926 aciem
3713 3887 3731 3927 :
3760 3873 3850 3927 sin

2243 3972 2420 4018 autem
2451 3961 2742 4027 direxerit,
2787 3961 3210 4016 conculcabitur.
3243 3960 3510 4015 Ambulate
3530 3962 3672 4017 enim
3695 4003 3711 4029 ,
3758 3963 3849 4018 in-

2241 4055 2376 4123 quit,
2403 4069 2551 4124 super
2580 4063 2834 4120 serpentes
2859 4061 2906 4105 et
2934 4052 3223 4121 scorpiones
3250 4049 3411 4124 (Luc.
3445 4051 3531 4106 10.
3563 4051 3631 4106 19
3651 4051 3695 4124 ).
3722 4053 3850 4110 Cir-

2243 4147 2412 4203 cumit
2449 4145 2592 4200 enim
2637 4144 2889 4200 incensus
2927 4145 3001 4198 ira
3049 4154 3317 4214 tamquam
3348 4144 3466 4211 leo;
3518 4145 3615 4200 scd
3661 4147 3706 4201 si
3747 4162 3851 4205 eos

2244 4237 2499 4294 invaserit
2525 4238 2615 4308 qui
2642 4236 2916 4293 Christum
2949 4236 3179 4300 habent,
3224 4247 3275 4292 ct
3301 4251 3515 4292 crucem
3546 4238 3596 4292 iu
3625 4237 3804 4297 fronte
3829 4283 3846 4306 ,

2243 4340 2298 4387 et
2327 4330 2502 4400 ignem
2531 4328 2792 4400 Spiritus,
2845 4339 2901 4383 et
2940 4327 3240 4398 lampadem
3269 4344 3389 4399 quae
3430 4347 3719 4399 numquam
3749 4349 3849 4388 ex-

2245 4422 2548 4494 stinguitur,
2577 4435 2647 4476 ne
2677 4420 2893 4490 quidem
2922 4420 3169 4475 attollere
3199 4421 3387 4474 oculos
3407 4434 3594 4475 contra
3624 4424 3845 4490 poterit,

2243 4515 2340 4573 led
2367 4530 2522 4572 verso
2550 4525 2700 4585 tergo
2729 4513 2964 4580 recedet,
2997 4524 3064 4568 ne
3096 4513 3341 4569 converti
3367 4514 3581 4584 quidem
3615 4517 3846 4574 audens.

2245 4607 2310 4662 Et
2340 4621 2406 4662 ne
2430 4606 2604 4661 inania
2627 4616 2679 4660 et
2706 4619 2839 4660 vana
2870 4615 3023 4672 putes
3048 4604 3212 4659 verba
3235 4619 3355 4660 esse
3383 4623 3502 4674 qua:
3527 4606 3669 4662 dicta
3691 4620 3843 4674 sum,

2241 4697 2521 4753 considera
2551 4697 2678 4749 mihi
2715 4696 2956 4750 Paulum.
2988 4694 3119 4749 Nam
3143 4694 3258 4763 ipsc
3279 4711 3492 4766 quoque
3515 4699 3678 4754 homo
3700 4713 3844 4766 erat,

2245 4788 2336 4847 sed
2363 4803 2486 4842 eum
2516 4788 2585 4840 ita
2630 4790 2713 4839 leo
2739 4787 2838 4841 iste
2869 4786 3278 4856 pertimescebat
3297 4827 3314 4854 ,
3347 4798 3404 4842 ut
3442 4796 3621 4844 vestes
3645 4790 3764 4859 ejus
3787 4800 3850 4846 et

2243 4880 2487 4947 umbraut
2529 4878 2756 4949 fugeret.
2793 4879 3023 4932 Merito:
3072 4877 3269 4933 Christi
3314 4881 3457 4934 enim
3499 4879 3846 4952 fragrantiam

2242 4987 2308 5026 ex
2339 4989 2404 5025 co
2431 4973 2724 5040 spirantem
2759 4980 2810 5024 ct
2836 4971 3226 5026 ascendentem.
3266 4986 3371 5026 non
3415 4971 3653 5040 ferebat,
3694 4986 3750 5031 et
3773 4977 3846 5031 ad

2245 5061 2543 5133 lampadem
2573 5061 2786 5115 virtutis
2816 5061 3078 5129 respicere
3120 5078 3227 5116 non
3273 5073 3503 5132 poterat.
3536 5064 3592 5118 4.
3623 5063 3849 5121 Domine

2247 5156 2382 5212 Deus
2418 5172 2558 5210 meus
2581 5196 2596 5220 ,
2643 5155 2688 5209 si
2729 5155 2826 5226 feri
2871 5155 3030 5218 istud,
3058 5154 3103 5208 si
3142 5165 3214 5208 est
3245 5155 3484 5225 iniquitas
3519 5155 3572 5208 in
3611 5155 3851 5211 inanibus

2245 5249 2387 5303 meis.
2434 5247 2548 5303 [loc
2580 5255 2836 5316 perpetuo
2879 5244 3202 5302 servandum
3234 5257 3362 5309 est,
3407 5257 3600 5300 utnon
3642 5248 3852 5302 solum-

2245 5339 2406 5393 modo
2428 5353 2644 5393 oremus
2664 5379 2678 5399 ,
2711 5335 2805 5392 sed
2832 5338 2897 5389 ita
2923 5351 3140 5391 oremus
3159 5377 3175 5402 ,
3203 5346 3260 5390 ut
3282 5339 3442 5390 etiam
3472 5337 3848 5395 exaudiantur.

2243 5430 2361 5488 Non
2389 5433 2532 5487 enim
2581 5430 2779 5485 sufficit
2809 5429 2981 5482 oratiu
3007 5429 3072 5482 ad
3104 5428 3447 5484 efficiendum
3487 5429 3536 5483 id
3584 5430 3728 5499 quod
3764 5441 3851 5486 cst

2245 5522 2598 5592 prapositum,
2632 5521 2732 5574 nisi
2767 5521 2838 5574 ita
2861 5535 2979 5574 eam
3011 5521 3498 5590 composuerimus,
3529 5529 3584 5573 ut
3617 5520 3726 5576 Deo
3752 5537 3848 5576 ac-

2243 5621 2399 5682 cepta
2428 5613 2516 5666 sit.
2549 5609 2681 5666 Nam
2713 5612 2886 5666 oravit
2913 5611 3077 5666 etiam
3112 5611 3434 5671 Pharisaeus,
3468 5618 3524 5666 et
3547 5625 3674 5666 eum
3712 5614 3848 5668 nilnl

2240 5705 2379 5776 juvit
2405 5703 2548 5774 (Id-
2581 5704 2667 5759 18.
2725 5705 2824 5778 10)
2851 5722 2868 5771 ;
2899 5715 2955 5761 et
3009 5704 3180 5762 Iudaei
3228 5719 3413 5760 rursus
3451 5713 3678 5759 orarunt
3702 5745 3718 5771 ,
3751 5707 3848 5761 scd

2245 5798 2522 5856 orantibus
2563 5799 2690 5870 ipsis
2731 5799 2872 5857 Deus
2915 5799 3256 5858 avertebatur
3307 5796 3461 5869 (Iuli.
3502 5797 3548 5852 1.
3586 5796 3679 5864 15)
3704 5815 3722 5853 :
3751 5817 3848 5856 ue-
