4070 6420
545 349 620 404 85
1244 354 1306 415 S.
1343 354 1632 416 JOANNIS
1664 359 2164 446 CHRYSOSTQII
2201 368 2522 428 ARCHIEP.
2563 374 3111 437 CONSTANTINOP.
3159 376 3166 383 ’
3752 385 3828 444 88

543 469 699 523 λιστα
718 461 1010 520 ἀκούεσθαι
1035 466 1356 543 δυναμένην.
1381 471 1552 526 Τοῦτο
1578 474 1673 528 καὶ
1692 475 1753 531 ἐν
1776 479 1842 550 τῇ
1862 478 1968 551 πρὸ
1981 481 2118 535 ταύ-

541 575 646 632 της
662 558 793 631 εὐχῇ
812 559 1103 632 ἐδήλωσεν,
1119 561 1217 633 οὐχ
1232 561 1419 628 ἀπλῶς
1439 563 1606 641 ἀξιιῖιν
1619 569 1973 641 ἀκουσθῆναι,
1985 571 2122 627 ἀλλά

547 650 691 720 μετά
714 647 813 704 τοῦ
839 651 909 706 τά
939 649 1134 706 ἑαυτοῦ
1164 653 1522 723 εἰσενεγκεῖν.
1543 640 1694 712 ⁸Τίνα.
1719 657 1777 711 δὲ
1804 640 1977 715 ταῦτα
2016 656 2120 734 ἦν;

541 737 641 806 Τὸ,
669 742 883 796 Λούσω
907 743 1038 796 καθ’
1069 741 1340 814 ἑκάστην
1375 745 1569 802 νύκτα
1599 748 1714 819 τὴν
1738 751 1960 819 κλίνην
1975 771 2118 823 μου,

540 828 615 883 ἐν
648 829 909 898 δακρύοι
946 849 1061 902 μου
1092 833 1210 903 τὴν
1242 836 1566 908 στρωμνήν
1598 857 1721 911 μου
1756 843 1958 913 ,ϐρέξω
1977 862 1991 875 ·
2035 847 2119 912 τὸ,

554 920 877 976 Ἑκοπίασα
911 923 982 978 ἐν
1017 922 1100 990 τῷ
1135 927 1449 999 στεναγμῷ
1469 947 1628 1000 μου·
1670 932 1752 1001 τὸ,
1793 935 2122 1008 Ἀπόστητε

538 1009 644 1064 ἀπ’
662 1010 830 1081 ἐμοῦ,
853 1011 1078 1080 πάντες
1095 1018 1150 1070 οι
1179 1015 1562 1089 ἐργαζόμενοι
1588 1021 1707 1093 τὴν
1738 1024 2014 1096 ἀνομίαν·
2034 1028 2118 1096 τὸ,

553 1098 881 1172 Ἐταράχθη
896 1103 1015 1160 ἀπὸ
1042 1105 1237 1177 θυμοῦ
1262 1111 1296 1162 ὀ
1329 1109 1637 1184 ὀφθαλμός
1657 1132 1801 1186 μου.

612 1299 676 1353 δ’.
695 1299 878 1357 Ταῦτα
895 1300 1005 1374 7&9
1023 1303 1202 1358 πάντα
1219 1304 1381 1360 ἰκανά
1409 1306 1500 1362 τὸν
1518 1307 1651 1363 Θεὸν
1681 1310 2087 1370 ἐπισπάσασθαι
2102 1331 2119 1348 ·

543 1390 760 1463 θρῆνοι,
781 1394 1017 1468 δάκρυα,
1040 1398 1358 1468 στεναγμοὶ,
1389 1402 1484 1455 καὶ
1505 1402 1568 1455 τὸ
1585 1402 1695 1458 τῶν
1713 1406 1964 1476 πονηρῶν
1983 1410 2122 1462 ἀπο-

540 1482 743 1560 πηδᾷγ,
775 1488 870 1540 καὶ
908 1486 970 1540 τὸ
992 1487 1292 1544 δεδοικέναι
1319 1491 1414 1546 καὶ
1442 1493 1664 1565 τρέμειν
1687 1496 1854 1551 αὐτοῦ
1887 1498 1988 1570 τὴν
2013 1499 2123 1572 ψῆ-

542 1590 664 1664 φον.
696 1576 805 1664 Καὶ
833 1576 1066 1649 ἀλλαχοῦ
1098 1578 1308 1650 ἔλεγεν,
1349 1581 1741 1649 Εἰσήκουσεν
1764 1590 1798 1642 ὁ
1826 1587 1971 1656 Θεὸς
2005 1587 2122 1664 [55]

540 1663 652 1731 τῆς
691 1663 1084 1737 δικαιοσύνης
1111 1687 1236 1739 μου
1254 1687 1266 1700 ·
1295 1671 1366 1725 ἐν
1390 1673 1593 1743 θλίψει
1616 1674 1964 1746 ἐπλάτυνάς
1996 1698 2122 1750 μοι.

543 1753 618 1807 Τὸ
640 1755 749 1826 γὰρ
781 1756 1076 1814 ἀκούεσθαι
1103 1759 1245 1814 οὕτω
1279 1764 1521 1832 γίνεται·
1547 1766 1764 1839 πρῶτον
1789 1769 1886 1840 μὲν
1916 1766 2031 1838 οὖν,
2058 1773 2124 1826 ἑκ

542 1846 638 1900 τοῦ
664 1848 848 1914 ἀξίους
887 1847 1025 1904 εἶναι
1067 1853 1251 1910 λαϐεῖν
1272 1872 1287 1887 ·
1320 1855 1536 1924 ἔπειτα,
1586 1862 1652 1913 ὲκ
1681 1860 1776 1914 τοῦ
1811 1862 1953 1916 κατά
1996 1864 2123 1928 τοὺς

543 1939 747 2010 νόμους
773 1942 869 1997 τοῦ
903 1944 1042 1998 Θεοῦ
1067 1946 1359 2019 εὔχεσθαι·
1389 1949 1592 2022 τρίτον,
1626 1955 1693 2007 ἐκ
1714 1953 1809 2008 τοῦ
1849 1956 2118 2027 συνεχῶς·

539 2032 827 2105 τέταρτον,
863 2035 929 2089 ὲκ
959 2037 1054 2091 τοῦ
1102 2038 1268 2111 μηδὲν
1315 2039 1573 2110 βιωτικὺν
1611 2047 1812 2100 αἰτεῖν·
1849 2047 2120 2120 πέμπτον,

541 2124 608 2178 ἐκ
633 2125 728 2179 τοῦ
761 2126 831 2180 τά
853 2128 1203 2202 συμφέροντα
1224 2129 1407 2204 ζητεῖν
1429 2152 1444 2166 ·
1465 2135 1654 2200 ἕκτον,
1673 2139 1740 2191 ὲκ
1767 2137 1863 2192 τοῦ
1892 2140 1960 2194 τά
1989 2141 2120 2213 παρ’

539 2214 754 2269 ἑαυτῶν
783 2217 1059 2290 εἰσφέρειν
1095 2221 1334 2276 ἅπαντα.
1361 2224 1506 2296 Ὅρα
1531 2226 1662 2294 γοῦν
1688 2227 1914 2293 πολλοὺς
1950 2229 2124 2296 οὕτως

537 2307 940 2378 ἀκουομένους·
970 2311 1064 2364 τὸν
1099 2313 1402 2384 Κορνήλιον
1432 2317 1541 2370 ἀπὸ
1574 2317 1670 2372 τοῦ
1706 2318 1853 2390 βίου·
1887 2321 1987 2392 τὴν
2021 2323 2124 2376 Συο

541 2395 946 2484 ροφοινίκισσαν
977 2409 999 2430 ⁸
1034 2401 1142 2455 ἀπὺ
1164 2403 1267 2473 τῆς
1293 2406 1654 2478 προσεδρείας
1677 2425 1691 2439 ·
1718 2410 1811 2464 τὸν
1831 2411 2124 2484 Σολομῶνα

537 2483 651 2538 ἀπὸ
684 2485 778 2540 τοῦ
809 2489 1017 2560 τρόπου
1063 2495 1163 2564 τῆς
1199 2495 1497 2567 αἰτήσεως·
1542 2500 1697 2554 'Ar0‘
1729 2493 1816 2554 ὧν
1859 2483 1977 2574 γὰρ
2008 2505 2123 2559 οὐκ

539 2577 782 2648 ᾔτησας
791 2581 1092 2651 χρήματα,
1115 2584 1260 2640 οὐδὲ
1281 2587 1510 2656 ψῡχάς,
1525 2590 1714 2660 φησιν,
1731 2591 1962 2660 ἐχθρῶν
1981 2610 2121 2650 σου·

536 2670 632 2725 τὸν
651 2671 892 2744 τελώνην
913 2676 1022 2729 ἀπὸ
1053 2677 1166 2750 τῆς·
1191 2680 1696 2752 ταπεινοφροσύνης
1714 2698 1730 2712 ·
1762 2684 1984 2755 ἑτέρους
1999 2685 2121 2738 ἑτέ-

542 2761 737 2834 ρωθεν.
771 2765 983 2839 Ὥσπερ
1018 2765 1112 2823 οὖν
1141 2771 1208 2824 ἐκ
1235 2770 1441 2826 τούτων
1465 2771 1527 2827 τὺ
1553 2773 1850 2829 ἀκούεσθαι
1889 2775 2119 2845 γίνεται,

545 2853 723 2920 οὕτως
753 2857 1025 2930 ἑτέρωθεν
1049 2861 1111 2914 τὸ
1156 2861 1232 2933 μὴ
1269 2863 1588 2934 ἀκούεσθαι,
1623 2865 1738 2921 κᾶν·
1755 2866 1953 2921 δίκαιοι
1988 2861 2122 2922 ὦσιν

540 2947 591 2999 οἰ
637 2947 940 3013 αἰτοῦντες.
982 2951 1048 3004 Τί
1079 2950 1187 3024 γὰρ
1231 2954 1448 3008 Παύλου
1486 2955 1822 3028 δικαιότερον
1866 2958 2119 3028 γέγονεν;

555 3036 698 3089 Ἀλλ’
728 3039 918 3111 ἐπειδὴ
945 3041 1242 3115 ἀσύμφορα
1273 3045 1498 3117 ᾔτησεν,
1526 3047 1626 3100 οὐκ
1649 3048 1914 3122 ἠκούσθη.
1955 3050 2122 3121 Ὑπὲρ

538 3129 779 3196 τούτου,
815 3132 970 3202 φησὶ,
1017 3132 1145 3202 τρὶς
1174 3135 1286 3189 τὸν
1326 3139 1551 3206 Κύριον
1587 3139 1996 3208 παρεκάλεσα,
2024 3144 2123 3196 καὶ

536 3217 671 3274 εἶπέ
694 3237 800 3290 μοι
820 3238 835 3253 ·
883 3223 1069 3292 Ἀρκεῖ
1092 3239 1192 3280 σοι
1220 3227 1260 3294 ἡ
1303 3227 1476 3297 χάρις
1487 3245 1628 3297 μου.
1659 3229 1726 3282 Τί
1757 3230 1814 3283 δὲ
1845 3233 2123 3298 Μωῦσέως

538 3309 705 3364 πάλιν
735 3310 1110 3384 δικαιότερον;
1166 3315 1309 3368 Ἀλλ’
1343 3316 1464 3369 οὐδὲ
1496 3317 1705 3382 ἐκεῖνος
1737 3320 1990 3390 ἠκούετο,
2033 3323 2122 3377 λέ-

539 3415 732 3468 γοντος
754 3401 849 3456 τοῦ
881 3402 1017 3456 Θεοῦ
1041 3420 1056 3436 ·
1094 3405 1459 3462 Ἰκανούσθω
1484 3424 1605 3466 σοι.
1644 3411 1860 3484 Ἐπειδὴ
1877 3413 1984 3487 γάρ
2001 3415 2122 3487 ᾔτει

541 3493 624 3555 εἰς
656 3491 886 3563 τὴνγῆν
909 3496 1009 3566 τῆς
1037 3495 1372 3566 ἐπαγγελίας
1405 3500 1688 3568 εἰσελθεῖν,
1720 3502 2042 3578 ἀσύμφορον
2063 3506 2122 3561 δὲ

537 3583 700 3637 τοῦτο
725 3581 815 3656 ἦν,
846 3585 949 3640 οὐκ
989 3587 1293 3660 ἐπέτρεψεν
1325 3592 1355 3644 6
1399 3591 1551 3657 Θεός.
1586 3595 1744 3650 Μετά
1792 3598 2000 3653 τούτων
2029 3601 2122 3655 καὶ

539 3671 730 3743 ἕτερόν
749 3674 866 3727 ἑστι
893 3673 957 3728 τὸ
979 3675 1166 3729 ποιοῦν
1197 3675 1276 3748 μὴ
1302 3677 1621 3744 ἀκούεσθαι,
1651 3683 1781 3736 ὅταν
1803 3687 1916 3747 τοῖς
1943 3686 2122 3756 ἀμαρ-

538 3764 784 3834 τήμασιν
829 3767 1179 3837 ἐπιμένοντες
1223 3768 1532 3840 εὐχώμεθα.
1572 3773 1640 3825 Ὀ
1690 3775 1787 3828 καὶ
1822 3779 1953 3847 περὶ
1990 3776 2120 3829 Ἰου-

539 3851 710 3906 δαίων
739 3852 926 3922 ἔλεγεν
967 3856 996 3908 6
1024 3854 1158 3920 Θεὸς
1205 3856 1285 3928 τῷ
1339 3857 1611 3932 Ἱερεμίᾳ·
1637 3862 1736 3931 Μὴ
1776 3857 2122 3935 προσεῦχου

539 3943 678 4012 περὶ
701 3944 808 3999 τοῦ
833 3947 988 4002 λαοῦ
1009 3948 1246 4003 τούτου.
1274 3951 1468 4021 Ἠούχ
1486 3949 1630 4021 ὁρᾷς
1653 3955 1711 4007 τί
1730 3951 1897 4011 οὗτοι
1922 3959 2122 4013 ποιοῦ-

534 4050 678 4100 σιν;
718 4037 831 4090 Οὐκ
865 4039 1205 4110 ἀπέστησαν,
1253 4041 1412 4114 φησὶ,
1448 4043 1553 4112 τῆς
1598 4044 1874 4111 ἀσεϐείας.
1915 4049 2009 4102 καὶ
2054 4049 2120 4102 σὺ

541 4126 684 4196 ὑπὲρ
717 4127 899 4183 αὐτῶν
928 4129 1112 4202 δέησιν
1138 4132 1467 4206 ἀναφέρεις
1507 4135 1647 4191 Ἀλλ’
1673 4137 1776 4192 οὐκ
1810 4139 2123 4195 εἰσακούσο-

542 4218 645 4290 μαί
669 4235 786 4274 σου.
819 4221 988 4276 Πάλιν
1022 4223 1150 4277 ὅταν
1178 4227 1299 4278 κατ’
1331 4225 1543 4296 ἐχθρῶν
1573 4227 1841 4299 αἰτῶμεν,
1871 4231 1931 4284 ού
1958 4232 2120 4304 μόνον

536 4313 642 4368 οὐκ
668 4314 996 4386 ἀκουόμεθα,
1014 4317 1148 4370 ἀλλά
1166 4320 1262 4371 καί
1283 4316 1676 4390 παροξύνομεν.
1699 4322 1992 4393 Φάρμακον
2011 4325 2120 4398 γάρ

536 4405 689 4458 ἐστιν
716 4407 750 4476 ἡ
771 4405 902 4476 εὐχή
925 4423 938 4435 ·
971 4407 1088 4460 ἀλλ’
1112 4407 1208 4461 ὲάν
1235 4409 1310 4480 μὴ
1329 4409 1580 4481 εἰδῶμεν,
1606 4413 1667 4466 τὸ
1697 4413 1987 4488 φάρμακον
2005 4417 2121 4482 πῶς

537 4495 838 4550 ἐπιτιθέναι
861 4497 986 4569 χρὴ,
1013 4498 1134 4552 οὐδὲ
1165 4499 1263 4570 τὴν
1285 4499 1516 4571 δνησινδ
1543 4503 1708 4556 αὑτοῦ
1737 4506 2115 4577 καρπούμεθα.

540 4585 776 4658 Ἴδωμεν
805 4587 985 4642 τοίνυν
1018 4589 1072 4642 τί
1102 4593 1196 4643 καί⁵
1234 4585 1390 4654 οὗτος
1422 4592 1712 4663 εὐχόμενός
1741 4613 1908 4664 φησι·
1945 4600 2120 4667 Κύριε

536 4681 572 4734 ό
593 4681 737 4746 Θεός
753 4697 892 4749 μου,
918 4683 972 4734 εἰ
990 4681 1253 4751 ἐποίησα
1274 4685 1468 4739 τοῦτο.
1493 4684 1557 4740 Τί
1585 4687 1752 4754 ἐστιν,
1778 4691 1844 4742 Εἰ
1861 4688 2120 4758 ἐποίησα

536 4769 754 4835 τοῦτο;
781 4772 846 4825 '0
868 4772 1085 4844 πάσχω,
1110 4775 1295 4845 φησὶν,
1327 4777 1376 4828 εἰ
1398 4777 1702 4850 ὲπανέστην
1731 4780 1984 4852 πατρὶ,εἰ
2014 4800 2118 4836 πα-

538 4863 826 4935 ρηνόμησα
864 4864 1057 4930 οὕτως.
1093 4866 1234 4919 Ἀλλ’
1258 4867 1378 4920 οὐδὲ
1408 4868 1639 4923 ἐνταῦθα
1672 4873 1932 4942 ὀνομαστὶ
1955 4875 2118 4930 πάλιν

535 4955 790 5026 ἀνέχεται
820 4956 911 5010 τὸν
942 4957 1279 5030 ἀδικήσαντα
1311 4961 1506 5022 εἰπεῖν,
1537 4961 1651 5015 ἀλλ’
1687 4963 1826 5034 ὑπὲρ
1856 4963 1950 5018 τοῦ
1985 4982 2116 5020 παι-

533 5045 627 5110 δὸς
654 5047 969 5118 αἰσχύνεται
1012 5051 1106 5103 καὶ
1134 5049 1383 5121 ἐρυθριᾷ.
1417 5045 1540 5104 Οἷον
1573 5053 1638 5107 ἂν
1680 5055 1733 5107 εί
1760 5073 1844 5120 τις
1888 5058 2118 5130 εὐγενὴς

537 5138 824 5212 ἄνθρωπος
852 5142 950 5211 τὴν
993 5142 1187 5195 ἑαυτοῦ
1240 5146 1476 5211 γυναῖκα
1524 5149 1918 5220 μοιχευομένην
1951 5149 2114 5221 ὁρῶν,

536 5231 674 5302 μηδὲ
711 5233 971 5303 ὀνομαστί
999 5233 1059 5286 τὸ
1107 5234 1408 5307 ἁμάρτημα
1447 5238 1527 5300 εἰς
1567 5239 1629 5291 τὸ
1676 5241 1836 5308 μέσον
1889 5244 2117 5312 ἀγαγεῖν

533 5322 884 5393 καταδέχοιτο
905 5342 918 5356 ·
946 5323 1088 5378 οὕτω
1109 5325 1172 5395 δὴ
1203 5329 1296 5380 καὶ
1321 5322 1494 5391 οὗτος·
1528 5329 1628 5383 οὐκ
1650 5325 1818 5386 εἶπεν·
1837 5330 1901 5386 Εἰ
1925 5335 2118 5402 κατεξ-

537 5415 768 5484 ανέστην
797 5414 888 5469 τοῦ
919 5419 1305 5488 γεγεννηκότος
1324 5462 1339 5486 ,
1369 5421 1416 5473 εἰ
1449 5421 1784 5492 πατραλοίας
1815 5425 2082 5497 ἐγενόμην
2100 5444 2113 5461 ·

539 5502 769 5566 ἀλλά,Εὶ
804 5507 1066 5576 ἐποίησα
1095 5509 1289 5565 τοῦτο.
1323 5511 1431 5567 Καὶ
1461 5513 1515 5566 τί
1562 5512 1704 5582 λέγω
1737 5513 1922 5581 τοῦτο;
1951 5517 2113 5588 φησί.

601 5727 624 5796 ξ’
649 5728 971 5796 $i_c__dn_qms_s.
995 5735 1056 5796 εἰ
1077 5731 1136 5780 Ν.
1159 5731 1296 5782 Tesl.
1327 5730 1550 5784 GnEdit.
1579 5733 1962 5796 Συροφοίνισσαν.

596 5785 626 5828 ι’
649 5789 747 5839 Alii
768 5791 876 5840 οὐδὲ
897 5794 981 5852 τὴν
1009 5794 1216 5855 δύναμιν.

2227 482 2371 541 Ποία
2401 487 2512 561 γάρ
2539 489 2711 562 ἀρετὴ
2741 495 2802 546 τὸ
2845 492 2921 565 μὴ
2947 493 3202 562 γενέσθαι
3234 494 3567 568 πατραλοίαν
3597 507 3646 568 ο,
3680 500 3829 574 ὅπερ

2229 578 2349 634 οὐδὲ
2379 582 2439 635 ἐν
2471 585 2585 649 τοῖς
2614 583 2826 656 θηρίοις
2852 588 2949 641 ῖδοι
2976 604 3060 652 τις
3081 589 3182 655 ἀνς
3212 590 3282 644 Εἰ
3310 589 3485 645 ἐστιν
3514 593 3723 648 ἀδικία
3752 595 3826 649 ἐν

2229 679 2409 746 χερσί
2432 665 2574 750 μου.
2603 681 2682 737 Οὐ
2716 683 2862 762 λέγω
2894 684 3024 757 περὶ
3052 685 3154 756 τῆς
3185 686 3398 754 ἀδικίας
3425 689 3636 762 ταύτης
3655 707 3673 723 ·
3705 689 3826 745 ἀλλ’

2230 772 2352 827 οὐδὲ
2376 775 2538 850 ἑτέρα
2570 777 2636 832 ἂν
2681 759 2951 852 εὑρεθείη,
2991 783 3176 852 φησὶν,
3219 777 3355 838 οὖσα
3398 784 3457 838 ἐν
3505 759 3661 857 χερσί
3712 801 3818 856 μου

2231 867 2436 928 ἀδικία.
2474 872 2661 928 Ταῦτα
2693 875 2750 929 δὲ
2777 875 2946 946 λέγει,
2991 879 3054 932 ού
3106 879 3524 952 μεγαληγορῶν,
3568 881 3688 936 ἀλλ’
3736 883 3822 946 εἰς

2230 965 2481 1040 ἀνάγκην
2503 970 2758 1040 ἐμπεσὼν
2768 971 2862 1026 τοῦ
2886 973 2954 1026 τὰ
2971 974 3167 1028 ἑαυτοῦ
3190 976 3597 1048 κατορθώματα
3621 979 3821 1032 εἰπεῖν.

2246 1059 2389 1114 Ἀλλ’
2415 1062 2538 1117 οὐδὲ
2570 1059 2714 1118 οὕτω
2743 1082 2845 1119 που
2879 1065 3023 1138 μέγα
3052 1068 3210 1122 τοῦτο
3234 1070 3372 1142 πρὸς
3401 1070 3463 1124 τὸ
3497 1072 3692 1142 μέλλον
3727 1075 3826 1143 9n-

2231 1153 2519 1228 θήσεσθαι.
2548 1160 2621 1213 Τί
2651 1160 2708 1215 δὲ
2743 1159 2903 1216 τοῦτό
2931 1163 3118 1230 ὲστινς
3147 1164 3218 1218 El
3251 1165 3650 1221 ἀπαπέόωκα
3697 1169 3827 1234 τοῖς

2232 1251 2711 1310 ἀνταποδιδοῦσι
2748 1273 2854 1326 μοι
2892 1257 3072 1322 κακὰ,
3126 1259 3282 1329 φησί.
3325 1259 3632 1331 Προσέχετε
3681 1262 3826 1333 μετά

2230 1338 2535 1422 ἀκριϐείας.
2567 1353 2643 1406 ού
2672 1353 2781 1425 γὰρ
2809 1354 2870 1407 τὸ
2898 1353 3061 1425 τυχόν
3081 1356 3199 1410 ἐστι
3223 1355 3286 1409 τδ
3306 1357 3616 1428 εἰρημένον.
3639 1358 3827 1414 Καλὸν

2235 1447 2336 1520 μὲν
2369 1448 2479 1520 γὰρ
2506 1447 2570 1502 τὸ
2616 1449 2692 1521 μὴ
2725 1450 2958 1504 ἀδικεῖν·
2992 1449 3109 1525 [56]
3160 1451 3342 1525 πολλῷ
3371 1453 3429 1508 δὲ
3473 1455 3682 1525 μεῖζον,
3731 1455 3828 1511 καὶ

2232 1547 2532 1620 φιλοσόφου’
2562 1550 2766 1622 ψυχῆς,
2805 1551 2868 1606 τὸ
2917 1551 3007 1605 τὸν
3050 1552 3340 1608 ἀδικοῦντα
3381 1554 3456 1626 μὴ
3488 1553 3825 1626 ἀμύνεσθαι.

2235 1645 2431 1700 Καίτοι
2473 1662 2537 1714 γε
2587 1649 2618 1699 6
2658 1648 2825 1719 νόμος
2859 1632 3022 1703 τοῦτο
3054 1651 3337 1722 παρεῖχεν,
3380 1650 3664 1722 ὀφθαλμὸν
3702 1651 3830 1707 ἀντὶ

2235 1740 2518 1814 ὀφθαλμοῦ
2542 1742 2799 1810 κελεύων,
2827 1745 2920 1798 καὶ
2934 1745 3123 1801 ὀδόντα
3139 1748 3261 1801 ἀντὶ
3276 1747 3487 1812 ὀδόντος
3505 1749 3826 1803 ἐκκόπτειν·
3887 1813 3898 1824 ι

2235 1839 2331 1893 καὶ
2363 1839 2466 1894 οῦκ
2491 1836 2559 1914 ἦν
2575 1840 2889 1917 παράϐασις
2909 1843 3076 1912 νόμου
3103 1842 3167 1896 τὸ
3188 1843 3472 1915 γινόμενον
3497 1859 3512 1872 ·
3534 1844 3653 1898 ἀλλ’
3681 1843 3832 1898 οὔτι-ι

2235 1935 2528 2006 φιλόσοφος
2568 1933 2638 2008 ἦν
2680 1929 2857 2002 οὗτος,
2889 1936 2972 2002 ὡς·
3017 1936 3093 2009 μὴ
3129 1941 3293 2010 μόνον
3340 1938 3416 2011 μὴ
3460 1938 3831 2012 παραϐαίνειν

2232 2033 2326 2087 τὸν
2345 2033 2531 2104 νόμον,
2549 2032 2686 2088 ἀλλὰ
2714 2035 2809 2087 καὶ
2831 2034 2896 2087 ὲκ
2919 2032 3115 2087 πολλοῦ
3139 2033 3234 2088 τοῦ
3254 2035 3538 2106 περιόντος
3561 2034 3834 2106 ὑπερδεί-

2233 2145 2370 2196 νειν,
2406 2129 2501 2182 καὶ
2555 2128 2695 2201 ὑπὲρ
2732 2129 2802 2184 τά
2835 2129 3134 2202 σκάμματα
3162 2130 3360 2205 πηδᾷν.
3389 2130 3466 2186 Ού
3496 2131 3610 2202 γὰρ
3638 2131 3825 2201 ἐνόμι-

2235 2223 2328 2290 ζεν
2356 2226 2550 2296 ἀρκεῖν
2580 2226 2659 2289 εἰς
2690 2224 2913 2297 ἀρετὴν,
2951 2226 3002 2278 εἰ
3033 2226 3108 2298 μὴ
3145 2229 3240 2281 καὶ
3273 2227 3733 2301 ὑπερακοντίσειε
3761 2227 3831 2282 τὰ

2231 2320 2657 2393 προστάγματα.
2682 2321 2896 2392 Ὠσπερ
2915 2316 3009 2375 οὖν
3032 2323 3126 2376 καὶ
3149 2323 3360 2388 Παῦλος
3385 2323 3584 2388 ἐποίει,
3613 2323 3830 2378 κελευό-

2240 2421 2495 2490 μενος-ὲκ
2527 2416 2622 2472 τοῦ
2648 2416 2984 2486 Εύαγγελίου
3014 2417 3138 2490 ζῇν,
3167 2419 3262 2472 καὶ
3290 2419 3368 2490 μὴ
3393 2419 3525 2485 ζῶν,
3558 2420 3678 2474 ἀλλ’
3699 2420 3829 2476 ἀδά-

2235 2509 2407 2570 πανον
2433 2502 2605 2578 τιθεὶς
2636 2514 2698 2569 τὸ
2721 2513 3088 2584 Εὐαγγέλιον·
3127 2515 3272 2569 οὕτω
3308 2515 3488 2570 τοίνυν
3525 2517 3621 2570 καὶ
3650 2517 3681 2569 6
3719 2534 3826 2588 μαν

2234 2610 2429 2681 κάριος
2457 2608 2641 2674 Δαυῒδ,
2665 2607 2760 2663 τοῦ
2787 2611 2956 2682 νόμου
2988 2610 3222 2676 διδόντος
3244 2611 3553 2684 ἀμύνεσθαι
3581 2612 3677 2666 τὸν
3709 2613 3828 2668 ἀδιο

2234 2707 2457 2780 κοῦντα,
2488 2707 2590 2761 οὐκ
2626 2705 2841 2778 ἔμεινεν
2879 2706 3052 2778 ἐντῷ
3088 2707 3274 2779 μέτρῳ
3317 2707 3516 2780 τούτῳ,
3550 2709 3692 2762 ἀ).λά
3734 2708 3828 2764 καὶ

2233 2777 2685 2877 ύπερηκόντισεν.
2727 2804 2919 2875 Ἡμεῖς
2955 2777 3106 2870 δὲγού
3130 2777 3292 2860 τοῦτο
3315 2777 3701 2877 ἀπαιτούμεθα
3728 2807 3827 2876 μόσ-

2235 2921 2325 2960 νον
2351 2905 2415 2959 τὸ
2461 2904 2538 2978 μὴ
2571 2905 3009 2970 ἀνταποδιδόναι,
3062 2905 3201 2959 ἀλλά
3251 2906 3347 2961 καὶ
3388 2906 3451 2960 τὸ
3493 2907 3825 2979 εὐεργετεῖν.

2226 3008 2504 3079 Ἐὔχεσθε
2517 3009 2650 3080 γὰρ,
2666 3009 2854 3080 φησιν,
2868 3008 3023 3077 ὑπὲρ
3035 3005 3154 3062 τῶν
3173 3007 3396 3076 ὲπηρεα
3406 3007 3628 3070 ζόντων
3651 3006 3830 3077 ὑμᾶς,

2233 3106 2436 3175 καλῶς
2467 3106 2692 3162 ποιεῖτε
2734 3106 2860 3174 τοῖς
2894 3108 3197 3177 μισοῦσιν
3240 3105 3420 3178 ὑμᾶς.
3477 3107 3604 3162 Ἐπὶ
3631 3107 3691 3162 δὲ
3734 3108 3829 3162 τοῦ

2232 3209 2399 3264 Δαυῖδ
2443 3209 2506 3263 ού
2547 3208 2743 3281 μικρὸν
2775 3207 2837 3262 τδ
2868 3207 2946 3280 μὴ
2980 3208 3306 3280 ἀμύνεσθαι,
3337 3208 3474 3262 ἀλλά
3517 3210 3614 3264 καὶ
3646 3206 3833 3280 πολλῷ

2237 3309 2422 3382 μεῖζον
2467 3309 2562 3363 τοῦ
2600 3306 2829 3380 νομικοῦ
2877 3309 3362 3380 παραγγέλματος.
3393 3307 3485 3360 Διό
3533 3323 3720 3378 φησιν,
3761 3308 3835 3362 Εἰ

2231 3410 2500 3478 ἐποίησα
2534 3407 2734 3471 τοῦτο,
2772 3409 2824 3461 εἰ
2855 3407 3032 3462 ἐστιν
3060 3407 3265 3463 ἀδικία
3292 3407 3364 3461 ἐν
3393 3406 3570 3476 χερσί
3590 3422 3713 3475 μου
3734 3423 3747 3438 ·
3776 3408 3835 3462 εὶ

2231 3504 2622 3562 ἀνταπέδωκα
2666 3503 2794 3570 τοῖς
2831 3500 3308 3560 ἀπαποδιδοῦσί
3332 3519 3438 3572 μοι
3479 3501 3659 3558 κακά.
3705 3503 3834 3556 Ἑπί

2235 3608 2334 3678 μὲν
2369 3603 2482 3674 γὰρ
2511 3603 2606 3658 τοῦ
2653 3603 2842 3666 παιδὸς
2884 3603 2980 3656 καὶ
3014 3603 3049 3672 ἡ
3098 3603 3262 3671 φύσις
3305 3599 3579 3655 ὶκὼλυεν·
3623 3600 3744 3656 ἀλλ’
3777 3604 3831 3656 εἰ

2171 3761 2184 3769 ,
2233 3705 2476 3776 ἐτέρους,
2515 3703 2703 3775 φησὶν,
2725 3703 2984 3774 ἠδίκησα,
3010 3701 3044 3772 ἢ
3075 3703 3171 3756 καὶ
3189 3701 3508 3772 ἠμυνάμην.
3532 3701 3704 3755 Ποίαν
3731 3697 3833 3756 οὖν

2236 3804 2390 3875 σχοίη
2400 3820 2500 3874 μεν
2521 3801 2854 3873 συγγνώμην
2879 3803 3061 3872 ἡμεῖς,
3083 3799 3242 3854 ποίαν
3267 3799 3324 3854 δὲ
3335 3799 3656 3869 ἀπολογίαν,
3686 3801 3834 3870 μετὰ

2231 3904 2332 3975 τὴν
2365 3903 2460 3957 τοῦ
2492 3903 2729 3975 Χριστοῦ
2762 3902 3067 3973 παρουσίαν
3096 3902 3172 3972 μὴ
3203 3900 3498 3970 φθάνοντες
3525 3903 3606 3965 εἰς
3635 3902 3704 3956 τά
3726 3903 3832 3973 μέ-

2228 4019 2337 4074 τρα
2372 4001 2485 4055 τῶν
2531 4002 2589 4055 ὲν
2629 4003 2694 4072 τῇ
2735 4000 2951 4071 Παλαιᾷ
2993 3999 3445 4070 πολιτευομένων,
3506 4001 3600 4054 καὶ
3649 4000 3832 4056 ταῦτα

2231 4099 2432 4173 πολλὴν
2467 4099 2790 4172 περισσείαν
2817 4096 3248 4179 ἀπαιτούμενοι;
3295 4096 3433 4151 Ἐὰν
3457 4094 3686 4169 γὰρμὴ
3718 4115 3831 4154 πε-

2223 4202 2535 4271 ρισσεύσῃ
2554 4246 2570 4268 ,
2598 4200 2787 4271 φησὶν,
2818 4201 2858 4268 ἠ
2898 4198 3258 4268 δικαιοσύνη
3292 4198 3462 4269 ὑμῶν
3489 4202 3682 4254 πλέον
3706 4201 3833 4256 τῶν

2231 4301 2594 4372 Φαρισαίων,
2637 4303 2710 4355 οὐ
2744 4300 2832 4370 μὴ
2873 4301 3188 4368 εἰσέλθητε
3214 4302 3302 4368 εἰς
3343 4299 3460 4370 τὴν
3494 4301 3832 4366 ,βασιλείαν

2228 4399 2349 4456 τῶν
2387 4398 2680 4469 οὐρανῶν.
2715 4399 2927 4471 Ὠσπερ
2961 4398 3071 4470 γὰρ
3109 4397 3212 4452 οὐκ
3242 4398 3390 4453 ἐστιν
3438 4398 3553 4462 ἴσος
3581 4399 3612 4452 6
3651 4400 3710 4454 ὲν
3745 4401 3831 4472 τῷ

2229 4502 2381 4573 νόμῳ
2405 4502 2475 4555 τὰ
2499 4499 2641 4554 αὐτὰ
2669 4497 2952 4570 κατορθῶν
2999 4496 3079 4568 τῷ
3118 4497 3224 4569 πρδ
3257 4496 3355 4550 τοῦ
3399 4497 3567 4569 νόμου
3587 4514 3604 4531 ·
3649 4499 3829 4566 οὕτως

2229 4601 2355 4656 οὔτε
2379 4605 2408 4655 6
2434 4603 2492 4655 ὲν
2521 4603 2587 4671 τῇ
2611 4600 2797 4671 χάριτι
2822 4598 2901 4670 τῷ
2924 4600 2980 4652 ὲν
3009 4597 3088 4669 τῷ
3115 4597 3289 4669 νόμῳ,
3317 4596 3456 4651 ἀλλά
3479 4599 3574 4651 καί⁵
3593 4599 3703 4653 ἀπὸ
3723 4601 3825 4656 τοῦ

2229 4701 2425 4774 καιροῦ
2481 4701 2650 4772 πολλὴ
2700 4701 2910 4770 γίνεται
2954 4703 2988 4772 ή
3037 4699 3288 4771 διαφορά.
3337 4699 3511 4753 Τοῦτο
3551 4700 3765 4765 δεικνὺς
3794 4704 3829 4755 ὁ

2231 4803 2448 4866 Παῦλος
2481 4805 2576 4856 καὶ
2599 4803 2694 4856 ἐπὶ
2717 4802 2821 4872 τῆς
2846 4802 3068 4865 κακίας,
3091 4802 3186 4855 καὶ
3215 4801 3308 4854 ἐπὶ
3340 4802 3438 4870 τῆς
3472 4801 3694 4873 ἀρετῆς,
3718 4802 3827 4873 ὅρα

2229 4906 2520 4970 κάκείνους
2551 4905 2670 4971 πῶς
2699 4893 2964 4977 μειζόνως
2992 4904 3285 4975 θαυμάζει,
3317 4905 3414 4957 καὶ
3446 4903 3671 4967 τούτους
3701 4904 3826 4974 μείά

2229 5007 2380 5073 ζονος
2413 5008 2686 5078 τιμωρίας
2717 5005 2905 5071 ἀξίους
2925 5005 3219 5074 ἀποφαίνει
3251 5001 3410 5069 εἶναι,
3440 5004 3584 5059 οὕτω
3614 5005 3822 5074 λέγων·

2229 5111 2418 5162 Ὅταν
2447 5109 2559 5178 γὰρ
2598 5107 2745 5175 ἔθνη
2786 5107 2861 5163 τὰ
2886 5106 2974 5177 μὴ
3022 5108 3212 5178 νόμον
3245 5106 3484 5175 ἔχοντα,
3533 5106 3716 5176 φύσει
3748 5107 3827 5162 τὰ

2228 5209 2337 5263 τοῦ
2357 5210 2548 5278 νόμου
2577 5205 2742 5276 ποιῇ,
2776 5202 2943 5263 οὗτοι
2964 5208 3155 5276 νόμον
3171 5205 3258 5277 μὴ
3284 5205 3554 5276 ἔχοντες,
3583 5205 3826 5272 ἑαυτοῖς

2227 5313 2345 5364 εἱσι
2369 5311 2572 5378 νόμος.

2299 5407 2523 5475 ε’.Εἶδες
2543 5410 2660 5475 πῶς
2677 5411 2804 5474 τοὺς
2819 5409 2988 5482 χωρὶς
3003 5409 3168 5481 νόμου
3191 5408 3590 5481 κατορθοῦντας
3606 5410 3826 5464 ἐπαινεῖ

2227 5513 2322 5567 καὶ
2355 5511 2720 5584 άνακηρύττει
2746 5531 2761 5578 ;
2789 5511 2936 5584 Ὅρα
2965 5511 3125 5565 πάλιν
3160 5509 3256 5565 καὶ
3280 5511 3406 5574 τοὺς
3438 5512 3496 5564 ἐν
3533 5513 3601 5582 τῇ
3633 5510 3822 5582 χάριτι

2235 5618 2653 5689 ἁμαρτάνοντας
2691 5616 2808 5680 πῶς
2843 5615 3091 5687 μείζονος
3134 5614 3408 5680 κολάσεως
3448 5612 3636 5678 ἀξίους
3678 5607 3821 5667 εἶναι

2294 5776 2316 5805 °
2343 5772 2441 5824 Alii
2463 5773 2750 5836 πατρολοίαν
2771 5772 2852 5822 hic
2883 5776 2932 5821 cl
2959 5771 3091 5822 alibi.
