4070 6440
170 439 241 493 ss
1363 427 1728 486 EXPOSITIO
1761 409 1851 484 ‘nt
1890 427 2214 487 PSALMUM
2248 427 2358 485 Ἧι.
3431 420 3500 476 ss

175 564 277 620 que
306 549 450 604 enim
481 549 723 614 orabant,
752 555 808 602 ut
837 559 993 601 orare
1022 551 1254 615 oportet.
1290 543 1356 598 Et
1385 541 1508 599 ideo
1522 543 1657 614 jussi
1683 557 1778 598 su-

175 653 299 694 mus
317 652 438 694 eam
458 638 655 693 aﬂ'erre
681 638 1002 699 orationem,
1031 650 1150 705 qua:
1167 634 1401 689 maxime
1421 634 1590 704 possit
1608 647 1774 689 exau-

173 728 299 783 diri.
332 729 444 783 lloc
463 730 625 784 etiam
657 727 894 783 ostendit
923 727 978 781 in
1006 725 1329 797 prmcedenti
1355 727 1597 780 oratione
1621 766 1637 792 ,
1671 739 1777 780 non

174 821 492 891 simpliciter
515 835 712 891 rogans
741 830 799 875 ut
825 818 1109 886 audiatur,
1152 817 1248 874 sed
1278 833 1402 873 cum
1431 833 1527 874 sua
1566 819 1778 873 attulis-

175 922 278 966 set.
301 912 555 977 Quaenam
578 921 760 966 autem
786 919 940 966 erant
960 910 1063 966 ea?
1083 909 1288 964 Lauobo
1310 926 1400 980 per
1417 910 1646 982 singulas
1688 927 1781 964 no-

174 1014 278 1058 ctes
304 1003 487 1058 lectum
513 1017 702 1066 meum,
735 1002 976 1073 laaymis
996 1001 1118 1056 meis
1138 1010 1352 1055 stratum
1383 1016 1549 1058 meum
1580 1001 1781 1071 rigabo;

176 1095 307 1150 illud
339 1113 352 1148 :
386 1093 640 1150 Laboravi
663 1095 718 1149 in
752 1095 943 1166 gemitu
967 1110 1076 1148 meo
1111 1091 1297 1164 (Psal.
1329 1091 1384 1148 6.
1419 1093 1520 1163 7);
1553 1091 1736 1147 ethoc
1764 1109 1779 1146 :

179 1184 441 1240 Discedite
467 1202 500 1237 a
531 1202 612 1240 me
630 1202 804 1240 omnes
829 1186 915 1255 qui
938 1185 1222 1254 operamini
1259 1183 1574 1253 iniquitatem
1616 1180 1778 1254 (Ibid.

175 1292 223 1331 v.
250 1278 344 1345 9);
375 1285 430 1332 et
455 1277 584 1331 illud
613 1294 628 1330 :
659 1273 1000 1332 Conturbatus
1035 1284 1111 1331 est
1152 1293 1184 1329 a
1210 1275 1385 1346 furore
1423 1275 1600 1330 oculus
1641 1291 1783 1330 meus

175 1365 352 1440 (tua.
386 1383 434 1422 υ.
466 1366 557 1440 8).

246 1462 306 1516 4.
329 1460 524 1516 Gratia:
550 1461 856 1516 conciliatio.
883 1460 1079 1517 Orandi
1102 1460 1460 1529 formulw.—
1482 1459 1610 1516 Haec
1635 1459 1781 1516 enim

175 1554 361 1608 omnia
385 1553 456 1608 ad
494 1554 658 1609 Deum
681 1553 1058 1608 attrahendum
1086 1552 1217 1608 satis
1255 1561 1382 1608 sunt
1410 1570 1424 1608 :
1456 1552 1633 1608 luctus
1654 1593 1669 1619 ,
1702 1552 1780 1606 la-

175 1660 408 1718 cryma.
436 1646 685 1716 gemitus,
720 1645 928 1700 resilire
958 1644 1026 1699 ab
1057 1644 1336 1714 improbis,
1365 1643 1588 1714 ejusque
1620 1644 1781 1714 pertio

179 1754 427 1796 tuescere
451 1745 508 1793 et
533 1738 755 1793 horrere
779 1738 1121 1792 sententiam.
1141 1735 1212 1792 Et
1241 1736 1366 1791 alibi
1397 1737 1568 1791 dixit:
1599 1735 1780 1792 Exau-

177 1833 309 1886 dioit
357 1829 497 1885 Deus
540 1829 794 1898 iustitiam
837 1844 1004 1882 meam
1034 1842 1054 1882 .'
1095 1829 1149 1881 in
1195 1827 1520 1882 tribulatione
1558 1829 1782 1883 dilatasti

178 1923 307 1976 mihi
336 1919 524 1994 (Psal.
553 1920 608 1975 4.
642 1921 668 1976 1
693 1919 735 1990 ).
768 1919 877 1975 tlac
903 1919 1049 1974 enim
1080 1919 1289 1974 ratione
1317 1917 1377 1972 tit
1396 1959 1411 1984 ,
1441 1927 1501 1973 ut
1526 1919 1784 1974 exaudia-

182 2030 303 2068 mur
333 2030 346 2066 :
379 2013 610 2083 primum
650 2013 866 2085 quidem
887 2053 902 2078 ,
935 2011 1080 2081 quod
1103 2011 1249 2083 digni
1285 2013 1455 2068 simus
1490 2013 1738 2083 accipere
1765 2030 1780 2080 ;

179 2103 414 2170 deinde,
465 2103 608 2174 quod
631 2119 700 2161 ex
744 2103 838 2160 Dei
869 2103 1076 2174 legibus
1108 2118 1365 2170 oremus;
1397 2104 1554 2160 tertio
1577 2146 1593 2172 ,
1639 2105 1782 2175 quod

179 2193 431 2259 assidue;
462 2205 688 2264 quarto,
721 2193 865 2265 quod
892 2193 1026 2248 nihil
1050 2203 1297 2264 petamus
1351 2209 1542 2250 eorum
1565 2209 1685 2266 qua:
1714 2194 1782 2249 ad

180 2285 320 2340 banc
346 2286 510 2340 vitam
545 2286 850 2356 pertinent;
877 2284 1082 2356 quinto,
1118 2285 1261 2355 quod
1302 2295 1547 2357 petamus
1573 2301 1635 2341 ea
1663 2301 1786 2357 quae

180 2385 305 2431 sunt
335 2371 526 2441 utilia;
557 2385 732 2442 sexto,
764 2377 908 2446 quod
936 2393 1056 2446 qua:
1086 2387 1270 2432 nostra
1300 2387 1425 2432 sunt
1448 2379 1626 2432 omnia
1655 2377 1786 2433 alle-

181 2483 385 2524 ramus.
420 2467 558 2523 Vide
578 2484 708 2539 ergo
737 2469 936 2524 multos
955 2511 970 2537 ,
1001 2471 1090 2540 qui
1113 2471 1191 2524 sic
1215 2471 1577 2527 exaudiuutur
1604 2490 1617 2525 :
1647 2471 1784 2527 Cor-

181 2557 409 2623 nelium,
432 2573 503 2612 ex
531 2558 636 2611 vita
661 2557 799 2630 (Act.
835 2559 923 2614 10.
945 2559 1005 2629 4)
1028 2577 1042 2624 ;
1069 2559 1537 2631 Syrophmnissam
1561 2605 1576 2630 ,
1603 2576 1670 2618 ex
1697 2576 1787 2616 as-

179 2649 438 2705 siduitate
480 2647 709 2721 (Matth.
756 2649 844 2706 15.
886 2648 1040 2721 28);
1090 2650 1471 2718 Salomouem,
1516 2667 1581 2707 ex
1623 2652 1825 2710 modo.

182 2739 459 2807 petitionis
489 2757 503 2792 :
537 2738 820 2809 Propterea
844 2740 989 2794 enim
1012 2781 1028 2805 ,
1073 2741 1274 2810 inqttit,
1300 2741 1437 2810 quod
1466 2758 1566 2795 non
1598 2743 1787 2811 petiisti

183 2830 428 2896 pecunias
453 2871 468 2893 ,
523 2845 681 2897 neque
717 2831 914 2883 animos
942 2830 1262 2884 inimicorum
1300 2839 1506 2884 tuorum
1532 2832 1625 2902 (3.
1653 2831 1786 2903 Reg.

183 2920 238 2973 3.
272 2918 418 2990 11);
469 2919 850 2987 publicanum,
893 2935 959 2974 ex
1005 2919 1488 2993 humilitate(Luc.
1529 2921 1618 2977 18.
1653 2923 1783 2992 14);

184 3009 319 3064 alios
357 3025 426 3064 ex
463 3009 570 3063 alia
621 3011 849 3066 ratione.
909 3009 1369 3077 Quemadmodum
1413 3027 1543 3083 ergo
1588 3028 1654 3068 ex
1704 3013 1788 3068 his

186 3099 504 3156 elliciturut
528 3101 832 3168 audiamur,
876 3101 948 3156 ita
977 3101 1139 3157 etiam
1181 3102 1286 3156 alia
1335 3103 1542 3159 ratione
1592 3103 1684 3170 ﬁt,
1729 3113 1790 3161 ut

183 3209 291 3248 non
331 3191 719 3260 exaudiantur,
772 3195 896 3250 licet
927 3193 1060 3263 justi
1098 3195 1242 3262 sint,
1291 3195 1379 3266 qui
1412 3205 1615 3266 petant.
1649 3196 1789 3263 Quid

181 3286 330 3341 enim
357 3283 456 3339 fuit
487 3285 650 3339 Paulo
693 3285 933 3355 justius?
975 3285 1082 3340 Sed
1133 3288 1385 3356 quoniam
1434 3287 1622 3357 petivit
1667 3303 1789 3358 quze

183 3386 342 3429 erant
369 3375 572 3430 inutilia
594 3417 608 3442 ,
638 3391 744 3429 non
779 3375 878 3430 fuit
902 3377 1203 3432 exauditus.
1240 3376 1344 3431 Pro
1372 3395 1449 3444 eo,
1481 3379 1682 3449 inquit,
1716 3391 1791 3434 ter

187 3462 465 3519 Dominum
495 3467 690 3536 rogavi,
716 3476 762 3519 et
791 3467 921 3519 dixit
949 3467 1074 3520 mihi
1104 3464 1339 3537 :Su/ﬁcit
1359 3469 1446 3522 tibi
1483 3472 1652 3541 gratia
1678 3489 1791 3525 mea

183 3556 284 3627 (2.
311 3557 430 3610 Cor.
462 3556 549 3611 l2.
573 3560 625 3612 8.
659 3557 753 3626 9).
782 3557 921 3624 Quid
965 3573 1177 3612 rursum
1222 3558 1368 3614 Mose
1397 3560 1636 3629 justius?
1682 3562 1790 3618 Sed

187 3662 291 3703 nec
330 3648 421 3703 ille
465 3648 751 3703 exauditus
791 3657 913 3714 est,
958 3648 1070 3706 Deo
1107 3650 1321 3706 dicente
1363 3669 1378 3706 :
1422 3652 1564 3708 Satis
1604 3655 1692 3707 tibi
1726 3656 1791 3709 sit

189 3739 384 3810 (Deut.
415 3740 470 3795 5.
497 3740 628 3810 26).
661 3739 793 3808 Quia
822 3740 965 3793 enim
997 3741 1219 3809 petebat
1259 3742 1464 3813 ingredi
1504 3745 1558 3798 in
1593 3753 1791 3800 terram

185 3831 594 3900 promissionis,
646 3829 749 3885 hoc
797 3841 976 3885 autem
1005 3842 1122 3885 erat
1150 3832 1341 3888 inutile
1371 3851 1384 3886 :
1416 3849 1521 3888 non
1550 3835 1794 3904 permisit

185 3924 354 3980 Deus.
379 3922 514 3978 Cum
563 3923 648 3978 bis
679 3924 842 3978 etiam
872 3922 1017 3978 aliud
1058 3933 1180 3991 est,
1215 3926 1359 3997 quod
1404 3926 1531 3981 facit
1577 3936 1636 3982 ut
1684 3945 1790 3985 non

183 4016 538 4073 exaudiamur
559 4057 573 4080 ,
614 4017 830 4086 quando
860 4017 912 4071 in
944 4017 1176 4088 peccatis
1222 4031 1636 4087 perseverantes
1663 4036 1791 4076 ora-

184 4123 331 4165 mus.
365 4109 518 4178 Quod
543 4110 706 4164 etiam
728 4109 796 4166 de
821 4109 1025 4166 Judaais
1052 4111 1189 4166 dixit
1214 4111 1356 4167 Deus
1379 4112 1628 4170 Jeremiae
1658 4133 1672 4169 :
1708 4115 1792 4171 Ne

181 4204 462 4267 deprecare
485 4220 578 4272 pro
605 4204 700 4257 hoc
728 4206 938 4274 populo.
971 4205 1051 4258 An
1076 4221 1176 4260 non
1210 4206 1348 4262 vides
1372 4209 1496 4274 quid
1524 4210 1577 4262 hi
1597 4211 1792 4280 faciunt

182 4292 336 4362 (Jer.
367 4294 420 4346 7.
456 4293 542 4348 16.
574 4295 636 4349 17
659 4295 676 4360 )
699 4294 723 4348 ?
750 4295 834 4350 Ab
860 4295 1132 4365 impietate
1157 4311 1262 4351 non
1288 4297 1625 4367 defecerunt,
1653 4311 1708 4356 et
1735 4312 1790 4357 tu

182 4383 348 4438 at'fers
370 4398 466 4453 pro
493 4385 573 4438 eis
595 4387 827 4454 preces?
856 4386 964 4441 Sed
990 4397 1040 4440 te
1067 4403 1173 4441 non
1203 4389 1508 4444 exaudiam.
1544 4392 1753 4448 Rursus
1770 4435 1786 4462 ,

183 4473 401 4544 quando
451 4483 638 4529 contra
683 4475 931 4531 inimicos
981 4478 1248 4547 petimus,
1296 4495 1403 4534 non
1452 4482 1627 4538 solum
1683 4500 1788 4539 non

182 4567 543 4631 exaudimur,
581 4567 675 4620 sed
725 4568 885 4621 etiam
935 4568 1228 4624 irritamus.
1281 4570 1378 4625 Est
1423 4575 1569 4628 enim
1616 4577 1790 4631 oratio

181 4656 636 4712 medicamentum
665 4675 678 4711 :
704 4657 800 4714 sed
821 4660 867 4713 si
897 4659 1202 4714 nesciamus
1246 4664 1520 4731 quomodo
1548 4666 1617 4720 sit
1636 4667 1792 4722 adhi-

180 4748 419 4804 bendum
445 4748 937 4816 medicamentum,
972 4752 1252 4807 utilitatem
1281 4769 1350 4808 ex
1378 4769 1446 4811 eo
1475 4773 1580 4811 non
1609 4761 1788 4828 capie-

180 4841 365 4893 mus‘.
404 4839 688 4896 Videamus
726 4856 857 4912 ergo
898 4841 1024 4912 quid
1073 4843 1159 4896 hic
1201 4845 1363 4900 etiam
1406 4861 1568 4903 orans
1612 4849 1738 4905 dicit
1772 4870 1785 4906 :

181 4928 401 4984 Domine
424 4929 558 4984 Deus
581 4947 740 4997 meus,
763 4933 808 4986 si
835 4934 928 5004 feci
952 4934 1104 4986 istud.
1124 4933 1261 5002 Quid
1280 4947 1382 5004 est,
1411 4939 1471 4992 Si
1493 4940 1590 5009 feci
1612 4942 1748 4995 istud
1763 4945 1789 4997 Ρ

177 5023 334 5091 Quod
363 5024 554 5092 patior,
589 5024 790 5093 inquit,
825 5025 870 5079 si
903 5027 1165 5080 insurrexi
1197 5029 1456 5085 achrsus
1483 5042 1712 5101 patrem,
1742 5036 1786 5090 si

176 5115 261 5169 sic
287 5131 373 5167 tne
405 5115 586 5184 inique
613 5117 775 5184 gessi.
804 5116 911 5172 Sed
943 5133 1012 5172 ne
1035 5118 1121 5172 hic
1150 5119 1365 5190 quidem
1392 5138 1514 5178 eum
1539 5126 1628 5196 qui
1661 5128 1785 5183 fecit

179 5206 432 5275 injuriam
453 5247 468 5269 ,
501 5207 818 5261 nominatim
845 5208 1026 5263 dicere
1053 5209 1106 5264 in
1146 5211 1387 5268 animum
1413 5215 1614 5270 inducit
1640 5259 1653 5281 ,
1688 5219 1782 5274 sed

180 5311 280 5366 pro
308 5296 420 5351 ﬁlio
446 5296 750 5360 erubescit,
797 5308 852 5352 et
884 5299 1086 5368 pudore
1126 5299 1376 5357 afficitur.
1423 5304 1786 5372 Quemadmo-

177 5387 306 5442 dum
335 5387 379 5441 si
407 5386 530 5457 quis
556 5387 637 5440 vir
665 5402 960 5457 generosus
992 5390 1179 5446 videns
1207 5408 1429 5448 uxorem
1457 5413 1605 5451 suant
1634 5400 1786 5455 adul-

179 5479 343 5534 terari
371 5520 384 5542 ,
438 5493 508 5532 ne
534 5479 846 5534 nominatim
872 5481 1088 5551 quidem
1119 5484 1236 5553 ejus
1286 5485 1538 5541 delictum
1575 5490 1626 5542 in
1666 5508 1782 5547 me-

177 5571 325 5626 diutn
356 5569 597 5636 proferre
622 5572 851 5626 sustinet
880 5589 895 5624 :
930 5572 1000 5626 ita
1028 5573 1118 5629 hic
1145 5576 1308 5631 etiam
1333 5594 1348 5643 ;
1383 5593 1490 5633 non
1521 5581 1653 5636 dixit
1681 5601 1695 5636 :
1725 5584 1781 5639 Si

175 5663 445 5721 insurrexi
470 5663 732 5719 adversus
755 5678 879 5721 eum
905 5666 993 5737 qui
1027 5669 1242 5738 genuit,
1291 5670 1336 5726 si
1365 5671 1435 5728 fui
1465 5675 1730 5744 parricida
1766 5697 1779 5732 :

247 5864 261 5890 ·
299 5867 400 5911 Duo
423 5867 550 5923 Mss,
569 5861 664 5914 vim
685 5863 816 5920 illius
835 5880 930 5921 non
951 5869 1278 5934 experiemur.

1890 543 2007 606 sed.
2040 544 2102 600 Si
2126 544 2225 615 feci
2250 543 2367 597 hoc.
2397 543 2463 598 Et
2487 542 2616 612 quid
2647 541 2750 597 hoc
2774 541 2918 606 dico,
2949 540 3164 610 inquit?
3186 537 3501 608 Cujusmodi

1888 637 2032 690 enim
2059 646 2142 691 est
2169 638 2370 701 virtus,
2406 650 2512 689 non
2539 635 2704 688 fuisse
2735 631 3055 703 parricidam
3083 673 3099 699 ,
3150 631 3293 702 quod
3320 645 3423 686 nec
3445 632 3502 684 in

1890 727 2020 784 feris
2043 729 2262 799 quidem
2287 729 2568 784 cernitur?
2588 727 2650 783 Si
2672 740 2745 782 est
2767 727 3004 797 iniquitas
3024 727 3078 780 in
3095 724 3328 780 manibus
3353 727 3501 780 meis.

1890 818 2009 874 Non
2038 821 2160 874 dico
2185 819 2253 875 de
2283 819 2384 873 hac
2432 819 2715 889 iniquitate
2775 836 2788 872 :
2838 815 2935 872 sed
2981 831 3082 871 nec
3127 816 3262 881 alia,
3309 813 3501 885 inquit,

1891 911 2195 967 invenietur
2213 926 2334 967 esse
2359 911 2411 965 itt
2436 911 2572 966 meis
2595 910 2844 965 manibus
2870 908 3143 978 iniquitas.
3170 908 3298 962 Haec
3320 915 3503 960 autem

1889 1004 2050 1070 dicit,
2096 1019 2204 1059 non
2224 1004 2463 1072 glorians
2484 1045 2501 1070 ,
2529 1019 2630 1058 nec
2656 1016 2717 1058 se
2750 1000 3034 1072 magnifice
3059 998 3326 1055 extollens
3351 1039 3364 1062 ,
3404 996 3504 1053 sed

1890 1113 2010 1168 qua:
2034 1112 2066 1151 a
2093 1112 2152 1152 se
2177 1105 2326 1152 recte
2358 1095 2498 1151 facta
2521 1105 2673 1150 erant
2702 1101 2924 1149 coactus
2946 1092 3151 1148 dicere.
3181 1089 3286 1146 Sed
3312 1103 3382 1145 ne
3402 1088 3507 1143 hoc

1889 1188 2108 1260 quidem
2135 1203 2388 1259 magnum
2414 1195 2531 1252 est,
2567 1187 2614 1242 si
2641 1185 2953 1241 conferatur
2997 1199 3119 1240 cum
3144 1197 3212 1238 eo
3247 1179 3392 1252 quod
3421 1187 3509 1236 est

1893 1280 2202 1335 dicendum.
2232 1278 2374 1345 Quid
2419 1278 2524 1334 hoc
2547 1286 2726 1332 autem
2755 1277 2886 1331 est?
2921 1276 2976 1332 5.
3032 1273 3095 1330 Si
3123 1271 3326 1328 reddidi
3352 1271 3506 1326 tetri-

1894 1370 2158 1426 (tuentibus
2181 1370 2309 1424 πιίΙιὶ
2337 1370 2496 1437 mala,
2520 1369 2709 1438 inquit.
2740 1355 3018 1422 Auentino
3041 1365 3329 1436 diligenter
3354 1380 3368 1418 :
3396 1378 3506 1418 non

1891 1470 1977 1518 est
2011 1461 2158 1518 enim
2187 1461 2406 1532 vulgare
2448 1459 2594 1531 quod
2643 1459 2859 1515 dicitur.
2912 1457 3238 1514 Prmclarum
3287 1455 3508 1527 quidem

1892 1565 1978 1613 est
2022 1554 2272 1626 iujuriam
2302 1569 2409 1609 non
2439 1552 2662 1618 facere;
2712 1553 2808 1608 sed
2849 1551 3022 1607 multo
3056 1549 3402 1622 pra-clarius,
3453 1556 3512 1603 ct

1892 1646 2150 1718 Sapientis
2174 1653 2258 1700 est
2297 1645 2500 1711 animi,
2555 1661 2664 1701 non
2711 1643 2899 1700 ulcisci
2929 1659 3052 1699 eum
3085 1642 3176 1714 qui
3205 1641 3333 1697 facit
3362 1639 3509 1709 inju-

1892 1739 2050 1797 riam.
2081 1738 2244 1810 Atqui
2272 1737 2378 1794 hoc
2401 1737 2620 1810 quidem
2652 1737 2738 1793 lex
2763 1720 3134 1800 concedebat,
3159 1734 3356 1804 jubens
3380 1746 3510 1787 ocn-

1892 1832 2004 1888 lum
2069 1845 2170 1904 pro
2217 1831 2415 1898 oculo,
2468 1837 2524 1885 et
2568 1830 2784 1886 dentem
2833 1844 2934 1899 pro
2978 1828 3144 1884 dente
3189 1824 3510 1882 exscindere

1893 1922 2078 1993 (Deut.
2108 1921 2197 1978 19.
2241 1920 2335 1992 2i)
2385 1939 2398 1976 :
2447 1937 2548 1976 nec
2578 1924 2662 1980 sic
2693 1920 2779 1975 lex
2802 1918 3205 1975 transiiiebatur
3231 1933 3244 1970 :
3274 1915 3369 1972 sed
3422 1915 3510 1970 hic

1896 2023 2045 2070 tanto
2069 2023 2186 2070 erat
2216 2013 2394 2069 studio
2421 2014 2702 2084 sapientiae
2749 2012 3005 2084 praeditus
3028 2052 3044 2076 ,
3087 2020 3144 2066 ut
3185 2026 3292 2064 non
3331 2009 3508 2064 solum

1894 2105 2067 2177 legem
2099 2120 2208 2160 non
2240 2104 2732 2176 transgrederetur,
2765 2103 2862 2160 sed
2897 2103 3060 2159 etiam
3091 2118 3158 2158 ex
3186 2101 3348 2156 nintia
3373 2116 3508 2172 qua-

1891 2197 2017 2251 daut
2083 2195 2414 2251 abundantia
2461 2211 2584 2250 eam
2625 2195 2786 2267 longe
2838 2203 3153 2264 superaret,
3199 2207 3265 2247 ac
3329 2206 3510 2247 scam-

1893 2297 2036 2344 mata
2069 2287 2143 2361 (a)
2173 2287 2486 2344 transiliret.
2530 2287 2651 2344 Non
2702 2287 2846 2344 enim
2888 2286 3230 2342 existimabat
3257 2284 3511 2340 sufﬁcere

1892 2380 1962 2435 ad
2035 2380 2322 2452 virtutem,
2405 2379 2508 2434 nisi
2565 2378 2730 2435 etiam
2785 2379 2938 2449 jussa
2991 2378 3152 2449 longo
3223 2377 3510 2432 intervallo

1893 2483 2195 2544 superaret.
2249 2468 2717 2542 Quemadmodum
2760 2470 2892 2527 fecit
2928 2473 3090 2527 etiam
3123 2470 3321 2526 Paulus
3346 2509 3362 2535 ,
3415 2468 3508 2541 qui

1893 2580 1962 2621 ex
2013 2564 2293 2635 evangelio
2353 2564 2645 2634 jubebatur
2690 2565 2912 2632 vivere,
2970 2574 3027 2619 et
3089 2579 3197 2619 non
3248 2563 3463 2618 vivebat
3489 2605 3504 2626 ,

1895 2655 1991 2712 sed
2019 2657 2140 2711 sine
2162 2664 2380 2726 sumptu
2409 2655 2738 2726 praedicabat
2767 2656 3108 2726 evangelium
3153 2656 3174 2727 (
3198 2657 3251 2709 t.
3283 2653 3402 2709 Cor.
3449 2653 3511 2709 9.

1897 2746 2092 2819 1ιο18)
2123 2766 2136 2802 :
2165 2748 2238 2802 ita
2292 2747 2454 2802 etiam
2493 2747 2684 2803 beatus
2711 2748 2877 2802 David
2896 2788 2912 2814 ,
2943 2763 3068 2804 cum
3091 2747 3176 2802 lex
3201 2747 3252 2801 ci
3285 2747 3509 2816 permit-

1903 2849 2041 2897 teret
2081 2840 2267 2894 ulcisci
2313 2839 2601 2905 inimicos,
2649 2854 2761 2894 non
2790 2854 2850 2894 se
2891 2838 3155 2893 continuit
3181 2837 3319 2891 intra
3367 2835 3511 2890 hunc

1897 2929 2139 2998 modum,
2173 2929 2268 2986 sed
2296 2945 2420 2985 eum
2443 2913 2792 3002 longe'etiant
2823 2931 3120 2999 superavit.
3166 2929 3212 2984 Α
3235 2927 3390 2984 nobis
3411 2943 3509 2982 au-

1899 3031 2006 3077 tem
2034 3022 2137 3077 hoc
2160 3036 2268 3077 non
2293 3022 2470 3078 solum
2497 3023 2750 3093 exigitur,
2778 3032 2972 3078 utnon
2999 3022 3384 3087 retribuamus,
3413 3021 3510 3075 sed

1897 3117 2058 3171 etiam
2094 3124 2153 3170 ut
2180 3114 2598 3171 benefaciamus.
2648 3114 2806 3170 Orate
2831 3116 2975 3172 enim
3000 3157 3016 3182 ,
3073 3115 3283 3185 inquit,
3330 3129 3422 3182 pro
3446 3116 3512 3168 iis

1896 3211 1986 3281 qui
2013 3226 2099 3264 vos
2124 3209 2412 3276 offendunt,
2442 3209 2719 3280 benefacite
2745 3210 2809 3266 iis
2836 3211 2925 3280 qui
2949 3225 3037 3265 vos
3058 3209 3276 3267 oderunt
3292 3207 3508 3282 (Matth.

1899 3301 1955 3356 5.
1984 3300 2100 3369 44).
2129 3300 2188 3355 In
2208 3299 2400 3354 °David
2431 3311 2612 3356 autem
2656 3315 2765 3356 nou
2787 3315 3008 3371 parvum
3036 3309 3120 3356 est
3148 3313 3256 3354 non
3287 3298 3508 3363 ulcisci,

1899 3392 1995 3448 sed
2022 3394 2181 3447 etiam
2229 3393 2399 3447 multo
2429 3401 2514 3448 est
2553 3392 2727 3462 majus
2801 3408 2964 3462 quam
3009 3393 3081 3447 sit
3120 3391 3254 3462 legis
3303 3407 3510 3462 prtece-

1901 3493 2071 3555 ptum.
2125 3483 2194 3538 Et.
2232 3484 2356 3540 ideo
2389 3483 2520 3538 dicit
2549 3502 2563 3538 :
2610 3483 2672 3539 Si
2699 3485 2794 3538 hoc
2819 3485 2950 3554 feci,
2997 3484 3041 3539 si
3073 3494 3145 3539 est
3174 3483 3415 3553 iniquitas
3458 3483 3511 3536 in

1901 3577 2136 3631 manibus
2161 3577 2285 3631 meis
2319 3593 2337 3630 :
2363 3578 2406 3631 si
2431 3577 2634 3631 reddidi
2672 3577 3061 3632 retribuentibus
3104 3579 3232 3631 mihi
3265 3577 3423 3632 mala.
3453 3575 3510 3632 In

1899 3668 2012 3722 filio
2055 3667 2199 3722 enim
2239 3667 2326 3722 vel
2356 3669 2469 3737 ipsa
2499 3677 2688 3723 natura
2717 3668 3073 3739 prohibebat;
3115 3669 3211 3724 sed
3249 3669 3293 3723 si
3332 3668 3466 3722 alios
3490 3710 3507 3732 ,

1901 3761 2090 3832 inquit,
2122 3761 2316 3831 injuria
2342 3762 2492 3818 aﬂeci
2513 3802 2528 3828 ,
2557 3762 2642 3817 vel
2668 3763 2828 3818 etiam
2860 3763 3003 3818 ultus
3037 3778 3181 3818 sum.
3210 3761 3511 3830 Quamnam

1900 3869 2029 3924 ergo
2071 3869 2170 3909 nos
2197 3855 2408 3909 veniam
2450 3869 2879 3925 consequemur,
2931 3864 2986 3909 et
3008 3869 3168 3923 quam
3222 3851 3511 3908 alferemus

1900 3945 2302 4001 excusationem
2321 3988 2337 4013 ,
2366 3946 2455 4016 qui
2483 3955 2605 4015 post
2628 3945 2827 4002 Christi
2852 3944 3142 4001 adventum
3175 3960 3280 3999 non
3315 3957 3510 4015 perve-

1899 4040 2078 4094 nimus
2106 4038 2175 4094 ad
2211 4054 2518 4096 mensuram
2546 4054 2766 4104 eorum,
2805 4037 2896 4110 qui
2928 4038 3174 4094 vivebant
3202 4039 3303 4094 sub
3329 4037 3510 4094 Veteri

1901 4131 2268 4199 Testamento,
2298 4128 2464 4202 idque
2481 4147 2604 4186 cum
2629 4147 2660 4186 a
2687 4132 2840 4187 nobis
2867 4131 3027 4202 longe
3056 4131 3261 4202 majora
3290 4132 3511 4203 exigan—

1901 4222 2027 4276 tur?
2058 4221 2178 4275 Nisi
2209 4228 2352 4277 enim
2382 4222 2734 4288 abundaverit,
2764 4221 2960 4292 inquit,
2977 4222 3183 4293 justitia
3207 4233 3372 4277 uestra
3393 4223 3510 4292 plus

1897 4328 2051 4381 quam
2089 4312 2494 4379 Pharisazarum,
2527 4329 2629 4366 non
2649 4313 2899 4368 iutrabitis
2940 4313 2994 4366 in
3028 4329 3239 4384 regnum
3259 4314 3505 4366 calorum

1899 4405 1919 4476 (
1945 4404 2079 4458 Ibid.
2121 4422 2170 4460 υ.
2204 4405 2276 4460 20
2307 4406 2350 4475 ),
2374 4405 2840 4474 Quemadmodum
2867 4406 3013 4461 enim
3042 4423 3151 4464 non
3175 4419 3258 4462 est
3286 4407 3509 4476 aequalis

1900 4496 1966 4563 is,
1997 4497 2085 4567 qui
2114 4512 2174 4552 se
2198 4499 2251 4550 itt
2274 4499 2389 4567 lege
2406 4507 2553 4552 recte
2581 4499 2739 4568 gerit,
2765 4498 2836 4562 ei,
2865 4497 2958 4568 qui
2984 4498 3035 4552 in
3061 4498 3249 4552 iisdem
3280 4513 3339 4552 se
3362 4508 3509 4553 recte

1897 4590 2063 4658 gessit
2092 4598 2216 4644 ante
2243 4591 2417 4658 legem
2446 4605 2464 4643 :
2493 4589 2566 4643 ita
2589 4605 2688 4645 nec
2716 4592 2810 4660 qui
2855 4592 2907 4645 in
2945 4591 3114 4661 gratia
3143 4590 3192 4645 ei
3218 4631 3235 4654 ,
3286 4590 3376 4659 qui
3407 4590 3508 4644 sub

1896 4680 2014 4752 lege
2038 4722 2053 4746 ,
2103 4681 2196 4736 sed
2225 4698 2291 4736 ex
2323 4690 2566 4752 tempore
2595 4697 2787 4752 magna
2827 4683 2981 4739 adest
3027 4682 3349 4738 differentia.
3394 4682 3507 4736 lloc

1896 4774 2188 4830 ostendens
2235 4775 2432 4830 Paulus
2468 4785 2524 4831 et
2550 4776 2603 4830 in
2629 4777 2760 4831 vitio
2787 4786 2843 4832 et
2872 4777 2924 4831 in
2955 4777 3186 4841 virtute,
3232 4778 3351 4832 vide
3373 4793 3508 4846 quo-

1896 4867 2058 4920 modo
2086 4867 2210 4921 illos
2235 4881 2450 4937 quoque
2495 4867 2668 4938 magis
2693 4867 3029 4936 admiratur,
3072 4876 3127 4923 et
3173 4870 3273 4923 hos
3316 4869 3506 4940 majori

1894 4960 2159 5030 supplicio
2187 4961 2377 5032 dignos
2403 4977 2524 5016 esse
2553 4961 2890 5032 pronuntiat,
2930 4964 3001 5018 ita
3023 4964 3210 5020 dicens
3240 4982 3254 5018 :
3286 4965 3504 5030 Quando

1895 5054 2026 5108 enim
2051 5063 2241 5125 gentes,
2273 5071 2386 5125 qua
2417 5054 2578 5126 legem
2605 5072 2708 5110 non
2733 5056 2916 5111 habent
2936 5099 2951 5125 ,
3000 5068 3183 5112 natura
3230 5074 3343 5128 qua:
3386 5067 3505 5113 sunt

1894 5146 2018 5216 legis
2050 5147 2278 5216 faciunt,
2316 5147 2354 5201 ii
2393 5147 2554 5218 legem
2596 5165 2699 5202 non
2739 5149 2980 5205 habentes
3017 5161 3136 5205 sunt
3171 5149 3395 5222 sibiipsis
3421 5151 3505 5206 lea:

1893 5242 2085 5312 (.‘iom.
2110 5242 2168 5297 ‘2.
2202 5243 2269 5297 M
2290 5244 2330 5312 ).

1965 5334 2020 5390 5.
2043 5333 2207 5389 Vides
2235 5334 2508 5405 quomodo
2533 5351 2626 5390 eos
2648 5377 2663 5401 ,
2693 5337 2781 5406 qui
2814 5336 2931 5392 sine
2975 5337 3094 5408 lege
3143 5352 3202 5392 se
3232 5347 3378 5393 recte
3405 5351 3502 5407 ge-

1891 5434 2048 5490 runt,
2074 5427 2257 5481 laudat
2303 5435 2356 5482 et
2385 5427 2683 5496 prmdicat?
2711 5428 2844 5484 Vide
2883 5444 3072 5484 rursus
3111 5430 3381 5499 quomodo
3407 5446 3502 5485 eos

1891 5519 2089 5582 etiam,
2119 5519 2208 5588 qui
2257 5527 2482 5589 peccant
2525 5520 2576 5573 in
2624 5522 2825 5590 gratia,
2854 5521 3092 5576 ostendit
3143 5536 3264 5577 esse
3307 5521 3502 5592 dignos

1953 5695 2031 5758 (a)
2065 5702 2501 5764 scammacampus
2524 5703 2650 5764 erat,
2676 5697 2822 5764 fossa,
2839 5704 2896 5748 ut
2919 5706 3135 5764 putatur,
3161 5699 3378 5764 undique
3400 5703 3502 5751 ciu-

1890 5756 2019 5827 etus,
2053 5759 2136 5806 ubi
2165 5756 2360 5819 pugiles
2384 5756 2437 5809 et
2473 5758 2675 5827 athleta:
2721 5756 3060 5820 decertabant,
3103 5756 3342 5827 ludosque
3382 5774 3502 5825 age-

1892 5820 2039 5888 bant;
2074 5826 2376 5888 eum_a_ute_m
2399 5822 2662 5884 pugnando
2701 5831 2961 5875 scantmata
2994 5820 3350 5888 tranSiltcbtint,
3385 5820 3499 5876 tunc

1891 5883 2103 5934 maxime
2122 5881 2521 5936 celebrabantur.
