4070 6430
586 385 652 439 87
1338 383 1395 436 S.
1435 376 1709 435 JOAN'NIS
1742 373 2211 433 CHRYSOSTOMI
2253 372 2571 429 ARCHIEP.
2610 368 3148 429 CONSTANTINOP.
3807 367 3882 422 83

582 501 765 570 majori
808 497 1068 569 supplicio
1098 496 1163 550 iis
1201 494 1288 564 qui
1321 501 1541 563 peccant
1567 494 1617 546 in
1650 492 1794 562 lege,
1826 491 1903 545 sic
1928 490 2152 544 dicens:

584 591 686 656 Qui
725 590 922 643 irritum
966 589 1081 660 fecit
1122 587 1279 656 legem
1309 583 1468 638 Hosis
1488 626 1503 651 ,
1528 584 1643 650 sine
1682 582 2027 637 misericordia
2065 582 2160 637 sub

583 683 778 735 duobus
804 680 882 732 uel
906 678 1061 731 tribus
1080 677 1282 730 testibus
1311 675 1521 729 moritur
1547 689 1568 731 :
1594 683 1780 745 quanto
1797 715 1814 741 ,
1842 670 2052 741 putatis,
2075 673 2163 726 de-

587 770 758 823 teriori
795 768 1045 839 supplicio
1089 767 1272 838 dignus
1313 764 1577 819 habebitur
1601 764 1904 835 quiFilittut
1920 761 2015 817 Dei
2037 778 2152 817 cou-

585 860 797 913 culcavit
817 899 831 923 ,
856 868 903 912 et
927 858 1218 929 sanguinem
1258 855 1538 929 testamenti
1576 870 1889 909 communem
1911 853 2153 907 existima-

588 953 655 1004 vit
685 950 865 1023 (Hebr.
898 950 985 1005 l0.
1013 949 1105 1005 28.
1125 947 1244 1019 29)?
1272 948 1336 1003 Et
1364 964 1564 1014 rursus,
1595 960 1690 1002 eos
1715 945 1806 1017 qui
1825 956 1947 1000 ante
1970 946 2164 1016 legem,

591 1042 658 1098 iis
675 1042 762 1112 qui
793 1042 845 1096 in
883 1042 1000 1112 lege
1028 1039 1341 1111 transgressi
1366 1048 1509 1106 sunt,
1555 1036 1747 1093 minori
1784 1035 2047 1107 supplicio
2086 1035 2169 1091 di-

590 1146 723 1204 gnos
745 1145 867 1188 esse
885 1132 1192 1198 ostendens,
1220 1132 1546 1200 Quicumque,
1572 1130 1762 1201 inquit,
1789 1128 1900 1182 sine
1921 1128 2029 1198 lege
2054 1143 2172 1197 pec-

591 1231 830 1277 caverunt
850 1262 867 1287 ,
898 1222 1005 1277 sine
1038 1222 1146 1293 lege
1192 1222 1420 1292 peribunt
1464 1219 1636 1293 (Rom.
1673 1219 1727 1275 Ξ.
1763 1218 1887 1289 12);
1918 1218 2019 1273 hoc
2045 1227 2167 1282 est,

594 1312 795 1377 mitius,
826 1320 884 1366 ut
907 1313 994 1383 qui
1026 1312 1195 1383 legem
1236 1326 1340 1367 non
1370 1310 1602 1366 habeant
1623 1308 2006 1366 accusatricem
2030 1349 2047 1375 ,
2074 1308 2171 1363 sed

594 1410 1065 1458 naturam-tantum
1091 1418 1105 1456 :
1136 1401 1450 1470 Quicumque
1473 1407 1638 1454 autem
1664 1400 1716 1453 in
1742 1400 1849 1472 lege
1876 1406 2170 1469 peccaram,

595 1508 686 1563 per
711 1491 869 1563 legem
876 1490 1267 1561 jadicabuntur;
1298 1491 1398 1546 hoc
1422 1501 1505 1547 est
1523 1531 1540 1559 ,
1569 1491 1824 1547 habentes
1874 1491 2173 1561 graviorem

597 1582 759 1637 etiam
785 1595 904 1636 eum
932 1590 1120 1636 natura
1148 1581 1320 1651 legem
1349 1582 1748 1637 accusatricem.
1790 1580 2033 1637 Decidam
2064 1596 2175 1634 me-

595 1672 697 1725 rito
716 1670 780 1724 ab
822 1672 1039 1725 inimicis
1079 1672 1202 1727 meis
1237 1673 1428 1726 inanis.
1473 1670 1527 1727 6.
1560 1670 1902 1746 Persequatur
1940 1674 2177 1728 inimicus

597 1763 820 1815 animant
863 1779 1025 1817 meam
1068 1771 1116 1816 et
1155 1763 1564 1834 comprehendat,
1595 1772 1644 1818 et
1670 1764 1927 1818 conculcet
1957 1765 2017 1818 iis
2042 1773 2178 1819 terra

597 1852 752 1905 vitam
793 1867 955 1905 mam
974 1894 991 1919 ,
1026 1862 1074 1906 et
1088 1851 1313 1922 gloriam
1354 1868 1516 1906 meam
1562 1853 1616 1908 in
1657 1851 1913 1924 pulverem
1937 1854 2174 1909 deducat.

607 1942 794 1997 Vidisti
821 1944 946 2012 justi
988 1942 1232 1997 fiduciam
1275 1951 1331 1999 et
1346 1944 1600 2013 optimam
1620 1943 2044 1999 conscientiam?
2066 1943 2179 1998 Nisi

600 2032 744 2087 enim
787 2033 943 2088 valde
979 2032 1081 2088 sibi
1127 2034 1466 2102 confidisset,
1499 2049 1607 2090 non
1646 2043 1786 2090 esset
1827 2034 1949 2089 talia
1978 2033 2181 2104 impre-

600 2133 770 2177 catus.

676 2213 1016 2270 Mansuetudo
1035 2215 1268 2271 Doridis.
1296 2214 1539 2284 —Quod
1566 2224 1744 2271 autem
1769 2215 1900 2273 dicit
1927 2225 2009 2273 est
2031 2215 2180 2287 ejus-

605 2304 749 2360 modi
780 2322 794 2359 :
818 2304 875 2360 Si
905 2306 1006 2361 feci
1036 2306 1282 2377 injurism
1301 2347 1317 2372 ,
1342 2307 1387 2362 si
1413 2322 1501 2362 me
1520 2308 1660 2363 ultus
1688 2321 1828 2373 sum,
1857 2306 1975 2362 haec
1997 2315 2054 2361 et
2092 2306 2182 2362 illa

601 2398 796 2468 patiar;
823 2398 876 2452 in
903 2400 1136 2468 seipsum
1162 2397 1267 2455 fert
1288 2399 1629 2463 sententiam,
1658 2408 1715 2455 et
1742 2415 1847 2455 non
1870 2398 2103 2469 postulat
2124 2406 2183 2453 ut

604 2502 703 2556 pro
723 2486 881 2542 modo
905 2488 983 2544 rei
998 2487 1291 2559 judicetur,
1318 2489 1427 2543 imo
1458 2488 1634 2559 potius
1660 2497 1717 2543 ut
1743 2503 1902 2559 supra
1931 2488 2180 2543 meritum

606 2579 719 2632 luat
764 2592 950 2649 ponas
978 2596 991 2633 :
1018 2588 1073 2635 et
1108 2579 1341 2650 seipsum
1389 2577 1562 2635 reddit
1599 2578 1673 2635 illi
1718 2578 1979 2651 supplicio
2014 2578 2185 2633 obno-

604 2667 751 2722 xium
771 2708 787 2732 ,
814 2682 845 2721 a
873 2681 982 2738 quo
1022 2670 1195 2738 ipsum
1224 2668 1308 2725 lex
1352 2668 1619 2740 prohibet.
1644 2667 1778 2723 Vide
1806 2677 1983 2723 autem
2009 2667 2183 2739 quod-
2220 2698 2223 2701 ν

603 2770 728 2811 nam
748 2757 820 2811 sit
846 2757 975 2813 illud
1006 2776 1021 2811 :
1048 2757 1322 2827 Decidam,
1349 2760 1551 2830 inquit,
1576 2759 1640 2813 ab
1667 2758 1883 2813 inimicis
1914 2764 2041 2813 meis
2072 2760 2186 2812 ina-

604 2849 705 2904 nis.
746 2848 1084 2918 Perseqaatar
1111 2848 1346 2905 inimicus
1388 2852 1611 2905 animam
1651 2865 1814 2904 meam
1837 2890 1852 2914 ,
1878 2859 1924 2904 et
1959 2865 2186 2919 compre-

604 2941 793 2996 hendat
810 2981 826 3007 ,
843 2950 906 2996 et
928 2942 1186 2996 conculcet
1220 2942 1275 2995 in
1304 2950 1436 2995 terra
1473 2941 1626 2994 vitam
1670 2956 1833 2994 meam
1850 2981 1866 3005 ,
1898 2949 1945 2994 et
1966 2941 2185 3010 gloriam

604 3048 769 3086 meam
792 3033 844 3087 in
869 3033 1123 3104 puluerem
1142 3032 1375 3087 deducat.
1407 3031 1521 3088 Hoc
1547 3041 1650 3098 est,
1679 3031 1761 3087 Me
1789 3032 2067 3103 inglorium
2087 3071 2103 3096 ,
2131 3040 2188 3087 et

606 3124 763 3180 bona:
787 3124 939 3180 famze
958 3133 1015 3181 et
1040 3122 1452 3179 existimationis
1478 3132 1754 3193 expertem
1780 3122 2003 3193 perdat,
2030 3130 2085 3175 et
2109 3120 2188 3175 si-

608 3213 722 3269 mul
750 3228 870 3269 cum
898 3214 1003 3269 vita
1048 3229 1169 3270 mea
1211 3230 1386 3269 meum
1424 3228 1635 3285 quoque
1663 3213 1887 3285 gloriam
1924 3213 2185 3267 destruat.

606 3304 745 3372 Quid
768 3314 873 3371 est,
896 3305 965 3361 Et
991 3307 1207 3378 gloriam
1248 3322 1411 3361 meam
1433 3308 1487 3361 in
1507 3308 1763 3375 pulverem
1785 3306 2049 3362 deducat?
2073 3306 2188 3361 Bu-

608 3397 798 3465 miliet,
825 3399 1100 3455 conculcet
1128 3414 1143 3451 :
1174 3398 1412 3466 Efficiar,
1445 3399 1635 3470 inquit,
1668 3399 1801 3455 meis
1831 3400 2062 3454 inimicis
2089 3414 2187 3455 ex-

608 3496 843 3558 pugnata
861 3487 1049 3544 facilis.
1071 3488 1208 3555 Quid
1232 3491 1401 3558 possit
1422 3505 1542 3545 esse
1562 3491 1828 3547 Absalone
1852 3491 2186 3557 sceleratius,

607 3581 700 3650 qui
725 3590 950 3651 patrem,
981 3591 1037 3637 et
1065 3583 1222 3638 talem
1246 3592 1471 3654 patrem,
1492 3584 1625 3640 adeo
1650 3592 1984 3640 mansuetum
2006 3593 2061 3639 et
2086 3585 2189 3638 mi-

608 3679 718 3725 tem
744 3673 1182 3743 persequebatur,
1213 3689 1335 3729 cum
1355 3683 1496 3730 esset
1515 3674 1829 3745 impudicus,
1864 3674 2109 3744 petulans
2137 3682 2193 3729 et

607 3762 1052 3818 contumeliosus?
1079 3763 1217 3832 Quid
1246 3765 1413 3834 ergo?
1438 3779 1562 3819 num
1590 3765 1823 3821 reddidit
1842 3766 2189 3821 retribuenti-

611 3850 714 3906 bus
753 3852 802 3907 ei
850 3853 989 3908 mala
1009 3856 1032 3906 ἲ
1053 3870 1177 3909 num
1208 3854 1427 3925 injurias
1450 3857 1717 3910 revocavit
1758 3857 1811 3909 in
1839 3856 2193 3911 memoriam?

612 3941 976 4013 Nequaquam.
1026 3944 1093 3998 Et
1122 3946 1167 3999 si
1210 3943 1601 4002 examinaveris
1644 3947 1820 4003 Saulis
1867 3948 2189 4015 historiam,

613 4039 741 4087 tunc
781 4033 1012 4088 maxime
1036 4033 1241 4090 videbis
1282 4035 1427 4091 illam
1454 4052 1641 4093 vocem
1674 4052 1794 4094 esse
1816 4038 2014 4093 claram
2040 4046 2094 4093 et
2125 4037 2192 4092 il-

612 4127 857 4181 lustrem.
887 4124 1022 4180 Cum
1050 4126 1190 4181 enim
1213 4142 1333 4182 eum
1354 4169 1370 4194 ,
1402 4128 1495 4199 qui
1520 4140 1638 4200 post
1658 4129 2064 4186 innumerabilia
2094 4132 2191 4186 be-

619 4216 806 4271 neficia
831 4256 849 4285 ,
884 4226 940 4271 et
982 4226 1214 4287 tropa-a,
1244 4228 1299 4274 et
1333 4222 1583 4277 victorias
1624 4222 1673 4277 ei
1723 4222 1971 4292 injuriam
2025 4223 2191 4279 facie-

616 4314 745 4374 bat,
795 4307 1015 4364 insidias
1064 4310 1346 4376 tendebat,
1394 4319 1451 4367 et
1500 4312 1734 4382 quotidie
1771 4313 2018 4383 cupiebat
2069 4329 2192 4369 cum

613 4402 683 4459 de
711 4398 887 4453 medio
913 4397 1099 4454 tollere
1120 4440 1137 4467 ,
1167 4402 1333 4455 semel
1357 4442 1373 4467 ,
1400 4402 1503 4467 bis,
1532 4410 1629 4467 ter,
1660 4412 1714 4458 et
1747 4419 1893 4473 saepe
1923 4403 2194 4460 dormien-

616 4500 725 4545 tem
748 4531 763 4555 ,
786 4501 839 4547 et
861 4501 1125 4562 tamquam
1154 4494 1204 4547 in
1234 4506 1449 4549 carcere
1486 4494 1766 4562 inclusum,
1798 4506 1853 4550 et
1880 4495 2196 4551 satellitibus
2236 4558 2241 4561 _

624 4582 932 4636 destitutum
960 4583 1013 4637 in
1042 4598 1230 4639 manus
1254 4587 1580 4654 accepisset,
1605 4586 1863 4656 multique
1888 4601 2010 4641 eum
2036 4587 2193 4656 jube-

622 4680 744 4727 rent
781 4672 1021 4730 occidere
1065 4688 1119 4729 et
1148 4675 1215 4731 de
1261 4676 1440 4731 medio
1488 4678 1700 4744 tollere,
1746 4678 1795 4732 ei
1837 4679 2111 4748 pepercit,
2144 4688 2197 4733 et

622 4767 753 4818 iram
782 4765 796 4795 ⁸
826 4765 983 4831 vicit,
1025 4764 1181 4835 idque
1210 4781 1328 4820 cum
1358 4769 1519 4822 sciret
1553 4781 1642 4833 se,
1674 4769 1720 4822 si
1758 4783 1878 4823 cum
1906 4768 2201 4824 dimitteret

623 4854 867 4921 hostem,
895 4867 949 4912 et
995 4858 1485 4913 irreconciliabilem
1533 4859 1803 4915 inimicum
1849 4876 1972 4916 esse
2014 4862 2199 4917 dimis-

621 4962 824 5000 surum.
869 4947 975 5003 Sed
1025 4959 1199 5003 tamen
1243 4965 1417 5019 neque.
1460 4952 1719 5006 memoria
1767 4952 2195 5021 praeteritorum,

624 5058 723 5095 uec
749 5050 922 5097 metus
952 5040 1250 5096 futurorum
1274 5082 1290 5109 ,
1318 5059 1493 5113 neque
1522 5045 1685 5099 ullum
1720 5047 1860 5100 aliud
1892 5046 2153 5117 ejusmodi
2178 5088 2194 5114 ,

624 5150 746 5186 eum
794 5133 859 5185 ad
904 5133 1046 5186 illam
1089 5134 1289 5189 caedem
1328 5136 1641 5205 patrandam
1689 5137 1940 5207 impulit:
1971 5137 2065 5191 sed
2108 5152 2196 5191 sa-

625 5225 826 5293 pit-mia
862 5240 988 5278 usus
1012 5233 1123 5290 est,
1150 5240 1366 5280 manum
1392 5228 1688 5293 continuit,
1720 5236 1775 5282 et
1800 5228 1931 5281 iram
1955 5227 2197 5283 refrena-

628 5318 734 5379 vit,
788 5316 1074 5385 maluitquc
1118 5319 1406 5387 periculum
1445 5320 1626 5387 adire,
1672 5320 1879 5375 insidiis
1924 5322 2136 5391 appeti,
2168 5337 2199 5377 a

628 5408 794 5478 patria
848 5417 900 5461 et
948 5409 1193 5464 libertate
1240 5412 1519 5477 excidere,
1564 5428 1721 5483 quam
1765 5414 2079 5479 inimicum,
2110 5414 2199 5482 qui

627 5501 767 5552 nulla
797 5500 863 5554 de
889 5515 1043 5555 causa
1073 5502 1121 5556 ei
1144 5503 1489 5559 insidiabatur
1516 5546 1531 5570 ,
1570 5505 1659 5574 qui
1690 5514 1809 5575 post
1841 5503 2203 5560 innumerabi-

629 5590 693 5643 lia
738 5591 991 5645 beneficia
1027 5593 1075 5647 ci
1127 5603 1351 5649 mortem
1390 5596 1726 5665 moliebatur,
1769 5598 2013 5654 occidere
2054 5607 2106 5653 et
2130 5596 2199 5652 de

690 5766 705 5797 ι
744 5772 839 5813 Dim
861 5772 985 5827 nam,
1012 5769 1324 5826 desiderium.
1350 5784 1452 5833 pro,
1477 5772 1618 5824 iram.

2270 485 2449 541 medio
2475 484 2686 539 tollere.
2723 483 2797 538 Es
2822 484 3000 538 multis
3020 497 3232 552 quoque
3262 482 3378 536 aliis
3406 492 3581 551 potest
3607 483 3878 552 cognoui

2268 574 2621 647 philosophus
2647 574 2764 643 ejus
2804 575 3013 628 animus
3039 593 3052 627 :
3077 583 3134 629 et
3180 573 3300 628 ideo
3341 574 3506 628 multa
3532 574 3633 629 sibi
3662 575 3883 645 impre-

2266 675 2441 731 catur,
2473 680 2640 735 eaque
2667 664 2847 734 gravia
2873 679 2936 719 ac
2958 663 3221 729 difﬁcilia,
3252 674 3307 718 ut
3336 679 3398 720 re
3427 664 3619 719 infecta
3652 665 3875 727 redeat,

2268 766 2328 812 ut
2366 757 2567 813 inimici
2602 756 2684 811 sui
2714 756 2823 810 sint
2849 755 3070 809 omnino
3116 756 3379 820 victores,
3408 764 3466 810 ut
3487 756 3755 810 moriatur
3788 756 3881 809 in-

2268 847 2510 917 glorius,
2540 853 2602 901 ut
2648 845 2749 901 hoc
2796 846 3030 917 patiatur
3068 845 3139 899 ab
3185 846 3450 913 inimicis,
3488 846 3631 915 quod
3657 846 3887 902 videtur

2271 953 2393 995 esse
2416 948 2591 995 morte
2612 939 2784 994 multo
2811 939 3066 1010 gravius;
3094 937 3215 993 ideo
3243 935 3373 991 nihil
3398 950 3505 991 non
3535 938 3786 1004 molitur,
3820 950 3885 991 ut

2272 1038 2396 1101 post
2438 1040 2663 1086 mortem
2704 1031 2875 1101 possit
2917 1029 3036 1101 ejus
3079 1044 3365 1100 superesse
3408 1030 3692 1084 memoria.
3737 1029 3888 1084 Vide

2273 1121 2434 1193 igitur
2459 1130 2588 1192 quot
2616 1121 2719 1176 sibi
2749 1123 3077 1192 imprecatur
3106 1139 3119 1175 :
3154 1130 3210 1175 ut
3240 1121 3433 1175 frustra
3464 1120 3694 1186 laboret,
3720 1130 3787 1176 ut
3812 1122 3890 1173 ab

2275 1212 2505 1267 inimicis
2538 1213 2798 1279 vincatur,
2832 1223 2889 1266 ut
2932 1213 3214 1277 moriatur,
3242 1220 3302 1265 ut
3344 1226 3413 1266 ne
3450 1220 3621 1265 morte
3648 1210 3885 1280 quidem

2274 1304 2577 1370 communi,
2607 1315 2667 1357 ut
2704 1304 2822 1373 ejus
2848 1304 3010 1358 etiam
3064 1302 3322 1357 memoria
3353 1300 3617 1367 deleatur,
3645 1310 3704 1354 ut
3748 1315 3884 1355 cum

2276 1396 2566 1466 ignominia
2600 1412 2615 1450 :
2646 1410 2752 1450 nun
2795 1404 2872 1449 tot
2913 1405 2967 1449 et
2993 1402 3140 1448 tanta
3171 1393 3273 1447 sibi
3315 1391 3745 1462 imprecaturus,
3772 1392 3885 1445 nisi

2276 1487 2619 1544 conscientia
2644 1489 2989 1543 vehementer
3026 1485 3344 1541 confideret.
3385 1484 3526 1551 Quot
3568 1484 3613 1538 si
3646 1483 3721 1537 illi
3760 1492 3889 1539 erat

2279 1579 2555 1645 inimicus,
2584 1593 2690 1634 non
2727 1586 2903 1647 potest
2941 1579 2992 1633 in
3036 1592 3158 1632 eum
3201 1576 3359 1646 culpa
3399 1574 3667 1643 conferri;
3690 1589 3883 1644 neque

2280 1672 2423 1728 enim
2453 1672 2567 1742 ipse
2584 1672 2814 1741 pra-ltuit
2848 1670 3213 1726 occasionem.
3244 1668 3416 1736 Quam
3436 1667 3581 1722 enim
3608 1652 3767 1722 dedit
3815 1667 3884 1719 fi-

2282 1762 2355 1818 lio
2377 1762 2712 1818 occasionem
2731 1761 2807 1832 (2.
2833 1762 2960 1833 Reg.
3002 1762 3091 1817 η.
3120 1762 3213 1816 2|.
3236 1770 3287 1815 et
3311 1759 3480 1832 sqq.)?
3499 1774 3659 1831 quam
3692 1759 3891 1814 Sauli?

2281 1853 2398 1910 Non
2452 1854 2601 1909 illum
2627 1896 2643 1922 ,
2679 1869 2800 1909 cum
2828 1865 3000 1909 morte
3028 1852 3187 1923 digna
3227 1851 3476 1915 fecisset,
3530 1851 3598 1905 ad
3664 1860 3890 1921 tempus

2283 1947 2598 2018 castigatum
2641 1946 2854 2002 reduxit
2891 1954 2946 2001 et
2970 1944 3203 2000 restituit
3234 1961 3247 1998 :
3276 1943 3418 1998 hunc
3442 1952 3622 1999 autem
3646 1953 3890 1998 mortem

2282 2039 2334 2095 ei
2362 2038 2754 2094 machinantem
2777 2078 2793 2102 ,
2818 2039 2871 2092 in
2894 2050 3082 2091 manus
3100 2050 3226 2091 suas
3268 2049 3414 2106 stupe
3451 2034 3731 2104 delapsum
3760 2049 3891 2089 ser-

2283 2133 2427 2187 vavit
2473 2130 2548 2205 (l.
2578 2130 2829 2203 Reg.‘24.
2858 2130 2949 2201 7).
2992 2129 3110 2185 Non
3143 2142 3274 2199 ergo
3299 2127 3509 2198 respice
3535 2141 3603 2180 an
3631 2127 3895 2184 inimicos

2286 2221 2564 2289 habuerit,
2590 2221 2684 2277 sed
2720 2236 2789 2276 an
2830 2235 2924 2276 eos
2965 2220 3081 2290 ipse
3123 2220 3225 2275 sibi
3256 2218 3462 2275 fecerit.
3509 2216 3693 2288 Neque
3732 2218 3891 2273 enim

2287 2313 2531 2369 Christus
2573 2313 2676 2369 hoc
2713 2312 2911 2383 jussit,
2950 2326 3052 2366 nos
3089 2326 3196 2366 non
3244 2309 3444 2365 habere
3474 2309 3756 2375 inimicos,
3785 2309 3891 2364 sed

2287 2419 2395 2460 non
2424 2405 2640 2459 odisse:
2667 2404 2769 2459 hoc
2793 2404 2991 2474 quippe
3028 2411 3111 2458 est
3137 2404 3188 2456 in
3215 2410 3397 2456 nostra
3422 2407 3688 2470 potestate
3706 2441 3719 2464 ,
3750 2399 3890 2453 illud

2293 2508 2416 2548 vero
2462 2492 2700 2548 minime.
2731 2492 2812 2549 Ne
2852 2502 3030 2547 autem
3060 2491 3177 2546 sine
3221 2504 3385 2546 causa
3406 2489 3534 2544 odio
3560 2488 3888 2552 habcsinnr,

2287 2597 2397 2638 non
2434 2592 2520 2638 est
2544 2583 2596 2637 in
2645 2592 2826 2638 nostra
2863 2590 3127 2652 potestate
3149 2621 3165 2643 ,
3192 2580 3285 2635 sed
3314 2580 3366 2634 in
3397 2594 3583 2633 eorum
3612 2582 3705 2649 qui
3751 2578 3891 2633 ode—

2289 2683 2434 2730 runt.
2485 2673 2714 2745 Improbi
2757 2675 2902 2729 extim
2949 2672 3119 2727 bonos
3166 2671 3309 2725 nulla
3358 2673 3580 2725 omnino
3622 2670 3691 2725 de
3719 2685 3891 2725 causa

2289 2767 2471 2821 odisse
2509 2778 2861 2819 consuevere.
2912 2762 3122 2818 Etenim
3170 2761 3441 2815 Christum
3495 2776 3709 2831 quoque
3763 2761 3892 2816 sine

2288 2873 2446 2915 causa
2473 2858 2600 2913 odio
2627 2857 2948 2922 habuerunt,
2977 2851 3425 2926 quemadmodum
3448 2853 3578 2907 dicit
3606 2870 3621 2906 :
3650 2851 3893 2907 Oderunt

2291 2964 2372 3002 me
2413 2948 2571 3018 gratis
2600 2945 2778 3017 (Joau.
2808 2947 2896 3002 15.
2926 2944 3041 3016 25).
3073 2945 3141 2999 Et
3178 2942 3408 3013 apostoli
3446 2941 3751 2997 habuerunt
3782 2942 3893 2996 iul-

2294 3034 3009 3106 micoslpseuduapostolos,
3051 3044 3107 3090 et
3148 3031 3422 3105 propheta:
3452 3032 3614 3087 falsos
3641 3031 3891 3104 prophe-

2294 3135 2394 3185 tas.
2420 3125 2535 3181 Non
2556 3134 2639 3181 est
2661 3126 2805 3181 enim
2828 3125 2931 3179 hoc
2959 3123 3333 3195 spectandum,
3365 3133 3424 3177 ut
3457 3138 3563 3177 non
3592 3122 3896 3177 habeamus

2294 3218 2539 3272 inimicos
2558 3258 2573 3283 ,
2602 3216 2696 3272 sed
2716 3232 2789 3273 ne
2806 3216 2968 3287 juste,
3000 3225 3055 3271 et
3080 3231 3148 3270 ne
3176 3229 3297 3271 cum
3325 3228 3516 3280 causa;
3548 3223 3710 3285 atque
3732 3224 3788 3269 ut
3822 3214 3893 3269 li-

2292 3319 2380 3365 cet
2407 3308 2602 3365 millies
2627 3309 2753 3364 odio
2792 3308 3103 3374 habeamur,
3136 3321 3246 3361 non
3270 3305 3564 3360 habeamus
3601 3304 3770 3371 odio,
3796 3322 3897 3361 nc-

2295 3418 2399 3473 que
2428 3416 2738 3457 aversemur
2766 3419 2781 3454 :
2814 3401 2865 3455 in
2895 3399 2999 3455 hoc
3034 3400 3178 3455 enim
3221 3397 3512 3453 inimicitia
3555 3398 3897 3465 consistunt,

2296 3502 2356 3549 ut
2394 3492 2520 3547 odio
2559 3493 2849 3548 habeamus
2865 3533 2881 3557 ,
2905 3500 2962 3546 et
3001 3505 3332 3547 sverscmur.
3357 3487 3579 3556 Quando
3604 3502 3737 3557 ergo
3763 3488 3899 3545 odio

2295 3582 2519 3651 habeor,
2547 3592 2602 3638 et
2639 3582 2764 3638 odio
2808 3596 2917 3636 non
2945 3580 3146 3644 habeo,
3174 3579 3263 3633 ille
3304 3593 3394 3633 me
3440 3578 3712 3633 inimicum
3737 3620 3753 3643 ,
3781 3593 3899 3634 non

2295 3689 2396 3745 ego
2434 3690 2557 3729 eum
2588 3674 2780 3730 habeo.
2819 3671 3046 3740 Quando
3082 3670 3133 3726 ei
3176 3670 3314 3725 bene
3359 3683 3575 3739 precor,
3600 3667 3819 3739 quando
3842 3670 3897 3725 ei

2294 3768 2418 3821 volo
2474 3765 2823 3831 benefacere,
2853 3762 3123 3834 quomodo
3170 3776 3273 3830 ego
3301 3759 3376 3814 illi
3417 3773 3534 3814 sum
3587 3759 3896 3814 inimicus?

2302 3856 2589 3922 f’rOpterea
2632 3854 2843 3908 dicebat
2886 3851 3082 3907 Paulus
3115 3849 3215 3905 :Si
3247 3848 3484 3919 possibile
3520 3858 3592 3902 est
3617 3888 3633 3912 ,
3657 3859 3712 3901 ut
3735 3858 3812 3901 est
3840 3848 3899 3901 iu

2298 3945 2455 4011 nobis,
2484 3944 2852 3999 cumomuibns
2894 3940 3179 3996 hominibus
3228 3955 3404 4008 pacem
3442 3938 3678 3993 habentes
3706 3938 3896 4008 (Rom.

2301 4035 2389 4089 ts.
2424 4036 2530 4104 t8).

2369 4126 2423 4181 6.
2453 4123 2658 4179 Inimici
2682 4124 2935 4195 quomodo
2964 4120 3502 4193 placandi.-—Nostra
3533 4134 3665 4190 ergo
3696 4118 3898 4174 affera-

2299 4231 2439 4283 mus,
2466 4228 2520 4273 et
2543 4233 2608 4271 ex
2638 4217 2741 4271 hoc
2779 4216 2895 4285 ipso
2924 4214 3278 4276 sufficientem
3326 4212 3534 4266 lauilcm
3571 4212 3895 4266 referemus.

2299 4296 2554 4374 Quaenam
2596 4314 2722 4361 sunt
2771 4316 2951 4360 autem
3004 4304 3222 4359 nostra?
3265 4301 3332 4358 Ut
3359 4301 3510 4357 verbi
3556 4301 3724 4371 gratia
3758 4301 3899 4358 :hic

2299 4400 2425 4453 odio
2448 4409 2499 4451 te
2522 4397 2685 4452 habet
2704 4437 2719 4460 ,
2748 4406 2803 4451 et
2833 4396 3145 4465 impugnat?
3174 4394 3255 4449 Tu
3284 4408 3402 4447 ama
3423 4433 3437 4456 ,
3466 4399 3522 4447 et
3545 4407 3665 4448 eum
3688 4392 3902 4447 benefi-

2301 4491 2386 4545 cio
2420 4488 2595 4543 aflice.
2629 4488 2843 4543 Probris
2867 4496 2924 4542 et
2950 4486 3251 4542 maledictis
3280 4484 3528 4557 appetit?
3555 4483 3635 4539 Tu
3664 4484 3899 4541 bcuedic

2302 4578 2358 4639 et
2380 4583 2556 4637 lauda.
2581 4581 2687 4637 Sed
2714 4596 2780 4636 ne
2808 4581 2885 4635 sic
2908 4580 3122 4650 quidem
3162 4577 3326 4633 solvit
3352 4576 3697 4631 inimicitias?
3725 4576 3898 4646 διεδ,Ῑο⁴

2305 4689 2418 4727 rem
2452 4674 2611 4741 igitur
2637 4670 2727 4725 tibi
2755 4670 2911 4725 affert
2939 4670 3265 4724 mercedem.
3291 4667 3410 4721 Mali
3436 4667 3580 4722 enim
3603 4708 3617 4732 ,
3639 4681 3746 4737 quo
3772 4682 3900 4720 mas

2303 4765 2383 4835 gis
2412 4781 2441 4817 a
2466 4764 2621 4818 nobis
2657 4761 2923 4816 observati
2949 4760 3185 4814 libellum
3222 4759 3410 4812 nolunt
3435 4771 3759 4827 compellere
3779 4796 3795 4819 ,
3829 4772 3901 4811 co

2305 4854 2457 4908 nobis
2485 4852 2898 4922 Splendidiorem
2943 4850 3427 4904 remunerationem
3459 4857 3775 4917 comparant
3795 4889 3810 4911 ,
3843 4858 3902 4903 et

2305 4958 2365 4998 se
2384 4943 2610 4999 reddunt
2662 4941 3056 4996 imbecilliores.
3105 4941 3206 5009 Qui
3256 4940 3398 4994 enim
3442 4938 3567 4992 odio
3604 4937 3795 5001 habet,
3842 4949 3902 4991 et

2305 5050 2411 5089 non
2440 5034 2837 5100 reconciliatur,
2871 5033 3150 5102 liquescit,
3186 5032 3409 5086 tabescit
3432 5073 3445 5094 ,
3477 5043 3530 5085 et
3558 5031 3612 5084 in
3636 5043 3901 5099 perpetuo

2304 5125 2448 5181 bello
2485 5134 2764 5178 versatur:
2789 5124 2877 5193 qui
2915 5132 2995 5178 est
3025 5135 3199 5177 autem
3239 5122 3320 5175 his
3354 5120 3474 5175 telis
3498 5106 3761 5190 superior,
3791 5128 3903 5175 stat

2305 5223 2545 5271 remotus
2591 5230 2622 5268 a
2668 5204 2873 5283 magnis
2922 5211 3367 5281 tempestatibus,
3417 5219 3472 5263 et
3522 5209 3726 5277 sibiipsi
3772 5218 3902 5265 ante

2307 5309 2453 5363 illum
2480 5308 2711 5361 maxime
2734 5306 2964 5375 prodeSt,
2999 5304 3121 5358 dum
3147 5302 3325 5357 studet
3346 5303 3421 5356 illi
3450 5301 3821 5365 reconciliari,
3845 5310 3904 5357 et

2308 5414 2412 5452 non
2440 5414 2558 5452 cum
2577 5412 2643 5451 eo
2671 5396 2867 5450 bellum
2891 5410 3075 5465 gerere
3094 5433 3109 5461 ,
3137 5394 3371 5462 scipsum
3412 5408 3441 5444 a
3474 5392 3617 5446 bello
3645 5403 3700 5447 et
3726 5407 3903 5461 pugna

2291 5489 2558 5542 liberans.
2585 5486 2873 5556 Fugiamus
2906 5500 3033 5555 ergo
3065 5500 3185 5538 cum
3212 5484 3332 5538 aliis
3360 5484 3557 5539 bellum
3586 5498 3776 5553 gerere
3797 5524 3812 5549 ,
3841 5491 3902 5540 et

2308 5580 2611 5650 hujusmodi
2643 5594 2819 5633 rerum
2847 5578 3076 5631 radicem
3107 5577 3173 5632 de
3208 5574 3385 5630 medio
3411 5575 3678 5637 tollamus,
3702 5589 3898 5628 vanam

2307 5675 2527 5745 gloriam
2548 5711 2565 5739 ,
2595 5681 2649 5727 et
2672 5672 2966 5727 avaritiam.
2998 5670 3092 5723 Vel
3114 5670 3257 5724 enim
3286 5676 3503 5738 propter
3531 5668 3781 5736 pecunias
3820 5678 3902 5721 est

2312 5765 2552 5821 inimicus
2578 5764 2838 5834 quispiam
2866 5804 2881 5827 ,
2908 5761 2990 5816 vel
3020 5771 3236 5830 propter
3267 5774 3453 5815 vanam
3476 5758 3719 5831 gloriam.
3748 5757 3928 5826 Quod,
