4070 6448
230 381 295 436 31
1412 360 1779 420 EXPOSITIO
1816 362 1827 417 1

1935 360 2255 416 PSALMUM
2293 360 2385 415 vn
3449 338 3526 394 83

226 495 465 548 δείκνυσι
487 492 594 545 τῶν
616 493 674 545 ἐν
702 489 780 561 τῷ
810 490 962 561 νόμῳ
983 485 1414 556 διαμαρτόντων,
1436 482 1581 535 οὕτω
1609 480 1783 549 λέγων
1801 495 1814 509 ⁸

242 585 571 654 Ἀθετήσας
604 600 695 650 τις
725 583 918 651 νόμον
940 576 1260 644 Μωῦσέως,
1291 575 1473 645 χωρίς
1504 568 1825 641 οἰκτιρμῶν

226 677 329 733 ἐπὶ
363 676 548 732 δυσίν
578 675 618 744 ἢ
668 676 829 747 τρισί
849 673 1157 743 μάρτυσιν
1185 666 1559 735 ἀποθνήσκει
1585 683 1599 698 ο
1629 665 1823 728 πόσῳ,

227 768 480 833 δοκεῖτε,
505 768 783 836 χείρονος
798 764 1200 830 ἀξιωθήσεται
1214 758 1495 830 τιμωρίας
1509 760 1542 812 ό
1556 756 1665 811 τὸν
1688 756 1827 809 Υίὸν

228 861 339 915 τοῦ
370 858 520 915 Θεοῦ
542 856 1000 923 καταπατήσας,
1022 855 1122 909 καί
1147 853 1214 907 τὸ
1240 847 1386 922 αἷμα
1400 850 1512 919 τῆς
1532 847 1828 915 διαθήκης

226 950 443 1004 κοινόν
473 949 904 1020 ήγησάμενος;
930 946 1041 1001 Kal
1061 944 1225 999 πάλιν
1254 943 1382 1006 τοὺς
1411 940 1519 1012 πρὸ
1532 938 1627 994 τοῦ
1659 937 1827 1008 νόμου

230 1043 517 1105 ἐλάττονος
551 1040 769 1104 δεικνὺς
797 1038 1073 1111 τιμωρίας
1100 1036 1285 1102 ἀξίους
1308 1034 1469 1097 ὄντας
1514 1033 1620 1086 τῶν
1648 1032 1705 1085 ἐν
1747 1028 1826 1101 τῷ

226 1135 380 1205 νόμῳ
433 1133 827 1204 παραϐάντων,
878 1130 1046 1185 Ὅσοι
1071 1168 1086 1194 ,
1124 1129 1310 1198 φησὶν.
1354 1124 1591 1194 ἀνόμως
1628 1122 1820 1192 ἥμαρ-

226 1242 358 1288 τον,
409 1225 648 1293 ἀνόμως
694 1222 794 1277 καί
848 1220 1266 1277 ἀπολοῦνται·
1309 1216 1619 1280 τουτέστιν,
1679 1216 1822 1285 ἡμε-

230 1313 486 1387 ρώτερον,
538 1314 639 1367 οὐκ
687 1313 901 1384 ἔχοντες
950 1314 1043 1367 τὸν
1090 1311 1256 1381 νόμον
1306 1311 1647 1380 κατήγορον,
1683 1304 1822 1361 ἀλλά

226 1408 329 1475 τὴν
385 1405 549 1475 φύσιν
604 1406 799 1476 μόνον·
856 1408 1025 1459 Ὅσοι
1084 1403 1153 1457 δὲ
1199 1404 1273 1457 ἐν
1321 1402 1484 1471 νόμῳ
1533 1399 1821 1469 ἥμαρτον,

227 1497 329 1550 διὰ
391 1498 578 1566 νόμου
638 1497 1067 1566 κριθήσονται·
1131 1494 1409 1555 τουτέστι,
1486 1490 1821 1561 βαρύτερον,

227 1588 448 1657 ἔχοντες
481 1587 619 1657 μετά
662 1588 759 1658 τῆς
796 1586 1014 1657 φύσεως
1060 1585 1275 1639 καὶτὸν
1314 1584 1476 1654 νόμον
1506 1580 1621 1653 [57]
1658 1581 1828 1650 κατή-

229 1700 415 1752 γορον.
466 1684 845 1752 Ἀποπέσοιμι
878 1682 994 1749 ἄρα
1027 1680 1146 1735 ἀπὸ
1175 1678 1294 1733 τῶν
1319 1676 1553 1746 ἐχθρῶν
1579 1693 1699 1747 μου
1737 1692 1827 1727 κε-

228 1776 356 1839 νός.
386 1772 753 1837 Κατιιδιώξιιι
780 1772 896 1842 ἄρα
941 1776 975 1827 ό
1017 1770 1230 1840 ἐχθρὸς
1261 1770 1379 1837 τὴν
1428 1766 1641 1837 ψυχήν
1678 1782 1822 1833 μου,

229 1867 326 1920 καὶ
359 1865 702 1930 καταλάϐοι,
733 1867 831 1919 καί
850 1864 1272 1933 καταπατῆσαι
1291 1865 1379 1926 είς
1398 1861 1517 1931 γῆν
1536 1858 1651 1926 τὴν
1674 1856 1825 1923 ζωήν

223 1975 366 2025 μου,
398 1960 495 2011 καί
529 1958 642 2025 τὴν
665 1957 854 2022 δόξαν
878 1975 999 2026 μου
1029 1959 1115 2022 είς
1144 1956 1298 2025 χοῦν
1333 1949 1823 2019 κατασκηνὼσαι.

229 2042 386 2109 Ek;
421 2048 735 2119 παρρησίαν
775 2047 1009 2110 δικαίου,
1049 2048 1142 2101 καὶ
1183 2047 1407 2117 ἄριστον
1454 2042 1724 2106 συνειδόςς
1760 2042 1824 2094 El

230 2140 342 2209 γάρ
371 2139 449 2210 μὴ
478 2140 683 2213 σφόδρα
717 2139 899 2211 ἐαυτῷ
934 2140 1179 2211 ἐθάρρει,
1203 2139 1306 2191 οὐκ
1342 2137 1409 2192 ἂν
1433 2136 1662 2191 τοιαῦτα
1690 2136 1835 2203 ἐπηον

232 2232 385 2300 piro.

307 2430 374 2480 Ὀ
399 2428 457 2481 δὲ
495 2428 644 2495 λέγει
676 2426 920 2481 τοιοῦτόν
954 2428 1135 2481 ἐστιν’
1158 2427 1223 2483 Εἰ
1244 2424 1500 2497 ἡδίκησα,
1534 2424 1585 2476 εί
1610 2420 1825 2493 ἠμυνά-

231 2536 364 2591 μην,
394 2518 462 2572 τά
492 2520 589 2571 καὶ
615 2518 684 2572 τὰ
709 2518 972 2588 πάθοιμιο
1007 2518 1101 2572 καὶ
1125 2517 1252 2571 καθ’
1286 2514 1484 2571 ἑαυτοῦ
1512 2514 1611 2585 τήν
1643 2513 1826 2583 ψῆφον

229 2610 476 2679 ἐκφέρει,
496 2611 592 2663 καὶ
611 2611 710 2664 οὐκ
738 2610 880 2677 ἀξιοῖ
906 2609 1051 2665 κατά
1072 2609 1135 2663 τὸ
1160 2609 1359 2681 μέτρον
1386 2607 1667 2678 κριθῆναι,
1688 2606 1827 2660 ἀλλά

448 2701 646 2771 μᾶλλον
674 2702 816 2772 ὑπὲρ
835 2702 936 2771 τὴν
969 2701 1126 2767 ἀξίαν
1154 2699 1356 2754 διδόναι
1388 2699 1486 2770 τὴν
1517 2698 1703 2768 δίκην·
1730 2696 1830 2750 καὶ

234 2792 535 2846 ὑπεύθυνον
579 2792 772 2846 ἐαυτὸν
818 2794 964 2845 ποιεῖ
1003 2790 1245 2854 κολάσει,
1272 2785 1344 2862 ῆς
1388 2792 1417 2843 ό
1453 2790 1617 2860 νόμος
1664 2789 1827 2843 αὐτὸν

231 2884 429 2955 εἴργει.
482 2884 591 2937 Καὶ
635 2885 736 2955 ὅρα
782 2884 914 2939 ποία
953 2884 1130 2956 αὐτήο
1179 2880 1594 2951 Ἀποπέσοιιιι,
1636 2881 1824 2952 φησὶν,

230 2974 347 3028 ἀπὸ
395 2972 514 3027 τῶν
556 2970 788 3043 ἐχθρῶν
812 2991 935 3043 μου
976 2972 1169 3039 κενός.
1217 2968 1592 3034 Καταδιώξιιι
1635 2969 1753 3037 ἄρα
1790 2971 1827 3025 ό

231 3065 445 3136 ἐχθρὸς
477 3064 595 3135 τὴν
633 3064 849 3136 ψυχήν
886 3083 1028 3135 μου,
1063 3065 1163 3120 καὶ
1194 3062 1549 3125 καταλάϐοι,
1583 3064 1683 3117 καὶ
1716 3078 1823 3117 κα-

234 3156 576 3223 ταπατῆσαι
608 3158 694 3222 είς
722 3156 843 3227 γῆν
870 3155 988 3225 τὴν
1021 3154 1177 3226 ζωήν
1190 3172 1336 3225 ⁴μου,
1366 3156 1468 3209 καὶ
1490 3154 1608 3224 τὴν
1635 3155 1827 3220 δόξαν

230 3264 349 3315 μου
390 3250 482 3313 είς
523 3246 680 3317 χοῦν
729 3246 1225 3315 κατασκηνώσαι.
1257 3246 1574 3311 Τουτέστιν,
1605 3246 1825 3318 ἀτιμον,

232 3337 521 3410 ἀνώνυμον
552 3339 863 3405 ἀπολέσειε,
899 3337 1042 3409 μετά
1068 3339 1170 3409 τῆς
1197 3337 1345 3407 ζωῆς
1369 3355 1473 3409 μου
1497 3337 1592 3391 καὶ
1617 3337 1715 3410 τὴν
1740 3338 1829 3391 δό-

235 3429 333 3494 ξαν
377 3446 478 3501 μου
518 3429 869 3501 διαφθείρειε.
921 3430 987 3483 Τί
1018 3431 1155 3493 ἐστι,
1192 3428 1304 3483 Καὶ
1336 3428 1451 3496 τὴν
1476 3426 1661 3491 δόξαν
1704 3444 1827 3496 μου

230 3521 321 3583 εἰς
355 3518 512 3587 χοῦν
564 3518 1069 3585 κατασκηνώσεις
1122 3518 1496 3578 Ταπεινώσαι,
1550 3518 1825 3588 πατήσαιο

232 3610 497 3683 γενοίμην
523 3611 741 3683 έτοιμρς
772 3612 889 3674 τοῖς
933 3609 1171 3683 ἐχθροῖς,
1223 3609 1378 3682 φησί.
1421 3609 1487 3663 Τί
1520 3610 1716 3679 γένοιτ’
1760 3609 1829 3664 ἂν

236 3699 578 3773 μιαρώτερον
606 3701 701 3756 τοῦ
743 3701 1127 3770 ’Δὸεσσαλὼμ,
1155 3702 1305 3765 ὅστις
1326 3700 1562 3773 πατέρα,
1594 3700 1690 3755 καὶ
1721 3718 1828 3755 πα-

230 3790 368 3860 τέρα
400 3791 661 3857 τοιοῦτον,
690 3791 869 3857 οὕτως
897 3792 1108 3865 ἥμερον
1158 3792 1255 3845 καὶ
1296 3793 1539 3863 ἐπιεικῆ,
1570 3791 1818 3856 ἐδίωκεν,

230 3879 475 3951 ἀσελγὴς
500 3879 577 3935 ῶν
604 3882 699 3934 καὶ
714 3881 1018 3943 ἀκόλαστος
1046 3879 1143 3933 καὶ
1167 3880 1433 3951 ὐὸριστής
1452 3879 1553 3947 ;Τί
1581 3876 1676 3934 οὖν
1698 3880 1829 3946 ςούκ

230 3968 489 4022 ἀπέδωκε
519 3971 630 4033 τοῖς
658 3968 1107 4023 ἀνταποδιδοῦσιν
1138 3969 1290 4041 αὐτῷ
1313 3969 1485 4034 κακὰ,
1516 3969 1636 4024 οὐδὲ
1661 3972 1833 4043 ἐμνη-

234 4056 574 4128 σικάκησεν;
617 4058 907 4131 Οὐδαμῶς.
954 4058 1077 4112 Κάν
1106 4058 1372 4130 ἐξετάσεις
1396 4057 1491 4112 τοῦ
1524 4059 1697 4114 Σαοὺλ
1729 4062 1831 4130 τὴν

238 4146 505 4218 ἱστορίαν,
534 4145 658 4200 τότε
691 4147 930 4219 μάλιστα
953 4148 1076 4219 ὄψει
1110 4147 1320 4219 ταύτην
1353 4148 1455 4221 τὴν
1484 4148 1669 4221 φωνὴν
1712 4150 1829 4204 δια-

234 4238 583 4309 λάμπουσαν.
612 4238 716 4293 Τὸν
739 4238 851 4311 γὰρ
885 4239 1028 4310 μετά
1058 4238 1258 4311 μυρίας
1282 4240 1622 4312 εὐεργεσίας,
1644 4241 1740 4295 καὶ
1759 4240 1831 4296 τά

234 4334 495 4405 τρόπαια,
517 4332 729 4397 καὶτὰς
746 4333 906 4397 νίκας
928 4330 1243 4399 ἀδικοῦντα,
1262 4330 1359 4385 καὶ
1384 4330 1829 4399 ἐπιϐουλεύοντα,

238 4424 336 4479 καὶ
367 4424 581 4478 ἀνελεῖν
627 4423 753 4478 καθ’
788 4424 1030 4493 ἑκάστην
1058 4421 1435 4494 ἐπιθυμοῦντα
1461 4423 1564 4494 τὴν
1590 4423 1829 4496 ἡμέραν,

235 4513 423 4570 λαϐὼν
438 4516 519 4579 είς
537 4516 727 4588 χεῖρας
756 4514 853 4568 καὶ⁵
877 4514 1052 4581 ἀπαξ,
1080 4515 1177 4567 καὶ
1195 4513 1300 4579 δὶς,
1319 4512 1417 4567 καὶ
1437 4512 1701 4577 πολλάκις
1729 4530 1832 4569 κα-

236 4602 518 4669 θεύδοντα,
540 4606 635 4659 καὶ
663 4603 919 4677 καθάπερ
934 4604 994 4657 ἐν
1011 4604 1375 4675 δεσμωτηρίῳ
1401 4604 1833 4677 συγκεκλεισμέ-

235 4713 349 4760 νον,
392 4696 488 4750 καὶ
515 4696 829 4769 δορυφόρων
862 4695 1091 4769 ῐρημον,
1122 4695 1337 4750 πολλῶν
1379 4695 1831 4767 ἐγκελευομένων

239 4786 444 4859 σφάξαι
486 4788 579 4842 καὶ
606 4788 839 4855 ἀνελεῖν,
867 4788 1145 4859 ἐφείσατο,
1177 4788 1276 4842 καὶ
1312 4790 1413 4859 τῆς
1440 4786 1613 4860 ὀργῆς
1661 4788 1832 4861 ἐκρά-

238 4897 374 4953 τησε
404 4887 446 4947 ⁸,
486 4881 585 4935 καὶ
610 4878 784 4935 ταῦτα
815 4879 994 4945 εἰδὼς,
1019 4881 1100 4935 δτι
1129 4880 1292 4950 ἀφεὶς
1320 4880 1483 4935 αὐτὸν
1517 4879 1829 4950 διαφυγεῖν,

242 4972 505 5043 πολέμιον
556 4972 758 5042 ἀφήσει
802 4971 982 5044 ἐαυτῷ
1014 4972 1111 5027 καὶ
1151 4970 1346 5045 ἐχθρὸν
1393 4971 1828 5028 ἀκατάλλακτον.

250 5062 392 5118 Ἀλλ’
421 5063 572 5133 ὅμως
615 5060 742 5116 οὐτε
770 5063 805 5133 ἡ
850 5064 1036 5136 μνήμη
1070 5063 1183 5118 τῶν
1214 5061 1617 5135 παρελθόντων,
1639 5061 1765 5117 οὐτε
1798 5064 1831 5118 ό

239 5156 406 5226 φόϐος
433 5154 545 5209 τῶν
578 5154 904 5227 μελλόντων,
926 5152 1053 5209 οὔτε
1093 5153 1223 5209 ἀλλο
1260 5153 1370 5209 τῶν
1393 5152 1655 5209 τοιούτων
1674 5154 1830 5209 οὐδὲν

238 5247 320 5310 είς
352 5245 456 5315 τὴν
487 5244 713 5315 σφαγὴν
739 5243 901 5298 αὐτὸν
933 5243 1204 5315 ἐξήγαγεν
1223 5244 1473 5317 ἐκείνηνο
1505 5244 1621 5300 ἀλλ’
1646 5246 1832 5317 ἐφιλο-

244 5333 420 5405 σόφει,
458 5334 553 5388 καὶ
588 5337 691 5406 τῆς
715 5334 896 5406 χειρὸς
924 5335 1169 5407 ἐκράτει,
1202 5336 1295 5389 καὶ
1319 5336 1412 5389 τδν
1438 5335 1611 5407 θυμὸν
1648 5335 1832 5408 ἐχαλί-

241 5443 360 5492 νου,
390 5428 486 5480 καὶ
515 5428 704 5498 ᾑρεῖτο
723 5426 1053 5482 κινδυνεύειν
1082 5428 1179 5483 καὶ
1206 5426 1656 5494 ἐπιϐουλεύεσθαι
1691 5428 1833 5501 μᾶλ-

239 5517 353 5581 λον,
384 5518 483 5573 καὶ
508 5519 611 5590 τῆς
644 5519 904 5590 πατρίδος
930 5520 1103 5590 αὐτῆς
1127 5520 1383 5574 ἐκπεσεῖν
1411 5520 1509 5574 καὶ
1536 5520 1640 5591 τῆς
1672 5520 1830 5575 ἐλευ-

240 5607 450 5681 θερίας,
484 5609 520 5681 ἢ
553 5610 646 5663 τὸν
672 5607 868 5681 ἐχθρὸν
891 5610 985 5665 τὸν
1012 5611 1137 5682 εικῆ
1168 5609 1264 5664 καὶ
1298 5608 1479 5683 μάτην
1506 5608 1657 5682 αὐτῷ
1699 5610 1829 5665 ἐπι-

242 5761 622 5877 ὠῶυᾶυῗιεε.
648 5764 731 5814 καὶ
754 5770 837 5825 τῆς
860 5765 1106 5832 ἐπιθυμίας
1135 5766 1390 5833 έκράτησε.
1428 5768 1604 5822 leuat
1632 5771 1830 5825 videtur

1929 480 2281 543 ϐουλεύοντα,
2332 477 2424 531 τὸν
2466 475 2605 547 μετά
2638 472 2842 545 μυρίας
2876 462 3202 537 εὐεργεσίας
3251 473 3526 528 φονωντα,

1932 572 2134 641 σφάξαι
2166 571 2257 625 καὶ
2282 569 2513 624 ἀνελεῖν.
2543 568 2656 622 Kal
2682 565 2744 629 ἐξ
2768 562 2974 633 ἐτέρων
2995 559 3054 612 δὲ
3086 553 3351 608 πλειόνων
3379 549 3529 603 ἐστιν

1934 665 2064 718 ἰδεῖν
2082 664 2182 735 τὴν
2210 663 2501 734 φιλόσοφον
2528 658 2693 713 αὐτοῦ
2720 656 2965 711 διάνοιαν
2982 668 2998 683 ·
3021 649 3102 703 διδ
3127 647 3224 700 καὶ
3252 644 3530 735 ἐπαράται

1931 753 2081 824 αὐτῷ
2104 734 2276 807 πολλά
2303 753 2398 807 καὶ
2412 749 2647 824 χαλεπὰ,
2671 743 2784 801 οἷον
2800 746 2863 800 τὸ
2884 745 3166 815 ἄπρακτον
3187 734 3527 797 ἐπανελθεῖν,

1930 840 1996 893 τὸ
2028 842 2157 905 τοὺς
2190 839 2417 913 ἐχθροὺς
2438 842 2713 911 κρατῆσαι
2758 835 2898 907 μετά
2934 832 3138 901 πολλῆς
3184 827 3287 898 τῆς
3318 840 3527 895 παρου-

1936 928 2054 991 σίας
2086 929 2274 993 αὐτοῦ,
2319 929 2381 982 τδ
2421 927 2706 998 ἀνώνυμον
2732 924 3049 986 ἀποθανεῖν,
3080 920 3145 973 τὸ
3178 916 3334 989 παρά
3360 913 3529 968 πολε-

1938 1022 2077 1092 μίων
2107 1020 2268 1075 τοῦτο
2305 1021 2523 1087 παθεῖν,
2553 1020 2583 1074 δ
2611 1018 2747 1073 πολύ
2784 1016 2880 1071 τοῦ
2913 1015 3099 1069 θανεῖν
3146 1008 3530 1083 χαλεπώτερον

1933 1106 2074 1164 εἶναι
2100 1111 2251 1165 δοκεῖ
2272 1110 2408 1172 ’,διὸ
2444 1110 2539 1165 καὶ
2575 1108 2747 1181 μυρία
2793 1105 3166 1179 μηχανήματα
3200 1099 3369 1164 ποιεῖ,
3394 1095 3532 1168 πρὸς

1931 1202 1994 1257 τὸ
2038 1196 2179 1273 μετά
2209 1203 2309 1272 τὴν
2355 1202 2619 1274 τελευτὴν
2668 1195 3136 1273 μνημονεύεσθαι.
3170 1193 3319 1263 Ὅρα
3351 1188 3534 1245 τοίνυν

1933 1295 2035 1348 ὅσα
2087 1295 2267 1366 ἐαυτῷ
2313 1295 2622 1365 ἐπαρᾶταιο
2682 1290 2747 1345 τὸ
2798 1290 3042 1360 ἀνήνυτα
3069 1286 3276 1347 πονεῖν,
3318 1282 3380 1335 τδ
3418 1279 3533 1352 [581

1940 1385 2046 1439 ὐπὸ
2088 1385 2196 1439 τῶν
2223 1385 2437 1458 ἐχθρῶν
2477 1382 2804 1457 ἡττηθῆναι,
2838 1379 2902 1433 τὸ
2947 1375 3264 1438 ἀποθανεῖν,
3294 1373 3358 1427 τὸ
3394 1370 3535 1444 μηδὲ

1934 1478 2087 1546 κοινῇ
2116 1478 2181 1546 τῇ
2212 1476 2434 1546 τελευτῇ
2457 1515 2472 1538 ,
2521 1474 2584 1529 τὸ
2616 1473 2714 1528 καὶ
2739 1473 2840 1543 τὴν
2873 1472 3097 1543 μνήμην
3130 1465 3297 1523 αὐτοῦ
3327 1465 3536 1530 ἐξαλει-

1934 1567 2135 1637 φθῆναι
2160 1606 2174 1629 ,
2205 1568 2269 1620 τὸ
2317 1568 2457 1638 μετά
2487 1565 2715 1635 ἀτιμίας
2741 1580 2755 1594 ·
2812 1564 2919 1617 οὐκ
2958 1561 3029 1615 ἂν
3066 1558 3306 1614 τοσαῦτα
3350 1555 3538 1627 ἐαυτῷ

1933 1656 2354 1727 ἐπαρασάμενος
2375 1696 2390 1720 ,
2444 1658 2493 1709 εἰ
2529 1656 2605 1727 μὴ
2648 1654 2855 1726 σφόδρα
2886 1652 3109 1725 ιθάρρει
3135 1648 3214 1721 τῷ
3245 1647 3535 1702 συνειδότι.

1933 1749 1997 1802 Εἰ
2025 1749 2083 1802 δέ
2117 1750 2309 1822 ἐχθρὸν
2338 1746 2509 1821 εῖχεν,
2538 1749 2694 1803 οὐδὲν
2723 1748 2885 1801 τοῦτο
2917 1745 3113 1815 ἐκείνῳ
3138 1742 3393 1814 ἔγκλημα
3411 1756 3426 1770 ’
3462 1739 3534 1794 οὐ

1935 1840 2044 1913 γάρ
2067 1842 2229 1907 αὐτὸς
2259 1846 2488 1915 παρεῖχε
2514 1841 2709 1904 λαϐάς.
2737 1840 2905 1893 Ποίαν
2929 1837 3041 1910 γάρ
3065 1835 3238 1907 λαϐὴν
3266 1834 3436 1888 ἐδωκε
3455 1830 3539 1901 τῷ

1935 1934 2125 2002 «albi;
2156 1934 2318 1989 ποίαν
2347 1934 2427 2005 τῷ
2457 1934 2664 2000 Σαούλ;
2707 1933 2843 2003 Οὐχὶ
2864 1931 2955 1984 τὸν
2987 1930 3087 2002 μέν
3117 1928 3246 1993 ἀξια
3265 1921 3537 1996 τιμωρίας

1935 2023 2242 2097 πράξαντα.
2281 2026 2420 2096 πρὸς
2462 2024 2656 2095 καιρὸν
2688 2020 3055 2100 σωφρονίσας,
3086 2020 3410 2090 ἐπανήγαγε
3440 2014 3537 2068 καὶ⁸

1934 2116 2279 2187 ἀνεκτήσατο
2301 2134 2315 2147 ’
2369 2119 2460 2171 τὸν
2493 2117 2551 2171 δὲ
2594 2116 2843 2187 φονῶντα
2872 2118 2995 2171 κατ’
3025 2113 3191 2169 αὐτοῦ
3212 2152 3227 2177 ,
3273 2109 3537 2173 πολλάκις

1933 2207 2015 2269 είς
2042 2209 2230 2278 χεῖρας
2264 2206 2444 2261 λαδὼν
2475 2208 2738 2273 διέσωσε;
2775 2207 2869 2275 Μὴ
2907 2207 3089 2261 τοίνυν
3116 2204 3276 2259 τοῦτο
3317 2201 3534 2268 σκόπει,

1934 2300 1984 2351 εἰ
2006 2298 2235 2370 ἐχθροὺς
2261 2296 2426 2371 εἶχεν,
2454 2300 2570 2354 ἀλλ’
2591 2302 2642 2353 ει
2674 2299 2841 2364 αὐτὸς
2869 2299 3070 2362 αὐτοὺς
3098 2294 3531 2351 κατεσκεύασεν.

1935 2388 2073 2443 Οὔτε
2104 2390 2214 2461 γὰρ
2256 2391 2287 2444 ό
2317 2384 2552 2462 Χριστὸς
2579 2389 2737 2445 τοῦτο
2765 2390 3045 2454 ἐκέλευσε,
3090 2387 3154 2442 τὸ
3187 2386 3264 2460 μὴ
3305 2384 3537 2458 ἐχθροὺς

1934 2480 2080 2552 ἔχειν
2099 2499 2114 2515 ’
2145 2482 2337 2536 τούτου
2362 2481 2473 2554 γὰρ
2502 2483 2605 2538 οὐκ
2628 2482 2797 2553 ἐσμὲν
2828 2481 3008 2553 κύριοι
3027 2497 3042 2512 ⁶
3078 2479 3216 2535 ἀλλά
3245 2478 3307 2532 τὸ
3334 2476 3411 2550 μὴ
3447 2494 3539 2547 μι-

1936 2575 2051 2625 σεῖν
2070 2587 2084 2600 ·
2115 2570 2308 2627 τούτου
2333 2572 2445 2645 γάρ
2465 2575 2631 2644 ἡμεῖς
2664 2572 2867 2645 κύριοι,
2894 2571 3103 2626 ἐκείνου
3126 2570 3185 2623 δὲ
3203 2570 3266 2623 οὐ
3294 2569 3533 2631 πάντως.

1935 2662 2044 2716 Τοῦ
2076 2664 2133 2717 δὲ
2164 2664 2439 2735 μισεῖσθαι
2476 2666 2622 2735 εἰκῆ,
2653 2666 2755 2717 οὐκ
2782 2665 2842 2717 ἐν
2868 2664 3004 2735 ἡμῖν
3030 2663 3066 2733 ἡ
3092 2660 3311 2727 ἐξουσία
3332 2662 3537 2725 κεῖται,

1933 2754 2049 2808 ἀλλ’
2079 2757 2137 2810 ἐν
2174 2759 2289 2820 τοῖς
2324 2755 2567 2828 μισοῦσι.
2617 2757 2730 2811 Kal
2758 2756 2870 2827 γὰρ
2904 2756 2955 2810 oi
2980 2756 3212 2827 πονηροὶ
3236 2753 3367 2816 τούς
3398 2752 3538 2821 ἀγα-

1934 2845 2064 2911 θοὺς
2099 2851 2279 2918 μισεῖν
2319 2850 2577 2904 εἰώθασιν
2605 2851 2730 2922 εῖκὴ
2774 2849 2872 2903 καὶ
2915 2850 3115 2922 μάτην.
3150 2848 3263 2904 Kal
3301 2846 3413 2920 γάρ
3443 2845 3541 2901 καὶ

1933 2938 2027 2991 τὸν
2054 2940 2292 3012 Χριστὸν
2319 2941 2546 3013 ἐμίσουν
2572 2942 2719 3013 εῖκῆ,
2762 2939 2947 3005 καθὼς
2971 2940 3157 3011 λέγει·
3202 2936 3541 3010 Ἐμίσησάν

1928 3046 2007 3099 με
2033 3029 2281 3100 δωρεάν.
2338 3032 2452 3086 Kal
2497 3033 2547 3086 οῖ
2588 3031 2879 3087 ἀπόστολοι
2914 3031 3044 3095 τούς
3068 3028 3543 3102 ψευδαποστόλους

1933 3115 2080 3193 εἶχον
2107 3122 2359 3193 ἐχθροὺς,
2387 3122 2483 3177 καὶ
2512 3122 2563 3176 οί
2587 3122 2865 3194 προφῆται
2899 3121 3028 3186 τοὺς
3056 3120 3539 3192 ψευδοπροφήτας.

1935 3214 2011 3266 Οὐ
2046 3211 2157 3285 γὰρ
2186 3211 2346 3267 τοῦτο
2374 3213 2456 3267 δεῖ
2503 3215 2767 3280 σκοπεῖν,
2819 3214 2971 3279 ὅπως
3010 3213 3087 3285 μὴ
3139 3212 3403 3284 σχοίημεν
3441 3212 3539 3283 ἐχ-

1933 3302 2136 3376 θροὺς,
2178 3304 2295 3358 ἀλλ’
2325 3305 2474 3369 ὅπως
2522 3305 2600 3377 μὴ
2644 3304 2894 3369 δικαίως,
2932 3302 3069 3376 μηδὲ
3118 3301 3360 3371 εὐλόγως
3384 3316 3401 3334 ο
3442 3299 3541 3354 καὶ

1932 3397 2122 3461 ὅπως,
2170 3396 2277 3451 κᾶν
2313 3396 2577 3468 μυριάκις
2623 3395 2935 3469 μισώμεθα,
2976 3396 3051 3467 μὴ
3088 3394 3363 3465 μισῶμεν,
3403 3391 3541 3463 μηδὲ

1936 3487 2411 3560 ἀποστρεφώμεθα
2429 3503 2445 3519 ·
2478 3488 2651 3559 ἔχθρα
2671 3487 2779 3561 γάρ
2807 3486 2967 3541 τοῦτό
2984 3488 3125 3551 ἐστι,
3152 3486 3214 3539 τὸ
3238 3489 3417 3557 μισεῖν
3440 3483 3542 3537 καὶ

1933 3578 2401 3649 ἀποστρέφεσθαι.
2446 3579 2618 3635 Ὅταν
2666 3574 2762 3633 οὖν
2812 3577 3063 3650 μισῶμαι
3099 3576 3197 3631 καὶ
3244 3576 3320 3648 μὴ
3370 3573 3539 3647 μισῶ,

1934 3670 2143 3735 ἐκεῖνός
2175 3688 2245 3742 με
2287 3670 2503 3743 ἐχθρὸν,
2532 3671 2635 3725 οὐκ
2679 3670 2792 3740 ἐγὼ
2831 3668 3022 3725 τοῦτον
3067 3669 3199 3740 εχω.
3246 3668 3419 3722 Ὅταν
3450 3666 3541 3721 εὐ-

1934 3782 2151 3836 χωμαι,
2183 3767 2311 3819 ὅταν
2353 3765 2667 3838 εὐεργετεῖν
2698 3763 2976 3836 βούλωμαι
2994 3804 3011 3829 ,
3054 3761 3174 3826 πῶς
3219 3760 3313 3815 τὸν
3357 3759 3539 3814 τοιοῦ-

1933 3872 2027 3909 τον
2068 3856 2263 3929 ἐχθρὸν
2304 3856 2460 3927 εχως
2509 3856 2611 3911 Διά
2657 3854 2823 3911 τοῦτο
2859 3858 2890 3910 δ
2924 3855 3141 3920 Παῦλος
3188 3854 3378 3923 ἔλεγεν
3413 3868 3428 3883 ο
3468 3851 3543 3906 El

1935 3945 2227 4011 δυνατὸν,
2277 3946 2346 4002 τὸ
2382 3947 2454 4015 ἐξ
2487 3946 2681 4021 ὑμῶν,
2724 3947 2880 4018 μετὰ
2919 3947 3167 4003 πάντων
3208 3943 3541 4015 ἀνθρώπων

1928 4041 2373 4112 εἰρηνεύοντες.

1996 4265 2071 4325 ς’.
2090 4257 2175 4314 Τὰ
2200 4258 2449 4333 ἡμέτερα
2476 4260 2659 4317 τοίνυν
2672 4260 3038 4333 είσφέρωμεν,
3062 4260 3326 4333 καὶαύτῷ
3362 4259 3540 4334 τούτῳ

1934 4348 2214 4423 ἀρκοῦντα
2238 4350 2332 4405 τὸν
2360 4352 2579 4406 ῐπαινον
2604 4351 2824 4423 ῑξομεν.
2852 4351 2987 4406 Τίνα
3008 4351 3068 4406 δέ
3095 4353 3214 4411 ἐστι
3248 4352 3319 4408 τὰ
3342 4352 3541 4425 ἡμέτε-

1939 4457 2046 4515 ρα;
2081 4437 2208 4496 Οἷόν
2239 4460 2292 4497 τι
2321 4441 2500 4513 λέγω·
2548 4445 2702 4516 μισεῖ
2725 4445 2755 4497 ό
2783 4442 2932 4501 δεῖνα
2956 4446 3052 4499 καὶ
3079 4443 3411 4517 ἐκπολεμεῖς
3462 4444 3540 4497 Σὺ

1937 4529 2085 4600 φίλει
2123 4532 2221 4587 καὶ
2262 4532 2566 4605 εὐεργέτει.
2621 4534 2866 4608 Ὑδρίζει
2911 4536 3008 4590 καὶ
3052 4534 3411 4606 λοιδορεῖταις
3462 4534 3538 4588 Σὺ

1936 4622 2154 4692 εὐλόγει
2201 4623 2299 4678 καὶ
2342 4623 2577 4680 ἐπαίνει.
2624 4626 2770 4681 ’Ἀλλ’
2810 4626 2874 4683 ού
2914 4626 3034 4681 λύει
3059 4626 3163 4698 τὴν.
3187 4625 3391 4698 ἔχθραν
3416 4625 3540 4680 οὐδὲ

1934 4712 2149 4782 οὓτωςς
2196 4714 2411 4771 Οὐκοῦν
2443 4716 2672 4773 πλείονά
2699 4733 2784 4772 σοι
2830 4716 3016 4774 δίδωσι
3063 4716 3157 4773 τὸν
3212 4718 3427 4789 μισθόν.
3472 4716 3539 4772 Οἱ

1936 4806 2048 4880 γὰρ
2074 4807 2259 4875 κακοὶ,
2287 4809 2401 4881 ὅσῳ
2424 4809 2492 4864 ἀν
2513 4808 2949 4883 θεραπευόμενοι
2980 4808 3058 4883 μὴ
3095 4808 3413 4865 καταλύωσι
3444 4806 3540 4862 τδν

1935 4900 2199 4974 πόλεμον,
2219 4899 2611 4975 λαμπροτέρας
2632 4903 2767 4974 ἡμῖν
2790 4898 3117 4975 προξενοῦσι
3146 4900 3250 4964 τὰς
3275 4897 3538 4971 ἀμοιϐάς,

1936 4992 2036 5047 καὶ
2090 4993 2320 5058 ἐαυτούς
2376 4992 2806 5066 ἀσθενεστέρους
2856 4991 3126 5048 ποιοῦσιν.
3182 4994 3245 5048 '0
3292 4992 3393 5065 μὲν
3426 4991 3540 5065 γάρ

1938 5085 2137 5157 μισῶν,
2185 5085 2282 5140 καὶ
2313 5084 2391 5158 μὴ
2414 5084 2651 5141 διαλύων
2680 5085 2782 5159 τήν
2812 5084 3016 5159 ἔχθραν
3034 5128 3049 5153 ,
3098 5085 3330 5157 τήκεται
3351 5124 3369 5151 ,
3418 5085 3540 5139 δια-

1936 5175 2221 5249 φθείρεται
2244 5217 2263 5243 ,
2310 5175 2554 5249 διηνεκεῖ
2601 5174 2741 5249 συζῇ
2805 5177 3034 5249 πολέμῳ
3058 5192 3073 5207 ο
3130 5177 3164 5229 ό
3215 5175 3273 5229 δέ
3329 5175 3543 5232 τούτων

1935 5268 2212 5340 ἀνώτερος
2254 5266 2371 5323 τῶν
2400 5266 2609 5339 βελῶν,
2664 5266 2773 5335 ίξω
2811 5267 2923 5321 τῶν
2954 5266 3264 5341 τρικυμιῶν
3312 5267 3537 5341 έστηκε,

1935 5361 2033 5417 καὶ
2062 5360 2260 5417 ἑαυτὸν
2286 5360 2398 5433 πρὸ
2442 5359 2654 5417 ἐκείνου
2686 5358 2759 5415 τά
2792 5359 3031 5430 μέγιστα
3076 5358 3282 5430 ὠφελεῖ
3304 5398 3321 5423 ,
3368 5360 3431 5412 ἐν
3462 5358 3541 5430 τῷ

1937 5450 2264 5517 σπουδάζειν
2291 5450 2487 5522 ἐκείνῳ
2512 5449 3002 5514 καταλλάττεσθαι,
3034 5449 3132 5503 καὶ
3157 5448 3234 5522 μὴ
3257 5448 3538 5521 πολεμεῖν,

1934 5545 2128 5601 ἐαυτὸν
2178 5543 2542 5599 ἀπαλλάττων
2574 5541 2818 5614 πολέμου
2852 5541 2950 5596 καὶ
3000 5542 3205 5613 μάχης.
3240 5538 3541 5611 Φεύγωμεν

1935 5636 2117 5693 τοίνυν
2149 5634 2408 5708 πολεμεῖν
2448 5633 2693 5706 ἐτέροις,
2740 5632 2836 5688 καὶ
2866 5632 2967 5705 τὴν
2998 5622 3399 5705 ῥίζαντούτων
3439 5631 3540 5684 ἀν-

1935 5728 2174 5801 έλωμεν,
2210 5727 2539 5795 κενοδοξίαν,
2570 5724 2962 5799 φιλαργυρίαν.
3015 5725 3089 5779 Ἣ
3130 5722 3241 5795 γὰρ
3284 5723 3375 5777 διὰ
3403 5723 3543 5793 χρή-

1941 5819 2091 5893 ματά
2134 5838 2218 5886 τις
2251 5819 2445 5893 ιχθρός
2472 5820 2642 5886 ἐστιν,
2679 5817 2714 5891 ἡ
2746 5817 2837 5875 διὰ
2865 5817 3027 5883 δόξαν
3077 5817 3266 5889 κενήν.
3323 5814 3452 5870 Ἐὰν
3482 5811 3549 5871 δι
