4070 6442
274 357 344 415 εει
1444 350 1801 408 EXPOSl'l‘lO
1866 349 1933 407 IN
1973 350 2299 406 PSALMUM
2336 350 2444 406 ιιι.
3518 351 3592 408 90

274 471 317 522 si
341 473 408 522 iis
429 468 690 522 fuerimus
717 466 1039 536 superiores,
1071 465 1230 520 etiam
1251 479 1317 519 ne
1339 477 1436 518 nOs
1463 461 1870 532 apprehendant

272 558 590 625 inimicitia,
616 557 906 613 evademus
923 556 1248 625 superiores.
1267 554 1379 609 Etsi
1395 569 1525 624 ergo
1548 553 1870 608 contumelia

274 649 517 705 alfecerit
541 693 556 715 ,
603 663 795 719 magno
825 647 905 703 fer
958 648 1136 702 animo
1166 663 1177 698 :
1211 645 1444 714 seipsum
1481 645 1620 698 enim
1645 685 1662 707 ,
1683 657 1791 698 non
1818 651 1871 698 te

272 741 455 796 aﬁ‘ccit
501 741 715 808 injuria.
757 739 823 792 Et
865 739 912 793 si
959 737 1315 807 percusserit,
1346 749 1414 788 ne
1450 733 1722 788 obsistas:
1756 731 1870 802 ipse

271 834 419 886 enim
467 833 688 897 feritur,
722 840 773 885 te
800 844 960 884 manu
981 869 996 893 ,
1021 829 1253 897 seipsum
1283 827 1358 880 ira
1405 825 1654 894 pulsans,
1685 833 1740 879 et
1767 823 1868 879 sibi

270 925 467 976 malam
499 922 565 976 ab
594 921 843 977 omnibus
869 919 1316 976 existimationem
1339 929 1678 986 comparans.
1713 914 1866 982 Quod

268 1014 312 1066 si
350 1015 464 1067 hac
489 1012 588 1067 tibi
618 1013 864 1068 videntur
888 1025 1007 1066 esse
1034 1008 1290 1073 difﬁcilia,
1335 1008 1436 1063 hoc
1462 1005 1599 1075 apud
1636 1015 1690 1062 te
1738 1019 1867 1060 εοιι-

265 1101 448 1159 sidera
481 1101 563 1158 :si
587 1101 706 1170 quis
739 1100 972 1155 furiosus
1015 1110 1219 1154 vestem
1269 1107 1415 1152 tuam
1441 1097 1680 1167 undique
1727 1096 1866 1150 lacc-

266 1195 402 1248 rarit
420 1235 436 1259 ,
458 1208 745 1264 quemnam
774 1191 974 1248 dixeris
1015 1192 1166 1246 malis
1189 1189 1367 1257 afﬁci,
1395 1199 1518 1246 tene
1543 1191 1632 1260 qui
1679 1204 1865 1258 passus

265 1302 326 1337 es
354 1326 368 1345 ,
401 1301 469 1338 an
500 1284 648 1338 illum
676 1285 764 1354 qui
812 1282 979 1338 fecit?
1022 1283 1236 1337 Clarum
1264 1293 1410 1336 certe
1439 1279 1522 1335 est
1546 1281 1688 1351 quod
1716 1280 1862 1334 illum

267 1374 411 1427 male
441 1373 686 1449 atii-ctum
723 1387 842 1428 esse
884 1373 1124 1429 dicturus
1150 1374 1245 1428 sis.
1298 1370 1510 1442 Ergone
1534 1413 1549 1440 ,
1581 1371 1671 1426 ubi
1698 1387 1780 1425 ves
1795 1371 1864 1425 tis

265 1465 486 1533 quidem
512 1463 848 1532 discinditur,
864 1465 952 1535 qui
977 1467 1117 1530 fecit,
1136 1463 1380 1534 graviora
1399 1477 1584 1532 passus
1599 1470 1684 1518 est
1703 1477 1862 1531 quam

267 1556 313 1608 is
341 1562 431 1620 qui
463 1558 622 1610 laesus
650 1553 750 1608 fuit
779 1573 792 1606 :
825 1555 911 1608 ubi
933 1564 1110 1610 autem
1138 1569 1232 1609 cor
1263 1553 1528 1623 rumpitur
1548 1592 1562 1618 ,
1594 1551 1696 1606 hoc
1719 1547 1861 1606 enim

267 1645 398 1701 facit
426 1650 524 1710 ira.
556 1662 661 1701 non
693 1647 840 1701 illum
869 1647 1118 1716 graviora
1147 1660 1267 1700 esse
1291 1659 1505 1713 passum
1535 1643 1745 1714 putabis
1769 1651 1856 1708 te,

262 1739 357 1806 qui
403 1755 471 1793 ne
499 1739 761 1794 tantillum
791 1739 1004 1808 quidem
1037 1753 1226 1808 passus
1248 1737 1350 1792 es?
1377 1737 1558 1807 Neque
1580 1739 1720 1791 enim
1759 1735 1862 1791 hoc

262 1831 468 1885 dixeris
492 1871 506 1896 ,
541 1831 689 1886 illum
732 1841 937 1886 vestem
979 1841 1123 1885 tuam
1163 1830 1422 1897 scidisse,
1451 1830 1545 1884 sed
1573 1829 1722 1899 prius
1767 1845 1863 1884 cor

262 1937 442 1974 stnnn.
483 1921 633 1977 Sicut
680 1924 822 1976 enim
871 1938 978 1977 non
1027 1921 1186 1976 fuerit
1221 1921 1440 1977 morbus
1486 1922 1707 1990 regius,
1757 1921 1860 1975 nisi

261 2011 387 2064 hilis
433 2022 756 2080 exsuperet,
796 2021 852 2066 et
881 2013 1128 2082 proprios
1167 2012 1363 2066 limites
1410 2011 1754 2066 transilierit:
1789 2011 1860 2064 ita

261 2101 556 2156 vehemens
583 2103 658 2155 ira
684 2102 774 2157 tibi
806 2117 911 2156 non
943 2101 1133 2168 fuerit,
1165 2102 1209 2156 si
1241 2117 1347 2156 non
1379 2101 1538 2156 fuerit
1565 2117 1659 2155 cor
1687 2101 1863 2156 disru-

263 2209 434 2263 ptum.
469 2195 932 2261 Quemadmodum
978 2209 1109 2264 ergo
1155 2194 1200 2248 si
1230 2194 1429 2249 videris
1456 2194 1687 2263 aliquem
1715 2194 1860 2262 regio

257 2286 451 2339 morbo
478 2286 648 2339 teneri
671 2328 686 2351 ,
712 2286 813 2340 etsi
852 2286 992 2339 mala
1036 2283 1223 2339 fecerit
1264 2285 1582 2348 innumera,
1613 2282 1858 2337 morbum

261 2376 330 2428 atl
355 2385 409 2430 te
433 2375 572 2429 nolis
600 2375 868 2431 attrahere
913 2391 930 2430 :
971 2376 1040 2429 ita
1067 2376 1226 2429 etiam
1253 2375 1305 2428 in
1335 2374 1434 2428 ira.
1463 2373 1540 2428 Ne
1568 2373 1855 2437 tumulare,

260 2480 363 2520 nec
414 2466 624 2520 imitare
676 2466 858 2519 vitium
883 2506 898 2532 ,
923 2465 1018 2520 sed
1065 2465 1204 2519 illius
1233 2465 1410 2535 potius
1441 2465 1696 2519 miserere
1725 2504 1740 2528 ,
1770 2463 1858 2531 qui

257 2569 424 2622 quant
453 2555 505 2608 in
534 2570 595 2608 se
624 2555 785 2610 habet
813 2570 918 2609 non
957 2554 1130 2609 frenat
1163 2556 1392 2609 belluam
1411 2596 1424 2618 ,
1455 2555 1666 2624 sibique
1711 2570 1759 2623 pt
1775 2554 1860 2609 ius

258 2646 512 2699 damnum
541 2645 697 2700 affert
732 2653 787 2701 et
811 2646 1051 2702 exitium.
1081 2645 1233 2713 Quod
1269 2646 1411 2701 enim
1444 2647 1534 2716 qui
1559 2646 1694 2700 tales
1734 2655 1861 2701 sunt

259 2735 498 2804 sibiipsis
543 2735 797 2790 damnum
843 2735 1102 2802 afferant,
1137 2737 1258 2791 licet
1285 2737 1470 2792 audire
1505 2737 1701 2793 multos
1723 2779 1740 2805 ,
1769 2739 1860 2808 qui

261 2827 568 2895 hujusmodi
613 2842 817 2898 pugnas
857 2837 912 2883 et
961 2828 1081 2883 lites
1135 2838 1499 2898 componunt,
1553 2829 1656 2884 hoc
1704 2839 1859 2900 pacto

260 2929 354 2972 eo;
390 2916 772 2973 admonentes:
800 2919 964 2974 Parce
1008 2919 1240 2989 tibiipsi;
1291 2920 1420 2975 facis
1456 2922 1547 2976 tibi
1589 2922 1856 2990 injuriam.

259 3007 389 3062 Tale
416 3008 559 3062 enim
595 3017 679 3064 est
720 3009 907 3064 vitium
941 3027 1100 3065 zeum
1139 3013 1227 3081 qui
1273 3013 1443 3082 ipsum
1472 3013 1650 3082 parit,
1684 3014 1857 3068 solum

185 3153 187 3156 ,
259 3097 459 3151 damno
485 3097 670 3166 allicit,
697 3100 878 3154 omnia
900 3114 1098 3170 susque
1117 3101 1290 3172 deque
1310 3117 1531 3158 movens
1551 3113 1603 3157 et
1627 3105 1854 3172 agitans.

259 3189 338 3244 Ne
380 3205 508 3259 ergo
534 3191 778 3246 volentes
816 3191 950 3246 alios
981 3192 1204 3260 ulcisci,
1239 3193 1339 3264 ipsi
1381 3209 1412 3248 a
1455 3205 1608 3263 [ortu
1637 3197 1855 3250 excida-

263 3297 404 3335 tnus.
437 3282 622 3351 Neque
675 3283 817 3338 enim
849 3282 895 3336 si
935 3283 1200 3353 quispiam
1240 3299 1434 3340 navem
1479 3285 1775 3352 fracturus,
1804 3295 1858 3341 et

259 3371 687 3441 submergendus
710 3414 725 3437 ,
755 3381 806 3428 te
833 3373 887 3427 in
918 3381 1060 3428 terra
1088 3373 1362 3430 sedentem
1403 3378 1741 3431 contumeliis
1781 3377 1861 3430 af-

264 3461 466 3525 ﬁceret,
495 3476 560 3516 ex
588 3476 654 3516 eo
678 3462 916 3518 dolorem
945 3478 1184 3532 caperes,
1215 3480 1313 3519 nec
1338 3481 1370 3520 e
1401 3473 1540 3520 terra
1564 3467 1854 3532 excedens,

260 3567 385 3606 cum
415 3567 481 3606 eo
507 3567 625 3607 esse
648 3554 814 3609 velles
842 3553 1098 3626 naufragii
1130 3556 1415 3627 particeps.
1441 3557 1550 3611 lloc
1571 3573 1699 3627 ergo
1717 3557 1856 3625 apud

263 3655 316 3696 te
347 3652 532 3710 reputa
576 3644 751 3712 quod,
783 3646 872 3714 qui
905 3656 956 3699 te
983 3648 1306 3700 contumelia
1333 3647 1526 3714 afﬁcit,
1558 3657 1612 3702 et
1644 3649 1857 3716 probris

262 3734 575 3797 insectatur,
607 3742 875 3801 tamquam
909 3733 1122 3790 turbine
1165 3744 1220 3790 et
1243 3737 1472 3805 procella
1514 3737 1690 3807 aliqua
1738 3738 1856 3809 agi-

263 3835 403 3880 tatus
459 3825 837 3895 submergitur,
879 3828 930 3880 in
980 3828 1073 3882 ira:
1115 3829 1444 3898 naufragium
1493 3829 1770 3885 incidens:
1800 3838 1856 3884 tu

259 3927 438 3970 autem
495 3916 583 3986 qui
633 3915 740 3970 fers
781 3916 1008 3982 fortiter,
1051 3928 1106 3973 et
1133 3919 1183 3971 in
1211 3927 1364 3987 portu
1403 3928 1456 3975 et
1482 3920 1532 3974 in
1560 3921 1716 3975 litare
1742 3921 1856 3991 agis

259 4009 514 4063 suaviter.
565 4010 671 4064 Sed
695 4010 738 4064 si
769 4011 834 4065 ad
863 4010 1108 4066 eamdem
1135 4011 1391 4067 deferaris
1417 4015 1814 4069 contentionem
1836 4056 1852 4082 ,

261 4115 367 4154 non
410 4101 556 4154 illum
579 4140 593 4166 ,
617 4101 712 4156 sed
757 4104 982 4171 teipsum
1014 4102 1338 4160 demersisti.
1371 4105 1422 4157 7.
1457 4102 1719 4175 Exsurge,
1752 4104 1854 4158 Do-

261 4191 395 4244 mine
418 4231 432 4253 ,
463 4191 514 4243 in
542 4191 621 4243 ira
670 4201 786 4256 tua,
818 4193 1043 4246 exaltare
1071 4194 1123 4247 in
1168 4193 1352 4261 ﬁnibus
1389 4195 1712 4248 inimicorum
1737 4203 1852 4248 tuo-

261 4296 394 4333 rum.
436 4281 547 4335 lloc
592 4283 660 4335 ita
691 4282 852 4349 dixit,
885 4283 1175 4338 ostendens
1205 4300 1325 4338 eum
1358 4299 1517 4354 posse
1543 4287 1705 4341 etiam
1735 4300 1855 4340 sur-

260 4390 387 4444 gere
405 4389 508 4428 non
532 4375 582 4428 in
601 4376 676 4428 ira
700 4393 712 4437 ;
745 4385 800 4430 ut
820 4376 1033 4446 quando
1049 4376 1179 4431 dicit
1207 4395 1220 4431 :
1247 4376 1433 4449 Surge,
1457 4377 1692 4442 Domine,
1711 4395 1854 4433 serva

262 4483 360 4533 me,
397 4465 532 4520 Deus
575 4485 710 4522 meus
741 4467 912 4538 (Psat.
945 4470 998 4523 5.
1032 4467 1110 4540 7).
1139 4468 1272 4523 Cum
1297 4479 1477 4524 autem
1513 4471 1667 4525 audis
1689 4512 1705 4539 ,
1741 4471 1852 4526 Ex-

261 4573 452 4628 surge,
508 4558 640 4612 nihil
682 4559 963 4627 corporale
1027 4560 1338 4628 suspiceris.
1385 4560 1850 4628 Quemadmodum

259 4647 406 4701 enim
446 4647 636 4704 sedere
675 4665 781 4703 non
804 4650 1003 4703 dictum
1034 4658 1116 4704 est
1143 4650 1198 4704 in
1239 4651 1349 4705 Deo
1376 4652 1748 4720 corporaliter,
1782 4655 1850 4708 ita

260 4751 362 4791 nec
383 4735 504 4790 hoc.
532 4737 608 4791 Tu
628 4739 794 4806 enim,
816 4741 1007 4809 inquit,
1029 4740 1207 4794 sedens
1227 4740 1279 4795 in
1291 4742 1548 4794 saeculum.
1567 4743 1701 4810 Quid
1722 4757 1854 4814 ergo

259 4825 524 4896 signiﬁcat
545 4841 638 4896 per
665 4829 999 4884 sessionem?
1025 4829 1380 4898 Firmitatem,
1401 4833 1846 4902 immobilitatem,

259 4925 310 4971 et
341 4926 546 4971 naturze
575 4919 942 4986 stabilitatem,
967 4930 1126 4991 atque
1149 4924 1530 4978 constantiam.
1555 4925 1707 4992 Quod
1734 4927 1850 4996 qui-

257 5007 380 5062 dem
405 5010 721 5078 significavit
746 5013 907 5066 etiam
940 5029 1034 5080 per
1061 5014 1112 5068 id
1142 5014 1284 5082 quod
1327 5020 1376 5069 ei
1408 5031 1476 5071 ex
1501 5017 1730 5073 adverso
1755 5034 1852 5089 op—

259 5102 497 5170 ponitur.
527 5101 659 5157 Cum
695 5103 840 5159 enim
866 5105 1090 5161 dixisset
1122 5147 1139 5173 ,
1162 5106 1243 5160 Tu
1285 5107 1462 5163 sedem
1502 5110 1554 5164 in
1581 5111 1844 5178 sarculum,

257 5191 533 5262 subjunxit
553 5237 567 5260 ,
601 5193 701 5250 Vos
725 5205 893 5252 autem
916 5207 1186 5267 pereunt'es
1207 5200 1260 5253 in
1287 5200 1550 5256 steculum.
1579 5202 1850 5270 Quemad-

259 5285 478 5340 modum
507 5301 634 5357 ergo
662 5287 852 5344 sedere
888 5304 996 5344 non
1021 5299 1104 5346 est
1127 5292 1430 5360 corporale,
1459 5293 1530 5347 ita
1557 5309 1658 5348 nec
1687 5295 1850 5352 etiam

260 5389 480 5445 surgere
503 5392 520 5434 :
542 5377 640 5432 sed
685 5377 794 5433 illic
837 5379 1052 5449 quidem
1085 5380 1381 5448 stabilitas,
1414 5381 1503 5438 hic
1549 5393 1726 5439 autem
1756 5402 1852 5455 pu-

262 5465 443 5522 niendi
473 5465 555 5520 vis
595 5476 650 5522 et
670 5471 1020 5525 consumendi
1055 5481 1310 5540 potestas.
1354 5472 1555 5529 Sedere
1584 5475 1853 5544 significat

262 5572 662 5627 nonnumquam
689 5559 962 5629 judicandi
990 5562 1320 5629 facultatem,
1350 5574 1408 5618 ut
1435 5565 1646 5634 quando
1670 5567 1800 5621 dicit
1832 5584 1846 5622 :

261 5648 452 5702 Sedisti
477 5665 631 5720 super
670 5652 943 5720 thronum,
970 5654 1056 5726 qui
1095 5655 1299 5730 judicas
1339 5656 1595 5726 justitiam
1648 5659 1669 5726 (
1700 5656 1845 5712 Psal.

261 5737 316 5798 9.
339 5740 396 5812 6)
419 5756 435 5808 ;
462 5751 517 5800 et
540 5743 722 5801 Daniel
750 5762 764 5800 :
792 5743 982 5802 Throni
1009 5747 1162 5818 positi
1201 5758 1350 5819 sunt,
1376 5759 1421 5805 et
1452 5749 1588 5806 sedit
1593 5750 1847 5823 judicium

1985 461 2148 529 (Dan.
2182 461 2231 515 7.
2263 462 2343 532 9).
2371 462 2467 516 Est
2504 461 2664 515 etiam
2687 465 2866 531 regale
2897 459 3087 514 sedere
3111 501 3124 523 ,
3159 471 3213 512 ut
3246 460 3461 529 quando
3505 467 3586 516 ιιι·

1981 552 2091 606 cit:
2125 550 2365 605 Tltronus
2415 562 2554 616 tuus,
2597 549 2755 615 Deus,
2806 553 2859 604 in
2912 549 3155 605 smulum
3199 551 3585 618 swculiwirga

1980 644 2326 710 rectitudinis,
2359 644 2500 714 virga
2525 644 2667 714 regni
2696 645 2770 696 tui
2797 641 2970 712 (Psal.
3003 642 3092 697 44.
3128 642 3203 711 7).
3230 639 3384 696 Unde
3418 641 3581 707 illud,

1980 733 2116 789 Sede
2139 751 2170 787 a
2191 735 2381 788 deatris
2404 735 2526 788 meis
2561 734 2734 805 (Psal.
2765 734 2885 789 l09.
2907 731 2986 804 1),
3017 732 3338 802 signiﬁcavit
3358 733 3546 801 aequali
3565 761 3581 774 ο

1977 835 2140 881 tatem
2184 827 2424 882 honoris.
2456 827 2594 895 Quid
2637 837 2720 881 est
2745 836 2924 881 autem
2955 825 3082 880 illud
3104 865 3120 891 ,
3159 823 3223 878 In
3257 826 3336 878 ira
3365 826 3497 879 tua?
3524 824 3582 880 rd

1974 933 2188 988 qunque
2218 919 2289 972 ita
2324 934 2510 975 rursus
2533 918 2902 988 accipiendum
2930 927 3033 981 est,
3059 929 3113 972 ιιι
3141 919 3254 972 Deo
3273 916 3580 972 conveniat.

1974 1009 2056 1064 lra
2083 1010 2226 1065 enim
2261 1010 2353 1064 Dei
2377 1025 2484 1064 non
2513 1021 2596 1066 est
2622 1011 2788 1065 animi
2815 1010 3181 1080 perturbatio,
3214 1010 3309 1066 sed
3348 1011 3583 1082 castiga-

1975 1105 2048 1158 tio
2075 1111 2130 1159 et
2171 1104 2391 1171 punitio.
2424 1101 2670 1158 Exaltare
2696 1103 2749 1156 in
2788 1104 2976 1172 ﬁnibus
3003 1102 3324 1157 inimicorum
3349 1113 3579 1156 tuorum.

1972 1194 2127 1248 Alius
2178 1193 2341 1258 dicit,
2383 1192 2450 1247 In
2477 1195 2556 1246 ira
2581 1194 2823 1248 adversus
2866 1194 3097 1247 inimicos
3136 1202 3270 1248 tuos.
3304 1194 3475 1259 Alius,
3512 1192 3579 1247 In

1971 1285 2069 1340 bile
2106 1303 2275 1339 eorum
2305 1287 2392 1350 qui
2421 1303 2499 1340 me
2525 1287 2773 1357 afﬂigunt.
2807 1285 2989 1350 Alius,
3025 1284 3090 1338 In
3135 1285 3464 1338 dilationibus
3494 1285 3576 1338 al-

1971 1378 2256 1447 ligantium.
2303 1377 2564 1432 llebrzeus
2613 1387 2792 1432 autem
2842 1375 3010 1442 illud,
3045 1376 3111 1428 In
3152 1376 3378 1442 ﬁnibus,
3407 1374 3574 1439 dicit,

1969 1467 2224 1523 Bebarotlt
2258 1470 2351 1540 (a).
2389 1469 2520 1524 Vide
2544 1467 2814 1538 quomodo
2837 1482 3026 1522 rursus
3053 1482 3158 1520 non
3189 1480 3250 1521 se
3272 1464 3563 1529 ulciscitur,

1970 1560 2063 1614 sed
2091 1559 2204 1614 haec
2228 1561 2358 1616 dicit
2387 1575 2487 1631 pro
2534 1559 2626 1614 Dci
2663 1559 2856 1628 gloria.
2887 1557 3005 1611 Non
3031 1557 3176 1611 enim
3202 1556 3336 1611 dixit
3370 1557 3574 1610 solum-

1968 1650 2130 1705 modo
2150 1669 2162 1701 :
2179 1649 2314 1704 Puni
2335 1650 2580 1706 inimicos
2605 1663 2778 1714 meos,
2801 1647 2886 1703 vel
2911 1657 3064 1710 tuos;
3086 1647 3204 1712 sed,
3222 1645 3486 1699 Exaltare.
3509 1645 3578 1698 Et

1968 1740 2238 1810 quomodo
2268 1741 2532 1796 exaltatur
2558 1741 2646 1795 ille
2683 1742 2856 1800 altus.
2888 1749 2944 1794 et
2965 1739 3055 1809 qui
3088 1747 3402 1806 estsemper
3428 1738 3578 1792 altis-

1967 1831 2175 1886 simus?
2220 1831 2350 1902 Ejus
2392 1831 2536 1886 enim
2577 1840 2783 1886 natura
2815 1830 3040 1887 altitudo
3070 1845 3170 1884 nec
3215 1830 3446 1894 crescit,
3478 1845 3578 1885 nec

1968 1923 2257 1977 minuitur:
2285 1933 2368 1978 est
2390 1923 2533 1978 enim
2555 1923 2824 1994 perfectus
2850 1931 2906 1978 et
2933 1921 3129 1976 nullius
3168 1922 3245 1977 rei
3292 1921 3562 1992 indigens,

1967 2022 2022 2069 et
2045 2016 2134 2083 qui
2167 2029 2382 2084 semper
2407 2029 2474 2068 eo
2510 2015 2677 2069 modo
2704 2030 2763 2068 se
2790 2014 2972 2070 habet.
3005 2013 3290 2081 Quomodo
3313 2029 3443 2084 ergo
3463 2054 3480 2078 ,
3516 2023 3573 2068 et

1966 2120 2070 2175 qua
2097 2105 2304 2158 ratione
2351 2105 2615 2160 exaltatur
2640 2105 2665 2157 ἲ
2702 2104 2984 2159 Exaltatur
3010 2105 3063 2158 in
3095 2104 3384 2158 multorum
3426 2119 3576 2159 men-

1971 2199 2139 2254 tibus.
2163 2196 2624 2262 Quemadmodum
2649 2211 2796 2264 Saepe
2825 2195 3228 2265 longanimitate
3257 2209 3387 2248 usus
3413 2205 3496 2248 est
3529 2195 3569 2259 ¹;

1967 2277 2170 2341 inimici
2198 2295 2378 2340 autem
2417 2287 2795 2341 existimabant
2838 2285 2941 2340 hoc
2969 2301 3076 2338 non
3099 2300 3222 2340 esse
3250 2284 3573 2355 longanimi-

1968 2379 2107 2442 tatis,
2134 2378 2227 2433 sed
2257 2377 2572 2432 humilitatis
2599 2387 2656 2432 et
2683 2377 3085 2434 imbecillitatis.
3118 2377 3379 2444 Quocirca
3406 2375 3571 2431 etiam

1967 2470 2297 2535 humiliatur,
2326 2486 2433 2525 non
2460 2486 2518 2525 re
2540 2470 2652 2540 ipsa
2676 2510 2690 2534 ,
2717 2468 2814 2524 sed
2836 2468 3055 2523 illorum
3079 2468 3427 2539 cogitatione.

2038 2564 2092 2617 7.
2132 2562 2591 2630 Quemadmodum
2620 2563 2764 2618 enim
2805 2561 2885 2615 sol
2917 2560 3126 2616 videtur
3155 2575 3277 2616 esse
3305 2561 3570 2616 obscurus

1966 2653 2030 2708 iis
2059 2655 2147 2722 qui
2177 2654 2422 2708 laborant
2446 2653 2614 2708 oculis
2633 2695 2650 2720 ,
2670 2655 2748 2710 ita
2779 2652 2918 2707 Deus
2949 2651 3156 2706 videtur
3175 2666 3296 2707 esse
3323 2651 3572 2706 infirmus

1965 2754 2019 2799 et
2051 2745 2349 2799 imbecillus
2373 2745 2423 2798 in
2450 2759 2638 2799 eorum
2661 2743 2952 2797 mentibus.
2980 2741 3086 2798 Sed
3116 2741 3570 2811 quemadmodum

1964 2835 2139 2889 solita
2168 2835 2536 2899 existimatur,
2574 2849 2677 2887 non
2700 2843 2782 2888 est
2810 2844 2990 2887 autem
3028 2833 3326 2899 obscurus,
3367 2831 3462 2888 sed
3492 2842 3578 2889 est

1965 2927 2175 2982 affectio
2193 2927 2406 2980 illorum
2424 2926 2800 2981 imbecillitatis
2824 2943 2838 2978 :
2860 2926 2931 2980 ita
2947 2941 3160 2996 quoque
3178 2925 3339 2989 Deus,
3355 2927 3569 2982 etiamsi

1965 3019 2066 3074 hoc
2078 3019 2433 3082 existimetur,
2451 3035 2552 3074 non
2568 3017 2982 3083 estimbecillus,
2999 3018 3092 3073 sed
3113 3017 3162 3073 id
3175 3033 3240 3073 ex
3264 3019 3478 3073 illorum
3491 3019 3572 3073 in-

1964 3111 2212 3180 sipientia
2231 3110 2441 3164 accidit.
2465 3110 2601 3178 Quid
2621 3125 2750 3180 ergo
2770 3110 2895 3165 dicit
2910 3110 3123 3179 justus?
3146 3109 3397 3166 Exaltarc
3409 3111 3573 3167 etiam

1963 3203 2104 3274 apud
2136 3202 2383 3257 inimicos
2404 3217 2555 3257 meos
2578 3220 2591 3256 :
2617 3203 2898 3268 ulciscere,
2918 3211 2974 3257 et
2995 3202 3140 3257 vires
3167 3211 3285 3258 tuas
3300 3203 3526 3258 ostende
3541 3243 3562 3271 ,

1964 3305 2021 3349 nt
2048 3296 2209 3365 quite
2229 3293 2486 3348 humilem
2522 3293 2850 3359 existimant,
2880 3309 2945 3347 ex
2984 3293 3051 3347 iis
3088 3308 3209 3363 qua:
3252 3295 3529 3362 patiuntur
3553 3337 3570 3359 ,

1964 3394 2109 3442 tuam
2138 3385 2357 3442 videant
2395 3386 2640 3456 gloriam.
2688 3384 2879 3439 Vidisti
2920 3384 3039 3454 ejus
3079 3384 3418 3452 institutum,
3464 3403 3572 3441 non

1962 3478 2016 3533 id
2060 3479 2202 3550 quod
2249 3494 2441 3545 suum,
2488 3477 2583 3533 sed
2628 3477 2770 3548 quod
2820 3477 2912 3533 Dei
2946 3485 3030 3532 est
3072 3479 3386 3548 qumrentis.
3438 3479 3569 3534 Illud

1963 3581 2138 3625 autem
2161 3613 2175 3639 ,
2209 3569 2276 3624 In
2306 3571 2525 3640 ﬁnibus,
2556 3571 2644 3625 alii
2675 3571 2891 3641 quidem
2925 3569 3143 3634 dicunt,
3177 3557 3242 3623 In
3285 3571 3572 3639 capitibus;

1961 3663 2051 3717 alii
2099 3673 2277 3718 autem
2308 3703 2324 3728 ,
2383 3661 2579 3716 Nullus
2627 3662 2791 3733 fugiat
2845 3663 3189 3716 inimicorum.
3237 3663 3426 3733 Magna
3486 3676 3572 3719 est

1963 3764 2142 3807 autem
2168 3751 2300 3823 justi
2328 3753 2495 3812 virtus
2515 3753 2730 3822 quando
2757 3753 2976 3808 eosdem
3006 3754 3197 3819 habet,
3225 3769 3360 3823 quos
3390 3755 3529 3808 Deus
3550 3795 3567 3820 ,

1962 3845 2207 3901 inimicos
2227 3886 2244 3911 ,
2276 3853 2330 3901 et
2359 3843 2579 3900 eosdem
2610 3843 2812 3899 amicos
2860 3861 2874 3898 :
2909 3852 2964 3898 ut
2995 3859 3185 3914 magna
3216 3845 3571 3913 improbitas,

1962 3939 2178 4009 quando
2217 3938 2309 3992 Dei
2335 3938 2538 3991 amicos
2567 3936 2815 3991 inimicos
2835 3978 2850 4002 ,
2885 3944 2938 3991 et
2966 3936 3212 3991 inimicos
3235 3938 3438 3992 amicos
3469 3937 3568 3991 ha-

1962 4031 2071 4086 bet.
2101 4028 2563 4096 Quemadmodum
2591 4043 2720 4098 ergo
2747 4028 2887 4082 Deus
2913 4027 3108 4082 dicitur
3135 4027 3339 4083 habere
3383 4028 3559 4085 inimi-

1962 4136 2086 4186 cos,
2117 4137 2224 4175 non
2255 4119 2380 4175 odio
2406 4118 2642 4186 habens,
2685 4133 2859 4189 neque
2885 4133 2980 4173 eos
3003 4133 3262 4174 aversans
3282 4159 3300 4186 ,
3333 4119 3427 4175 sed
3469 4119 3570 4177 itu-

1962 4214 2159 4284 probas
2199 4228 2388 4269 eorum
2433 4213 2674 4267 actiones
2701 4210 3039 4267 abhorrens:
3070 4211 3141 4266 ita
3187 4212 3350 4267 etiam
3392 4214 3573 4281 justus

1961 4305 2121 4361 habet
2149 4304 2428 4369 inimicos,
2459 4317 2566 4358 non
2594 4316 2689 4358 cos
2713 4303 3007 4368 ulciscens,
3039 4299 3136 4358 sed
3165 4303 3565 4372 improbitatem

1959 4411 2239 4452 aversans.
2284 4393 2351 4448 Et
2384 4410 2631 4465 exsurge,
2677 4392 2900 4448 Domine
2938 4391 3080 4448 Deus
3124 4410 3300 4460 meus,
3334 4395 3390 4448 in
3431 4413 3570 4463 pra:-

1958 4498 2106 4559 cepto
2146 4489 2282 4560 quod
2323 4487 2602 4542 mandasti.
2647 4485 2800 4541 Alius
2843 4485 3006 4552 dicit,
3047 4486 3100 4540 in
3136 4487 3357 4557 judicio.
3399 4488 3454 4544 8.
3500 4488 3572 4542 Et

1959 4598 2219 4653 synagoga
2253 4579 2562 4652 populorum
2603 4579 2937 4633 circumdabit
2983 4589 3049 4634 te.
3078 4578 3232 4636 Alius
3255 4579 3420 4646 dicit,
3466 4582 3570 4635 cits

1958 4674 2158 4727 cumdel
2180 4681 2246 4728 te.
2271 4671 2339 4726 Et
2376 4680 2584 4743 propter
2605 4671 2736 4724 hanc
2761 4672 2814 4724 in
2840 4670 3000 4724 altum
3021 4675 3304 4742 regredere,
3326 4672 3566 4732 Domine.

1963 4759 2113 4821 Alius
2138 4765 2268 4820 dicit
2292 4805 2306 4832 ,
2333 4773 2382 4819 et
2405 4779 2562 4836 supra
2587 4763 2754 4833 ipsam
2777 4763 2832 4817 in
2856 4763 3016 4817 altum
3039 4775 3345 4829 conuertere,
3375 4767 3529 4822 Alius
3545 4808 3564 4832 ,

1959 4856 2028 4913 Et
2074 4875 2226 4928 super
2271 4858 2368 4910 hac
2421 4857 2476 4910 in
2522 4855 2683 4910 altum
2723 4863 2988 4910 revertere.
3042 4855 3300 4912 Hebrzeus
3344 4866 3562 4928 autem,

1958 4949 2090 5005 illud
2110 4991 2130 5024 ,
2163 4948 2332 5018 Super
2351 4948 2518 5018 ipsam
2537 4987 2553 5014 ,
2580 4945 2745 5014 dicit,
2779 4947 2988 5000 Ocalea.
3020 4947 3157 5014 Quid
3183 4957 3266 5003 est
3284 4988 3301 5015 ,
3332 4947 3400 5003 In
3424 4967 3564 5020 prc-

1958 5049 2100 5112 cepto
2129 5038 2268 5111 quod
2307 5038 2566 5092 mandasti
2585 5037 2611 5092 f
2647 5037 2721 5093 Iit
2745 5051 2902 5108 opem
2941 5037 3208 5104 feramus,
3254 5039 3426 5110 inquit
3449 5081 3466 5106 ,
3497 5040 3564 5099 iis

1957 5132 2049 5204 qui
2078 5129 2385 5187 afﬁciuntur
2410 5128 2636 5199 injuria,
2662 5136 2719 5184 et
2746 5144 2853 5183 non
2881 5129 3214 5200 negligamus
3239 5144 3334 5185 eos
3365 5130 3564 5201 quibus

1956 5229 2238 5277 struuntur
2289 5219 2516 5275 insidiae.
2557 5218 2711 5287 Quod
2739 5227 2794 5274 tu
2838 5233 2970 5289 ergo
3007 5220 3164 5274 nobis
3206 5219 3326 5291 lege
3351 5222 3557 5277 consti-

1959 5312 2140 5380 tuisti,
2189 5310 2293 5366 hoc
2328 5311 2490 5366 etiam
2539 5308 2694 5366 factis
2731 5309 2890 5365 nobis
2923 5309 3183 5380 exprime.
3231 5311 3335 5366 Alii
3379 5324 3560 5368 autem

2022 5445 2358 5555 ζὴιτᾷιῶηιιεω
2379 5448 2474 5505 est,
2495 5450 2660 5494 ﬂoret.
2685 5443 2840 5504 addit,
2877 5443 3025 5496 etiam
3061 5443 3112 5495 in
3134 5457 3214 5496 eos
3235 5445 3322 5508 qui
3338 5447 3564 5498 maxim

2021 5541 2354 5631 magna
2369 5565 2521 5616 lectio
2535 5573 2631 5624 est.
2653 5571 2883 5627 rimus,
2899 5581 3045 5630 quam
3059 5570 3225 5628 cmi,
3249 5569 3330 5618 alii
3351 5583 3539 5632 gms.“

1956 5638 2040 5703 alii
2054 5650 2201 5703 Δβισριοι
2223 5637 2436 5703 reddunt
2449 5650 2640 5703 ;_verus
2667 5647 2836 5703 autem
2874 5640 3019 5703 hujus
3040 5643 3171 5690 vocis
3192 5653 3371 5691 sensus
3387 5651 3487 5703 est,
3507 5656 3569 5694 us

1957 5698 2385 5764 indignationibus,
2417 5698 2478 5749 ad
2497 5711 2643 5770 quam
2677 5698 3077 5813 signiﬁcationem
3121 5703 3311 5753 accedit
3350 5698 3560 5767 sm

1958 5763 2094 5813 chus.
2120 5763 2204 5813 aui
2229 5763 2393 5813 vertit.
2419 5773 2455 5812 ιν
2478 5773 2591 5813 πόλιν.
2615 5774 2665 5813 ut
2689 5761 2736 5813 bs
2756 5775 2802 5813 e.
2826 5775 2932 5813 save
2957 5776 3007 5813 tn
3031 5776 3129 5813 ira.

1958 5761 2094 5825 chus,
2120 5763 2204 5826 qui
2229 5763 2393 5823 vertit,
2419 5773 2455 5812 ιν
2478 5773 2591 5826 ιελιρ,
2615 5761 2665 5813 in
2689 5761 2802 5826 bsic,
2826 5764 2932 5814 sive
2957 5763 3007 5814 in
3031 5762 3129 5816 ira.
