4070 6440
499 390 563 447 9!
1281 390 1337 445 S.
1377 390 1654 446 JOANNIS
1691 389 2167 445 CIlRYSOSTOMl
2204 389 2521 444 ARCIIIEP.
2563 388 3093 446 CONSTANTINOP.
3699 395 3772 450 92

497 501 678 557 dicunt
701 501 860 560 etiam
889 500 1031 555 aliud
1056 542 1072 567 ,
1097 515 1288 571 nempe
1309 503 1552 570 promisit
1579 517 1638 558 se
1665 502 1932 556 inimicum
1963 500 2074 556 fore

495 591 889 661 iniuiicisejus.
931 593 982 648 8.
1024 590 1093 652 Et
1119 584 1379 668 synagOga
1405 593 1710 662 populorum
1747 589 2077 651 circumdabit

502 691 570 736 te.
610 681 756 737 Nihil
797 679 1082 738 humanum
1117 697 1191 739 ne
1239 683 1324 743 hic
1362 683 1574 752 quidem
1616 683 1923 752 suspiceris.
1969 682 2078 741 Etsi

502 770 646 828 enim
687 770 820 829 tales
855 780 981 831 sunt
1024 769 1316 837 dictiones,
1367 781 1491 827 sunt
1531 779 1713 830 tamen
1763 787 1918 829 sensa
1961 787 2079 840 qum

500 861 616 918 Deo
644 863 982 920 conveniant.
1033 863 1169 932 Quid
1197 874 1279 919 est
1324 878 1489 931 ergo,
1521 861 1864 917 Circumdabt'l
1890 872 1936 916 te
1956 863 1981 914 .9
2023 862 2078 920 Id

501 950 786 1017 est,Canct
803 953 916 1017 tibi,
939 953 1169 1006 laudabit
1198 961 1267 1016 te,
1299 953 1453 1007 bonis
1478 961 1535 1012 et
1555 952 1860 1008 honoriﬁcis
1889 962 1938 1006 te
1953 967 2076 1006 ver-

503 1038 588 1098 bis
640 1035 842 1104 abl-im
912 1044 1288 1112 prosequetur.
1349 1042 1610 1108 Quoniam
1658 1042 1799 1100 enim
1840 1042 1941 1096 hoc
1987 1056 2080 1110 per

505 1129 700 1184 choros
727 1130 1014 1192 faciebant.
1039 1132 1093 1184 in
1116 1132 1298 1191 orbem
1322 1133 1769 1187 circumsistentes
1800 1132 1852 1185 in
1885 1133 2080 1201 templo

503 1228 558 1273 ct
582 1220 633 1274 in
677 1220 829 1282 altari
854 1260 869 1286 ,
911 1230 964 1274 et
989 1221 1060 1278 ita
1081 1222 1366 1290 gratiarum
1392 1223 1628 1277 actiones
1647 1221 1983 1287 oﬁ'erebant;
2012 1238 2076 1276 ex

503 1311 616 1377 ipsa
653 1311 826 1366 standi
876 1310 1046 1365 forma
1087 1312 1439 1368 laudationem
1489 1327 1676 1367 eorum
1736 1313 2077 1383 significavit.

502 1397 652 1466 Quod
677 1408 852 1464 autem
877 1399 1034 1467 dicit,
1067 1403 1172 1458 tale
1199 1410 1318 1456 est:
1365 1401 1632 1461 Ulcisoere
1649 1445 1663 1468 ,
1694 1402 1774 1458 fer
1799 1402 2074 1457 auxilium.

502 1486 616 1542 Hoc
660 1497 711 1542 te
748 1499 798 1542 et
831 1488 982 1558 ‘apud
1032 1491 1276 1545 inimicos
1331 1490 1520 1547 reddet
1567 1493 1882 1558 excelsum,
1926 1502 1980 1546 et
2021 1501 2079 1547 ut

503 1586 624 1631 tuus
667 1577 896 1649 populus
946 1579 1126 1636 multis
1171 1591 1220 1635 te
1259 1581 1506 1637 laudibus
1552 1593 1605 1638 et
1633 1583 1844 1654 hymnis
1886 1593 2076 1650 ornet,

501 1668 726 1730 efﬁciet.
773 1668 904 1724 Vide
950 1671 1214 1739 quomodo
1257 1688 1364 1730 non
1413 1673 1552 1743 quod
1582 1688 1772 1740 suum,
1817 1673 1911 1729 sed
1937 1675 2078 1744 quod

505 1768 586 1812 est
613 1759 912 1828 Deiquterit
955 1760 1167 1830 ubique.
1215 1761 1338 1816 Vult
1388 1764 1529 1818 enim
1577 1764 1745 1833 ipsum
1793 1764 1986 1833 ubique
2025 1773 2080 1817 et

503 1849 641 1917 apud
687 1851 930 1904 inimicos
975 1860 1030 1914 et
1053 1852 1190 1922 apud
1230 1867 1358 1908 suos
1385 1854 1550 1924 gloria
1592 1863 1647 1910 et
1673 1857 1880 1924 honore
1913 1853 2073 1910 afﬁci.

504 1939 575 1993 Et
612 1957 702 2007 pro
729 1940 840 2011 ipsa
879 1944 931 1995 in
973 1943 1129 1998 altum
1173 1955 1419 2003 converte.
1468 1945 1573 1998 Pro
1619 1947 1763 2016 ipsa,
1807 1947 2078 2015 quanam?

504 2031 778 2102 Synagoga
799 2074 814 2097 ,
848 2033 1038 2102 inquit,
1075 2033 1176 2089 hoc
1221 2044 1324 2099 om,
1355 2045 1571 2105 propter
1613 2038 1780 2106 ipsam
1824 2037 1893 2091 In
1919 2038 2080 2093 altum

504 2137 728 2180 converte
752 2143 771 2192 ;
816 2130 985 2184 cxalta
1027 2145 1161 2196 nos,
1207 2135 1403 2188 extolle
1441 2149 1573 2198 nos,
1625 2134 1706 2187 lac
1744 2141 1804 2187 ut
1848 2131 1956 2186 sint
1995 2147 2079 2187 res

505 2218 626 2271 alta:
660 2228 712 2272 et
753 2221 998 2287 excelsm,
1035 2221 1115 2278 iac
1155 2233 1210 2282 ut
1256 2226 1326 2280 sit
1368 2225 1562 2280 clarior
1598 2233 1653 2278 et
1697 2223 1955 2288 illustris,
1988 2239 2079 2278 re-

505 2308 608 2362 duc
629 2325 743 2364 eam
764 2312 830 2365 ad
852 2314 1083 2384 priorem
1105 2317 1533 2385 prosperitatem.
1565 2315 1695 2370 Vide
1726 2325 1902 2371 autem
1945 2330 2080 2384 quo-

505 2400 666 2453 modo
687 2402 878 2473 ubique
909 2405 1152 2473 precibus
1188 2406 1482 2464 doctrinam
1524 2407 1833 2461 admisceat.
1869 2407 2080 2461 Etenim

511 2507 634 2544 cum
656 2494 795 2561 prius
812 2494 1053 2562 dixisset,
1076 2497 1313 2555 Miserere
1328 2499 1508 2565 mei,et
1532 2498 1719 2552 exaudi
1740 2496 1997 2566 nte(Psal.
2024 2498 2080 2552 Δ.

505 2583 540 2634 :2
566 2583 582 2652 )
613 2624 628 2637 .
663 2586 923 2640 convertit
963 2601 1267 2644 sermonem
1295 2589 1362 2644 ad
1404 2589 1714 2656 consilium,
1741 2587 1817 2642 sic
1855 2588 2036 2642 dicens
2065 2606 2078 2641 :

513 2671 632 2726 Filii
675 2675 963 2740 ltoiuirtum,
1008 2694 1262 2749 quousque
1301 2680 1442 2750 gravi
1473 2680 1666 2732 corde?
1712 2679 1780 2733 Et
1821 2678 1910 2732 llic
1959 2693 2081 2732 cum

506 2765 757 2827 dixisset,
786 2765 854 2819 lu
881 2767 1037 2821 altum
1053 2779 1305 2837 conserte,
1339 2769 1552 2824 Domine
1570 2768 1730 2839 (Ibid.
1758 2787 1806 2824 υ.
1837 2771 1890 2840 5)
1907 2811 1923 2836 ,
1950 2769 2080 2824 sub-

503 2853 714 2923 iungit:
747 2856 801 2916 9..
869 2856 1119 2912 Dominus
1149 2861 1401 2931 judicabit
1447 2863 1681 2930 populos.
1719 2862 1868 2916 Alius
1905 2870 2081 2917 autem

505 2945 671 3010 dicit,
731 2945 982 3002 Dominus
1025 2949 1355 3020 disceptabit;
1398 2950 1596 3006 docens
1640 2967 1733 3007 eos
1775 2953 1865 3023 qui
1903 2954 2081 3008 omnia

507 3049 635 3091 casu
661 3046 710 3094 et
736 3045 938 3094 temere
966 3041 1077 3094 ﬁeri
1115 3050 1304 3113 putant
1321 3083 1335 3107 ,
1363 3043 1520 3101 rebus
1547 3043 1824 3112 quamdam
1849 3059 2084 3114 rprteesse

489 3127 892 3195 providentiam
915 3171 929 3194 ,
962 3145 1080 3199 qua:
1103 3146 1288 3186 eorum
1313 3148 1434 3201 qua:
1453 3132 1584 3188 ﬁunt
1619 3135 1875 3190 rationem
1898 3137 2078 3206 exigit.

513 3218 778 3275 Judicium
808 3231 984 3276 autem
1005 3221 1093 3277 hic
1115 3222 1245 3278 dicit
1268 3232 1319 3278 et
1340 3221 1598 3291 futurum,
1616 3235 1670 3280 et
1693 3241 1946 3294 praesens.
1970 3225 2084 3283 illic

508 3311 648 3365 enim
694 3312 864 3383 ipsum
905 3314 1007 3367 erit
1031 3323 1085 3368 et
1126 3315 1473 3379 universum,
1515 3326 1570 3371 et
1596 3318 2084 3375 manifestumzbic

508 3412 686 3456 autem
717 3419 785 3457 ex
813 3413 958 3472 parte
994 3405 1151 3460 etiam
1182 3406 1344 3460 sumit
1389 3421 1605 3475 pinnas,
1650 3417 1705 3463 et
1743 3410 2080 3466 socordiores

514 3494 773 3555 excitans,
806 3503 859 3548 et
886 3495 1204 3550 inﬁdeliores
1224 3496 1497 3552 attrahens
1523 3499 1589 3553 ad
1612 3499 1898 3556 curandam
1923 3502 2083 3558 totius

511 3583 692 3635 mundi
724 3569 1132 3651 providentiam.
1159 3585 1346 3640 Iudico
1391 3604 1502 3656 me,
1525 3589 1773 3657 Domine,
1813 3592 2084 3646 secundum

503 3674 751 3738 justitiam
779 3691 960 3729 meatu.
986 3676 1137 3731 Alius
1159 3676 1321 3743 dicit,
1368 3677 1662 3734 Secundum
1693 3682 1784 3749 jus
1809 3698 1991 3737 meum.
2015 3683 2083 3738 Et

502 3767 778 3820 secundum
825 3769 1162 3823 innocentium
1200 3787 1361 3824 meant
1395 3788 1547 3840 super
1586 3789 1684 3826 nte.
1720 3774 1803 3827 l0.
1835 3776 2082 3830 Consum-

514 3858 674 3900 matur
698 3851 916 3915 nequitia
940 3862 1278 3920 peccatorum.
1316 3855 1466 3909 Alius
1493 3855 1623 3910 dicit
1650 3873 1664 3910 :
1688 3855 1976 3926 Peragatur
2005 3876 2086 3913 oe-

515 3938 654 3989 :mtio
706 3941 944 3995 adversus
995 3943 1196 4012 impios.
1239 3942 1309 3998 Et
1333 3945 1517 4017 diriges
1533 3947 1754 4016 justum.
1796 3948 1978 4013 Alius,
2017 3949 2084 4004 Et

512 4029 732 4082 stabilia
747 4030 966 4100 justum.
1007 4033 1104 4101 Qui
1147 4033 1204 4088 ﬁt
1231 4043 1287 4089 ut
1311 4036 1400 4105 qui
1435 4037 1559 4091 alibi
1593 4038 1752 4106 dicit,
1783 4039 1904 4094 Non
1928 4041 2084 4097 intres

512 4119 563 4170 in
580 4119 832 4188 judicium
857 4137 972 4183 cum
1013 4140 1153 4180 seruo
1195 4125 1464 4196 tuo(Psal.
1493 4128 1615 4182 142.
1643 4129 1680 4183 2
1705 4129 1726 4201 )
1749 4171 1764 4195 ,
1797 4130 1885 4187 hic
1907 4133 2081 4201 dicat,

510 4206 699 4262 Judica
720 4228 796 4265 me
813 4214 1084 4275 secundum
1101 4216 1353 4286 justitiam
1375 4235 1535 4273 nteant
1555 4219 1582 4272 ?
1605 4219 1756 4287 Quod
1782 4221 1882 4277 hoc
1898 4224 2038 4279 aliud
2059 4266 2077 4292 ,

513 4314 566 4357 et
595 4301 722 4358 illud
745 4304 887 4359 aliud
907 4307 996 4361 sit.
1026 4305 1117 4362 ille
1141 4309 1283 4364 enim
1313 4309 1522 4376 dicens,
1547 4309 1671 4366 Non
1690 4313 1845 4367 intres
1872 4315 1924 4368 in
1940 4317 2086 4384 judi-

511 4393 644 4447 rium
677 4410 791 4449 eum
817 4411 959 4453 me
984 4404 1100 4462 tua,
1124 4397 1418 4468 signiﬁcat,
1459 4399 1536 4456 Ne
1564 4411 1618 4456 tu
1643 4418 1851 4457 mecum
1884 4403 2085 4475 judicio

511 4485 879 4555 contenderis,
915 4500 987 4556 pe
1032 4503 1207 4547 meam
1249 4491 1453 4556 vitam,
1495 4506 1617 4547 cum
1665 4493 1770 4548 tuis
1812 4493 2084 4551 beneﬁciis

513 4577 836 4634 conferendo
855 4619 874 4645 ,
895 4578 1309 4639 examinaveris.
1341 4580 1409 4638 Et
1434 4582 1558 4639 ideo
1575 4583 1848 4653 subjunxit
1882 4587 2039 4641 etiam
2065 4603 2080 4641 :

517 4667 650 4732 Quia
676 4684 776 4722 non
796 4669 1158 4739 justiﬁtubitur
1182 4672 1235 4728 iu
1261 4682 1529 4740 conspectu
1554 4681 1642 4728 tuo
1680 4674 1844 4731 omnis
1880 4676 2045 4732 virens
2062 4716 2082 4744 ,

511 4756 614 4812 bac
632 4765 734 4824 est,
765 4759 810 4816 si
840 4767 1014 4816 tecum
1041 4760 1093 4815 in
1110 4759 1306 4830 judicio
1324 4762 1626 4820 contendat.
1658 4763 1756 4821 Hic
1771 4774 1950 4820 autem
1976 4783 2082 4824 non

512 4849 616 4905 hoc
638 4851 938 4910 dicit:non
961 4853 1076 4909 Vult
1099 4854 1242 4910 enim
1290 4855 1344 4912 in
1381 4853 1582 4925 judicio
1620 4871 1742 4912 cum
1783 4858 1900 4930 ipso
1949 4874 2082 4918 oon-

515 4940 734 4996 ttendere
757 4981 774 5006 ,
801 4941 895 4998 sed
915 4956 1120 4998 neum.
1148 4942 1219 4998 Et
1255 4942 1376 4999 ideo
1407 4944 1575 5010 dicit,
1603 4945 1894 5004 Secundum
1923 4950 2082 5021 justi-

515 5035 636 5088 tiam
655 5047 837 5098 mm,
855 5034 957 5090 boc
981 5041 1084 5100 est,
1105 5034 1410 5096 Secundum
1423 5035 1680 5105 justitiam
1707 5054 1825 5109 qua:
1844 5054 1962 5096 mea
1977 5050 2080 5097 est.

512 5123 780 5179 Justitiam
821 5133 998 5193 autem
1027 5123 1114 5183 hic
1135 5123 1265 5181 dicit
1283 5163 1302 5188 .
1327 5140 1432 5180 non
1452 5127 1681 5195 erupisse
1705 5129 1952 5186 manibus
1975 5130 2082 5185 ini-

511 5215 631 5285 quis
649 5215 859 5280 rixam;
887 5212 1027 5285 quod
1055 5214 1188 5274 dixit
1206 5217 1450 5286 superius
1469 5259 1483 5280 ,
1515 5215 1575 5272 Si
1597 5217 1689 5273 hoc
1724 5217 1852 5287 feci,
1877 5229 1931 5274 et
1961 5235 2081 5290 quas

513 5314 834 5377 sequuntur.
882 5305 1024 5364 idem
1071 5315 1249 5364 autem
1288 5307 1550 5378 signiﬁcat
1592 5309 1749 5376 illud,
1792 5308 2082 5366 Secundum

513 5399 853 5452 innocentiam
909 5412 1108 5462 nteant;
1153 5394 1452 5453 Secundum
1517 5399 1653 5464 hoc,
1710 5399 1914 5469 inquit,
1961 5401 2081 5456 volo

512 5487 754 5555 iudicari.
778 5473 964 5559 magna
985 5496 1068 5542 est
1094 5489 1250 5543 etiam
1274 5488 1498 5559 bicjusti
1527 5489 1736 5545 ﬁducia.
1769 5490 1896 5545 Haec
1922 5505 2082 5561 porro

514 5579 641 5632 dicit
665 5587 897 5632 coactus.
928 5579 995 5632 Et
1021 5579 1285 5648 quomodo
1309 5580 1332 5632 ἲ
1358 5580 1510 5648 Quod
1535 5580 1684 5638 multi
1716 5580 1864 5637 stulti
1883 5580 1952 5641 ei
1976 5581 2040 5635 iis
2062 5623 2078 5646 ,

514 5685 630 5739 qua:
653 5669 976 5739 patiebatur,
1022 5674 1212 5741 malum
1240 5671 1309 5727 de
1331 5687 1398 5726 eo
1437 5673 1743 5742 opinionem
1783 5674 2078 5743 cepissent.

520 5761 758 5832 Plurimis
801 5762 942 5818 enim
969 5760 1115 5823 stulti
1143 5777 1206 5817 cx
1251 5763 1315 5819 iis
1355 5777 1473 5834 qua:
1517 5764 1762 5822 accith
1803 5764 2077 5822 calamita-

2189 498 2352 557 tibus.
2379 499 2552 556 solent
2580 498 2738 556 vitam
2771 501 2938 568 ipsam
2961 500 3234 556 criminari
3267 520 3280 554 :
3312 502 3450 572 quod
3484 503 3646 558 etiam
3669 505 3768 573 ipsi

2178 573 2287 643 .Job
2311 590 2520 647 accidit.
2541 589 2798 656 Quocirca
2815 591 2861 643 ci
2887 591 3046 644 etiam
3069 591 3336 655 dicebant,
3361 607 3487 648 cum
3516 593 3644 648 nihil
3665 595 3771 648 sei-

2183 681 2381 737 rcntab
2395 697 2459 735 eo
2477 685 2611 739 male
2626 681 2824 738 factum
2851 698 2864 733 :
2884 681 2996 738 Non
3013 682 3171 751 digne
3194 699 3291 753 pro
3303 686 3540 754 peccatis
3559 685 3666 739 tuis
3678 683 3770 739 ﬁa-

2178 772 2410 840 gellatus
2457 785 2533 825 es.
2564 769 2687 839 (Job
2713 772 2809 828 '53.
2823 772 2936 841 27).
2965 771 3188 842 Paulum
3215 788 3423 843 quoque
3447 776 3770 831 sceleratum

2183 861 2413 930 aliquem
2435 870 2489 917 et
2511 861 2809 917 maleﬁcum
2832 861 3214 921 existimabant
3248 863 3488 930 barbari,
3519 865 3771 934 quoniam

2186 955 2366 1021 vipera
2395 953 2511 1020 ejus
2539 968 2750 1008 manum
2774 951 3307 1021 apprehenderat,.et
3326 954 3451 1010 ideo
3477 955 3728 1014 dicebant
3757 973 3770 1008 :

2188 1041 2452 1103 Servatum
2481 1059 2545 1099 ea:
2568 1042 2697 1096 muri
2731 1044 2854 1096 ultio
2882 1060 2979 1095 nou
3000 1045 3118 1096 sinit
3144 1044 3279 1097 hunc
3306 1045 3558 1099 [continent
3612 1049 3781 1103 vim:

2180 1134 2321 1202 (Act.
2349 1134 2440 1190 28..
2484 1137 2568 1203 4).
2610 1135 2776 1189 Porro
2836 1133 3013 1193 Semei
3074 1150 3287 1205 quoque
3332 1137 3498 1190 David
3545 1136 3770 1191 vocabat

2181 1221 2540 1287 homicidam,
2581 1231 2803 1292 propter
2845 1224 3199 1279 calamitatem
3245 1227 3382 1285 hanc
3423 1225 3678 1288 nefariam
3704 1225 3774 1281 do

2183 1325 2248 1374 ,eo
2273 1311 2448 1368 ferens
2475 1313 2791 1366 sententiam
2821 1313 2899 1384 (2.
2927 1314 3056 1384 Reg.
3086 1313 3172 1368 16.
3204 1316 3236 1370 7
3267 1313 3311 1384 ).

2253 1399 2309 1454 8.
2346 1399 2425 1455 Ne
2447 1415 2571 1470 ergo
2602 1401 2830 1472 idipsum
2859 1417 3071 1472 quoque
3097 1405 3244 1459 vobis
3263 1406 3280 1436 ⁸
3310 1404 3536 1473 accidat,
3572 1420 3670 1474 age
3702 1403 3774 1461 de

2184 1487 2269 1545 bis
2291 1491 2564 1560 paulisper
2590 1491 2936 1557 disseramus.
2967 1493 3161 1548 Multos
3187 1495 3327 1557 enim
3379 1497 3540 1551 audio
3580 1496 3772 1553 dicen-

2185 1588 2264 1634 tes
2308 1597 2323 1634 :
2380 1580 2437 1636 Si
2487 1581 2626 1637 Deus
2666 1592 2869 1638 amaret
2914 1585 3213 1654 pauperes,
3258 1601 3396 1663 non;
3417 1587 3617 1644 sineret
3653 1601 3777 1644 esse

2183 1687 2479 1741 pauperes;
2510 1689 2698 1733 rursus
2726 1676 2895 1740 alios,
2938 1677 3028 1731 ubi
3073 1679 3376 1747 quempiam
3423 1681 3651 1736 viderint
3693 1681 3777 1736 in-

2185 1763 2438 1819 ﬁrmitate
2481 1765 2566 1823 vel
2610 1767 2797 1822 morbo
2825 1769 3119 1824 conﬂictari
3155 1771 3409 1825 diuturno
3438 1790 3458 1828 :
3504 1773 3607 1829 Ubi
3650 1786 3778 1830 sunt

2186 1854 2326 1909 illius
2355 1856 2746 1928 eleemosynaa?
2775 1858 2863 1913 ubi
2886 1860 3001 1928 ejus
3031 1860 3346 1916 benefacta?
3373 1863 3451 1918 Ne
3477 1864 3528 1917 in
3549 1865 3777 1935 liiscrgo

2188 1946 2422 2012 peccetis
2441 1986 2456 2010 ,
2488 1946 2556 2000 de
2585 1947 2665 2002 his
2693 1948 2838 2002 clare
2869 1959 2924 2003 et
2944 1950 3192 2005 distincte
3220 1952 3461 2007 dicamus
3476 1956 3517 2006 '.
3550 1955 3603 2009 Si
3630 1956 3781 2009 enim

2185 2033 2346 2091 homo
2370 2036 2458 2106 qui
2485 2038 2658 2106 sapit,
2698 2053 2799 2096 nec
2829 2039 2995 2094 bonos
3025 2041 3238 2107 odisse,
3271 2059 3370 2096 nec
3400 2044 3569 2099 malos
3593 2060 3783 2101 aituero

2178 2133 2398 2198 potest,
2444 2129 2716 2197 quomodo
2747 2139 2801 2182 tu
2840 2130 3005 2186 audes
3043 2130 3110 2185 de
3147 2131 3371 2185 Domino
3406 2134 3584 2189 dicere
3608 2176 3625 2199 ,
3671 2136 3779 2191 Eos

2184 2216 2272 2286 qui
2320 2225 2445 2271 sunt
2490 2217 2542 2271 in
2576 2228 2886 2287 paupertate
2924 2220 3036 2274 odit
3074 2221 3215 2276 Deus
3240 2263 3254 2286 ,
3296 2222 3396 2276 etsi
3434 2224 3540 2277 sint
3578 2225 3779 2280 virtute

2182 2307 2389 2378 przediti
2422 2326 2434 2360 :
2466 2308 2657 2367 divites
2683 2319 2879 2374 autem,
2909 2314 3008 2366 etsi
3033 2313 3139 2365 sint
3179 2313 3354 2366 vitiosi
3399 2322 3453 2368 et
3491 2314 3775 2382 scelerati,

2186 2399 2402 2469 diligit;
2453 2401 2766 2456 maledicum
2829 2412 2882 2455 et
2945 2402 3311 2470 blasphemum
3370 2420 3431 2458 os
3482 2407 3776 2476 aperiens,

2180 2505 2358 2558 neque
2382 2493 2695 2559 gravitatem
2723 2491 3063 2546 absurditatis
3083 2493 3494 2547 animadvertis?

2261 2582 2396 2636 Deus
2450 2598 2693 2651 quosnam
2727 2593 2886 2638 autat.
2906 2583 3070 2638 —Ne
3097 2599 3223 2654 ergo
3262 2600 3450 2653 pecces
3483 2585 3534 2638 in
3562 2586 3776 2651 talibus,

2178 2671 2330 2730 disce
2354 2671 2478 2740 quid
2514 2672 2651 2725 Deus
2676 2682 2817 2726 amat
2846 2680 2900 2726 et
2924 2673 3055 2726 odit.
3075 2673 3242 2740 Quem
3272 2689 3400 2743 ergo
3429 2684 3572 2727 amat
3597 2675 3777 2730 Deus?

2187 2761 2322 2818 Eum
2354 2762 2439 2830 qui
2488 2761 2732 2821 mandata
2783 2762 2898 2831 ejus
2936 2772 3128 2816 servat.
3175 2761 3304 2816 Eum
3358 2766 3501 2822 enim
3556 2766 3775 2833 amabo,

2187 2852 2442 2920 inquit,et
2470 2853 2661 2906 veniam
2683 2853 2753 2905 ad
2773 2868 2883 2912 eum
2913 2853 3089 2922 (Joan.
3118 2855 3206 2907 14.
3236 2854 3326 2907 2i.
3357 2853 3452 2920 9.5)
3483 2871 3496 2906 :
3521 2870 3626 2909 non
3653 2871 3776 2909 eum

2187 2943 2276 3013 qui
2304 2953 2386 2997 est
2410 2942 2594 3008 dives,
2628 2957 2734 2996 non
2772 2958 2893 2996 eum
2922 2943 3012 3012 qui
3037 2959 3199 3000 sanus
3227 2953 3342 3008 est,
3379 2945 3472 2999 sed
3501 2944 3586 3014 qui
3627 2953 3777 3014 paret

2188 3034 2321 3088 meis
2372 3033 2672 3104 preceptis.
2701 3033 2997 3100 Quemnam
3033 3044 3211 3093 autem
3245 3035 3357 3088 odit
3383 3044 3435 3088 ct
3469 3036 3778 3090 aversatur?

2187 3125 2321 3182 Eum
2352 3126 2439 3196 qui
2473 3135 2735 3196 princepta
2763 3125 2880 3194 ejus
2901 3141 3007 3180 non
3028 3126 3173 3182 facit.
3202 3126 3426 3194 Quando
3451 3143 3579 3198 ergo
3615 3128 3773 3183 vide-

2187 3218 2263 3270 ris
2291 3218 2544 3288 aliquem,
2577 3218 2665 3288 qui
2698 3227 2960 3288 prazcepta
3006 3217 3122 3286 ejus
3160 3234 3267 3273 non
3307 3227 3519 3284 servat,
3564 3219 3778 3275 etiamsi

2187 3322 2352 3363 sanus
2374 3309 2463 3375 sit,
2485 3309 2692 3363 etiamsi
2717 3309 2907 3378 opibus
2935 3308 3150 3375 alﬁuat,
3187 3310 3328 3363 refer
3355 3325 3476 3362 cum
3505 3309 3555 3363 in
3583 3325 3776 3364 nume-

2188 3415 2307 3454 rum
2332 3415 2516 3456 eorum
2546 3400 2637 3470 qui
2668 3400 2794 3454 odio
2820 3399 3085 3455 habentur
3111 3418 3122 3452 :
3153 3401 3323 3454 virum
3361 3408 3536 3453 autem
3579 3402 3783 3458 virtute

2190 3490 2492 3561 praeditum,
2519 3485 2725 3546 etiamsi
2751 3499 3008 3561 aegrotum
3032 3490 3227 3547 videris
3255 3501 3305 3546 et
3346 3491 3519 3560 inopia
3545 3507 3776 3562 oppres-

2187 3595 2324 3645 sum,
2356 3581 2494 3634 inter
2518 3594 2613 3635 eos
2640 3580 2728 3650 qui
2756 3591 3006 3634 amantur
3031 3595 3344 3634 annumera.
3395 3581 3510 3635 Non
3538 3582 3682 3637 enim
3721 3583 3784 3639 in

2188 3672 2273 3727 bis
2291 3672 2534 3727 consistit
2558 3672 2811 3736 amicitia,
2839 3671 2932 3726 sed
2959 3671 3014 3726 in
3046 3672 3170 3725 illis.
3201 3673 3393 3725 Annon
3436 3671 3586 3725 vides
3613 3674 3778 3728 etiam

2190 3764 2244 3818 in
2287 3764 2443 3818 rebus
2474 3739 2717 3817 humanis
2739 3802 2756 3829 ,
2803 3778 2985 3833 regum
3023 3763 3224 3817 amicos
3255 3762 3311 3815 in
3347 3761 3501 3816 bellis
3540 3763 3784 3817 maxima

2187 3855 2336 3909 adire
2363 3854 2619 3922 pericula,
2650 3863 2704 3908 et
2740 3855 2981 3922 accipere
3005 3853 3253 3916 vulnera,
3286 3862 3342 3912 et
3367 3868 3592 3922 peregre
3615 3854 3779 3923 proﬁ-

2189 3943 2355 3998 cisci?
2395 3944 2510 3998 Non
2546 3943 2790 3997 audivisti
2821 3943 2960 4012 quod
2987 3943 3241 4012 scriptum
3267 3953 3386 3996 est:
3419 3942 3581 4007 Quem
3608 3944 3786 4014 diligis

2192 4035 2458 4098 Dominus,
2482 4031 2697 4104 castigat
2730 4050 2749 4088 :
2777 4035 3006 4104 ﬂagellat
3033 4043 3204 4088 autem
3233 4049 3429 4086 omnem
3452 4033 3615 4101 ﬁlium
3627 4051 3778 4103 quem

2187 4127 2362 4195 recipit
2392 4125 2574 4194 (Hebr.
2609 4126 2695 4180 12.
2727 4125 2822 4191 6)?
2871 4126 2940 4180 At
2967 4124 3153 4189 multi,
3194 4124 3398 4192 inquit,
3424 4122 3778 4180 oﬁ‘enduutur

2190 4217 2305 4272 lucc
2335 4217 2594 4271 videntes.
2636 4216 2750 4271 Non
2774 4217 3011 4286 ipsorum
3039 4229 3222 4280 causa,
3249 4214 3346 4269 sed
3373 4225 3587 4284 propter
3619 4231 3772 4271 suam

2190 4308 2485 4365 stultitiam.
2528 4307 2640 4362 Non
2667 4307 2824 4362 datur
2847 4307 2988 4362 enim
3017 4305 3102 4359 hic
3132 4304 3284 4362 nobis
3312 4304 3555 4359 laborum
3593 4321 3781 4362 remu—

2190 4400 2395 4454 neratio
2415 4413 2434 4463 ;
2453 4397 2545 4452 sed
2568 4405 2692 4452 sunt
2716 4396 2802 4451 hic
2813 4396 3027 4466 quidem
3044 4394 3272 4451 stadium
3298 4402 3354 4448 et
3366 4408 3528 4449 arena
3552 4409 3567 4446 :
3588 4406 3775 4465 postea

2189 4497 2366 4542 autem
2403 4498 2566 4540 erunt
2617 4486 2829 4556 praemia
2873 4493 2928 4538 et
2966 4498 3201 4538 coronae.
3253 4481 3309 4537 In
3357 4491 3598 4550 tempore
3641 4498 3774 4554 ergo

2190 4578 2345 4633 luctte
2381 4585 2437 4632 et
2474 4576 2528 4632 in
2561 4576 2649 4631 die
2684 4573 2936 4642 pancratii
2979 4571 3054 4646 (al
3099 4587 3166 4628 ne
3193 4586 3401 4641 qua-ras
3435 4571 3669 4640 quietem
3715 4581 3778 4628 es

2187 4667 2350 4724 animi
2377 4666 2744 4732 remissionem
2766 4681 2780 4718 :
2801 4678 2904 4720 nec
2929 4660 3224 4718 confundas
3242 4668 3502 4730 tempora.
3529 4659 3598 4715 At
3615 4661 3772 4718 multi

2185 4765 2332 4823 sunt,
2364 4755 2556 4826 inquit,
2585 4753 2980 4810 imbecilliores.
3019 4750 3125 4808 Sed
3164 4749 3304 4806 Deus
3339 4749 3423 4806 his
3454 4750 3615 4807 etiam
3641 4766 3769 4823 pro-

2186 4847 2352 4914 vidit;
2379 4853 2437 4900 et
2456 4843 2698 4914 permisit
2721 4851 2780 4898 ut
2817 4841 2973 4898 multi
3009 4841 3168 4897 etiam
3205 4840 3335 4909 justi
3361 4839 3449 4895 hic
3473 4854 3686 4912 quoque
3713 4841 3768 4897 in

2186 4941 2538 5014 prosperitate
2561 4945 2799 5007 agerent,
2827 4951 2937 4990 non
2980 4943 3200 5005 propter
3224 4933 3343 4988 illos
3366 4974 3383 4999 ,
3427 4931 3524 4988 sed
3550 4943 3770 5003 propter

2188 5028 2580 5086 imbecilliores.
2612 5026 2790 5093 Quare
2811 5024 2912 5079 etsi
2944 5031 2997 5078 te
3015 5021 3289 5078 oﬁ‘endunt
3311 5023 3401 5092 qui
3427 5021 3615 5078 suntin
3630 5021 3772 5078 am-

2187 5123 2384 5187 ctione,
2415 5117 2683 5174 :ediﬁcent
2709 5130 2894 5172 rursus
2919 5114 3008 5186 qui
3037 5114 3092 5169 in
3131 5114 3310 5184 quiete
3337 5114 3500 5168 vitam
3523 5112 3724 5183 degunt
3750 5131 3769 5168 :

2186 5215 2308 5274 etsi
2335 5225 2388 5270 te
2414 5212 2756 5284 supplantant
2792 5207 3047 5276 scelesti,
3079 5209 3168 5278 qui
3212 5207 3376 5262 rebus
3418 5213 3641 5260 utuntur
3675 5220 3770 5262 se-

2249 5343 2616 5411 ‘colbqqlabis.
2685 5402 2702 5411 -
2774 5403 2801 5411 ,Α
2881 5405 2891 5411 _
3195 5406 3207 5411 _
3279 5399 3313 5411 η

2248 5412 2271 5442 ³
2293 5400 2438 5458 aerii.
2456 5409 2505 5456 in
2524 5410 2665 5454 textu
2685 5402 2853 5464 legit,
2871 5405 2977 5464 hinc
3008 5406 3233 5454 accurate
3257 5400 3617 5464 disquiremus;
3638 5400 3776 5451 idem

2185 5438 2505 5534 ωὲιίέἒῖΐίίἴ
3156 5438 3772 5522 ἳῖόἷῐὲετοῖὲῖξᾶἴῶ

2187 5531 2333 5587 "duo,
2357 5530 2587 5579 omitumt
2608 5525 2772 5588 sanl.,
2796 5533 2912 5588 neg.
2927 5521 3118 5588 etailb.
3221 5582 3233 5588 _
3460 5580 3471 5588 _

2187 5544 2333 5587 "uno,
2357 5544 2587 5579 cumulat.
2608 5544 2772 5583 sum"
2797 5544 2912 5588 Heg.
2927 5544 3118 5576 etwm.
3221 5582 3233 5594 I
3460 5580 3471 5590 .

2248 5592 2322 5652 (α)
2351 5599 2404 5652 In
2424 5588 2502 5652 die
2519 5586 2774 5652 pmcratii,
2791 5599 2882 5637 seu
2899 5587 3051 5652 aratris
3065 5597 3256 5650 generis
3271 5588 3603 5638 certammum.
3627 5589 3776 5636 mut

2186 5650 2350 5718 autem
2383 5650 2604 5718 ludorum
2626 5661 2810 5718 genera
2831 5650 3065 5718 quinque,
3086 5658 3198 5718 qua:
3218 5658 3314 5718 una
3337 5657 3458 5718 voce
3471 5655 3665 5718 κέντοξῇ
3687 5657 3778 5718 vg-

2187 5713 2436 5763 cahantur.
2459 5719 2552 5762 ttae
2567 5703 2710 5761 de're
2730 5703 2914 5764 vide'in
2930 5703 3155 5773 Antiquit.
3179 5712 3362 5766 nostra,
3382 5712 3528 5758 ται)
3546 5703 3687 5766 5,.llb.
3718 5705 3774 5754 5.
