4070 6432
514 360 586 416 93
1265 363 1322 419 S.
1363 359 1651 419 JOANNIS
1687 352 2180 416 CHRYSOSTOMI
2218 356 2541 419 ARCHIEP.
2583 363 3138 425 CONSTANTINOP.
3705 360 3775 421 Μ

512 473 697 531 τωσάν
726 488 784 526 σε
837 469 889 526 οί
919 472 976 526 ἐν
1003 470 1218 527 κολάσει
1250 474 1355 529 καὶ
1390 471 1647 543 τιμωρίᾳ.
1698 469 1812 522 υὺκ
1851 468 2090 537 ἤκουσας

512 557 608 612 τοῦ
633 555 867 626 Χριστοῦ
897 555 1163 625 λέγοντος,
1199 556 1304 609 Ἐν
1323 554 1403 620 τῷ
1423 556 1629 623 κόσμῳ
1659 552 1871 621 θλίψιν
1892 548 2095 613 ἓξετε;

456 704 457 707 η
515 639 581 693 Τί
613 640 788 694 τοίνυν
812 637 995 710 ζητεῖς
1020 638 1221 704 άνεσιν,
1246 637 1454 692 ἐκείνου
1483 630 1651 690 ταῦτα
1670 634 1948 695 είπόντοςς
1980 630 2097 683 Οὐκ

514 727 751 796 ἡκούσας
805 722 969 778 αὑτοῦ
1010 722 1278 792 λέγοντος,
1347 722 1410 775 '0
1457 721 1687 789 κόσμος
1742 717 2090 796 χαρήσεταξν

513 794 683 877 ὑμεῖς
713 809 805 863 ἀεὶ
849 808 1283 877 λυπηθήσεσθε
1297 824 1318 874 ;
1343 808 1506 860 ’Ὥστε
1542 803 1686 866 είκδς
1712 797 1781 872 ἦν
1807 794 2092 877 MM“

516 873 703 953 ζεσθαι
740 893 870 955 τοὺς
907 873 1313 962 ἀνοητοτέρους,
1342 888 1479 943 είτά
1506 886 1722 940 ἐναντία
1764 883 1981 951 ἐγένετο
2017 873 2093 932 ὧν

513 968 685 1026 εἶπεν·
721 976 771 1027 εί
797 973 854 1027 δὲ
884 973 1026 1028 κατὰ
1063 972 1381 1026 ἀκολουθίαν
1419 971 1595 1024 πάντα
1616 966 1920 1039 προϐαίνει,
1948 963 2094 1026 τίνος

513 1056 700 1111 ἕνεκεν
733 1054 1098 1129 σκανδαλίξῃς
1133 1057 1243 1111 Καὶ
1269 1056 1415 1118 τίνος
1466 1053 1669 1116 ἕνεκεν,
1723 1050 1907 1120 φησιν,
1950 1046 2094 1101 οὕτω

512 1138 843 1193 διετύπωσεν
858 1140 886 1191 0
908 1140 1037 1204 Θεός
1060 1156 1073 1206 ;
1094 1138 1183 1210 Μὴ
1205 1138 1444 1203 ἐξέταζε,
1467 1136 1600 1207 μηδὲ
1623 1132 2088 1203 πολυπραγμόνει.

517 1220 673 1275 Οὐδὲ
726 1222 836 1290 γὰρ
865 1222 987 1290 ἐρεῖ
1034 1221 1106 1276 τὸ
1155 1220 1408 1291 πλάσμα
1439 1216 1520 1284 τῷ
1544 1215 1869 1272 πλάσαντι*
1924 1216 1984 1268 Τί
2014 1231 2092 1284 με

509 1306 805 1371 ἐποίησας
829 1306 981 1359 οὕτω
996 1321 1017 1369 ;
1042 1303 1141 1371 Διά
1163 1304 1321 1358 τοῦτο
1356 1302 1448 1357 καὶ
1480 1304 1509 1355 0
1537 1302 1823 1372 προφήτης
1857 1298 2091 1369 ἐπετίμα

512 1389 624 1450 τοῖς
668 1387 1056 1451 ’ἰουδαίοις,ότι
1088 1388 1298 1457 μυρίων
1322 1385 1584 1456 γέμοντες
1612 1382 1823 1451 κακῶν,
1838 1380 1934 1435 τοῦ
1952 1379 2087 1433 Θεοῦ

511 1470 607 1532 :71;
638 1469 790 1534 ὁδοὺς
829 1470 1273 1541 περιεργάζοντο,
1297 1468 1488 1538 λέγων·
1517 1465 1753 1521 Γνῶναι
1770 1466 1879 1531 τὰς
1911 1463 2089 1530 ὁδούς

508 1570 627 1621 μου
658 1554 1073 1623 ἐπιθυμοῦσιν,
1102 1553 1182 1619 ὡς
1234 1551 1384 1619 λαὸς
1413 1551 1806 1618 δικαιοσύνην
1845 1560 2092 1615 πεποιη-

492 1636 652 1704 ’κὼς,
697 1637 797 1690 καί
832 1638 1032 1705 κρίσιν
1064 1636 1211 1691 Θεοῦ
1231 1635 1417 1691 αὐτοῦ
1436 1634 1522 1703 μὴ
1555 1631 2089 1704 ἐγκαταλελοιπώς·

510 1718 695 1789 ὅμοιον
726 1719 1023 1787 ποιοῦντες,
1078 1720 1269 1788 ὥσπερ
1312 1720 1381 1774 ἂν
1408 1720 1463 1773 εί
1484 1735 1569 1789 τις
1608 1717 1827 1787 οἰκέτης
1854 1733 2091 1789 προσκε-

510 1786 775 1873 κρουκὼς,
819 1804 913 1857 καὶ
964 1804 1172 1875 μυρίων
1230 1786 1533 1865 ὑπεύθυνος
1575 1799 1652 1852 ὢν
1693 1786 2052 1869 ἐγκλημάτων
2074 1837 2088 1864 ,

511 1885 704 1954 παρεὶς
763 1885 824 1938 τὸ
874 1886 1031 1939 λῦσαι
1062 1886 1163 1955 τήν
1216 1886 1384 1957 ὀργὴν
1411 1884 1505 1937 τοῦ
1543 1883 1826 1944 δεσπότου,
1860 1880 2090 1945 εὐθύνας

510 1966 670 2019 αὑτὸν
714 1969 994 2039 ἀπαιτοίη,
1030 1970 1085 2021 τί
1125 1968 1325 2038 δήποτε
1378 1966 1536 2019 τοῦτο
1576 1964 1860 2035 πεποίηκε.
1896 1964 1988 2035 Μὴ
2024 1963 2087 2034 δὴ

508 2046 683 2101 ταῦτα
712 2046 881 2121 ζήτει,
932 2052 1089 2119 ἀφεὶς
1139 2051 1195 2103 :0
1226 2050 1432 2103 κλαίειν
1460 2046 1553 2102 καὶ
1598 2044 1835 2116 θρηνεῖν,
1870 2046 1965 2099 καὶ
2019 2045 2089 2097 τά

507 2131 682 2183 οἰκεῖα
708 2132 1100 2187 ἀπονίπτεσθαι
1130 2134 1294 2188 κακά.
1324 2133 1509 2188 Ταῦτα
1540 2134 1705 2201 λέγω,
1732 2130 1831 2200 οὐχ
1860 2129 1938 2192 ὡς
1954 2130 2087 2182 ἁπο-

512 2212 622 2283 ρῶν
644 2213 734 2266 τὸν
772 2216 929 2283 λόγον
986 2219 1179 2283 εἰπεῖν,
1214 2217 1352 2270 ἀλλά
1394 2215 1714 2287 βουλόμενός
1755 2230 1815 2267 σε
1856 2212 1964 2266 ἀπὸ
1990 2212 2088 2283 τῆς

511 2295 1043 2370 πολυπραγμοσύνης
1076 2300 1281 2370 ταύτης
1306 2300 1385 2362 εἰς
1407 2298 1507 2370 τὴν
1538 2298 1666 2369 περὶ
1686 2296 1893 2357 οἰκείας
1916 2311 2089 2364 σωτη-

512 2378 636 2449 ριας
688 2381 955 2452 μέριμναν
1010 2382 1287 2453 ἐμϐαλεῖν.
1348 2383 1507 2447 Τίνος
1542 2377 1635 2436 οὖν
1688 2379 1874 2435 ἕνεκεν
1917 2377 2090 2442 οὑτως

507 2460 770 2528 ἐπέταξες
795 2463 901 2517 Τοῦ
930 2463 1136 2532 ’γένους
1168 2463 1477 2534 φειδόμενος
1508 2461 1604 2517 τοῦ
1630 2460 1743 2515 τῶν
1768 2458 2088 2532 ἀνθρώπων.

508 2544 614 2596 Τὸν
635 2545 855 2617 μὲνγὰρ
892 2546 1054 2601 πόνον
1086 2546 1316 2600 ἐνταῦθα
1339 2546 1770 2616 συνεκλήρωσεν,
1795 2543 1922 2596 ἔνθα
1953 2542 2088 2613 βρα-

510 2628 610 2696 χὺς
635 2631 663 2681 ὁ
690 2628 827 2698 βίος
859 2631 985 2695 τοὺς
1004 2631 1060 2683 δὲ
1090 2630 1384 2699 στεφάνως
1415 2632 1495 2694 είς
1518 2630 1581 2683 :0
1612 2626 1804 2700 μέλλον
1832 2626 2089 2697 ἐταμιεύ-

513 2725 674 2773 σατο,
701 2709 828 2764 ἔνθα
872 2713 1095 2783 ἀγήρως
1145 2714 1240 2767 καὶ
1284 2712 1639 2783 ἀτελεύτητος
1666 2714 1695 2765 0
1732 2709 1885 2765 αίὼν.
1918 2709 2030 2763 Καὶ
2060 2710 2088 2762 0

514 2792 615 2859 μὲν
645 2792 801 2857 πόνος
830 2790 985 2858 οὗτος
1011 2795 1221 2866 ταχέως
1250 2794 1588 2866 παραλύεται
1613 2793 1711 2848 καὶ
1731 2791 2086 2864 παρατρέχεν

511 2875 691 2926 ἐκεῖνα
718 2874 775 2927 δὲ
829 2874 1071 2930 ἀθάνατα
1127 2878 1300 2947 μένει,
1350 2877 1606 2931 οὐδέποτε
1662 2876 1835 2947 πέρας
1878 2875 2085 2945 ἔχοντα.

512 2955 722 3019 ’Ἄλλως
748 2956 805 3009 δὲ
834 2958 927 3011 καὶ
958 2958 1341 3029 γυμνάζειτὰς
1363 2958 1542 3029 ψυχὰς
1563 2959 1647 3021 είς
1664 2958 1726 3011 τὸ
1757 2958 1855 3026 τῆς
1887 2956 2091 3025 ἀρετῆς

509 3038 748 3108 φίλτρον,
784 3039 952 3094 Ὅταν
984 3041 1082 3111 μὲν
1106 3040 1215 3112 γάρ
1245 3042 1337 3094 καὶ
1368 3042 1506 3111 μετά
1535 3041 1712 3093 πόνων
1738 3039 1905 3109 αὑτὴν
1928 3039 2089 3110 αἱρῆ-

506 3136 617 3184 ται,
648 3122 915 3192 μηδέποτε
968 3123 1198 3178 ἔπαθλον
1236 3124 1607 3194 λαμϐάνουσα,
1668 3122 1865 3192 μελετᾷ
1891 3122 2089 3175 διακεῖ-

511 3202 636 3257 σθαι
666 3203 800 3273 πρὸς
820 3205 987 3275 αὐτὴν
1023 3205 1159 3276 μετά
1193 3206 1391 3277 πολλῆς
1419 3206 1519 3276 τῆς
1540 3203 1848 3277 ἀκριϐείας·
1881 3204 2006 3257 ὅταν
2030 3204 2088 3257 δὲ

509 3285 606 3337 καὶ
637 3286 758 3355 μεθ’
790 3287 985 3357 ἡδονῆς
1016 3288 1116 3357 τὴν
1146 3288 1343 3347 κακίαν
1384 3287 1580 3359 φεύγῃ,
1624 3286 1891 3358 μηδέποτε
1926 3286 2088 3340 κόλα-

512 3383 597 3419 σιν
630 3369 991 3438 ὑπομένουσα,
1020 3372 1353 3440 γυμνάζεται
1372 3375 1569 3442 ,μισεῖν
1618 3370 1787 3439 αὐτὴν
1829 3369 1921 3423 καὶ
1956 3370 2090 3423 ἀπο-

514 3450 857 3520 στρέφεσθαι.
911 3454 1073 3506 ’Ὥστε
1102 3454 1210 3508 ἀπὸ
1229 3454 1420 3508 τούτου
1460 3454 1555 3507 καὶ
1582 3454 1703 3519 {Eu
1733 3453 1961 3523 λήψεται
1988 3454 2089 3525 τῆς

511 3534 804 3603 ἀπεχθείας
834 3535 934 3607 τῆς
966 3537 1101 3608 πρὸς
1143 3537 1245 3608 τὴν
1287 3537 1575 3609 πονηρίαν,
1616 3538 1710 3590 καὶ
1737 3536 1836 3605 τῆς
1858 3534 2087 3606 ἀγάπης

509 3616 610 3685 τῆς
643 3617 778 3689 πρὸς
798 3618 896 3689 τὴν
928 3619 1151 3690 ἀρετήν.
1190 3620 1345 3673 Ἔστι
1378 3621 1473 3673 καὶ
1515 3620 1701 3689 ἕτερος
1728 3619 1906 3688 λόγος.
1931 3620 2087 3682 Doto;

510 3698 569 3751 δὲ
614 3692 804 3767 οὗτοςς
851 3701 973 3755 Ὀτι
1018 3702 1251 3771 μάλιστα
1295 3702 1430 3772 πρὸς
1476 3701 1793 3770 φιλοσοφίαν
1830 3704 1865 3773 ἡ
1913 3701 2088 3771 θλίψις

509 3781 741 3850 ἀλείφει,
794 3783 1321 3855 καὶηίσχυροτέρους
1360 3787 1525 3837 ποιεῖ.
1560 3786 1671 3839 Καὶ
1723 3784 1859 3855 μετά
1897 3784 2087 3837 τούτου

513 3864 674 3920 πάλιν
703 3865 879 3930 ἀλλος.
901 3870 1061 3933 Ποῖος
1085 3868 1141 3922 δὲ
1171 3862 1359 3935 οὗτος;
1390 3868 1645 3943 Βούλςται
1677 3867 2087 3923 παιδεῦσαιτῶν

514 3948 796 4019 παρόντων
828 3950 1118 4023 ύπερορᾷν,
1147 3953 1243 4007 καὶ
1270 3952 1345 4023 μὴ
1373 3950 1777 4025 προσηλῶσθαι,
1802 3950 1935 4021 μηδὲ
1966 3968 2087 4004 συν-

414 4022 419 4025 ’
509 4029 754 4085 δεδέσθαι
786 4033 989 4097 αὐτοῖς.
1014 4022 1111 4088 Διά
1128 4034 1193 4105 δὴ
1210 4022 1368 4088 τοῦτο
1384 4022 1479 4089 καὶ
1496 4034 1673 4103 θλίψιν
1704 4033 1935 4103 συνεκλή
1945 4050 2085 4103 ρωσε

512 4114 607 4167 καὶ
639 4115 819 4181 πόνον,
846 4118 939 4171 καὶ
971 4117 1042 4171 τά
1067 4118 1280 4190 χρηστά
1310 4118 1450 4172 αὐτὰ
1476 4118 1588 4171 καὶ
1620 4116 1821 4188 φαιδρὰ
1853 4116 2085 4170 εὐκατάο

512 4198 648 4251 λυτα
697 4199 985 4269 πεποίηκε.
1036 4201 1499 4269 Συντελεσθήτω
1550 4199 1627 4267 δὴ
1662 4200 1919 4268 πονηρία
1972 4197 2086 4271 [64]

511 4281 897 4351 ἁμαρτωλῶν,
947 4283 1048 4337 καί
1105 4283 1490 4349 κατευθυνεῖς
1534 4282 1785 4339 δίκαιον.
1826 4282 1893 4334 Τί
1948 4282 2084 4345 ἐστι,

514 4366 1014 4435 Συντελεσθήτω;
1069 4367 1371 4435 Ἐπάγαγε,
1435 4367 1589 4435 φησὶ,
1648 4365 1938 4438 τιμωρίαν,
1994 4365 2088 4417 καὶ

516 4449 734 4519 στήσεις
781 4450 979 4513 αὑτοὺς
1008 4450 1108 4521 τῆς
1145 4450 1363 4512 κακίας.
1396 4448 1663 4520 Καθάπερ
1698 4451 1807 4521 γὰρ
1834 4451 1888 4501 αἱ
1918 4464 2087 4519 σηπε-

512 4532 663 4594 δόνες
709 4536 926 4603 πικροῖς
956 4531 1169 4585 είκυυσι
1197 4530 1530 4603 φαρμάκοις,
1579 4533 1672 4586 καὶ
1715 4531 1943 4585 καύσεσι
1994 4530 2087 4585 καὶ

513 4616 725 4685 τομαῖς
758 4614 901 4669 οὕτω
928 4615 1023 4667 καὶ⁵
1049 4614 1083 4685 ἡ
1116 4615 1348 4686 πονηρία
1377 4614 1482 4667 ὑπὸ
1510 4614 1777 4686 τιμωρίας
1800 4614 2085 4669 κωλύεται.

584 4751 650 4806 θ’.
679 4750 842 4806 Ταῦτ’
866 4747 959 4806 οὖν
983 4751 1210 4817 εἰδότας,
1234 4752 1295 4806 ού
1322 4752 1449 4815 τοὺς
1474 4753 1935 4822 τιμωρουμένους,
1966 4747 2089 4801 οὐδὲ

512 4842 639 4904 τοὺς
672 4838 1062 4911 κολαζομένους
1089 4840 1344 4911 δακρύειν
1371 4840 1500 4912 χρὴ,
1534 4838 1669 4893 ἀλλά
1690 4838 1815 4901 τοὺς
1841 4834 2090 4907 ἁμαρτά-

513 4944 701 4991 νοντας
733 4928 1057 4998 ἀτιμωρητί.
1085 4927 1310 4999 Πρῶτον
1342 4925 1568 4997 μὲνγὰρ
1588 4926 1777 4989 κακὸν,
1816 4924 1879 4976 :0
1912 4925 2091 4994 ἀμαρ-

512 5018 711 5070 τάνειν·
736 5015 985 5087 δεύτερον
1020 5014 1099 5078 δὲ,
1140 5014 1201 5068 :0
1230 5014 1641 5086 ἁμαρτάνοντας
1673 5013 1941 5085 μηδεμιᾶς
1962 5027 2092 5079 τυγ-

514 5103 697 5174 χάνειν
724 5102 1040 5174 θεραπείας.
1068 5102 1283 5155 Μᾶλλον
1306 5102 1365 5155 δὲ
1394 5103 1488 5155 καὶ
1520 5101 1677 5155 τοῦτο
1700 5100 1917 5170 πρῶτον
1948 5097 2093 5152 εἴποι

513 5205 597 5253 τις
632 5189 698 5244 ἀν
725 5189 966 5254 δικαίως,
992 5190 1084 5243 καὶ
1105 5188 1283 5261 πολλῷ
1310 5186 1706 5261 χαλεπώτατον.
1736 5189 1946 5259 Ὥσπερ
1983 5186 2092 5258 γάρ

513 5279 575 5332 οὑ
590 5280 651 5333 :0
675 5281 853 5333 νοσεῖν
878 5279 1132 5349 χαλεπὸν,
1149 5279 1286 5335 ἀλλὰ
1306 5280 1397 5332 τὸν
1418 5277 1677 5335 νοσοῦντα
1702 5276 1775 5349 μὴ
1795 5274 2094 5350 θεραπεύε-

516 5368 657 5422 σθαι’
690 5368 811 5421 οὑδὲ
866 5366 955 5421 τὸν
1001 5367 1193 5439 έχοντα
1239 5366 1508 5439 σηπεδόνα
1544 5364 1849 5437 θρηνοῦμεν
1880 5363 2088 5426 ἀπλῶς,

515 5457 650 5510 ἀλλὰ
680 5456 772 5509 τὸν
804 5455 995 5525 ἔχοντα
1028 5457 1121 5509 καὶ
1166 5457 1287 5526 είκῆ
1319 5456 1592 5525 κείμενον,
1643 5454 1737 5507 καὶ
1777 5455 1850 5524 μὴ
1886 5454 2089 5521 τυγχά-

516 5562 673 5598 νοντα
701 5544 957 5615 ίατρικῶν
981 5545 1199 5616 χειρῶν·
1231 5545 1321 5597 τὸν
1352 5544 1408 5597 δὲ
1444 5543 1770 5614 τεμνόμενον
1809 5542 1903 5594 καὶ
1938 5540 2090 5593 καιό-

521 5647 702 5703 μενον,
734 5632 921 5686 τοῦτον
954 5620 1189 5703 φαίημεν
1220 5634 1286 5687 ἂν
1344 5632 1480 5703 πρὸς
1531 5632 1740 5700 ὑγίειαν
1776 5628 2001 5693 ὁδεύειν,
2028 5629 2088 5681 οὐ

523 5720 621 5789 τὴν
657 5721 759 5776 ἀπὸ
785 5722 883 5793 τῆς
914 5720 1085 5795 τομῆς
1112 5721 1303 5794 ὀδύνην
1348 5720 1653 5791 βλέποντες,
1681 5715 1814 5775 ἀλλά
1853 5715 1949 5788 τὴν
1981 5715 2088 5769 ἀπὸ

2201 467 2299 533 τῆς
2309 470 2482 542 τομῆς
2510 472 2736 541 ὑγίειαν·
2756 474 2898 527 οὕτω
2917 476 3009 528 καὶ
3032 473 3125 527 ἐπὶ
3151 474 3250 546 τῆς
3276 474 3452 544 ψυχῆς
3474 472 3777 527 διακεῖσθαι

2199 556 2326 627 χρὴ,
2354 558 2476 628 οὐχὶ
2502 562 2627 623 τοὺς
2650 560 3042 631 κολαζομένους
3080 560 3198 630 (καὶ
3234 560 3346 631 γὰρ
3382 560 3517 632 πρὸς
3569 560 3776 628 ὑγίειαν

2197 640 2491 714 ἕλκονται),
2516 645 2653 699 ἀλλά
2686 649 2811 710 τοὺς
2841 648 3253 719 ἁμαρτάνοντας
3287 648 3597 719 άτιμωρητὶ
3638 648 3774 717 θρη-

2197 732 2306 783 νεῖν
2342 734 2435 785 καὶ
2479 732 2711 788 πενθεῖν.
2755 735 2866 789 Καὶ
2888 737 2937 788 εί
2987 737 3047 788 αί
3096 736 3359 807 τιμωρίαι
3386 736 3485 806 τῆς
3514 735 3777 805 πονηρίας

2197 818 2306 870 εἰσὶ
2326 818 2642 884 κωλυτικαὶ,
2675 821 2829 889 φησὶ,
2879 820 3023 885 τίνος
3054 822 3242 876 ἕνεκεν
3266 824 3327 876 οὐ
3373 823 3495 876 καθ’
3539 823 3779 891 ἑκάστην

2197 904 2411 976 ἡμέραν
2434 906 2685 977 διδόαμεν
2723 906 2879 977 δίκην
2925 909 3033 962 τῶν
3076 909 3684 980 ήμαρτημένων;.”οτι
3728 910 3780 962 εί

2195 991 2353 1045 τοῦτο
2379 993 2644 1061 ἐγεγόνει,
2686 996 3120 1066 προανηρπάσθη
3151 994 3218 1049 ἂν
3262 995 3322 1048 :0
3364 995 3519 1063 γένος
3540 996 3651 1049 τῶν
3680 996 3779 1049 ἀν-

2196 1075 2451 1147 θρώπων,
2473 1077 2568 1131 καὶ⁵
2596 1078 2626 1129 0
2652 1077 2754 1147 τῆς
2772 1079 3059 1149 μετανοίας
3076 1078 3267 1147 καιρὸς
3295 1078 3554 1150 ἀνῄρητο.
3577 1077 3782 1132 Σκόπει
3882 1070 3885 1073 ’

2192 1163 2322 1233 γοῦν
2347 1164 2441 1217 ἐπὶ
2465 1164 2558 1218 τοῦ
2584 1164 2815 1218 Παύλου.
2842 1166 2907 1219 Εἰ
2934 1166 3042 1237 γὰρ
3065 1166 3269 1229 ἐκεῖνος
3305 1165 3475 1219 ἔδωκε
3502 1165 3659 1235 δίκην
3678 1163 3781 1233 τῆς

2189 1254 2445 1325 διώξεως,
2478 1254 2573 1309 καὶ
2604 1254 2866 1326 ἀνῃρέθη,
2900 1254 3018 1317 πῶς
3047 1254 3259 1325 ἀνέσχε
3291 1253 3482 1319 καιρὸν
3514 1252 3783 1324 μετανοῆ-

2184 1359 2303 1417 -σαι,
2340 1342 2433 1395 καὶ
2466 1342 2605 1414 μετά
2642 1342 2742 1413 τὴν
2794 1344 3081 1413 μετάνοιαν
3124 1342 3194 1397 τά
3233 1342 3405 1413 μυρία
3438 1340 3780 1413 ἐργάσασθαι

2192 1430 2391 1499 ἀγαθὰ,
2440 1432 2535 1483 καὶ
2579 1432 2781 1496 πᾶσαν,
2829 1430 2904 1495 ὼς
2931 1432 3126 1495 εἰπεῖν,
3166 1430 3267 1499 τὴν
3293 1431 3619 1499 οίκουμένην
3668 1426 3782 1482 ἀπὸ

2191 1521 2291 1589 τῆς
2331 1518 2538 1588 πλάνης
2580 1519 2675 1572 ἐπὶ
2725 1518 2823 1590 τὴν
2874 1518 3133 1591 ἀλήθειαν
3179 1517 3625 1587 χειραγωγῆσαι;
3663 1515 3779 1585 Οὐχ

2191 1606 2322 1675 ὁρᾷς
2355 1606 2448 1657 καὶ
2500 1607 2627 1668 τοὺς
2663 1605 2904 1674 ἰατροὺς,
2934 1606 3063 1658 ὅταν
3116 1621 3201 1667 τις
3232 1603 3402 1658 πολλά
3446 1603 3778 1674 περικέηται

2189 1690 2499 1763 τραύματα,
2547 1691 2609 1743 οὑ
2638 1690 2910 1761 τοσαύτην
2942 1690 3250 1759 ἐπάγοντας
3294 1688 3613 1760 θεραπείαν,
3645 1688 3779 1758 ὅσην

2188 1781 2411 1834 ἀπαιτεῖ
2434 1779 2542 1833 τῶν
2568 1780 2900 1852 τραυμάτων
2924 1781 2959 1850 ἠ
2990 1781 3174 1847 φύσις,
3196 1775 3312 1832 ἀλλ’
3336 1778 3469 1848 ὅσην
3494 1777 3652 1847 φέρει
3673 1776 3799 1846 τῆς,
3834 1818 3837 1821 λ

2188 1866 2473 1937 δυνάμεως
2498 1868 2532 1938 ἡ
2561 1867 2880 1930 ὑπόστασις,
2918 1866 3005 1921 ίνα
3045 1866 3143 1937 μὴ,
3174 1865 3242 1920 τά
3279 1863 3570 1936 τραύματα
3610 1863 3801 1933 θεραρν

2190 1956 2510 2023 πεύσαντες,
2548 1955 2641 2009 τὸν
2676 1955 2952 2026 κάμνοντα
2984 1953 3367 2022 ἀπενέγκωσι;
3408 1951 3508 2004 Διά
3534 1952 3599 2023 δὴ
3620 1952 3780 2005 τοῦτο

2188 2044 2216 2094 0
2244 2042 2375 2105 Θεὸς
2399 2041 2521 2096 οὔτε
2556 2042 2763 2105 πάντας
2780 2040 2915 2112 ὁμοῦ
2955 2040 3194 2105 κολάζει,
3228 2039 3353 2093 οὔτε
3400 2039 3611 2102 πάντας
3658 2041 3780 2091 κατ’

2187 2128 2368 2193 ἀξίαν,
2397 2130 2513 2183 ἀλλ’
2556 2129 2761 2201 ἡρέμα,
2804 2130 2899 2183 καὶ
2944 2127 3198 2191 ἐνδιδούς*
3235 2128 3332 2181 καὶ
3374 2126 3638 2190 πολλάκις
3680 2126 3778 2179 ἕνα

2185 2204 2618 2287 τιμωρούμενος,
2653 2215 2945 2269 δι’ὲκείνου
2976 2215 3203 2278 πολλοὺς
3231 2212 3781 2286 ὲσωφρόνισε.Τοῦτο

2188 2304 2282 2357 καὶ
2313 2304 2404 2356 ἐπὶ
2432 2303 2525 2356 τοῦ
2571 2303 2823 2373 σώματος
2846 2302 3059 2372 γίνεται
3092 2302 3371 2365 πολλάκις·
3401 2302 3525 2366 ἑνὸς
3564 2299 3779 2369 ὲκκοπὴ

2192 2391 2388 2461 μέλους
2439 2390 2642 2459 ἑτέροις
2689 2390 2929 2445 πλείοσιν
2971 2390 3160 2460 ὑγείαν
3209 2389 3495 2461 παρέσχεν.
3545 2388 3689 2459 Ὅρα
3718 2386 3777 2440 δὲ

2187 2476 2284 2532 τοῦ
2312 2478 2521 2532 δικαίου
2538 2478 2635 2549 τὴν
2662 2479 3017 2551 φιλόστοργον
3040 2478 3239 2550 ψυχὴν,
3263 2476 3381 2541 πῶς
3410 2474 3690 2547 πανταχοῦ
3716 2474 3779 2529 :0

2189 2568 2341 2635 κοινῇ
2374 2565 2652 2637 συμφέρον
2686 2564 2859 2636 ζητεῖ,
2888 2567 2983 2620 καὶ
3010 2567 3108 2635 τῆς
3122 2565 3322 2631 κακίας
3343 2564 3443 2635 τὴν
3472 2564 3776 2634 ἀναίρεσιν,

2186 2654 2285 2725 οὐχ
2305 2654 2391 2706 ἵνα
2416 2654 2578 2716 αὑτὸς
2605 2652 2760 2723 δίκην
2785 2652 2926 2726 λάϐῃ
2955 2652 3106 2724 παρά
3131 2652 3241 2706 τῶν
3274 2651 3483 2723 ἐχθρῶν
3500 2691 3515 2713 ,
3545 2650 3661 2705 ἀλλ’
3690 2652 3779 2704 ῖνα

2186 2742 2237 2792 οἱ
2278 2739 2462 2810 ἐχθροὶ
2505 2740 2820 2815 παύσωνται
2864 2740 2965 2809 τῆς
3025 2740 3312 2811 πονηρίας.
3374 2737 3549 2793 Τοῦτο
3596 2736 3779 2791 τοίνυν

2188 2825 2465 2896 πανταχοῦ
2497 2826 2810 2897 σκοπῶμεν,
2840 2826 2989 2889 ὅπως
3025 2827 3185 2897 σταίη
3209 2825 3279 2879 τὰ
3304 2826 3403 2896 τῆς
3431 2824 3648 2888 κακίας,
3683 2824 3781 2878 καὶ

2184 2912 2477 2984 θρηνῶμεν
2505 2915 2631 2977 τοὺς
2661 2915 2721 2966 ὲν
2755 2912 2927 2984 ταύτῃ
2948 2912 3129 2978 ϐντας,
3166 2913 3271 2967 κᾶν
3307 2913 3511 2984 σηρικά
3545 2906 3650 2984 ὦσι
3676 2929 3777 2965 πε-

2190 3004 2485 3075 ρικείμενοι
2521 3001 2733 3071 ίμάτια’
2762 3000 2858 3054 καὶ
2902 3001 3299 3072 μακαρίςωμεν
3332 3003 3460 3066 τοὺς
3489 3002 3550 3055 ὲν
3582 3002 3779 3072 ἀρετῇ,

2191 3090 2297 3145 κᾶν
2328 3090 2490 3160 πενίᾳ
2542 3089 2747 3161 ἐσχάτῃ
2798 3088 3125 3155 παλαίωσιν,
3168 3089 3278 3143 ἀπὸ
3323 3087 3435 3142 τῶν
3468 3087 3670 3154 ἔξωθεν
3695 3093 3780 3154 είς

2184 3178 2284 3249 τὴν
2312 3177 2549 3231 διάνοιαν
2587 3177 2862 3246 ἑκατέρων
2904 3176 3184 3241 είσιόντες.
3218 3176 3353 3230 Τότε
3386 3175 3497 3249 γὰρ
3530 3176 3781 3247 ὀψόμεθα

2186 3263 2281 3317 τοῦ
2307 3265 2404 3335 μὲν
2444 3264 2534 3317 τὸν
2578 3264 2827 3327 πλοῦτον,
2847 3263 2941 3317 τοῦ
2967 3264 3026 3317 δὲ
3061 3262 3161 3335 τὴν
3208 3262 3420 3318 πενίαν.
3450 3262 3517 3315 Τί
3551 3263 3683 3335 γὰρ,
3726 3263 3780 3317 εί

2186 3350 2447 3422 λαμπρὰν
2477 3351 2669 3421 στολὴν
2702 3350 2902 3416 ἔξωθεν
2936 3350 3364 3422 περιϐέϐληταις
3390 3349 3446 3402 τί
3466 3348 3575 3403 τῶν
3604 3347 3777 3422 ἔργα-

2189 3438 2426 3510 στηρίων
2468 3438 2763 3510 διενήνοχε,
2813 3440 2907 3493 καὶ
2955 3438 3064 3492 τῶν
3099 3437 3273 3505 ξύλων
3307 3438 3416 3492 τῶν
3470 3439 3777 3510 ἀνεχόντων

2185 3528 2393 3594 αὑτά⁸;
2426 3528 2477 3583 τί
2502 3528 2612 3582 τῶν
2644 3528 3031 3599 λαμϐανόντων
3060 3526 3201 3581 αὑτά
3252 3526 3451 3582 πωλεῖν
3479 3519 3638 3591 οὗτος
3686 3527 3780 3581 εὑ-

2186 3614 2528 3685 πορὼτεροςς
2576 3614 2714 3687 Ἀλλ’
2755 3616 2856 3686 οὑχ
2898 3617 2927 3669 0
2966 3614 3062 3668 τοῦ
3114 3614 3323 3668 δικαίου
3375 3613 3606 3678 πλοῦτος
3656 3602 3779 3687 [ὃὸ]

2186 3684 2447 3765 τοιοῦτος,
2478 3700 2615 3754 ἀλλά
2646 3684 2873 3773 μόνιμος
2896 3702 2991 3754 καὶ
3014 3703 3301 3769 πεπηγὼς.
3345 3702 3410 3755 Εἰ
3436 3701 3495 3755 δὲ
3527 3701 3630 3755 οὑκ
3659 3684 3776 3756 iul-ﬁ

2189 3789 2473 3843 σθάνονται
2500 3790 2550 3841 οί
2583 3790 2937 3853 πλουτοῦντες
2968 3790 3027 3841 ὲν
3062 3789 3221 3860 πενίᾳ
3249 3789 3419 3855 ὄντες,
3460 3787 3616 3842 οῦδὲν
3645 3787 3778 3842 θαυο

2189 3878 2412 3949 μαστόν.
2443 3876 2579 3930 Οὐδὲ
2612 3878 2660 3930 οί
2696 3876 2964 3947 φρενίτιδι
3012 3876 3368 3948 κατεχόμενοι
3398 3876 3652 3949 αἴσθησιν
3672 3877 3778 3948 τῆς

2185 3963 2343 4018 νόσου
2373 3962 2733 4034 λαμϐάνουσι,
2758 3970 2853 4017 κα)⁵
2882 3963 2970 4018 διὰ
2999 3962 3159 4029 τοῦτο
3184 3965 3420 4035 μάλιστά
3452 3966 3590 4020 εἰσιν
3616 3965 3779 4019 ἐλεει-

2185 4052 2289 4115 νοὶ,
2323 4052 2384 4104 οὐ
2440 4051 2795 4122 μακαρισταί.
2826 4052 2890 4104 El
2925 4051 3033 4123 γὰρ
3066 4050 3314 4121 ⁴ᾔσθοντο,
3364 4052 3467 4106 κᾶν
3513 4053 3653 4124 πρὸς
3681 4053 3780 4107 τὸν

2190 4138 2374 4207 ίατρδν
2396 4138 2636 4209 ἐτρεχοψ
2663 4135 2759 4190 νῦν
2782 4138 2843 4190 δὲ
2870 4140 2973 4209 τῆς
3010 4138 3207 4201 κακίας
3236 4138 3393 4192 τοῦτο
3430 4140 3493 4193 :0
3520 4140 3776 4209 χαλεπώ-

2187 4242 2367 4289 τατον,
2398 4227 2480 4279 ὅτι
2506 4227 2563 4279 ὲν
2599 4224 2735 4297 αὐτῇ
2769 4223 2940 4291 ὅντες,
2970 4224 3079 4277 οὐδ’
3105 4226 3187 4279 ὅτι
3226 4226 3363 4280 είσὶν
3389 4227 3448 4282 ἐν
3477 4228 3615 4297 αὑτῇ
3652 4245 3779 4282 συν-

2188 4312 2374 4385 ορῶσι.
2405 4312 2492 4383 Μὴ
2525 4313 2587 4385 δὴ
2608 4312 2765 4367 τοῦτο
2797 4312 2933 4384 ίδῃς,
2963 4312 3045 4367 ὅτι
3073 4313 3253 4387 χαίρει
3281 4314 3527 4369 πλουτῶν
3549 4316 3580 4368 0
3611 4314 3779 4370 πλού-

2190 4420 2326 4467 σιος·
2354 4402 2489 4457 ἀλλὰ
2544 4401 2625 4481 δι’,
2659 4403 2791 4457 αὐτὸ
2818 4402 2977 4456 τοῦτο
3010 4402 3244 4474 μάλιστα
3278 4403 3442 4459 αὑτὸν
3477 4405 3774 4477 δάκρυσον,

2189 4490 2270 4544 ὅτι
2318 4489 2439 4544 οὐδὲ
2468 4489 2803 4552 αἰσθάνεται,
2855 4491 2913 4544 ὲν
2946 4491 3056 4562 ὅσῳ
3104 4493 3283 4545 κεῖται
3330 4490 3506 4561 κακῷ.
3538 4493 3614 4546 Οὑ
3662 4493 3777 4565 γάρ

2190 4578 2528 4649 ἀνθρώπινον
2559 4578 2620 4631 :0
2643 4579 2738 4632 ἐπὶ
2764 4578 2973 4642 τούτοις
3013 4578 3367 4648 ἀγάλλεσθαι,
3397 4579 3513 4633 ἀλλ’
3547 4578 3778 4649 ἀλογίας

2190 4667 2445 4737 ἰσχάτης.
2476 4666 2591 4719 Kal
2628 4665 3014 4731 κατευθυνεῒς
3037 4665 3293 4722 δίκαιον.
3331 4666 3396 4720 Τί
3429 4668 3548 4720 ἐστι
3577 4666 3774 4734 τοῦτο;

2166 4745 2315 4809 ’Τῶν
2336 4756 2447 4828 γὰρ
2473 4756 2728 4826 πονηρῶν
2763 4753 3154 4820 κολασθέντων,
3191 4757 3346 4828 φησὶ,
3394 4756 3776 4827 προσεκτικώο

2190 4862 2340 4918 τεροι
2375 4846 2425 4896 οἱ
2478 4843 2678 4897 δίκαιοι
2726 4841 2986 4911 γίνονται.
3035 4844 3198 4898 Ὥστε
3250 4843 3345 4897 δύο
3403 4843 3659 4898 ἐντεῦθεν
3703 4844 3775 4897 τὰ

2191 4931 2395 5000 ἀγαθὼ
2435 4928 2633 4983 ἐκεῖνοί
2659 4946 2719 4983 τε
2752 4929 2861 5001 γὰρ
2882 4932 2982 5001 τῆς
3007 4930 3271 5002 πονηρίας
3297 4930 3648 5001 ἀφίστανται,
3678 4932 3779 4983 καὶ

2193 5014 2337 5094 οὗτοι
2366 5021 2433 5091 τῇ
2466 5019 2634 5090 ἀρετῇ
2686 5017 2887 5088 μᾶλλον
2924 5018 3340 5091 προσέρχονται.
3394 5020 3608 5088 Ὠσπερ
3662 5017 3777 5088 γάρ

2196 5106 2455 5176 ὑγιαίνων
2478 5105 2765 5177 ἄνθρωπος
2795 5104 2915 5158 ίδὼν
2948 5122 3070 5158 τινα
3101 5106 3417 5179 καιόμενον,
3447 5105 3777 5177 ἢτεμνόμε-

2193 5210 2304 5256 νον,
2337 5189 2840 5263 προσεκτικωτερος
2862 5192 2991 5264 περὶ
3021 5192 3121 5264 τὴν
3149 5194 3337 5263 ὑγείαν
3359 5210 3382 5262 γ
3402 5194 3592 5248 ίνεται·
3628 5192 3778 5249 οὓτω

2194 5281 2259 5351 δὴ
2291 5284 2385 5333 καὶ
2404 5278 2659 5333 ἐνταῦθα.
2686 5278 2797 5331 Καὶ
2816 5278 2926 5350 γάρ
2951 5279 3139 5333 πολλοὶ
3165 5280 3274 5334 τῶν
3304 5278 3426 5335 τότε
3454 5280 3773 5335 ἐσκανδαλί-

2198 5369 2371 5432 ζοντο,
2402 5368 2497 5420 καὶ
2528 5365 2638 5419 τῶν
2664 5365 2964 5420 δοκούντων
2989 5368 3202 5432 ἑαυτοῖς
3234 5368 3544 5440 προσέχειν,
3574 5369 3667 5425 ἐπὶ
3702 5373 3775 5444 τῇ

2193 5455 2303 5509 τῶν
2336 5453 2590 5524 πονηρῶν
2617 5453 2887 5527 εὐημερίᾳ
2920 5453 3272 5524 άτελέστερον
3312 5455 3392 5510 ἔτι
3419 5456 3774 5530 διακείμενοι.

2196 5544 2286 5597 Διὸ
2320 5542 2414 5598 καὶ
2437 5536 2595 5605 οὗτος
2636 5540 2869 5611 ἀλλαχοῦ
2892 5540 3069 5610 ἔλεγε·
3116 5542 3257 5611 Παρ⁹
3284 5544 3494 5613 ὀλίγον
3518 5546 3782 5617 ἐξεχύθη

2263 5723 2287 5751 ⁸
2309 5719 2410 5774 Alii
2448 5721 2541 5768 τῶν
2565 5719 2711 5775 ξύλων
2734 5719 2828 5769 τῶν
2851 5719 3183 5785 περικειμένων
3206 5719 3341 5770 αὑτά.
