4070 6424
284 360 358 421 93
1427 346 1791 407 ΕΧΡΟΞΠΙΟ
1831 344 1898 402 ΙΝ
1936 343 2266 402 Ρελωιωί
2311 348 2416 402 γη.
3520 348 3594 408 ποι

282 473 498 538 cundis,
546 480 597 528 te
637 471 843 542 erigant
873 478 928 525 et
957 474 1202 523 recrecnt
1228 466 1316 536 qui
1350 473 1662 535 torquentur
1691 477 1754 516 ac
1784 476 1881 531 pu-

285 562 526 618 niuntur.
559 561 674 616 Non
708 561 953 615 audivisti
972 557 1244 612 Christum
1275 555 1541 609 dicentem
1568 571 1581 606 :
1610 552 1670 606 lu
1698 553 1885 606 mundo

285 654 602 724 amictionem
624 651 868 705 habebitis
898 649 1073 721 (Joan.
1105 647 1192 703 l6.
1222 643 1352 719 33)?
1377 645 1516 711 Quid
1545 659 1673 713 ergo
1690 644 1886 713 quceris

289 745 524 814 quietem
568 759 691 798 cum
739 743 827 798 ille
873 742 985 796 haec
1027 739 1263 794 dixerit?
1310 737 1426 792 Non
1467 736 1713 791 audivisti
1762 750 1885 789 eum

288 833 552 889 dicentem
581 850 596 888 :
632 832 862 887 Mundus
886 830 1165 903 gaudebit;
1203 845 1291 883 vos
1330 835 1498 881 autem
1524 827 1728 881 tristitia
1772 826 1886 895 afﬁ-

285 926 488 978 cianini
536 923 700 997 (Ibid.
746 941 795 979 υ.
825 923 956 995 Q0)?
1002 921 1234 977 Proinde
1275 928 1703 976 consentaneum
1743 927 1888 972 esset

283 1014 485 1071 offendi
513 1016 931 1086 insipientiores,
963 1014 1007 1068 si
1037 1013 1102 1068 iis
1134 1027 1254 1083 qua:
1279 1011 1415 1067 dixit
1441 1011 1720 1067 evenirent
1757 1023 1887 1063 con-

288 1112 450 1167 traria
481 1129 498 1168 :
525 1113 606 1167 sin
635 1119 813 1167 autem
835 1111 1016 1166 omnia
1046 1111 1301 1166 eveniunt
1342 1126 1409 1166 ex
1457 1109 1838 1180 consequentia
1867 1150 1883 1174 ,

286 1218 389 1257 cur
412 1219 540 1274 ergo
562 1203 850 1258 odenderis
865 1203 891 1256 Ἰ
922 1203 986 1256 Et
1011 1217 1129 1265 cur,
1147 1202 1338 1272 inquit,
1358 1201 1500 1256 Deus
1523 1201 1592 1254 ita
1612 1198 1885 1255 decrevit?

286 1293 368 1348 Ne
409 1295 653 1364 inquire,
695 1308 794 1349 nec
832 1295 906 1348 sis
953 1295 1173 1349 nimium
1217 1293 1480 1348 curiosus.
1537 1291 1719 1361 Neque
1744 1295 1882 1346 enim

283 1384 410 1438 dicit
432 1385 727 1454 figmentum
757 1384 913 1455 ﬁgulo
930 1384 1106 1456 (Rom.
1129 1385 1183 1439 9.
1207 1382 1333 1456 20):
1361 1382 1464 1439 Cur
1487 1400 1566 1438 me
1589 1383 1662 1437 sic
1681 1383 1885 1454 fecisti?

288 1474 578 1543 Propterea
623 1474 784 1528 etiam
817 1473 1072 1544 prapheta
1104 1473 1417 1544 increpabat
1456 1472 1709 1541 Judtnos,
1741 1473 1883 1543 quod

284 1578 410 1618 cum
438 1563 912 1619 innumerabilibus
954 1573 1136 1618 essent
1179 1565 1333 1618 malis
1369 1564 1594 1629 referti,
1643 1563 1736 1618 Dei
1772 1565 1884 1618 vias

285 1653 448 1708 nimis
477 1654 690 1708 curiose
718 1661 1104 1717 scrutarentur,
1140 1653 1322 1707 dicens
1363 1671 1375 1706 :
1433 1654 1581 1708 Scire
1617 1653 1724 1708 vias
1747 1669 1885 1707 meas

284 1743 618 1807 desiderant,
670 1751 928 1812 tamquam
970 1744 1186 1814 papulas
1215 1745 1301 1812 qui
1350 1743 1466 1814 fecit
1498 1743 1783 1814 justitiam,
1837 1753 1884 1798 et

280 1834 538 1905 judicium
578 1833 675 1888 Dei
712 1835 793 1890 sui
824 1852 924 1888 non
965 1835 1166 1907 reliquit
1200 1835 1351 1906 {Isai.
1382 1837 1470 1891 58.
1498 1837 1567 1907 2)
1603 1853 1616 1888 :
1666 1837 1885 1907 perinde

285 1923 572 1986 facientes,
597 1939 660 1979 ac
689 1924 734 1979 si
768 1925 888 1994 quis
910 1939 1096 1979 servus
1123 1927 1211 1995 qui
1240 1925 1586 1990 offendisset,
1629 1937 1680 1980 et
1725 1927 1881 1980 inmt-

285 2015 620 2069 merabilium
669 2024 811 2069 esset
835 2030 958 2069 reus
987 2016 1267 2070 criminum
1295 2057 1310 2081 ,
1352 2017 1605 2071 omitteus
1651 2017 1882 2071 studium

285 2104 544 2160 adhibere
561 2115 618 2159 ut
645 2107 864 2160 sedetur
887 2107 963 2161 ira
985 2106 1400 2178 domini,exigat
1421 2108 1488 2163 ab
1508 2124 1575 2163 eo
1599 2120 1882 2176 rationem,

285 2212 384 2251 cur
419 2197 497 2252 sic
524 2196 731 2252 fecerit.
777 2197 854 2253 Ne
883 2199 1000 2253 huic
1034 2199 1212 2269 itaque
1243 2200 1480 2269 inquiras
1502 2241 1516 2263 ,
1569 2215 1667 2254 nec
1705 2215 1884 2256 cesses

286 2275 436 2350 flere,
465 2297 518 2341 et
547 2288 750 2354 lugere,
779 2297 832 2342 et
860 2298 942 2343 tua
971 2298 1187 2359 peccata
1215 2290 1451 2345 abluere.
1481 2290 1607 2344 Haec
1628 2290 1749 2345 dico
1779 2306 1882 2344 non

284 2378 430 2446 quod
460 2395 564 2433 non
596 2380 798 2448 possim
831 2381 1093 2435 rationem
1125 2381 1328 2449 dicere,
1381 2382 1476 2436 sed
1529 2383 1714 2437 volens
1743 2393 1792 2437 te
1819 2382 1885 2437 ab

289 2468 393 2524 hac
421 2470 577 2523 nimis
605 2471 813 2525 curiosa
841 2471 1250 2541 investigatione
1271 2471 1338 2525 ad
1360 2473 1546 2526 salutis
1580 2481 1680 2526 tua:
1701 2487 1884 2526 curam

287 2560 587 2614 traducere.
632 2559 738 2614 Cur
761 2575 890 2630 ergo
921 2563 998 2616 sic
1035 2561 1234 2631 jussit?
1267 2561 1510 2616 Humano
1546 2563 1882 2632 generi'par-

285 2667 438 2705 cens.
493 2650 755 2706 Laborem
783 2653 925 2706 enim
957 2654 1041 2706 hic
1061 2693 1076 2716 ,
1107 2653 1193 2707 ubi
1225 2652 1400 2717 brevis
1427 2662 1509 2708 est
1540 2653 1648 2706 vita
1675 2694 1689 2718 ,
1736 2653 1887 2705 attri-

284 2740 420 2802 buit,
444 2756 673 2796 coronas
701 2749 879 2796 autem
908 2743 959 2796 in
987 2741 1226 2796 futurum
1253 2743 1550 2798 reservavit
1574 2783 1588 2807 ,
1637 2743 1722 2796 ubi
1751 2741 1886 2795 senii

287 2846 490 2899 expers
539 2840 618 2885 est
668 2847 882 2899 aevum,
924 2842 978 2887 et
1019 2849 1306 2903 numquam
1350 2833 1661 2888 finiendum.
1707 2834 1770 2888 Et
1802 2833 1886 2888 hic

283 2921 499 2990 quidem
531 2921 682 2975 labor
721 2922 971 2977 celeriter
1010 2923 1234 2976 solvitur
1259 2933 1314 2978 et
1363 2922 1673 2992 pr.eterﬂuit
1722 2940 1736 2978 τ
1788 2924 1875 2979 illa

283 3024 461 3067 autem
513 3023 731 3069 manent
786 3016 1143 3081 immortalia,
1193 3026 1247 3072 et
1283 3034 1571 3086 numquam
1626 3018 1883 3074 desitura.

286 3107 501 3176 Alioqui
528 3118 705 3162 autem
737 3118 955 3163 exercet
985 3110 1147 3163 etiam
1179 3111 1382 3164 animas
1406 3109 1470 3164 ad
1512 3125 1748 3165 amorem
1782 3113 1890 3166 vir-

285 3199 434 3252 tutis.
464 3197 688 3265 Quando
717 3200 860 3255 enim
892 3201 978 3256 vel
1009 3217 1132 3256 cum
1172 3202 1446 3258 laboribus
1491 3204 1658 3271 ipsam
1703 3205 1884 3274 eligit,

286 3288 523 3343 nondum
567 3291 842 3359 praemium
891 3292 1207 3361 accipiens,
1259 3291 1548 3348 meditatur
1591 3308 1716 3363 erga
1769 3310 1886 3350 eam

286 3380 685 3466 accuratissime
712 3382 852 3437 afﬁci
887 3399 901 3436 :
931 3383 1144 3453 quando
1181 3393 1359 3438 autem
1387 3385 1548 3440 etiam
1580 3399 1701 3439 cum
1730 3387 1884 3440 volu-

292 3481 438 3541 ptate
467 3472 603 3542 fugit.
621 3474 804 3528 vitium
832 3515 846 3539 ,
894 3476 1208 3545 supplicium
1240 3477 1483 3532 nondum
1521 3489 1736 3547 experta
1763 3521 1777 3543 ,
1822 3481 1887 3534 ad

293 3564 467 3632 ipsum
485 3565 608 3618 odio
627 3564 926 3620 habendum
953 3575 1006 3621 et
1025 3567 1378 3623 aversandum
1407 3579 1706 3624 exercetur.
1737 3570 1890 3627 [inde

292 3659 384 3710 fiet
425 3665 482 3710 ut
527 3673 591 3710 ex
637 3657 740 3712 hoc
767 3659 995 3727 accipiat
1023 3658 1262 3714 habitum
1291 3670 1343 3714 et
1367 3661 1472 3716 odii
1504 3660 1758 3717 adversus
1786 3663 1890 3716 im-

291 3748 609 3817 probitatem
636 3789 651 3814 ,
703 3758 757 3803 et
799 3751 997 3805 amoris
1045 3752 1098 3805 in
1142 3753 1414 3807 virtutem.
1451 3753 1548 3807 Est
1575 3756 1734 3809 etiam
1787 3757 1888 3810 alia

291 3840 448 3892 ratio.
479 3838 730 3905 Qua-nam
758 3849 934 3896 autem
957 3857 1018 3896 ea
1041 3843 1159 3897 est?
1179 3843 1410 3898 Afflicuo
1427 3859 1524 3898 nos
1545 3845 1628 3898 vel
1656 3847 1887 3902 maxime

293 3930 513 3993 excitat,
541 3931 842 3996 confirmat,
877 3941 929 3986 et
958 3932 1204 3988 fortiores
1246 3935 1421 3989 reddit
1450 3935 1514 3989 ad
1537 3935 1769 3990 studium
1800 3953 1891 3992 sa-

294 4022 529 4090 pientize.
583 4023 648 4076 Et
672 4038 792 4078 cum
816 4024 915 4078 hac
941 4026 1099 4079 etiam
1126 4027 1247 4080 alia.
1296 4026 1550 4094 Qnarnam
1581 4036 1757 4082 autem
1789 4031 1890 4083 ea?

297 4114 422 4168 Vult
453 4128 550 4168 nos
577 4114 770 4169 docere
802 4119 1086 4185 praesentia
1117 4117 1423 4186 despicere,
1453 4129 1508 4173 et
1528 4136 1632 4174 non
1665 4121 1744 4175 eis
1768 4135 1890 4177 esse

292 4205 486 4261 affixos
509 4214 564 4260 et
588 4207 850 4277 alligatos.
879 4208 1166 4278 Propterea
1196 4209 1540 4267 aﬂlictionem
1572 4214 1814 4269 attribuit
1835 4225 1890 4270 et

295 4295 534 4350 laborem
564 4314 578 4348 :
609 4313 726 4364 qure
756 4310 934 4354 autem
966 4299 1101 4354 bona
1131 4310 1255 4356 sunt
1282 4303 1583 4372 etjucunda
1604 4345 1619 4370 ,
1652 4317 1710 4360 ut
1733 4305 1888 4362 facile

294 4385 632 4439 solverentur
657 4385 852 4440 effecit.
887 4387 1275 4444 Consummetur
1299 4394 1522 4462 nequitia
1544 4404 1891 4463 peccatorum,

295 4482 345 4525 et
392 4476 580 4547 diriges
621 4480 838 4547 justum.
887 4480 1024 4547 Quid
1075 4492 1158 4536 est
1187 4525 1201 4548 ,
1254 4483 1676 4541 Consummatur?
1719 4487 1890 4553 lnfer,

299 4565 496 4635 inquit,
521 4570 857 4638 supplicium,
891 4581 945 4625 et
965 4574 1225 4641 reprimes
1255 4574 1373 4628 illos
1397 4591 1425 4628 a
1451 4578 1597 4630 vitio.
1630 4577 1898 4644 Quemad-

298 4657 518 4712 modum
558 4660 698 4714 enim
733 4661 910 4716 ulcera
958 4663 1164 4731 putrida
1195 4665 1393 4719 cedunt
1437 4668 1632 4722 amaris
1662 4669 1897 4724 medica-

299 4749 496 4801 mentis
516 4791 531 4813 ,
573 4752 764 4805 ustioni
805 4763 858 4807 et
886 4755 1212 4811 sectionibus
1237 4774 1249 4809 :
1283 4757 1352 4811 ita
1379 4759 1541 4814 etiam
1572 4777 1667 4830 per
1695 4763 1898 4832 suppli-

299 4837 443 4891 oimu
470 4849 682 4894 arcetur
706 4840 1042 4910 improbitas.

371 4929 427 4983 9.
473 4927 706 5000 Lugendi
737 4934 824 5001 qui
865 4944 975 5003 post
1017 4947 1276 5006 peccatum
1320 4941 1400 4994 lu'c
1442 4958 1544 4994 non
1594 4943 1892 5012 puniuntur.

300 5017 405 5071 Cur
432 5030 714 5087 peccatores
735 5039 835 5077 non
856 5023 980 5077 dant
1007 5026 1087 5079 hic
1116 5044 1290 5096 poenas
1321 5039 1661 5100 peccatorum.
1681 5033 1896 5089 -Cum

304 5107 417 5162 haec
437 5123 564 5176 ergo
594 5111 988 5190 intelligamus,
1036 5132 1138 5170 non
1181 5129 1394 5187 Oportet
1436 5137 1530 5176 eos
1575 5122 1776 5179 deﬂere
1800 5125 1889 5194 qui

302 5196 600 5260 puniuntur
627 5211 681 5255 et
710 5205 971 5271 supplicio
995 5207 1316 5276 afficiuntur,
1340 5212 1431 5266 sed
1445 5228 1539 5266 eos
1554 5214 1644 5282 qui
1664 5230 1895 5284 peccau-

303 5295 386 5339 tes
417 5288 586 5342 nullas
607 5292 826 5347 omnino
856 5309 1040 5361 poenas
1071 5298 1243 5352 luunt.
1272 5299 1505 5355 Primum
1527 5305 1669 5357 enim
1700 5307 1896 5359 malum

299 5383 405 5437 est,
437 5391 658 5446 peccare
687 5398 701 5432 :
735 5383 1026 5438 secundum
1057 5397 1235 5442 autem
1262 5429 1276 5451 ,
1316 5392 1359 5442 si
1387 5394 1729 5460 peccantibus
1756 5397 1899 5452 nulla

303 5467 621 5524 adhibeatur
647 5474 928 5551 medicina.
957 5477 1067 5531 lmo
1089 5481 1171 5534 vel
1199 5481 1299 5537 hoc
1323 5485 1686 5557 primumjure
1709 5490 1902 5545 dixerit

301 5561 586 5627 quispiam,
610 5573 663 5617 et
691 5566 844 5635 longe
866 5573 1098 5638 gravius.
1122 5573 1580 5638 Quemadmodum
1612 5582 1754 5634 enim
1788 5599 1894 5636 non

307 5665 468 5718 gmvc
496 5663 579 5708 est
606 5669 884 5726 atgrotarc,
918 5662 1010 5716 sed
1042 5680 1162 5717 eum
1192 5671 1278 5735 qui
1311 5679 1533 5739 :rgrotat
1557 5687 1661 5725 non
1688 5674 1896 5738 curari;

309 5754 406 5797 nec
438 5757 559 5798 cum
605 5747 690 5815 qui
721 5749 898 5806 ulcere
943 5756 1154 5822 putrido
1200 5757 1402 5813 laborat
1434 5761 1768 5833 simpliciter,
1799 5764 1896 5821 dc-

2001 459 2213 525 flemus,
2241 462 2334 516 sed
2354 463 2442 533 qui
2482 463 2687 518 laborat
2717 462 2931 534 quidem
2952 502 2969 529 ,
2999 472 3053 518 et
3085 463 3230 534 jacet
3269 463 3552 533 ucglectim
3574 505 3590 530 ,

1995 566 2094 604 nec
2145 551 2304 606 habet
2347 553 2616 607 medicum
2664 553 2753 623 qui
2785 554 2834 609 ei
2882 568 3072 608 manus
3116 552 3368 609 adhibeat
3412 573 3424 608 :
3471 568 3594 608 cum

1993 652 2170 695 autem
2203 643 2289 719 (ιειί
2319 643 2579 698 scinditur
2607 652 2662 699 et
2692 644 2885 709 uritur,
2907 643 3202 699 dixerimus
3229 643 3330 698 iter
3353 643 3420 698 ad
3443 643 3594 698 sani-

1995 740 2154 786 tatem
2185 733 2410 803 ingredi,
2441 750 2546 788 non
2569 735 2890 804 aspicientes
2919 734 3160 790 dolorem
3180 735 3270 804 qui
3298 750 3370 790 ex
3401 735 3597 790 sectio-

1992 837 2081 886 ne,
2114 823 2208 877 sed
2232 823 2536 890 sanitatem,
2569 840 2690 895 qua:
2719 840 2787 880 ex
2817 841 2878 881 ea
2905 826 3080 881 oritur
3106 843 3121 880 :
3152 827 3222 880 ita
3248 826 3410 880 etiam
3435 841 3595 896 opor-

1994 919 2063 969 tet
2089 930 2186 970 nos
2209 916 2259 969 in
2286 915 2462 986 anima
2493 917 2632 972 affici
2659 958 2674 984 ,
2709 918 2894 989 lugere
2920 919 3134 988 quidem
3173 927 3227 973 et
3271 917 3402 974 ﬂere
3427 959 3445 984 ,
3484 932 3592 972 non

1990 1019 2086 1060 eos
2114 1007 2202 1068 qui
2229 1009 2514 1074 puniuntur
2545 1009 2853 1080 (trahuntur
2868 1009 3009 1064 enim
3037 1007 3104 1062 ad
3133 1006 3466 1079 sanitatem),
3494 1005 3591 1062 sed

1990 1110 2085 1149 eos
2112 1096 2348 1165 quicum
2383 1107 2620 1166 peccant,
2653 1115 2760 1154 non
2786 1098 2915 1154 dant
2946 1115 3152 1171 poenas.
3192 1101 3260 1155 Et
3297 1101 3342 1154 si
3376 1116 3587 1170 patum,

1990 1187 2222 1256 inquies.
2257 1200 2473 1258 peccata
2497 1189 2816 1259 prohibent,
2844 1206 2941 1246 cur
2985 1208 3092 1246 non
3120 1192 3359 1263 quotidie
3399 1192 3592 1247 damus

1993 1292 2176 1346 pmuas
2215 1281 2596 1346 peccatorum?
2635 1281 2897 1348 Quoniam
2936 1282 2984 1337 si
3026 1282 3130 1338 hoc
3169 1281 3366 1336 factum
3411 1293 3588 1346 esset,

1991 1377 2312 1437 praereptum
2341 1369 2526 1426 fuisset
2547 1371 2838 1426 humanum
2860 1387 3050 1442 genus,
3079 1383 3132 1428 et
3152 1373 3420 1427 sublatum
3445 1381 3592 1429 esset
3619 1403 3636 1423 ι

1991 1465 2201 1528 tempus
2229 1462 2578 1530 paenitentiae.
2625 1462 2683 1518 ld
2713 1462 2996 1519 considera
3027 1463 3078 1518 in
3121 1463 3309 1518 Paulo.
3353 1464 3407 1520 Si
3442 1464 3587 1519 enim

1989 1547 2080 1603 ille
2109 1549 2343 1606 dedisset
2376 1554 2810 1623 persequutionis
2859 1543 3068 1624 ptenas,
3115 1562 3171 1609 et
3196 1553 3386 1610 fuisset
3409 1554 3587 1609 subla-

1989 1646 2094 1705 tus,
2124 1642 2393 1710 quomodo
2422 1643 2697 1699 habuisset
2735 1654 2947 1714 tempus
2971 1645 3161 1714 agendi
3187 1645 3587 1716 paenitentiam,

1989 1739 2045 1785 et
2073 1743 2188 1801 post
2218 1733 2581 1800 paenitentiam
2610 1734 2839 1790 faciendi
2871 1735 3009 1790 bona
3038 1736 3340 1800 innumera,
3365 1735 3586 1790 univero

1991 1837 2217 1894 sumque
2248 1840 2384 1894 pene
2411 1835 2671 1880 terrarum
2693 1827 2879 1882 orbem
2899 1826 3193 1881 deducendi
3220 1827 3290 1880 ab
3309 1841 3494 1882 errore
3514 1826 3583 1881 ad

1989 1915 2311 1969 veritatem?
2359 1915 2474 1971 Non
2519 1918 2668 1972 vides
2695 1919 2856 1972 etiam
2903 1918 3173 1983 medicos,
3225 1918 3438 1986 quando
3465 1918 3588 1988 quis

1991 2003 2173 2060 multis
2201 2015 2283 2060 est
2311 2005 2530 2062 affectus
2566 2008 2879 2063 vulneribus
2901 2051 2915 2073 ,
2947 2024 3053 2062 non
3085 2017 3286 2062 tantam
3328 2007 3586 2063 adhibere

1990 2094 2306 2149 medicinam
2327 2137 2343 2161 ,
2378 2107 2632 2165 quantam
2659 2098 2890 2166 postulat
2917 2108 3104 2152 natura
3133 2098 3413 2151 vulnerum
3433 2137 3452 2166 ,
3490 2097 3587 2153 sed

1988 2198 2240 2256 quantam
2264 2187 2442 2242 ferunt
2469 2191 2609 2243 vires
2629 2190 2764 2260 ejus,
2786 2191 2876 2259 qui
2903 2202 2985 2244 est
3014 2189 3308 2255 sauciatus,
3340 2205 3430 2256 ne,
3456 2189 3585 2244 dum

1988 2278 2296 2333 vulneribus
2317 2279 2616 2343 medentur,
2649 2293 2908 2349 tegi-otqu
2938 2279 3007 2333 de
3039 2280 3216 2334 medio
3239 2279 3465 2335 tollant?
3511 2280 3588 2334 Ea

1987 2369 2056 2423 de
2082 2384 2239 2422 causa
2269 2370 2408 2425 Deus
2431 2386 2530 2424 nec
2552 2386 2740 2426 omnes
2759 2372 2917 2425 sintut
2949 2372 3118 2440 punit,
3153 2386 3252 2425 nec
3273 2386 3462 2425 omnes
3488 2385 3587 2440 pro

1989 2462 2196 2516 meritis
2219 2503 2234 2526 ,
2277 2463 2386 2517 sed
2402 2464 2601 2518 sensim
2640 2473 2694 2518 et
2722 2464 3055 2533 aliquantum
3086 2465 3285 2519 cedens
3316 2481 3328 2516 :
3361 2474 3416 2518 et
3440 2479 3586 2532 saepe

1989 2568 2155 2607 unum
2199 2554 2422 2622 puniens
2451 2595 2466 2621 ,
2513 2555 2714 2611 multos
2753 2571 2848 2624 per
2894 2556 3046 2609 illum
3094 2554 3418 2610 emendavit.
3473 2553 3586 2609 Hoc

1989 2646 2149 2699 etiam
2187 2659 2333 2714 saepe
2376 2645 2433 2699 fit
2481 2647 2532 2699 iu
2573 2661 2799 2715 corpore
2833 2664 2847 2702 :
2881 2648 3037 2699 unius
3068 2646 3293 2700 membri
3323 2644 3586 2700 abscissio

1991 2733 2233 2801 pluribus
2258 2734 2376 2787 aliis
2404 2735 2626 2803 praebuit
2651 2736 2954 2789 sanitatem.
2992 2735 3124 2790 Vide
3161 2744 3340 2790 autem
3365 2733 3588 2790 caritate

1993 2825 2202 2892 plenam
2229 2825 2360 2894 justi
2387 2827 2651 2891 animam,
2693 2828 2961 2896 quomodo
2990 2827 3183 2897 ubique
3217 2828 3407 2898 quterit
3441 2827 3586 2898 quod

1990 2924 2074 2971 est
2096 2918 2452 2972 communiter
2479 2919 2627 2982 utile,
2655 2927 2711 2972 ut
2739 2930 3015 2988 peccatum
3050 2919 3116 2973 de
3140 2919 3319 2974 medio
3345 2919 3585 2988 tollatur,

1992 3021 2097 3059 non
2146 3014 2206 3059 ut
2253 3017 2429 3060 sumat
2480 3023 2663 3076 Menas
2701 3008 2768 3062 de
2818 3009 3086 3074 inimicis,
3132 3009 3228 3063 sed
3281 3018 3343 3064 ut
3385 3009 3588 3064 inimici

1991 3105 2205 3150 cessent
2230 3099 2298 3150 ab
2330 3098 2689 3164 improbitate.
2724 3100 2835 3155 Hoc
2865 3116 2994 3170 ergo
3021 3116 3234 3169 semper
3258 3109 3588 3171 spectemus,

1992 3196 2051 3240 ut
2078 3189 2301 3243 sistatur
2328 3190 2537 3257 vitium,
2565 3201 2618 3244 et
2648 3193 2922 3262 lugeamus
2952 3210 3045 3248 eos
3072 3197 3161 3264 qui
3191 3195 3286 3248 illo
3313 3203 3589 3262 tenentur,

1993 3280 2204 3334 etiamsi
2234 3282 2422 3336 sericis
2453 3283 2688 3337 vestibus
2714 3285 2821 3338 sint
2845 3285 3011 3338 induti
3049 3303 3060 3338 :
3094 3301 3296 3356 eosque
3323 3302 3356 3342 e
3375 3286 3591 3342 diverso

1994 3371 2178 3426 beatos
2204 3373 2506 3442 judicemus
2546 3377 2638 3444 qui
2683 3385 2808 3430 sunt
2837 3377 3033 3430 virtute
3082 3379 3288 3447 praediti
3318 3420 3335 3446 ,
3377 3380 3588 3434 etiamsi

1993 3481 2114 3518 eum
2144 3475 2382 3521 extrema
2427 3466 2604 3537 inopia
2634 3469 2988 3524 eolluctentur
3010 3511 3025 3535 ,
3056 3470 3126 3524 ab
3155 3472 3510 3528 exterioribus
3537 3472 3596 3526 in

1994 3558 2366 3628 Cogitationem
2416 3562 2691 3630 utriusque
2716 3563 3028 3618 subeuntes.
3068 3564 3218 3619 Tunc
3262 3566 3406 3620 enim
3437 3564 3589 3620 vide-

1995 3650 2171 3704 bimus
2202 3653 2360 3722 hujus
2389 3652 2600 3708 divitias
2621 3697 2636 3720 ,
2671 3654 2815 3710 illius
2856 3656 3110 3724 in0piam.
3151 3656 3289 3724 Quid
3332 3658 3512 3723 enim,
3545 3658 3592 3712 si

1997 3743 2275 3810 Splendida
2313 3755 2461 3799 veste
2501 3748 2833 3802 extrinsecus
2857 3757 2942 3803 est
2970 3747 3222 3803 indutus?
3247 3750 3375 3819 quid
3415 3751 3595 3807 differt

1995 3834 2062 3888 ab
2089 3833 2318 3889 officinis
2345 3844 2399 3889 et
2430 3837 2582 3906 lignis
2605 3854 2723 3907 quae
2750 3854 2866 3892 eam
2897 3838 3121 3894 ferunt?
3167 3856 3271 3911 qua
3313 3841 3365 3895 in
3417 3857 3477 3897 re
3505 3852 3592 3898 est

1996 3925 2061 3980 iis
2087 3927 2426 3996 locupletior,
2451 3929 2541 3996 qui
2563 3945 2680 3984 eam
2707 3931 3040 3986 vendendam
3069 3933 3460 4001 accipiunt?At
3484 3951 3593 3991 non

1997 4017 2258 4083 ejusmodi
2287 4029 2411 4074 sunt
2439 4019 2568 4088 justi
2613 4021 2831 4088 divitia),
2880 4022 2977 4077 sed
3030 4023 3198 4078 tit-inte
3242 4033 3297 4078 et
3351 4025 3591 4081 stabiles.

1996 4107 2150 4174 Quod
2166 4110 2208 4164 si
2228 4126 2331 4164 non
2350 4111 2584 4165 sentiunt
2599 4113 2793 4167 divites
2807 4129 2866 4169 se
2882 4128 3002 4168 esse
3021 4115 3075 4168 in
3093 4123 3429 4184 paupertate,
3460 4117 3595 4173 nihil

1997 4200 2212 4254 mirum.
2231 4199 2341 4256 Nec
2355 4200 2390 4254 ii
2407 4203 2566 4256 etiam
2587 4203 2784 4256 malum
2802 4203 3154 4273 sentiunt,qui
3173 4204 3418 4261 laborant
3436 4207 3596 4274 phre-

1997 4291 2114 4346 nesi
2139 4308 2153 4345 :
2181 4300 2238 4346 et
2267 4303 2549 4363 propterea
2574 4303 2700 4348 sunt
2725 4295 2958 4350 maxime
2984 4296 3298 4363 miserandi,
3324 4313 3430 4353 non
3451 4300 3595 4355 beati

1997 4380 2247 4437 ducendi.
2267 4383 2324 4438 Si
2350 4385 2492 4438 eiiim
2511 4386 2793 4448 sentirent,
2823 4385 2887 4439 ad
2911 4385 3177 4441 medicum
3202 4398 3548 4445 accurrerent
3575 4407 3592 4445 :

2000 4489 2142 4531 nunc
2168 4484 2346 4543 autem
2368 4477 2470 4530 hoc
2493 4486 2576 4531 est
2598 4477 2648 4530 in
2673 4477 2800 4531 vitio
2820 4479 3214 4546 gravissimum,
3232 4480 3372 4549 quod
3403 4496 3525 4536 cum
3542 4483 3597 4537 in

1999 4581 2065 4620 eo
2082 4567 2209 4630 sint,
2231 4583 2298 4622 ne
2315 4583 2374 4622 se
2391 4568 2602 4637 quidem
2623 4569 2753 4622 ineo
2769 4585 2888 4622 esse
2916 4572 3170 4623 sentiunt.
3201 4571 3276 4626 Ne
3293 4571 3395 4626 hoc
3410 4587 3596 4642 respe-

2000 4658 2164 4722 xeris,
2190 4659 2331 4728 quod
2354 4673 2411 4713 se
2433 4675 2554 4714 esse
2570 4660 2786 4713 divitem
2821 4660 3031 4714 laetatur
3057 4660 3227 4727 dives,
3256 4663 3351 4717 sed
3380 4671 3599 4732 prepter

2006 4749 2109 4804 hoc
2135 4751 2306 4819 ipsum
2331 4751 2411 4805 vel
2441 4754 2674 4806 maxime
2703 4751 3035 4825 defle,qttod
3065 4769 3132 4809 ne
3157 4756 3352 4808 sentiat
3380 4754 3597 4824 quidem

2003 4842 2054 4895 iu
2080 4851 2280 4912 quanto
2311 4844 2452 4897 malo
2488 4852 2750 4898 versetur.
2801 4844 2917 4898 Non
2963 4851 3050 4899 est
3075 4845 3218 4900 enim
3259 4845 3554 4901 humanum
3579 4890 3599 4913 ,

2003 4934 2098 4989 sed
2128 4949 2157 4987 a
2190 4936 2394 4988 ratione
2421 4935 2651 4988 maxime
2679 4935 2913 4990 alienum
2933 4977 2946 4997 ,
2981 4945 3266 5004 prOpterea
3296 4938 3596 4992 exsultare.

2005 5027 2073 5079 Et
2100 5028 2286 5097 dirigas
2304 5029 2524 5097 justum.
2559 5027 2695 5095 Quid
2729 5027 2830 5081 hoc
2859 5028 2979 5081 est?
3011 5028 3190 5082 Plexis
3220 5029 3365 5083 enim
3394 5029 3598 5098 impro-

2003 5117 2107 5181 bis,
2142 5119 2344 5188 inquit,
2375 5118 2657 5188 fiuntjusti
2680 5119 3016 5173 attentiorcs.
3061 5119 3293 5176 Proinde
3338 5121 3449 5177 duo
3476 5121 3601 5179 hinc

2005 5208 2143 5264 bona
2171 5213 2450 5265 oriuntur:
2486 5225 2606 5264 nam
2633 5220 2689 5266 et
2726 5211 2802 5264 illi
2832 5226 2862 5264 a
2892 5213 3018 5268 vitio
3043 5212 3340 5278 desistunt,
3363 5223 3418 5267 et
3449 5212 3502 5267 hi
3532 5213 3602 5269 ad

2007 5302 2257 5354 virtutem
2286 5301 2454 5371 magis
2479 5302 2760 5357 accedunt.
2783 5302 3246 5369 Quemadmodum
3273 5305 3417 5359 enim
3443 5305 3606 5361 homo

2006 5407 2167 5446 sanus
2193 5409 2312 5446 eum
2343 5393 2486 5447 videt
2516 5395 2819 5465 quempiam
2865 5396 2944 5449 uri
2987 5405 3079 5449 aut
3124 5396 3331 5461 secari,
3361 5396 3606 5451 redditur

2006 5485 2259 5538 attentior
2283 5485 2348 5538 ad
2377 5486 2658 5540 sanitatem
2701 5503 2714 5540 :
2759 5486 2831 5539 ita
2869 5486 2954 5541 hic
2981 5488 3165 5542 etiam.
3213 5487 3604 5541 Etenim-multi

2006 5590 2192 5628 eorum
2222 5576 2308 5644 qui
2342 5584 2464 5628 tunc
2490 5585 2644 5630 erant
2667 5615 2680 5639 ,
2726 5575 3139 5633 ofl‘cndehanlur
3162 5619 3177 5643 ,
3226 5579 3386 5631 etiam
3417 5592 3604 5631 eorum

2007 5669 2095 5740 qui
2127 5669 2444 5722 videbantur
2474 5669 2710 5739 sibiipsis
2738 5670 3018 5725 attendere
3040 5713 3054 5737 ,
3090 5679 3308 5739 propter
3339 5672 3602 5723 malorum

2013 5761 2419 5834 prosperitatem
2448 5763 2622 5819 adhuc
2670 5763 2988 5821 imbecillius
3031 5763 3228 5821 affecti.
3270 5763 3604 5835 Quapropter
