4070 6430
488 406 559 459 95
1228 395 1285 449 s.
1323 370 1597 449 manus
1632 378 2111 444 CleSOS'l'Ottll
2136 376 2451 435 ARCHIEP.
2478 376 3009 435 consummes.
3690 380 3754 436 93

486 518 572 570 hic
596 515 753 569 etiam
793 513 916 569 alibi
946 515 1076 566 dicit
1122 507 1301 582 :Pene
1341 504 1489 572 e/I'usi
1529 510 1644 557 sunt
1695 515 1895 571 gressus
1946 498 2062 560 mei,

483 606 722 674 quoniam
766 602 1031 657 aemulatus
1060 614 1170 652 sum
1200 604 1403 665 propter
1430 594 1635 659 iniquos.
1662 588 1830 662 (Psal.
1865 588 1952 640 η.
1981 586 2066 653 2).

485 695 635 748 Alius
681 704 855 746 autem
893 703 1074 744 rursus
1111 704 1124 740 :
1164 687 1336 751 Quare
1380 684 1456 737 via
1487 679 1761 751 impiorum
1799 692 2067 747 prosperae

486 780 743 853 tur(ler.
791 779 877 833 l2.
939 778 1046 845 l)?
1100 775 1400 842 Quinetiam
1444 771 1546 825 .Iob
1590 770 1752 823 multa
1798 765 2070 835 quaerebat

485 871 769 938 ejusmodi.
795 870 900 925 Sed
932 883 1070 923 nunc
1095 866 1306 937 quidem
1353 862 1714 933 imperfectins
1751 860 1920 913 allecti
1955 858 2067 910 bwc

485 961 764 1023 dicebant,
792 968 845 1013 et
882 959 995 1012 bare
1021 956 1330 1025 qnmrcbant
1372 972 1386 1008 :
1429 967 1569 1006 nunc
1596 960 1770 1005 autem
1816 948 1958 1001 nulla
1987 957 2069 1000 est

487 1032 681 1120 dignus
712 1050 862 1103 venia
886 1090 903 1113 ,
945 1048 1033 1117 qui
1064 1046 1147 1100 his
1186 1045 1527 1114 perturbatur
1554 1058 1568 1094 :
1596 1042 1684 1110 qui
1726 1049 1800 1094 tot
1829 1047 1882 1093 et
1926 1044 2069 1090 tanta

494 1140 839 1210 pbilowpbize
868 1138 1002 1194 scita
1028 1137 1229 1197 didicit,
1276 1134 1422 1191 etde
1447 1133 1634 1187 tuturis
1675 1130 1796 1184 talia
1822 1128 2070 1197 dogmata

489 1232 712 1299 accepit,
740 1229 886 1284 et-de
909 1228 1149 1298 gebenna
1173 1241 1235 1280 ac
1267 1239 1433 1294 regno
1453 1223 1687 1291 apertius
1721 1220 1943 1275 edoctus
1962 1228 2064 1285 est,

494 1322 601 1376 illic
625 1320 859 1390 singulos
884 1325 1197 1385 accepturos
1224 1330 1318 1385 pro
1347 1312 1571 1368 meritis.
1626 1309 1874 1367 Scrutans
1913 1308 2069 1361 corda

485 1423 534 1467 et
561 1428 703 1467 renes
730 1409 867 1464 Deus
886 1410 1069 1475 iustus.
1097 1409 1182 1462 ll.
1212 1407 1535 1477 Adjutorium
1559 1418 1721 1456 meum
1747 1419 1779 1455 a
1805 1401 2026 1455 Domino
2051 1440 2066 1465 ,

485 1504 574 1573 qui
591 1504 755 1556 salvos
785 1501 906 1570 facit
936 1509 1093 1553 rectos
1113 1497 1282 1551 corde.
1322 1496 1473 1551 Alius
1516 1513 1530 1549 :
1564 1492 1901 1548 Examinator
1949 1506 2065 1545 cor-

489 1594 631 1646 dium
660 1602 705 1644 et
733 1606 911 1645 rcnum
946 1588 1081 1642 Deus
1097 1588 1289 1658 justus,
1331 1586 1563 1656 defensor
1586 1598 1747 1637 meus.
1794 1581 1861 1636 Et
1888 1580 2022 1634 alius
2049 1596 2065 1634 :

489 1686 632 1739 Deus
672 1684 855 1751 iustus.
903 1679 1240 1750 Septuaginta
1259 1687 1436 1732 autem
1464 1676 1535 1729 ita
1560 1673 1837 1729 dixerunt'
1862 1689 1877 1726 :
1903 1671 2068 1729 Scru-

460 1799 464 1801 ‘
486 1787 598 1830 tam
614 1776 767 1829 corda
788 1782 836 1826 et
856 1787 998 1826 renes
1021 1770 1176 1824 Deus.
1204 1766 1242 1822 Ι
1244 1777 1408 1822 ustum
1428 1765 1677 1822 auxilium
1692 1779 1858 1819 meum
1882 1779 1913 1815 a
1932 1761 2065 1816 Deo.

491 1848 632 1920 Dixit
658 1880 778 1919 eum
804 1877 922 1919 esse
941 1861 1297 1931 judicaturnm
1323 1858 1509 1913 orbem
1536 1866 1691 1911 terra:
1708 1897 1728 1923 ,
1755 1854 1885 1911 dicit
1909 1854 2064 1909 dein-

492 1971 621 2027 ceps
647 1956 806 2013 etiam
833 1952 1100 2024 quomodo
1128 1950 1565 2021 sitjndicaturns.
1612 1948 1754 2003 Dixit
1794 1962 1916 2002 cum
1962 1962 2065 2000 non

484 2058 646 2117 cgere
682 2045 924 2108 testibus,
945 2058 1049 2097 non
1076 2040 1493 2112 probationibus,
1525 2054 1632 2094 non
1659 2038 2067 2093 demonstratio-

486 2137 662 2201 nibns,
688 2150 793 2190 non
823 2133 1032 2202 scriptis
1073 2138 1163 2185 aut
1201 2130 1565 2185 instrumentis
1589 2170 1607 2197 ,
1633 2139 1727 2184 aut
1774 2128 1880 2184 alio
1921 2128 2067 2198 ejusé

487 2227 629 2280 modi
663 2244 675 2278 :
710 2226 821 2294 ipse
846 2233 933 2279 est
957 2219 1097 2277 enim
1123 2222 1213 2292 qui
1239 2222 1339 2277 scit
1365 2222 1525 2277 etiam
1559 2236 1679 2290 qua:
1699 2228 1826 2275 sunt
1849 2234 2064 2275 arcana.

487 2315 565 2371 Nc
586 2317 723 2368 dicat
739 2328 866 2383 ergo
891 2313 1083 2367 stultus
1108 2312 1369 2381 quispiam
1398 2329 1413 2366 :
1441 2310 1510 2365 Et
1528 2310 1794 2381 quomodo
1808 2309 2069 2381 judicabit

485 2404 739 2460 mundum
765 2403 1005 2457 tantum?
1030 2401 1131 2469 Qui
1160 2401 1302 2457 enim
1328 2394 1486 2466 fecit,
1520 2415 1639 2455 cum
1666 2416 1771 2455 non
1796 2410 1972 2468 esset,
2023 2402 2069 2456 is

486 2494 680 2549 laetum
698 2493 969 2564 judicnbit.
992 2492 1167 2548 Renes
1182 2501 1358 2547 autem
1382 2490 1468 2545 hic
1490 2490 1620 2545 dicit
1644 2490 1837 2545 mentis
1850 2505 2064 2555 arcana,

484 2602 605 2657 qua:
626 2595 748 2642 sunt
780 2586 984 2651 intima,
1004 2600 1122 2655 quae
1150 2591 1275 2639 sunt
1291 2582 1717 2653 profundissima,
1738 2597 1803 2637 ex
1828 2583 2066 2652 positura

492 2679 660 2750 partis
680 2678 731 2732 id
762 2679 1004 2732 innucns.

558 2771 642 2825 10.
686 2770 819 2837 Quid
846 2779 948 2835 est,
976 2767 1263 2823 Scrutaris?
1286 2765 1439 2832 Quod
1466 2765 1603 2820 alius
1627 2764 1782 2832 dixit,
1807 2763 2063 2819 Probum.

485 2860 596 2917 Etsi
620 2860 727 2914 sint
752 2868 930 2914 autem
960 2859 1206 2913 humana:
1234 2856 1495 2913 dictiones
1513 2895 1530 2918 ,
1559 2862 1685 2910 sunt
1706 2863 1883 2910 tamen
1908 2869 2069 2911 sensa

492 2950 603 3005 Deo
631 2950 1018 3005 convenientia.
1050 2946 1503 3015 Quemadmodum
1545 2949 1685 3001 enim
1713 2945 1908 3001 Paulus
1944 2960 2066 3001 cum

491 3043 638 3106 dicit,
664 3043 763 3107 Qui
786 3052 951 3095 autem
972 3050 1225 3096 scrutatur
1247 3039 1401 3092 corda
1421 3038 1597 3107 (Rom.
1620 3037 1673 3093 8.
1698 3037 1815 3109 27),
1841 3038 2066 3093 scrutari

494 3134 662 3202 ponit,
693 3146 791 3203 pro
818 3140 1000 3200 aperte
1027 3129 1164 3183 scire
1194 3147 1207 3181 :
1236 3130 1396 3183 etiam
1427 3127 1513 3182 hic
1539 3136 1789 3195 scrutans,
1818 3143 1915 3199 pro
1944 3143 2065 3198 per-

484 3224 620 3280 fecte
642 3232 1014 3294 cognoscente.
1041 3220 1354 3275 Examinare
1380 3228 1558 3275 autem
1586 3228 1669 3275 est
1687 3219 1907 3285 nudare,
1925 3220 2067 3289 quod

485 3324 570 3371 est
597 3315 839 3386 perfectae
865 3312 1101 3367 scientiae
1130 3328 1145 3364 :
1178 3318 1237 3365 nt
1273 3311 1432 3366 etiam
1450 3311 1580 3365 dicit
1608 3310 1800 3366 Paulus
1831 3326 1846 3362 :
1878 3309 2064 3363 Omnia

485 3415 652 3459 autem
677 3412 793 3463 sunt
821 3402 962 3457 nuda
985 3412 1031 3456 et
1057 3402 1346 3473 resupinato
1368 3402 1526 3456 oculis
1549 3400 1860 3472 ejus(llebr.
1877 3401 1932 3465 ι,
1951 3401 2064 3471 l5).

560 3494 805 3561 Quisnam
847 3492 1058 3563 petenda
1099 3501 1236 3545 sunt.
1259 3490 1551 3544 —Justum
1591 3490 1839 3545 auxilium
1879 3507 2063 3544 meum.

487 3586 638 3643 Alius
664 3602 677 3636 :
704 3583 882 3639 Justus
907 3584 1141 3655 defensor
1165 3598 1321 3636 meus.
1346 3581 1483 3649 Quid
1513 3590 1614 3648 est,
1668 3580 1876 3637 Iustum
1919 3582 2069 3638 auxi-

491 3676 617 3730 tiam
667 3690 830 3728 mn
863 3689 897 3726 a
924 3670 1077 3728 Deo?
1115 3670 1242 3727 Jure
1279 3687 1343 3726 ac
1386 3672 1578 3726 merito
1617 3672 1745 3728 mihi
1798 3674 2070 3745 continget

484 3780 515 3818 a
547 3766 654 3820 Deo
682 3781 695 3817 :
726 3762 856 3817 nihil
892 3762 1034 3817 enim
1076 3773 1201 3832 peto
1254 3762 1525 3832 injustam.
1580 3764 1758 3830 Quare
1784 3763 1828 3818 si
1876 3780 2065 3835 super-

487 3871 612 3909 num
689 3854 940 3909 auxilium
998 3854 1281 3924 impetrare
1346 3855 1626 3919 volumus,
1682 3870 1744 3910 ca
1800 3864 1923 3911 sunt
1977 3871 2070 3926 pe-

492 3945 650 4000 tenda
671 3985 687 4008 ,
720 3959 837 4014 quae
873 3945 1033 3999 etiam
1058 3944 1183 4013 justi
1221 3941 1420 3997 habent
1455 3943 1715 3998 rationem
1750 3962 1764 3999 :
1795 3954 1853 3999 nt
1879 3953 2068 4001 natura

489 4032 760 4101 petitionis
777 4032 1111 4087 attrahamns
1138 4030 1395 4086 auxilium
1422 4031 1569 4102 ejus,
1599 4031 1701 4099 Qui
1722 4043 1890 4101 servat
1907 4045 2068 4090 rectos

484 4125 657 4181 corde.
691 4124 802 4199 Hoc
827 4132 911 4180 est
934 4125 1056 4193 ejus
1076 4125 1308 4180 cilicium
1328 4165 1345 4192 ,
1386 4122 1502 4179 haec
1530 4133 1613 4179 est
1639 4124 1690 4180 ei
1717 4126 2065 4183 consuetudo.

491 4217 752 4287 Quoniam
782 4232 910 4287 ergo
945 4232 1048 4273 nec
1074 4231 1176 4287 ego
1215 4231 1349 4273 cum
1384 4202 1573 4284 injuria
1615 4217 1929 4285 provocavi,
1970 4233 2070 4273 nec

491 4310 680 4366 ulcisci
706 4308 954 4364 desidem
985 4325 1000 4361 :
1031 4298 1315 4379 propterea
1343 4306 1471 4363 mihi
1494 4306 1693 4377 justum
1725 4308 1879 4363 fuerit
1905 4323 1934 4362 a
1960 4308 2069 4364 Deo

490 4401 767 4458 auxilium.
798 4398 925 4455 Habe
941 4412 1070 4468 ergo
1090 4411 1211 4453 cum
1231 4397 1483 4463 sciamus,
1511 4396 1642 4452 nihil
1664 4406 1905 4467 petamus
1929 4398 2071 4468 ejus-

491 4478 635 4546 modi
654 4531 672 4555 ,
715 4488 858 4559 quod
897 4495 1041 4545 vetet
1074 4485 1440 4544 donationem.
1471 4487 1696 4556 Quando
1718 4489 1861 4544 enim
1885 4499 2069 4546 contra

490 4582 738 4637 inimicos
761 4581 1048 4652 petireris,
1088 4594 1194 4635 non
1226 4588 1307 4636 est
1346 4580 1549 4651 justum
1574 4581 1716 4653 quod
1756 4584 1894 4654 petis
1916 4585 2068 4640 anxi-

492 4669 660 4735 lium;
702 4678 786 4725 est
825 4669 981 4726 enim
1011 4672 1339 4725 contrarium
1384 4669 1489 4741 legi
1531 4670 1667 4742 ejus,
1708 4672 1800 4743 qui
1844 4673 2066 4743 praebet.

491 4759 680 4815 itidem
700 4761 859 4815 etiam
881 4758 1096 4830 quando
1115 4759 1349 4826 divitias,
1370 4761 1580 4832 quando
1598 4763 2065 4833 pulchritudinem,

490 4848 706 4919 quando
732 4848 931 4919 aliquid
975 4848 1118 4906 aliud
1152 4849 1295 4917 quod
1333 4849 1399 4904 ad
1443 4850 1579 4907 hanc
1619 4854 1778 4908 vitam
1819 4856 2065 4925 pertinet.

490 4940 633 5010 quod
665 4942 970 5009 praeterﬂuit
988 4984 1006 5010 ,
1034 4943 1320 5012 petiveris,
1349 4943 1401 4999 id
1431 4953 1513 4999 est
1542 4947 1866 5003 contrarium
1898 4948 2071 5017 philo-

491 5031 697 5100 sOpbize
717 5032 931 5087 animae.
954 5033 1205 5090 Petamne
1224 5048 1376 5106 ergo,
1398 5046 1456 5089 nt
1478 5036 1639 5091 etiam
1659 5051 2066 5109 consequamur.

494 5120 583 5178 12.
618 5120 757 5176 Deus
786 5123 954 5191 judea;
981 5125 1157 5194 justas
1177 5164 1193 5191 ,
1221 5126 1388 5195 fortis,
1418 5134 1466 5181 et
1494 5127 1715 5197 patiens,
1741 5138 1787 5183 et
1808 5129 1938 5184 iram
1967 5147 2069 5185 non

495 5216 720 5285 inferens
749 5231 840 5285 per
873 5216 1099 5288 singulos
1125 5217 1253 5275 dies.
1292 5218 1442 5277 Alius
1468 5219 1599 5277 dicit
1627 5239 1641 5274 :
1671 5220 1914 5279 Fremens
1940 5240 2067 5293 quo-

556 5387 906 5462 19920969!
932 5403 947 5439 ε
970 5388 1241 5462 ἐιὶωβοὲι
1262 5406 1280 5445 τ
1310 5402 1439 5447 Dm
1453 5395 1889 5462 ιωωριωιάιίωη
1910 5413 2069 5453 mm

495 5454 754 5527 9.260391
1088 5453 1160 5527 ita
1178 5453 1548 5527 μειεῐννειηριεο
1566 5453 1652 5527 Ubi
1673 5461 1910 5527 οιδξθτιβε
1928 5462 2069 5527 (λιι-ι·

1086 5521 1279 5587 textnm
1299 5518 1552 5587 Scriptura
1573 5526 1630 5568 ut
1651 5523 1909 5573 Antiochiae
1932 5516 2068 5587 lege-

496 5569 905 5647 batnr‘atuslerat,
1482 5569 1808 5647 lutei-trgum
1982 5569 2071 5635 "dt-

494 5643 711 5702 vorsum,
734 5645 791 5702 ac
809 5646 983 5702 revera
1021 5648 1319 5702 non_parnm
1338 5643 1603 5694 variantem
1618 5642 1821 5695 'aﬂ'erre.
1845 5642 1963 5696 illud
1987 5659 2070 5697 au-

489 5697 931 5807 mmeetate
944 5697 1291 5761 exeunph'nnm
1305 5704 1647 5765 proveniebat,
1663 5704 1727 5755 de
1741 5718 1839 5769 quo
1852 5708 2071 5773 pluribus

2178 488 2317 543 tidie.
2350 489 2603 545 Hebrteus
2631 500 2806 545 autem
2828 530 2843 555 ,
2882 489 2947 543 In
2987 490 3122 544 omni
3159 488 3258 542 vita
3281 490 3320 542 '.
3349 488 3414 543 Et
3439 489 3572 545 alius
3602 507 3618 542 :
3652 490 3748 543 Mi-

2176 596 2304 633 nans
2329 622 2344 645 ,
2374 581 2589 648 fremens
2613 620 2628 644 ,
2670 598 2772 633 non
2815 582 3047 649 puniens.
3092 579 3242 646 Quod
3269 590 3444 635 autem
3474 580 3642 645 dicit,
3676 590 3750 634 est

2174 673 2457 740 ejusmodi.
2483 673 2534 727 Si
2564 683 2644 728 est
2667 676 2862 741 justus,
2889 674 3030 729 volet
3058 676 3277 729 omnino
3306 678 3491 745 punire
3520 678 3751 745 iniquos;

2176 764 2219 814 si
2249 763 2418 826 tortis,
2447 763 2665 817 Omnino
2691 766 2905 833 poterit.
2939 765 3004 818 Et
3032 765 3118 819 ubi
3141 809 3155 831 ,
3190 768 3378 836 inquit,
3409 778 3491 822 est
3516 769 3755 822 clemen-

2177 853 2243 905 tia
2268 894 2280 915 ,
2313 854 2355 905 si
2383 854 2525 920 juste
2549 852 2848 921 judicabit‘?
2887 856 3121 911 Primum
3149 857 3363 927 quidem
3395 860 3447 913 in
3478 876 3572 923 eo,
3613 861 3752 929 quml

2174 956 2282 996 non
2318 944 2495 996 statim
2523 959 2707 1013 pinnas
2737 944 2969 1015 intligat.
3001 947 3368 1018 praecipueque
3398 950 3450 1003 in
3482 966 3581 1012 cc,
3614 951 3755 1020 quod

2173 1033 2279 1103 jam
2308 1033 2485 1086 onitnia
2515 1044 2728 1103 peccata
2757 1037 3023 1090 remiserit
3052 1052 3148 1107 per
3178 1038 3445 1092 lavacrum
3477 1056 3754 1110 regenera-

2176 1124 2370 1187 t:onis;
2403 1124 2636 1178 secundo
2664 1135 2840 1179 autem
2861 1167 2875 1188 ,
2903 1126 3045 1196 quod
3073 1129 3229 1182 etiam
3257 1128 3466 1184 dederit
3496 1133 3759 1197 poeniten-

2175 1213 2320 1267 tiam.
2350 1214 2403 1269 Si
2434 1214 2575 1268 enim
2604 1215 2940 1285 cogitaveris,
2967 1232 3065 1271 nos
3094 1233 3319 1289 peccare
3345 1220 3601 1289 quotidie,
3633 1231 3759 1275 tunc

2173 1307 2404 1376 maxime
2430 1307 2633 1364 videbis
2667 1308 2984 1364 inell‘abilem
3013 1311 3129 1379 ejus
3167 1312 3463 1366 clementia:
3493 1314 3759 1382 magnitu-

2172 1398 2374 1455 dinem.
2425 1401 2577 1467 Quod
2606 1402 2820 1472 quidem
2866 1404 3025 1458 etiam
3068 1404 3372 1475 signiﬁcans
3395 1446 3410 1471 ,
3440 1408 3755 1475 subjunxit;

2171 1488 2358 1544 dicens
2386 1507 2399 1542 :
2431 1489 2568 1544 Deus
2583 1492 2751 1561 judea:
2762 1493 2971 1562 justus,
3002 1493 3181 1562 fortis,
3213 1506 3259 1549 et
3289 1496 3504 1563 patiens.
3536 1497 3760 1553 Dubitas

2171 1596 2287 1644 cur,
2315 1596 2436 1636 eum
2468 1584 2596 1637 velit
2628 1593 2682 1637 et
2711 1585 2913 1653 possit,
2945 1602 3049 1640 non
3080 1587 3302 1655 puniat?
3349 1588 3755 1659 Discc,'inquit,

2171 1686 2294 1726 eum
2320 1686 2440 1727 esse
2470 1673 2779 1740 patientem,
2810 1689 2911 1729 nec
2937 1672 3251 1732 inferentem
3283 1677 3419 1733 iram
3449 1695 3544 1747 per
3567 1680 3755 1749 singu-

2172 1761 2257 1816 los
2282 1760 2418 1817 dies.
2449 1761 2528 1817 Ne
2554 1763 2675 1834 quis
2701 1764 2841 1818 enim
2868 1766 3059 1821 stultus
3087 1767 3355 1823 existimet
3380 1784 3500 1823 eum
3538 1780 3757 1839 propter

2172 1853 2586 1911 imbecillitatem
2609 1870 2713 1910 non
2737 1856 2939 1921 ulcisci,
2963 1858 3196 1913 ostendit
3214 1875 3427 1914 causam
3452 1861 3753 1917 dilationis:

2173 1946 2312 2015 quod
2338 1962 2527 2016 magna
2558 1947 2752 2002 habeat
2776 1948 2945 2018 spatia
2970 1959 3024 2004 et
3053 1965 3297 2020 magnam
3328 1969 3633 2007 mensuram
3663 1970 3757 2025 pa-

2174 2037 2376 2092 tientia.
2409 2037 2542 2104 Quia
2568 2039 2710 2093 enim
2738 2050 3022 2109 propterea
3048 2040 3192 2097 mitis
3220 2051 3305 2099 est
3343 2053 3396 2099 et
3422 2045 3628 2115 patiens
3651 2088 3667 2113 ,
3699 2055 3758 2103 nt

2175 2137 2226 2182 te
2251 2127 2478 2183 adducat
2500 2127 2568 2183 ad
2598 2130 2984 2198 pmnitentiam,
3015 2132 3229 2200 quando
3257 2134 3387 2189 nihil
3419 2136 3508 2191 tibi
3539 2137 3758 2206 prodest

2173 2219 2275 2274 hoc
2301 2220 2745 2277 medicamentum
2765 2261 2782 2288 ,
2810 2223 2972 2277 etiam
2998 2224 3291 2279 ulciscitur.
3330 2225 3440 2281 Nos
3467 2242 3596 2299 ergo
3624 2244 3752 2299 quo-

2174 2309 2300 2364 tidie
2323 2309 2466 2377 digni
2496 2325 2680 2366 sumus
2710 2312 2803 2381 qui
2829 2314 3129 2381 puniamur.
3158 2316 3268 2370 Nisi
3306 2317 3451 2373 enim
3488 2318 3559 2373 ita
3588 2329 3753 2385 esset,

2172 2412 2277 2453 non
2310 2408 2575 2470 tamquam
2604 2416 2855 2472 magnum
2884 2404 3151 2472 posuisset
3178 2405 3305 2461 illud
3337 2424 3350 2459 :
3380 2406 3503 2461 Non
3532 2410 3756 2479 inferens

2170 2488 2300 2541 iram
2337 2505 2429 2559 per
2471 2489 2695 2561 singulos
2730 2493 2875 2559 dies;
2913 2494 3009 2549 sed
3055 2504 3318 2566 tamquam
3350 2498 3510 2553 rebus
3537 2499 3753 2568 Quidcm

2172 2575 2273 2631 hoc
2298 2579 2719 2647 postulantibus,
2749 2581 2844 2636 Dei
2868 2590 3045 2638 autem
3075 2585 3353 2640 clementia
3375 2589 3574 2656 justam
3600 2588 3754 2643 cohi-

2169 2668 2330 2724 bente
2351 2672 2703 2739 punitionem,
2726 2672 2829 2729 hoc
2846 2673 2994 2729 dicit.
3018 2676 3181 2732 Vides
3198 2678 3465 2747 quomodo
3488 2680 3574 2734 hic
3592 2679 3753 2736 etiam
3850 2714 3873 2735 ς

2170 2762 2405 2816 ostendit
2447 2762 2611 2818 Deum
2650 2778 2680 2818 a
2725 2765 2968 2821 molestia
3010 2767 3277 2836 alienum,
3326 2779 3381 2824 et
3425 2773 3753 2841 pnnitionem

2168 2851 2604 2919 appellatiram?
2632 2854 2801 2909 Nemo
2828 2855 2970 2910 enim
2998 2857 3131 2911 iram
3170 2857 3329 2913 infert
3355 2859 3444 2914 alii
3474 2877 3489 2912 :
3520 2861 3614 2916 sed
3641 2862 3756 2932 ipse

2168 2942 2385 3011 quidem
2427 2944 2587 3000 habet
2630 2945 2801 3014 iram,
2848 2948 3167 3018 supplicium
3208 2960 3387 3005 autem
3435 2952 3593 3007 infert
3640 2954 3750 3008 alii.

2168 3030 2313 3086 Nihil
2357 3048 2487 3103 ergo
2514 3034 2777 3105 signiﬁcat
2819 3036 2963 3093 aliud
3010 3054 3169 3109 quam
3216 3040 3542 3110 punitionem
3568 3083 3584 3103 .
3628 3058 3754 3100 cum

2171 3122 2335 3189 dicit,
2367 3124 2434 3177 Et
2459 3141 2559 3179 non
2599 3127 2822 3199 inferens
2848 3128 2978 3182 iram
3007 3146 3097 3200 per
3116 3130 3339 3201 singulos
3367 3132 3494 3186 dies.
3527 3132 3594 3187 Et
3621 3148 3757 3204 quo-

2170 3214 2333 3268 modo
2357 3214 2505 3283 dicit,
2534 3215 2639 3270 Per
2664 3218 2889 3287 singulos
2908 3218 3014 3274 dies
3033 3219 3097 3273 ’?
3123 3218 3452 3291 [ingrediatur
3472 3223 3755 3293 unusquis-

2171 3321 2276 3376 que
2318 3319 2469 3360 suam
2516 3308 2931 3376 conscientiam,
2978 3317 3033 3364 et
3077 3318 3202 3364 tunc
3234 3310 3451 3365 videbit.
3502 3310 3570 3366 Ut
3610 3312 3753 3367 enim

2172 3400 2572 3469 praetermittam
2599 3414 2793 3457 arcana
2821 3401 3082 3473 cujusque
3120 3412 3333 3473 peccata
3350 3444 3365 3471 ,
3395 3402 3509 3457 hac
3537 3403 3753 3474 quidem

2171 3493 2474 3546 communia
2521 3492 2641 3562 quis
2684 3491 2941 3563 eﬂ‘ugiet?
2986 3493 3242 3560 Quzenam
3284 3504 3458 3548 autem
3500 3510 3561 3549 ea
3589 3495 3756 3550 sunt?

2173 3581 2303 3649 Quis
2332 3592 2416 3638 est
2445 3582 2559 3638 dies
2591 3584 2643 3637 in
2683 3599 2790 3652 quo
2834 3599 2943 3639 non
2983 3585 3215 3655 segniter
3256 3600 3503 3652 oremus,
3535 3595 3609 3642 eti
3630 3602 3753 3641 ctum

2173 3687 2364 3743 magna
2386 3673 2742 3743 negligentia?
2768 3674 2919 3742 Quod
2939 3684 3114 3731 autem
3138 3677 3238 3731 hoc
3257 3677 3414 3733 etiam
3439 3678 3514 3732 ira
3536 3678 3754 3749 dignum

2173 3765 2282 3830 sit,
2310 3764 2434 3820 hinc
2462 3766 2584 3820 sciri
2614 3774 2807 3835 potest.
2845 3766 2942 3823 Dic
2968 3770 3109 3823 enim
3152 3769 3283 3824 mibi
3312 3787 3328 3825 :
3356 3770 3403 3825 si
3430 3770 3494 3825 ad
3519 3770 3753 3841 judiccm

2173 3854 2407 3911 oscitans
2434 3857 2786 3924 accessisses,
2830 3865 2885 3912 et
2926 3858 3197 3915 convictus
3238 3874 3423 3928 esses,
3466 3875 3572 3916 non
3599 3861 3669 3917 de
3700 3873 3756 3919 te

2171 3948 2350 4003 statim
2378 3948 2692 4018 sumpsisset
2725 3963 2948 4019 pinnas,
2992 3960 3049 4005 et
3088 3950 3323 4007 misisset
3370 3951 3423 4006 in
3463 3952 3756 4008 exsilium?

2170 4036 2352 4104 Certe,
2384 4040 2560 4109 inquis
2588 4057 2604 4095 :
2630 4039 2795 4096 homo
2816 4042 2958 4096 enim
2984 4050 3087 4097 est.
3116 4042 3184 4097 Et
3202 4042 3329 4114 quid
3355 4044 3499 4098 tum?
3523 4044 3578 4100 Si
3607 4045 3754 4101 enim

2173 4129 2337 4185 homo
2358 4130 2581 4187 affectus
2605 4140 2689 4186 est
2728 4132 3052 4187 contumelia
3072 4173 3088 4199 ,
3120 4148 3225 4188 non
3269 4134 3428 4190 fuerit
3454 4151 3666 4207 aequum
3697 4147 3757 4193 ut

2173 4222 2468 4287 irascatur;
2490 4220 2565 4276 ab
2588 4235 2655 4277 eo
2677 4222 2820 4277 enim
2845 4224 3165 4279 contumelia
3187 4224 3406 4280 allectus
3426 4236 3531 4293 est,
3557 4227 3647 4297 qui
3670 4237 3757 4284 est

2172 4312 2224 4368 ei
2254 4313 2455 4368 honore
2482 4312 2745 4383 aequalis:
2776 4312 2914 4369 Dens
2940 4323 3119 4369 autem
3155 4317 3473 4372 contumelia
3507 4316 3752 4387 allectus,

2166 4402 2287 4475 jure
2311 4404 2626 4476 supplicium
2652 4405 2928 4471 intulerit;
2959 4406 3131 4479 majus
3155 4411 3297 4463 enim
3322 4408 3531 4465 esthoc
3560 4425 3755 4481 pecca-

2172 4504 2286 4551 tum
2312 4510 2411 4564 eo,
2441 4496 2584 4567 quod
2610 4496 2672 4552 lit
2707 4498 2763 4553 in
2793 4497 3085 4554 hominem.
3118 4500 3184 4554 Et
3219 4498 3382 4555 homo
3405 4501 3619 4571 quidem
3649 4503 3755 4559 hoc

2171 4584 2327 4654 facit,
2354 4602 2600 4657 quarens
2628 4587 2770 4659 quod
2795 4604 2950 4645 suum
2980 4597 3064 4645 est
3090 4605 3105 4642 :
3134 4590 3275 4645 Deus
3298 4600 3475 4647 autem
3502 4593 3643 4663 quod
3668 4602 3756 4651 est

2172 4684 2345 4730 tuum.
2372 4675 2729 4744 Quamobrem
2759 4677 2845 4734 vel
2873 4677 2976 4733 hoc
3002 4679 3218 4735 nomine
3239 4678 3436 4749 jnstins
3470 4681 3752 4739 irascatur.

2172 4763 2285 4821 Non
2312 4774 2398 4822 est
2423 4766 2567 4822 enim
2596 4768 2836 4839 aquale,
2863 4782 2961 4823 eos
2985 4776 3331 4825 contemnere
3354 4771 3446 4841 qui
3482 4786 3580 4827 sna
3606 4789 3755 4843 quaa-

2171 4867 2325 4925 rnnt,
2356 4867 2412 4913 et
2435 4872 2558 4914 eum
2597 4858 2689 4928 qui
2712 4874 2832 4930 quae
2857 4867 2966 4915 tua.
3012 4860 3125 4917 Hoc
3165 4862 3420 4930 majorem
3449 4866 3589 4919 enim
3620 4866 3752 4920 iram

2234 5026 2253 5060 ί
2290 5032 2341 5076 In
2377 5026 2773 5101 nebrategtotns
2804 5027 2956 5101 locus
3001 5028 3069 5079 ita
3121 5004 3600 5101 tegunt-.3375:
3620 5024 3752 5089 om.

2169 5088 2378 5162 fremens
2398 5086 2763 5162 aut‘indigngls
2783 5100 2871 5162 per
2890 5101 3079 5162 οηιηεξιι
3098 5086 3318 5162 (licinio
3332 5087 3495 5162 Bibliis
3508 5103 3629 5162 vero
3642 5086 3757 5153 qui

2170 5148 2383 5200 notaset
2405 5148 2645 5200 lectiones
2665 5148 2984 5213 Hexaplorum
3026 5152 3079 5201 in
3114 5152 3337 5211 margine
3372 5148 3621 5209 referunt,
3643 5148 3758 5202 cum

2172 5210 2279 5283 ιιίιρ
2300 5209 2608 5283 lectisan
2638 5210 2787 5283 ειιιιιε
2818 5214 3054 5283 ιιειηίοι
3091 5213 3245 5283 *ωε
3284 5211 3458 5283 σειράς
3488 5211 3648 5283 literis
3666 5214 3759 5283 99-

2172 5273 2349 5335 scripta
2368 5272 2667 5343 referuntur.
2687 5280 2737 5322 In
2756 5271 3035 5329 Delbertlno
3053 5280 3223 5325 autem
3240 5274 3467 5337 quopiam
3480 5272 3758 5343 Codice_lsl_o

2174 5343 2224 5415 is
2246 5340 2866 5415 Iis-ambulatum.
2885 5356 3031 5408 ς-ηι.
3055 5358 3154 5415 «ιιι
3182 5354 3307 5415 vocs
3329 5338 3757 5415 θξρηιηίιιπέἳτ

2173 5401 2289 5468 illud
2325 5400 2623 5468 Hebraiaim.
2646 5400 3030 5468 camus"
3048 5400 3188 5466 fcro,
3228 5408 3312 5455 aut
3353 5400 3584 5455 librarius
3626 5406 3758 5468 quis»

2323 5456 2844 5552 ..θξίξιξξηιῐίειὶὲῖᾎ

2174 5533 2447 5597 putansque
2468 5529 2517 5578 in
2539 5527 2743 5579 Hebraeo
2759 5542 2847 5591 pro
2868 5527 3024 5593 Ws,
3045 5528 3204 5589 dian,
3228 5527 3570 5600 exitiali“,
3590 5527 3758 5596 uim-ig,

2175 5597 2239 5638 ita
2262 5596 2448 5660 posuit,
2472 5600 2493 5638 ι
2515 5597 2559 5639 st
2578 5592 2731 5660 tam
2866 5607 2986 5642 dm
3008 5602 3143 5660 ευρ-ε
3169 5588 3397 5660 [retineas
3418 5600 3526 5639 8W8
3550 5589 3756 5660 ltebros-

2175 5662 2259 5723 cus
2278 5658 2456 5721 textus,
2480 5662 2568 5711 per
2588 5651 2735 5702 totam
2756 5652 2917 5701 vitam.
2936 5660 3033 5703 Nec
3052 5651 3251 5702 aliunde
3276 5662 3497 5701 errorem
3529 5651 3644 5701 oriri
3669 5664 3753 5714 po-

2174 5716 2329 5784 tuisse
2348 5712 2557 5784 valletur.
2581 5712 2784 5784 Consule
2805 5714 3022 5784 Hexapla
3037 5721 3201 5784 nostra
3223 5711 3283 5781 ad
3302 5712 3433 5762 hunc

2240 5775 2261 5805 ⁸
2280 5778 2396 5837 tteg.
2442 5773 2500 5821 Et
2518 5776 2750 5836 φιαηοάσ
2770 5771 2982 5839 quotidie
3004 5774 3097 5826 ira:
3118 5772 3255 5839 digni
3274 5785 3438 5825 smnus
3453 5771 3481 5825 .’
