4070 6460
257 405 326 459 97
1446 394 1538 452 EX
1547 393 1809 452 POSITIO
1849 394 1850 446 ξ

1957 392 2077 450 PSA
2086 393 2275 451 LSIUM
2314 395 2421 453 ΠΙ.
3496 399 3562 455 98

256 528 530 582 meretur,
560 518 772 590 quando
798 532 895 571 nec
935 531 996 571 ea
1025 515 1237 585 quidem
1281 516 1546 585 petiturus
1565 554 1579 577 ,
1609 528 1729 583 quae
1760 512 1853 587 tibi

256 610 406 664 utilia
453 618 601 676 sunt,
634 609 799 677 sapis.
830 608 961 675 Quis
1004 616 1087 675 est
1130 616 1308 661 autem
1348 607 1438 676 qui
1483 621 1589 660 non
1632 604 1852 660 fratrem

251 701 582 757 contumelia
633 701 751 755 sine
791 716 950 754 causa
993 698 1273 753 allecerit?
1318 698 1427 753 Nec
1471 698 1600 751 tuihi
1629 697 1850 765 dixeris,

256 809 475 848 servum
504 791 683 848 affecit
709 791 1030 846 contumelia
1066 808 1079 843 :
1109 788 1175 843 In
1201 788 1403 843 Christo
1437 788 1580 843 enim
1624 804 1715 842 nec
1743 804 1853 839 ma-

252 888 454 949 sculus,
488 901 577 939 nec
613 884 803 954 femina
822 925 839 951 ,
867 900 956 935 nec
982 898 1155 937 servus
1183 892 1290 947 est,
1322 898 1412 934 nec
1450 881 1577 934 liber
1605 880 1622 950 (
1650 877 1766 933 Gal.
1796 880 1847 933 3.

251 981 387 1047 28).
436 977 569 1046 Quis
602 991 764 1047 porro
794 975 1092 1045 proximum
1141 988 1247 1029 non
1292 974 1596 1037 accusavit,
1644 987 1741 1027 nec
1770 980 1851 1025 est

256 1066 560 1124 mentitus?
595 1067 714 1136 quis
739 1066 1018 1121 mulierem
1051 1080 1156 1119 non
1184 1066 1392 1134 aspexit
1416 1063 1697 1133 impudicis
1724 1078 1850 1116 ocu-

256 1158 325 1211 lis
350 1157 375 1209 τ
416 1158 536 1225 quis
567 1172 672 1210 non
701 1154 919 1220 invidit,
951 1154 1071 1223 quis
1099 1168 1205 1207 non
1252 1154 1396 1206 inani
1426 1153 1594 1221 gloria
1636 1152 1850 1206 labora-

253 1247 374 1301 vit?
419 1250 539 1316 quis
584 1261 689 1299 non
737 1244 990 1314 loquutus
1032 1255 1115 1297 est
1142 1243 1366 1298 verbum
1408 1241 1685 1308 otiosum?
1727 1241 1879 1295 ΙιςιέΔ

250 1346 435 1390 autem
462 1335 639 1389 omnia
672 1349 843 1404 panno
883 1345 1008 1393 sunt
1045 1333 1294 1387 obnoxia.
1329 1332 1394 1387 Et
1431 1333 1516 1398 si,
1554 1347 1674 1386 cum
1704 1332 1851 1408 itriis

251 1445 377 1499 qua:
408 1427 476 1481 ad
509 1428 668 1480 vitam
710 1426 1014 1495 pertinent,
1056 1441 1161 1479 non
1204 1426 1373 1479 simtts
1396 1415 1712 1495 diligentes,
1743 1439 1847 1477 non

252 1536 503 1577 essemus
529 1520 690 1573 etiam
717 1519 771 1572 in
802 1518 1186 1589 spiritualibus,
1219 1519 1370 1572 venia
1400 1518 1846 1587 digttLesst-tiiiis:

253 1626 402 1666 nunc
424 1618 602 1665 autem
632 1608 747 1664 hate
768 1623 981 1679 quoque
1011 1608 1164 1662 nobis
1190 1616 1448 1677 prterepta
1479 1616 1562 1661 est
1584 1605 1845 1661 defensio.

255 1703 471 1759 Etenim
499 1705 551 1757 in
584 1702 688 1757 illis
714 1703 929 1772 quidem
959 1715 1145 1757 sumus
1175 1700 1452 1770 vigilantes
1478 1718 1491 1751 :
1525 1700 1578 1754 in
1605 1698 1689 1754 bis
1720 1715 1849 1753 vero

258 1795 419 1863 plane
443 1794 641 1863 supini.
672 1792 749 1848 Ne
775 1803 951 1848 autem
976 1792 1067 1863 qui
1096 1790 1319 1845 audiunt
1346 1806 1469 1845 eum
1497 1804 1617 1845 esse
1645 1791 1849 1859 patien-

252 1895 388 1949 tem,
416 1883 543 1938 iiant
570 1883 1000 1953 negligentiorcs,
1029 1882 1303 1950 subiunxit
1332 1899 1345 1934 :
1373 1881 1457 1935 l3.
1486 1879 1606 1934 Nisi
1624 1881 1850 1933 conversi

250 1978 476 2047 (ueritis,
525 1974 754 2046 gladium
793 1990 943 2028 suum
986 1973 1221 2027 ribrabit.
1269 1972 1417 2026 Alius
1457 1978 1633 2026 autem
1674 1970 1796 2026 dicit
1830 1991 1844 2026 :

253 2068 444 2125 Enscm
470 2086 617 2123 suum
658 2078 824 2122 acuet.
867 2070 1054 2121 Arcum
1090 2083 1237 2121 suum
1276 2066 1519 2131 tetendit,
1561 2076 1609 2119 et
1652 2066 1848 2133 pararit

250 2162 443 2230 ipsum.
466 2160 621 2214 Alius
648 2158 779 2213 dicit
806 2175 820 2209 :
846 2156 1100 2211 Intendet.
1134 2159 1219 2211 M.
1252 2156 1316 2209 Et
1346 2158 1398 2209 in
1425 2173 1482 2209 eo
1508 2157 1704 2224 parauit
1728 2171 1849 2208 vasa

251 2252 465 2315 mortis,
515 2252 726 2320 sagittas
769 2266 890 2304 snas
937 2248 1229 2302 ardentibus
1258 2234 1449 2316 e/I'ecit.
1482 2248 1636 2301 Alius
1673 2247 1844 2302 dicit:

252 2344 337 2399 Ad
368 2341 780 2397 comburendum.
1070 2324 1073 2329 ’

327 2442 419 2495 11.
448 2439 638 2494 Contra
674 2438 1238 2510 Antltropomorphitas.
1267 2466 1337 2477 —
1362 2435 1499 2504 Quid
1539 2435 1626 2491 hic
1666 2435 1850 2490 dicent

251 2532 346 2602 qui
380 2533 546 2589 Deum
572 2534 757 2587 dicunt
801 2534 1030 2587 lmmaua
1059 2545 1182 2586 esse
1220 2528 1389 2583 forma
1433 2528 1749 2598 praeditum,
1780 2542 1846 2583 ex

250 2639 323 2679 eo
351 2624 494 2696 quod
524 2624 734 2680 dicatur
778 2624 976 2679 habere
1021 2638 1247 2686 manus,
1296 2620 1491 2689 pedes,
1531 2628 1583 2674 et
1621 2619 1847 2673 oculos?

253 2713 469 2774 Suntne
498 2716 550 2770 in
579 2717 828 2786 supernis
853 2716 968 2771 cadi
996 2714 1305 2784 regionibus
1330 2728 1488 2766 arcus
1507 2753 1522 2777 ,
1550 2720 1605 2766 et
1631 2711 1764 2771 tela.
1794 2718 1850 2766 et

256 2822 374 2873 cos,
401 2816 455 2863 et
482 2807 723 2877 gladius,
753 2814 808 2861 et
835 2805 1128 2876 pharetra?
1159 2803 1315 2873 Atqui
1341 2796 1635 2857 dicit‘alius
1664 2820 1675 2855 :
1709 2800 1847 2855 Dum

254 2910 313 2953 tu
338 2900 623 2968 respexis“,
655 2897 991 2952 turbabuntur
1014 2912 1046 2949 ε
1076 2905 1123 2949 te
1148 2903 1343 2948 montes
1373 2892 1573 2965 (Eccli.
1601 2892 1690 2947 16.
1718 2890 1843 2960 19).

254 2992 325 3048 ΕΙ.
349 2992 436 3046 hic
476 2992 590 3059 ipse
620 3007 633 3043 :
670 2989 770 3056 Qui
796 2988 999 3056 respicit
1028 2988 1080 3040 in
1109 2997 1297 3040 terram
1338 2994 1385 3039 et
1427 2985 1551 3053 facit
1590 2999 1702 3036 eam
1743 2993 1847 3035 tre-

252 3098 393 3135 mere
430 3078 620 3151 (I’sat.
649 3080 770 3134 103.
803 3078 873 3135 52
891 3078 932 3149 ).
977 3077 1130 3145 Quod
1175 3077 1220 3130 si
1262 3090 1386 3130 cum
1432 3085 1625 3129 terram
1669 3073 1845 3127 solum

252 3174 479 3243 aspicit,
523 3171 757 3242 lapidum
800 3179 1043 3224 naturam
1089 3168 1392 3237 liquefaeit,
1436 3176 1635 3233 quanto
1679 3164 1848 3233 magis

254 3264 361 3319 hoc
391 3265 563 3331 ipsum
593 3261 789 3331 poterit
830 3262 883 3314 in
913 3259 1259 3314 hominibus?
1307 3256 1415 3312 Cur
1436 3272 1564 3325 ergo
1599 3256 1687 3325 qui
1733 3255 1848 3309 solo

254 3354 447 3409 obtutu
478 3361 651 3422 potest
674 3352 859 3405 orbem
893 3362 1152 3403 terrarum
1183 3356 1446 3413 evertere,
1474 3347 1583 3400 imo
1611 3346 1701 3415 qui
1732 3346 1846 3400 sola

255 3447 531 3499 voluntate
559 3444 688 3515 (qui
714 3443 858 3499 enim
884 3456 981 3511 per
1006 3442 1171 3496 solam
1200 3455 1321 3495 cum
1348 3439 1472 3493 fecit
1494 3438 1843 3502 voluntatem,

254 3538 462 3591 clarum
493 3535 742 3605 estquod
782 3534 894 3588 sola
926 3543 1101 3603 potest
1124 3547 1247 3585 eum
1288 3532 1561 3584 voluntate
1595 3528 1780 3581 tolli-re
1800 3526 1845 3597 ),

252 3630 452 3684 dicitur
478 3628 710 3698 gladium
738 3636 791 3681 et
833 3640 1015 3679 arcum
1042 3625 1240 3677 habere
1259 3623 1285 3676 ?
1328 3622 1382 3677 Si
1426 3622 1570 3676 enim
1600 3617 1667 3673 In
1694 3635 1848 3671 manu

253 3721 366 3788 eius
387 3728 503 3773 sunt
528 3720 652 3787 fines
677 3727 826 3771 terra!
846 3716 1013 3787 (l’sal.
1038 3717 1124 3771 91.
1150 3714 1229 3787 4),
1251 3713 1314 3767 Et
1329 3716 1414 3783 qui
1438 3715 1490 3766 in
1507 3729 1568 3766 ea
1592 3712 1843 3777 habitant,

253 3820 313 3864 ut
341 3811 551 3863 locusta
578 3826 592 3862 :
617 3818 673 3862 et
723 3807 910 3861 Omnes
962 3817 1133 3877 gentes
1183 3814 1439 3872 tamquam
1465 3812 1608 3874 gutta
1631 3819 1663 3856 a
1692 3802 1843 3867 cado,

252 3910 304 3955 et
331 3912 591 3971 tamquam
620 3900 822 3952 trutina:
850 3908 1157 3951 momentum
1182 3896 1550 3961 reputabuntur
1576 3891 1725 3965 (Isai.
1752 3892 1844 3947 40.

252 3990 476 4061 22.15)
504 3990 647 4059 :jam
677 4003 803 4044 vero
841 3987 1065 4057 angelus
1103 4000 1317 4056 quoque
1358 3984 1430 4039 ab
1470 4000 1536 4039 eo
1575 3999 1845 4054 egressus,

258 4081 409 4136 brevi
440 4088 716 4134 momento
760 4078 1017 4148 temporis
1061 4085 1277 4131 centum
1306 4074 1574 4144 octoginta
1614 4075 1849 4143 quinque

260 4173 427 4229 millia
456 4170 724 4227 interiecit
752 4169 827 4243 (4.
851 4169 983 4239 Reg.
1029 4168 1115 4223 l9.
1143 4166 1267 4239 35);
1296 4167 1419 4245 quid
1446 4167 1565 4221 dico
1588 4166 1848 4236 angelus?

256 4280 481 4331 nntsca',
504 4278 681 4319 eruca:
704 4273 759 4317 et
782 4276 990 4316 vermes
1013 4260 1383 4331 Egyptiorum
1410 4259 1703 4312 exercitum
1730 4274 1850 4324 pero

256 4357 511 4412 diderunt
541 4373 555 4408 :
588 4355 675 4410 ubi
714 4355 820 4409 illic
864 4368 991 4409 arcu
1036 4367 1170 4422 opus
1198 4362 1308 4414 cst,
1356 4350 1441 4406 ubi
1483 4351 1702 4419 gladio?
1743 4349 1851 4405 Cur

257 4463 390 4519 ergo
431 4450 546 4502 haec
587 4448 729 4502 dicta
758 4447 924 4502 sunt?
951 4447 1176 4514 Propter
1204 4445 1503 4499 auditorum
1536 4444 1849 4498 crassitudi—

260 4557 385 4596 nem
408 4582 422 4603 ,
449 4551 504 4596 et
528 4550 584 4595 ut
619 4539 702 4593 his
725 4540 997 4594 consuetis
1023 4552 1294 4593 armorum
1324 4537 1629 4591 nominibus
1666 4551 1851 4591 eorum

260 4644 497 4688 mentem
545 4638 799 4686 teneant.
840 4628 1004 4699 Cujus
1028 4628 1169 4682 enim
1200 4628 1251 4680 in
1298 4641 1459 4680 manu
1488 4637 1572 4681 est
1612 4628 1850 4680 omnium

261 4734 504 4776 nostrum
536 4722 757 4792 spiritus
797 4719 974 4790 (Dan.
1004 4720 1058 4774 5.
1084 4717 1231 4789 23),
1276 4728 1332 4776 et
1374 4732 1406 4772 a
1445 4718 1599 4788 cujus
1642 4718 1853 4787 frigoris

260 4814 395 4867 facie
422 4812 597 4867 nullus
622 4810 905 4865 sustinebit
928 4810 949 4880 (
974 4807 1119 4864 Psal.
1146 4798 1280 4863 M7.'
1297 4806 1431 4881 17),
1473 4809 1740 4877 quomodo
1770 4809 1856 4863 hic

261 4904 430 4958 armis
455 4900 694 4971 indiget?
733 4901 862 4968 Sed,
891 4908 947 4955 ut
972 4900 1080 4955 dixi
1108 4909 1286 4963 antea,
1317 4899 1431 4953 haec
1458 4906 1677 4967 propter
1700 4896 1853 4951 audi-

263 5005 441 5047 torum
487 4992 894 5047 crassitudinem
944 5002 998 5047 et
1049 4990 1351 5045 tarditatem
1402 4991 1470 5043 ita
1518 4988 1658 5045 dicta
1708 4996 1854 5043 sunt.

261 5083 403 5151 Quid
432 5092 515 5135 est
538 5092 738 5145 autem,
771 5080 835 5134 Et
861 5081 1068 5135 uibrabit
1092 5082 1117 5133 ?
1146 5082 1333 5135 Acuet.
1361 5079 1560 5134 Cotene
1581 5094 1713 5147 opus
1735 5079 1857 5134 est?

262 5185 419 5228 estne
449 5173 636 5241 rubigo
666 5172 719 5224 in
744 5172 961 5240 gladio?
1000 5170 1066 5224 Et
1090 5171 1363 5239 quisnam.
1398 5170 1486 5239 qui
1517 5170 1707 5239 sapiat.
1741 5169 1857 5224 haec

264 5267 335 5320 ita
363 5268 608 5333 accipere
639 5264 957 5328 sustinebit,
1000 5272 1058 5315 ut
1098 5263 1238 5317 dicta
1269 5264 1433 5316 sunt?
1476 5263 1581 5318 Sid
1603 5303 1617 5327 ,
1648 5271 1707 5315 ut
1735 5274 1858 5317 ante

265 5359 399 5423 dixi,
437 5373 530 5426 per
558 5357 735 5411 omnia
762 5356 1016 5411 describit
1045 5354 1375 5424 punitionem
1397 5394 1415 5419 ,
1443 5366 1496 5410 et
1525 5352 1763 5423 procedit
1791 5353 1857 5407 ad

263 5464 327 5502 ea
366 5463 485 5516 qua:
514 5455 639 5501 sunt
666 5447 931 5501 crassiora
951 5486 966 5509 ,
1000 5455 1055 5497 ut
1084 5444 1244 5497 etiam
1284 5444 1374 5510 qui
1404 5453 1530 5497 sunt
1571 5442 1857 5497 admodum

266 5536 441 5599 stulti,
491 5536 785 5604 intelligant
826 5552 930 5588 non
958 5549 1077 5588 esse
1124 5534 1475 5588 insistendum
1516 5534 1856 5598 dictionibus,

268 5627 365 5683 sed
390 5642 511 5696 qua:
533 5627 641 5681 Deo
663 5628 986 5680 conveniunt
1006 5640 1182 5687 sensa,
1210 5639 1326 5679 esse
1356 5640 1419 5679 ex
1444 5626 1505 5678 iis
1527 5625 1857 5694 accipienda.

270 5719 447 5785 Quare
470 5717 519 5771 si
567 5716 686 5786 quis
730 5717 936 5769 dubitat
965 5732 1065 5785 qua
1110 5716 1178 5770 de
1217 5731 1374 5770 causa
1420 5717 1859 5771 excandescentia

267 5820 323 5865 et
356 5811 428 5864 ira
458 5808 523 5865 de
550 5808 659 5863 Deo
687 5807 825 5864 dicta
856 5818 958 5874 est,
988 5809 1155 5863 multo
1182 5810 1348 5878 magis
1375 5820 1592 5879 propter
1621 5809 1733 5865 haec
1761 5808 1860 5865 du—

1963 512 2235 569 bitavcrit.
2261 513 2355 569 Sin
2382 522 2561 569 autem
2587 512 2703 569 haec
2726 528 2831 579 non
2859 525 2983 569 sunt
3009 514 3316 584 accipienda
3341 528 3395 570 ut
3422 518 3559 571 diem

1958 615 2118 673 sunt,
2152 606 2247 661 sed
2287 607 2357 660 ita
2391 613 2449 660 ut
2491 607 2602 662 Deo
2645 608 2972 663 conveniant
2998 626 3012 662 :
3042 609 3246 665 clarunt
3291 620 3375 665 est
3420 613 3561 680 quod

1958 697 2122 750 etiam
2150 696 2223 748 ira
2252 706 2301 749 ct
2331 695 2813 763 excandescentia;
2861 712 3060 753 crassae
3083 708 3263 756 autem
3307 711 3435 755 sunt
3475 701 3557 755 di-

1957 786 2186 849 ctiones,
2230 795 2290 839 ttt
2332 785 2635 841 auditorum
2682 798 2965 857 pcnetrent
3007 789 3445 846 crassitudinem.
3492 791 3558 846 Et

1958 877 2081 931 ideo
2108 890 2207 931 nec
2238 877 2301 931 iis
2329 877 2544 948 quidem
2571 894 2690 949 qua:
2716 878 2858 932 dicta
2891 886 3057 945 sunt,
3104 879 3207 937 fuit
3230 890 3519 937 contentus
3545 899 3559 937 :

1955 971 2049 1025 sed
2081 980 2343 1025 terrorem
2389 970 2679 1041 adaugens,
2724 971 2901 1027 adhuc
2944 987 3095 1028 more
3131 972 3300 1042 magis
3326 973 3559 1027 humano

1960 1063 2219 1133 procedit.
2268 1062 2385 1117 Non
2432 1065 2608 1119 solum
2655 1066 2799 1119 enim
2847 1065 3050 1119 inducit
3099 1081 3223 1122 eum
3269 1067 3560 1122 habentem

1954 1156 2210 1225 gladium,
2254 1155 2345 1209 sed
2382 1156 2544 1209 etiam
2585 1166 2871 1209 armatum.
2917 1156 3051 1224 Quia
3077 1157 3221 1213 enim
3260 1171 3368 1211 non
3406 1172 3557 1227 teque

1955 1246 2075 1315 quis
2102 1246 2294 1298 metuit
2331 1246 2556 1300 audiens
2594 1247 2713 1300 acui
2740 1246 3001 1314 gladium,
3039 1255 3094 1301 et
3120 1245 3344 1301 audiens
3370 1262 3554 1300 arcum

1954 1352 2075 1392 esse
2105 1337 2159 1390 in
2197 1336 2443 1391 manibus
2477 1353 2491 1389 :
2523 1352 2590 1392 ex
2621 1336 2804 1408 ﬁguris
2835 1336 3084 1391 humanis
3123 1346 3357 1391 mentem
3402 1336 3554 1391 audi-

1958 1440 2133 1482 torum
2161 1428 2419 1493 concutit,
2449 1427 2640 1481 dicens
2670 1445 2684 1482 :
2712 1428 2901 1481 Arcum
2925 1444 3074 1481 suum
3099 1428 3310 1481 tetendit
3333 1436 3381 1481 et
3405 1442 3565 1496 para-

1957 1523 2023 1575 uit
2054 1523 2224 1587 illum,
2256 1521 2555 1575 auditorem
2584 1530 2809 1585 terrens,
2840 1520 2997 1574 simul
3022 1529 3078 1576 et
3104 1520 3414 1590 patientiam
3442 1518 3565 1589 ejus

1956 1626 2006 1668 et
2034 1616 2166 1667 iram
2195 1614 2457 1668 iudicans.
2482 1613 2600 1667 Non
2629 1615 2771 1667 enim
2794 1612 2948 1677 dixit,
2979 1613 3227 1681 Immisit,
3253 1628 3373 1680 nec,
3397 1612 3555 1668 Jacuo

1953 1704 2093 1758 latus
2113 1714 2196 1759 est
2226 1722 2239 1758 :
2269 1704 2394 1772 sed,
2437 1697 2668 1758 Intendit
2696 1715 2743 1758 et
2770 1706 2967 1775 paravit
2992 1721 3013 1768 ,°
3042 1705 3144 1758 hoc
3173 1712 3258 1759 est
3280 1746 3296 1771 ,
3342 1714 3556 1774 patratus

1953 1796 2020 1849 ad
2042 1796 2417 1850 emittendum.
2444 1797 2513 1851 Et
2532 1796 2655 1864 quid
2682 1795 2897 1850 miraris
2915 1796 2960 1849 si
2981 1796 3061 1849 sic
3084 1795 3136 1850 in
3152 1794 3331 1850 Veteri
3352 1792 3556 1848 dictum

1952 1895 2056 1951 est,
2080 1901 2203 1941 cum
2226 1887 2386 1942 etiam
2418 1888 2470 1941 in
2497 1887 2647 1942 Novo
2668 1886 2904 1942 Joannes
2930 1901 3052 1941 cum
3076 1884 3279 1941 Iudaeis
3302 1886 3406 1940 tale
3427 1884 3555 1954 quid

1955 1980 2142 2034 dicat?
2184 1978 2307 2033 lam
2349 1992 2520 2034 autem
2563 1980 2632 2033 ad
2663 1980 2889 2034 radicem
2926 1980 3124 2033 arboris
3171 1980 3361 2034 securis
3391 1980 3557 2049 parite

1952 2081 2025 2126 est
2066 2072 2085 2142 (
2108 2070 2238 2124 Luc.
2270 2070 2323 2125 3.
2360 2069 2458 2140 9).
2502 2069 2642 2138 Quid
2687 2071 2861 2142 ergo?
2901 2085 2969 2124 an
3009 2071 3374 2125 materiai-ium
3418 2070 3555 2123 Dens

1954 2161 2195 2216 imitatur
2221 2162 2399 2216 securi
2426 2162 2565 2230 ligna
2593 2160 2969 2216 scindentem?
3011 2177 3078 2215 an
3102 2159 3190 2215 hic
3226 2160 3431 2215 securis
3472 2160 3554 2212 in-

1936 2252 2241 2324 ‘telligenda
2267 2261 2382 2316 est,
2427 2262 2483 2308 et
2533 2252 2676 2322 ligna
2699 2252 2723 2306 ?
2748 2252 2904 2307 Absit
2932 2271 2945 2306 :
2977 2252 3428 2318 quetuadmodum
3457 2267 3555 2303 nrt:

1953 2347 2123 2417 palea:
2140 2386 2154 2410 ,
2184 2360 2285 2400 nec
2327 2343 2655 2399 frumentum
2674 2384 2691 2408 ,
2716 2344 2931 2415 quando
2957 2344 3087 2399 dicit
3113 2361 3127 2396 :
3155 2341 3315 2415 Cujus
3341 2344 3555 2396 ventita-

1954 2436 2098 2490 brum
2136 2436 2191 2490 in
2218 2452 2372 2490 manu
2398 2436 2509 2507 ejus
2529 2476 2541 2500 ,
2584 2444 2631 2490 et
2670 2435 2934 2489 mundabit
2960 2451 3131 2489 aream
3155 2450 3301 2489 suam
3325 2475 3341 2498 ,
3370 2445 3415 2487 et
3444 2437 3551 2504 [ru-

1952 2539 2175 2583 mentum
2198 2529 2405 2600 quidem
2428 2527 2751 2599 congregabit
2790 2528 2845 2581 in
2882 2528 3121 2581 horreum
3145 2542 3292 2581 suum
3312 2568 3327 2591 ,
3358 2526 3556 2594 paleam

1952 2632 2122 2677 autem
2150 2620 2405 2676 comburat
2446 2621 2565 2691 igne
2604 2619 3007 2689 inexstinguibili
3048 2616 3283 2690 (Matth.
3327 2616 3381 2669 5.
3424 2615 3488 2670 12
3511 2626 3552 2687 ).

1951 2715 2084 2784 Quae
2108 2721 2190 2768 est
2210 2727 2338 2782 ergo
2361 2711 2610 2766 securis?
2640 2710 2874 2775 Punitio,
2900 2708 3242 2779 supplicium.
3272 2706 3403 2775 Quw
3428 2723 3555 2761 vero

1952 2818 2079 2864 sunt
2099 2804 2365 2861 arbores?
2392 2805 2673 2859 llomiues.
2694 2802 2952 2871 Qumnam
2976 2800 3144 2871 palea:
3162 2799 3188 2853 ‘t
3222 2799 3365 2854 Mali.
3401 2798 3554 2865 Quod

1953 2898 2329 2955 frumentum?
2368 2897 2525 2951 Boni.
2568 2894 2705 2962 Quid
2731 2894 3131 2951 ventilabrum?
3160 2892 3443 2947 Discretio.
3481 2891 3555 2944 Ita

1951 2993 2113 3048 etiam
2148 2991 2257 3055 hic,
2303 2990 2541 3061 gladius,
2574 3003 2752 3055 arcus,
2795 2997 2852 3042 et
2889 2987 3096 3057 sagitt-.e
3136 3000 3296 3056 poena
3340 2994 3465 3038 sunt
3501 2995 3554 3039 et

1953 3083 2296 3155 supplicium.
2336 3079 2541 3135 Deinde
2567 3079 2734 3133 innuit
2764 3077 3105 3141 dilationem,
3140 3084 3198 3130 et
3217 3076 3406 3151 abesse
3431 3074 3557 3144 qui-
3640 3102 3643 3121 ι

1954 3174 2075 3230 dem
2099 3186 2335 3244 pennam,
2360 3172 2454 3227 sed
2480 3185 2586 3225 non
2610 3170 2791 3240 longe,
2829 3169 3023 3224 adesse
3051 3176 3229 3222 autem
3253 3166 3305 3222 in
3328 3164 3556 3232 foribus,

1953 3281 2053 3337 per
2080 3264 2373 3319 intendisse
2395 3273 2451 3318 et
2473 3276 2691 3331 parasse
2711 3259 2966 3316 ostendit.
2990 3257 3349 3313 Instrumenta
3374 3264 3553 3329 autem

1955 3359 2144 3412 mortis
2194 3355 2326 3410 dicit
2377 3354 2620 3424 sagittas.
2681 3350 3143 3419 Quemadmodum
3201 3350 3555 3403 instrumenta

1953 3447 2315 3519 agnculturat,
2344 3460 2405 3499 ea
2433 3444 2629 3514 quibus
2652 3452 2797 3498 terra
2825 3442 3057 3505 colitur;
3102 3450 3157 3494 et
3179 3439 3553 3509 navigationis,

1953 3557 2074 3611 qua:
2112 3540 2178 3593 ad
2208 3538 2562 3607 navigandum
2602 3536 2923 3598 conferunt;
2965 3542 3018 3588 et
3058 3532 3327 3598 textrina‘,
3365 3531 3557 3599 quibus

1955 3610 2155 3688 texitur
2185 3649 2198 3684 :
2231 3631 2301 3684 ita
2331 3630 2493 3684 etiam
2536 3628 2725 3681 mortis
2765 3627 3142 3690 instrumenta,
3181 3640 3301 3693 qua:
3326 3610 3555 3677 mortem

1952 3723 2211 3779 efﬁciunt.
2256 3720 2460 3775 Deinde
2498 3719 2861 3787 interpretans
2899 3730 3147 3785 quaenam
3190 3724 3315 3769 sunt
3356 3714 3555 3767 instru-

1953 3824 2135 3871 menta
2178 3813 2367 3868 mortis
2391 3852 2407 3875 ,
2451 3808 2755 3880 subiungit,
2806 3806 3037 3877 Sagittas
3062 3821 3182 3859 suas
3206 3846 3221 3868 ,
3262 3802 3556 3856 ostendens

1954 3909 2284 3963 et-ieritatem
2309 3904 2553 3974 supplicii
2576 3900 2791 3972 quando
2812 3898 3066 3954 voluerit.
3090 3896 3227 3964 Quid
3251 3905 3334 3951 est
3352 3907 3554 3959 autem,

1956 4000 2305 4057 Ardeatibus?
2345 3999 2412 4052 lis
2440 3996 2531 4067 qui
2553 3996 2846 4066 puniuntur
2870 4032 2911 4055 ,.
2942 3992 3008 4045 iis
3049 3989 3139 4060 qui
3177 3988 3307 4043 dant
3346 4002 3554 4057 pmnas.

1956 4096 2034 4165 (α)
2057 4091 2309 4165 [Ergone
2344 4090 2482 4159 ignis
2504 4104 2609 4141 non
2651 4086 2869 4148 sufficit,
2893 4083 2987 4137 sed
3010 4081 3217 4152 sagittis
3238 4088 3322 4134 est
3340 4078 3515 4149 opus?
3544 4078 3557 4148 Ι

1957 4185 2120 4238 Vides
2161 4184 2339 4237 omnia
2390 4196 2483 4250 per
2528 4177 2932 4231 translationem
2976 4182 3032 4227 et
3073 4170 3374 4239 emphasim
3417 4166 3555 4221 dicta

1956 4292 2098 4338 esse,
2139 4283 2196 4328 et
2234 4283 2291 4326 ut
2322 4286 2415 4341 per
2457 4271 2571 4324 lucc
2610 4277 2800 4323 cuncta
2835 4273 3124 4335 augeretur
3158 4260 3359 4315 timor?
3399 4258 3556 4325 Quod

1956 4367 2099 4421 enim
2128 4364 2295 4429 dicit,
2346 4362 2451 4417 tale
2491 4370 2593 4415 est.
2639 4358 2853 4413 Paravit
2895 4355 3154 4424 supplicia
3196 4354 3263 4407 iis
3299 4352 3388 4421 qui
3432 4362 3560 4425 sunt

1956 4454 2237 4525 puniendi.
2265 4452 2371 4508 Sed
2398 4453 2441 4505 si
2472 4467 2578 4505 non
2606 4450 2684 4504 sic
2709 4448 2952 4510 dixisset,
2984 4459 3089 4499 non
3130 4444 3200 4497 ita
3242 4446 3554 4496 terruisset:

1959 4562 2106 4601 nunc
2134 4556 2313 4599 autem
2353 4560 2474 4598 cum
2498 4544 2834 4612 sagittarum,
2857 4538 3040 4610 gladii,
3080 4550 3238 4592 arcus
3276 4534 3562 4590 immissio-

1960 4639 2078 4702 nis,
2114 4637 2433 4692 inteusionis
2472 4636 2952 4689 instrumentorum
2980 4629 3203 4693 mortis,
3243 4636 3299 4682 et
3329 4626 3560 4681 incendii

1961 4730 2229 4794 meminit,
2262 4728 2539 4782 nominum
2564 4726 2825 4779 varietate
2861 4731 3064 4778 metum
3089 4721 3331 4775 incussit.
3361 4718 3562 4773 Deinde

1962 4837 2150 4877 rursus
2177 4829 2378 4875 metum
2406 4819 2737 4883 consolatus,
2768 4814 3081 4885 subjunxit,
3114 4810 3440 4866 Ardeatibus.
3482 4808 3571 4867 Ne.

1962 4912 2083 4982 quis
2130 4911 2273 4965 enim
2325 4909 2663 4978 insipientior
2701 4907 3071 4968 existimaret,
3122 4904 3175 4958 in
3211 4915 3400 4956 onmes
3438 4916 3562 4956 eum

1964 5018 2155 5058 manus
2184 5003 2437 5071 dirigere,
2470 5012 2525 5056 et
2552 5009 2818 5054 armatum
2849 5012 2992 5062 esse,
3021 4996 3296 5065 subjunxit
3318 5036 3332 5059 ,
3361 4994 3562 5047 Arden-

1964 5095 2116 5147 tibus.
2161 5092 2315 5159 Quod
2366 5095 2526 5147 etiaut
2583 5090 2780 5146 Paulus
2827 5088 3093 5159 significztt
3135 5087 3203 5142 de
3257 5087 3564 5156 magistratu

1964 5186 2150 5239 dicens
2174 5202 2187 5238 :
2218 5183 2338 5237 Non
2360 5184 2491 5236 enim
2519 5186 2706 5251 frustra
2734 5180 2964 5251 gladium
2984 5187 3150 5248 portat
3178 5176 3357 5249 (Rom.
3376 5178 3462 5232 15.
3483 5177 3562 5245 4).

1966 5276 2122 5343 Quod
2148 5278 2192 5330 si
2225 5276 2277 5329 iu
2310 5274 2705 5344 magistratibus
2733 5272 2943 5341 gladius
2976 5273 3076 5325 hoc
3103 5268 3227 5323 facit
3266 5280 3321 5323 et
3361 5276 3563 5322 terret:

1966 5371 2138 5424 multo
2169 5358 2338 5437 magis
2373 5369 2424 5420 in
2452 5367 2578 5420 Deo.
2611 5366 2777 5420 Porro
2818 5365 2919 5421 hoc
2945 5372 3028 5419 est
3060 5377 3167 5417 non
3194 5362 3429 5431 vulgaris
3455 5361 3567 5415 cle-

1969 5462 2181 5516 mentite
2221 5467 2617 5527 argumentum,
2661 5474 2755 5526 per
2785 5458 2946 5511 verba
2990 5466 3211 5519 terrere,
3257 5465 3312 5509 et
3355 5470 3564 5524 pontum

1968 5554 2335 5624 ampliﬁcare,
2384 5567 2450 5605 ne
2494 5552 2668 5619 reipsa
2700 5566 2815 5605 eam
2861 5552 3224 5620 experiamur.
3275 5548 3567 5616 l’t'ottterea

2034 5755 2109 5815 (α)
2129 5763 2241 5814 Qua:
2277 5754 2467 5803 uncinis
2500 5753 2792 5805 clauduntur
2826 5754 2873 5803 in
2906 5752 3053 5803 Editis
3085 5751 3295 5813 desunt;
3330 5752 3576 5801 habentur

1974 5828 2139 5867 autem
2163 5819 2211 5866 in
2234 5817 2427 5866 duobus
2448 5824 2549 5866 Mss.
