4070 6420
595 345 663 400 99
1295 337 1350 391 S.
1388 334 1664 391 JOANNIS
1686 326 2160 387 CIIR'YSOSTOMI
2200 324 2512 381 ARCHIEP.
2544 324 3076 384 CONSTANTINOP.

587 456 730 509 enim
756 451 1002 516 intendit,
1045 458 1323 518 promeres
1353 447 1591 516 paravit,
1635 445 1756 498 ideo
1797 451 2015 511 sag:ttas
2057 440 2157 492 im-

590 547 796 613 posuit,
837 542 960 598 ideo
998 554 1058 594 se
1097 539 1247 609 parat
1283 537 1348 591 ad
1385 537 1742 606 supplicium,
1781 548 1849 588 ne
1886 535 2062 586 veniat
2096 529 2163 584 ad

583 633 925 708 supplicium.

656 722 744 778 12.
774 721 1078 778 Orationem
1099 729 1274 776 autem
1321 717 1494 774 reddit
1517 716 1812 787 graviorem
1833 754 1850 779 ,
1877 722 1977 782 per
2001 709 2158 775 illud,

597 811 839 878 l'ibrabit,
870 812 1114 882 supplicii
1139 809 1526 866 vehementiam
1557 814 1613 862 et
1631 805 1960 861 celeritatem
1978 813 2160 856 osten-

580 902 754 970 dens;
782 903 1017 975 perillud
1041 911 1239 967 autem,
1266 897 1509 965 lntcndit,
1537 897 1985 968 propinquitatem
2013 911 2026 948 :
2067 908 2160 962 per

585 993 738 1060 illud,
772 992 1011 1059 Paravit,
1057 992 1110 1047 id
1151 991 1292 1062 quod
1321 990 1541 1046 omnino
1577 986 1812 1043 futurum
1835 994 1939 1052 est,
1983 987 2026 1039 si
2054 999 2161 1039 non

583 1083 781 1140 fuerint
829 1084 1018 1141 mutati
1066 1101 1081 1139 :
1130 1098 1227 1155 per
1252 1082 1391 1138 hanc
1425 1095 1631 1147 vocem,
1675 1079 1998 1145 Ardeatibus,
2041 1092 2163 1133 reos

581 1175 889 1241 «tendens,
918 1183 977 1228 ut
993 1187 1088 1244 per
1111 1172 1227 1232 hac
1249 1172 1430 1227 omnia
1456 1171 1621 1237 docti,
1650 1167 2046 1239 improbitatem
2077 1184 2162 1222 ιιιμ

584 1267 839 1334 primat.
884 1261 1039 1333 Quod
1079 1263 1262 1319 sibasc
1298 1271 1479 1319 essent
1515 1260 1710 1316 luroris
1755 1265 1810 1313 et
1836 1257 2158 1324 iracundiis,

582 1367 690 1407 non
715 1351 1167 1423 prasdixisseteis,
1193 1367 1255 1407 se
1280 1351 1585 1408 invasurum
1605 1364 1746 1406 esse.
1777 1349 1857 1403 Ira
1885 1348 2028 1433 enim
2054 1361 2160 1402 non

581 1440 685 1497 hoc
730 1439 874 1508 facit,
906 1441 1002 1498 sed
1043 1442 1395 1509 contrarium,
1415 1443 1656 1497 ‘masime
1681 1439 1898 1509 quando
1922 1439 1989 1494 ad
2015 1453 2162 1494 sum-

577 1547 726 1588 mum
772 1533 1095 1604 pervenerit,
1120 1542 1177 1590 et
1199 1531 1462 1605 supplicio
1484 1547 1547 1589 ac
1586 1531 1833 1604 supplicii
1878 1531 2156 1602 apparatui

579 1623 840 1680 imminet.
865 1624 1058 1681 llostes
1081 1634 1244 1691 certe,
1273 1633 1326 1680 et
1362 1623 1454 1695 qui
1471 1623 1651 1680 volunt
1681 1621 1997 1692 supplicium
2025 1621 2162 1676 inlli-

577 1726 727 1782 gere,
769 1727 877 1768 non
904 1714 1066 1769 modo
1091 1713 1143 1769 id
1171 1729 1276 1769 non
1306 1712 1509 1778 dicunt,
1539 1711 1636 1768 sed
1663 1713 1823 1767 etiam
1853 1711 1904 1767 id
1925 1712 2160 1767 celantes

574 1801 854 1870 invadunt,
879 1818 944 1859 ne
961 1804 1048 1874 qui
1074 1813 1196 1859 sunt
1219 1803 1468 1874 puniendi
1493 1803 1538 1859 si
1559 1801 1889 1866 resciverim,
1912 1810 2153 1856 caveant.

568 1891 644 1946 At
670 1905 777 1948 non
823 1893 902 1947 sic
929 1893 1094 1958 Deus,
1146 1893 1241 1948 sed
1283 1901 1469 1948 contra
1514 1893 1732 1948 omnino
1764 1908 1780 1944 ι
1812 1890 2070 1961 νηιάίοἱι,
2100 1900 2158 1946 et

570 1979 766 2049 ώσω,
794 1983 972 2038 verbis
996 1991 1180 2050 terret,
1204 1992 1258 2038 et
1281 1983 1412 2037 nihil
1439 1997 1544 2037 non
1576 1981 1725 2049 facit,
1754 1992 1812 2036 ut
1835 1998 1954 2053 qua:
1978 1983 2156 2037 mina-

571 2083 658 2129 tur
684 2089 790 2131 non
820 2075 1060 2132 inducat.
1107 2075 1220 2132 Hoc
1252 2076 1413 2132 etiam
1451 2075 1572 2130 fecit
1620 2075 1673 2130 in
1716 2074 1978 2130 Ninivilis.
2022 2074 2155 2131 Nam

570 2165 676 2220 illic
694 2179 905 2236 quoque
950 2180 1132 2222 arcum
1163 2167 1407 2233 tetendit,
1452 2167 1687 2237 gladium
1718 2167 1959 2234 vibravlt,
1980 2166 2158 2237 jacula‘

567 2257 794 2329 paravit,
823 2267 878 2314 ct
918 2259 1080 2314 ictum
1129 2275 1235 2314 non
1281 2257 1489 2314 inﬂixit.
1524 2262 1608 2314 An
1652 2273 1759 2313 non
1785 2258 1883 2313 tibi
1910 2257 2157 2313 videntur

570 2348 730 2404 verba
757 2349 1030 2420 propheta:
1055 2364 1177 2406 esse
1210 2364 1387 2418 arcus,
1416 2358 1474 2407 et
1499 2349 1683 2416 telum,
1711 2358 1766 2404 et
1791 2349 2003 2420 gladius
2027 2365 2156 2405 acu—

577 2450 685 2507 tus,
712 2442 923 2510 quando
949 2442 1084 2498 dicit
1109 2460 1123 2496 :
1150 2441 1333 2497 Adhuc
1376 2453 1474 2496 tres
1499 2440 1613 2498 dies
1650 2438 1726 2514 (a)
1752 2449 1804 2496 et
1828 2438 2015 2496 Ninive
2037 2441 2156 2495 sub-

569 2535 786 2586 ve'rtetsr
799 2530 972 2603 (lente
1002 2532 1056 2592 3..
1073 2532 1132 2602 ι)
1151 2532 1183 2586 τ
1199 2531 1310 2588 Sed
1326 2533 1493 2587 telum
1508 2545 1614 2587 non
1635 2529 1815 2586 emisit
1841 2547 1856 2585 :
1883 2546 1989 2587 non
2008 2532 2153 2587 enim

566 2619 687 2675 ideo
706 2629 825 2688 erat
849 2631 1182 2691 apparatum-
1197 2629 1254 2676 ut
1278 2619 1631 2686 emitteretur:
1652 2619 1751 2677 sed
1773 2628 1833 2675 ut
1856 2627 2160 2691 reponere-

564 2718 670 2765 tur.
718 2711 849 2766 Nam
893 2713 1091 2768 milites
1136 2711 1350 2783 quidem
1376 2725 1443 2767 ea
1478 2711 1548 2768 de
1571 2722 1730 2766 causa
1774 2721 2067 2780 armantur,
2095 2721 2153 2768 ut

563 2802 784 2872 puniant
811 2820 825 2856 :
862 2803 1001 2858 Deus
1024 2814 1202 2858 autem
1225 2817 1329 2857 non
1357 2803 1454 2869 sic,
1492 2801 1588 2858 sed
1622 2811 1678 2857 ut
1703 2817 1826 2858 cum
1857 2803 2153 2859 reddiderit

561 2900 708 2947 metu
747 2893 1123 2961 modestiores,
1155 2893 1420 2948 abStineat
1452 2905 1668 2947 manum
1707 2907 1738 2947 a
1765 2891 2044 2964 supplicio.
2073 2892 2150 2949 Ne

561 2995 692 3050 ergo
709 2982 1091 3038 conturbamur
1114 2999 1126 3036 :
1147 2988 1232 3038 est
1248 2982 1389 3038 enim
1410 2990 1582 3037 terror
1595 2981 1884 3037 verborum
1908 2983 2151 3038 tnaximm

560 3071 880 3138 clementiae,
901 3081 958 3128 et
994 3068 1246 3143 quodicit
1266 3069 1702 3138 intolerabiliora,
1734 3087 1800 3126 eo
1826 3071 1916 3126 illa
1936 3087 2003 3128 es
2027 3089 2146 3129 ma-

558 3159 666 3234 jori
706 3161 836 3219 dicit
873 3163 1298 3219 mansuetudine.
1339 3161 1471 3218 Nam
1516 3171 1691 3234 patres
1733 3163 1893 3219 etiam
1937 3165 2150 3236 quando

535 3252 749 3307 molunt
776 3252 966 3322 punire
1014 3253 1174 3321 ﬁlios,
1216 3253 1396 3310 verbis
1434 3254 1566 3311 iram
1596 3255 1845 3310 attollunt
1874 3273 1892 3308 τ
1928 3257 1996 3311 ita
2034 3260 2156 3327 ipse

561 3343 746 3409 etiam,
775 3343 897 3413 quia
944 3358 1050 3398 non
1093 3344 1208 3398 vult
1251 3345 1469 3414 punire,
1513 3346 1692 3401 verbis
1739 3355 1942 3401 metum
1975 3345 2152 3403 reddit

560 3435 878 3504 graviorem.
908 3433 1048 3488 Dicit
1066 3434 1225 3490 etiam
1251 3449 1311 3489 se
1337 3449 1550 3503 parasse
1588 3438 1908 3506 gehennam,
1939 3451 2006 3492 ne
2027 3437 2148 3492 mit-

565 3533 640 3576 tat
684 3523 735 3577 in
765 3523 1065 3593 gehennam
1091 3565 1105 3590 ,
1134 3533 1188 3578 et
1217 3523 1338 3579 ideo
1365 3525 1524 3578 etiam
1567 3526 1620 3578 in
1651 3524 1950 3595 Evangeliis
1981 3526 2144 3582 multa

560 3612 809 3669 dicuntur
831 3615 897 3670 de
926 3615 1209 3685 supplicio,
1250 3630 1314 3670 ac
1343 3616 1493 3684 plura
1520 3631 1679 3686 quam
1702 3616 1770 3673 de
1794 3617 1981 3688 regno.
2010 3619 2145 3686 Quia

562 3705 706 3760 enim
736 3706 786 3759 in
813 3705 880 3760 iis
905 3707 997 3776 qui
1041 3706 1236 3761 minori
1266 3717 1392 3761 sunt
1420 3722 1580 3762 sensu
1608 3708 1838 3778 pmditi,
1880 3726 1985 3763 non
2022 3719 2145 3763 tan-

565 3805 676 3850 tum
707 3795 970 3852 bonorum
1019 3799 1321 3868 promissio,
1353 3814 1513 3869 quam
1543 3809 1932 3855 tormentorum
1972 3811 2145 3856 metus

562 3883 781 3942 adducit
797 3888 861 3944 ad
881 3888 1157 3954 virtutem,
1181 3899 1236 3943 et
1256 3889 1470 3945 abducit
1491 3891 1680 3955 a,vitio
1710 3909 1724 3945 :
1757 3901 2038 3961 prapterca
2087 3892 2141 3946 in

566 3978 631 4031 iis
656 3979 827 4049 magis
869 3990 1202 4044 immoratur,
1255 3987 1311 4036 et
1337 3995 1400 4036 ea
1449 3983 1596 4051 ponit
1634 3982 1867 4037 assidue.
1910 3982 1988 4038 Ne
2015 3997 2143 4055 ergo

562 4067 806 4123 molestia
823 4067 1136 4138 alliciamnr,
1164 4070 1288 4125 dum
1314 4063 1493 4141 gravia
1519 4072 1680 4126 verba
1703 4072 1948 4127 audimus
1981 4092 1994 4129 :
2030 4089 2145 4127 ma-

563 4173 726 4227 gnum
760 4157 902 4212 enim
933 4159 1139 4214 lucrum
1171 4161 1225 4215 in
1250 4175 1309 4227 se
1346 4161 1654 4226 continent;
1700 4162 1796 4216 sed
1825 4163 1939 4232 ejus
1962 4163 2143 4217 oonsi-

562 4247 812 4302 derantes
853 4257 906 4318 et
952 4249 1362 4318 patientiam‘et
1408 4249 1610 4318 justum
1656 4250 1933 4320 judicium,
1983 4267 2048 4307 ne
2076 4253 2142 4308 de

563 4337 734 4392 salute
779 4337 1163 4410 desperemus:
1195 4345 1282 4398 est
1323 4343 1464 4397 enim
1497 4342 1742 4412 patiens;
1787 4359 1958 4414 neque
2004 4347 2147 4403 tristi

557 4427 738 4481 animo
759 4428 926 4484 simus
953 4446 968 4483 :
1001 4437 1084 4484 est
1113 4431 1254 4487 enim
1290 4433 1498 4501 justus;
1529 4434 1614 4488 hic
1662 4433 1872 4504 quidem
1922 4436 2140 4489 multam

558 4518 849 4574 ostendens
877 4521 1207 4589 patientiam,
1236 4523 1342 4577 illic
1369 4533 1547 4578 autem
1577 4539 1671 4578 eos
1691 4524 1780 4593 qui
1810 4539 1914 4579 non
1944 4525 2032 4582 hic
2058 4526 2142 4580 lu-

558 4606 898 4676 crifecerunt,
930 4613 1295 4680 experimento
1325 4615 1536 4669 tradens
1582 4617 1823 4685 supplicii
1853 4635 1867 4678 ;
1897 4618 2038 4688 quod
2075 4635 2143 4676 ne

562 4699 670 4760 iiat,
701 4699 785 4753 hic
803 4702 912 4768 jam
941 4703 1626 4772 suppliciumdepellamus.
1663 4707 1750 4761 15.
1798 4706 1931 4763 Ecce
1963 4718 2141 4778 partu-

558 4790 643 4842 riit
672 4791 990 4860 injustitiam.
1024 4792 1277 4847 Hebrmus
1299 4803 1496 4856 autem,
1521 4812 1616 4865 pro
1640 4799 1896 4866 parturiit,
1919 4798 2072 4855 Jebat
2099 4805 2137 4854 ³.

559 4879 796 4949 Concepit
823 4883 1064 4937 dolorem.
1096 4885 1263 4949 Alius,
1299 4884 1366 4938 Et
1394 4903 1505 4938 cum
1534 4888 1870 4956 parturiisset.
1903 4889 1971 4942 Et
1993 4908 2143 4962 pepe-

561 4974 625 5025 rit
650 4974 980 5039 iniquitatem.
1013 4977 1180 5043 Alius,
1207 4975 1552 5030 Mendacium.
1580 4977 1669 5032 16.
1695 4977 1894 5034 ιαεωη
1916 4983 2137 5051 aperuit,

625 5253 643 5286 ι
677 5258 812 5313 nega,
839 5251 1152 5312 tabenwitl,
1177 5252 1305 5304 lebat
1331 5267 1350 5305 :
1371 5269 1467 5308 vox
1490 5257 1695 5308 Hebraea
1717 5265 1808 5319 est,

620 5340 693 5411 (ιι)
715 5343 1047 5411 Antiquissima
1083 5343 1188 5393 haec
1220 5344 1367 5411 lectio
1391 5355 1484 5407 est,
1510 5354 1562 5396 et
1585 5349 1632 5396 in
1655 5352 1961 5411 Septuaginta
1984 5359 2136 5401 Inter-

561 5409 728 5473 pretes
762 5404 950 5473 invecta
976 5413 1215 5473 {cumet
1241 5404 1478 5473 Hzebreus’
1513 5417 1566 5457 et
1603 5404 1762 5473 Syrus,
1791 5404 1858 5473 ef
1884 5411 2047 5473 Aquila
2087 5421 2140 5463 et

558 5464 861 5532 symmachus
899 5472 951 5532 et
988 5465 1279 5532 Τιιςεὶοόοιίο2
1311 5471 1527 5532 itemque
1551 5464 1764 5532 Vulgata,
1791 5464 2140 5530 habeant,-Ad-

559 5522 652 5586 bac
668 5523 995 5586 quadraginta
1018 5526 1137 5582 dies,
1156 5536 1201 5576 et
1222 5522 1382 5579 A‘inive
1404 5522 1718 5580 szibt'ertetitr.
1743 5522 1954 5581 Justinus
1975 5522 2137 5584 autem

561 5584 610 5660 in
628 5584 821 5660 Dialoglo
965 5587 1226 5660 .t‘ryphone
1246 5591 1688 5660 quadragintatres
1710 5592 1885 5660 habet,
1911 5595 1974 5641 ita
1997 5603 2048 5660 ut
2073 5608 2138 5645 ex

560 5645 748 5708 duabus
783 5645 1076 5708 lectionibus
1112 5661 1206 5697 una
1246 5645 1365 5701 facta
1397 5645 1477 5702 sit.
1501 5654 1594 5703 Sed
1632 5654 1698 5705 ait
1725 5645 1907 5706 ibidem
1927 5658 2144 5708 insuatis

561 5704 652 5751 alia
679 5707 993 5771 exemplaria,
1018 5715 1114 5760 tres
1138 5710 1258 5772 dies,
1285 5713 1486 5764 habere.

3763 334 3866 390 1οὓ

2269 450 2317 489 et
2341 434 2516 500 e/fodit
2545 452 2657 488 eum
2684 476 2701 502 ,
2724 448 2770 490 et
2798 435 2988 490 incidet
3014 438 3065 491 in
3088 438 3284 507 [occant
3307 455 3456 507 quam
3481 440 3621 508 fecit.
3656 443 3806 496 Alius
3846 461 3862 498 :

2269 525 2335 580 In
2362 528 2617 580 interitum
2647 543 2792 596 quem
2816 529 2954 596 fecit.
2988 530 3132 583 Dixit
3168 531 3333 584 Deum
3358 545 3478 586 esse
3519 544 3766 601 paratum
3793 536 3860 588 ad

2270 618 2588 685 supplicium
2611 619 2778 682 ;.dixit
2795 635 2916 672 eum
2931 620 3218 675 immittere
3235 623 3487 690 supplicia
3508 640 3521 674 z
3545 623 3756 693 perime
3774 640 3864 679 ea.

2265 707 2497 776 stigavit,
2528 717 2582 762 et
2606 708 2906 762 modestum
2947 709 3181 764 reddidit
3209 712 3530 778 auditorem,
3564 724 3622 767 ut
3648 717 3738 783 qui
3769 731 3860 769 su-

2266 811 2488 867 pernam
2518 799 2649 852 iram
2673 800 2722 852 ei
2761 799 3070 871 impendere
3099 803 3411 858 ostenderit.
3438 805 3574 859 Eum
3604 806 3864 876 deinceps

2265 886 2423 943 docet
2447 888 2604 963 etiam
2633 903 2700 942 ex
2729 889 2892 944 rebus
2918 891 3046 961 ipsis
3071 891 3381 960 ostendens,
3407 894 3489 949 vel
3512 908 3636 951 ante
3655 897 3866 967 suppli-

2264 977 2425 1043 cium,
2452 976 2624 1047 ipsum
2654 977 2837 1032 vitium
2863 995 2983 1059 esse
3008 995 3240 1050 pinnam.
3270 981 3422 1050 Quod
3451 986 3666 1055 quidem
3693 991 3862 1042 etiam

2265 1064 2463 1121 Paulus
2513 1067 2906 1136 demonstrans,
2959 1071 3173 1126 dicebat
3226 1088 3242 1125 :
3286 1071 3352 1126 Et
3381 1075 3658 1129 mercedem
3705 1093 3863 1144 quam

2264 1157 2526 1226 Oportebat
2566 1159 2752 1212 erroris
2796 1160 2850 1212 in
2893 1176 2948 1214 se
2985 1163 3281 1231 recipientes
3328 1160 3507 1234 (Rom.
3553 1168 3607 1220 1.
3643 1165 3746 1237 27)
3769 1177 3864 1233 ;et

2262 1243 2480 1300 adducit
2506 1246 2557 1300 in
2581 1247 2933 1305 .mediumeos
2949 1251 3042 1320 qui
3058 1261 3296 1307 extrema
3323 1268 3352 1306 a
3378 1254 3507 1310 vitio
3534 1257 3676 1326 passi
3707 1268 3861 1313 sunt.

2264 1333 2398 1400 Quia
2425 1335 2573 1391 enim
2601 1339 2750 1392 multi
2777 1347 2845 1394 es
2879 1340 3229 1398 crassioribus
3251 1334 3383 1400 tunc
3410 1347 3642 1402 maxime
3679 1349 3865 1404 solent

2263 1425 2505 1494 reprimi,
2534 1435 2589 1483 et
2635 1428 3017 1486 moderatiores
3039 1431 3202 1499 silici,
3221 1435 3442 1513 quando
3470 1450 3565 1492 eos
3588 1440 3682 1508 qui
3711 1441 3861 1510 passi

2261 1526 2389 1572 sunt
2417 1517 2648 1574 viderint
2678 1537 2694 1576 :
2721 1530 3003 1592 propterea
3034 1523 3148 1593 ipse
3183 1512 3396 1596 quoque
3423 1544 3522 1585 eos
3550 1530 3773 1588 adducit
3800 1535 3858 1591 in

2259 1607 2517 1663 medium.
2547 1606 2624 1663 Ita
2641 1610 2803 1666 etiam
2825 1611 2951 1668 facit
2971 1612 3238 1682 Christus,
3262 1618 3349 1687 qui
3371 1633 3494 1675 cum
3517 1621 3586 1676 de
3607 1622 3861 1693 gebenna

2262 1696 2485 1753 multum
2511 1697 2872 1768 disseruisset,
2905 1717 3000 1759 eos
3021 1705 3182 1760 etiam
3203 1709 3293 1777 qui
3316 1709 3441 1764 illuc
3460 1707 3770 1782 mittuntur,
3798 1717 3854 1772 iu

2261 1789 2495 1844 medium
2535 1792 2775 1861 adducit,
2808 1805 2866 1849 ut
2890 1795 3109 1853 divitem
3139 1799 3230 1868 qui
3258 1810 3370 1855 erat
3398 1809 3641 1874 tempore
3663 1806 3859 1863 Lazari

2261 1879 2822 1971 (Luc.16.ri9.sqq.),
2857 1889 3089 1958 virgines
3110 1890 3312 1958 fatuas,
3361 1910 3482 1949 eum
3517 1899 3735 1969 insuper
3762 1902 3856 1971 qui

2260 1967 2422 2029 duum
2468 1970 2722 2031 talentum
2749 1979 3103 2036 abscondent
3152 1982 3366 2052 (Matth.
3395 1987 3487 2042 25.
3521 1989 3568 2043 1.
3607 1967 3717 2060 sqq.
3761 1967 3859 2047 ἐι.

2257 2068 2430 2134 sqq);
2475 2074 2528 2120 et
2577 2065 2631 2120 in
2678 2069 2926 2137 pnesenti
2957 2071 3064 2124 vita
3108 2087 3204 2128 eos
3253 2077 3343 2144 qui
3399 2077 3451 2131 in
3501 2081 3634 2134 turri
3679 2084 3857 2139 obruti

2257 2155 2486 2223 inerant,
2510 2167 2566 2213 et
2607 2174 2832 2230 quorum
2880 2163 3189 2232 sanguinem
3244 2166 3443 2222 Pilatus
3471 2171 3684 2227 miscuit
3731 2189 3854 2229 cum

2255 2245 2533 2302 sacriﬁciis
2577 2246 2748 2320 (Luc.
2778 2249 2867 2307 15.
2893 2252 2945 2306 1.
2973 2254 3024 2306 4.
3048 2251 3094 2324 ).
3121 2253 3193 2308 ita
3219 2256 3376 2310 etiam
3403 2257 3592 2314 Petrus
3634 2279 3757 2317 cunt
3785 2265 3857 2321 de

2255 2335 2497 2405 gebenna
2518 2338 2745 2394 multum
2786 2341 3158 2411 disseruisset,
3184 2360 3281 2402 eos
3309 2355 3433 2404 tunc
3459 2352 3694 2407 maxime
3727 2371 3853 2424 pcr-

2256 2426 2404 2492 culit,
2431 2429 2646 2498 quando
2689 2428 2951 2501 supplicio
2995 2433 3215 2491 aﬂectos
3257 2437 3477 2494 adduxit
3506 2441 3560 2496 in
3593 2445 3850 2513 medium,

2255 2527 2311 2572 et
2347 2533 2472 2573 ante
2512 2519 2698 2577 oculos
2721 2523 2955 2578 ostendit
3000 2525 3221 2582 Ananiae
3249 2536 3307 2583 et
3323 2528 3601 2603 Sapphirtn
3645 2540 3857 2609 suppli-

2254 2610 2395 2666 cium
2423 2612 2559 2683 (Act.
2580 2613 2637 2669 5.
2657 2615 2708 2669 1.
2741 2615 2900 2688 sqq):
2927 2617 3068 2687 quod
3093 2619 3307 2688 quidem
3326 2618 3450 2678 fecit
3470 2625 3632 2681 etiam
3659 2627 3854 2685 Paulus

2255 2700 2308 2755 in
2339 2717 2495 2773 mago
2520 2702 2659 2776 (Act.
2689 2705 2778 2762 i5.
2819 2708 2881 2763 11
2909 2707 2950 2779 ).
2979 2708 3091 2764 Hoc
3125 2707 3286 2766 etiam
3323 2713 3429 2769 alio
3467 2715 3629 2771 modo
3651 2714 3855 2774 Enniu-

2258 2800 2389 2855 mat,
2416 2792 2630 2861 quando
2659 2809 2844 2849 eorum
2881 2797 2969 2866 qui
2999 2797 3052 2852 in
3087 2800 3376 2858 solitudine
3417 2802 3631 2860 fuerant
3660 2811 3853 2864 memi-

2254 2882 2332 2936 uit
2353 2923 2368 2947 ,
2395 2884 2473 2939 sic
2504 2883 2689 2939 dicens
2717 2902 2731 2938 :
2765 2884 2904 2941 Nolo
2929 2903 3015 2943 nos
3039 2890 3294 2961 ignorare,
3323 2894 3510 2962 fratres
3533 2938 3547 2961 ,
3576 2901 3714 2967 quod
3742 2917 3851 2954 ont-

2251 2991 2341 3028 nes
2387 2986 2556 3045 patres
2589 2979 2752 3032 nostri
2778 2979 2868 3033 sub
2902 2981 3030 3035 nube
3071 2986 3297 3054 fuerant,
3329 2995 3377 3039 et
3423 3002 3594 3042 omnes
3622 2990 3676 3042 in
3706 2991 3853 3046 "ore

2252 3067 2501 3136 baptizati
2524 3075 2664 3133 sunt,
2692 3078 2740 3122 et
2758 3069 2926 3123 cibum
2953 3071 3268 3142 spiritualern
3300 3076 3642 3144 comederunt,
3676 3089 3726 3134 et
3753 3099 3852 3150 po-

2251 3161 2356 3210 tum
2371 3157 2682 3227 spiritualem
2695 3159 2922 3214 biberunt
2938 3176 2956 3215 :
2975 3162 3064 3216 sed
3077 3179 3177 3217 non
3193 3165 3245 3218 in
3263 3166 3491 3236 pluribus
3505 3185 3677 3222 eorum
3705 3189 3849 3226 cont-

2253 3245 2496 3318 placitum
2521 3258 2595 3303 est
2619 3248 2745 3317 Deo,
2776 3252 2864 3305 sed
2893 3254 3168 3321 perierunt,
3219 3266 3268 3309 et
3313 3259 3594 3312 ceciderunt
3619 3262 3698 3329 (1.
3725 3261 3846 3319 Cor.

2253 3337 2321 3391 to
2351 3336 2513 3408 1.-5).
2562 3338 2697 3405 Quia
2726 3341 2868 3395 enim
2887 3341 3141 3398 disseruit
3160 3345 3228 3399 de
3256 3343 3468 3413 futuris,
3492 3348 3558 3402 de
3577 3350 3846 3421 gehenna,

2250 3428 2490 3499 inquam,
2526 3429 2593 3485 de
2624 3446 2797 3499 pinna,
2830 3442 2883 3488 et
2912 3435 3197 3505 supplicio,
3229 3451 3296 3492 ex
3327 3441 3610 3508 praeteritis
3635 3459 3851 3514 quoque

2247 3532 2435 3574 eorum
2466 3519 2621 3576 affert
2666 3523 3055 3592 probationem,
3091 3541 3187 3582 eos
3214 3529 3304 3598 qui
3334 3529 3478 3598 plexi
3509 3541 3634 3586 sunt
3670 3534 3846 3591 addu-

2252 3624 2384 3665 cens
2425 3612 2477 3665 in
2516 3612 2784 3680 medium,
2823 3615 2924 3670 hos
2957 3616 3174 3687 quidem
3223 3633 3256 3672 a
3298 3622 3675 3692 serpentibus,
3723 3627 3846 3682 illos

2247 3715 2376 3756 vero
2405 3701 2473 3756 ab
2511 3695 2945 3760 exletiminatore.
2977 3705 3131 3773 Quod
3155 3709 3370 3777 quidem
3406 3711 3491 3766 hic
3525 3729 3738 3786 quoque
3767 3718 3843 3773 fa-

2247 3792 2320 3845 cit
2378 3793 2542 3848 David
2569 3836 2585 3860 ,
2620 3795 2704 3850 vel
2742 3796 2811 3851 de
2839 3798 3195 3868 Achitophele
3234 3801 3439 3871 dicens,
3471 3807 3555 3860 vel
3583 3808 3650 3862 de
3677 3809 3847 3864 Abse-

2247 3882 2388 3939 lone.
2436 3883 2684 3941 Nonnulli
2737 3887 2914 3958 itaque
2935 3889 3122 3946 dicunt
3162 3890 3303 3946 dicta
3347 3909 3470 3950 esse
3511 3895 3579 3952 de
3621 3901 3847 3956 Achito-

2246 3973 2423 4043 phele.
2451 3975 2570 4031 Non
2614 3977 2757 4032 enim
2786 3980 3026 4049 ejusdem
3057 3993 3173 4036 erat
3199 3984 3376 4041 dicere
3408 4004 3422 4039 :
3474 3986 3681 4043 Parcite
3718 3995 3845 4048 mihi

2246 4066 2408 4134 filiolo
2429 4081 2541 4122 meo
2565 4069 2827 4135 Absaloni,
2859 4080 2915 4127 et
2956 4081 3080 4143 post
3104 4089 3305 4141 casum,
3341 4077 3466 4143 Quis
3493 4081 3689 4134 dederit
3720 4085 3846 4138 milu’

2247 4166 2458 4211 mortem
2499 4175 2592 4228 pro
2617 4170 2665 4213 te
2690 4159 2765 4231 (Ω.
2797 4161 2928 4234 Reg.
2968 4164 3057 4220 18.
3099 4166 3156 4220 5.
3201 4166 3335 4238 35)?
3361 4180 3413 4223 et
3453 4169 3568 4223 hazc
3600 4188 3740 4226 nunc
3761 4175 3842 4227 di-

2244 4261 2370 4302 cere
2406 4265 2420 4301 :
2450 4249 2543 4303 sed
2569 4250 2654 4304 illa
2679 4253 2892 4321 quidem
2919 4253 3131 4309 dicebat
3151 4255 3432 4327 instigante
3459 4270 3666 4326 natura,
3697 4279 3843 4319 nunc

2247 4349 2376 4394 vero
2399 4339 2609 4397 afﬂatus
2633 4357 2662 4396 a
2688 4344 2898 4413 spiritu.
2930 4346 3036 4401 Sed
3074 4348 3192 4403 sive
3219 4348 3286 4403 de
3315 4351 3603 4419 Absalone,
3635 4355 3750 4411 sive
3775 4357 3844 4412 de

2243 4429 2593 4501 Achitophele
2630 4433 2769 4488 dicta
2821 4434 3071 4502 fuerunt,
3123 4441 3508 4496 consideranda
3552 4455 3679 4499 sunt
3720 4463 3844 4518 qua:

2247 4519 2384 4574 dicta
2406 4530 2565 4577 sunt:
2596 4538 2768 4594 neque
2808 4529 2950 4582 enim
2980 4528 3047 4583 de
3071 4531 3312 4599 personis
3341 4547 3372 4586 a
3402 4549 3487 4587 me
3513 4550 3843 4607 magnopere

2244 4615 2505 4692 agendum
2537 4627 2639 4672 est.

2315 4711 2402 4765 13.
2422 4710 2566 4778 Quid
2579 4728 2703 4784 ergo
2715 4727 2781 4769 ex
2797 4712 3613 4788 boclocodiscimus?Ostendit,
3639 4721 3754 4779 fore
3782 4736 3844 4780 ut

2245 4798 2332 4869 qui
2363 4801 2660 4871 propinquo
2702 4803 2833 4856 todit
2863 4804 3088 4871 foveam,
3119 4807 3233 4876 ipse
3272 4809 3324 4862 in
3353 4823 3470 4863 eam
3500 4811 3702 4868 incidat
3731 4833 3744 4868 :
3784 4826 3840 4870 et

2242 4891 2688 4960 quemadmodum
2712 4894 2964 4950 mulieres
2988 4899 3338 4964 parturientes
3363 4915 3392 4952 a
3421 4899 3700 4958 doloribus
3721 4904 3839 4959 dis-

2243 4994 2552 5055 cerpuntur,
2575 4980 2644 5039 ita
2663 4988 2821 5041 etiam
2838 4989 2927 5057 qui
2952 4988 3073 5042 facit
3088 4989 3289 5057 dolum,
3307 4993 3607 5061 priusquam
3629 4999 3839 5066 propin-

2242 5089 2402 5143 quum
2426 5077 2615 5145 injuria
2643 5078 2856 5142 alliciat,
2882 5080 2993 5147 ipse
3012 5081 3330 5151 discerpitur
3358 5092 3413 5137 et
3455 5088 3744 5152 cruciatur,
3780 5101 3836 5144 et

2243 5182 2348 5220 non
2398 5167 2502 5221 levi
2529 5168 2705 5237 aliquo
2725 5211 2739 5232 ,
2763 5170 2855 5224 sed
2881 5172 3351 5229 vehementissimo
3378 5175 3562 5230 dolore
3583 5177 3836 5234 afticitur.

2242 5255 2501 5322 Quocirca
2548 5273 2668 5312 cum
2701 5261 2854 5315 vellet
2907 5265 3252 5319 acerbitatem
3297 5266 3496 5320 doloris
3525 5269 3837 5337 ostendere,

2244 5362 2356 5401 rem
2383 5359 2563 5418 partus
2577 5349 2814 5404 dolorem
2833 5354 3137 5421 appellavit.
3154 5356 3375 5423 Quando
3390 5359 3531 5412 enim
3559 5359 3673 5413 vult
3691 5360 3838 5415 Scri-

2243 5449 2399 5508 ptura
2429 5440 2812 5496 intolerabilem
2842 5445 3073 5515 aliquem
3104 5447 3342 5503 dolorem
3369 5451 3680 5517 ostendere,
3719 5469 3832 5521 par-

2244 5539 2331 5584 tus
2350 5530 2554 5584 doloris
2575 5549 2696 5586 eum
2721 5537 2937 5589 nomine
2965 5535 3241 5592 describit.
3267 5540 3499 5594 Proinde
3520 5542 3646 5596 alibi
3671 5542 3834 5596 dicit:

2246 5618 2491 5675 Pariendi
2520 5621 2717 5678 dolores
2741 5637 2980 5692 ceperunt
3006 5629 3289 5685 habitantes
3320 5631 3598 5686 Philistiim
3626 5632 3828 5704 (Exod.

2245 5709 2336 5766 15.
2367 5710 2501 5781 M),
2530 5711 2630 5767 hoc
2660 5726 2760 5781 eSt,
2790 5717 2950 5772 timor
2971 5759 2986 5784 ,
3019 5729 3239 5788 tremor,
3267 5719 3452 5791 labor,
3485 5734 3539 5779 et
3565 5722 3742 5779 dol0r.
3768 5723 3834 5778 Et
