4070 6442
251 469 344 523 ml
1391 449 1753 509 EIPOSITIO
1795 449 1837 504 L‘

1951 447 2226 506 SALML'M
2271 450 2382 508 νει.

243 607 434 649 ναι-ειυς
461 591 654 648 Paulus
685 609 696 644 :
726 588 944 656 Quando
982 594 1152 640 autem
1178 578 1398 637 dixerint
1429 618 1445 643 ,
1473 573 1592 632 Pas:
1619 582 1664 629 et
1694 588 1842 627 secu-

241 687 394 748 ritas.
445 701 564 739 tunc
607 684 678 737 eis
720 680 1012 750 repentinus
1056 675 1283 730 immittet
1322 668 1575 734 interitus,
1609 663 1853 735 quemad-

245 777 456 829 modum
483 775 632 829 dolor
656 771 892 844 pariendi
935 771 982 825 ei
1007 782 1121 838 quia
1167 759 1534 833 uterum-gerit
1559 757 1638 828 (I.
1667 755 1848 810 Thess.

241 869 294 920 5.
329 869 407 934 5).
456 865 552 921 llic
576 864 683 919 duo
709 861 994 932 signiﬁcat,
1027 868 1081 914 ct
1121 871 1242 911 esse
1267 849 1621 915 intolerabile,
1653 856 1709 902 ct
1733 860 1854 902 esse

245 959 598 1028 inopinatum.
629 956 695 1010 Et
717 953 977 1009 Ezechias
1002 968 1017 1004 :
1055 947 1201 1002 Venit
1217 946 1365 1000 dolor
1391 939 1728 1014 parturienti,
1751 954 1852 991 non

241 1054 391 1105 habet
415 1058 585 1104 autem
613 1049 850 1102 virtutem
903 1042 1137 1114 pariendi
1176 1038 1346 1114 (Isai.
1375 1037 1465 1092 57.
1498 1035 1532 1090 3
1555 1033 1575 1104 )
1598 1075 1613 1100 ,
1659 1031 1853 1086 intolt.L

240 1144 465 1199 rabilem
487 1142 604 1212 ejus
630 1141 878 1195 timorem
907 1146 963 1192 et
1001 1135 1240 1190 laborem
1266 1146 1362 1202 per
1399 1127 1638 1184 dolorem
1668 1130 1853 1194 partus

240 1235 508 1290 indicans.
540 1233 616 1288 lta
645 1232 807 1288 etiam
838 1230 927 1284 hic
955 1226 1234 1298 propheta.
1282 1222 1394 1278 Etsi
1442 1219 1590 1276 enim
1633 1217 1703 1272 sit
1732 1215 1851 1286 quis

238 1326 436 1380 millies
459 1323 754 1394 improbus,
804 1336 913 1376 non
946 1321 1130 1374 interit
1153 1314 1412 1386 judicium
1453 1307 1801 1365 conscientia:
1831 1322 1844 1357 :

235 1428 321 1472 cst
341 1419 484 1472 enim
515 1414 778 1478 naturale,
807 1421 864 1467 et
905 1427 936 1466 a
966 1410 1078 1465 Deo
1107 1406 1264 1462 nobis
1291 1405 1362 1460 ab
1406 1401 1560 1457 initio
1606 1399 1845 1454 insitum.

237 1508 460 1563 Etiamsi
504 1507 556 1560 in
585 1505 851 1559 inﬁnitum
880 1498 1290 1561 contendamus,
1325 1495 1489 1550 instat
1538 1489 1666 1545 illud
1696 1489 1848 1542 voci-

237 1603 438 1667 ferans,
457 1602 748 1672 castigans,
767 1597 1157 1660 condemnatis,
1181 1600 1236 1646 et
1270 1603 1432 1646 nemo
1448 1595 1531 1641 est
1555 1599 1738 1640 eorum
1758 1581 1847 1652 qui

233 1695 502 1749 scelerate
525 1693 734 1758 vivunt,
761 1690 850 1761 qui
879 1703 984 1743 non
1016 1680 1439 1740 innumerabiles
1464 1676 1678 1733 dolores
1691 1675 1850 1729 susti-

232 1794 380 1848 neat.
423 1793 478 1839 et
507 1763 628 1839 cuin
664 1782 732 1838 de
779 1781 934 1835 malis
980 1777 1270 1842 consultat,
1315 1783 1519 1830 etcum
1562 1768 1846 1825 consilium

233 1879 289 1930 in
320 1891 456 1944 opus
500 1875 698 1930 educit.
746 1872 883 1941 Quid
915 1871 1060 1927 enim
1103 1867 1323 1922 Achabo
1363 1858 1845 1920 sceleratius?Sed

233 1979 415 2023 tamen
450 1982 572 2022 cum
604 1967 694 2021 ille
722 1966 932 2020 vineam
961 1961 1323 2030 concupisset,
1364 1954 1649 2011 considera
1678 1967 1849 2023 quan-

231 2069 346 2112 tum
373 2059 614 2112 dolorem
646 2056 877 2113 senserit
905 2055 984 2125 (5.
1008 2053 1137 2124 Reg.
1167 2053 1258 2108 2|.
1283 2049 1363 2120 4).
1391 2047 1576 2116 Itaque
1601 2061 1722 2100 cum
1753 2059 1844 2099 rex

227 2161 399 2215 esset,
427 2159 482 2204 et
506 2149 686 2203 omnia
711 2147 989 2202 dominatu
1033 2151 1262 2210 teneret,
1291 2155 1391 2196 nec
1418 2140 1560 2194 ultus
1586 2147 1732 2194 esset
1756 2137 1845 2206 qui

225 2242 278 2295 ei
329 2239 750 2305 contradiceret,
796 2236 1051 2308 quoniam
1105 2231 1454 2290 conscientia:
1482 2245 1589 2285 non
1641 2228 1846 2284 ferebat

225 2330 575 2395 sententiam,
606 2330 881 2398 ingressus
919 2334 1005 2383 est
1033 2324 1224 2388 tristis,
1253 2322 1506 2379 deorsum
1537 2318 1842 2382 inclinatus,

222 2422 505 2487 confusus,
536 2423 586 2476 in
617 2421 733 2490 ipso
759 2427 978 2490 aspectu
1010 2418 1293 2487 caliginem
1326 2414 1526 2477 ferens,
1564 2411 1846 2466 conscien-

224 2515 315 2566 tizc
333 2512 744 2566 condemnantis
776 2510 1031 2564 iudicium
1058 2509 1208 2563 vultu
1234 2505 1580 2564 denuntians.
1616 2517 1718 2558 nec
1749 2517 1840 2555 va~

222 2607 344 2658 lens
373 2613 574 2673 tegere,
626 2617 787 2672 quam
833 2601 1016 2655 animo
1041 2607 1385 2669 conceperat,
1441 2597 1734 2651 tristitiam.
1767 2593 1841 2648 Ita

219 2711 352 2764 0180
379 2694 478 2748 fuit
513 2695 594 2748 vel
621 2693 690 2746 ab
732 2708 900 2747 uxore
927 2691 1316 2762 deprehensus.
1351 2687 1600 2744 Proditor
1623 2684 1840 2755 quidem

169 2778 175 2782 ’
219 2798 388 2852 certe,
415 2787 503 2857 qui
535 2787 586 2840 in
626 2794 832 2840 tantum
863 2784 1041 2839 scelus
1066 2782 1384 2853 impegerat,
1416 2795 1538 2834 cum
1579 2794 1684 2833 non
1711 2793 1839 2848 pos-

219 2888 308 2932 set
366 2876 510 2932 ferre
577 2876 766 2946 judicii
832 2875 1181 2930 conscientia:
1233 2873 1517 2936 dolorcm‘,
1591 2870 1840 2940 adaptato

217 2969 322 3023 sibi
374 2970 564 3040 laqueo
631 2969 797 3024 vitam
851 2967 1024 3021 ﬁnivit
1075 2967 1237 3038 (Act.
1288 2967 1340 3021 1.
1403 2967 1469 3021 18
1529 2962 1632 3036 5).
1691 2963 1843 3020 Sicut

215 3078 348 3133 ergo
378 3063 467 3132 qui
507 3061 749 3132 improbe
791 3061 940 3126 vivit,
995 3070 1138 3114 tanta
1168 3060 1366 3128 patitur
1411 3075 1424 3110 :
1463 3059 1533 3113 ita
1561 3057 1650 3128 qui
1674 3059 1838 3111 vitam

216 3169 286 3208 ex
331 3155 524 3209 virtute
575 3154 836 3220 instituit,
896 3150 1280 3222 tranquillitate
1322 3159 1376 3204 et
1418 3149 1602 3204 sedata
1656 3158 1838 3203 mente

214 3245 430 3300 fruitur.
481 3245 773 3301 Considera
812 3253 1015 3299 autem.
1070 3243 1126 3298 Si
1192 3240 1424 3296 voluerit
1471 3241 1592 3311 quis
1648 3239 1834 3294 ulcisci

214 3336 544 3410 quempiam,
573 3337 657 3391 vel
689 3335 840 3406 prior
875 3333 1126 3405 injuriam
1152 3332 1349 3396 facere,
1381 3332 1506 3386 vide
1536 3340 1668 3402 quot
1698 3331 1835 3385 mala

217 3428 439 3497 patitur.
463 3427 668 3481 Furore
695 3427 953 3496 repletur,
976 3425 1042 3481 ab
1066 3425 1142 3479 ira
1173 3423 1517 3494 discerpitur,
1547 3433 1727 3478 movet
1752 3424 1835 3477 in-

214 3521 576 3575 numerabiles
589 3519 782 3574 ﬂuctus
792 3518 1206 3589 cogitationum,
1225 3517 1372 3572 mille
1383 3517 1496 3570 vias
1509 3515 1832 3586 ingreditur;

215 3612 423 3666 invadit
452 3611 598 3665 illum
650 3611 834 3676 timor,
871 3625 1038 3679 pavor
1067 3623 1132 3664 ac
1161 3618 1395 3672 tremor;
1420 3607 1693 3678 quomodo
1718 3623 1832 3662 rem

213 3702 460 3773 perﬁcit-t
483 3745 496 3764 ,
521 3701 793 3772 quomodo
828 3701 1144 3764 ulciscetur;
1185 3708 1241 3755 et
1281 3707 1405 3753 ante
1425 3714 1549 3752 eum
1575 3714 1733 3770 quem
1752 3707 1836 3754 est

212 3797 409 3866 injuria
464 3796 776 3863 aﬁ‘ecturus,
819 3795 1056 3864 seipsum
1102 3792 1301 3862 perdit.
1354 3791 1654 3860 Quiautcm
1698 3792 1831 3846 iram

212 3887 442 3956 expulit,
476 3885 544 3942 ab
584 3887 667 3940 bis
697 3886 950 3941 omnibus
988 3884 1124 3938 liber
1147 3892 1259 3946 est;
1290 3892 1344 3936 et
1369 3883 1491 3950 jure
1515 3891 1684 3936 certe.
1720 3882 1833 3936 lloc

211 3981 358 4033 enim
386 3987 468 4033 est
496 3979 548 4032 in
578 3979 694 4047 ejus
712 3986 999 4048 potestate,
1031 3984 1086 4030 et
1117 3975 1432 4029 universum
1458 3972 1693 4028 confecit
1721 3989 1735 4026 :
1770 3983 1829 4027 at

215 4069 349 4125 illud
377 4086 484 4124 non
526 4068 732 4137 itidem,
787 4067 883 4124 sed
934 4066 1337 4137 opportunitate
1368 4078 1505 4133 opus
1549 4073 1653 4130 εει,
1688 4063 1828 4130 loco,

214 4161 504 4228 maleﬁcio,
535 4161 699 4215 armis
725 4203 739 4224 .
774 4158 1286 4220 machinationibus,
1335 4165 1389 4210 et
1419 4153 1824 4219 oﬂ'ensionibus,

211 4256 547 4318 adulatione,
595 4253 894 4317 servitute,
937 4260 994 4305 et
1042 4247 1404 4303 simulatione.
1466 4245 1627 4300 Vides
1668 4261 1828 4315 quam

214 4347 388 4402 facilis
418 4361 507 4400 res
526 4345 596 4399 sit
627 4344 816 4410 virtus,
841 4357 1002 4413 quam
1029 4339 1265 4394 difﬁcilis
1295 4338 1523 4392 vitium?
1551 4337 1824 4408 quomodo

212 4439 301 4494 illa
319 4437 537 4507 quidem
568 4445 652 4491 est
690 4434 1006 4506 tranquilla,
1041 4434 1143 4487 hoc
1179 4447 1307 4487 vero
1337 4431 1489 4485 turba
1523 4440 1574 4485 et
1600 4429 1829 4485 tumultu

215 4527 518 4583 refertum?

296 4620 382 4676 Vis
425 4619 708 4683 verborum,
757 4617 1097 4687 parturiit....
1149 4614 1487 4682 concepit....
1529 4615 1826 4684 peperit....

215 4713 294 4767 De
340 4712 682 4778 peccatoribus
732 4711 1069 4781 prolatorum.
1135 4707 1384 4776 Iniquims
1423 4717 1600 4777 partus
1643 4708 1828 4777 viperi-

210 4823 327 4858 nus.
379 4833 452 4846 —--
502 4804 616 4857 lloc
682 4817 814 4872 ergo
869 4799 1182 4855 describens
1236 4798 1448 4853 dicebat
1504 4798 1764 4868 propheta
1812 4816 1826 4855 :

211 4897 345 4952 Ecce
371 4896 608 4966 porturiit
652 4894 976 4964 injustitiam,
1007 4892 1233 4962 concepit
1271 4891 1520 4956 dolerent,
1565 4899 1610 4944 et
1641 4892 1832 4960 peperit

209 4989 549 5059 iniquitatem.
600 4986 680 5040 Ex
731 4985 833 5039 hoc
861 4985 1163 5039 ostenditur
1210 4983 1524 5053 injustitiam
1556 4997 1662 5036 non
1709 4997 1831 5038 esse

212 5083 370 5136 nobis
424 5079 720 5134 secundum
771 5087 1040 5143 naturam,
1088 5076 1182 5130 sed
1230 5091 1352 5131 esse
1399 5075 1526 5146 quid
1570 5075 1826 5129 alienum.

213 5175 445 5243 Ideoque
470 5186 634 5243 grave
659 5181 763 5234 eSt,
795 5179 849 5224 et
888 5170 1061 5224 donec
1089 5170 1168 5248 ab!
1186 5184 1251 5223 eo
1282 5166 1547 5222 fuerimus
1591 5167 1824 5233 liberati,

213 5269 369 5324 nobis
395 5266 612 5320 dolores
657 5263 915 5318 immittit.
951 5262 1082 5318 Nam
1138 5260 1277 5317 fetus
1303 5262 1465 5316 etiam
1496 5261 1671 5316 donec
1703 5274 1829 5330 pcr-

213 5362 443 5424 ﬁciatur,
475 5347 770 5413 secundum
797 5365 1041 5409 naturam
1075 5354 1248 5408 ventri
1276 5353 1518 5408 adhmret
1539 5371 1551 5406 :
1575 5361 1829 5422 propter-

210 5469 273 5506 ea
306 5463 359 5505 et
389 5462 588 5514 tnanet,
613 5459 669 5503 ct
701 5447 944 5504 dolorem
982 5463 1086 5500 non
1124 5445 1302 5499 habet.
1336 5444 1624 5515 Postquam
1648 5454 1827 5499 autem

209 5545 482 5618 perfectus
529 5543 706 5606 fuerit,
749 5541 794 5595 si
845 5541 990 5594 intus
1016 5546 1250 5604 maneat,
1300 5552 1452 5591 mora
1494 5545 1580 5592 est
1629 5546 1828 5608 praeter

214 5651 494 5700 naturam;
538 5636 679 5689 unde
723 5635 885 5688 etiam
921 5634 1051 5686 ﬁunt
1085 5645 1266 5700 partus
1307 5630 1542 5684 dolores.
1576 5630 1826 5698 Quapro-

212 5742 332 5800 pter
379 5737 565 5782 vexata
599 5737 788 5780 natura
818 5741 941 5779 eum
990 5733 1218 5778 conatur
1245 5722 1537 5778 extrudere
1562 5762 1576 5783 .
1611 5729 1668 5775 ut
1705 5736 1826 5791 quae

213 5823 520 5874 universum
569 5817 755 5872 fecerit
785 5833 848 5872 ac
897 5815 1202 5886 perfecerit,
1248 5823 1302 5870 et
1328 5813 1470 5868 ferre
1499 5829 1604 5867 non
1659 5813 1828 5884 possit

209 5928 316 5979 enni
339 5911 461 5965 lius.
496 5909 600 5964 Sed
628 5909 732 5965 illic
766 5909 979 5980 quidem
1000 5908 1143 5977 prius
1167 5906 1220 5959 ﬁt
1251 5908 1548 5974 conceptio,
1574 5920 1634 5958 ac
1661 5905 1815 5958 dein-

3479 447 3586 504 WB

1963 585 2094 642 ceps
2128 569 2284 627 dolor
2321 579 2505 641 partus
2537 589 2548 623 :
2584 569 2670 625 hic
2701 576 2882 624 autem
2932 567 3168 638 primum
3199 567 3486 636 parturiit,
3517 583 3582 623 ae

1964 662 2160 720 deinde
2181 663 2426 735 concepit
2450 673 2501 718 et
2527 663 2758 734 peperit.
2783 661 2922 730 Quid
2953 671 3134 718 autem
3166 660 3271 716 hoc
3298 659 3401 715 sibi
3425 660 3583 715 vult!

1963 753 2118 822 Quod
2177 755 2284 809 illic
2342 755 2556 825 quidem
2589 754 2643 809 in
2691 763 2938 824 tempore
2970 762 3157 824 partus
3196 753 3268 808 sit
3292 752 3466 817 dolor,
3494 751 3583 808 hic

1962 855 2142 902 autem
2181 846 2337 902 dolor
2369 847 2439 901 sit
2466 861 2494 900 a
2527 845 2810 916 principio.
2839 844 3008 900 Simul
3044 860 3108 900 ac
3135 844 3280 900 enim
3311 845 3578 914 quispiam

1961 938 2029 993 de
2084 938 2227 992 malo
2277 938 2684 1002 consultaverit,
2723 938 2885 992 etiam
2941 937 3251 1006 priusquam
3297 937 3347 989 in
3376 937 3580 1008 cogita.

1963 1029 2164 1083 tionem
2199 1027 2467 1094 deﬁxerit,
2498 1030 2758 1083 tumultus
2778 1043 2842 1083 ac
2861 1028 3012 1084 turba
3042 1037 3126 1084 est
3152 1028 3202 1082 in
3231 1028 3578 1098 cogitatione.

1964 1121 2021 1177 In
2048 1122 2273 1178 muliere
2303 1121 2446 1176 enim
2477 1121 2748 1192 dejectum
2780 1121 2948 1178 semel
2979 1136 3166 1176 semen
3199 1122 3374 1190 ipsum
3415 1105 3578 1176 etiam

1964 1211 2229 1266 formatur
2257 1211 2325 1266 ad
2353 1212 2792 1266 constitutionem
2833 1221 3020 1282 partus
3050 1210 3142 1265 :in
3175 1213 3240 1266 iis
3267 1221 3450 1268 autem
3480 1214 3571 1283 qui

1959 1302 2113 1358 dolos
2130 1313 2450 1358 construunt
2463 1301 2578 1358 lucc
2590 1302 2749 1358 hodie
2761 1302 2970 1372 dejecta
2987 1310 3071 1357 est
3083 1303 3360 1372 cogitatio,
3387 1311 3442 1358 et
3457 1319 3578 1358 cras

1963 1409 2150 1450 rursus
2170 1396 2274 1450 alia
2301 1413 2317 1462 ;
2347 1406 2402 1450 et
2427 1404 2552 1450 sunt
2569 1394 2990 1451 innumerabiles
3019 1393 3283 1448 malorum
3306 1395 3576 1450 seminum

1958 1489 2308 1558 dejectiones,
2341 1498 2396 1544 et
2419 1497 2546 1544 sunt
2577 1487 2804 1557 singulis
2828 1486 3022 1543 diebus
3065 1487 3450 1558 conceptiones
3473 1529 3488 1552 ,
3521 1500 3578 1544 et

1959 1589 2144 1649 partus
2171 1579 2390 1634 dolores
2417 1580 2506 1650 qui
2536 1580 2807 1650 perinumt
2834 1578 3237 1648 cogitationem,
3280 1593 3311 1634 a
3332 1595 3437 1650 qua
3467 1579 3570 1633 ista

1961 1672 2256 1742 pariuntur.
2287 1671 2405 1727 Non
2437 1672 2585 1726 enim
2613 1672 2734 1726 talis
2764 1680 2972 1741 partus,
3003 1669 3179 1740 qualis
3199 1671 3357 1726 estin
3388 1671 3572 1727 mulie-

1959 1765 2138 1832 ribus;
2175 1765 2268 1820 sed
2306 1764 2760 1836 quemadmodum
2790 1765 2844 1819 in
2875 1763 3096 1833 viperis,
3128 1774 3343 1820 uterum
3365 1765 3574 1822 discer-

1957 1866 2110 1925 punt,
2139 1866 2195 1911 et
2225 1857 2389 1912 latera
2414 1856 2738 1911 dilaniantes
2767 1855 2908 1910 fetus
2938 1853 3242 1925 procedunt
3267 1874 3280 1908 :
3310 1856 3382 1911 ita
3407 1855 3572 1914 etiam

1955 1949 2010 2003 in
2037 1947 2314 2004 fraudibus
2340 1956 2395 2003 et
2420 1949 2471 2003 in
2503 1948 2785 2017 injustitia.
2836 1946 2943 2004 Sed
2975 1948 3323 2017 quantumvis
3347 1958 3575 2006 conten-

1955 2041 2165 2106 damus,
2201 2057 2308 2096 non
2339 2042 2641 2112 poterimus
2667 2041 2913 2096 oratione
2940 2040 3216 2111 explicare
3266 2041 3571 2098 molestiam

1953 2149 2016 2191 ac
2045 2134 2310 2197 dolorem.
2340 2151 2503 2206 quem
2553 2134 2786 2205 improbi
2828 2134 3120 2189 sustinent.
3166 2132 3236 2189 Et
3263 2134 3388 2191 ideo
3443 2135 3575 2192 dicit

1953 2228 2252 2298 quispiam:
2285 2227 2459 2284 Malus
2498 2244 2614 2283 vero
2653 2229 2793 2283 solus
2822 2228 3088 2282 exhauriet
3110 2229 3247 2283 mala
3269 2228 3466 2302 (Prov.
3513 2231 3570 2286 9.

1953 2320 2080 2390 12).
2111 2319 2249 2390 Quid
2288 2321 2430 2377 enim
2476 2336 2543 2376 eo
2571 2322 2663 2393 qui
2694 2319 2897 2377 invidet
2919 2322 3160 2393 gravius,
3193 2332 3250 2379 et
3277 2324 3565 2381 miserabi—

1952 2414 2052 2467 lius
2078 2430 2143 2469 eo
2188 2415 2278 2484 qui
2327 2414 2628 2479 insidiatur,
2661 2423 2718 2469 et
2762 2428 2831 2470 eo
2868 2414 2961 2483 qui
2997 2414 3171 2470 aliena
3203 2416 3574 2486 concupiscit?

1950 2505 2150 2571 Quovis
2195 2506 2446 2562 carniﬁce
2483 2505 2699 2576 gravius
2725 2505 3163 2576 perturbationes
3209 2506 3294 2563 ha:
3331 2518 3570 2565 mentem

1950 2597 2281 2652 excruciant.

2023 2688 2109 2742 14.
2139 2689 2325 2743 Merito
2351 2704 2479 2759 ergo
2503 2687 2717 2744 dolores
2753 2696 2938 2759 partus
2986 2689 3084 2744 has
3114 2697 3326 2744 vocavit
3365 2692 3572 2762 cogita-

1951 2781 2143 2833 tiones.
2165 2780 2270 2834 Sed
2296 2779 2750 2850 quemadmodum
2785 2780 3042 2837 mulieres
3073 2796 3140 2836 ex
3187 2784 3575 2852 congressione

1949 2873 2182 2940 pariunt,
2214 2881 2268 2926 et
2293 2873 2338 2926 si
2383 2881 2510 2927 sunt
2548 2887 2679 2928 sana
2728 2871 2945 2943 quidem
2985 2888 3235 2945 corpora,
3269 2876 3394 2929 talia
3435 2886 3565 2933 sunt

1947 2965 2110 3018 etiam
2143 2979 2262 3034 qua:
2302 2971 2619 3030 nascuntur,
2643 2963 2726 3019 sin
2757 2972 2937 3019 autem
2980 2975 3256 3034 corrupta,
3284 2976 3570 3037 parentum

1947 3064 2194 3109 naturam
2240 3054 2518 3110 imitantur
2561 3071 2576 3109 :
2621 3054 2694 3109 ita
2736 3054 2899 3110 etiam
2941 3055 2995 3110 in
3040 3056 3472 3126 cogitationibus.
3509 3057 3571 3113 Si

1945 3161 2066 3201 eum
2114 3147 2271 3202 bonis
2311 3148 2562 3214 verseris,
2596 3147 2731 3201 tales
2753 3161 2968 3217 quoque
2992 3155 3152 3202 erunt
3181 3147 3255 3202 tui
3279 3147 3449 3215 fetus;
3482 3149 3566 3205 sin

1945 3247 2125 3292 autem
2169 3252 2291 3294 cum
2337 3237 2514 3304 malis,
2543 3246 2598 3294 et
2627 3253 2732 3293 non
2782 3237 3072 3304 attendas,
3115 3253 3369 3309 magnum
3419 3241 3569 3298 illinc

1944 3343 2156 3399 quoque
2172 3328 2425 3383 damnum
2443 3328 2644 3398 capies.
2661 3328 2798 3383 Audi
2816 3343 2948 3399 ergo
2963 3327 3090 3399 quid
3112 3328 3254 3384 dicat
3272 3331 3565 3401 propheta:

1943 3423 1987 3476 Α
2019 3424 2197 3477 timore
2225 3434 2312 3476 tuo
2354 3423 2410 3476 in
2454 3432 2599 3477 utero
2643 3423 2989 3492 concepimus,
3017 3431 3064 3477 et
3109 3425 3494 3494 parturivimtts,
3518 3437 3568 3481 et

1943 3516 2234 3585 peperimus
2277 3499 2516 3585 spiritum
2555 3517 2734 3570 salutis
2759 3514 2910 3587 (Isai.
2940 3516 3032 3572 96.
3066 3515 3180 3589 18).
3213 3517 3270 3572 In
3299 3519 3362 3573 iis
3382 3528 3563 3576 autem

1941 3608 2029 3676 qui
2058 3623 2123 3661 ex
2152 3607 2367 3662 diabolo
2399 3625 2411 3662 :
2448 3606 2557 3662 Ova
2603 3609 2843 3679 aspidum
2883 3612 3163 3681 fregerunt,
3193 3617 3240 3664 et
3268 3627 3473 3666 aranea
3493 3622 3569 3670 te-.

1942 3699 2047 3752 lam
2089 3709 2266 3753 texunt
2304 3697 2458 3769 (Isai.
2487 3700 2576 3756 59.
2625 3700 2707 3771 5).
2751 3699 3039 3772 Fugiamus
3086 3719 3217 3774 ergo
3262 3704 3561 3775 improbos.

1941 3791 2226 3859 Quomodo
2253 3793 2396 3848 enim
2426 3809 2534 3848 non
2563 3805 2647 3849 est
2667 3794 2981 3860 absurdum,
3014 3811 3136 3851 cum
3182 3798 3339 3853 liceat
3371 3813 3434 3854 ex
3466 3800 3563 3856 Dei

1942 3887 2225 3955 praiceptis
2262 3886 2546 3956 concipere
2574 3894 2628 3940 et
2650 3901 2859 3957 parere,
2891 3887 2944 3942 id
2969 3888 3134 3955 nolle,
3166 3889 3261 3944 sed
3286 3891 3562 3960 improbo-

1940 3995 2057 4032 rum
2097 3979 2345 4050 persequi
2394 3979 2827 4049 coogressiones,
2861 3990 2915 4036 ct
2943 3980 3167 4051 perinde
3213 3980 3392 4039 facere
3421 3998 3486 4039 ac
3517 3986 3565 4041 si

1941 4073 2154 4138 mulier,
2187 4074 2238 4127 in
2270 4073 2424 4144 cujus
2449 4081 2532 4128 est
2559 4080 2826 4144 potestate
2847 4088 2968 4128 cum
3000 4089 3126 4144 rege
3152 4075 3430 4146 conjungi,
3452 4093 3564 4134 non

1939 4167 2222 4231 sustineat,
2249 4166 2344 4221 sed
2370 4181 2464 4235 pro
2501 4166 2594 4220 illo
2641 4165 2906 4221 latronem
2937 4175 2993 4220 et
3020 4182 3298 4222 murorum
3349 4168 3562 4238 perfos~

1939 4273 2117 4314 sorcm
2167 4259 2294 4313 velit
2322 4259 2523 4314 habere
2551 4259 2879 4329 conjugem?
2912 4261 2998 4314 16.
3025 4259 3221 4315 Lucum
3249 4262 3484 4330 aperuit'
3515 4276 3563 4319 et

1940 4349 2116 4418 effodit
2161 4367 2298 4418 eum,
2334 4361 2379 4404 et
2405 4351 2590 4404 incidet
2615 4351 2668 4404 in
2701 4351 2900 4420 foveant
2939 4368 3094 4422 quam
3128 4353 3266 4423 fecit.
3298 4351 3442 4411 Usus
3475 4367 3564 4412 est

1942 4459 2132 4498 rursus
2167 4443 2628 4510 translationibus,
2675 4443 3128 4515 quemadmodum
3178 4460 3275 4513 per
3319 4447 3561 4516 parturi-

1943 4537 2165 4601 tiouem,
2196 4536 2467 4600 dolorem;
2501 4537 2570 4590 ita
2604 4550 2702 4605 per
2741 4535 2939 4600 lacum,
2973 4534 3248 4593 difﬁcilem
3278 4535 3557 4593 liberatio-

1946 4643 2067 4684 nem
2101 4627 2362 4682 indicatis.
2401 4626 2468 4681 Et
2493 4629 2680 4681 incidet
2709 4628 2764 4681 in
2807 4632 3006 4699 foveant
3032 4644 3188 4697 quant
3231 4630 3370 4699 fecit.
3402 4627 3564 4695 Quod

1939 4721 2076 4774 alius
2106 4719 2236 4774 dicit
2268 4738 2281 4774 :
2314 4719 2414 4787 Qui
2455 4721 2585 4791 fodit
2614 4720 2812 4789 foveant
2845 4721 3078 4789 proximo
3116 4737 3212 4775 suo
3233 4763 3250 4788 ,
3284 4721 3472 4776 incidet
3507 4722 3564 4776 in

1941 4812 2104 4881 ipsam
2123 4810 2414 4884 (Prov.‘26.
2437 4810 2553 4882 27).
2579 4811 2746 4866 Porro
2774 4811 2876 4867 hoc
2900 4827 3117 4883 quoque
3149 4812 3244 4868 Dci
3269 4812 3565 4886 benignita-

1943 4905 2009 4957 tis
2032 4913 2116 4958 est
2143 4912 2198 4958 et
2223 4903 2546 4969 clementiae,
2583 4903 2792 4958 insidiis
2827 4904 2986 4958 talem
3011 4905 3247 4962 tribuere
3275 4915 3521 4962 naturam
3541 4946 3559 4975 ,

1941 5006 2000 5050 ut
2047 4997 2180 5052 retia
2238 5005 2518 5051 vertantur
2560 4995 2614 5052 in
2662 4998 2808 5067 ipsos
2871 4997 3253 5067 insidiatores,
3299 5006 3362 5054 ut
3419 5000 3543 5056 ideo

1940 5089 2203 5144 desistant
2238 5105 2360 5145 cum
2403 5089 2651 5159 proximo
2687 5089 3027 5161 belligerare,
3065 5102 3120 5146 et
3137 5091 3189 5146 ei
3208 5106 3398 5161 parare
3439 5092 3558 5150 insi-

1940 5183 2076 5238 dias.
2132 5184 2245 5238 lloc
2287 5182 2449 5238 etiam
2491 5185 2542 5238 in
2569 5182 2716 5240 Mose
2745 5183 2961 5238 accidit.
2991 5183 3093 5254 Qui
3120 5185 3265 5239 enim
3291 5193 3409 5240 erat
3434 5201 3561 5257 per-

1944 5278 2213 5343 imendus,
2248 5287 2601 5334 conservatus
2638 5289 2722 5333 εει
2757 5296 2771 5332 :
2804 5276 3018 5335 Pharao
3065 5287 3245 5335 autem
3291 5294 3390 5352 per
3419 5284 3560 5335 viam

1941 5386 2102 5440 quam
2130 5369 2391 5426 adversus
2416 5370 2649 5427 infantes
2666 5369 3007 5426 machinatus
3033 5379 3134 5437 cst,
3166 5385 3267 5444 per
3284 5386 3404 5427 eam
3431 5386 3565 5442 per-

1943 5461 2020 5515 iit.
2051 5460 2182 5515 Cum
2213 5462 2358 5515 enim
2388 5461 2638 5531 jussisset
2670 5460 2901 5517 infantes
2932 5461 3190 5528 interimi,
3243 5464 3421 5534 coegit
3452 5479 3556 5518 ma-

2004 5665 2021 5694 ι
2049 5669 2150 5711 Duo
2170 5667 2298 5718 Mss,
2318 5659 2563 5719 Quomodo
2584 5658 2828 5710 enimnon
2844 5666 2914 5710 est
2923 5660 3196 5711 absurdum
3211 5660 3463 5722 [ωτηὺιωη
3486 5660 3567 5714 ι·ιὰ

1939 5723 2080 5786 capia
2103 5727 2250 5773 datur
2266 5736 2378 5773 cunt
2400 5736 2512 5786 rege
2536 5722 2781 5792 conjungi,
2808 5723 3094 5792 itaitnssettzi
3122 5723 3156 5779 ἑ,
3182 5722 3270 5773 sed
3290 5735 3379 5786 pro
3396 5723 3564 5774 ilio/a-

1941 5783 2127 5835 tronem
2151 5794 2196 5834 et
2220 5783 2474 5835 mmor-uni
2515 5783 2836 5847 per/esserem
2857 5783 3038 5847 eligere
3077 5783 3334 5847 coit/ngam
3359 5824 3372 5845 ,
3399 5792 3448 5835 te
3473 5800 3565 5835 au-

1942 5857 2058 5910 tem.
2082 5861 2194 5897 cum
2216 5859 2279 5897 ex
2300 5861 2342 5910 ιι.
2361 5846 2556 5910 (τερριῶ
2580 5846 2758 5897 dtvinis
2782 5846 2988 5896 ticeot’et
3019 5847 3275 5906 (Ὀπώρα-α
3298 5855 3342 5896 et
3367 5860 3564 5907 parcre.

1944 5909 2272 5972 improborum
2299 5909 2521 5971 protrusi
2547 5910 2948 5970 rongresvtones?
2975 5918 3147 5962 Locum
3175 5910 3381 5972 (ινιννιάι,
3413 5920 3511 5960 etc.
