4068 6430
597 426 697 478 Πδὸ

595 549 728 592 trem
754 533 910 590 llosis
935 527 1182 585 iniantcm
1203 535 1426 596 propter
1452 532 1649 578 metum
1676 531 1976 589 exponere;
2016 512 2158 586 [cum

591 639 768 685 autem
794 627 898 682 filia
927 625 1214 681 Pharaonis
1237 620 1489 675 tiseellam
1509 617 1766 685 scirpeam
1783 611 1849 666 de
1870 610 2029 665 ﬂuvio
2053 620 2164 661 sus-

595 722 821 786 tulisset,
849 728 905 774 et
928 718 1180 773 infantem
1219 711 1530 774 invenisset,
1558 721 1677 762 eum
1714 699 1983 773 nutrivit']
2023 713 2160 752 :au-

591 821 708 866 ctus
735 811 820 864 ille
847 821 1036 863 omnes
1066 802 1310 874 perdidit.
1346 799 1480 854 llinc
1508 807 1562 852 et
1590 795 1683 850 Dei
1722 791 1948 847 maxime
1989 789 2164 844 elucet

589 901 823 966 solertia,
851 907 905 953 et
933 893 1183 965 improbis
1203 905 1390 961 magna
1420 885 1710 956 castigatio,
1737 892 1794 938 et
1821 881 1884 936 iis
1907 879 1996 950 qui
2031 875 2164 966 εαυ-

589 992 741 1060 giunt
768 987 1027 1056 voluptas.
1059 984 1134 1037 Ita
1159 979 1393 1035 etiamin
1423 977 1676 1047 praefero
1711 969 1910 1060 Joseph
1946 965 2158 1060 accidit.

590 1059 724 1133 Tum
767 1075 909 1134 enim
957 1087 1076 1128 eum
1125 1069 1314 1125 fratres
1344 1073 1398 1127 in
1441 1066 1748 1121 servitutem
1787 1059 2157 1129 conjecisscnt,

589 1166 752 1223 multa
777 1164 915 1235 passi
936 1169 1078 1227 sunt,
1100 1170 1156 1216 et
1175 1174 1296 1214 eum
1333 1156 1544 1228 quidem
1593 1153 1721 1209 nihil
1764 1152 2035 1210 laeserunt,
2065 1145 2157 1201 sed

586 1259 745 1314 etiam
765 1257 1035 1328 juverunt,
1062 1252 1162 1322 ipsi
1203 1260 1376 1304 autem
1400 1245 1702 1317 tragcediam
1729 1242 1871 1297 illam
1892 1239 2159 1296 sustinue-

589 1359 730 1405 runt.
752 1351 884 1404 Cum
918 1347 1077 1401 multa
1101 1353 1273 1399 autem
1297 1341 1498 1411 possint
1520 1338 1622 1393 dici
1648 1334 1930 1406 ejusmodi,
1987 1332 2161 1387 consi-

587 1441 714 1496 dera
744 1439 900 1493 etiam
925 1437 974 1490 in
1001 1434 1138 1488 aliis.

662 1530 762 1595 Qui
786 1528 953 1582 aliena
988 1523 1198 1588 inuadit,
1222 1523 1437 1592 seipsum
1459 1519 1648 1593 perdit.
1671 1547 1740 1574 --r
1765 1516 1948 1572 Aliena
1971 1513 2162 1569 invasit

587 1616 810 1690 aliquis?
833 1615 1078 1686 Seipsum
1112 1612 1366 1683 perdidit.
1394 1611 1528 1666 Eum
1555 1609 1720 1673 enim,
1741 1608 1803 1661 .in
1829 1606 1982 1674 cujus
2024 1604 2160 1657 bona

595 1711 806 1775 invasit,
828 1723 970 1778 sape
993 1706 1152 1761 etiam
1175 1703 1309 1775 juvit
1339 1721 1353 1757 :
1381 1717 1528 1757 suam
1567 1709 1741 1756 autem
1782 1698 2010 1753 animam
2040 1710 2164 1764 pro-

592 1801 744 1858 didit.
775 1799 924 1856 Fecit
960 1797 1150 1868 aliquis
1177 1795 1459 1866 injuriam?
1480 1792 1624 1848 Ense
1650 1792 1880 1860 seipsum
1905 1788 2159 1844 confodit.

586 1890 704 1948 Non
732 1891 874 1946 enim
901 1887 1040 1942 male
1063 1885 1308 1941 affectum
1337 1898 1475 1948 esse,
1493 1881 1588 1938 sed
1616 1881 1753 1936 male
1773 1879 2032 1943 aﬂ'ccisse,
2062 1877 2163 1932 hoc

587 1979 852 2054 prccipue
875 1987 958 2033 est
982 1977 1118 2032 male
1157 1975 1284 2046 pati.
1313 1974 1379 2028 Et
1404 1973 1524 2029 ideo
1554 1972 1742 2027 Paulus
1787 1984 1996 2040 quoque
2034 1982 2152 2022 sua-

587 2073 768 2140 debat,
781 2071 970 2142 injuria
991 2069 1169 2141 potius
1189 2066 1351 2133 affici,
1368 2081 1524 2137 quam
1548 2064 1760 2119 afficere
1782 2062 1857 2132 (1.
1878 2060 1996 2116 Cor.
2013 2061 2068 2114 ϐ.
2085 2060 2158 2129 7):

593 2169 649 2216 et
672 2159 932 2226 Christus,
951 2158 1115 2228 alapis
1134 2155 1336 2226 impeti,
1353 2164 1407 2211 et
1434 2171 1540 2210 non
1566 2163 1746 2210 contra
1777 2153 2050 2220 impetere,
2069 2148 2162 2204 sed

587 2253 744 2307 etiam
766 2251 996 2320 seipsum
1016 2248 1082 2303 ad
1097 2247 1397 2317 patiendum
1417 2247 1608 2301 offerre
1625 2243 1830 2317 (Matth.
1850 2244 1902 2299 5.
1920 2242 2033 2313 39).
2056 2241 2165 2296 lloc

585 2350 669 2398 est
687 2341 928 2397 maximae
943 2339 1168 2406 virtutis,
1187 2337 1288 2394 hoc
1305 2337 1467 2393 efficit
1482 2337 1835 2402 tolerantiam,
1857 2334 1958 2389 hoc
1975 2335 2162 2387 fortem

591 2431 766 2488 reddit
804 2428 1175 2495 animam,hoc
1211 2427 1459 2484 omnibus
1481 2427 1642 2482 animi
1685 2424 2166 2496 perturbationibus

593 2522 941 2592 potentiorem
978 2519 1162 2576 efficit.
1192 2519 1292 2587 Qui
1320 2519 1461 2574 enim
1501 2519 1589 2573 alii
1623 2517 1866 2587 injuriam
1902 2517 2044 2583 facit,
2077 2516 2165 2571 vel

591 2630 714 2670 eum
733 2613 997 2678 verberat,
1014 2619 1105 2666 aut
1129 2610 1446 2665 contumelia
1473 2608 1633 2663 afficit
1655 2609 1765 2678 ipse
1786 2609 1930 2678 prius
1957 2607 2024 2662 ab
2047 2608 2164 2661 ani-

583 2706 664 2761 mi
709 2705 1104 2775 perturbatione
1147 2703 1334 2768 victus,
1365 2712 1417 2758 et
1444 2703 1494 2756 in
1536 2701 1844 2756 servitutem
1892 2700 2158 2766 redactus,

589 2807 712 2849 ttmc
733 2794 941 2848 videtur
952 2793 1193 2862 proximo
1215 2792 1457 2862 injuriam
1477 2790 1647 2846 facere
1676 2809 1689 2845 :
1722 2791 1834 2860 ipse
1852 2799 2027 2846 autem
2046 2805 2166 2862 gra-

586 2887 729 2940 viora
757 2898 947 2954 passus
974 2894 1072 2949 est,
1090 2883 1142 2937 itt
1161 2894 1448 2938 extremam
1469 2882 1712 2936 redactus
1727 2882 2054 2937 servitutem.
2075 2881 2162 2936 l7.

584 2981 906 3036 Convertstur
924 2978 1070 3033 dolor
1083 2979 1190 3049 ejus
1205 2977 1257 3030 in
1276 2985 1424 3048 caput
1445 2977 1575 3045 ejus,
1611 2984 1655 3029 et
1682 2976 1734 3028 in
1761 2975 1988 3029 verticem
2008 2973 2165 3045 ipsius

586 3074 819 3142 iniquitas
843 3079 953 3142 ejus
979 3071 1257 3125 descendet.
1290 3068 1357 3123 Et
1384 3069 1453 3123 de
1474 3066 1818 3136 Achit0phclc
1841 3075 1894 3121 et
1912 3066 1976 3121 de
1997 3066 2164 3120 Absa-

587 3162 845 3217 lonelttec
890 3160 1024 3215 dicta
1068 3174 1186 3215 esse
1224 3166 1409 3229 putant
1462 3176 1476 3213 :
1511 3158 1784 3226 utriusque
1821 3158 1962 3212 enim
2004 3165 2162 3226 caput

584 3254 859 3309 descendit
881 3252 947 3307 ad
973 3251 1305 3322 supplicium.
1331 3250 1422 3305 Ille
1447 3251 1590 3304 enim
1630 3250 1818 3319 laqueo
1847 3264 1973 3303 usus
2003 3249 2161 3303 vitam

586 3344 755 3398 finivit
784 3361 798 3395 :
827 3343 914 3398 hic
940 3358 1067 3397 vero
1086 3357 1204 3398 cum
1229 3341 1326 3395 sub
1347 3343 1587 3395 arborem
1621 3343 1850 3395 venisset
1878 3381 1891 3404 ,
1929 3348 1983 3393 et
2011 3354 2161 3394 coma

585 3435 770 3492 fuisset
812 3447 1120 3503 suspensus,
1165 3432 1268 3487 illic
1314 3432 1470 3500 longo
1513 3439 1750 3502 tempore
1788 3429 2050 3500 pependit.
2088 3429 2160 3484 ita

584 3526 748 3596 etiam
771 3523 935 3579 Judas
973 3525 1161 3593 laqueo
1203 3524 1358 3577 vitam
1398 3523 1580 3588 finivit,
1603 3524 1774 3578 sciens
1801 3537 1859 3577 se
1885 3523 1999 3578 btec
2041 3538 2159 3578 om-

592 3616 683 3684 nia
728 3613 919 3670 fecisse
962 3613 1016 3668 in
1043 3613 1332 3683 perniciem
1381 3614 1462 3668 sui
1498 3613 1704 3682 capitis.
1749 3613 1813 3668 Et
1847 3614 2160 3685 ΑεΙιὶιορΙιει

583 3705 922 3773 conspicatus
963 3705 1179 3759 omnino
1221 3703 1454 3758 futurum
1485 3713 1540 3757 ut
1573 3704 1738 3758 David
1787 3705 2050 3768 vinceret,
2076 3721 2161 3761 se-

583 3795 757 3865 ipsum
783 3794 1129 3865 strangulavit
1157 3812 1170 3848 :
1207 3793 1436 3849 Absalou
1461 3803 1635 3850 autem
1663 3795 1853 3850 invitus
1886 3797 2156 3865 pependit,

582 3897 637 3942 et
674 3902 780 3942 non
821 3887 996 3941 statim
1024 3884 1092 3941 de
1116 3885 1290 3940 medio
1325 3883 1560 3939 sublatus
1597 3893 1706 3948 est,
1753 3885 1844 3940 sed
1891 3894 2157 3956 tamquam

581 3977 636 4032 in
681 3975 882 4046 judicio
920 3976 1064 4046 prius
1106 3989 1393 4045 suspensus
1435 3985 1536 4049 est,
1581 3985 1654 4030 et-
1673 3976 1815 4046 ligno
1859 3975 2158 4041 affixus;et

581 4071 693 4127 Deo
719 4084 750 4126 e
774 4070 982 4140 superis
1026 4071 1228 4125 ferente
1248 4069 1563 4124 sententiam
1607 4069 1761 4140 longo
1784 4077 2024 4140 tempore
2062 4087 2156 4140 pe-

580 4163 829 4235 pendit,a
855 4162 1176 4218 conscientia
1216 4161 1466 4232 deinceps
1505 4161 1814 4232 ﬂagellatus.
1854 4162 1970 4234 ipse
2013 4165 2154 4218 enim

577 4252 823 4324 cupiebat
849 4252 901 4307 in
932 4252 1095 4322 patris
1124 4251 1610 4322 gutturdesteram
1656 4239 1960 4322 intingere;
2007 4265 2158 4322 pater

577 4353 757 4398 autem
786 4341 868 4396 vel
898 4330 977 4397 sic
995 4340 1212 4411 rogabat
1231 4342 1444 4408 milites,
1470 4351 1527 4396 nt
1549 4342 1600 4397 ei
1627 4354 1925 4411 parcerent.
1958 4346 1998 4396 A
2025 4359 2155 4399 vana

574 4442 754 4489 autem
775 4430 939 4504 gloria
966 4439 1082 4486 erat
1107 4430 1241 4486 adeo
1269 4432 1497 4498 alienus,
1517 4432 1744 4487 utetiam
1775 4443 1892 4500 post
1931 4444 2154 4490 mortem

577 4523 941 4594 eumlugeret.
967 4521 1034 4578 Et
1061 4532 1116 4576 ut
1141 4521 1278 4578 scias
1321 4522 1462 4593 quod
1508 4521 1702 4578 factum
1733 4533 1811 4580 est
1845 4540 1948 4580 non
1994 4524 2152 4582 fuisse

581 4614 829 4669 humana:
847 4613 1137 4692 industriae,
1160 4613 1254 4669 sed
1285 4622 1448 4670 totum
1478 4614 1640 4670 fuisse
1667 4616 1829 4670 divini
1851 4617 2051 4687 judicii,
2069 4632 2156 4671 ca-

575 4704 691 4777 pilli
722 4712 778 4759 et
811 4704 1006 4776 lignum
1044 4720 1168 4760 eum
1203 4704 1502 4776 alligarunt,
1535 4713 1592 4760 et
1632 4705 1844 4762 brutum
1881 4723 2002 4763 eum
2041 4709 2156 4762 ani-

577 4795 685 4852 mal
711 4795 940 4859 tradidit,
968 4805 1020 4851 et
1049 4809 1146 4865 pro
1181 4793 1308 4849 fune
1333 4795 1545 4866 quidem
1571 4811 1744 4864 coma,
1771 4812 1869 4868 pro
1901 4799 2040 4868 ligno
2069 4815 2156 4854 ar-

573 4887 671 4946 bor
710 4887 940 4952 exstitit;
985 4901 1082 4957 pro
1125 4887 1290 4941 milite
1326 4890 1501 4942 autem
1533 4903 1656 4943 eum
1701 4889 1918 4945 adduxit
1956 4892 2149 4946 mulus.

574 4978 866 5035 Considera
904 4992 1018 5034 rcm
1061 4978 1447 5033 admirandam.
1477 4979 1608 5033 Cum
1653 4983 1766 5036 haec
1811 4996 1999 5052 passus
2047 4991 2148 5050 est,

570 5085 732 5128 nemo
771 5085 988 5127 suorum
1022 5071 1090 5127 ad
1113 5085 1234 5127 eum
1275 5071 1529 5128 accedere
1547 5089 1707 5128 ausus
1740 5084 1840 5140 est,
1874 5076 2152 5147 ipsumque

569 5163 696 5220 inde
711 5163 1011 5232 detrahere,
1033 5179 1153 5219 cum
1179 5173 1380 5220 tantum
1405 5164 1591 5220 fuisset
1619 5168 1872 5236 temporis
1898 5170 2148 5238 spatium.

567 5253 683 5313 Iloc
701 5265 879 5312 autem
897 5255 1038 5311 Deus
1053 5255 1373 5325 providerat,
1393 5266 1449 5311 ut
1466 5272 1636 5327 neque
1651 5257 2035 5324 detraheretur,
2053 5277 2150 5318 nec

567 5347 775 5402 vinctus
788 5345 854 5401 ad
871 5357 1073 5416 patrem
1089 5345 1384 5413 aiferretur,
1402 5349 1650 5418 quoniam
1681 5359 1897 5420 paterna
1944 5353 2147 5408 viscera

632 5508 650 5538 ί
671 5513 782 5564 ane
803 5507 994 5556 ultumis
1022 5504 1309 5571 damnatur
1353 5507 1528 5571 omissa
1572 5516 1686 5557 sunt
1717 5521 1746 5558 a
1776 5509 1904 5571 (toni.
1931 5519 1983 5561 et
2004 5513 2144 5564 Savil.

565 5574 662 5616 Vox
687 5574 863 5634 tit-tea,
886 5579 1016 5634 qt_t_:e,
1051 5565 1282 5630 ﬁscellam
1314 5567 1569 5634 scirpeam.
1585 5577 1673 5634 est
1695 5565 2030 5634 interm-emta,
2053 5584 2145 5633 est,

565 5581 662 5616 vox
687 5581 863 5626 firm,
886 5581 1016 5676 qur,
1051 5581 1282 5630 psceuam
1314 5581 1569 5630 scirpeam.
1598 5581 1673 5619 est
1695 5581 2030 5634 interpretata,
2053 5584 2142 5633 est,

561 5639 684 5700 suam.
729 5631 866 5700 circa
889 5690 902 5700 _
926 5627 1037 5700 llam
1084 5641 1251 5700 vocem
1283 5635 1459 5700 cram
1483 5629 1722 5700 lectiones
1769 5636 1968 5684 variant.
2003 5638 2142 5700 savii.

563 5689 800 5759 πίθοι-οι.
829 5689 1031 5759 habent,
1062 5702 1205 5750 οιίςην,
1227 5693 1536 5759 Septuaginta
1571 5692 1786 5750 habent,
1819 5707 1941 5759 ttat»,
1979 5699 2143 5759 Aquila

561 5760 614 5819 et
631 5752 936 5819 §ymmaehns
953 5750 1158 5819 habent,
1182 5750 1334 5800 naues.
1351 5792 1362 5808 ,
1384 5750 1524 5819 alius,
1544 5765 1662 5811 sint.
1690 5762 1734 5804 In
1757 5750 1978 5819 Hebr-xeo,
1997 5750 2141 5810 Eiotl.

565 5809 684 5872 ω’,
711 5813 887 5875 legitur
909 5818 1050 5867 mn.
1078 5813 1193 5862 Vide
1216 5813 1427 5876 ticxapla
1448 5809 1624 5863 nostra.

1308 415 1364 467 S.
1405 408 1679 466 JO.\-.\'NIS
1717 398 2191 462 CHRYSOSTOMI
2225 397 2534 454 ARCIIIEP.
2576 399 3108 454 CONSTANTINOP.
3758 403 3853 455 l—Ol

2268 511 2317 566 ei
2346 512 2484 580 parci
2511 511 2644 566 velle
2665 512 2800 567 ultra
2836 510 3052 567 modum
3073 512 3479 580 iudicaverant';
3511 523 3566 569 et
3605 516 3749 585 quod
3773 525 3855 570 est

2270 602 2654 670 admirabilius,
2682 607 2770 674 qui
2804 613 3007 674 patrem
3030 604 3078 660 ei
3107 604 3488 670 reconciliavit,
3517 606 3564 661 is
3592 607 3765 675 ipsum
3785 608 3858 661 in-

2269 692 2496 760 terfecit,
2544 694 2925 765 propemodum
2969 695 3175 750 instans
3207 695 3497 752 vehemens
3529 708 3850 752 acctrsatnr:

2271 785 2365 841 sed
2405 787 2450 841 is
2491 786 2705 857 quidem
2747 801 2870 842 eum
2907 786 3120 854 occidit,
3161 786 3301 842 Deus
3337 797 3517 843 autem
3564 787 3686 842 tulit
3729 801 3857 844 sen-

2270 877 2506 931 tentiam.

2340 967 2428 1022 l5.
2469 966 2620 1034 Quod
2664 967 2806 1022 enim
2839 981 2870 1022 e
2911 968 3120 1037 superis
3160 969 3263 1022 lata
3291 967 3361 1023 sit
3401 969 3692 1037 sententia,
3733 967 3860 1024 audi

2267 1057 2534 1128 quomodo
2562 1057 2612 1112 id
2640 1059 2751 1127 ipse
2775 1058 3069 1113 ostenderit
3093 1076 3105 1112 :
3133 1073 3251 1114 cum
3274 1060 3416 1114 enim
3441 1059 3690 1127 dixisset,
3711 1057 3779 1113 Et
3806 1061 3865 1114 its

2267 1151 2498 1203 uerticem
2510 1151 2676 1220 ipsius
2699 1151 2937 1220 iniquitas
2961 1151 3072 1216 eius
3095 1149 3384 1217 desectum,
3407 1150 3532 1205 dicit
3558 1169 3572 1203 :
3604 1151 3693 1205 18.
3720 1150 3859 1203 Cou-

2268 1240 2444 1308 ﬁtebor
2469 1238 2688 1294 Domino
2715 1241 2992 1294 secundum
3017 1242 3263 1308 iustitiam
3287 1243 3417 1313 ejus,
3442 1253 3490 1296 et
3510 1243 3730 1311 psallam
3760 1257 3860 1295 no-

2269 1333 2395 1385 mini
2429 1329 2640 1386 Domini
2682 1332 2931 1385 altissimi.
2973 1331 3181 1388 Gratias
3209 1347 3428 1403 agamus
3451 1373 3466 1396 ,
3495 1331 3705 1402 inquit,
3746 1348 3861 1389 non

2267 1423 2491 1477 aliorum
2521 1423 2755 1493 gaudens
2779 1423 3014 1478 caulibus
3033 1465 3048 1491 ,
3080 1425 3174 1479 sed
3200 1425 3297 1480 Dei
3324 1426 3645 1480 sententiam
3685 1427 3863 1482 susci-

2267 1515 2436 1584 piens.
2462 1513 2530 1568 Et
2555 1516 2671 1585 quis
2696 1523 2872 1585 potest
2898 1515 2950 1570 ei
2975 1515 3170 1584 gratias
3194 1530 3352 1587 agere
3380 1517 3672 1572 secundum
3697 1517 3862 1587 justi-

2271 1609 2393 1661 tiam
2423 1608 2580 1676 ejus'i
2606 1613 2724 1678 quis
2767 1616 2944 1662 autem
2969 1623 3089 1663 eum
3117 1608 3384 1676 laudabit,
3411 1610 3548 1664 sicut
3576 1621 3657 1665 est
3678 1611 3701 1663 ἲ
3725 1610 3862 1664 Nul-

2267 1700 2368 1754 lus.
2396 1698 2534 1767 Quid
2559 1709 2640 1753 est
2658 1697 2948 1753 Secundum
2964 1699 3220 1767 justitiam
3253 1701 3361 1767 ejus
3383 1699 3407 1751 .’
3427 1699 3484 1753 id
3507 1709 3606 1764 est,
3634 1711 3865 1769 propter

2265 1791 2519 1860 justitiam
2547 1791 2683 1860 ejus.
2707 1789 2774 1844 Et
2805 1790 3022 1860 psallam
3051 1790 3274 1846 Domino
3301 1791 3582 1846 altissimo.
3616 1792 3745 1860 Ejus
3775 1801 3863 1847 est

2268 1884 2409 1938 enim
2437 1883 2675 1947 victoria,
2702 1881 2818 1950 ejus
2839 1890 3060 1950 tropaea,
3092 1897 3364 1938 nonmea.
3393 1882 3860 1949 Quemadmodum

2269 1976 2410 2031 enim
2443 1976 2493 2028 in
2521 1974 2670 2029 bellis
2699 1990 2818 2028 cum
2846 1989 2940 2028 rex
2969 1973 3114 2040 vicit,
3135 1972 3328 2028 choros
3355 1973 3612 2028 ducentes
3632 1984 3858 2040 canunt,

2267 2065 2449 2121 laudes
2480 2065 2530 2119 in
2555 2080 2676 2120 eum
2703 2065 3040 2120 conferentes
3067 2081 3082 2117 ε
3115 2064 3187 2120 ita
3223 2078 3322 2134 ego
3364 2078 3576 2134 quoque
3624 2062 3816 2118 faciam
3839 2105 3857 2129 ,

2270 2158 2458 2228 inquit.
2494 2157 2776 2225 Propterea
2805 2170 2912 2211 non
2942 2155 3118 2221 dixit,
3137 2154 3443 2222 Confiteor,
3468 2153 3564 2210 sed
3588 2196 3604 2221 ,
3633 2153 3862 2222 Conﬁte-

2269 2251 2358 2304 bor
2379 2265 2398 2303 :
2422 2248 2726 2318 significans
2752 2263 2811 2304 sc
2835 2263 2935 2303 nec
2960 2257 3237 2318 postquam
3263 2257 3344 2302 est
3382 2256 3723 2317 assequutus,
3754 2247 3858 2302 bo-

2270 2354 2458 2395 norum
2507 2339 2740 2394 oblivisci
2771 2355 2784 2391 :
2813 2354 2912 2394 nec
2942 2337 3374 2409 negligentiorem
3415 2352 3535 2391 esse
3555 2379 3570 2400 ,
3599 2333 3694 2391 sed
3725 2337 3863 2407 vigi-

2270 2430 2380 2486 lare
2407 2447 2421 2483 :
2455 2445 2560 2484 non
2585 2429 2724 2501 quod
2755 2430 2892 2485 Dens
2933 2430 2998 2484 iis
3043 2429 3310 2499 indigeat,
3342 2429 3435 2486 sed
3465 2430 3608 2499 quod
3651 2428 3754 2484 ltoc
3787 2431 3861 2484 sit

2269 2522 2422 2580 nobis
2442 2521 2569 2576 utile
2593 2529 2648 2575 et
2670 2521 3027 2575 commodum.
3055 2519 3512 2588 Quemadmodum
3540 2519 3684 2574 enim
3717 2520 3862 2574 acci-

2270 2612 2448 2682 piebat
2474 2610 2728 2666 sacrificia
2755 2652 2769 2675 ,
2801 2627 2905 2665 non
2945 2625 3107 2680 egens
3145 2611 3420 2665 sacrificiis
3445 2611 3464 2680 (
3490 2609 3552 2665 Si
3575 2610 3718 2664 enim
3747 2627 3861 2664 esu-

2267 2705 2418 2765 riero,
2443 2703 2631 2772 inquit,
2650 2719 2750 2757 non
2777 2703 2944 2756 dicant
2965 2702 3051 2755 tibi
3072 2700 3241 2774 [Psal.
3274 2702 3361 2756 49.
3391 2701 3528 2774 19]),
3558 2700 3652 2756 seti
3686 2703 3861 2757 homi-

2269 2810 2365 2849 nes
2391 2793 2657 2849 deducens
2696 2793 2762 2847 ad
2806 2793 2971 2861 ipsius
3009 2792 3266 2848 honorem
3296 2808 3315 2846 :
3346 2793 3416 2846 ita
3441 2791 3601 2846 etiam
3628 2792 3860 2864 hymnos

2269 2883 2522 2952 suscipit,
2551 2890 2734 2937 nostra
2773 2881 3072 2937 laudatione
3117 2897 3223 2936 non
3254 2895 3420 2952 egens
3441 2922 3458 2949 ,
3489 2881 3584 2936 sed
3619 2894 3858 2938 nostram

2269 2974 2491 3028 salutem
2535 2973 2863 3027 desiderans.
2894 2972 3004 3028 Deo
3033 2973 3174 3027 enim
3204 2986 3411 3043 magna:
3435 2987 3578 3028 cura:
3611 2983 3694 3030 est
3722 2982 3778 3029 ut
3805 2974 3859 3030 in

2267 3065 2457 3119 virtute
2477 3077 2797 3119 crescamus.

2338 3154 2652 3226 Colloquium
2686 3171 2802 3210 cum
2828 3154 2934 3210 Deo
2958 3156 3190 3210 uirtutem
3223 3163 3392 3226 auget.
3413 3184 3485 3196 —
3511 3153 3651 3210 Niltil
3678 3165 3859 3214 autem

2268 3263 2418 3318 teque
2442 3249 2506 3303 ad
2546 3249 2795 3302 virtutem
2828 3255 3140 3319 promovet,
3169 3254 3328 3317 atque
3355 3261 3475 3302 eum
3508 3247 3618 3302 Deo
3642 3248 3860 3306 assidue

2267 3342 2468 3398 versari
2499 3349 2554 3396 et
2596 3339 2825 3411 colloqui
2849 3381 2864 3402 ,
2888 3339 3046 3410 eique
3089 3349 3347 3409 perpetuo
3388 3339 3585 3409 gratias
3616 3353 3778 3409 agere
3804 3349 3861 3396 et

2269 3435 2512 3506 psallere.
2547 3432 2727 3487 Psallit
2754 3442 2930 3488 autem
2965 3432 3072 3486 Deo
3096 3432 3298 3501 justum
3331 3430 3448 3501 ejus
3467 3431 3725 3501 judicium
3762 3428 3861 3488 ad-

2267 3526 2465 3580 mirans
2486 3533 2536 3579 et
2564 3523 2889 3594 patientiam.
2906 3521 2972 3577 Et
2991 3521 3102 3587 ubi,
3131 3521 3320 3593 inquit,
3349 3523 3466 3592 ejus
3493 3530 3574 3578 est
3603 3524 3857 3593 patientia

2265 3617 2546 3674 interfecto
2573 3614 2833 3687 tyranno?
2856 3613 3037 3684 Longe
3056 3623 3203 3669 certe
3231 3615 3481 3670 maxima.
3505 3614 3688 3687 Longo
3710 3617 3858 3674 enim

2265 3716 2505 3778 tempore
2530 3721 2650 3762 eum
2677 3705 2873 3760 dimisit
2897 3745 2912 3768 ,
2941 3712 2999 3759 ut
3028 3705 3237 3760 veniret
3261 3703 3327 3758 ad
3356 3705 3719 3773 ptenitentiam
3756 3725 3770 3762 ε
3802 3717 3860 3764 et

2263 3800 2461 3870 regiam
2503 3798 2784 3855 tenendam
2834 3797 3002 3865 dedit,
3031 3806 3090 3852 ut
3117 3811 3240 3853 cum
3281 3796 3486 3854 videret
3533 3798 3753 3855 domum
3802 3800 3856 3855 in

2263 3907 2365 3962 qua
2393 3900 2632 3947 creverat
2674 3899 2728 3947 et
2750 3889 3006 3946 educatus
3033 3890 3240 3955 fuerat,
3268 3897 3323 3945 et
3361 3890 3529 3960 patris
3565 3891 3713 3962 signa
3739 3933 3755 3955 ,
3787 3893 3856 3948 ad

2263 3983 2625 4054 pmnitentiam
2647 3982 2868 4037 veniret.
2893 3979 2947 4036 Si
2973 3982 3117 4036 enim
3143 3995 3251 4035 non
3280 3978 3470 4037 fuisset
3491 3981 3740 4037 immanis
3762 3982 3856 4038 beo

2264 4077 2382 4140 stia,
2416 4091 2514 4130 nec
2544 4091 2637 4128 eor
2667 4073 2940 4128 habuisset
2967 4073 3255 4142 lapideum,
3287 4073 3465 4127 omnia
3496 4073 3584 4128 illa
3615 4074 3854 4130 sufficie-

2263 4165 2393 4220 bant
2417 4166 2482 4219 ad
2523 4166 2666 4219 illum
2695 4164 3052 4220 reducendum
3078 4181 3096 4216 :
3138 4178 3322 4220 mensa
3360 4163 3512 4233 cujus
3551 4180 3673 4220 cum
3701 4176 3855 4236 patre

2263 4267 2376 4314 erat
2398 4257 2892 4328 particeps,domus,
2924 4257 3128 4320 sedilia,
3158 4256 3247 4312 ttbi
3277 4256 3437 4312 verba
3461 4271 3584 4313 eum
3608 4259 3853 4315 reconci-

2263 4347 2540 4415 liaverant,
2565 4363 2683 4404 cum
2708 4348 2867 4402 talem
2889 4347 3090 4404 caedem
3123 4357 3384 4417 patrasset
3408 4365 3421 4401 ε
3449 4362 3568 4403 cum
3593 4348 3679 4404 his
3699 4358 3854 4406 erant

2261 4443 2419 4506 etiam
2467 4441 2587 4506 alia,
2619 4455 2736 4510 quae
2780 4439 2846 4494 ad
2897 4455 3018 4493 eum
3065 4438 3446 4495 emolliendum
3488 4440 3850 4498 sufficiebant.

2259 4534 2517 4590 Audierat
2543 4534 2685 4589 enim
2711 4548 2830 4588 eum
2872 4532 3113 4589 exsulem
3137 4531 3359 4588 sedibus
3385 4533 3605 4589 incertis
3628 4548 3813 4589 errare
3831 4577 3847 4600 ,

2260 4637 2313 4683 et
2340 4626 2476 4680 mala
2502 4628 2680 4696 gravia
2707 4626 2952 4681 tolerare.
2984 4626 3135 4694 Quod
3165 4626 3210 4681 si
3249 4642 3317 4681 ne
3348 4625 3462 4682 hac
3483 4627 3700 4698 quidem
3725 4644 3848 4683 eum

2260 4719 2583 4785 molliebant,
2617 4717 2899 4788 oportebat
2925 4733 2989 4773 ea
3013 4733 3133 4788 qua:
3164 4717 3510 4788 Achitopbeli
3528 4729 3846 4785 evenerant,

2259 4826 2379 4867 eum
2410 4812 2689 4883 castigare,
2709 4811 2951 4881 laqueum
2971 4824 3162 4879 nempe
3186 4819 3239 4866 et
3265 4818 3514 4877 mortem,
3538 4819 3596 4866 ut
3615 4825 3712 4881 per
3735 4811 3848 4868 Ita-c

2258 4904 2435 4958 omnia
2465 4904 2669 4958 veniret
2691 4902 2756 4957 ad
2781 4901 3168 4972 paenitentiam.
3193 4901 3373 4973 Neque
3398 4904 3540 4958 enim
3568 4904 3848 4974 ignorabat

2258 5011 2376 5067 qua:
2402 4996 2573 5051 amico
2597 4995 2919 5052 acciderant.
2941 4995 3107 5064 Quam
3128 5005 3310 5052 autem
3330 4996 3537 5066 culpam
3564 4997 3617 5051 in
3641 5007 3846 5066 patrem

2257 5087 2557 5151 conferens,
2584 5086 2703 5143 haec
2728 5085 2994 5142 faciebat?
3013 5086 3164 5154 Quod
3185 5101 3311 5143 eum
3337 5087 3407 5142 ab
3425 5095 3643 5158 aspectu
3669 5102 3848 5167 remo-

2258 5180 2458 5238 visset?
2483 5179 2592 5236 Sed
2619 5195 2687 5235 eo
2711 5179 2929 5238 nomine
2956 5178 3186 5235 debebat
3215 5194 3340 5236 eum
3368 5178 3622 5235 admirari
3656 5190 3713 5237 et
3750 5197 3845 5236 su-

2257 5272 2463 5340 spicere
2485 5313 2502 5338 ,
2532 5269 2674 5341 quod
2714 5284 2835 5326 cum
2879 5269 3099 5327 fratrem
3141 5269 3532 5338 interfecisset,
3561 5286 3688 5327 eum
3741 5272 3844 5328 leni

2256 5362 2436 5416 animo
2464 5361 2692 5417 tulisset.
2734 5359 2842 5417 Sed
2867 5375 2989 5416 cum
3019 5361 3149 5416 nihil
3178 5361 3228 5419 ei
3260 5373 3439 5431 posset
3465 5363 3580 5418 dari
3610 5364 3842 5431 crimini,

2255 5451 2348 5506 sed
2376 5451 2674 5520 importuna
2707 5460 2974 5506 teneretur
3011 5451 3321 5522 cupiditate,
3354 5452 3515 5524 idque
3541 5469 3664 5509 cum
3696 5464 3845 5526 pater

2255 5552 2398 5598 esset
2430 5542 2539 5612 jam
2582 5557 2771 5606 senex,
2800 5551 2853 5598 et
2894 5553 3040 5600 esset
3066 5542 3396 5613 exspectatio
3420 5544 3474 5599 in
3504 5544 3708 5600 foribus
3729 5585 3746 5610 ,
3779 5559 3846 5602 ue

2256 5634 2519 5689 tantillum
2566 5633 2780 5705 quidem
2814 5636 3161 5705 exspectavit.
3189 5633 3471 5702 Quomodo
3518 5644 3698 5691 autem
3736 5649 3843 5693 non

2321 5769 2337 5800 ¹
2367 5776 2466 5838 nuo
2481 5774 2610 5838 atas,
2629 5767 2852 5838 mtnniam
2875 5775 3076 5838 paterna
3108 5767 3294 5821 viscera
3321 5767 3522 5821 nimim
3541 5777 3587 5822 et
3610 5769 3840 5837 intanpe-

2255 5832 2423 5883 stit-cm
2447 5829 2792 5892 indulgentiam
2809 5829 3161 5884 indicaverunt.
