4068 6426
529 354 632 420 to'i

526 481 886 546 apparuerunt
932 488 1053 529 eum
1108 471 1446 542 vigilantibus
1499 471 1799 540 pastoribus
1857 479 2112 524 canentes

525 564 677 631 (Luc.
699 565 753 619 ἱ.
788 565 898 634 15).
928 564 1216 619 Audiamus
1262 577 1391 633 ergo
1429 562 1530 616 hoc
1567 575 1780 632 quoque
1826 559 2112 614 canticum.

525 658 628 724 Qui
660 664 924 713 terrenum
949 656 1164 727 quidem
1186 671 1364 726 regem
1398 644 1630 718 laudant,
1654 669 1773 709 cum
1806 667 1871 709 eo
1898 653 2118 723 loquun-

526 759 616 804 tur
632 748 700 804 de
725 748 968 817 imperio,
999 747 1067 803 de
1098 748 1329 816 tr0pacis,
1357 747 1424 802 de
1457 746 1675 802 victoria
1700 788 1716 813 ,
1738 752 1792 800 et
1815 751 2117 799 memorant

526 849 714 910 gentes
751 840 819 893 ab
847 853 913 894 eo
955 839 1152 902 victas,
1185 847 1435 892 vocantes
1472 851 1567 892 eos
1607 843 1994 905 expugnatores
2017 873 2032 896 ,
2060 841 2115 887 ct

523 931 873 986 barbarorum
903 930 1152 992 victores.
1183 939 1238 984 et
1276 930 1358 984 his
1399 928 1611 983 similia.
1646 925 1955 997 Hujusmodi
1983 939 2111 980 can-

524 1023 690 1078 ticum
717 1022 860 1077 canit
889 1023 1048 1078 etiam
1079 1021 1165 1076 hic
1198 1022 1405 1077 beatus.
1436 1020 1628 1076 Narrat
1665 1020 1806 1086 enim
1835 1020 2110 1074 victoriam

520 1121 576 1165 et
603 1121 896 1181 tropaeum,
926 1119 978 1165 et
1006 1111 1143 1165 bella
1174 1109 1437 1176 confecta,
1468 1126 1572 1166 non
1602 1109 1818 1181 quidem
1847 1110 1990 1175 talia,
2017 1109 2109 1165 sed

521 1203 608 1258 his
653 1205 820 1259 multo
857 1203 1175 1259 difﬁciliora.
1201 1202 1333 1257 Vide
1359 1213 1534 1257 autem
1577 1201 1846 1274 quomodo
1883 1201 2066 1272 incipit
2096 1219 2110 1255 :

523 1293 772 1360 Domine,
806 1292 1056 1348 Dominus
1095 1302 1281 1348 noster.
1314 1293 1550 1348 Aliorum
1576 1293 1718 1348 enim
1740 1293 1828 1363 qui
1855 1307 1960 1347 non
1989 1305 2108 1347 cre-

523 1387 656 1442 dunt
689 1389 742 1441 in
768 1386 939 1457 ipsum
962 1427 976 1450 ,
1009 1399 1115 1439 uno
1137 1384 1297 1440 modo
1325 1394 1412 1440 est
1433 1385 1688 1440 Dominus
1730 1403 1743 1436 :
1773 1393 1954 1440 noster
1981 1398 2110 1439 vero

521 1475 720 1548 duplici
742 1477 967 1541 ratione,
996 1485 1052 1530 et
1079 1474 1218 1545 quod
1247 1490 1343 1529 nos
1367 1490 1431 1530 ex
1463 1474 1526 1530 iis
1547 1489 1666 1545 qum
1696 1490 1801 1529 non
1829 1482 2003 1542 erant,
2029 1475 2109 1530 ie-

520 1570 688 1634 cerit,
716 1577 769 1622 et
806 1565 947 1637 quod
986 1573 1303 1636 agnoscatur
1325 1579 1354 1618 a
1387 1565 1559 1619 nobis.
1589 1565 1669 1619 Ac
1692 1564 1813 1620 vide
1840 1564 2110 1634 quomodo

521 1659 700 1713 statim
728 1673 756 1709 a
791 1657 1052 1728 principio
1091 1655 1240 1724 ponit
1277 1668 1538 1709 summam
1570 1654 1836 1709 beneﬁcii.
1865 1654 1920 1711 Si
1964 1656 2107 1711 enim

520 1748 772 1803 didiceris
803 1746 1070 1818 quomodo
1095 1746 1351 1800 Dominus
1371 1754 1491 1800 tuus
1510 1743 1681 1800 factus
1707 1746 1796 1810 sit,
1830 1745 1973 1815 quod
2015 1745 2110 1800 ah-

519 1841 779 1893 alienatos
802 1848 856 1893 et
883 1839 1126 1893 inimicos
1147 1846 1385 1893 etmorte
1401 1835 1636 1903 allectos,
1665 1835 1955 1892 familiares
1978 1837 2109 1893 ell'eo

517 1934 653 1987 ccrit
680 1941 734 1987 et
762 1931 1144 1998 vivillcaverit,
1184 1929 1405 1993 pulchre
1451 1928 1654 1985 videbis
1698 1929 1800 1985 hoc
1843 1945 2106 1985 summam

520 2039 640 2078 esse
661 2022 928 2077 beneﬁcii.

587 2115 775 2170 Contra
802 2116 1086 2170 Anomoros.
1109 2113 1306 2169 Nomen
1326 2112 1421 2169 Dei
1439 2114 1738 2171 admirabile
1750 2131 1865 2170 cum
1884 2115 2104 2171 Christo.

517 2234 589 2246 --
608 2204 722 2260 Hoc
749 2220 877 2276 ergo
913 2204 1186 2261 admirans
1214 2205 1474 2276 propheta
1492 2248 1507 2272 ,
1539 2205 1670 2262 dicit
1696 2224 1710 2260 :
1742 2206 1909 2274 Quam
1936 2207 2106 2262 admi-

516 2295 676 2349 rabile
718 2307 792 2349 est
840 2311 1023 2349 nomen
1066 2296 1250 2350 tuum!
1278 2294 1384 2352 hoc
1408 2304 1520 2363 est,
1567 2293 1724 2352 valde
1768 2295 2102 2354 admirabile.

515 2387 688 2454 Quam
728 2385 1041 2442 admirabile
1066 2396 1242 2442 autem
1288 2387 1392 2454 sit,
1419 2402 1525 2444 non
1553 2389 1686 2445 dixit
1714 2406 1727 2442 :
1760 2405 1932 2460 neque
1961 2393 2102 2446 enim

517 2477 695 2534 metiri
723 2478 916 2550 potuit,
940 2477 1034 2534 sed
1083 2487 1288 2534 tantum
1317 2479 1779 2550 amplificationem
1820 2490 1875 2538 et
1911 2482 2105 2554 hyper-

515 2569 677 2625 bolen
737 2569 929 2624 attulit.
973 2569 1076 2624 Ubi
1115 2581 1242 2626 sunt
1289 2572 1380 2641 qui
1426 2570 1520 2626 Dei
1561 2573 1850 2627 essentiam
1894 2574 2105 2629 curiose

518 2659 918 2729 pervestigant?
937 2657 993 2716 Si
1021 2660 1164 2715 enim
1195 2676 1316 2716 cum
1334 2676 1529 2718 nomen
1555 2663 1672 2732 ejus
1695 2663 1946 2732 dixisset,
1969 2665 2105 2722 adeo

514 2747 808 2804 admiratus
835 2756 918 2805 est
959 2758 1015 2804 ut
1044 2751 1448 2822 obstupesceret
1479 2770 1492 2804 :
1523 2753 1791 2822 quomodo
1833 2756 1984 2810 venia
2026 2756 2104 2811 eis

516 2837 729 2893 dabitur
762 2839 849 2909 qui
890 2854 949 2894 se
985 2839 1170 2895 dicunt
1219 2856 1378 2896 nosse
1410 2841 1503 2896 Dei
1533 2844 1852 2910 essentiam,
1883 2859 2004 2900 cum
2035 2861 2104 2902 ne

517 2927 777 2998 prapheta
807 2928 1017 2998 quidem
1048 2944 1208 3001 quam
1240 2931 1311 2985 sit
1353 2931 1668 2989 admirabile
1711 2934 1829 3004 ejus
1879 2951 2098 3004 nomen,

515 3034 840 3090 cognoscere
903 3022 1178 3089 potuerit?
1234 3023 1398 3089 Quam
1447 3025 1750 3081 admirabile
1788 3037 1862 3082 est
1917 3045 2103 3084 nomen

514 3121 656 3164 tuum
676 3111 700 3166 .'
724 3109 780 3165 ln
809 3113 1025 3167 nomine
1052 3112 1192 3168 enim
1236 3122 1326 3168 tuo
1370 3130 1515 3171 mors
1544 3116 1681 3172 victa
1710 3126 1764 3172 et
1789 3116 1955 3174 fracta
1979 3129 2063 3175 est
2082 3162 2100 3188 ,

517 3201 684 3256 vincti
713 3210 837 3256 sunt
864 3201 1158 3266 dmmones,
1181 3203 1367 3259 caelum
1391 3215 1632 3275 apertum
1656 3215 1758 3272 est,
1789 3207 1930 3264 fores
1952 3225 2103 3280 para-

515 3295 618 3348 disi
672 3301 991 3364 patuerunt,
1043 3294 1274 3366 Spiritus
1325 3298 1591 3354 demissus
1639 3305 1932 3359 estzservi
1977 3304 2100 3359 facti

479 3371 481 3374 ’
514 3390 640 3437 sunt
667 3383 852 3447 liberi;
887 3384 1125 3452 inimici,
1155 3385 1281 3449 lilii;
1311 3387 1462 3442 alicui
1482 3430 1496 3452 ,
1526 3387 1792 3457 heredes;
1832 3391 2096 3460 homines,

515 3472 710 3542 angeli.
742 3472 878 3538 Quid
912 3473 1062 3537 dico,
1097 3474 1314 3544 angeli?
1340 3475 1475 3532 Dens
1504 3479 1664 3534 homo
1706 3480 1875 3537 factus
1899 3494 2016 3552 est,
2047 3495 2098 3540 et

515 3562 678 3616 homo
703 3561 887 3629 Deus;
919 3565 1106 3618 caelum
1152 3566 1360 3634 accepit
1407 3578 1648 3624 naturam
1691 3586 1721 3626 e
1761 3581 1902 3628 terra
1955 3589 2099 3629 sum-

512 3663 656 3725 ptam
685 3672 699 3721 ;
732 3663 872 3711 terra
897 3671 1017 3710 eum
1050 3658 1284 3727 suscepit
1309 3660 1398 3729 qui
1427 3661 1578 3716 sedet
1616 3678 1779 3734 super
1807 3665 2095 3722 Cherubim

511 3761 635 3800 cum
661 3749 897 3802 exercitu
926 3749 1186 3818 angelico.
1214 3749 1344 3818 Quae
1375 3753 1736 3810 intercedebat
1762 3761 1990 3815 maceria
2017 3760 2099 3816 di-

510 3845 632 3892 ruta
661 3847 774 3902 est,
805 3837 977 3894 soluta
1023 3850 1107 3895 est
1155 3856 1341 3911 sepcs;
1376 3859 1495 3914 quae
1536 3844 1704 3900 divisa
1742 3857 1796 3903 et
1837 3850 2099 3920 disjuncta

512 3935 699 3991 erant,
731 3929 876 3982 unita
927 3939 1088 3996 sunt;
1125 3932 1360 3988 tenebrae
1405 3941 1530 4002 sunt
1563 3936 1858 4004 exstinctae,
1891 3940 1981 3995 lux
2011 3957 2097 3996 re-

510 4016 805 4088 splendnit,
833 4033 980 4075 mors
1003 4022 1250 4092 absorpta
1275 4032 1376 4078 est.
1410 4024 1534 4080 ilice
1557 4026 1734 4081 omnia
1761 4030 2019 4098 cogitans,
2044 4043 2099 4088 et

512 4108 672 4178 longe
713 4108 798 4163 his
838 4111 989 4180 plura
1014 4153 1027 4177 ,
1059 4112 1319 4182 propheta
1365 4115 1629 4172 clamabat
1675 4116 1899 4174 dicens:
1932 4120 2097 4189 Quam

511 4201 810 4256 admirabile
829 4212 900 4258 est
928 4220 1106 4258 nomen
1129 4215 1267 4259 tuum
1293 4207 1345 4260 in
1374 4208 1603 4263 universa
1633 4220 1766 4265 terra
1789 4213 1811 4266 .'
1833 4210 1932 4268 Ubi
1957 4221 2099 4271 nunc

510 4301 639 4345 sunt
663 4291 855 4358 Judaei,
873 4295 962 4364 qui
980 4303 1103 4348 sunt
1131 4295 1469 4366 impudentes
1491 4299 1747 4356 adversus
1777 4304 2053 4360 veritatem
2075 4306 2098 4360 ?

513 4380 785 4437 Lubenter
813 4382 958 4438 enim
999 4397 1094 4438 eos
1136 4384 1522 4456 interrogarem
1571 4388 1639 4445 de
1693 4407 1928 4460 quonam
1981 4394 2095 4451 hare

512 4471 786 4527 dicuntur.
827 4473 902 4528 De
932 4474 1334 4543 anipotetite,
1367 4476 1625 4548 inquient.
1673 4478 1779 4536 Sed
1829 4499 1933 4539 non
1981 4497 2098 4542 erat

513 4579 710 4619 nomen
758 4565 877 4634 ejus
919 4565 1232 4624 admirabile
1278 4569 1331 4624 in
1383 4572 1628 4628 universa
1658 4585 1818 4630 terra.
1851 4575 2098 4634 Testatur

511 4655 672 4712 isaias
710 4655 928 4712 dicens:
967 4656 1186 4728 PrOpter
1214 4677 1300 4715 vos
1324 4661 1703 4734 blasphematur
1731 4683 1910 4723 nomen
1931 4686 2096 4725 meum

511 4749 644 4803 inter
667 4756 836 4819 gentes
864 4747 1014 4821 (Isai.
1047 4750 1135 4806 52.
1165 4752 1245 4821 5).
1271 4751 1327 4808 Si
1353 4762 1532 4810 autem
1562 4756 1652 4826 qui
1682 4771 1804 4812 eum
1847 4760 2098 4817 colebant

510 4840 562 4894 in
585 4854 744 4895 causa
767 4851 922 4896 erant
948 4852 1005 4895 ut
1031 4842 1143 4912 ipse
1171 4841 1651 4912 blasphemaretur,
1672 4849 1762 4903 ubi
1783 4857 1899 4905 erat
1922 4851 2094 4906 admi-

508 4930 874 5001 rabileYQuod
903 4934 1045 4990 enim
1077 4944 1262 4991 natura
1289 4937 1360 4992 sit
1385 4938 1719 5006 admirabile,
1746 4943 1949 5002 clarum
1975 4957 2090 5004 est:

509 5019 650 5088 apud
675 5021 921 5080 homines
947 5034 1125 5082 autem
1147 5041 1254 5082 non
1282 5037 1398 5083 erat
1427 5037 1553 5085 tunc
1579 5031 1818 5102 pluribus
1853 5036 2092 5094 admira-

506 5112 649 5177 bile,
682 5113 776 5168 sed
817 5124 874 5171 ct
899 5115 1006 5171 vile
1043 5126 1099 5172 et
1131 5116 1462 5188 despectum.
1503 5122 1609 5179 Sed
1645 5140 1750 5181 non
1790 5129 1868 5184 sic
1909 5146 2089 5187 nunc:

501 5202 626 5273 quia
649 5203 860 5273 quando
889 5207 1116 5261 accessit
1138 5207 1442 5278 unigenitus
1466 5211 1651 5278 Filius,
1677 5215 1870 5288 ubique
1897 5235 2090 5277 nomen

506 5298 624 5365 ejus
653 5307 734 5353 est
761 5299 1076 5357 admirabile
1101 5314 1221 5358 cum
1248 5302 1484 5360 Christo.
1508 5306 1581 5360 Ab
1603 5318 1717 5362 ortu
1738 5311 1879 5376 satis,
1901 5313 2087 5385 inquit,

504 5406 662 5453 usque
679 5391 750 5445 ad
766 5407 1003 5446 occasum
1031 5394 1368 5465 glorificatum
1386 5406 1459 5452 est
1479 5415 1661 5454 nomen
1683 5417 1850 5456 meum
1886 5405 1937 5458 in
1962 5423 2088 5478 gen-

504 5482 637 5536 tibus
667 5482 821 5552 (Mal.
853 5484 905 5540 1.
933 5485 1044 5555 11).
1080 5485 1147 5542 Ει
1169 5501 1355 5544 rursus
1385 5505 1397 5541 :
1427 5487 1494 5543 In
1541 5493 1682 5546 omni
1723 5493 1834 5549 loco
1879 5495 2090 5564 offertur

500 5573 758 5629 incensum
783 5577 974 5631 nomini
998 5595 1126 5645 mea,
1156 5589 1202 5634 et
1228 5581 1534 5650 sacriﬁcium
1565 5587 1827 5643 mundum.
1867 5589 1970 5646 Vos
1998 5609 2091 5646 au-

503 5672 602 5718 tem
649 5664 819 5733 ipsum
851 5670 1136 5740 profanatis
1162 5669 1321 5741 (Ibid.
1348 5689 1398 5726 υ.
1430 5671 1540 5744 12).
1573 5674 1833 5734 Etalius:
1866 5679 2089 5753 lmpleta

500 5762 572 5808 t’st
603 5755 832 5814 uniuersa
876 5761 1326 5832 terracognitione
1365 5761 1575 5818 Domini
1603 5764 1756 5840 (Isai.
1791 5771 1874 5828 11.
1906 5772 1982 5847 9).
2021 5776 2085 5836 Et

1257 360 1312 416 S.
1355 359 1630 416 JOANNIS
1666 355 2139 414 CIIRYSOSTOMI
2181 357 2494 416 ARCIIIEP.
2535 360 3079 419 CONSTANTINOP.

2228 486 2410 528 rursus
2444 491 2455 525 :
2501 471 2713 528 Venient
2731 474 2953 530 dicentes
2971 518 2985 546 ,
3006 474 3188 532 Patres
3211 480 3372 534 nostri
3389 481 3524 552 falsa
3547 483 3688 536 idola
3706 500 3822 551 pos-

2220 563 2456 618 sederunt
2481 567 2496 597 ³
2533 565 2666 637 (Jer.
2693 566 2776 622 16.
2807 565 2919 639 19).

2290 654 2343 708 2.
2373 655 2532 714 Vides
2570 658 2685 713 hac
2714 662 2891 714 omnia
2940 661 3083 717 dicta
3120 677 3241 719 esse
3284 653 3354 720 de
3395 663 3819 723 FilioiFactum

2218 755 2302 803 est
2351 749 2494 804 enim
2537 749 2654 820 ejus
2683 766 2878 808 nomen
2907 753 3222 810 admirabile
3265 757 3318 810 in
3362 758 3607 813 universa
3654 768 3817 814 terra.

2222 838 2477 904 Quoniam
2527 841 2719 895 elevata
2763 852 2836 897 est
2895 846 3276 914 magnificentia
3315 859 3404 902 tua
3444 862 3601 918 super
3639 851 3820 903 ctelos.

2217 932 2388 1000 Alius,
2428 934 2530 998 Qui
2574 936 2788 1004 posuisti
2827 937 3030 991 laudent
3082 948 3221 993 tuam
3273 957 3428 1010 super
3477 941 3648 1024 calas.
3680 941 3821 1009 Quia

2217 1027 2359 1081 enim
2410 1036 2568 1082 terra:
2610 1029 2877 1097 meminit,
2909 1030 3162 1087 transfert
3213 1033 3374 1089 etiam
3416 1036 3719 1091 orationem
3763 1038 3821 1091 in

2217 1117 2448 1182 cmlum;
2480 1117 2622 1189 quod
2675 1135 2896 1190 semper
2939 1123 3223 1179 consuevit
3256 1123 3465 1189 facere,
3519 1127 3822 1182 ostendens

2215 1211 2526 1267 universum
2547 1213 2734 1268 orbem
2762 1223 3026 1270 terrarum
3056 1216 3275 1272 laudare
3307 1217 3592 1273 Dominum
3630 1234 3817 1274 suum.

2217 1299 2328 1356 lloc.
2371 1302 2530 1357 etiam
2571 1301 2659 1358 hic
2707 1304 3001 1361 ostendens
3049 1305 3221 1361 dicit:
3253 1306 3585 1364 Admirabile
3635 1309 3774 1364 infra
3802 1351 3818 1375 ,

2214 1392 2533 1449 admirabile
2594 1410 2779 1465 supra.
2831 1394 2947 1451 Non
2991 1398 3164 1453 solum
3211 1399 3356 1454 enim
3409 1399 3686 1465 homines,
3719 1401 3819 1457 sed

2211 1485 2373 1539 etiam
2419 1485 2596 1556 angeli
2631 1486 2849 1542 laudant
2876 1502 2940 1542 ea
2969 1503 3090 1559 qua:
3117 1489 3253 1545 facta
3284 1499 3443 1555 sunt,
3473 1500 3528 1546 et
3570 1507 3671 1561 pro
3695 1495 3820 1562 ejus

2214 1575 2268 1630 in
2295 1576 2542 1632 homines
2562 1576 2839 1633 beneﬁciis
2859 1588 3026 1650 agunt
3047 1580 3286 1651 gratias;
3319 1582 3461 1651 quod
3487 1584 3650 1638 etiam
3681 1583 3819 1639 fece-

2213 1675 2337 1721 runt
2359 1667 2409 1721 in
2433 1668 2720 1738 principio,
2754 1685 2878 1724 cum
2908 1670 2963 1724 in
2991 1671 3150 1726 terris
3175 1671 3374 1728 choros
3401 1673 3694 1728 duxerunt.
3715 1676 3817 1730 Vel

2211 1757 2316 1813 hoc
2340 1773 2468 1829 ergo
2505 1759 2657 1826 dicit,
2687 1762 2848 1816 etiam
2897 1762 3122 1832 angelos
3167 1777 3398 1832 canere,
3426 1765 3511 1820 vel
3551 1767 3667 1821 vult
3695 1767 3816 1836 ejus

2210 1849 2494 1904 ostendere
2548 1851 2992 1922 magnitudinem.
3048 1852 3279 1920 Quando
3335 1856 3480 1911 enim
3533 1856 3813 1926 Scriptura

2210 1940 2322 1994 vult
2345 1941 2547 2011 aliquid
2583 1956 2838 2013 magnum
2868 1942 3086 2008 dicere,
3120 1943 3431 2000 distantiam
3468 1947 3660 2007 hornm
3693 1949 3809 2003 ele-

2209 2040 2512 2088 mentorum
2556 2032 2774 2089 adducit
2803 2033 2857 2089 in
2888 2034 3122 2090 medium
3143 2073 3159 2098 ,
3188 2045 3245 2090 ut
3273 2037 3486 2106 quando
3515 2038 3682 2093 dicit:
3706 2037 3811 2092 Se-

2209 2125 2432 2179 cundum
2460 2125 2782 2181 altitudinem
2805 2127 2917 2182 cali
2947 2145 2978 2180 a
3000 2138 3156 2182 terra.
3179 2127 3248 2184 Et
3275 2144 3462 2186 rursus
3490 2147 3507 2183 :
3544 2130 3809 2198 Quantum

2209 2216 2361 2270 distat
2404 2227 2545 2272 ortus
2583 2219 2646 2272 ab
2677 2235 2895 2284 occasu,
2925 2220 3074 2291 longe
3095 2221 3212 2290 fecit
3248 2238 3282 2275 a
3326 2224 3471 2278 nobis
3511 2225 3807 2295 iniquitates

2209 2308 2747 2380 nostras(Psal.102.
2783 2311 2870 2366 11.
2907 2311 3018 2381 12).
3051 2312 3150 2368 Hic
3174 2327 3304 2384 ergo
3327 2313 3625 2370 admiratur
3642 2330 3806 2387 quam

2208 2413 2398 2468 magna
2443 2401 2551 2454 sint
2579 2408 2634 2455 et
2660 2416 2819 2470 quam
2849 2401 3068 2472 grandia
3097 2419 3220 2475 quas
3247 2405 3382 2461 facta
3421 2415 3548 2461 sunt
3574 2409 3753 2462 omnia
3787 2424 3802 2460 :

2208 2503 2330 2543 nam
2375 2492 2613 2546 omnium
2653 2492 2890 2548 intimam
2931 2494 3286 2551 substantiam
3337 2496 3518 2553 eﬂ'ecit
3550 2499 3808 2556 omnibus

2207 2582 2561 2649 superiorem.
2591 2585 2644 2639 ‘5.
2675 2583 2758 2638 Ea:
2787 2586 3167 2658 oreinfanlium
3206 2597 3256 2642 et
3294 2588 3590 2644 lactentium
3629 2596 3804 2663 perfe-

2206 2673 2318 2725 cisti
2346 2673 2571 2728 laudem.
2596 2675 2746 2730 Alius
2769 2715 2784 2741 ,
2817 2675 2900 2730 Ea:
2923 2691 3010 2730 ore
3032 2677 3310 2748 infantium
3331 2679 3560 2749 fundasti
3587 2682 3802 2752 fortitu-

2206 2765 2395 2820 dinem.
2421 2766 2569 2821 Alius
2595 2766 2694 2839 (a),
2716 2767 3032 2825 Constituiin
3057 2768 3230 2824 robur.
3257 2769 3410 2838 Quod
3430 2780 3612 2828 autem
3640 2771 3794 2840 dicit,

2203 2863 2288 2909 est
2335 2855 2600 2926 ejusmodi
2646 2873 2661 2911 :
2715 2857 3015 2914 Potentiam
3069 2870 3215 2916 tuam
3277 2875 3345 2917 ex
3395 2860 3515 2940 hoc
3567 2864 3802 2919 maxime

2205 2945 2523 3012 ostendisti,
2551 2947 2694 3018 quod
2725 2950 2868 3005 vires
2897 2950 3141 3007 imbelles
3182 2952 3450 3021 moveris,
3475 2959 3530 3008 et
3564 2954 3799 3025 linguam

2207 3027 2589 3099 balbutientem
2617 3039 2682 3093 ad
2709 3039 2932 3109 gloriam
2963 3041 3312 3109 reddendam,
3331 3043 3530 3098 claram
3557 3053 3613 3100 et
3637 3052 3816 3114 cxpe-'

2205 3128 2370 3185 ditam
2406 3131 2598 3187 feceris
2625 3134 2645 3163 ¹
2665 3131 2878 3203 (Matth.
2901 3132 2993 3187 21.
3026 3134 3141 3206 15).
3169 3134 3297 3203 Qum
3324 3137 3465 3190 enim
3495 3134 3636 3192 facta
3666 3146 3746 3192 est
3768 3151 3802 3193 ι

2207 3223 2386 3291 pueris
2408 3224 2461 3277 in
2493 3224 2691 3295 templo
2719 3224 3042 3296 hymnorum
3069 3226 3501 3284 decantationem
3530 3228 3616 3285 bic
3657 3245 3798 3299 prte-

2205 3309 2356 3368 dicit.
2390 3314 2456 3368 Et
2479 3330 2639 3385 quam
2676 3315 2745 3370 ob
2773 3331 3012 3383 causam,
3053 3317 3174 3374 aliis
3204 3302 3580 3390 praetermissis
3629 3321 3795 3376 mira-

2204 3406 2358 3470 culis,
2389 3413 2721 3461 mortuorum
2751 3409 3178 3474 resurrectione,
3207 3408 3542 3480 leprosorum
3573 3410 3800 3466 munda-

2205 3499 2370 3562 tione,
2397 3496 2703 3552 daemonum
2731 3500 3069 3569 expulsione,
3101 3515 3245 3557 nunc
3291 3516 3582 3571 puerorum
3631 3504 3797 3558 mira.

2202 3589 2311 3645 culi
2339 3591 2625 3645 meminit?
2653 3591 2915 3658 Quoniam
2949 3595 3033 3648 illa
3064 3595 3280 3665 quidem
3311 3597 3470 3650 etiam
3498 3607 3624 3652 ante
3659 3597 3796 3653 facta

2202 3691 2348 3745 sunt,
2379 3689 2434 3735 et
2457 3683 2500 3735 si
2528 3697 2633 3736 non
2659 3683 2758 3749 sic,
2783 3691 2958 3739 tamen
2986 3683 3122 3740 facta
3154 3694 3314 3752 sunt,
3345 3694 3400 3741 et
3426 3677 3625 3757 aliquid
3659 3689 3799 3744 inter

2203 3787 2262 3827 se
2288 3787 2570 3829 commune
2601 3774 2923 3842 habuerunt,
2951 3775 3078 3831 licet
3102 3790 3209 3832 non
3236 3777 3477 3832 modum.
3495 3777 3798 3837 Suscitatus

2203 3876 2286 3921 est
2312 3868 2455 3922 enim
2493 3876 2737 3924 mortuus
2767 3868 2868 3924 sub
2897 3869 3091 3925 Elisazo
3123 3869 3201 3939 (4.
3232 3869 3360 3942 Reg.
3395 3871 3450 3928 4.
3482 3872 3595 3942 35).
3629 3882 3684 3929 et
3718 3873 3798 3928 le-

2205 3972 2395 4027 prosus
2411 3960 2694 4014 mundatus
2714 3959 2764 4028 (l
2773 3959 2877 4016 bid.
2910 3962 2965 4017 5.
2992 3977 3041 4015 υ.
3068 3961 3182 4033 lt),
3203 3970 3258 4017 et
3277 3963 3487 4018 daemon
3511 3979 3606 4034 per
3629 3965 3795 4021 David

2200 4049 2455 4119 expulsus
2500 4060 2604 4117 est,
2636 4049 2852 4120 quando
2903 4050 3028 4107 Saﬁl
3081 4051 3429 4108 invadebatur
3483 4069 3513 4108 a
3548 4053 3796 4112 daemone

2201 4140 2279 4208 (l.
2308 4139 2433 4212 Reg.
2463 4140 2551 4196 16.
2579 4142 2675 4211 9.3)
2710 4161 2724 4196 :
2752 4143 2950 4199 chorus
2973 4151 3151 4198 autem
3180 4143 3460 4199 infantium
3485 4146 3796 4204 lactentium

2201 4245 2344 4286 nunc
2388 4231 2618 4302 primum
2657 4232 2908 4303 loquutus
2954 4242 3057 4290 est.
3103 4233 3182 4289 Ne
3203 4249 3332 4306 ergo
3365 4234 3706 4306 impudenter
3735 4252 3796 4296 se

2201 4331 2414 4392 gereret
2438 4323 2673 4390 Judmus,
2699 4324 2920 4394 dicens,
2952 4326 3069 4383 hmc
3107 4328 3249 4383 dicta
3288 4344 3410 4384 esse
3449 4328 3518 4385 de
3561 4331 3626 4386 iis
3673 4347 3794 4403 qute

2205 4413 2337 4468 facta
2363 4424 2488 4470 sunt
2512 4417 2564 4471 in
2595 4416 2977 4488 Veteri,elegit
3005 4420 3214 4488 signum
3232 4420 3376 4490 quod
3405 4431 3530 4476 tunc
3560 4423 3791 4492 primum

2201 4515 2257 4561 et
2299 4508 2469 4563 solum
2513 4506 2711 4565 factum
2754 4519 2856 4566 est.
2888 4511 2955 4566 Et
2982 4513 3178 4583 alioqui
3218 4529 3338 4583 quae
3386 4514 3604 4581 ﬁebant,
3637 4525 3793 4572 erant

2202 4607 2362 4671 typus
2387 4604 2750 4672 apostolorum
2788 4620 2953 4660 :nam
2993 4621 3115 4662 cum
3153 4607 3189 4662 ii
3217 4618 3400 4664 essent
3429 4610 3586 4666 valde
3620 4611 3793 4667 infan-

2204 4702 2303 4759 tes,
2334 4702 2388 4750 et
2430 4696 2606 4765 magis
2661 4697 2797 4752 muti
2844 4712 3001 4768 quam
3055 4699 3156 4769 ipsi
3207 4697 3418 4769 pisces,
3461 4701 3789 4759 universum

2200 4786 2386 4843 orbem
2439 4795 2702 4842 terrarum
2755 4789 3083 4844 irretierunt.
3139 4789 3292 4856 Quod
3337 4801 3516 4848 autem
3565 4793 3680 4849 hoc.
3721 4796 3790 4851 sit

2199 4879 2431 4933 maxime
2480 4877 2578 4934 Dei
2613 4878 2782 4935 virtus
2819 4889 2873 4936 et
2901 4882 3142 4952 potentia
3165 4923 3182 4950 ,
3213 4882 3336 4938 vide
3359 4884 3521 4939 etiam
3556 4885 3787 4955 prophe-

2203 4980 2309 5029 tam
2337 4975 2438 5030 hoc
2460 4973 2528 5030 de
2554 4972 2716 5031 Patre
2741 4974 3033 5033 dicentem.
3055 4976 3191 5034 Cum
3215 4977 3791 5055 Moseeuim‘loquons

2215 5204 2217 5207 ·
2265 5193 2542 5263 {llic-locus
2579 5195 2675 5246 alio
2709 5195 2850 5263 modo
2886 5197 3018 5262 jacet
3057 5200 3184 5263 apud
3207 5201 3486 5262 Jeremlam,
3522 5200 3792 5254 Variana.

2198 5256 2428 5328 extremis
2451 5263 2615 5328 terr-ig.
2636 5264 2682 5328 et
2703 5256 3005 5328 dicenlfetc.
3031 5256 3122 5311 sed
3142 5256 3508 5327 chrysostomus
3529 5278 3664 5328 sa-pe
3689 5263 3790 5317 lam

2197 5328 2293 5384 non
2318 5318 2510 5384 integra
2531 5318 2692 5384 affert,
2710 5325 2766 5370 ut
2784 5323 2885 5384 jam
2910 5321 3132 5384 vidimus.

2261 5379 2282 5409 ³
2317 5379 2443 5428 Unus
2466 5393 2478 5428 :
2501 5380 2761 5430 Potentiam
2779 5379 2912 5431 t'utrm
2932 5387 2978 5433 et
3001 5382 3094 5433 vim
3113 5383 3464 5438 ineluch
3484 5387 3536 5437 in
3550 5400 3608 5438 eo
3628 5389 3786 5440 inexi-

2195 5449 2272 5514 me
2581 5442 2709 5514 quod
2730 5442 3044 5514 tenerrimam
3075 5451 3267 5498 tetatein
3299 5449 3367 5499 ad
3409 5449 3479 5500 sic
3514 5447 3790 5513 gloriﬁcan-

2197 5498 2313 5552 dum
2337 5498 2614 5566 expeditam
2637 5505 2830 5565 feceris.

2259 5604 2334 5668 (a)
2351 5613 2400 5655 tn
2421 5606 2641 5669 margine
2661 5607 2844 5669 codicis
2865 5611 3110 5661 Rarberini
3134 5610 3363 5662 scribitur
3380 5618 3450 5666 c..
3472 5626 3573 5669 quo
3592 5617 3789 5666 notatur

2199 5678 2312 5746 esse
2335 5668 3039 5746 Sg‘rmn‘aichujmgjsimiliterque
3073 5669 3124 5721 in
3143 5675 3387 5746 “margine
3630 5677 3789 5746 cuan

2195 5727 2306 5776 dam
2328 5727 2548 5799 a'savilio
2571 5729 2629 5778 ad
2650 5729 2916 5799 sditionem
2939 5727 3077 5799 suam
3098 5727 3299 5799 adhibiti
3321 5742 3371 5783 Γ..
3394 5737 3626 5799 scriptum
3650 5727 3792 5787 erat:

2198 5802 2292 5854 qua
2317 5791 2380 5842 de
2403 5805 2458 5844 rc
2485 5791 2609 5842 bime
2631 5797 2794 5842 notam
2830 5793 2914 5845 ille
2936 5794 3072 5846 dedit
3101 5809 3113 5844 :
3145 5814 3169 5846 ι
3200 5797 3264 5846 Ad
3295 5810 3448 5861 marg.
3488 5791 3566 5850 est
3585 5807 3638 5858 c,
3663 5807 3792 5862 Synt-
