4068 6454
272 351 373 407 109

269 463 348 515 sit
379 478 391 512 :
423 449 554 527 Quis
582 457 700 528 (scit
732 465 933 509 mutum
961 461 1015 509 et
1036 450 1250 508 surdum
1272 491 1287 512 .
1314 447 1566 503 videntem
1603 454 1648 498 et
1679 454 1870 529 caecum

263 547 469 618 (Ea-od.
495 549 550 603 4.
581 546 716 617 il)?
745 544 815 601 Et
841 558 1029 599 rursus
1058 561 1073 599 :
1105 541 1211 610 Qui
1235 540 1324 594 dat
1363 539 1570 609 linguas
1609 530 1873 602 expeditas

266 642 332 696 iis
353 680 372 708 ,
394 640 485 710 qui
512 648 630 694 sunt
650 635 988 707 impeditioris
1024 634 1216 704 lingua
1235 629 1388 699 (Isai.
1416 630 1505 685 55.
1539 626 1619 698 6).
1650 625 1718 680 ΕΙ.
1747 637 1871 677 rur-

266 745 362 787 sus
394 748 409 786 :
439 728 691 785 Dominus
719 728 809 781 dat
839 727 965 780 milii
1003 727 1234 795 linguam
1275 721 1564 792 disciplina!
1584 759 1598 784 ,
1634 725 1686 770 ut
1715 713 1874 769 sciant

265 822 472 893 quando
527 828 725 892 oportet
777 818 917 888 loqui
966 831 1245 873 sermonem
1304 811 1416 886 (ld.
1462 809 1553 867 50.
1597 807 1678 877 Δ).
1738 805 1875 860 Dicit

265 914 432 969 etiam
479 911 532 965 in
578 909 841 980 principio
876 926 890 963 :
929 906 1136 973 Venite,
1167 904 1554 967 desecudamus,
1582 909 1631 955 et
1658 900 1878 968 confun-

269 1004 458 1057 damus
487 1001 723 1071 ipsarum
765 1001 966 1072 linguas
996 998 1153 1069 (Gen.
1186 998 1278 1054 il.
1310 998 1388 1068 7).
1417 995 1604 1065 Magna
1632 1007 1762 1062 ergo
1791 999 1878 1044 est

268 1105 324 1151 et
344 1094 520 1150 valida
548 1093 961 1150 demonstratio.
992 1091 1056 1147 Ιη-
1079 1091 1200 1146 aliis
1227 1088 1395 1154 enim,
1421 1087 1523 1141 etsi
1552 1093 1752 1155 praeter
1789 1096 1878 1136 ra-

271 1181 496 1244 tionem,
524 1178 703 1247 aliqua
733 1187 910 1232 tamen
949 1182 1199 1246 suspecta
1227 1171 1499 1250 habebant
1537 1166 1878 1240 impudentes

271 1269 350 1324 illi
377 1287 391 1324 :
424 1269 512 1324 hic
541 1278 721 1329 autem
753 1265 885 1322 nihil
917 1272 1212 1337 potuerunt
1234 1262 1438 1328 dicere,
1466 1275 1589 1316 cum
1636 1259 1750 1328 ipsa
1776 1271 1879 1327 per

271 1376 332 1416 se
361 1371 555 1416 natura
582 1357 726 1414 nuda
755 1357 1127 1413 contenderet.
1150 1346 1219 1410 Et
1252 1352 1376 1409 ideo
1418 1354 1526 1408 non
1567 1349 1707 1406 dixit
1747 1348 1880 1403 sim-

271 1453 505 1523 pliciter,
533 1449 854 1521 lnfantium,
895 1465 966 1505 ne
1015 1449 1141 1520 quis
1184 1447 1505 1504 innocentes
1564 1451 1620 1499 et
1667 1441 1879 1511 simpli-

271 1545 450 1599 ciores
474 1556 598 1599 eum
626 1540 812 1597 dicere
835 1548 1048 1611 putaret
1072 1556 1088 1606 ;
1119 1538 1217 1596 sed
1243 1537 1521 1608 subiunxit
1545 1578 1562 1603 ,
1595 1535 1662 1590 Et
1686 1534 1880 1589 lacteu-

275 1635 435 1700 tism,
467 1643 680 1689 mtatem
711 1633 818 1688 cibi
845 1630 1152 1702 adiectione
1192 1630 1528 1700 exprimens.
1563 1626 1684 1682 Neu
1733 1625 1879 1682 enim

272 1724 413 1780 dixit
453 1723 834 1791 solummodo,
866 1719 1187 1793 Infantiam,
1228 1719 1325 1776 sed
1357 1719 1522 1775 etiam
1569 1717 1734 1773 ubera
1783 1730 1879 1771 su-

272 1817 545 1888 gentium,
585 1816 676 1887 qui
722 1814 960 1870 nondum
988 1813 1150 1871 solidi
1178 1813 1284 1869 cibi
1310 1813 1530 1870 luerunt
1565 1809 1878 1883 participes.

273 1909 394 1966 Non
441 1917 527 1965 est
567 1923 699 1978 ergo
743 1908 848 1964 hoc
893 1907 1070 1962 solum
1115 1905 1457 1972 admirabile,
1487 1903 1631 1975 quod
1667 1917 1879 1969 vocem,

274 2017 507 2073 cumque
535 2000 734 2057 claram
777 2009 834 2056 et
879 2014 1192 2072 expressam
1241 1998 1546 2065 emiserint,
1572 1997 1670 2053 sed
1717 1997 1882 2053 etiam

275 2092 422 2165 quod
449 2093 662 2162 plenam
689 2092 846 2148 bonis
877 2091 1380 2148 innumerabilibus.
1411 2091 1547 2160 Qua:
1571 2090 1716 2146 enim
1752 2103 1884 2160 apo-

280 2183 407 2238 stoli
433 2180 670 2237 nondum
693 2193 977 2248 noverant,
1009 2195 1072 2237 ea
1100 2181 1252 2253 pueri
1284 2181 1501 2254 hymnis
1516 2179 1881 2236 celebrabant.

279 2272 367 2329 lix
395 2271 501 2326 hoc
529 2271 694 2326 etiam
737 2270 938 2342 aliquid
967 2270 1117 2326 aliud
1142 2270 1447 2342 signiﬁcat,
1489 2285 1684 2341 nempe
1725 2284 1889 2342 Opur-

281 2371 399 2417 tcre
427 2375 558 2426 eos,
589 2361 680 2432 qui
731 2361 799 2415 ad
845 2360 1099 2431 dogmata
1139 2361 1438 2427 accedunt,
1469 2362 1649 2417 animo
1689 2374 1888 2432 pueros

280 2449 449 2508 emei.
480 2449 538 2506 Si
563 2452 687 2521 quis
712 2451 857 2507 enim
879 2466 986 2506 non
1015 2450 1315 2524 susceperit
1357 2466 1584 2523 regnum
1631 2451 1887 2506 ca:lorum

280 2551 342 2597 ut
367 2541 808 2611 puellus,inquit,
825 2557 935 2597 non
956 2553 1132 2613 potest
1156 2544 1209 2597 in
1240 2543 1416 2613 ipsum
1446 2541 1885 2614 ingredi(llatth.

283 2633 374 2688 18.
403 2631 485 2702 3).
512 2629 735 2703 Propter
754 2632 985 2686 inimicos
1011 2641 1144 2687 tuos.
1177 2632 1314 2687 Dicit
1343 2634 1506 2688 etiam
1535 2647 1751 2688 causam
1792 2650 1892 2690 cur

284 2723 392 2778 hoc
430 2721 749 2777 miraculum
805 2721 1008 2778 factum
1055 2723 1147 2778 sit.
1177 2723 1294 2779 Alia
1334 2723 1478 2780 enim
1530 2739 1637 2779 non
1668 2735 1894 2796 propter

286 2813 540 2868 inimicos
585 2811 727 2868 facta
772 2820 932 2879 sunt,
965 2811 1063 2868 sed
1108 2823 1164 2870 ut
1203 2815 1525 2871 accedentes
1565 2815 1891 2872 beneﬁcium

285 2904 620 2975 acciperent.
652 2915 702 2960 et
734 2904 825 2960 alii
853 2904 1213 2963 docerentur:
1236 2907 1339 2963 hoc
1363 2918 1544 2964 autem
1582 2924 1686 2964 non
1715 2910 1892 2966 solum

287 3005 574 3067 prepterea
597 2995 793 3053 factum
820 3005 934 3066 est,
960 2998 1055 3054 sed
1084 3009 1141 3055 ut
1170 2999 1554 3056 obturarentur
1583 3017 1675 3056 ora
1704 3001 1892 3057 inimi-

285 3103 476 3145 corum
496 3106 510 3143 :
528 3103 665 3160 quos
687 3090 848 3145 etiam
871 3091 1012 3146 alius
1029 3091 1228 3147 clarius
1243 3093 1569 3163 signiﬁcans,
1589 3093 1738 3158 dicit,
1760 3092 1897 3149 Pro-

287 3190 400 3253 pter
426 3181 683 3253 illigantes
723 3192 790 3237 te.
821 3182 863 3238 li
891 3183 1036 3238 enim
1083 3199 1206 3240 eum
1245 3184 1535 3257 alligarunt
1563 3185 1782 3242 ductum
1824 3186 1893 3242 ad

287 3285 528 3330 crucem.
562 3273 632 3330 Ut
678 3275 912 3331 destruas
949 3262 1298 3332 inimicum‘el
1339 3280 1576 3334 ultorem.
1603 3281 1755 3335 Alius
1778 3322 1793 3346 ,
1825 3279 1894 3337 Ut

287 3383 579 3438 sonipescas
615 3367 909 3433 inimicum,
934 3378 984 3423 et
1009 3369 1099 3439 qui
1132 3370 1356 3440 seipsum
1398 3372 1684 3441 ulciscitur,
1727 3387 1897 3443 popu-

290 3460 402 3515 lum
430 3459 517 3513 liic
546 3459 1051 3516 dicensJudaicum.
1079 3460 1354 3516 Christum
1381 3464 1525 3517 enim
1553 3464 1898 3535 expellebant

291 3560 352 3604 ut
379 3550 674 3615 inimicum,
702 3565 813 3620 prae
843 3567 902 3606 se
925 3549 1176 3608 ferebant
1201 3564 1381 3608 autem
1412 3553 1516 3609 hoc
1547 3554 1726 3611 facere
1753 3564 1893 3610 tam-

289 3655 452 3712 quam
479 3639 691 3696 Patrem
721 3642 1062 3699 ulciscentes.
1093 3644 1157 3699 Et
1188 3644 1313 3700 ideo
1344 3648 1482 3702 hanc
1523 3647 1628 3702 illis
1670 3663 1897 3704 excusa-

293 3733 493 3788 tionem
517 3731 790 3798 aufereus.
813 3734 1028 3792 dicebat
1052 3755 1066 3792 :
1100 3737 1200 3805 Qui
1216 3756 1293 3794 me
1309 3739 1438 3806 odit,
1466 3741 1574 3795 odit
1607 3751 1653 3796 et
1685 3739 1896 3797 Patrem

289 3839 459 3878 meum
477 3823 656 3892 (Joan.
689 3826 777 3880 l5.
806 3826 901 3897 23)
928 3843 942 3893 ;
973 3836 1028 3882 et
1068 3843 1259 3885 rursus
1289 3847 1304 3885 :
1334 3829 1437 3897 Qui
1481 3832 1639 3886 credit
1685 3834 1739 3887 in
1780 3849 1892 3901 me,

291 3913 453 3968 credit
486 3915 540 3967 in
569 3931 682 3968 eum
707 3915 793 3986 qui
823 3933 901 3970 me
934 3917 1068 3972 misit
1099 3918 1119 3990 (
1147 3917 1239 3974 Id.
1275 3919 1362 3974 l2.
1398 3921 1509 3994 44)
1535 3940 1548 3976 :
1574 3922 1767 3978 honori
1797 3938 1896 3979 suo

290 4014 348 4058 et
374 4004 582 4072 injuriae
629 4019 847 4076 semper
899 4006 1116 4064 Patrem
1157 4011 1510 4082 conjungens.
1550 4014 1685 4070 Vide
1733 4031 1896 4086 quam

290 4105 540 4150 accurate
569 4096 821 4166 loquutus
847 4097 916 4152 sit
944 4101 1229 4170 propheta.
1263 4102 1378 4158 Non
1405 4105 1557 4167 dixit,
1587 4104 1654 4161 Ut
1681 4109 1895 4177 punias,

285 4183 389 4239 sed
423 4183 490 4239 Ut
514 4185 943 4258 destruas:quod
979 4190 1118 4246 alius
1145 4193 1344 4249 clarius
1373 4196 1652 4266 signiﬁcat,
1687 4199 1894 4268 dicens,

293 4275 363 4330 lit
392 4293 588 4332 cessare
617 4279 803 4351 facias,
832 4281 935 4336 hoc
966 4293 1084 4350 est,
1104 4293 1163 4338 ut
1203 4300 1392 4340 eorum
1433 4288 1500 4343 de
1529 4289 1706 4344 medio
1738 4290 1897 4347 tollas

298 4368 701 4438 impudentiam,
725 4389 830 4426 non
862 4383 918 4427 ut
939 4374 1136 4430 doceas
1159 4393 1173 4430 :
1199 4376 1509 4432 laborabant
1535 4382 1678 4434 enim
1708 4383 1898 4437 morbo

293 4459 751 4517 incurabili.Cum
783 4478 912 4534 ergo
945 4466 1048 4521 tale
1077 4467 1321 4522 viderent
1350 4471 1668 4526 miraculum
1692 4514 1706 4534 ,
1732 4484 1788 4528 et
1818 4477 1900 4528 ni-

259 4558 268 4561 ”
295 4550 370 4604 hil
401 4564 620 4620 possent
647 4562 835 4609 cmitra
865 4555 1046 4626 dicere
1067 4600 1082 4623 ,
1127 4559 1179 4612 in
1211 4559 1385 4628 ipsum
1417 4566 1892 4632 convcrtehantur,

292 4640 534 4696 dicentes
562 4659 576 4696 :
607 4641 730 4697 Non
769 4645 920 4699 audis
948 4649 1074 4718 quid
1099 4650 1152 4702 lii
1178 4651 1351 4704 dicunt
1383 4652 1599 4721 (Matth.
1630 4655 1722 4709 21.
1759 4658 1897 4727 Ui)?

293 4731 364 4787 Et
387 4747 508 4786 cum
532 4745 803 4803 oporteret
830 4737 1084 4808 deinceps
1111 4741 1340 4797 adorare
1366 4753 1419 4797 et
1449 4743 1727 4812 admirari,
1744 4757 1898 4803 erant

293 4823 451 4878 valde
478 4827 718 4894 perplexi
741 4837 794 4882 et
829 4828 1017 4891 incerti
1048 4832 1174 4902 quid
1204 4845 1456 4902 agerent,
1487 4847 1542 4890 et
1570 4852 1693 4891 cum
1729 4837 1890 4894 delic-

291 4923 415 4970 rent
439 4915 581 4972 inter
617 4931 678 4973 se
716 4919 917 4983 dicere,
939 4921 1052 4976 Non
1111 4926 1263 4980 audis
1315 4927 1443 4996 quid
1485 4929 1536 4982 hi
1587 4929 1896 4988 dieunt?id

291 5007 487 5078 seipsis
526 5008 766 5064 dimissis
802 5009 1017 5066 Christo
1043 5016 1309 5070 ιΙὶειιικιιιι.
1343 5019 1409 5072 Et
1440 5035 1536 5073 cur
1565 5038 1671 5075 non
1699 5025 1894 5077 emissa

293 5111 376 5156 est
399 5117 499 5154 vox
526 5103 882 5172 angelorum?
905 5106 1056 5172 Quod
1099 5109 1226 5162 illud
1248 5111 1465 5180 quidem
1502 5125 1774 5185 spectrum
1816 5118 1896 5171 eis

292 5192 557 5267 potuisset
583 5192 750 5248 videri
775 5213 788 5260 ;
812 5196 877 5250 ad
910 5197 1011 5252 hoc
1036 5212 1212 5254 autem
1241 5203 1371 5256 nihil
1402 5215 1648 5273 poterant
1676 5217 1894 5263 contra-

291 5283 493 5338 dicere.
521 5285 657 5350 Quid
703 5297 880 5342 autem
918 5289 1168 5346 dicebant
1217 5297 1405 5364 pueri?
1432 5296 1569 5351 Nihil
1606 5315 1770 5370 grave
1805 5313 1897 5358 aut

292 5375 681 5445 importunum,
713 5383 971 5450 nec-quod
995 5401 1088 5439 eos
1113 5389 1225 5454 iure
1254 5401 1432 5458 posset
1463 5395 1777 5461 percellere,
1801 5398 1894 5453 sed

291 5467 433 5534 quod
465 5468 583 5537 ejus
627 5486 747 5525 (um
777 5472 935 5530 Patre
971 5481 1382 5536 cernensimretn
1423 5489 1654 5542 innxime
1696 5491 1896 5560 signiti-

709 5700 828 5761 iIIOI‘.
857 5704 1148 5768 signiﬁcans.
1178 5712 1332 5762 Litora
1359 5717 1487 5767 enim
1523 5731 1552 5769 (ξ
1584 5720 1744 5773 literae
1766 5732 1893 5776 Grec.

1377 326 1746 393 EXPOSITIO
1785 322 1850 379 IN
1890 318 2222 378 PSALM‘UM
2259 320 2397 378 Vill.

3490 317 3594 374 "0

1985 445 2156 491 caret.
2182 433 2514 499 Benedictus,
2543 434 2827 502 dicebant,
2859 433 2950 506 qui
2988 431 3122 488 venit
3157 432 3212 486 in
3255 431 3460 486 nomine
3490 429 3598 484 Do-

1982 528 2108 582 mini
2137 527 2350 597 (Mattlt.
2378 526 2471 582 2i.
2499 525 2575 597 9).

2056 620 2110 676 3.
2149 618 2329 674 Judwi-
2370 634 2462 673 cur
2499 627 2611 690 post
2640 615 2832 674 Clu-isti
2859 623 3070 671 mortem
3105 613 3518 672 miserabiliores.
3550 641 3594 655 -

1984 713 2137 770 Tunc
2180 727 2312 784 ergo
2364 727 2554 768 eorum
2596 711 2839 768 coercuit
2893 707 3284 778 impudentiam
3314 706 3334 739 ⁸
3361 748 3377 774 ,
3407 719 3597 775 postea

1984 815 2164 858 autem
2188 804 2378 858 urbem
2405 816 2621 872 quoque
2647 816 2835 856 eorum
2863 797 3079 859 evertit.
3115 812 3217 852 nec
3235 805 3322 853 est
3342 797 3445 851 ulla
3473 809 3600 864 pars

1986 898 2151 953 totius
2171 898 2317 952 orbis
2339 906 2601 950 terrarum
2622 936 2638 961 ,
2669 909 2792 964 qua:
2826 894 2895 948 sit
2925 891 3238 947 .ludaeorum
3273 889 3601 944 calamitatis

1984 1005 2180 1060 expers
2211 1009 2224 1044 :
2260 990 2353 1045 sed
2383 987 2838 1060 quemadmodum
2869 985 2960 1058 qui
2994 998 3225 1055 corpore
3252 992 3336 1038 est
3383 983 3596 1047 mutilo,

1985 1084 2224 1152 undique
2243 1081 2631 1138 circurncursat
2648 1094 2743 1136 sua
2770 1080 2987 1134 vulnera
3007 1085 3308 1140 05teutuns,
3333 1083 3389 1131 et
3411 1088 3603 1145 quem-

1985 1174 2275 1230 admodum
2310 1172 2521 1244 judices
2559 1188 2682 1228 cum
2718 1171 2920 1226 multus
2964 1166 3262 1224 homicidas
3300 1165 3369 1220 de
3420 1163 3602 1218 medio

1986 1265 2327 1328 sustulerint.
2351 1279 2518 1319 unum
2568 1261 2734 1318 furca:
2786 1260 3035 1331 alligant,
3073 1267 3132 1312 ut.
3187 1257 3319 1327 ipsis
3372 1253 3602 1310 mortuis

1989 1369 2262 1429 tamquam
2303 1356 2564 1412 indictum
2605 1350 2930 1426 supplicium
2976 1353 3128 1407 vivos
3182 1358 3436 1407 coerceat
3459 1357 3514 1404 et
3545 1348 3602 1403 in

1987 1449 2166 1507 olllcio
2191 1449 2465 1506 contineat
2499 1466 2512 1502 :
2551 1451 2624 1504 ita
2657 1448 2745 1503 hic
2769 1448 2931 1502 etiam
2960 1460 3067 1500 non
3095 1454 3374 1510 mortuos;
3402 1442 3497 1498 sed
3529 1442 3600 1496 vi-

1986 1556 2086 1598 vos
2116 1543 2370 1597 omnibus
2397 1540 2704 1610 exemplum
2747 1537 3063 1610 proposuit,
3098 1550 3194 1592 eos
3244 1536 3602 1604 dispergens:

1988 1642 2044 1690 et
2068 1635 2158 1705 qui
2188 1648 2347 1687 unam
2378 1631 2691 1686 habitabant
2717 1630 2993 1700 regionem
3015 1670 3030 1691 ,
3054 1642 3197 1682 nunc
3226 1636 3352 1682 sunt
3377 1619 3606 1694 dispersi

1989 1741 2086 1796 per
2116 1725 2288 1780 totum
2325 1725 2511 1778 orbem
2543 1734 2828 1779 terrarum.
2871 1721 2938 1776 Et
2967 1719 3013 1775 si
3038 1733 3257 1775 causam
3305 1715 3605 1786 rogaveris,

1990 1817 2190 1872 nullam
2220 1815 2382 1870 aliam
2407 1814 2670 1878 invenies,
2702 1829 2862 1884 quam
2891 1809 3035 1883 quod
3075 1808 3350 1864 Christum
3386 1807 3608 1863 crucifi-

1992 1908 2242 1963 lixerunt.
2265 1907 2374 1962 Cur
2395 1905 2562 1972 enim,
2591 1905 2678 1960 dic
2701 1903 2852 1969 mihi,
2881 1903 2984 1958 hoc
3014 1903 3087 1958 ita
3119 1901 3319 1956 factum
3345 1915 3450 1953 non
3482 1897 3606 1954 Cat?

1990 1999 2095 2058 Sed
2125 2008 2180 2055 et
2216 1999 2261 2056 si
2292 1997 2346 2054 id
2371 1997 2661 2069 aliquando
2706 1995 2904 2052 factum
2931 2003 3037 2062 est,
3084 1996 3138 2049 in
3183 2009 3343 2049 unam
3387 2000 3605 2064 gentem

1991 2092 2208 2147 abducti
2233 2099 2387 2156 sunt,
2415 2099 2471 2146 et
2498 2089 2564 2145 ad
2598 2105 2796 2161 paucos
2841 2104 3014 2144 annos
3047 2105 3062 2142 :
3094 2103 3237 2143 nunc
3273 2097 3455 2142 autem
3502 2100 3608 2142 non

1993 2181 2095 2248 sic,
2122 2181 2219 2238 sed
2241 2180 2452 2236 inﬁnito
2471 2181 2738 2252 supplicio
2761 2180 3078 2252 puniuntur.
3106 2177 3174 2233 Et
3199 2178 3244 2233 si
3269 2192 3364 2232 eos
3386 2191 3611 2248 rogave-

1994 2275 2071 2331 ris
2098 2291 2115 2328 :
2141 2270 2250 2328 Cur
2275 2272 2551 2332 Christum
2580 2271 2963 2328 crueillxistis‘l
3004 2269 3193 2325 dicunt
3228 2267 3415 2338 :Quod
3465 2275 3612 2322 esset

1993 2364 2252 2435 deceptor
2267 2373 2323 2420 et
2344 2364 2719 2435 prmstigiator.
2738 2362 2850 2418 Vos
2863 2376 2990 2433 ergo
3007 2362 3291 2431 oportebat
3317 2367 3608 2430 propterea

1996 2456 2335 2524 honorari,et
2353 2455 2487 2511 lines
2503 2464 2712 2510 vestros
2725 2452 3195 2524 pr0pagari,ntqui
3217 2451 3327 2506 Deo
3349 2451 3614 2506 fecissetis

1995 2564 2112 2605 rem
2143 2557 2368 2619 gratam.
2399 2547 2499 2615 Qui
2532 2546 2678 2602 enim
2706 2545 3050 2615 deceptorem
3080 2552 3136 2598 et
3165 2541 3611 2613 priestigiatorem

1996 2657 2061 2697 ac
2086 2641 2182 2696 Dei
2203 2639 2572 2695 adversarium
2595 2637 2664 2693 de
2690 2636 2869 2693 medio
2884 2635 3183 2703 sustulerit,
3206 2634 3252 2690 is
3279 2632 3374 2689 Dei
3401 2631 3611 2687 hostem

1999 2733 2216 2788 sustulit
2247 2747 2261 2784 :
2293 2731 2387 2801 qui
2433 2739 2611 2785 autem
2642 2728 2852 2784 hostem
2895 2727 3129 2791 sustulit,
3169 2725 3214 2780 is
3247 2724 3372 2796 jure
3407 2722 3614 2793 Optimo

1997 2823 2266 2879 laudetur.
2306 2821 2462 2878 Nunc
2497 2830 2677 2876 autem
2718 2819 2952 2875 Phinees
2994 2817 3138 2889 quod
3166 2833 3328 2873 unam
3360 2813 3615 2872 meretri—

2000 2928 2118 2969 cem
2151 2911 2482 2968 interfecerit
2506 2909 2698 2981 (Num.
2727 2908 2823 2967 25.
2858 2909 2943 2966 l2.
2977 2910 3091 2982 15),
3117 2918 3318 2964 tantum
3338 2907 3551 2963 laudem
3581 2920 3614 2962 a

1967 3009 1970 3012 ’
2003 3005 2114 3061 Deo
2138 3013 2224 3061 est
2259 3011 2627 3074 consequutus
2651 3044 2668 3069 ,
2695 3011 2755 3058 ut
2792 3001 3098 3058 sacerdotio
3124 3010 3179 3056 et
3216 3009 3364 3055 tanto
3409 2999 3617 3054 honore

2000 3096 2193 3167 dignus
2220 3094 2382 3151 fuerit
2414 3109 2429 3148 :
2464 3110 2562 3149 vos
2590 3102 2793 3156 autem,
2821 3107 2959 3164 quos
2982 3093 3152 3146 multo
3182 3090 3373 3161 majori
3408 3089 3619 3145 honore-

2001 3188 2142 3243 allici
2173 3194 2482 3258 oporteret,
2505 3185 2553 3242 si
2579 3185 2741 3241 modo
2765 3185 3109 3255 deceptoer
3137 3184 3492 3248 occidisse-tis,
3523 3195 3616 3237 er-

2000 3293 2165 3336 rones
2188 3287 2244 3334 et
2265 3277 2816 3346 exsules,null:im:pie
2844 3287 3048 3333 certam
3074 3276 3259 3332 sedem
3281 3284 3372 3328 aut
3389 3275 3617 3344 patriam

2003 3370 2298 3434 habentes,
2333 3370 2438 3424 huc
2464 3376 2519 3424 et
2549 3368 2676 3424 illuc
2711 3367 2893 3423 obitis.
2936 3367 3051 3424 Hoc
3098 3383 3228 3439 ergo
3252 3367 3396 3421 trulla
3425 3367 3526 3419 alia
3548 3366 3618 3420 de

2003 3479 2162 3519 causa
2193 3463 2334 3532 passi
2363 3463 2516 3528 estis,
2544 3477 2705 3532 quam
2731 3461 2874 3532 quod
2905 3474 3191 3531 patronum
3218 3476 3280 3516 ac
3303 3460 3616 3515 benefacto-

2001 3571 2152 3622 rem,
2184 3564 2238 3610 et
2279 3554 2525 3609 veritatis
2565 3552 2845 3609 doctorem
2897 3552 3264 3608 crucilixistis.
3317 3551 3372 3607 Si
3428 3551 3620 3606 luisset

2002 3649 2145 3705 enim
2167 3648 2440 3715 seductor,
2478 3656 2533 3704 et
2562 3648 2657 3703 Dei
2682 3648 3059 3714 adversarius,
3092 3659 3145 3703 et
3174 3662 3295 3701 eum
3345 3645 3486 3701 Deus
3509 3658 3615 3699 non

2001 3750 2167 3805 esset,
2198 3741 2456 3798 voluisset
2483 3753 2606 3796 esse
2628 3739 2794 3806 Deus,
2835 3748 2891 3795 et
2917 3738 3093 3794 Patris
3121 3740 3381 3793 honorem
3422 3736 3489 3790 ad
3519 3751 3611 3791 se-

2004 3833 2180 3904 ipsum
2209 3833 2540 3898 attraxisset,
2559 3841 2615 3888 et
2635 3831 2840 3887 Phineo
2873 3838 2930 3885 et
2950 3830 3202 3886 Samuele
3232 3839 3286 3884 et
3310 3827 3413 3882 illis
3442 3827 3620 3881 omni-

2003 3925 2105 3980 bus
2133 3925 2372 3996 oportuit
2389 3940 2484 3980 vos
2513 3923 2684 3992 magis
2715 3921 3084 3990 honorari,qui
3109 3921 3239 3990 legis
3261 3918 3617 3974 defendenth

2006 4025 2212 4072 tantum
2251 4019 2426 4074 zelum
2450 3997 2842 4074 bstendet'etis.
2899 4014 3052 4070 Nunc
3080 4025 3258 4069 autem
3289 4014 3429 4084 quod
3462 4029 3617 4066 utnu-

2003 4125 2164 4180 quam
2188 4110 2327 4179 passi
2357 4109 2509 4176 estis,
2537 4124 2660 4163 cum
2681 4107 2819 4162 idola
2847 4106 3118 4166 coleretis,
3145 4121 3269 4161 cum
3293 4105 3442 4174 impii
3463 4119 3616 4160 esse-

2005 4202 2093 4267 tis,
2117 4215 2238 4255 cum
2262 4199 2398 4256 (illos
2425 4198 2803 4255 interliceretis
2824 4240 2838 4262 ,
2874 4197 2978 4252 hoc
3009 4197 3151 4266 passi
3184 4198 3315 4250 estis
3340 4237 3354 4258 ,
3387 4205 3441 4249 et
3471 4195 3617 4249 nulla

2003 4291 2162 4346 datur
2188 4293 2328 4346 ratio
2348 4307 2445 4346 vos
2470 4290 2731 4346 liberandi
2761 4306 2790 4343 a
2825 4289 2998 4344 malis.
3021 4299 3073 4344 et
3103 4302 3351 4353 errones,
3375 4288 3610 4349 exsules,

2007 4386 2327 4456 vagabundi,
2358 4396 2412 4440 et
2439 4385 2804 4440 [tantanorum
2834 4383 3044 4453 legibus
3063 4383 3382 4442 servientes,
3413 4388 3614 4434 terram

2003 4487 2061 4534 et
2090 4493 2238 4532 mare
2264 4476 2447 4543 obitis,
2468 4478 2784 4548 migrantes,
2812 4476 2987 4531 nullas
3018 4484 3198 4529 certas
3225 4473 3386 4529 sedes
3405 4514 3420 4537 ,
3450 4472 3613 4526 urbes

2003 4577 2098 4624 aut
2133 4568 2324 4624 domos
2356 4568 2615 4623 habentes
2639 4610 2654 4635 ,
2686 4576 2742 4623 et
2769 4568 2821 4622 in
2845 4567 3161 4621 servitutem
3202 4565 3403 4620 redacti
3429 4604 3446 4631 ,
3477 4579 3505 4616 a
3549 4561 3618 4617 li-

2004 4660 2232 4724 bertate,
2261 4677 2289 4712 a
2331 4660 2524 4729 patria,
2569 4676 2598 4714 a
2628 4659 2933 4714 sacerdotio
2955 4699 2971 4725 ,
2999 4666 3057 4713 et
3097 4657 3165 4713 ab
3193 4657 3466 4723 Oﬂlniblls,
3497 4672 3619 4726 qua:

2003 4753 2155 4823 prius
2191 4751 2503 4818 habebatis,
2548 4752 2766 4824 expulsi
2806 4751 2960 4818 estis,
2992 4753 3044 4808 in
3073 4751 3268 4806 mediis
3291 4739 3534 4806 barbaris
3564 4759 3621 4806 et

2003 4845 2254 4914 gentibus
2335 4845 2630 4901 innumeris
2686 4843 2945 4914 dispersi,
3001 4843 3252 4899 omnibus
3308 4842 3620 4898 hominibus

2003 4936 2184 5002 exosi,
2219 4938 2536 4993 exsecrandi
2560 4981 2576 5003 ,
2599 4949 2656 4992 et
2674 4937 2922 4993 omnibus
2941 4937 3008 4992 ad
3031 4936 3280 5005 iniuriam
3302 4934 3616 5006 opportuni.

2005 5026 2073 5082 Et
2117 5029 2314 5082 merito
2371 5028 2636 5096 quidem:
2674 5044 2782 5083 non
2835 5029 2980 5084 enim
3035 5028 3258 5100 pramtia
3306 5026 3615 5097 accepistis,

2003 5119 2147 5189 quod
2179 5120 2270 5174 Dei
2302 5119 2577 5174 inimit-um
2621 5121 2929 5176 occideritis
2968 5137 2984 5174 :
3030 5120 3134 5176 hoc
3179 5134 3328 5175 mera
3355 5130 3440 5174 est
3469 5119 3614 5174 iusa-

2004 5211 2092 5266 nia
2122 5221 2177 5268 et
2197 5227 2373 5282 nugis.
2408 5212 2540 5281 Qua:
2566 5213 2712 5268 enim
2746 5227 2886 5266 nunc
2911 5213 3189 5282 patimini,
3222 5229 3331 5266 non
3362 5220 3488 5266 sunt
3519 5225 3618 5266 eo-

2003 5319 2122 5360 rum
2145 5306 2234 5375 qui
2270 5305 2360 5359 Dei
2405 5304 2654 5360 inimicos
2682 5305 2931 5361 occidunt
2952 5346 2966 5371 ,
3006 5305 3101 5360 sed
3140 5319 3328 5360 eorum
3359 5305 3449 5374 qui
3478 5305 3618 5357 ami-

2005 5411 2099 5452 cos
2139 5398 2470 5453 interimunt.
2531 5398 2660 5464 Sed,
2707 5397 2974 5465 (ramice,
3023 5399 3302 5468 inquiunt,
3346 5398 3464 5452 huc
3511 5412 3618 5452 non

2005 5490 2233 5546 dicimus
2266 5508 2278 5543 :
2309 5501 2528 5562 prepter
2549 5504 2731 5547 nostra
2751 5503 2969 5563 peccata
2995 5490 3110 5547 ιιωε
3144 5492 3376 5561 patimur
3401 5491 3444 5543 ³.
3469 5490 3623 5544 Nunc

2070 5671 2084 5735 ξ
2112 5677 2218 5719 Post
2239 5683 2428 5735 vocem,
2453 5670 2822 5735 impudenIiam,
2844 5672 2895 5721 in
2931 5669 3096 5720 Morel.
3123 5668 3332 5729 additur,
3356 5665 3620 5730 Scriptum

2005 5729 2156 5782 allato
2179 5729 2458 5783 testimonio.

2073 5797 2094 5828 ³
2129 5801 2237 5846 Haec
2263 5803 2338 5847 est
2363 5796 2508 5848 icetio
2539 5797 2720 5848 codicis
2745 5803 2813 5858 8.,
2843 5795 3040 5858 liobata
3075 5808 3103 5845 a
3136 5794 3308 5847 Sarilie
3333 5794 3379 5844 iu
3399 5803 3544 5854 notis,
3568 5801 3619 5843 et
