4068 6430
497 489 829 552 conﬁtemini
884 483 1186 545 increduli?
1239 491 1297 538 et
1341 493 1586 551 quanam
1646 473 1945 546 peccastis?
1993 471 2075 526 An

501 601 645 643 nunc
686 584 913 653 primum
967 575 1268 650 peccastis?
1304 572 1453 645 Nunc
1493 577 1640 625 certe
1689 566 2083 622 moderatiores

500 675 766 732 cvasistis.
807 671 913 728 Sed
951 667 1187 724 nondum
1219 665 1322 720 hoc
1348 663 1556 733 agimus
1588 681 1601 716 :
1629 666 1687 714 at
1727 670 1824 712 vos
1861 655 1989 709 illud
2019 655 2083 709 li-

502 770 690 824 benter
730 767 1144 834 interrogarem,
1192 774 1288 815 cur
1332 757 1478 826 prius
1516 767 1730 823 semper
1776 754 2080 820 peccantes,

506 861 598 914 Dei
629 856 1005 926 benignitatem
1037 863 1090 908 et
1120 847 1455 905 clementiam
1499 842 1772 906 sensistis,
1803 853 1943 894 nunc
1989 851 2086 890 au-

503 960 609 1003 tem
630 962 732 1003 non
756 945 958 1009 itidem,
981 953 1034 998 et
1058 941 1200 1012 quod
1229 948 1313 995 est
1336 933 1722 997 dmirabilius,
1742 944 1881 986 nunc
1908 927 2085 983 mino-

503 1056 560 1095 ra
578 1047 794 1113 peccata
807 1034 1236 1091 committentes?
1251 1032 1400 1087 Tunc
1415 1031 1556 1086 enim
1573 1037 1628 1083 et
1646 1023 1978 1113 Beelpbegor

505 1109 795 1186 itiabamitti
818 1125 1001 1197 (Nunt.
1023 1125 1141 1190 25),
1163 1133 1216 1177 et
1231 1121 1453 1178 vitulum
1475 1116 1734 1172 adorastis
1751 1112 1944 1182 (Exod.
1965 1109 2082 1181 32),

503 1231 561 1277 et
586 1220 721 1275 filios
739 1218 1030 1283 Occidistis,
1061 1226 1115 1272 et
1139 1215 1274 1270 filias
1298 1214 1366 1270 de
1392 1212 1569 1266 medio
1594 1209 1885 1264 sustulistis
1911 1205 2083 1277 (Psal.

505 1311 630 1367 105.
658 1311 748 1366 '57.
781 1309 893 1380 '58),
921 1308 1077 1376 idque
1103 1321 1224 1361 cum
1248 1304 1398 1359 vobis
1425 1302 1572 1372 signa
1599 1298 1811 1356 abunde
1837 1307 2086 1368 suppete-

505 1411 627 1456 rent
660 1417 674 1453 :
701 1413 842 1454 nunc
869 1405 1048 1452 autem
1069 1412 1188 1450 cum
1215 1410 1316 1451 nec
1351 1393 1573 1452 videatis
1604 1406 1752 1446 mare
1779 1389 1962 1453 dividi,
1989 1402 2088 1443 nec

507 1498 710 1560 petram
741 1488 929 1558 frangi,
954 1502 1054 1543 nec
1067 1487 1255 1543 adesse
1278 1483 1563 1557 prophetas
1587 1483 1790 1554 (Exod,
1807 1483 1872 1538 ﬂ
1900 1491 1948 1536 et
1974 1480 2086 1551 l7),

507 1596 608 1636 nec
650 1580 813 1635 vestri
853 1588 1162 1634 consuetam
1207 1577 1450 1633 sentiatis
1481 1576 1889 1647 providentiam,
1921 1574 2091 1645 major

510 1679 689 1726 tamen
723 1678 975 1739 appareat
1013 1668 1249 1739 probitas
1278 1684 1292 1722 :
1323 1681 1565 1738 quaenam
1601 1676 1680 1721 est
1719 1679 1881 1722 causa
1902 1707 1916 1730 ,
1949 1663 2092 1734 quod

407 1807 411 1811 .
510 1759 723 1831 quando
746 1761 919 1814 minus
944 1761 1194 1830 peccatis,
1215 1768 1269 1816 et
1285 1759 1455 1828 major
1473 1767 1556 1813 est
1579 1772 1753 1812 vestra
1773 1756 2088 1822 moderatio,

511 1851 684 1922 major
711 1852 778 1907 sit
809 1867 962 1920 paena
988 1867 1052 1909 ac
1069 1851 1424 1921 supplicium?
1444 1847 1635 1906 Annon
1662 1850 1742 1905 vel
1781 1849 1956 1904 stultis
1978 1848 2093 1904 cla-

511 1957 632 1998 rum
660 1953 761 2008 est,
803 1943 856 1997 id
903 1943 1022 2000 ideo
1065 1942 1198 2006 fleri,
1223 1943 1471 2013 quoniam
1509 1942 1680 2012 majus
1723 1950 1807 1998 est
1857 1950 2092 1996 vestrum

512 2029 655 2088 nunc
686 2042 958 2106 peccatum
979 2034 1004 2086 ἲ
1028 2033 1290 2102 Quamdiu
1331 2032 1475 2087 enim
1519 2031 1573 2087 in
1603 2045 1787 2087 servos
1813 2032 2092 2102 peccastis,

514 2130 724 2185 veniam
749 2129 1196 2198 estis-assequtiti,
1228 2136 1285 2182 ut
1308 2142 1428 2183 cum
1457 2125 1744 2197 prophetas
1765 2125 2094 2182 interficere-

515 2219 586 2274 tis
611 2229 666 2276 et
690 2219 950 2289 lapidibus
979 2219 1342 2290 impeterctis;
1378 2219 1471 2275 sed
1503 2227 1780 2289 postquam
1822 2231 2014 2272 manus
2043 2217 2097 2273 in

518 2309 798 2366 Dominum
829 2309 1116 2378 iujecistis,
1147 2311 1298 2366 Vubis
1322 2310 1575 2382 deinceps
1600 2311 1773 2366 evasit
1810 2310 1962 2366 ulcus
2000 2309 2099 2364 im-

517 2401 850 2456 medicabile.
884 2400 953 2456 Et
1001 2402 1122 2456 ideo
1145 2402 1512 2474 quadringenti
1533 2402 1644 2472 jam
1678 2402 1802 2457 anni
1838 2401 2100 2472 praeterie-

516 2497 662 2552 runt,
685 2506 750 2544 ex
776 2505 882 2560 quo
901 2490 1129 2546 civitatis
1153 2491 1236 2546 vei
1263 2492 1434 2560 ipsum
1463 2492 1637 2546 solum
1665 2487 1938 2564 periit.(a),
1968 2490 2100 2546 sub-

518 2581 682 2638 latum
709 2592 788 2637 est
817 2582 1172 2647 sacerdmium
1197 2625 1212 2646 ,
1246 2599 1465 2653 regnum
1507 2582 1822 2654 abruptum,
1863 2582 2102 2639 confusa:

519 2673 718 2736 tribus,
751 2675 1004 2744 praeclara
1037 2676 1122 2730 illa
1152 2683 1208 2730 et
1244 2675 1518 2745 magnifica
1552 2681 1916 2741 evanuerunt,
1938 2681 1994 2728 et
2033 2687 2102 2729 ne

518 2766 797 2835 vestigium
820 2765 1032 2834 quidem
1059 2775 1142 2822 est
1167 2765 1305 2836 apud
1327 2780 1421 2822 vos
1449 2763 1710 2836 reliquum
1735 2783 1749 2820 :
1773 2764 1915 2836 quod
1940 2781 2100 2822 num-

518 2871 677 2926 quam
706 2865 830 2913 ante
850 2856 1045 2912 factum
1067 2865 1168 2912 est.
1209 2855 1315 2913 Sed
1345 2859 1396 2912 in
1425 2856 1686 2927 principio
1714 2856 1929 2927 quidem
1978 2871 2101 2914 cum

519 2947 754 3002 dirutum
808 2957 954 3003 esset
1006 2949 1284 3018 templum,
1343 2947 1690 3003 remanebant
1716 2946 2022 3017 prophetat,
2050 2956 2107 3004 et

517 3036 748 3106 Spiritus
775 3037 936 3103 dona,
963 3046 1018 3093 et
1043 3038 1294 3092 miracula
1320 3055 1334 3091 :
1363 3051 1502 3092 nunc
1521 3045 1698 3094 autem
1723 3079 1738 3102 ,
1768 3049 1822 3092 ut
1849 3039 1992 3094 clare
2019 3039 2104 3094 in-

510 3126 773 3198 telligatis
803 3127 966 3182 Deum
999 3143 1092 3183 vos
1117 3142 1237 3183 esse
1265 3139 1524 3198 perpetuo
1543 3139 1864 3192 aversatum,
1883 3144 1945 3184 ea
1971 3144 2106 3200 quo-

528 3236 637 3292 que
677 3221 885 3276 sublata
941 3229 1064 3276 sunt
1095 3240 1110 3276 :
1146 3235 1210 3276 ac
1248 3223 1478 3277 servitus
1525 3220 1699 3285 adest,
1731 3222 2009 3292 captivitas
2049 3231 2107 3279 et

521 3326 701 3368 rerum
729 3312 966 3365 omnium
994 3313 1221 3370 eversio.
1254 3320 1311 3368 et
1327 3311 1470 3382 quod
1487 3321 1568 3368 est
1592 3313 1831 3368 omnium
1856 3314 2108 3384 gravissi-

521 3415 692 3468 mum,
726 3401 816 3456 Dei
846 3416 875 3453 a
907 3402 1055 3457 vobis
1083 3404 1339 3459 recessio.

593 3494 649 3548 4.
691 3495 768 3549 Ac
795 3493 1014 3562 perinde
1038 3494 1164 3550 fecit
1183 3495 1339 3559 Deus,
1363 3504 1418 3550 ut
1455 3496 1500 3552 si
1531 3497 1647 3564 quis
1674 3513 1886 3569 servum
1926 3499 2106 3571 ingra-

524 3591 666 3648 tum,
692 3599 834 3654 saepe
863 3584 1041 3656 flagris
1067 3600 1264 3641 cresum
1294 3597 1348 3640 et
1374 3602 1478 3642 non
1507 3597 1806 3643 correctum
1826 3631 1841 3653 ,
1867 3590 2104 3647 vestibus

521 3683 761 3741 exutum,
790 3677 986 3731 nudum
1008 3719 1022 3741 ,
1049 3677 1346 3746 desertum,
1377 3678 1745 3749 vagabundum
1774 3697 1954 3737 errare
1982 3697 2106 3752 per-

523 3765 781 3829 mitteret,
834 3767 1222 3822 mendicantem
1257 3777 1312 3823 et
1361 3770 1594 3839 undique
1632 3771 1880 3840 ejectum.
1936 3773 2106 3830 Antea

526 3865 704 3908 autem
736 3869 822 3910 res
851 3865 1040 3910 vestra:
1071 3871 1177 3910 non
1207 3857 1275 3910 ita
1301 3872 1361 3912 se
1387 3859 1671 3933 habebant,
1700 3861 1793 3916 sed
1831 3861 1971 3927 apud
2012 3877 2106 3918 vos

525 3954 682 4028 erant
710 3945 982 4015 propheta!
1012 3964 1024 3999 :
1057 3946 1108 4001 in
1130 3945 1385 4018 Egypto,
1426 3937 1693 4021 Babylone
1709 3951 1825 4005 etin
1852 3951 2101 4008 deserto:

522 4035 698 4092 Moses
725 4039 777 4091 in
808 4037 1058 4108 Egypto,
1085 4037 1137 4092 in
1167 4038 1438 4111 Babylone
1470 4041 1650 4097 Daniel
1677 4051 1733 4098 et
1753 4042 2018 4107 Ezechiel,
2053 4045 2104 4099 in

523 4129 758 4201 Egypto
781 4145 961 4184 rursus
986 4129 1246 4186 Jeremias
1273 4149 1288 4186 :
1313 4140 1366 4187 et
1388 4133 1638 4188 miracula
1657 4133 2108 4204 adjectamiracu-

529 4220 617 4284 lis,
647 4221 1027 4290 clariorquelet
1053 4223 1310 4276 illustrior
1328 4237 1462 4294 gens
1487 4224 1684 4286 evasit,
1706 4239 1829 4278 cum
1859 4240 1924 4281 es
1952 4228 2107 4282 vobis

523 4312 614 4382 qui
641 4313 834 4382 captivi
856 4321 1009 4368 erant
1031 4315 1242 4383 regibus
1268 4323 1451 4369 essent
1472 4315 1798 4383 superiores.
1827 4315 1933 4372 Sed
1966 4333 2109 4374 nunc

522 4406 611 4460 illa
641 4407 819 4462 omnia
849 4407 1149 4474 perierunt,
1179 4415 1232 4460 et
1267 4407 1586 4475 supplicium
1613 4415 1697 4462 est
1723 4407 1937 4477 gravius
1961 4409 2108 4478 prio.

521 4498 690 4562 ribus,
719 4513 825 4553 non
854 4498 1026 4553 solum
1055 4498 1274 4567 promer
1296 4497 1682 4566 longitudinem
1706 4499 1982 4571 temp'iris,
2010 4499 2107 4556 sed

521 4587 683 4641 etiam
704 4588 825 4658 quia
849 4588 981 4643 estis
1014 4588 1248 4658 undique
1279 4587 1539 4642 derelicti.
1578 4588 1819 4656 Quanam
1869 4605 1998 4660 ergo
2040 4591 2109 4645 dc

519 4692 700 4742 causa,
741 4679 844 4742 dic,
895 4693 1100 4748 quaeso,
1131 4678 1344 4748 quando
1388 4679 1540 4749 plura
1592 4680 1911 4749 peccabatis,
1963 4688 2108 4735 tanta

521 4771 682 4824 vestri
711 4778 829 4825 erat
858 4783 985 4824 cura
1016 4785 1079 4825 ac
1137 4769 1468 4839 providentia
1501 4787 1514 4824 :
1544 4770 1759 4840 quando
1788 4779 1966 4826 autem
2009 4788 2108 4843 pro

519 4861 639 4931 lege
676 4862 791 4916 zelo
818 4863 1028 4919 accensi
1055 4866 1226 4929 estis,
1254 4863 1396 4932 passi
1427 4864 1556 4918 estis
1583 4864 1867 4934 graviora?
1895 4865 1974 4920 Ex
2007 4867 2107 4922 hoc

519 4955 662 5009 enim
715 4954 878 5008 Deum
915 4953 1182 5008 damnatis
1232 4953 1541 5023 iniustitiae,
1596 4953 1738 5023 quod
1793 4965 2107 5024 peccatores

519 5043 736 5113 quidem
768 5043 1056 5098 honoraret
1076 5083 1091 5107 ,
1124 5057 1219 5098 eos
1245 5053 1425 5098 autem
1455 5042 1546 5113 qui
1571 5057 1632 5097 se
1667 5032 1816 5099 recte
1836 5054 1887 5099 et
1910 5059 1978 5100 ex
2001 5045 2109 5100 vir-

521 5142 632 5188 tute
659 5133 915 5204 gerebant
949 5133 1238 5204 ignominia
1265 5132 1522 5189 an‘eccrit.
1569 5131 1625 5187 Si
1669 5134 1812 5188 enim
1846 5135 2108 5204 imposta-

519 5237 658 5290 rem,
690 5231 750 5278 ut
794 5222 993 5291 dicitis,
1045 5223 1356 5292 sustulistis,
1404 5239 1502 5281 vos
1555 5233 1704 5280 recte
1745 5239 1808 5280 ac
1849 5225 2108 5297 praeclare

528 5347 718 5416 storem
748 5361 759 5396 :
790 5351 936 5416 Reg,
961 5349 1120 5416 com,
1158 5357 1222 5416 et_
1241 5349 1394 5402 Savil.
1426 5351 1555 5402 Edit.
1582 5367 1594 5402 :
1619 5355 1720 5405 Sed
1742 5368 1850 5407 eam:
1873 5355 1996 5406 talia
2016 5371 2106 5410 nos

521 5409 786 5518 mittier,
829 5409 925 5473 ip'st'
953 5409 1155 5461 dicunt:
1182 5409 1393 5474 Propter
1431 5423 1599 5466 nostra
1635 5423 1836 5479 peccata
1871 5419 1974 5470 hac

521 5536 657 5647 luga)
691 5541 775 5584 Par
799 5541 1012 5606 erratum
1035 5534 1238 5610 exhibet
1272 5535 1634 5608 Qhrysostmuus
1675 5540 1727 5589 in
1764 5539 1900 5591 libris
1935 5520 2104 5594 contra

608 5609 724 5647 eos.
748 5608 861 5647 auia
897 5595 1254 5647 chronolomatn
1278 5596 1362 5647 ille
1397 5610 1492 5647 non
1517 5598 1720 5647 multum
1751 5606 1965 5647 curabat.
1987 5611 2102 5647 Cum

608 5609 724 5660 eos,
748 5597 861 5660 quia
897 5595 1254 5660 chronologiatn
1278 5595 1380 5660 ille'
1397 5610 1492 5647 non
1517 5598 1720 5650 multum
1751 5606 1965 5652 curabat.
1987 5611 2102 5654 Cum

518 5662 650 5708 enim
812 5657 1151 5721 Expositiones
1163 5661 1210 5708 in
1231 5658 1442 5710 Psaimos
1464 5660 1741 5720 antiochiaa,
1764 5670 1821 5712 ut
1841 5665 1890 5713 in
1929 5665 2100 5715 treﬁt-

518 5723 653 5771 tione
673 5718 864 5785 dicitur,
881 5718 1113 5785 ediderit,
1152 5721 1232 5771 vix
1268 5721 1478 5785 trecenti
1504 5724 1699 5785 triginta
1719 5718 1832 5776 anui
1854 5728 2098 5778 numerari

519 5789 744 5846 [niterent
760 5781 822 5832 ab
845 5780 1035 5832 excidio
1057 5777 1139 5831 illo
1161 5777 1582 5846 Jcrosolymorumi

1208 366 1264 426 8.
1304 361 1583 423 JOANNIS
1616 356 2096 419 CHRYSOSTOMI
2133 353 2450 411 ARCHIEP.
2489 308 3026 409 CONS'I‘ANTINOD.

2191 467 2432 539 gessistis
2472 484 2487 522 :
2513 468 2626 530 vel,
2654 467 2700 522 si
2721 466 2898 538 justus
2916 475 3000 522 est
3021 464 3186 534 Deus,
3215 475 3272 521 nt
3299 475 3448 522 certe
3471 474 3558 522 est
3584 465 3778 536 justus,

2189 560 2458 614 honorare
2508 572 2604 613 vos
2637 555 2942 628 oportebat,
2985 570 3094 612 non
3146 558 3413 628 castigare
3447 574 3463 612 :
3503 558 3549 612 si
3603 567 3782 615 autem

2188 653 2431 722 castigat,
2459 651 2658 705 clarum
2680 659 2763 705 est
2783 657 2960 704 vestra
2984 663 3125 704 nunc
3141 663 3264 705 esse
3277 648 3529 720 graviore
3542 658 3780 721 peccata.

2191 743 2250 800 Si
2276 760 2404 800 vero
2425 757 2565 798 nunc
2591 757 2693 798 nec
2717 741 2862 812 impii
2884 742 3057 810 estis,
3089 756 3188 796 nec
3213 741 3369 807 filios,
3404 751 3462 796 ut
3507 751 3656 807 ante,
3701 756 3783 796 sa-

2191 837 2463 902 crificatis,
2491 834 2757 905 quodnam
2783 834 3040 889 estaliud
3061 843 3336 904 peccatum
3356 874 3373 899 ,
3403 844 3624 904 propter
3644 832 3785 902 quod

2189 929 2432 1000 graviora
2456 927 2597 998 passi
2625 928 2792 982 estis?
2821 929 3014 982 Annon
3049 936 3132 982 est
3182 925 3429 993 evidens,
3465 926 3649 982 erucis
3669 937 3793 981 ere-

2193 1031 2299 1077 etas
2325 1020 2498 1075 scelus
2543 1032 2668 1074 esse
2706 1017 2871 1074 veluti
2909 1015 3196 1087 quemdam
3235 1015 3590 1087 colophoncm
3629 1016 3796 1071 maio-

2193 1110 2353 1165 rum?
2398 1109 2510 1167 Hoc
2536 1111 2706 1181 magis
2735 1125 2832 1166 vos
2856 1111 3092 1182 perdidit
3132 1124 3295 1181 quam
3324 1109 3589 1166 idolorum
3618 1123 3677 1167 et
3713 1110 3794 1165 vi-

2195 1201 2288 1256 tuli
2320 1202 2496 1257 cultus
2521 1211 2576 1257 et
2623 1203 2850 1258 filiomm
2876 1204 3096 1260 occisio.
3144 1203 3262 1259 Non
3294 1205 3438 1260 enim
3483 1205 3636 1275 paria
3668 1212 3796 1261 sunt

2193 1291 2330 1358 hmc,
2361 1293 2525 1348 lilium
2547 1309 2702 1350 suum
2730 1295 3056 1363 interficere,
3081 1306 3138 1353 ct
3171 1297 3455 1354 Dominum
3484 1312 3644 1354 suum
3668 1312 3798 1355 cru-

2193 1386 2429 1457 cifigere.
2468 1386 2758 1458 Propterea
2779 1387 2994 1459 quando
3021 1389 3159 1444 filios
3173 1389 3477 1454 occidebas,
3496 1392 3710 1446 veniam
3734 1404 3798 1446 cs

2194 1490 2556 1550 consequutus
2583 1499 2597 1535 :
2626 1481 2720 1536 sed
2747 1480 2960 1552 quando
2995 1482 3088 1536 Dei
3116 1480 3310 1537 Filium
3336 1490 3394 1537 et
3422 1490 3571 1536 tuum
3595 1482 3789 1538 Domi-

2197 1589 2323 1628 num
2351 1572 2614 1639 occidisti,
2647 1575 2924 1646 castigaris
2949 1563 3207 1646 deinceps
3233 1574 3438 1642 absque
3469 1576 3578 1630 ulla
3601 1577 3782 1630 venia.

2271 1663 2408 1730 Quot
2429 1665 2552 1718 anni
2571 1663 2632 1718 ab
2655 1665 2792 1720 exitu
2815 1682 2878 1720 ea:
2895 1664 3130 1737 Egypto
3153 1668 3221 1720 ad
3237 1663 3515 1722 Christum.
3546 1697 3621 1708 -
3643 1668 3799 1735 Quot
3887 1713 3894 1717 .

2198 1761 2327 1810 sunt
2375 1754 2501 1809 anni
2541 1754 2611 1810 ab
2641 1757 2785 1812 exitu
2819 1772 2886 1813 ex
2915 1755 3151 1828 Egypto
3195 1772 3365 1829 usque
3406 1758 3474 1815 ad
3502 1760 3798 1816 adventum

2198 1845 2395 1902 Christi
2417 1847 2441 1901 7
2467 1847 2610 1904 Mille
2639 1858 2693 1906 et
2717 1851 2990 1920 quingenti
3017 1861 3165 1921 puto,
3191 1861 3248 1908 et
3266 1850 3470 1921 plures.
3511 1852 3800 1921 Quomodo

2199 1953 2328 2009 ergo
2351 1940 2401 1994 in
2429 1940 2512 1996 bis
2541 1941 2789 1998 omnibus
2802 1957 2899 1998 vos
2926 1954 3215 2013 peccantes
3246 1957 3439 2012 passus
3479 1953 3564 1999 est
3597 1963 3611 2000 :
3654 1961 3800 2003 nunc

2200 2040 2377 2086 autem
2405 2045 2500 2088 vos
2524 2026 2738 2102 abjecit.
2770 2032 2982 2104 quando
3003 2032 3233 2088 maxime
3248 2047 3510 2090 coronare
3533 2036 3809 2104 oportuit,

2200 2125 2300 2179 etsi
2326 2124 2490 2180 multa
2517 2123 2873 2196 peccassetis?
2895 2123 3217 2181 Praeclarum
3232 2126 3375 2183 enim
3392 2136 3538 2183 esset
3555 2137 3798 2185 vestrum

2203 2214 2432 2284 facinus,
2458 2217 2502 2272 si
2529 2217 2870 2290 deceptorem
2899 2217 3253 2275 occidissetis.
3279 2208 3417 2276 .Cum
3469 2219 3572 2275 hoc
3615 2230 3800 2276 autem

2203 2324 2345 2364 nunc
2398 2309 2615 2364 sabbata
2661 2309 2949 2366 observare
2989 2309 3261 2375 videmini,
3287 2319 3344 2367 et
3392 2309 3533 2366 idola
3575 2311 3802 2368 minimo

2204 2400 2457 2466 adoratis,
2485 2400 2696 2472 aliaque
2734 2415 2952 2458 servare
2993 2415 3188 2473 magno
3229 2401 3406 2457 studio
3449 2401 3798 2457 contenditis.

2205 2493 2432 2562 Quando
2459 2508 2588 2567 ergo
2615 2503 2672 2549 et
2695 2495 2802 2549 vita
2840 2505 3019 2550 vestra
3046 2503 3129 2550 est
3158 2494 3350 2550 melior
3369 2535 3385 2558 .
3416 2503 3470 2550 et
3499 2502 3613 2552 tam
3654 2509 3802 2564 pra:-

2205 2586 2432 2653 clarum,
2457 2596 2515 2642 ut
2537 2585 2734 2652 dicitis,
2761 2585 2966 2643 facinus
2983 2584 3206 2653 fecistis,
3227 2593 3356 2640 tunc
3379 2585 3564 2640 ultima
3588 2585 3805 2654 pa:imi~

2205 2677 2281 2734 ni.
2309 2677 2444 2748 Quid
2485 2677 2586 2734 bac
2631 2677 2836 2733 insania
2877 2676 3039 2733 fuerit
3083 2677 3359 2734 deterius?
3387 2676 3516 2747 quid
3561 2676 3663 2732 bac
3701 2675 3802 2731 dc-

2207 2770 2427 2836 mestia,
2467 2767 2609 2841 quod
2637 2783 2760 2825 cum
2793 2782 2890 2824 vos
2939 2767 3231 2824 defendere
3281 2767 3476 2832 velitis,
3504 2765 3805 2823 maledictis

2210 2862 2378 2919 Deum
2415 2860 2789 2918 insectamini?
2817 2860 2876 2917 Si
2901 2860 3046 2917 enim
3069 2859 3215 2931 quod
3242 2858 3502 2914 adversus
3529 2856 3809 2914 Christum

2209 2955 2507 3026 peccastis,
2548 2968 2656 3009 non
2693 2962 2779 3010 est
2822 2953 2926 3010 illis
2955 2951 3207 3009 omnibus
3235 2951 3493 3015 deterius,
3522 2949 3620 3006 sed
3667 2949 3720 3005 id
3771 2965 3807 3005 a

2206 3047 2380 3115 vobis,
2403 3057 2464 3102 ut
2498 3046 2697 3111 dicitis,
2736 3046 2881 3117 juste
2915 3044 3114 3102 factum
3155 3055 3240 3101 est
3269 3061 3286 3099 :
3313 3060 3412 3102 cur
3457 3058 3557 3102 vos
3584 3044 3809 3116 quidem

2209 3141 2359 3210 punit
2381 3181 2396 3205 ,
2427 3140 2506 3195 sic
2529 3149 2676 3196 recte
2699 3153 2796 3195 vos
2823 3148 3071 3210 gerentes
3090 3177 3106 3205 ,
3135 3137 3484 3208 peccantibus
3506 3147 3687 3196 autem
3713 3153 3811 3209 pe»

2209 3232 2552 3305 percitiﬂoc
2602 3247 2710 3288 non
2761 3233 2935 3288 solum
2983 3232 3145 3298 Dens,
3178 3228 3275 3285 sed
3315 3245 3415 3286 nec
3451 3229 3601 3289 ullus.
3639 3229 3808 3304 homo

2209 3327 2406 3382 mentis
2434 3340 2657 3398 compos
2690 3323 2865 3381 facere
2885 3324 2937 3378 in
2956 3323 3196 3378 animum
3225 3321 3514 3378 induxerit.
3537 3320 3646 3378 Sed
3663 3316 3807 3395 'qnid

2211 3415 2278 3471 ad
2306 3417 2424 3472 haec
2445 3415 2664 3471 dicunt?
2693 3414 2907 3484 Disjecti
2933 3429 3140 3479 sumus,
3169 3421 3228 3467 ut
3251 3426 3494 3468 essemns
3521 3411 3669 3468 orbis
3698 3422 3808 3469 tero

2211 3523 2286 3563 rae
2315 3506 2584 3564 doctores.
2616 3505 2780 3576 Nugae
2806 3511 2933 3560 sunt
2966 3505 3100 3570 haec,
3129 3512 3186 3559 et
3224 3502 3458 3573 ineptia.
3513 3502 3624 3559 Eos
3658 3505 3806 3561 enim

2210 3597 2300 3670 qui
2329 3597 2494 3653 futuri
2515 3603 2639 3652 sunt
2660 3595 2934 3662 doctores,
2959 3609 3019 3651 se
3049 3595 3196 3664 prius
3220 3602 3369 3649 recte
3392 3594 3627 3665 gessisse
3642 3610 3807 3665 opor-

2212 3689 2333 3753 tuit,
2367 3696 2421 3741 et
2441 3696 2569 3742 tunc
2591 3671 2659 3740 ad
2682 3685 2731 3740 id
2761 3685 2897 3740 mitti
2921 3702 2936 3738 :
2963 3684 3264 3754 cujusmodi
3293 3683 3510 3741 fuerunt
3529 3685 3809 3757 propheta

2211 3789 2269 3836 et
2293 3781 2543 3850 apostoli.
2594 3777 2728 3834 Cum
2769 3787 2948 3837 autern
2987 3779 3088 3849 ipsi
3130 3778 3239 3833 sint
3266 3779 3506 3848 perversi
3531 3820 3546 3843 ,
3573 3789 3630 3834 et
3655 3782 3806 3836 omni

2213 3871 2341 3925 vitio
2362 3868 2545 3926 referti
2564 3910 2580 3936 ,
2609 3867 2880 3940 quomodo
2905 3867 2974 3924 ad
3007 3868 3309 3926 docendum
3335 3869 3487 3925 missi
3513 3870 3678 3926 sunt?
3712 3871 3808 3926 Vi-

2212 3961 2434 4016 deamus
2460 3974 2590 4032 ergo
2618 3959 2790 4030 qualis
2823 3974 3011 4016 eorum
3041 3958 3201 4017 fuerit
3227 3961 3333 4017 vita
3357 3977 3480 4031 qua:
3507 3965 3805 4034 pmcessit.

2213 4053 2548 4108 Inveniemus
2573 4053 2715 4108 enim
2744 4067 2840 4108 eos
2868 4051 3064 4108 belluis
3083 4051 3247 4108 fuisse
3272 4053 3641 4110 immaniores.
3666 4055 3806 4111 Nam

2211 4151 2268 4197 et
2294 4143 2592 4212 parricidae,
2621 4151 2676 4198 et
2703 4142 2993 4198 liberorum
3011 4141 3403 4208 interfectores,
3431 4144 3806 4218 idoloruqu

2213 4234 2465 4298 cultores,
2499 4242 2554 4288 et
2581 4232 2877 4290 alienorum
2911 4232 3175 4288 bonorum
3215 4243 3570 4305 occupatores
3614 4236 3806 4307 fuere;

2213 4338 2397 4380 eorum
2426 4333 2604 4380 autem
2632 4335 2756 4380 sunt
2778 4324 2952 4394 plena:
2981 4324 3295 4394 prophetiae.
3317 4329 3396 4382 Ac
3424 4335 3660 4383 vestram
3684 4329 3806 4399 qui-

2212 4416 2335 4473 dem
2361 4416 2634 4472 libidinem
2663 4414 2968 4485 significans
2993 4415 3278 4484 Jeremias,
3304 4415 3516 4473 dicebat
3546 4435 3560 4472 :
3592 4418 3726 4488 Equi
3749 4421 3805 4475 in

2213 4523 2365 4576 equas
2393 4509 2698 4562 insanientes
2721 4506 2850 4575 [acti
2888 4516 3005 4560 sunt
3035 4522 3055 4559 :
3083 4508 3426 4576 unusquisque
3454 4508 3714 4564 Itinniebat
3735 4511 3808 4564 ad

2213 4617 2422 4656 uxorem
2471 4599 2688 4670 proximi
2741 4597 2875 4667 (λεν.
2907 4599 2962 4654 5.
2988 4598 3068 4668 8).
3125 4597 3264 4666 Quid
3309 4599 3413 4654 hac
3447 4599 3610 4658 fuerit
3654 4605 3808 4675 pejus

2214 4692 2592 4749 immunditia?
2631 4692 2746 4748 Non
2775 4692 2919 4747 enim
2940 4701 3000 4746 ut
3027 4692 3269 4748 homines
3295 4707 3416 4748 cum
3439 4697 3553 4751 suis
3577 4698 3806 4754 invicem

2215 4786 2470 4840 umzribus
2497 4785 2747 4840 coibant:
2779 4793 2835 4840 et
2871 4783 2992 4840 ideo
3019 4797 3204 4840 eorum
3253 4784 3490 4841 furorem
3519 4789 3808 4858 appellavit

2216 4876 2498 4932 hinnitum.
2516 4876 2626 4931 Nec
2654 4891 2750 4931 cos
2777 4875 2951 4931 solum
2974 4877 3148 4947 arguit
3177 4875 3563 4944 fornicationis,
3589 4881 3684 4936 sed
3712 4877 3808 4938 eos

2213 4967 2372 5022 etiam
2397 4979 2612 5022 accusat
2630 4966 2899 5032 adulterii,
2929 4967 3073 5036 quod
3093 4968 3253 5023 etiam
3273 4969 3343 5024 ab
3363 4970 3444 5027 eis
3465 4971 3807 5042 impudenter

2213 5057 2596 5114 admittebatur
2621 5097 2638 5124 ,
2665 5056 3111 5128 quemadmodum
3133 5059 3186 5114 in
3219 5059 3412 5116 brutis.
3445 5062 3597 5119 Alius
3624 5074 3805 5121 autem

2213 5150 2472 5222 propheta
2494 5150 2623 5204 dicit
2655 5168 2668 5205 :
2698 5148 2924 5219 lngressi
2948 5159 3065 5204 sunt
3079 5151 3149 5204 ad
3168 5150 3429 5208 mulierem
3449 5154 3691 5225 {adcum
3705 5172 3805 5210 an-

2212 5242 2327 5308 laeo,
2359 5242 2495 5311 filius
2517 5251 2564 5294 et
2593 5251 2736 5310 pater
2758 5241 2828 5294 ad
2847 5240 3072 5295 eamdem
3099 5243 3326 5306 puellam
3349 5242 3629 5315 (a)(.4ntos.
3647 5248 3703 5300 2.
3721 5249 3800 5304 7i.

2212 5332 2499 5403 Propterea
2555 5346 2704 5403 ergo,
2734 5330 2840 5398 die,
2864 5346 3068 5401 quasso.
3101 5347 3198 5387 vos
3245 5334 3406 5389 misit-
3444 5334 3715 5404 doctores,
3747 5348 3803 5394 ut

2209 5423 2589 5480 fornicationes
2612 5431 2670 5478 et
2708 5421 2970 5478 adulteria
3002 5421 3353 5491 disceremus,
3385 5434 3440 5481 et
3466 5427 3609 5495 quod
3642 5443 3802 5499 οροιυ-

2209 5525 2318 5571 teat
2346 5525 2553 5586 patrem
2584 5522 2641 5570 et
2674 5512 2842 5569 lilium
2877 5513 3016 5569 idem
3042 5514 3181 5569 inire
3210 5515 3431 5570 cubile?
3483 5517 3618 5583 Quid
3674 5535 3803 5576 vero

2209 5606 2502 5663 Ezechiel?
2539 5603 2625 5660 Ns
2655 5604 2932 5660 secundum
2959 5605 3184 5676 gentium
3232 5607 3430 5678 quidem
3467 5609 3694 5678 legitima
3722 5614 3797 5678 fc-

2269 5721 2344 5785 (a)
2377 5725 2490 5770 nec
2520 5719 2737 5789 _o_tnnlao-
2741 5715 2947 5789 diverse
2965 5715 3268 5789 referuntur
3292 5732 3342 5770 :u
3363 5726 3501 5772 textu
3527 5729 3667 5776 Amos
3692 5741 3702 5789 ι
3723 5739 3800 5776 ro-

2207 5778 2388 5849 piietic,
2410 5790 2464 5832 ut
2486 5781 2652 5832 videas
2669 5779 2716 5830 in
2741 5785 2942 5831 ﬂuuiana
2965 5778 3204 5830 tiditione.
