4068 6452
279 377 373 432 ιιι

273 492 341 544 πέ
384 506 496 561 μοι.
542 489 636 562 Μὴ
664 491 774 563 7&9
802 491 899 547 νῦν
937 491 1153 563 πρῶτον
1176 494 1570 566 ήμαρτήκατες
1604 495 1721 549 Νῦν
1768 495 1869 564 μὲν

271 576 367 635 οὖν
405 580 502 635 καὶ
533 583 932 653 ἐπιεικέστεροι
971 585 1252 652 γεγόνατε.
1292 585 1453 640 Ἀλλά
1494 588 1662 658 μήπω
1688 583 1866 640 τοῦτο·

271 672 388 726 ἀλλ’
427 674 606 728 ἐκεῖνο
633 671 702 727 ἀν
726 673 872 744 ὑμᾶς
909 675 1158 748 ἐροίμην·
1179 677 1337 740 Τίνος
1358 678 1545 732 ῑνεκεν
1578 678 1666 732 ἀεὶ
1689 679 1870 748 ἀμαρ-

271 766 526 828 τάνοντες
567 765 834 836 πρότερον
873 766 1200 838 ἐτυγχάνετε
1254 767 1670 840 φιλανθρωπίας
1714 768 1871 841 παρά

273 853 411 908 Θεοῦ
437 866 488 918 ι,
518 854 614 908 νῦν
643 853 700 908 δὲ
735 855 939 920 οὐκέτι,
968 858 1062 910 καὶ
1093 856 1154 911 τὸ
1189 855 1254 928 δὴ
1286 857 1737 929 παραδοξότερον,
1786 859 1870 911 ὅτι

278 946 541 1004 ἐλάττονα
575 945 672 999 νῦν
713 946 1155 1019 ἀμαρτάνοντεςς
1197 948 1333 1000 Τότε
1365 948 1469 1020 μὲν
1503 947 1614 1020 7&9
1652 949 1747 1002 καὶ
1795 947 1874 1019 τῷ

280 1034 600 1108 Βεελφεγὼρ
654 1035 946 1102 ἐτελεῖσθε,
1004 1037 1099 1090 καὶ
1158 1038 1359 1108 μόσχον
1400 1039 1872 1110 προσεκυνήσατε,

278 1114 373 1180 καὶ
426 1128 553 1190 τοὺς
597 1128 748 1191 υἱοὺς
791 1127 1083 1196 ἐσφάξατε,
1130 1127 1250 1201 [82]
1286 1129 1380 1182 καὶ
1421 1129 1521 1194 τάς
1563 1130 1875 1203 θυγατέρας

279 1219 434 1291 ὑμῶν
473 1219 733 1280 ἀνείλετε,
768 1218 1057 1273 καὶταῦτα
1086 1221 1330 1291 σημείων
1361 1222 1747 1286 ἀπολαύοντες·
1779 1223 1876 1276 νῦν

276 1311 336 1364 δὲ
356 1311 418 1363 ού
443 1310 711 1364 θάλατταν
734 1311 970 1381 ὁρῶντες
993 1311 1338 1382 σχιζομένην,
1361 1314 1425 1366 οὐ
1450 1313 1655 1387 πέτραν
1679 1316 1880 1386 ρηγνυ-

283 1403 475 1473 μένην,
522 1404 582 1456 οὺ
630 1404 920 1475 προφήτας
968 1406 1563 1475 παραγινομένους,,οὐ
1607 1405 1708 1476 τῆς
1754 1423 1880 1459 συν-

281 1493 448 1564 ήθους
488 1493 854 1558 ἀπολαύοντες
906 1496 1186 1568 προνοίας,
1230 1497 1381 1566 ὅμως
1423 1497 1646 1565 μείζονα
1678 1497 1881 1552 ἐπιδεί-

285 1587 483 1640 κνυσθε
534 1587 639 1662 ,τὴν
676 1588 998 1642 ἐπιείκειανο
1033 1587 1086 1641 τί
1130 1588 1332 1662 δήποτε
1390 1586 1502 1654 οὖν,
1552 1591 1642 1644 ὅτε
1679 1591 1774 1643 καὶ
1813 1589 1883 1643 τά

284 1660 659 1749 ἁμαρτήματα
690 1677 996 1748 ἐλάττονα,
1039 1680 1133 1733 καὶ
1187 1681 1220 1751 ή
1281 1660 1604 1752 σωφροσύνη
1652 1680 1877 1743 πλείων,

288 1772 492 1841 μείζων
527 1772 559 1841 ὴ
595 1770 816 1833 κόλασις
851 1770 944 1824 καὶ
993 1773 1025 1841 ή
1066 1772 1340 1842 τιμωρίας
1376 1774 1493 1826 υύκ
1519 1770 1743 1842 εὔδηλον
1787 1772 1883 1825 καὶ

284 1865 396 1924 τοῖς
433 1863 640 1934 σφόδρα
671 1864 940 1934 ἀνοήτοις,
964 1863 1049 1916 ὅτι
1072 1863 1261 1935 ἐπειδὴ
1283 1864 1468 1934 μεῖζον
1497 1864 1558 1917 τὸ
1584 1863 1680 1918 νῦν
1700 1864 1883 1936 ἀμάρο

287 1971 479 2025 τημα;
517 1955 664 2019 Ἕως
709 1955 811 2025 μὲν
850 1955 960 2028 7&9
987 1957 1066 2020 είς
1101 1957 1227 2021 τοὺς
1253 1955 1472 2020 δούλους
1515 1954 1881 2026 ήμαρτάνετε,

288 2047 614 2116 ἐτυγχάνετε
659 2046 1008 2118 συγγνώμης,
1066 2049 1354 2118 προφήτας
1389 2045 1744 2119 ἀναιροῦντες
1790 2047 1886 2101 καὶ

288 2140 622 2204 λιθάςοντες·
651 2141 838 2213 ἐπειδὴ
884 2141 942 2196 δέ
979 2141 1062 2206 είς
1100 2141 1194 2195 τὸν
1237 2141 1520 2211 Δεσπότην
1556 2140 1656 2204 τάς
1699 2142 1888 2212 χεῖρας

293 2234 618 2298 ἐξετείνατε,
674 2234 893 2288 ἀνίατον
941 2234 1164 2303 γέγονεν
1204 2235 1334 2305 ὑμῖν
1379 2233 1442 2287 τὸ
1472 2233 1632 2298 ἐλκος
1677 2233 1884 2290 λοιπόν.

293 2325 384 2378 Διὸ
424 2326 752 2394 τετρακόσια
790 2323 977 2379 λοιπὸν
1037 2323 1132 2397 ἔτη
1184 2323 1489 2396 παρῆλθον,
1537 2326 1630 2396 ἀφ’
1690 2317 1752 2378 οῦ
1795 2323 1890 2378 καὶ

295 2415 429 2468 αὐτὸ
463 2414 562 2484 τῆς
593 2413 803 2478 πόλεως
829 2415 907 2470 τὸ,
933 2414 1129 2483 Ξδαφος
1160 2414 1482 2484 ἠφάνισται,
1529 2416 1565 2486 η
1618 2413 1889 2487 ἱερωσύνη

295 2508 586 2580 ἀνῄρηται,
632 2511 666 2580 ή
719 2508 967 2577 βασιλεία
1004 2508 1243 2573 λέλυται,
1290 2507 1360 2562 τά
1398 2507 1509 2562 τῶν
1535 2508 1717 2577 φυλῶν
1757 2524 1891 2577 συγ-

297 2603 546 2672 κέχυται,
581 2602 760 2656 πάντα
789 2600 859 2655 τά
887 2600 1062 2674 σεμνά
1092 2602 1276 2655 ἐκεῖνα
1315 2601 1412 2654 καὶ
1440 2601 1672 2673 λαμπρά
1699 2601 1895 2671 ἠφάνι-

300 2709 447 2751 σται.
476 2694 570 2746 καὶ
599 2694 720 2747 οὐδὲ
751 2694 897 2764 ἴχνος
933 2696 1063 2766 παρ’
1091 2693 1238 2764 ὑμῖν·
1269 2692 1408 2764 ὅπερ
1434 2693 1694 2746 οὐδέποτε
1732 2692 1895 2761 7670-

299 2802 410 2841 νεν.
449 2784 590 2839 Ἀλλ’
621 2787 682 2839 ἐν
712 2789 855 2858 ἀρχῇ
889 2785 1010 2857 μὲν,
1041 2787 1138 2841 καὶ
1179 2786 1274 2840 τοῦ
1309 2786 1440 2841 ναοῦ
1478 2786 1893 2859 καθῃρημένου,

299 2876 350 2928 oi
384 2878 663 2945 προφῆται
705 2875 1038 2948 παρέμενον,
1097 2877 1192 2930 καὶ
1240 2875 1562 2948 Πνεύματος
1615 2875 1892 2948 χορηγίαι,

304 2967 398 3018 καὶ
426 2964 705 3035 θαύματα’
733 2966 851 3019 νυνὶ
883 2965 962 3030 δὲ,
1000 2965 1086 3019 ἵνα
1123 2966 1308 3037 σαφῶς
1347 2966 1557 3038 μάθητε
1586 2967 1668 3020 ὅτι
1705 2969 1735 3021 6
1763 2967 1897 3032 Θεὸς

310 3051 870 3128 ὑμᾶς’ἀπέστραπται
924 3056 1209 3128 διηνεκῶς,
1253 3058 1346 3111 καὶ
1382 3057 1556 3112 ταῦτα
1603 3057 1894 3130 ἀνῄρηταιο

309 3151 404 3202 καὶ
433 3148 673 3213 δουλεία,
715 3149 811 3204 καὶ
841 3148 1214 3220 αίχμαλωσία,
1243 3149 1340 3203 καὶ
1368 3151 1586 3205 πάντων
1628 3150 1902 3214 ἔκπτωσις

308 3240 602 3306 κατέλαϐε,
626 3241 722 3295 καὶ
749 3241 809 3295 τὸ
833 3241 1051 3296 πάντων
1074 3240 1476 3313 χαλεπώτερον,
1500 3241 1639 3298 Θεοῦ
1665 3242 1904 3313 ἐγκατά-

308 3333 506 3404 λειψις.

379 3445 443 3498 δ’.
482 3445 594 3499 Καὶ
614 3444 814 3500 ταύτὸν
845 3444 1145 3517 πεποίηκεν
1167 3447 1196 3500 6
1214 3445 1347 3510 Θεὸς
1363 3486 1378 3513 ,
1401 3439 1516 3499 οἷον
1535 3445 1602 3499 ἂν
1622 3444 1769 3509 εῐτις
1787 3443 1909 3498 δοῦ-

313 3539 406 3592 λον
434 3537 727 3608 ἀγνώμονα
751 3537 1012 3602 πολλάκις
1051 3537 1420 3609 μαστιχθέντα
1446 3538 1538 3590 καὶ
1577 3537 1653 3608 μὴ
1680 3536 1909 3609 διορθω-

317 3633 481 3687 θέντα
508 3631 786 3694 ἀποδύσας
815 3631 923 3684 τῶν
964 3630 1218 3701 ἱματίων,
1249 3629 1477 3702 γυμνὸν,
1516 3630 1746 3701 ἔρημον,
1781 3629 1910 3700 ἀλή-

317 3742 420 3796 την
446 3725 559 3796 ἀφῇ
599 3723 935 3788 πλανᾶσθαι,
982 3722 1381 3796 προσαιτοῦντα
1417 3722 1513 3775 καὶ
1549 3721 1910 3791 ἐλαυνόμενον

320 3814 932 3891 πανταχοῦκηρότερον
959 3814 1016 3868 δὲ
1045 3814 1106 3869 οὐ
1130 3813 1355 3868 τοιαῦτα
1380 3814 1449 3867 τά
1481 3814 1746 3886 ὑμέτερα,
1770 3812 1910 3867 ἀλλά

320 3909 418 3962 καὶ
451 3907 730 3979 προφῆται
778 3908 908 3978 παρ’
955 3906 1116 3976 ὑμῖν,
1156 3906 1252 3958 καὶ
1293 3907 1352 3960 ἐν
1385 3905 1683 3976 Αἰγύπτῳ,
1719 3906 1813 3960 καὶ⁵
1854 3906 1914 3959 ἐν

323 3998 604 4052 Βαϐυλῶνι
624 4038 639 4063 ,
672 3998 769 4051 καὶ
809 3999 869 4050 ἐν
899 3997 1090 4068 ἐρήμῳ
1110 4011 1127 4027 ο
1165 3997 1406 4067 Μωῦσῆς
1436 3998 1495 4049 ἐν
1521 3996 1784 4068 Αἰγύπτῳ
1805 4036 1819 4062 ,
1851 3997 1911 4051 ἐν

323 4090 602 4171 Βαϐυλῶνι
646 4087 846 4160 Δανιὴλ
895 4089 990 4142 καὶ
1035 4088 1330 4160 Ἰεζεκιὴλ,
1371 4091 1430 4143 ἐν
1460 4088 1723 4160 Αἰγύπτῳ
1753 4088 1916 4144 πάλιν

336 4183 634 4251 Ἱερεμίας·
662 4184 758 4235 καὶ
793 4180 1048 4251 θαύματα
1087 4182 1180 4235 ἐπὶ
1225 4180 1499 4251 θαύμασι,
1529 4182 1626 4235 καὶ
1665 4180 1918 4251 λαμπρό-

325 4291 488 4345 τερον
517 4274 580 4327 τὸ
619 4273 768 4338 ἔθνος
805 4274 1054 4342 ἐγίνετο,
1094 4272 1205 4326 τῶν
1243 4274 1376 4344 παρ’
1400 4274 1528 4344 ύμῖν
1552 4273 1917 4344 αίχμαλώτων

329 4367 595 4437 βασιλέων
637 4366 990 4438 ὑψηλοτέρων
1026 4367 1354 4438 γενομένων.
1399 4366 1561 4420 Ἀλλά
1604 4365 1700 4419 νῦν
1738 4367 1918 4421 πάντα

329 4463 518 4516 ἐκεῖνα
582 4460 821 4533 οἴχεται,
880 4459 976 4512 καὶ
1019 4461 1054 4530 ἡ
1106 4457 1346 4530 τιμωρία
1398 4458 1758 4529 χαλεπωτέρα
1810 4457 1921 4512 τῶν

335 4555 641 4625 προτέρων,
665 4553 727 4606 οὺ
767 4551 928 4622 μόνον
959 4549 1041 4621 τῷ
1067 4551 1231 4622 μήκει
1257 4551 1350 4605 τοῦ
1391 4550 1586 4622 χρόνου
1606 4591 1622 4618 ,
1645 4551 1784 4606 ἀλλά
1827 4550 1924 4604 καὶ

333 4649 402 4717 τῇ
433 4645 603 4715 πολλῇ
643 4642 1053 4713 ἐγκαταλείψει.
1093 4633 1251 4707 Τίνος
1284 4638 1377 4697 οὖν
1405 4641 1616 4707 ἐνεκεν,
1656 4640 1778 4695 είπὲ
1810 4657 1922 4713 μοι,

332 4735 423 4788 δτε
459 4735 681 4805 μείζονα
722 4734 1068 4806 ήμαρτάνετε
1092 4771 1109 4797 ,
1145 4731 1412 4804 τοσαύτης
1447 4732 1755 4788 ἀπελαύετε
1785 4749 1924 4804 προ-

333 4823 518 4886 νοίας·
557 4824 644 4876 ὅτε
687 4824 779 4890 δὲ,
812 4823 889 4888 ὥς
923 4840 1096 4893 φατε,
1153 4823 1250 4878 καὶ
1293 4823 1606 4895 ἐζηλώσατε
1639 4824 1783 4896 ὺπέρ
1828 4823 1924 4878 τοῦ

334 4917 506 4987 νόμου
527 4956 542 4981 ,
591 4915 811 4988 χείρονα
846 4916 1114 4983 mem;
1179 4917 1312 4970 ’Δπὸ
1343 4915 1454 4988 γάρ
1488 4915 1681 4971 τούτου
1711 4916 1926 4971 ἀδικίαν

336 5006 781 5076 καταγινώσκετε
826 5007 923 5060 τοῦ
982 5006 1156 5073 Θεοῦ,
1209 5007 1293 5060 ὅτι
1348 5007 1764 5079 ἁμαρτάνοντας
1828 5007 1928 5079 μιν

329 5102 500 5172 ἐτίμα
519 5140 536 5164 ,
579 5098 980 5171 κατορθοῦντας
1021 5101 1080 5153 δὲ
1110 5099 1400 5172 ἠτίμασεν.
1449 5099 1513 5153 Ei
1563 5099 1674 5170 7&9
1723 5099 1928 5155 πλάνον

338 5191 601 5256 ἀνείλετε,
625 5190 700 5256 ὥς
725 5207 884 5260 φατε,
910 5190 1006 5245 καὶ
1034 5189 1468 5263 κατωρθώσατε·
1501 5191 1559 5264 ἢ,
1589 5193 1637 5244 εί
1666 5191 1878 5257 δίκαιος
1900 5193 1930 5247 6

340 5285 493 5349 Θεὸς,
527 5282 716 5356 ὥσπερ
739 5279 835 5338 οὗν
865 5283 960 5338 καὶ
997 5283 1226 5350 δίκαιος,
1259 5285 1424 5356 τιμᾷν
1453 5284 1598 5356 ὑμᾶς
1629 5283 1738 5337 εδει
1758 5327 1772 5351 ,
1807 5285 1931 5356 ούχὶ

343 5375 597 5441 κολάζειν
617 5393 629 5408 ·
665 5378 714 5430 εί
736 5375 793 5430 δέ
844 5373 1086 5439 κολάζει,
1109 5374 1336 5444 εὖδηλον
1357 5377 1441 5430 ὅτι
1466 5375 1537 5431 τά
1562 5375 1658 5431 νῦν
1681 5377 1934 5449 ἀμαρτήο

348 5484 495 5540 ματα
527 5466 683 5537 ὑμῶν
717 5465 1094 5540 χαλεπώτερα.
1151 5468 1215 5521 El
1245 5466 1302 5521 δὲ
1349 5466 1475 5533 οὒτε
1523 5468 1770 5523 ἀσεϐεῖτε
1814 5469 1932 5535 νῦν,

343 5557 472 5615 οὔτε
504 5558 670 5614 τέκνα
701 5559 880 5627 θύετε,
929 5560 1005 5624 ὡς
1037 5559 1144 5632 πρὸ
1166 5557 1379 5623 τούτου,
1411 5562 1562 5614 ποῖον
1581 5560 1710 5616 ἀλλο
1742 5561 1930 5635 ἀμάρ-

350 5737 776 5851 ωἱὶιῗξοιεοιῐεω
809 5741 862 5790 in
883 5740 1032 5790 editis
1050 5752 1272 5790 mancam
1298 5740 1366 5790 sic
1386 5752 1450 5793 ex
1473 5753 1571 5791 uno
1595 5743 1766 5794 codice
1786 5746 1938 5795 resti-

1391 381 1758 441 EXPOSITIO
1793 379 1864 436 IN
1905 377 2239 436 PSALMUM
2284 376 2419 434 Vﬂl.

3458 380 3571 439 “‘2

1977 493 2131 564 τημά
2160 494 2284 547 ἐστι
2313 492 2387 546 δι’
2424 477 2457 545 δ
2497 491 2858 564 χαλεπώτερα
2885 489 3157 559 ἐπάθετες
3211 494 3284 547 Ἦ
3324 493 3575 566 εὔδηλον,

1975 590 2058 644 δτι
2087 589 2151 643 τὸ
2179 587 2277 642 τοῦ
2313 587 2550 659 σταυροῦ
2590 586 2848 659 τόλμημα
2871 591 2900 642 6
2932 587 3178 658 κολοφὼν
3205 589 3316 643 τῶν
3347 591 3573 661 κακῶν;

1976 684 2150 739 Τοῦτο
2178 685 2273 738 καὶ
2299 682 2762 754 είδωλολατρείας,
2797 681 2913 756 [85]
2945 683 3042 737 καὶ
3074 686 3453 762 μοσχοποιίας,
3480 688 3576 742 καὶ

1975 781 2359 844 παιδοκτονίας
2395 780 2596 852 μᾶλλον
2629 782 2776 852 ὑμᾶς
2821 780 3123 836 ἀπώλεσεν.
3175 784 3252 836 Ού
3294 784 3406 854 γάρ
3430 786 3582 841 ἐστιν

1980 877 2117 938 ίσον,
2170 878 2285 933 υἱὸν
2341 878 2545 947 σφάξαι
2578 877 2669 930 τὸν
2712 876 2908 931 ἑαυτοῦ
2934 919 2949 941 ,
2999 879 3096 932 καὶ
3144 862 3426 952 Δεσπότην
3487 883 3581 936 τὸν

1985 969 2181 1024 ἐαυτοῦ
2234 969 2566 1040 σταυρῶσαι.
2617 969 2718 1024 Διά
2745 967 2923 1031 τοῦτο,
2969 969 3058 1022 ὅτε
3112 970 3212 1040 μὲν
3256 973 3382 1034 τοὺς
3429 975 3582 1038 υἱοὺς

1977 1067 2262 1136 εισφαττες,
2297 1063 2710 1136 φιλανθρωπίας
2744 1064 3050 1127 ἀπέλαυες·
3087 1065 3176 1119 ὅτε
3222 1066 3282 1120 δὲ
3318 1065 3412 1120 τοῦ
3443 1068 3582 1122 Θεοῦ

1967 1162 2070 1226 ,τὸν
2102 1161 2231 1215 Υίὸν
2263 1162 2358 1214 καὶ
2392 1161 2827 1229 σὸνιΔεσπότην,
2869 1159 3237 1230 άσύγγνωστα
3269 1162 3457 1216 λοιπὸν
3484 1181 3582 1218 κο-

1981 1257 2137 1330 λάζῃ.

2052 1365 2202 1420 Πόσα
2231 1364 2325 1434 ἔτη
2366 1363 2494 1418 ἀπὸι
2513 1364 2612 1434 τῆς
2646 1362 2828 1428 ἐξόδου
2862 1364 2962 1432 τῆς
2993 1365 3115 1420 κατ’
3163 1368 3444 1437 Αἴγυπτον
3474 1369 3585 1435 ἕως

1981 1463 2080 1530 τῆς
2109 1459 2203 1514 τοῦ
2234 1458 2472 1530 Χριστοῦ
2501 1461 2835 1530 παρουσίσςς
2862 1457 3032 1531 Οἶμαι
3062 1463 3210 1532 χίλια
3243 1465 3585 1519 πεντακόσια

1981 1551 2124 1609 ε’ίναι
2157 1557 2252 1610 καὶ
2281 1555 2524 1611 πλείονα.
2553 1554 2680 1619 Πῶς
2718 1552 2811 1610 οὗν
2841 1558 2900 1608 ἐν
2929 1557 3139 1622 τούτοις
3171 1561 3376 1614 άπασιν
3400 1562 3587 1633 ἀμαρ-

1981 1649 2246 1713 τάνοντας
2289 1651 2432 1721 ὑμᾶς
2459 1650 2643 1722 ἔφερε,
2676 1651 2771 1704 νῦν
2799 1651 2857 1704 δὲ
2897 1653 3043 1723 ὑμᾶς
3070 1652 3320 1725 ἔρριψεν,
3353 1657 3442 1709 ὅτε
3478 1657 3587 1726 μά-

1984 1746 2140 1800 λιστα
2201 1747 2544 1816 στεφανῶσαι
2607 1748 2742 1816 ἔδει,
2800 1749 2903 1803 κᾶν
2955 1750 3128 1803 πολλά
3195 1752 3588 1822 ἡμαρτηκότες

1984 1839 2118 1915 ﬁte;
2166 1842 2241 1896 Τὸ
2285 1843 2396 1913 γάρ
2439 1842 2775 1914 κατόρθωμα
2823 1844 2978 1916 ὑμῶν
3022 1844 3159 1898 πολὺ
3203 1846 3462 1915 μέγιστον
3493 1841 3586 1918 ἦν,

1987 1942 2104 2009 εῐγε
2135 1940 2334 1994 πλάνον
2373 1940 2677 2009 ἐσφάξατει
2708 1941 2866 1993 Μετὰ
2892 1941 2948 1994 δὲ
2988 1941 3183 1994 τούτου
3213 1943 3307 1995 καὶ
3340 1941 3592 1998 σάϐϐατα

1987 2036 2194 2090 δοκεῖτε
2233 2035 2527 2108 φυλάττειν
2555 2035 2673 2098 νῦν,
2705 2038 2801 2090 καὶ
2839 2035 3038 2091 εἴδωλα
3081 2039 3146 2092 οὐ
3192 2040 3590 2109 προσκυνεῖτε,

1989 2134 2085 2187 καὶ
2116 2132 2186 2187 τά
2221 2133 2358 2188 ἀλλα
2397 2133 2753 2203 φιλονεικεῖτε
2781 2132 3079 2204 διατηρεῖν.
3120 2133 3250 2187 Ὅτε
3278 2133 3462 2186 τοίνυν
3495 2134 3595 2187 καὶ

1990 2231 2020 2284 6
2048 2229 2163 2301 βίος
2198 2229 2353 2302 ὑμῶν
2397 2227 2651 2300 βελτίων,
2683 2230 2779 2282 καὶ
2813 2227 2876 2281 τὸ
2895 2229 3240 2301 κατόρθωμα
3264 2269 3280 2296 ,
3311 2228 3389 2293 ὥς
3418 2246 3556 2301 φατε
3577 2273 3593 2297 ,

1991 2328 2282 2392 τοσοῦτον,
2310 2328 2432 2381 τότε
2471 2326 2543 2379 τά
2587 2326 2794 2397 ἔσχατα
2837 2325 3098 2397 πάσχετε.
3136 2327 3202 2381 Τί
3248 2327 3454 2398 ταύτης
3495 2328 3598 2400 τῆς

1996 2424 2196 2496 μανίας
2213 2423 2407 2494 γένοιτ’
2424 2424 2500 2477 ’ἂν
2515 2425 2728 2495 χεῖρον;
2752 2423 2805 2476 τί
2826 2423 2926 2495 τῆς
2944 2423 3154 2488 ἀνοίας,
3173 2425 3256 2478 ότι
3277 2424 3419 2494 ὑπὲρ
3441 2422 3597 2496 ὑμῶν

1995 2523 2176 2578 αὐτῶν
2207 2519 2654 2591 ἀπολογήσασθαι
2695 2520 3032 2592 βουλόμενοι,
3078 2523 3159 2585 είς
3186 2521 3277 2574 τὸν
3307 2520 3440 2573 Θεὸν
3470 2519 3600 2592 βλα-

1997 2621 2303 2692 σφημεῖτε;
2339 2617 2403 2672 Εἰ
2437 2620 2546 2690 γάρ
2583 2618 2644 2671 ού
2695 2617 2878 2689 μεῖζον
2919 2617 2983 2671 τὸ
3024 2617 3333 2689 ἁμάρτημα
3363 2617 3424 2670 τὸ
3457 2615 3602 2670 κατά

1995 2715 2239 2789 Χριστοῦ
2285 2715 2506 2770 πάντων
2550 2715 2812 2779 ἐκείνων,
2855 2713 2995 2768 ἀλλά
3045 2716 3140 2768 καὶ
3176 2714 3486 2784 δικαίωμα,
3522 2711 3601 2776 ὥς

2000 2830 2137 2885 φατε
2159 2854 2173 2877 ,
2217 2815 2314 2868 καὶ
2347 2811 2716 2884 κατόρθωμα,
2741 2812 2794 2865 τί
2828 2811 3030 2883 δήποτε
3065 2810 3466 2881 κατορθοῦντας
3503 2811 3602 2881 μὲν

2000 2910 2260 2976 κολάζει,
2290 2910 2716 2982 ἁμαρτανόντων
2747 2908 2804 2961 δέ
2836 2907 3112 2977 ἐφείδετος
3140 2905 3315 2961 Τοῦτο
3348 2907 3458 2978 7&9
3503 2907 3605 2977 οὐχ

2000 3010 2030 3062 ό
2062 3007 2232 3074 Θεὸς,
2263 3006 2379 3061 ἀλλ’
2409 3005 2532 3060 οὐδὲ
2564 3003 2854 3077 ἄνθρωπος
2882 3004 3034 3068 ὅστις
3072 3004 3278 3076 δήποτε
3305 3003 3431 3058 νοῦν
3465 3004 3605 3072 ἔχων

2002 3105 2294 3174 ἀνάσχοιτο
2323 3102 2390 3158 ἂν
2438 3102 2684 3172 ποιῆσαι.
2733 3101 2894 3154 Ἀλλά
2930 3100 2985 3154 τί
3043 3115 3177 3170 φασι
3221 3098 3356 3171 πρὸς
3395 3096 3603 3163 ταῦτα;

2016 3201 2382 3272 Ἐρῤίφημεν,
2432 3191 2516 3255 ἵνα
2564 3200 2661 3252 καὶ
2704 3197 3018 3252 διδάσκαλοι
3060 3196 3353 3268 γενώμεθα
3395 3195 3496 3266 τῆς
3530 3197 3608 3247 οι-

2007 3298 2304 3369 κουμένης.
2355 3297 2535 3369 Δῆρος
2573 3294 2776 3363 ταῦτα,
2821 3297 2918 3348 καὶ
2965 3293 3247 3366 φλυαρίαι.
3307 3292 3450 3356 Τοὺς
3501 3291 3611 3361 γάρ

2012 3393 2308 3466 μέλλοντας
2339 3388 2480 3447 εἶναι
2501 3392 2858 3457 διδασκάλους
2881 3391 3148 3463 πρότερον
3175 3391 3374 3454 αὐτοὺς
3397 3405 3614 3459 κατωρ-

2012 3492 2249 3547 θωκέναι
2295 3491 2408 3559 δεῖ,
2463 3491 2558 3545 καὶ
2607 3490 2730 3545 τότε
2777 3489 3095 3560 πέμπεσθαι
3146 3489 3228 3551 είς
3278 3487 3473 3539 τοῦτο’
3509 3480 3613 3539 οἷοι

2011 3586 2154 3663 ἦσαν
2183 3592 2232 3644 οἱ
2270 3589 2582 3662 προφῆται,
2612 3589 2665 3641 ot
2716 3587 3026 3642 ἀπόστολοι.
3063 3587 3234 3640 Ὅταν
3262 3585 3319 3639 δὲ
3350 3585 3503 3637 αὐτοὶ
3531 3582 3614 3635 δι-

2014 3688 2384 3761 εστραμμένοι
2411 3680 2536 3752 ὦσι,
2578 3687 2674 3740 καὶ
2717 3687 2900 3758 πάσης
2919 3685 3184 3757 γέμοντες
3229 3682 3464 3747 κακίας,
3499 3681 3616 3746 πῶς

2017 3787 2084 3841 ἂν
2110 3787 2192 3850 είς
2214 3785 2275 3838 τὸ
2304 3783 2577 3838 διδάσκειν
2599 3783 3005 3855 ἐξηνέχθησαν;
3033 3782 3266 3853 Ἱδωμεν
3301 3780 3482 3834 τοίνυν
3503 3775 3618 3844 οἷος

2015 3883 2200 3937 αὐτῶν
2228 3883 2322 3937 καὶ
2349 3883 2378 3934 ὁ
2402 3883 2510 3954 πρὸ
2538 3883 2731 3936 τούτου
2758 3881 2893 3952 βίος.
2925 3881 3252 3952 Εὖρήσομεν
3275 3879 3386 3956 γάρ
3410 3877 3620 3951 θηρίων

2016 3981 2177 4045 δντας
2206 3980 2657 4052 χαλεπωτέρους.
2691 3978 2803 4032 Καὶ
2831 3977 2944 4048 7&9
2983 3993 3088 4029 πατ
3100 3976 3333 4048 ραλοῖαι,
3363 3976 3458 4029 καὶ
3491 3991 3621 4028 παι-

2018 4078 2281 4139 δοκτόνοι,
2307 4077 2401 4130 καὶ
2423 4075 2832 4147 εἰδωλολάτραι,
2857 4074 2954 4127 καὶ
2979 4073 3299 4128 πλεονέκται
3327 4072 3588 4142 γεγόνασι
3604 4085 3621 4102 ο

2021 4173 2344 4230 καὶτούτων
2375 4174 2513 4227 εἰσὶν
2554 4173 2611 4225 αί
2647 4172 2978 4243 προφητεῖαι
3006 4169 3256 4242 πλήρεις.
3289 4170 3399 4222 Καὶ
3431 4168 3494 4220 τὸ
3523 4167 3623 4238 μὲν

2021 4273 2219 4343 λάγνον
2248 4271 2404 4343 ὑμῶν
2444 4270 2717 4343 Ἱερεμίας
2744 4267 2942 4340 δηλῶν,
2977 4269 3181 4338 ἐλεγενο
3208 4268 3406 4323 "hmo:
3438 4269 3626 4334 θηλυ-

2018 4370 2234 4442 μανεῐς
2275 4369 2685 4440 ἐγενήθησαν·
2744 4368 3006 4434 ἕκαστος
3045 4367 3144 4421 ἐπὶ
3210 4365 3326 4435 τὴν
3365 4364 3627 4433 γυναῖκα

2023 4469 2132 4525 τοῦ
2166 4470 2455 4538 πλησίον,
2479 4461 2834 4537 ἐχρεμέτιζε.
2868 4466 2936 4520 Τί
2983 4464 3190 4534 ταύτης
3248 4463 3346 4535 τῆς
3375 4463 3627 4536 ἀκαθαρ-

2027 4567 2151 4633 σίας
2180 4570 2395 4639 χεῖρονς
2435 4567 2509 4620 Οὐ
2543 4567 2653 4637 7&9
2696 4566 2773 4630 ὡς
2803 4565 3084 4637 ἄνθρωποι
3131 4563 3475 4631 συνεγίνοντο
3504 4564 3625 4626 ταῖς

2026 4663 2274 4736 ἀλλήλων
2319 4661 2563 4733 γυναιξί·
2597 4663 2680 4716 διὸ
2717 4663 2810 4716 καὶ
2837 4663 2936 4734 τὴν
2971 4661 3170 4732 μανίαν
3201 4659 3384 4714 αὐτῶν
3413 4677 3623 4732 χρεμε-

2026 4757 2222 4828 τισμὸν
2252 4758 2500 4813 ἐκάλεσε.
2535 4758 2645 4811 Καὶ
2688 4757 2811 4827 οὐχὶ
2854 4755 3114 4827 πορνείαν
3144 4755 3326 4826 μόνον,
3359 4754 3498 4807 ἀλλά
3530 4755 3630 4809 καὶ

2031 4857 2285 4928 μοιχείαν
2318 4856 2503 4920 αὐτοῖς
2539 4853 2784 4923 ἐγκαλεῖ,
2824 4853 2919 4906 καὶ
2948 4853 3157 4923 ταύτην
3184 4853 3380 4924 ἀνέδην
3407 4851 3631 4922 γινομέ-

2029 4973 2153 5028 νην,
2183 4953 2437 5025 καθάπερ
2465 4954 2558 5005 ἐπὶ
2582 4951 2691 5005 τῶν
2719 4951 2954 5020 ἀλόγων.
2990 4950 3219 5021 Ἕτερος
3239 4950 3296 5004 δὲ
3338 4951 3632 5021 προφήτης

2033 5063 2200 5128 φησιν
2220 5071 2234 5085 ο
2276 5053 2589 5123 Είσῆλθογ
2637 5051 2789 5121 πρὸς
2838 5049 2959 5119 τὴν
3009 5049 3269 5120 γυναῖκα
3311 5048 3633 5116 ποιοῦντες

2033 5155 2569 5226 παραπετάσματα,
2600 5154 2732 5218 υίὸς
2757 5151 2857 5205 καὶ
2890 5148 3091 5217 πατὴρ
3112 5148 3264 5218 πρὸς
3288 5145 3406 5216 τὴν
3433 5147 3632 5214 αὐτὴν

2035 5257 2389 5323 παιδίσκην.
2437 5253 2536 5306 Διά
2577 5250 2736 5306 τοῦτο
2778 5246 2873 5304 οὖν
2919 5247 3296 5311 διδασκάλους,
3337 5244 3464 5298 είπέ
3508 5261 3630 5318 μοι,

2036 5354 2286 5426 ἐπεμψεν
2307 5352 2474 5424 ὑμᾶς,
2503 5350 2592 5404 ἴνα
2623 5347 2888 5422 μάθωμεν
2918 5345 3196 5418 πορνείας,
3229 5342 3325 5397 καὶ
3354 5342 3631 5414 μοιχείας,

2038 5454 2135 5509 καὶ
2154 5455 2236 5508 ὅτι
2257 5451 2338 5506 δεῖ
2365 5451 2467 5524 τὴν
2493 5447 2664 5520 αὐτὴν
2684 5447 2844 5518 εὐνὴν
2867 5446 3013 5519 ἔχειν
3043 5444 3259 5515 πατέρα
3282 5442 3378 5496 καὶ
3399 5441 3516 5495 υἱόν
3533 5458 3549 5509 ;
3568 5437 3636 5496 Τί

2038 5555 2097 5608 δέ
2133 5557 2162 5610 6
2206 5550 2503 5623 Ἰεζεκιήλ;
2541 5547 2697 5603 Οὐδὲ
2727 5546 2882 5602 κατὰ
2905 5544 2979 5600 τὰ
3000 5543 3222 5614 νόμιμα
3250 5538 3372 5594 τῶν
3400 5535 3640 5595 wer

2053 5733 2212 5844 ‘oruln
2257 5728 2522 5783 Ezechiele
2565 5725 2755 5789 legitur
2783 5722 2896 5774 οὐδὲ
2937 5720 3064 5770 κατὰ
3102 5719 3164 5768 τά
3205 5717 3508 5776 δικαιώματα
3549 5713 3644 5762 τῖεν

2053 5811 2070 5844 I.
2123 5812 2212 5844 ων.

2047 5811 2192 5845 ευνων
2202 5832 2212 5842 .
