4068 6426
243 526 390 582 cistis
416 521 631 597 (Eucti.
661 523 716 579 5.
745 520 829 594 7),
861 519 1051 592 inquit.
1079 517 1188 575 Eos
1216 529 1346 589 ergo
1386 516 1480 588 qui
1518 525 1673 572 erant
1695 513 1850 572 dete-

245 617 421 675 riores
442 616 710 689 gentibus,
742 613 830 672 dic
853 612 1008 681 mihi,
1034 611 1286 669 doctores
1314 609 1504 667 misit?
1532 609 1724 665 Factas
1762 620 1859 662 au-

245 722 357 768 tem
385 711 454 767 ab
484 711 562 767 eis
599 708 776 765 cedes
804 707 924 779 quis
945 707 1089 764 l'erre
1112 704 1329 777 possit?
1380 703 1549 760 Filios
1599 702 1747 757 enim
1800 708 1856 756 et

247 807 386 861 tilias
415 811 719 860 mactarunt
746 802 1048 868 daemoniis,
1079 810 1134 856 et
1157 814 1254 856 eos
1273 798 1709 854 combusserunt.
1739 794 1855 850 Hoc

245 907 426 951 autem
461 894 626 950 David
653 907 868 964 quoque
901 889 1160 957 ostendit,
1201 890 1388 945 dicens
1420 885 1530 942 :Et
1558 892 1850 940 mactarunt

247 989 384 1056 ﬁlios
401 1002 521 1042 suos
544 995 591 1040 et
611 986 748 1054 ﬁlias
773 1000 892 1040 suas
921 981 1184 1038 demoniis
1212 978 1384 1051 (Psal.
1419 978 1543 1034 105.
1579 977 1689 1048 57).
1715 975 1851 1032 Pro-

247 1089 432 1152 pterea
458 1094 587 1150 ergo
631 1077 798 1140 misit,
836 1085 895 1132 ut
919 1075 1022 1130 hoc
1047 1073 1284 1129 disceret
1313 1081 1505 1126 natura
1548 1069 1851 1135 hominum,

243 1171 389 1242 quod
417 1180 664 1239 oporteat
691 1169 828 1225 lilios
856 1177 910 1224 et
933 1168 1072 1223 lilias
1097 1175 1335 1221 mactare
1365 1163 1650 1219 dccmoniis
1671 1161 1696 1213 ?
1733 1161 1851 1217 Non

244 1261 585 1328 erubescitis,
609 1275 708 1314 nec
734 1257 938 1328 pudore
965 1256 1152 1314 sull'usi
1172 1271 1270 1313 vos
1289 1255 1488 1327 legitis,
1521 1269 1643 1309 cum
1667 1251 1852 1322 hujus-

246 1351 392 1406 modi
454 1365 623 1421 nugas
678 1348 1200 1421 comminiscimini?
1244 1348 1393 1402 Alius
1437 1346 1591 1403 .enim
1637 1344 1768 1400 dicit
1829 1359 1846 1398 :

246 1442 567 1514 Sanguinem
590 1443 802 1497 miscent
835 1441 1072 1513 sanguini
1102 1456 1122 1495 :
1147 1451 1192 1495 et
1216 1440 1496 1495 exsecratio
1518 1482 1532 1505 ,
1566 1449 1615 1493 et
1643 1439 1853 1494 menda-

243 1536 405 1600 cium,
429 1545 475 1588 et
498 1538 688 1594 furtum
708 1575 723 1598 ,
753 1543 800 1587 et
831 1533 1141 1588 adulterium
1171 1535 1343 1604 fusum
1368 1541 1442 1586 est
1462 1549 1628 1604 super
1657 1541 1849 1586 terram

246 1627 423 1696 (Osee.
454 1627 508 1682 ι.
537 1627 593 1697 2)
611 1626 714 1698 (a).
726 1626 874 1682 Alius
894 1634 1071 1682 autem
1103 1644 1117 1679 :
1152 1624 1317 1691 Facta
1329 1635 1398 1679 est
1421 1626 1676 1696 tibifacies
1691 1642 1852 1680 mere-

243 1719 407 1784 tricis,
444 1735 566 1788 ergo
590 1732 763 1772 omnes
794 1717 937 1788 fuisti
961 1716 1229 1787 impudens
1281 1717 1414 1787 (Jer.
1461 1717 1515 1770 '5.
1561 1715 1642 1786 '5).
1700 1716 1854 1771 Alius

245 1824 434 1863 rursus
489 1825 503 1861 :
555 1807 824 1878 Principes
877 1809 1028 1863 uestri
1084 1819 1344 1878 tamquam
1372 1808 1482 1879 lupi
1524 1807 1726 1864 Arabia!
1770 1808 1846 1880 (b)

245 1899 462 1968 (Ezech.
483 1898 572 1954 22.
603 1899 720 1970 27).
747 1899 898 1955 Alius
921 1914 1142 1955 rursus:
1173 1899 1297 1954 Non
1324 1909 1396 1954 est
1421 1899 1727 1971 intelligens,
1748 1916 1851 1954 non

243 2001 320 2046 est
372 1993 630 2060 requirens
679 1991 844 2045 Deum
887 1990 1078 2062 (Saph.
1125 1993 1179 2048 5.
1225 1993 1303 2064 5).
1354 1991 1544 2048 Omnes
1563 1993 1852 2053 declinave-

245 2091 390 2147 runt,
411 2083 566 2136 simul
589 2083 792 2136 inutiles
819 2084 944 2154 facti
968 2093 1088 2138 sunt
1110 2082 1282 2157 (Psal.
1313 2085 1402 2140 15.
1425 2086 1483 2140 2.
1510 2085 1594 2157 3).

317 2175 372 2230 5.
418 2175 630 2246 Egressi
670 2190 800 2247 ergo
842 2175 972 2232 estis
1002 2185 1062 2232 ut
1089 2177 1206 2240 haec
1235 2176 1538 2242 doceretis,
1565 2177 1853 2249 impuden-

245 2263 399 2330 tiam,
458 2267 788 2330 amentiam,
839 2267 1254 2333 fornicationes,
1286 2267 1577 2335 adulteria,
1632 2270 1847 2338 caedes,

245 2369 467 2410 omnem
490 2357 630 2411 viam
657 2356 1015 2427 improbitatis
1033 2359 1056 2413 ?
1072 2358 1188 2415 Non
1213 2361 1438 2416 cessatis
1463 2376 1563 2416 nos
1581 2375 1775 2433 cogere
1797 2372 1854 2418 ut

245 2455 428 2500 vestra
456 2447 593 2501 mala
625 2448 1002 2505 traducamus?
1058 2451 1166 2508 Vos
1185 2453 1317 2507 estis
1345 2451 1446 2518 Qui
1470 2454 1747 2524 portamini
1791 2471 1854 2512 ea:

245 2545 421 2602 utero,
453 2549 501 2590 et
529 2538 778 2594 docemini
821 2557 979 2612 usque
1019 2542 1089 2596 ad
1129 2553 1432 2598 senectutem
1453 2543 1504 2616 (ι
1511 2546 1608 2599 sai.
1639 2546 1731 2602 46.
1757 2545 1848 2618 3);

246 2642 346 2682 vos
373 2631 505 2684 estis
555 2631 723 2698 caeci,
759 2633 850 2702 qui
896 2647 997 2688 vos
1023 2633 1256 2690 invicem
1297 2635 1352 2690 in
1396 2635 1606 2692 foveam
1658 2639 1852 2707 praeei-

245 2719 452 2790 pitatis.
489 2721 665 2775 Circus
702 2723 844 2778 enim
869 2764 886 2792 ,
917 2724 1123 2794 inquit,
1146 2727 1191 2781 si
1217 2742 1409 2781 ctecum
1428 2727 1602 2794 ducat,
1633 2729 1856 2785 amboin

245 2810 446 2882 foueam
479 2814 658 2868 cadent
698 2813 910 2887 (Matth.
958 2818 1047 2873 15.
1073 2817 1322 2883 Ηςιιιε.
1360 2821 1413 2876 6.
1447 2822 1562 2893 39).
1595 2822 1696 2890 Qui
1730 2838 1854 2892 pro-

247 2904 440 2975 phetas
467 2920 682 2977 semper
702 2907 964 2966 habuistis
981 2951 998 2977 ,
1029 2919 1085 2967 et
1108 2927 1400 2984 numquam
1427 2914 1549 2970 lacti
1575 2918 1707 2972 estis
1735 2933 1853 2973 me-

247 2996 433 3060 liores.
468 2997 634 3055 futuri
681 3001 810 3058 estis
849 3003 1076 3059 aliorum
1117 3004 1416 3061 doctores?
1465 3006 1584 3064 Non
1628 3012 1854 3067 cessatis

250 3087 369 3144 haec
420 3092 631 3162 nugari,
665 3108 765 3148 nec
817 3103 1053 3150 vestram
1092 3098 1385 3167 agnoscitis
1436 3101 1692 3170 culpam?
1737 3101 1853 3160 Hoc

246 3179 396 3235 enim
426 3196 641 3252 semper
668 3195 760 3238 vos
789 3185 1042 3255 perdidit,
1075 3187 1217 3258 quod
1244 3200 1545 3248 vestrorum
1585 3194 1849 3251 malorum

247 3272 433 3327 nolitis
463 3272 868 3331 fundamentum
894 3292 1240 3348 cognoscere.
1270 3281 1582 3352 Propterea,
1612 3286 1755 3355 quod
1779 3288 1857 3342 fa-

247 3365 400 3419 ciunt
423 3366 654 3435 iudices,
684 3370 773 3438 qui
799 3369 992 3440 jubcnt
1022 3381 1142 3440 post
1166 3388 1283 3440 eos,
1307 3375 1396 3445 qui
1423 3375 1606 3446 ﬂagris
1633 3380 1854 3436 caedun-

250 3465 359 3519 tur,
389 3459 538 3529 sequi
565 3460 700 3516 alios
728 3462 816 3532 qui
847 3463 1081 3519 clament
1102 3475 1158 3521 et
1185 3466 1385 3535 dicant,
1421 3484 1519 3526 cur
1539 3473 1851 3544 cmdanlur,

249 3563 382 3603 num
435 3548 601 3616 fures,
632 3568 757 3606 num
789 3564 1032 3624 raptores
1055 3557 1164 3610 sint
1192 3573 1206 3609 :
1238 3557 1306 3612 ita
1350 3561 1513 3617 etiam
1567 3563 1707 3620 Deus
1756 3580 1854 3622 vos

247 3656 659 3712 quoquoversus
720 3647 1032 3710 traducens,
1054 3651 1216 3717 jussit
1240 3653 1392 3722 sequi
1421 3654 1726 3724 prophetas,
1762 3659 1852 3728 qui

249 3745 468 3787 causam
499 3733 738 3789 dicerent
765 3739 1031 3806 supplicii.
1058 3739 1266 3809 Ubique
1291 3744 1434 3798 enim
1456 3754 1718 3801 terrarum
1750 3765 1852 3803 una

250 3824 530 3878 vobiscum
562 3827 726 3880 vincti
774 3839 934 3897 sunt,
967 3832 1057 3900 qui
1096 3834 1259 3888 etiam
1300 3851 1444 3891 nunc
1481 3838 1660 3894 adhuc
1700 3841 1854 3897 vobis

249 3917 557 3972 inclamant.
591 3919 657 3974 Et
686 3921 730 3975 si
765 3921 818 3976 in
847 3937 1144 3995 synagogas
1173 3927 1491 3998 ingrediaris
1511 3973 1526 3996 ,
1555 3933 1742 3987 audies
1767 3949 1855 3988 as-

249 4009 407 4064 sidue
427 4025 521 4064 eos
547 4010 662 4065 haec
685 4012 848 4067 verba
878 4015 1079 4072 dicere.
1107 4017 1172 4072 Et
1204 4017 1370 4074 David
1400 4023 1617 4090 quidem
1650 4024 1854 4080 deseri-

251 4100 388 4155 bens
413 4101 562 4166 illud,
589 4103 730 4172 quod
767 4105 1032 4162 latrocinii
1064 4109 1235 4166 instar
1257 4111 1490 4168 habebat
1518 4115 1737 4185 Caiphzc
1759 4119 1852 4187 ju—

247 4192 472 4260 dicium,
500 4195 628 4250 dicit
652 4212 747 4252 vos
773 4208 1054 4269 propterea
1080 4204 1324 4273 periisse.
1353 4207 1488 4262 Cum
1521 4211 1664 4264 enim
1688 4211 1856 4266 dixi..-

249 4295 354 4348 set,
383 4283 755 4356 Dirumpamus
781 4293 984 4348 vincula
1010 4311 1183 4350 eorum
1210 4339 1224 4364 ,
1248 4308 1298 4353 et
1321 4299 1629 4371 abjiciamus
1650 4322 1682 4357 a
1709 4308 1855 4362 nobis

249 4378 432 4447 iugum
465 4379 696 4448 ipsorum
737 4381 910 4453 (Psal.
939 4385 995 4440 2.
1028 4388 1108 4457 3),
1139 4389 1416 4459 subjunxit
1443 4409 1458 4446 :
1493 4392 1637 4448 Tunc
1677 4397 1856 4468 loque-

251 4476 338 4522 tur
362 4468 432 4522 ad
456 4485 540 4524 eos
560 4472 614 4525 in
651 4472 731 4526 ira
756 4490 848 4528 sua
869 4515 882 4539 ,
912 4485 960 4529 et
988 4477 1041 4531 in
1069 4480 1246 4549 furore
1285 4499 1383 4536 suo
1412 4485 1733 4541 conturbabit
1771 4505 1856 4544 eos

257 4557 429 4628 (Ibid.
460 4578 506 4615 υ.
530 4561 622 4629 5).
682 4563 845 4619 Isaias
885 4577 1064 4623 autem
1115 4585 1235 4625 cum
1267 4573 1522 4640 dixisset,
1551 4594 1671 4633 cum
1719 4582 1859 4638 sicut

253 4663 410 4704 ovem
437 4651 655 4708 ductum
681 4669 805 4713 esse
833 4659 900 4712 ad
928 4660 1252 4717 occisionem
1271 4705 1287 4731 ,
1315 4667 1590 4736 subiunxit
1619 4685 1631 4723 :
1664 4670 1732 4725 Et
1759 4675 1856 4726 da-

255 4741 598 4813 boimprobos
639 4765 734 4816 pro
777 4753 1048 4820 sepultura
1089 4755 1219 4827 ejus,
1254 4769 1302 4812 et
1347 4761 1528 4816 divites
1562 4781 1655 4832 pro
1699 4778 1860 4821 morte

255 4837 370 4927 ejus
409 4835 562 4902 (Isai.
593 4841 681 4896 53.
708 4843 800 4912 9);
832 4853 888 4899 ct
924 4862 1112 4902 rursus
1142 4849 1267 4904 alibi
1297 4851 1364 4906 de
1396 4855 1552 4908 vinea
1585 4856 1810 4927 loquens
1842 4877 1854 4912 :

256 4922 600 4995 Exspectaui,
634 4940 690 4985 ut
709 4932 899 5002 faceret
929 4937 1189 5006 justitiam
1217 4958 1234 4994 :
1268 4943 1390 5012 fecit
1425 4955 1596 4998 autem
1627 4922 1862 5016 iniquita-

255 5026 379 5083 tem,
406 5028 457 5073 et
475 5036 574 5073 non
589 5023 869 5092 justitiam,
912 5028 1001 5082 sed
1031 5031 1306 5086 clamorem
1341 5033 1454 5103 (Id.
1485 5037 1536 5091 5.
1560 5037 1639 5098 7).
1663 5040 1862 5106 Quem-

256 5124 382 5164 nam
413 5121 592 5168 autem
622 5117 912 5173 clamorem
937 5119 959 5173 ?
983 5119 1239 5194 Cruci/ige
1261 5165 1276 5190 ,
1305 5127 1547 5197 cruci/ige
1577 5129 1731 5200 (Luc.
1767 5133 1860 5188 23.

255 5200 372 5275 2|).
407 5205 472 5259 Et
512 5205 786 5278 subjungit
815 5228 828 5262 :
859 5210 1140 5284 Propterea
1181 5216 1384 5272 diruunt
1427 5237 1595 5291 sepem
1637 5227 1749 5295 ejus
1771 5268 1785 5293 ,
1817 5235 1863 5281 et

258 5297 354 5349 erit
400 5297 456 5351 in
503 5303 938 5360 conculcationem
971 5316 1059 5361 :et
1105 5311 1361 5365 mandabo
1402 5315 1647 5382 nubibus,
1679 5329 1732 5372 ut
1763 5337 1864 5375 non

261 5388 444 5457 pluunt
486 5407 642 5462 super
661 5395 830 5462 ipsum
868 5397 1096 5468 pluviam
1121 5399 1272 5473 (Isai.
1306 5405 1360 5459 5.
1389 5407 1443 5461 5.
1468 5407 1546 5478 6).
1579 5408 1695 5464 Non
1742 5412 1865 5468 ideo

263 5493 394 5550 ergo
421 5480 653 5552 dispersi
674 5489 831 5555 estis,
871 5489 966 5546 sed
991 5504 1212 5563 propter
1237 5511 1299 5551 ea
1333 5514 1454 5568 qua:
1480 5501 1532 5555 in
1558 5501 1719 5560 cruce
1749 5507 1866 5563 ausi

1327 402 1693 464 EXPOSITIO
1731 401 1799 460 IN
1839 399 2169 458 PSALMU)!
2211 399 2345 458 Vili.

2319 241 2345 352 l

3481 407 3580 465 ΗΔ

1967 513 2136 579 estis;
2169 511 2329 582 idque
2358 510 2705 567 manifestum
2737 522 2911 568 estex
2939 511 3239 584 prophetis.
3275 511 3346 570 Et
3367 516 3584 573 utsciss

1963 603 2162 676 Christi
2185 605 2466 671 virtutem,
2492 614 2654 675 atque
2676 615 2734 661 ut
2752 621 2822 662 ex
2845 606 2999 662 vobis
3023 606 3154 677 ipsis
3189 607 3434 675 discetis,
3461 623 3582 680 quae

1962 711 2071 752 non
2096 695 2360 752 didicistis
2386 697 2739 768 aprophetis,
2783 697 2906 754 vide
2946 711 3038 754 res
3079 714 3296 770 quoque
3335 700 3484 771 ipsas
3528 700 3582 756 id

1963 797 2242 846 testantes.
2270 788 2425 858 Quod
2448 791 2594 845 enim
2617 805 2711 844 vos
2741 790 2823 844 lex
2848 805 2956 846 non
2987 789 3193 855 docuit,
3223 790 3327 847 huc
3345 807 3412 847 ex
3450 789 3580 846 red-

1964 878 2187 935 undanti
2225 878 2353 936 fecit
2391 878 2597 935 Christi
2641 880 2903 950 potentia.
2934 880 3202 950 Quamdiu
3223 883 3368 936 enim
3399 882 3577 953 legem

1962 969 2250 1038 habuistis,
2277 971 2608 1028 occidebatis
2627 1013 2642 1036 ,
2671 973 2810 1029 lilios
2841 973 3160 1029 mactabatis
3179 1015 3194 1040 ,
3226 984 3281 1030 et
3305 973 3575 1030 adultera-

1960 1061 2102 1119 batis
2128 1078 2142 1115 :
2169 1069 2451 1133 postquam
2477 1072 2657 1118 autem
2687 1062 2864 1119 illuxit
2891 1065 2973 1119 sol
2997 1063 3222 1133 justitiaa
3240 1105 3256 1128 ,
3291 1065 3360 1119 de
3381 1066 3576 1128 vestris

1959 1155 2120 1210 malis
2135 1156 2361 1210 multum
2377 1157 2628 1219 decessit,
2646 1165 2703 1211 et
2719 1156 3048 1211 moderatius
3061 1159 3223 1211 vitam
3243 1157 3577 1226 instituistis,

1961 1248 2189 1304 correcti
2213 1263 2312 1318 per
2337 1261 2573 1304 vestram
2599 1249 2656 1305 in
2685 1264 2786 1304 nos
2811 1249 3238 1305 aemulationem.

2030 1340 2207 1398 Iudici
2245 1359 2337 1397 cur
2379 1342 2710 1413 dispersi.—
2733 1342 3022 1412 Propterea
3061 1358 3158 1399 vos
3198 1343 3476 1409 dispersit,
3519 1351 3578 1405 ut

1959 1437 2172 1494 sciretis
2207 1447 2462 1509 quantam
2492 1438 2545 1493 in
2593 1439 2750 1493 terris
2776 1437 3034 1508 plantarit
3061 1438 3448 1508 rempublicam
3475 1453 3490 1503 ;
3520 1443 3576 1508 et

1959 1534 2218 1604 templum
2255 1535 2450 1601 solvit,
2481 1549 2579 1590 vos
2621 1533 2706 1589 vel
2737 1534 2934 1588 invitos
2957 1548 2988 1587 a
3017 1533 3150 1598 vitio
3178 1532 3473 1588 abducens.
3510 1532 3576 1586 Et

1959 1626 2050 1682 ubi
2091 1625 2350 1696 templum
2390 1624 2490 1680 fuit
2529 1626 2810 1692 solutum,
2854 1623 2964 1680 illic
3001 1624 3163 1678 etiam
3201 1623 3448 1678 Christus
3489 1636 3577 1679 se-

1959 1717 2140 1788 pultus
2181 1725 2298 1780 est,
2328 1726 2383 1774 ut
2431 1725 2650 1787 propter
2689 1717 2832 1772 illius
2877 1715 3186 1786 sepulcrum
3231 1714 3575 1778 recedentes,

1961 1808 2206 1865 viderent
2250 1809 2414 1864 etiam
2452 1820 2713 1879 tropaeum
2756 1808 2901 1864 illius
2939 1807 3218 1877 potentiae,
3250 1818 3305 1862 et
3345 1807 3572 1863 verbum

1959 1907 2104 1954 stare
2124 1897 2267 1968 quod
2293 1898 2420 1954 dicit
2447 1918 2461 1953 :
2493 1897 2618 1953 Non
2648 1899 2868 1954 manebit
2895 1899 2979 1952 hic
3008 1898 3142 1968 lapis
3165 1913 3320 1968 super
3349 1895 3576 1968 lapidem

1961 1989 2176 2062 (Matth.
2199 1990 2314 2062 24).
2344 1990 2554 2062 Ubique
2591 1991 2736 2047 enim
2779 2000 2906 2047 sunt
2931 1990 3051 2061 ejus
3079 1999 3282 2060 tropaea
3309 1998 3366 2045 et
3401 1989 3578 2045 moni-

1957 2093 2138 2140 menta
2165 2085 2435 2154 potentiae.
2464 2085 2558 2142 Sin
2587 2095 2767 2142 autem
2796 2094 2931 2148 erat.
2961 2093 3020 2140 ut
3048 2083 3247 2150 dicitis,
3280 2082 3497 2152 impius,
3519 2089 3579 2138 et

1959 2175 2054 2232 Dei
2082 2175 2446 2245 adversarius,
2473 2178 2574 2232 etsi
2597 2175 3008 2239 innumerabilia
3036 2184 3256 2244 peccata
3286 2173 3572 2240 fecissetis,

1959 2281 2028 2320 ne
2048 2267 2126 2321 sic
2146 2266 2362 2336 quidem
2390 2267 2562 2337 puniri
2586 2267 2902 2336 oportebat:
2931 2267 3032 2321 etsi
3059 2264 3363 2335 oportebat,
3386 2273 3436 2319 at
3465 2278 3574 2318 non

1961 2367 2122 2414 tunc:
2163 2375 2232 2414 ne
2261 2348 2395 2429 quis.
2417 2359 2752 2416 existimaret
2782 2373 2880 2423 vos
2911 2372 3010 2427 pro
3053 2358 3144 2412 illo
3169 2370 3359 2426 pmnas
3397 2355 3571 2410 luere.

1959 2449 2154 2504 Annon
2189 2449 2417 2506 audistis
2461 2451 2632 2507 Deum
2676 2451 2984 2515 dicentem,
3034 2449 3251 2519 quando
3300 2447 3466 2502 eratis
3517 2446 3572 2500 in

1958 2542 2305 2611 captivitate:
2340 2541 2462 2596 Non
2491 2551 2701 2612 propter
2725 2555 2813 2595 vos
2841 2541 2998 2611 facio,
3027 2540 3116 2593 sed
3142 2549 3355 2609 propter
3384 2554 3482 2605 me,
3511 2553 3576 2591 ne

1958 2651 2128 2707 meum
2153 2651 2336 2691 nomen
2361 2637 2664 2708 profanetur
2703 2633 2918 2706 (Eucti.
2949 2631 3036 2695 36.
3070 2630 3208 2701 22)?
3238 2631 3400 2700 Atqui
3444 2639 3574 2684 tunc

1958 2735 2076 2782 erat
2101 2726 2274 2798 major
2297 2735 2476 2782 vestra
2507 2726 2840 2797 improbitas.
2870 2725 2977 2781 Sed
3007 2736 3184 2781 tamen
3211 2765 3227 2791 ,
3260 2723 3471 2793 inquit,
3503 2738 3576 2778 ne

1959 2818 2268 2876 existiment
2293 2817 2504 2873 barbari
2528 2834 2615 2873 me
2635 2833 2756 2879 esse
2780 2817 3132 2882 imbecillum,
3155 2815 3370 2870 dimitto
3391 2823 3574 2876 vestra

1959 2919 2199 2979 peccata,
2225 2895 2290 2963 et
2306 2924 2570 2964 conservo
2595 2923 2714 2964 vos.
2743 2908 2890 2964 Itane
2912 2918 3039 2967 tunc
3064 2906 3280 2977 quidem
3311 2920 3430 2972 vos,
3465 2904 3572 2959 ini-

1959 3016 2066 3071 que
2094 3015 2192 3056 vos
2216 3008 2487 3070 gerentes,
2514 3001 2768 3065 servavit,
2799 3013 2868 3060 ne
2889 3001 3010 3069 ejus
3036 3013 3231 3053 nomen
3258 2997 3575 3068 profanare-

1959 3103 2083 3150 tur:
2133 3108 2277 3148 nunc
2314 3105 2494 3148 autem
2541 3093 2643 3148 hoc
2691 3108 2800 3149 non
2853 3091 3107 3156 fecisset?
3145 3090 3258 3145 Etsi
3299 3090 3442 3143 enim
3485 3086 3572 3144 vel

1959 3187 2238 3263 innumera
2263 3197 2481 3256 peccata
2511 3185 2882 3250 admisissetis,
2914 3200 3010 3239 vos
3038 3183 3166 3238 nihil
3194 3183 3435 3254 oportuit
3461 3182 3569 3251 pati

1957 3279 2257 3350 ejusmodi,
2288 3279 2331 3333 si
2365 3277 2554 3332 luisset
2581 3279 2844 3348 impostor
2870 3277 3120 3332 Christus
3143 3318 3159 3345 ,
3191 3291 3259 3331 ne
3299 3274 3422 3347 quis
3449 3274 3567 3330 exi-

1959 3371 2206 3426 stimaret
2225 3385 2321 3424 vos
2347 3369 2434 3425 illa
2458 3380 2679 3441 propter
2702 3374 2876 3438 ipsum
2904 3383 3024 3431 esse
3052 3383 3260 3438 passos,
3288 3367 3383 3423 sed
3406 3369 3573 3423 etiam

1959 3473 2308 3520 conservatos
2331 3477 2426 3518 vos
2449 3477 2572 3517 esse
2596 3463 2860 3532 oportuit;
2892 3472 2948 3516 et
2975 3461 3018 3513 si
3040 3501 3057 3528 ,
3090 3471 3145 3514 ut
3167 3459 3276 3529 jam
3309 3458 3441 3526 dixi,
3471 3473 3571 3521 vos

1961 3554 2072 3624 pati
2113 3553 2384 3623 Oportuit,
2422 3563 2478 3607 at
2509 3569 2615 3608 non
2649 3562 2795 3607 tunc.
2834 3551 2987 3606 Nunc
3026 3563 3207 3612 autem
3248 3550 3364 3606 hmo
3411 3550 3574 3605 simul

1960 3647 2101 3701 facta
2123 3655 2268 3702 sunt.
2312 3644 2540 3714 Quando
2577 3645 2721 3699 enim
2753 3660 2882 3702 crux
2913 3645 3214 3714 processit,
3261 3645 3419 3713 paulo
3449 3653 3573 3712 post

1959 3739 2208 3794 exierunt
2237 3738 2500 3808 apostoli,
2531 3746 2588 3793 et
2628 3736 2848 3793 difﬁcile
2885 3739 3085 3793 bellum
3122 3739 3382 3793 adversus
3426 3735 3573 3791 illaut

1960 3830 2232 3886 civitatem
2264 3832 2579 3886 suscitatum
2606 3840 2725 3889 est:
2755 3845 2810 3886 et
2836 3831 2977 3900 quod
3011 3841 3094 3886 est
3134 3832 3184 3884 in
3220 3831 3526 3901 Evangeliis
3557 3850 3572 3886 :

1970 3920 2060 3976 Vw
2083 3922 2386 3994 lactantibus
2405 3932 2451 3976 et
2472 3922 2854 3993 prtegnantibus
2873 3921 3083 3994 (Matth.
3109 3922 3200 3976 24.
3229 3922 3341 3992 19),
3366 3920 3577 3974 omnia-

1961 4028 2065 4083 que
2095 4014 2182 4067 illa
2222 4014 2422 4067 exitum
2451 4014 2642 4068 sortita
2673 4023 2798 4067 sunt
2824 4033 2836 4067 :
2865 4022 2920 4067 et
2948 4013 3097 4073 illud,
3129 4011 3273 4066 Tunc
3298 4014 3390 4065 erit
3413 4011 3574 4064 tribu-

1963 4105 2086 4160 latio
2107 4148 2121 4169 ,
2150 4105 2315 4176 qualis
2341 4123 2614 4175 numquam
2645 4116 2762 4160 ante
2787 4106 2883 4176 fuit
2919 4105 3070 4178 (Luc.
3104 4105 3196 4160 2|.
3225 4105 3323 4173 23)
3348 4145 3362 4171 ,
3386 4104 3578 4176 imple.

1965 4208 2074 4252 tum
2104 4205 2210 4252 est.
2243 4197 2375 4252 Nam
2409 4208 2465 4252 et
2509 4199 2762 4276 mulieres
2802 4198 2942 4256 lilios
2973 4200 3356 4264 comederunt,
3391 4199 3576 4256 hostes

1963 4290 2335 4361 perfregerunt
2360 4300 2579 4346 ventres
2610 4299 2946 4346 mortuormn
2968 4334 2982 4355 ,
3015 4300 3071 4347 et
3098 4292 3235 4362 ignis
3263 4291 3576 4347 barbaricus

1961 4393 2045 4438 est
2089 4383 2268 4436 omnia
2317 4382 2690 4453 depolmlatus,
2721 4384 3012 4452 omniaque
3053 4393 3202 4437 erant
3251 4382 3404 4452 plena
3449 4397 3578 4439 san-

1962 4476 2143 4545 guine,
2167 4485 2221 4529 et
2247 4491 2398 4528 novae
2423 4475 2718 4544 tragmdizc,
2745 4485 2799 4529 et
2826 4476 3111 4530 universus
3138 4474 3284 4530 orbis
3311 4483 3577 4530 terrarum

1965 4568 2196 4624 refertus
2208 4567 2739 4623 eratmalisJudaicis
2766 4568 2998 4639 (Ioseph.
3018 4567 3082 4621 de
3098 4566 3228 4622 Bell.
3251 4565 3430 4633 lud.).
3453 4566 3581 4622 "ac

1964 4676 2094 4730 ergo
2137 4659 2278 4730 apud
2311 4674 2404 4714 vos
2434 4661 2734 4730 cogitantes
2758 4701 2774 4725 ,
2805 4669 3046 4714 vestrum
3081 4659 3364 4713 Dominum
3403 4667 3576 4730 agno-

1965 4756 2120 4809 scite.
2165 4757 2358 4808 Annon
2406 4755 2696 4823 prophetas
2744 4752 3062 4809 occidistis?
3110 4767 3237 4806 num
3295 4752 3402 4808 tale
3450 4749 3581 4821 quid

1966 4846 2112 4918 passi
2155 4845 2539 4901 estis?Nonne
2586 4845 2773 4899 altaria
2823 4845 3111 4900 diruistis?
3158 4843 3416 4913 numquid
3458 4843 3584 4898 talis

1965 4941 2119 4995 vobis
2165 4939 2389 5010 contigit
2444 4940 2762 4993 calamitas?
2804 4938 2994 4993 Nonne
3043 4937 3270 4992 vitulum
3315 4936 3584 4992 adorastis

1967 5030 2164 5100 (Exod.
2195 5029 2309 5100 '52),
2339 5039 2394 5085 et
2418 5030 2751 5100 Beelphegor
2777 5032 2906 5085 estis
2937 5030 3125 5085 initiati
3147 5027 3341 5098 (Nunt.
3374 5029 3466 5084 25.
3498 5027 3582 5096 ὅ),

1967 5133 2321 5193 naturamque
2347 5123 2630 5193 ignorastis
2657 5124 2680 5177 ?
2711 5123 2965 5192 numquid
3000 5125 3133 5178 tales
3165 5123 3347 5177 hostes
3372 5120 3587 5192 experti

1969 5216 2142 5271 estis?
2169 5217 2359 5270 Annon
2402 5216 2485 5270 vel
2531 5217 2582 5271 in
2628 5217 2820 5272 mediis
2848 5217 3121 5273 beneliciis
3151 5217 3499 5272 immemores
3533 5227 3585 5274 et

1969 5308 2162 5378 ingrati
2190 5309 2384 5363 servati
2411 5308 2579 5364 estis?
2607 5308 2758 5365 Unde
2785 5325 2915 5379 ergo
2941 5311 3218 5364 innumera
3243 5309 3295 5363 in
3321 5324 3420 5364 vos
3446 5308 3588 5362 mala

1972 5397 2207 5470 profecta
2229 5400 2397 5454 sunt?
2423 5399 2608 5455 Nonne
2629 5401 2832 5455 clarum
2854 5409 2939 5456 est
2959 5417 3023 5455 ex
3047 5417 3132 5463 eo.
3157 5401 3300 5472 quod
3330 5402 3381 5455 in
3409 5401 3590 5455 Domi-

1973 5509 2099 5547 num
2126 5493 2241 5547 ausi
2271 5491 2399 5547 estis
2431 5507 2673 5563 peccare,
2710 5509 2816 5548 non
2847 5493 2901 5548 in
2932 5494 3162 5550 servos?
3192 5492 3347 5556 Unde
3377 5507 3480 5547 nec
3507 5498 3592 5547 est

1973 5587 2126 5640 vobis
2157 5601 2188 5640 a
2217 5586 2390 5653 malis,
2422 5602 2542 5657 qua:
2572 5602 2669 5642 vos
2711 5589 2988 5651 invasere,
3023 5588 3268 5642 liberatio
3292 5628 3308 5652 ,
3340 5602 3440 5641 nec
3465 5587 3591 5642 erit.

326 5663 548 5753 (311m
569 5668 688 5718 item
713 5669 910 5722 inverso
931 5672 1076 5724 modo
1112 5674 1412 5730 referuntur.
1439 5681 1558 5732 Vide
1581 5684 1710 5734 hunc
1731 5691 1870 5737 Oscae
1977 5681 2034 5737 Si
2066 5682 2208 5736 enim
2237 5689 2403 5745 esset.
2437 5697 2557 5736 eam
2585 5681 2966 5753 pra-dixissent
2986 5681 3284 5752 prophetae.
3315 5680 3467 5735 Nunc
3491 5695 3591 5732 au-

262 5725 444 5777 locum.

270 5847 298 5892 ὅ
329 5788 548 5861 (ὀχῆες
570 5793 740 5866 verba.
767 5800 1014 5868 tamquam
1047 5797 1152 5860 lupi
1184 5800 1405 5872 Lerabite,
1431 5815 1545 5856 sunt
1582 5807 1630 5855 in
1656 5809 1864 5870 Sophon.

310 5851 385 5892 ,3-
409 5861 472 5892 tu
493 5861 541 5892 In
570 5869 715 5892 111⁵1ωῂ
743 5870 850 5892 Μίδαι
877 5865 935 5892 ιιι
962 5862 1221 5892 Ριιιηιιίιηιε
1267 5869 1477 5892 nummi-
1501 5870 1748 5892 L-A-.I..,...:-,

309 5851 387 5913 .3,
409 5853 472 5901 ita
493 5861 546 5901 ut
569 5859 715 5919 prima
743 5870 850 5920 pars
875 5851 938 5909 iit
959 5851 1241 5924 Ezechielis,

1979 5782 2087 5827 tem
2116 5773 2366 5828 dixerunt
2387 5774 2604 5844 quidem
2634 5775 3019 5844 captivitatem,
3052 5775 3146 5830 sed
3179 5789 3286 5830 non
3318 5773 3551 5829 reditum
3572 5786 3593 5828 :

1983 5865 2108 5921 licet
2140 5865 2275 5920 bona
2308 5865 2582 5937 suppliciis
2627 5865 2840 5922 assidue
2866 5865 3230 5932 admisceant,
3261 5873 3316 5919 et
3349 5874 3590 5934 tempora
