4068 6428
563 373 660 427 liii

548 485 820 542 deﬁniant.
853 483 1056 538 Etenim
1093 478 1349 536 Jeremias
1390 476 1625 531 deﬁnivit
1652 473 1978 543 septuaginta
2018 485 2116 520 an-

549 594 649 634 nos
675 576 809 648 (Jer.
838 574 930 630 29.
959 571 1082 645 l0),
1112 580 1165 626 et
1204 568 1389 624 Daniel
1427 561 2127 632 similitertresannos(a)et

551 667 832 725 dimidium
906 667 1082 740 (Dan.
1137 667 1193 724 9.
1256 661 1345 716 23.
1374 659 1565 728 sqq.);'
1591 657 1717 726 quin
1742 655 1900 710 etiam
1934 652 2128 721 pradi-

483 751 485 753 1
551 769 694 818 ctum
747 768 828 814 est
874 771 968 813 eos
1015 752 1414 827 quadringentis
1478 760 1531 804 et
1587 748 1798 818 triginta
1867 743 2020 798 annis
2075 743 2125 796 iu

549 848 780 921 Egypto
805 849 1096 904 servituros
1125 842 1276 918 (Gen.
1307 841 1391 896 15.
1427 838 1537 910 l3).
1566 837 1734 902 Hujus
1759 846 1932 889 autem
1958 832 2128 900 capti-

549 942 726 996 vitatis
742 953 998 1008 nusquam
1019 937 1180 991 situm
1203 942 1286 988 est
1309 941 1536 999 tempus,
1562 945 1657 982 nec
1675 926 1814 991 ﬁnis,
1841 925 1931 978 sed
1949 923 2127 976 relicta

548 1041 632 1086 est
662 1040 834 1084 vestra
869 1029 1057 1081 domus
1098 1025 1330 1088 deserta,
1362 1030 1417 1074 et
1436 1019 1672 1090 quotidie
1711 1031 1798 1071 res
1839 1023 2027 1068 vestra:
2076 1015 2127 1066 in

550 1121 784 1176 deterius
815 1117 1110 1188 procedunt
1139 1113 1350 1184 (Matth.
1384 1112 1474 1167 25.
1504 1111 1615 1180 58).

621 1209 673 1264 ϐ.
716 1208 840 1263 Haec
873 1207 1052 1262 omnia
1081 1213 1284 1260 attente
1325 1202 1464 1270 apud
1492 1216 1585 1255 vos
1613 1198 2010 1254 considerantes
2030 1237 2044 1259 ,
2078 1206 2131 1250 et

548 1315 669 1371 qua:
709 1299 940 1353 breviter
979 1295 1117 1350 dicta
1161 1304 1286 1350 sunt
1324 1292 1489 1347 fusius
1531 1299 1818 1344 tractantes
1847 1288 1952 1359 (Da
1989 1288 2131 1340 enim

545 1391 762 1462 sapienti
794 1389 1132 1451 occasionem,
1170 1396 1216 1439 et
1259 1385 1352 1438 erit
1396 1384 1669 1452 sapientior
1695 1379 1874 1453 [Prov.
1912 1379 1964 1433 9.
1993 1375 2123 1448 9]),

549 1481 757 1534 illorum
799 1477 1176 1547 impudentiam
1207 1475 1573 1542 ingratumque
1614 1472 1844 1523 anitnnm
1893 1467 2130 1535 poteritis

548 1568 814 1624 refellere.
841 1569 893 1622 4.
921 1566 1169 1632 Quoniam
1191 1563 1361 1617 videbo
1381 1561 1527 1615 calas
1551 1571 1660 1614 tuos
1688 1576 1838 1629 opera
1859 1558 2130 1627 digitorum

549 1670 767 1714 tuorum.
792 1658 960 1723 Alius,
996 1655 1150 1710 Video
1176 1655 1306 1707 enim
1326 1654 1494 1705 rales.
1522 1650 1718 1703 Lunam
1742 1658 1784 1702 et
1814 1649 2002 1710 stellas,
2022 1661 2133 1716 qua:

551 1759 605 1803 tu
629 1749 871 1820 fundasti.
896 1748 1078 1811 Alius,
1112 1743 1334 1798 Parasti.
1367 1744 1511 1797 Alius
1531 1784 1544 1807 ,
1579 1741 1846 1796 Stabiliisti
1877 1739 1970 1807 (ὁ).
2001 1737 2128 1791 Cum

551 1839 788 1901 dixisset,
808 1835 1120 1891 Destruxisti
1143 1833 1401 1898 inimicos,
1418 1829 1706 1900 splendida)
1724 1829 1878 1896 hujus
1900 1828 2130 1880 victoria:

549 1927 703 1983 affert
719 1926 1103 1996 probationem.
1130 1923 1206 1977 Tu
1229 1924 1392 1986 enim,
1422 1922 1606 1991 inquit,
1630 1921 1718 1988 qui
1741 1917 2028 1974 cruciﬁxus
2048 1933 2126 1980 es,

549 2015 734 2088 qui-de
769 2015 946 2070 medio
985 2013 1222 2068 sublatus
1244 2028 1302 2066 es
1323 2053 1337 2077 ,
1368 2010 1655 2080 apparuisti
1683 2009 1827 2063 orbis
1874 2021 2128 2061 terrarum

549 2106 768 2163 Creator
787 2114 843 2160 et
864 2105 1069 2174 Opilex.
1092 2105 1381 2174 PrOpterea
1402 2102 1531 2157 dicit
1552 2119 1566 2156 :
1610 2100 1791 2155 Videbo
1811 2100 1961 2154 talos
1982 2110 2091 2152 tuos
2111 2115 2130 2152 :

549 2197 854 2267 signiﬁcans
880 2198 1073 2251 multos
1103 2210 1206 2250 non
1247 2207 1400 2250 antea
1427 2195 1770 2262 cognovisse.
1807 2203 1986 2262 postea
2017 2196 2132 2263 qni-

548 2286 673 2342 dem
697 2295 843 2341 certe
879 2300 1066 2340 omnes
1096 2286 1285 2339 scient.
1316 2285 1379 2339 Et
1406 2299 1501 2339 cur
1539 2300 1644 2338 non
1685 2284 1957 2338 universas
1986 2284 2131 2338 orbis

547 2385 706 2431 terrae
733 2386 909 2446 partes
930 2384 1288 2446 persequutus
1306 2375 1423 2429 est?
1445 2375 1595 2444 Quod
1625 2391 1808 2430 eorum
1838 2391 1956 2444 qua:
1986 2376 2130 2432 vide-

548 2468 744 2522 bantur
766 2469 1143 2538 Opportuniora
1175 2477 1544 2538 persequutus,
1571 2467 1639 2522 de
1670 2468 1789 2522 aliis
1812 2467 2004 2523 docere
2026 2470 2130 2522 mi-

549 2558 693 2613 nimc
715 2572 850 2628 opus
873 2557 1134 2613 habuerit.
1163 2558 1312 2613 Adeo
1333 2573 1458 2628 ergo
1481 2558 1735 2614 destructi
1761 2567 1886 2611 sunt
1908 2558 2125 2620 inimici,

548 2656 609 2706 ut
630 2648 717 2719 qui
744 2648 812 2703 ab
830 2649 909 2704 eis
932 2636 1313 2717 expellebatnr,
1337 2659 1388 2703 et
1409 2649 1476 2703 ab
1503 2653 1580 2703 eis
1601 2649 1671 2704 de
1696 2648 1871 2703 medio
1891 2648 2130 2702 sobiatus

547 2747 648 2803 est,
692 2737 927 2793 omnium
952 2753 1070 2808 qtae
1105 2737 1417 2791 videbantur
1457 2739 1762 2806 apparuerit
1801 2735 2009 2808 Opifex.
2063 2737 2131 2791 Et

546 2844 712 2899 quare
740 2845 844 2884 non
892 2829 1050 2896 dicit,
1097 2828 1343 2883 Mannum
1389 2839 1630 2897 tuarum,
1668 2831 1801 2897 sed,
1836 2830 2129 2902 Digitorum

545 2919 785 2973 tuorum?
809 2919 1037 2974 Minima:
1074 2919 1396 2987 operationis
1438 2925 1569 2990 epu‘s
1598 2920 1883 2976 ostendens
1919 2938 1979 2977 ea
2011 2939 2128 2994 qua:

547 3010 824 3074 videntur,
879 3018 932 3065 et
981 3009 1291 3064 admirabile
1333 3009 1622 3078 opiﬁcium,
1664 3012 1806 3081 quod
1855 3009 2128 3082 snspensas

546 3099 713 3156 stella:
732 3115 838 3155 non
857 3099 1051 3154 cadant
1073 3118 1089 3155 :
1115 3101 1214 3154 etsi
1239 3108 1425 3155 natura
1448 3100 1910 3156 fundamentorum
1927 3104 2122 3172 exigat,

547 3200 606 3244 ut
631 3189 856 3255 inferne,
888 3204 993 3244 non
1020 3203 1252 3258 superne
1270 3190 1534 3259 jaciantur
1559 3209 1571 3245 :
1602 3190 1695 3245 sed
1725 3191 1956 3259 optimus
1983 3194 2128 3246 Arti-

547 3281 654 3344 fex,
687 3282 775 3348 qui
800 3280 922 3334 facit
950 3280 1280 3334 admirabilia
1301 3321 1315 3346 ,
1348 3282 1402 3336 in
1429 3281 1508 3334 his
1537 3297 1656 3350 qua:
1695 3293 1950 3350 apparent
1976 3284 2124 3353 plura

548 3371 671 3426 fecit
695 3386 856 3440 supra
883 3380 1085 3424 natura:
1109 3371 1568 3440 consequentiam.
1606 3372 1670 3425 Et
1695 3388 1858 3442 quare
1889 3374 2015 3427 nihil
2042 3373 2124 3426 di-

545 3462 617 3516 cit
642 3460 708 3515 de
736 3461 1083 3530 potestatibus
1105 3462 1447 3529 incorporeis,
1482 3471 1537 3516 ut
1563 3463 1685 3518 inde
1709 3478 1917 3534 quoque
1946 3477 2124 3520 osten-

543 3551 632 3604 dat
668 3550 783 3619 ejus
811 3551 1177 3605 creationem?
1204 3550 1355 3618 Quod
1403 3553 1651 3607 nimirum
1695 3559 1794 3609 hoe
1833 3555 2042 3609 interim
2073 3557 2122 3610 ei

544 3642 596 3696 in
626 3643 897 3710 preposito
927 3641 1102 3707 fuerit,
1129 3651 1188 3694 ut
1213 3642 1311 3710 ipsi
1341 3642 1609 3697 discerent
1638 3646 1704 3700 de
1733 3646 1794 3699 iis
1817 3661 1935 3714 qua:
1964 3661 2125 3714 appa-

543 3733 848 3809 rebant..Et
889 3743 1163 3802 propterea
1196 3734 1310 3802 ejus
1339 3750 1551 3805 quoque
1586 3736 1740 3790 Pater
1768 3753 1888 3792 cum
1931 3753 2127 3808 susque

543 3825 717 3892 deque
755 3839 875 3878 eum
920 3823 1116 3878 Judaeis
1156 3823 1480 3894 loqueretur,
1519 3843 1623 3881 non
1654 3827 1817 3882 dicit:
1865 3826 1974 3899 Ego
2022 3829 2123 3885 feci

541 3914 761 3984 angelos
787 3925 844 3969 et
871 3914 1159 3968 Cherubim
1183 3931 1198 3979 ;
1230 3916 1347 3981 sed,
1397 3915 1510 3987 Ego
1537 3917 1713 3973 coelum
1743 3919 1938 3971 extendi
1965 3935 1984 3973 :
2009 3937 2122 3973 ma-

543 4021 638 4058 nus
661 4021 770 4058 mea
795 4015 977 4059 terram
1003 4007 1253 4074 fundavit,
1279 4007 1455 4062 dextra
1475 4025 1584 4063 mea
1613 4011 1830 4078 ﬁrmavit
1853 4010 2004 4081 (Isai.
2029 4013 2118 4068 48.

544 4100 632 4169 l3)
662 4117 675 4152 :
707 4110 760 4153 et
780 4113 991 4153 omnem
1013 4113 1225 4168 semper
1243 4101 1534 4156 orationem
1555 4105 1819 4157 consumit
1840 4105 1889 4158 in
1922 4105 1984 4159 iis
2003 4121 2122 4174 qua:

542 4199 820 4259 apparent,
852 4190 1027 4244 omnia
1067 4204 1229 4261 agens
1257 4191 1324 4245 ad
1369 4191 1593 4247 salutem
1639 4195 1959 4248 auditorum.
1988 4196 2119 4251 Cum

543 4279 686 4334 enim
717 4287 897 4333 essent
925 4280 1249 4346 crassiores,
1279 4280 1445 4351 magis
1477 4281 1808 4337 ducebantur
1828 4282 1895 4337 ab
1920 4284 1984 4337 iis
2004 4301 2122 4353 quae

540 4370 809 4438 videntur,
851 4386 1010 4440 quam
1054 4371 1122 4426 ab
1163 4371 1228 4425 iis
1252 4387 1372 4442 quae
1414 4373 1513 4427 sub
1540 4375 1709 4428 visum
1756 4389 1861 4430 non
1904 4376 2116 4432 cadunt.

541 4462 830 4532 Propterea
872 4463 1066 4518 Paulus
1087 4477 1299 4534 quoque
1339 4479 1550 4534 semper
1583 4466 1885 4536 ingrediens
1912 4477 1967 4523 et
1994 4482 2123 4523 con-

540 4555 760 4609 cionans
783 4595 798 4619 ,
827 4553 974 4608 ducit
1001 4554 1278 4609 exordium
1320 4570 1350 4608 a
1377 4567 1618 4610 creatura
1661 4573 1780 4627 quae
1809 4557 2016 4614 videtur
2042 4559 2124 4613 di-

543 4659 707 4701 cens:
739 4643 870 4699 Deus
894 4645 979 4714 qui
999 4646 1114 4716 fecit
1137 4645 1316 4700 mlum
1342 4655 1389 4700 et
1413 4656 1599 4701 terram
1626 4657 1672 4702 et
1702 4664 1860 4714 mare,
1878 4658 1924 4701 et
1953 4651 2122 4704 omnia

541 4752 656 4808 qua:
668 4738 720 4790 in
743 4739 813 4790 eis
838 4746 956 4790 sunt
982 4736 1114 4806 (Act.
1141 4739 1226 4792 l7.
1253 4737 1345 4805 24)
1368 4756 1383 4803 ;
1412 4747 1465 4793 et
1483 4754 1513 4793 a
1543 4740 1729 4807 pluviis
1755 4741 1943 4794 annuis
1964 4753 2122 4811 atque

539 4842 570 4880 a
591 4841 785 4896 genere
815 4828 1088 4881 hominum
1117 4844 1334 4898 semper
1361 4830 1506 4885 ducit
1535 4831 1812 4886 exordium
1844 4833 2118 4890 orationis.

542 4919 597 4971 Si
628 4919 769 4971 enim
793 4918 978 4973 dixero
996 4933 1119 4973 eum
1143 4919 1333 4976 fecisse
1355 4918 1664 4985 Cherubim,
1687 4922 1792 4977 duo
1817 4935 1970 4979 erunt
1992 4925 2121 4981 mihi

542 5007 834 5076 probanda,
863 5009 1002 5079 quod
1028 5008 1132 5063 sint
1155 5010 1441 5065 Cherubim
1462 5051 1476 5076 ,
1507 5020 1564 5066 et
1587 5011 1728 5079 quod
1751 5028 1814 5068 ea
1839 5014 1950 5083 ipse
1976 5012 2125 5070 fece-

541 5099 644 5152 rit:
675 5097 730 5151 in
753 5097 818 5152 iis
845 5105 1021 5153 autem
1049 5114 1166 5169 quae
1187 5100 1434 5156 videntur
1456 5115 1618 5170 cogor
1641 5102 1814 5159 solum
1839 5106 2123 5163 estendere

540 5201 663 5241 eum
705 5187 793 5243 illa
831 5187 1040 5245 iecisse.
1071 5190 1329 5259 Quocirca
1358 5200 1442 5247 est
1474 5195 1638 5248 etiam
1676 5194 1846 5251 oratio
1874 5195 2117 5263 facilior;

614 5285 686 5347 ta)
711 5284 794 5334 Sic
823 5299 953 5347 unus
979 5287 1027 5343 (ὁ
1046 5287 1100 5347 6‘s
1121 5287 1277 5343 Δανήλ
1320 5286 1429 5347 τρία
1454 5285 1590 5346 Ern);
1636 5283 1723 5336 alii
1745 5299 1920 5336 omnes
1943 5293 1995 5335 et
2038 5287 2130 5336 Sa-

586 5354 591 5358 ,
614 5301 686 5347 ta;
711 5301 794 5334 διο
823 5301 953 5334 unus
979 5301 1027 5343 to
1046 5301 1100 5334 os
1121 5301 1292 5358 amns.
1320 5301 1429 5394 τέρενα
1454 5301 1590 5346 sm);
1636 5301 1723 5336 am
1745 5301 1920 5336 omnes
1943 5301 1995 5335 et
2038 5301 2128 5336 aa-

549 5348 658 5406 vil.,
687 5354 785 5397 tres
812 5345 1154 5409 hebdomadas
1173 5348 1315 5409 (τρεις
1363 5348 1641 5409 saepes“).
1671 5347 1913 5398 Neutrum
1937 5360 2128 5409 sequu-

553 5418 632 5476 tus
661 5414 749 5476 est
794 5409 1088 5476 (ieutiauus.
1112 5406 1381 5476 μὲι-ὑείας,
1406 5406 1513 5476 sed
1571 5406 1762 5476 posuit,
1819 5406 2130 5476 septuaginta

549 5469 876 5533 hebdomadas
897 5468 948 5533 et
965 5468 1241 5533 dimidium.
1274 5469 1466 5533 Omnia,
1492 5475 1548 5519 ut
1568 5468 1799 5528 diximus,
1822 5468 2129 5533 exemplaria

549 5532 882 5582 Chrysostomi
918 5531 1085 5579 Graeca
1121 5532 1306 5579 habent
1349 5531 1472 5593 τρεῖς
1516 5533 1705 5592 ἑϐδομη
1754 5545 1853 5580 uno
1887 5531 2124 5593 excepto,

548 5594 598 5640 in
639 5603 753 5661 quo_
779 5593 977 5661 tegitur.
1018 5597 1116 5661 tres
1141 5604 1333 5661 armos:
1361 5603 1525 5642 utrum
1562 5607 1678 5642 vero
1706 5593 1773 5642 sit
1815 5605 1953 5643 error
1975 5595 2129 5656 Chry-

551 5655 754 5714 sostomi
779 5666 838 5700 au
876 5655 1081 5714 librarii,
1105 5655 1361 5714 quaeritur.

614 5713 684 5777 (bi
707 5713 837 5783 Vox,
848 5713 1059 5783 parasti,
1081 5713 1163 5783 est
1177 5717 1316 5775 juxta
1337 5713 2128 5783 interprelatmnemﬁymmacbi;

552 5776 663 5836 vox,
697 5776 958 5837 stabiliisti,
985 5777 1125 5838 juxta
1151 5776 1615 5839 interpretatitmem
1641 5777 2016 5828 Theodotionis.

1259 363 1316 417 S.
1359 359 1638 418 JOAN‘NIS
1668 354 2136 414 CllliYSOSTOMI
2178 349 2495 407 ARClIlEP.
2535 349 3076 408 CONSTANTINOP.

2238 467 2397 522 habet
2433 467 2626 536 quippe
2669 468 2871 532 visum,
2920 475 3110 521 testem
3159 479 3343 520 eorum
3388 479 3508 535 qua:
3556 463 3828 520 dicuntur.

2235 556 2391 613 Videt
2437 563 2578 613 enim
2613 557 2823 613 auditor
2861 557 3300 627 magnitudinem,
3345 554 3824 624 pulchritudinem,

2232 665 2385 705 usum
2416 659 2471 706 et
2502 652 2814 719 positionem
2841 691 2855 714 ,
2896 660 3338 718 constantemque
3375 663 3438 702 ac
3479 662 3830 704 numerosum

2233 756 2470 795 cursum.
2503 741 2556 795 lu
2589 741 2690 794 hoc
2715 742 2892 813 itaque
2919 755 3026 794 uno
3065 751 3146 794 est
3177 741 3312 795 mihi
3349 740 3582 796 studium
3625 753 3835 808 ponen-

2235 832 2384 898 dum,
2416 843 2473 886 ut
2497 833 2774 887 ostendam
2801 833 2850 886 id
2881 834 3044 887 Deum
3075 833 3266 887 fecissr.
3313 833 3378 888 Et
3399 848 3566 902 quare
3589 847 3696 886 non
3721 847 3836 886 me-

2236 919 2388 978 minit
2412 925 2541 978 solis
2562 965 2577 988 ,
2620 923 2712 977 sed
2743 925 2903 988 inme,
2929 933 2984 978 rt
3015 918 3328 978 stellarum?
3356 923 3467 977 lloc
3501 938 3622 976 cum
3651 920 3794 976 dixit
3819 964 3838 988 ,

2235 1015 2362 1068 illud
2404 1031 2614 1085 qunque
2648 1013 2986 1084 signiﬁcavit.
3033 1014 3294 1080 Queniam
3327 1014 3469 1066 enim
3515 1012 3766 1066 nonnulli
3807 1026 3838 1064 a

2237 1106 2329 1159 Dei
2359 1107 2570 1173 opiticio
2595 1117 2804 1160 noctem
2835 1115 3120 1174 separant,
3164 1119 3258 1173 per
3287 1105 3463 1157 lunam
3491 1118 3612 1156 eam
3648 1113 3840 1158 osten-

2235 1194 2344 1260 dit,
2377 1195 2563 1249 dit-ens
2590 1211 2710 1248 eum
2751 1195 2910 1248 etiam
2945 1195 3104 1262 hujus
3144 1209 3263 1248 esse
3297 1192 3572 1260 Opiﬁcem.
3608 1191 3728 1246 Non
3754 1199 3841 1245 est

2235 1299 2410 1339 autem
2436 1301 2592 1350 parva
2617 1287 2888 1340 stellarum
2925 1296 3173 1350 varietas,
3191 1295 3261 1339 .et
3283 1285 3546 1338 lunarium
3573 1298 3837 1336 cursnum

2234 1376 2637 1432 demonstratio.
2668 1379 2717 1432 5.
2753 1378 2890 1444 Quid
2920 1388 2990 1430 est
3029 1377 3178 1430 homo
3221 1378 3355 1445 quod
3382 1393 3575 1428 memor
3603 1393 3654 1429 es
3686 1376 3835 1442 ejus,

2235 1479 2321 1521 aut
2347 1471 2484 1535 ﬁlius
2528 1470 2744 1522 hominis
2781 1470 2914 1537 quod
2947 1469 3118 1520 visitus
3162 1466 3322 1520 eum?
3367 1466 3550 1530 Alius,
3595 1465 3736 1530 Quid
3765 1473 3839 1516 est

2235 1560 2572 1626 unusquisque
2614 1559 2783 1623 homo,
2830 1558 2964 1627 quod
3009 1558 3117 1625 ejus
3156 1554 3480 1609 recordaris?
3524 1555 3676 1607 Alius
3710 1570 3836 1624 pro,

2247 1648 2429 1702 Visitas
2454 1665 2568 1701 eum
2591 1690 2605 1712 ,
2638 1649 2797 1712 dicit,
2841 1647 3096 1700 Visitabis.
3131 1647 3414 1714 Postquam
3456 1645 3592 1698 dixit
3622 1645 3692 1698 de
3719 1645 3841 1712 opi-

2237 1741 2374 1805 ﬁcio,
2407 1749 2462 1794 et
2491 1743 2796 1794 universum
2826 1756 2890 1794 ex
2922 1749 3069 1808 parte
3099 1739 3431 1809 signiﬁcavit,
3467 1739 3655 1791 inserit
3682 1738 3839 1793 dein-

2235 1847 2361 1901 ceps
2408 1847 2710 1886 sermonem
2759 1833 2826 1886 de
2868 1830 3194 1898 providentia
3245 1829 3539 1882 hominum.
3572 1828 3705 1882 Nam
3748 1828 3836 1881 illa

2235 1927 2394 1980 etiam
2421 1967 2434 1989 ,
2463 1940 2581 1994 qua:
2610 1923 2748 1977 dicta
2783 1931 2906 1976 sunt
2928 1962 2944 1986 ,
2969 1933 3086 1976 sunt
3115 1930 3328 1990 proliter
3366 1934 3533 1989 genus
3563 1930 3834 1983 nostrum,

2234 2019 2522 2087 quinetiam
2565 2030 2646 2079 ea,
2678 2029 2796 2083 quae
2831 2014 2895 2067 ad
2941 2013 3322 2081 providentiam
3362 2011 3478 2078 ejus
3521 2013 3833 2078 pertinent:

2236 2109 2480 2162 universa
2528 2106 2668 2160 enim
2715 2113 2958 2159 creatura
3007 2114 3224 2172 propter
3270 2103 3560 2156 hominem.
3627 2100 3833 2155 Verum

2233 2199 2375 2252 aliud
2403 2213 2610 2269 quoque
2633 2211 2801 2267 genus
2825 2205 3112 2263 pertractat
3139 2193 3506 2263 providentiae,
3539 2203 3592 2247 et
3620 2206 3729 2246 non
3758 2201 3833 2246 te-

2235 2307 2381 2345 mere
2406 2291 2470 2344 de
2495 2290 2574 2343 his
2599 2289 2776 2342 dicere
2803 2287 3130 2357 aggreditur,
3163 2288 3256 2340 sed
3278 2284 3432 2338 valde
3464 2285 3757 2350 prudenter
3780 2292 3834 2337 et

2237 2384 2421 2452 probe,
2451 2398 2544 2450 pro
2569 2390 2679 2435 toto
2701 2382 2830 2434 orbe
2862 2390 3121 2433 terrarum
3159 2393 3322 2447 agens
3355 2377 3578 2446 gratias,
3608 2380 3832 2429 univer-

2234 2488 2351 2527 sum
2396 2486 2700 2526 memorans
2732 2469 3043 2523 beneficium
3065 2509 3079 2533 ,
3112 2476 3161 2522 et
3191 2467 3480 2520 ostendens
3508 2464 3830 2534 magnitudi-

2234 2579 2354 2617 nem
2391 2564 2504 2631 ejus
2538 2562 2952 2630 dispensationis
2979 2561 3030 2613 in
3078 2559 3372 2614 hominem.
3413 2557 3468 2614 Si
3509 2559 3652 2612 enim
3696 2557 3831 2613 nihil

2232 2663 2348 2709 erat
2374 2665 2549 2716 antea,
2575 2654 2742 2707 multo
2763 2653 2931 2722 magis
2952 2651 3165 2721 quando
3191 2650 3436 2704 Christus
3456 2650 3685 2704 arcessit
3711 2660 3832 2720 post

2235 2755 2311 2800 tot
2332 2755 2386 2799 et
2409 2754 2550 2798 tanta
2574 2752 2805 2812 peccata.
2840 2743 2904 2796 Et
2926 2742 3159 2796 ostendit
3182 2741 3380 2796 Christi
3407 2742 3696 2795 adventum
3721 2757 3830 2796 nou

2232 2851 2263 2890 a
2291 2835 2444 2890 venia
2471 2835 2701 2890 alienum
2741 2832 2923 2899 fuisse,
2955 2833 3062 2886 imo
3090 2847 3119 2885 a
3147 2847 3355 2886 summa
3379 2832 3680 2903 profectum
3707 2846 3831 2887 esse

2230 2925 2535 2983 clementia.
2574 2923 2705 2977 Nam
2740 2931 3006 2992 tamquam
3041 2923 3271 2992 optimus
3315 2923 3506 2992 aliquis
3544 2922 3830 2990 medicus,

2228 3019 2374 3074 sanis
2402 3016 2622 3080 relictis,
2653 3015 2797 3068 venit
2818 3015 2882 3068 ad
2913 3028 3044 3080 nos,
3071 3015 3162 3084 qui
3189 3013 3379 3068 morbo
3407 3015 3784 3069 laborabamus
3811 3056 3828 3081 ,

2228 3112 2316 3180 qui
2343 3110 2473 3164 nihil
2501 3121 2736 3166 eramus.
2771 3106 2882 3160 Hoc
2908 3120 3036 3176 ergo
3065 3106 3375 3171 ostendens,
3407 3107 3650 3162 dicebat:
3690 3107 3832 3176 Quid

2229 3211 2299 3256 est
2317 3204 2465 3254 homo
2485 3202 2511 3255 γ
2541 3215 2636 3270 pro
2665 3213 2732 3256 e9
2750 3197 2892 3266 quod
2913 3209 3015 3263 est,
3041 3196 3178 3250 Nihil
3203 3207 3305 3264 est,
3333 3207 3416 3252 est
3441 3196 3565 3266 quid
3595 3197 3718 3251 vile.
3746 3198 3829 3252 Ad

2231 3303 2429 3348 tantam
2453 3294 2597 3349 enim
2635 3289 2929 3361 respiciens
2964 3288 3056 3341 Dei
3086 3303 3267 3342 curam
3308 3297 3362 3342 et
3392 3288 3783 3357 providentiam
3810 3331 3826 3352 ,

2228 3393 2282 3438 et
2310 3383 2376 3438 ad
2411 3399 2471 3438 ea
2497 3399 2615 3452 qua:
2653 3383 2775 3437 fecit
2804 3397 2900 3451 pro
2928 3378 3100 3437 salute
3127 3377 3432 3441 hominum,
3465 3378 3618 3432 valde
3645 3388 3829 3449 stupet

2227 3483 2282 3528 et
2332 3474 2644 3536 admiratur,
2683 3488 2779 3527 cur
2812 3488 2932 3526 eum
2987 3480 3132 3526 tanta
3164 3469 3234 3523 sit
3275 3467 3606 3538 providentia
3637 3470 3830 3539 digna-

2229 3574 2331 3618 tus.
2357 3564 2540 3632 COgita
2567 3565 2707 3617 enim
2729 3603 2742 3626 ,
2775 3573 2991 3633 propter
3024 3563 3201 3633 ipsum
3233 3573 3352 3614 esse
3381 3560 3557 3613 omnia
3594 3575 3717 3629 qua:
3745 3561 3828 3614 vi-

2228 3655 2436 3708 dentur.
2471 3654 2693 3722 PrOpter
2719 3654 2923 3722 ipsum,
2954 3669 3071 3722 qua:
3101 3653 3168 3707 ab
3198 3650 3369 3706 Adam
3403 3664 3572 3719 usque
3610 3651 3676 3704 ad
3703 3650 3825 3720 ejus

2227 3744 2508 3799 adventum
2548 3745 2850 3812 dispensata
2898 3754 2950 3798 et
2991 3744 3357 3797 administrata
3407 3749 3567 3807 sunt;
3603 3751 3824 3811 propter

2229 3836 2422 3906 ipsum,
2454 3836 2727 3903 paradisus
2765 3844 2822 3891 et
2867 3847 3152 3906 praecepta,
3201 3850 3376 3905 poena:
3424 3845 3478 3890 et
3518 3834 3776 3889 miracula
3801 3877 3818 3901 ,

2227 3928 2588 3998 suppliciaque
2618 3938 2672 3983 et
2702 3927 2958 3984 beneﬁcia
3004 3939 3123 3998 post
3160 3928 3368 3997 legem;
3401 3941 3619 3996 propter
3644 3927 3822 3995 ipsum

2229 4019 2321 4074 Dei
2351 4019 2514 4072 Filius
2552 4017 2713 4073 homo
2741 4018 2910 4074 factus
2950 4027 3051 4074 est.
3091 4019 3223 4072 Nam
3262 4019 3386 4088 quid
3416 4020 3607 4073 attinet
3635 4018 3823 4073 dicere

2228 4107 2447 4163 futura?
2485 4107 2609 4163 [lare
2641 4123 2769 4179 ergo
2807 4109 2984 4163 omnia
3014 4118 3284 4180 reputans,
3326 4109 3493 4164 dicit:
3527 4109 3663 4175 Quid
3706 4119 3823 4164 tam

2227 4213 2476 4268 magnum
2506 4208 2587 4252 est
2630 4199 2827 4268 homo,
2859 4200 2999 4271 quod
3045 4210 3120 4255 tet
3149 4211 3203 4256 et
3230 4202 3392 4257 tantis
3424 4200 3580 4276 bonis
3624 4201 3817 4272 dignus

2224 4287 2384 4344 fuerit
2413 4287 2660 4343 habitus?

2297 4382 2348 4436 7.
2365 4381 2419 4437 Si
2441 4381 2558 4451 quis
2583 4382 2721 4438 enim
2739 4383 3156 4442 consideraverit
3175 4395 3369 4456 quotet
3385 4396 3580 4456 quanta
3597 4397 3818 4458 propter

2225 4471 2398 4542 ipsum
2427 4471 2559 4528 facta
2588 4483 2711 4528 sunt
2737 4484 2790 4528 et
2825 4474 2981 4540 ﬁant,
3010 4487 3063 4531 et
3092 4485 3286 4546 quanta
3318 4477 3387 4532 sit
3413 4490 3594 4546 postea
3624 4493 3815 4546 perce-

2221 4573 2428 4633 pturus,
2459 4565 2626 4619 multo
2645 4564 2865 4620 horrore
2893 4567 3213 4636 implebitur,
3239 4577 3292 4622 et
3309 4578 3434 4622 tunc
3448 4570 3592 4624 clare
3614 4568 3817 4624 videbit

2223 4663 2432 4723 quanta:
2448 4669 2590 4723 cura:
2615 4655 2721 4708 Deo
2746 4655 2813 4708 sit
2837 4644 2938 4710 hoc
2961 4657 3177 4710 animal.
3198 4657 3251 4712 6.
3270 4657 3498 4711 Minuiin
3517 4674 3630 4712 eum
3657 4659 3815 4728 paulo

2225 4746 2387 4800 minus
2429 4747 2491 4800 ab
2538 4748 2752 4818 angelis.
2799 4747 2972 4812 Alius,
3011 4747 3180 4803 Paulo
3219 4751 3440 4804 mimtsa
3465 4749 3594 4803 Deo.
3637 4751 3812 4816 Alius,

2229 4835 2506 4891 Paululum
2525 4839 2766 4908 quiddam
2786 4855 2818 4890 a
2843 4837 2965 4891 Deo.
2997 4839 3251 4894 Hebrmus
3273 4849 3473 4906 autem,
3497 4838 3818 4896 Outltasrm

2224 4937 2327 4980 mat
2352 4945 2428 4982 me
2459 4928 2626 4982 eloim.
2654 4928 2752 4983 Hic
2779 4931 3019 4984 meminit
3039 4930 3514 4997 condetnuationis,
3537 4941 3595 4986 et
3616 4933 3816 4989 veteris

2226 5019 2448 5086 peccati,
2474 5030 2699 5073 mortem
2728 5021 2780 5074 in
2810 5023 3038 5075 medium
3061 5023 3347 5077 adducens.
3375 5024 3439 5076 At
3461 5038 3580 5077 eam
3601 5039 3816 5094 quoque

2224 5108 2377 5162 solvit
2403 5149 2418 5174 ,
2446 5123 2565 5164 eum
2596 5111 2825 5165 venisset
2860 5110 3189 5183 Unigenitus.
3238 5112 3413 5166 Gloria
3433 5122 3480 5166 et
3509 5114 3703 5168 honors
3729 5131 3814 5168 co-

2223 5201 2412 5252 ronasti
2436 5217 2568 5255 eum.
2602 5201 2774 5266 Alius,
2802 5200 2977 5255 Gloria
2998 5213 3043 5256 et
3067 5205 3313 5276 dignitate
3338 5205 3601 5259 coronabis
3625 5204 3811 5276 ipsum.

2224 5289 2373 5346 Licet
2400 5290 2616 5361 quidem
2643 5291 2758 5347 hac
2781 5301 2834 5346 et
2865 5293 3146 5359 historice,
3181 5295 3303 5350 licet
3327 5304 3383 5350 et
3407 5296 3700 5367 auagogice
3725 5311 3807 5352 ao-

2225 5383 2423 5450 cipere.
2455 5383 2588 5436 Dicit
2614 5383 2756 5437 enim
2786 5391 2841 5438 et
2868 5385 2983 5454 ejus
3013 5386 3316 5455 imperium,
3341 5387 3482 5457 quod
3511 5388 3560 5442 ei
3587 5403 3710 5443 cum
3738 5387 3816 5446 τι

2224 5484 2344 5529 ctus
2378 5483 2489 5538 est,
2525 5474 2776 5529 traditum
2808 5487 2922 5542 est;
2965 5477 3094 5532 dicit
3117 5479 3278 5534 etiam
3307 5495 3425 5550 qua:
3454 5479 3592 5534 bona
3621 5495 3816 5537 conse-

2224 5574 2416 5634 quutus
2445 5565 2514 5617 sit
2542 5574 2660 5634 post
2683 5565 2972 5623 adventum
3010 5569 3225 5623 Christi.
3276 5570 3332 5624 In
3373 5571 3634 5640 principio
3670 5571 3814 5627 enim

2223 5657 2425 5711 audivit
2483 5656 2689 5711 Tremor
2705 5668 2755 5712 et
2783 5669 2942 5713 metus
2963 5663 3110 5715 vestri
3129 5663 3223 5715 erit
3252 5677 3404 5730 super
3432 5678 3603 5716 omnes
3635 5663 3817 5717 bestias

2226 5759 2372 5806 teme
2397 5747 2549 5822 (Gen.
2578 5749 2630 5807 9.
2659 5750 2749 5821 ‘2);
2777 5759 2849 5817 ct,
2877 5751 3132 5824 Imperant
3157 5754 3371 5825 piscibus
3398 5755 3552 5811 maris
3581 5751 3734 5828 (Gen.
3760 5757 3812 5813 1.
