4068 6428
217 403 319 459 117

207 514 326 583 ἳϐ).
366 513 495 567 l‘ost
518 508 633 565 lucc
660 515 840 562 autem
873 522 886 557 :
918 503 1122 559 Caleate
1145 515 1299 571 super
1321 508 1578 569 serpentes
1596 505 1645 550 et
1672 510 1814 548 scor-

208 608 389 677 piones
410 602 563 676 (Luc.
592 601 680 659 10.
704 596 819 669 19).
861 596 967 653 Sed
996 594 1081 649 his
1117 592 1356 647 dimissis
1375 630 1391 655 ,
1420 588 1660 644 contexit
1689 600 1815 639 ora-

209 698 414 752 tionem
445 711 512 751 ex
540 690 945 754 humilioribus,
979 687 1291 756 relinquens
1317 682 1401 737 illa
1427 678 1817 737 consideranda

210 790 275 845 iis
300 790 389 860 qui
422 795 639 859 possunt
666 783 877 839 acutius
898 793 1145 837 cernere.
1179 776 1363 831 Gloria
1392 775 1537 830 enim
1566 772 1737 842 major
1764 780 1821 826 et

209 883 387 935 honor
406 896 467 935 ea
494 887 639 942 sunt,
666 891 788 946 qua:
809 874 942 928 ﬁunt
971 872 1024 926 in
1045 870 1196 925 Novo
1215 868 1584 931 Testamento,
1601 863 1819 934 quando

209 973 369 1026 habet
412 970 685 1026 Christum
726 973 886 1036 caput
904 1005 918 1029 ,
948 962 1173 1034 quando
1196 960 1315 1029 ejus
1341 972 1536 1026 corpus
1564 955 1814 1020 ellicitu-r,

206 1062 428 1134 quando
471 1060 531 1115 ﬁt
576 1061 742 1114 frater
784 1066 839 1111 et
878 1054 1123 1119 coheres,
1155 1061 1209 1106 et
1237 1047 1529 1105 conformis
1552 1049 1671 1117 ejus
1693 1060 1819 1101 cor-

209 1156 352 1228 pori,
381 1151 596 1225 quando
626 1151 884 1219 majorem
920 1161 1079 1215 quam
1122 1144 1297 1198 Moses
1334 1141 1530 1209 accipit
1566 1139 1817 1209 gloriam,

206 1249 350 1303 sicut
371 1243 688 1317 signiﬁcavit
723 1241 916 1295 Paulus
940 1280 955 1303 ,
981 1237 1303 1301 ostendens,
1345 1249 1445 1289 nos
1472 1248 1583 1288 nou
1624 1247 1819 1301 quem-

207 1339 500 1395 admodum
543 1336 720 1391 Moses
760 1332 1067 1403 imponebat
1100 1330 1366 1393 velamen,
1397 1325 1491 1401 sed
1520 1339 1710 1381 omnes
1735 1339 1821 1378 re-

208 1432 385 1488 velata
430 1431 561 1485 facie
604 1427 813 1482 Domini
846 1426 1070 1497 gloriam
1100 1422 1560 1492 eontemplaturos
1584 1432 1705 1474 esse
1736 1416 1815 1486 (‘2.

205 1520 328 1578 Cor.
353 1525 409 1580 3.
443 1523 531 1587 15.
562 1521 652 1588 18)
683 1537 697 1573 :
726 1529 778 1574 et
806 1518 927 1573 idco
951 1517 1081 1573 dicit
1110 1535 1123 1570 :
1156 1515 1277 1569 Non
1312 1514 1447 1568 enim
1474 1513 1819 1584 gloriﬁcantia

205 1624 297 1679 at,
328 1613 464 1685 quod
490 1612 831 1684 glori/iratum
862 1609 1007 1663 estin
1028 1610 1124 1662 Irae
1151 1610 1314 1677 parte,
1340 1614 1550 1674 propter
1576 1602 1819 1658 excellen-

205 1715 306 1757 tem
332 1705 550 1774 gloriam
579 1700 741 1766 (Ibid.
767 1715 813 1755 υ.
837 1697 947 1765 10).
985 1698 1131 1755 Hanc
1147 1711 1277 1767 ergo
1297 1696 1521 1766 gloriam
1542 1694 1673 1749 dicit
1693 1709 1817 1763 pro-

208 1794 367 1865 pheta
396 1809 494 1865 per
518 1808 814 1863 attugogett.
846 1791 983 1859 Quid
1009 1790 1152 1846 e:.im
1183 1799 1266 1844 est
1294 1803 1416 1842 cum
1445 1801 1509 1843 ea
1536 1793 1819 1842 conteren-

213 1889 354 1951 .|um,
402 1886 619 1957 quando
656 1887 813 1941 simul
862 1901 984 1941 cum
1034 1882 1241 1954 angelis
1290 1881 1490 1937 choros
1534 1880 1813 1943 ducimus,

205 1981 425 2052 quando
470 1980 541 2047 in
574 1979 711 2032 ﬁlios
753 1976 1091 2047 adoptantur,
1125 1974 1342 2043 quando
1382 1988 1483 2028 nec
1525 1971 1816 2044 Unigenito

203 2074 423 2145 quidem
466 2088 563 2143 pro
599 2072 754 2127 nobis
804 2070 1078 2141 parcitur?
1126 2070 1239 2137 Qua
1279 2082 1386 2123 non
1429 2078 1817 2137 purpura,quo

206 2180 314 2219 non
358 2163 665 2220 diademate
690 2170 816 2218 sunt
844 2162 958 2217 haec
985 2162 1141 2232 longe
1170 2159 1537 2230 Splendidiora
1558 2200 1574 2222 ,
1596 2156 1817 2229 quando

205 2264 437 2310 mortem
466 2253 789 2319 irridemus,
817 2253 1034 2324 quando
1074 2252 1141 2306 ad
1185 2259 1513 2323 potestatum
1562 2250 1815 2319 incorpo-

206 2359 425 2402 rearum
447 2344 896 2414 impatibilitatcm
920 2343 1145 2397 traducti
1174 2356 1380 2407 sumus,
1405 2339 1496 2410 qui
1529 2340 1677 2411 prius
1704 2354 1815 2393 era-

204 2454 328 2496 mus
355 2439 687 2509 contempti,
719 2437 928 2509 inglorii
954 2479 970 2504 ,
1002 2446 1054 2492 et
1083 2434 1442 2491 exsecrandi?
1480 2432 1649 2487 Adam
1690 2445 1813 2486 cum

203 2545 307 2587 nec
336 2530 463 2586 boni
493 2545 591 2585 nec
615 2530 739 2584 mali
768 2529 895 2599 quid
919 2526 1134 2583 fecisset
1152 2569 1167 2591 ,
1198 2528 1379 2581 statim
1408 2524 1704 2579 honoratus
1732 2531 1814 2578 est

200 2638 329 2677 cum
360 2622 590 2691 primum
624 2619 793 2675 factus
819 2628 923 2675 est.
954 2616 1237 2687 Quomodo
1266 2617 1412 2673 enim
1439 2614 1654 2670 fecisset
1679 2655 1694 2680 ,
1722 2613 1814 2683 qui

202 2728 313 2768 non
354 2712 504 2768 erat?
546 2711 656 2767 Nos
694 2721 873 2765 autem
920 2710 1012 2780 qui
1059 2708 1197 2763 mala
1243 2707 1468 2763 fecimus
1508 2708 1809 2771 innumera,

200 2806 366 2875 longe
404 2820 592 2859 sunms
631 2804 888 2875 majorem
933 2803 1195 2858 honorem
1224 2801 1517 2871 asscquuti.
1549 2798 1669 2853 Non
1696 2816 1813 2852 am-

199 2900 371 2969 plius,
404 2898 604 2968 inquit,
631 2897 745 2951 dico
772 2912 857 2950 cos
884 2911 1055 2951 servos
1083 2910 1102 2949 :
1128 2909 1216 2948 eos
1235 2894 1369 2947 enim
1395 2892 1550 2946 auriti
1571 2891 1669 2945 mei
1693 2892 1812 2945 estis

201 2988 386 3062 (Joan.
413 2990 501 3044 15.
534 2989 622 3044 15.
654 2988 771 3059 is).
815 2987 930 3042 Non
961 2986 1192 3056 amplius
1216 2984 1384 3039 nostri
1414 2998 1575 3038 causa
1608 2982 1812 3053 pudore

198 3082 824 3153 suti'unduuturangeli,
864 3082 961 3137 sed
998 3080 1162 3136 etiam
1204 3087 1404 3134 ttnstrre
1433 3078 1590 3133 saluti
1621 3076 1810 3132 deser-

199 3174 374 3228 viunt.
404 3173 535 3228 Nam
559 3184 611 3229 et
640 3172 706 3228 ad
732 3173 1037 3243 Philippum
1058 3171 1203 3226 venit
1244 3170 1485 3241 angelus,
1508 3178 1562 3224 et
1582 3169 1648 3222 ad
1673 3170 1813 3223 mul-

200 3278 289 3323 tos
316 3266 453 3321 alios
484 3266 621 3336 (Αει.
657 3266 711 3321 8.
739 3266 833 3338 9.5)
852 3307 867 3331 .
895 3275 953 3321 et
978 3264 1324 3334 Evangelium
1355 3262 1671 3319 nuntiabant
1710 3262 1810 3317 ho-

199 3357 436 3413 minibus
462 3355 614 3430 (Luc.
637 3357 691 3411 2.
716 3357 831 3427 10).
858 3356 976 3411 Νοη
999 3371 1052 3410 tn
1078 3365 1217 3411 terra
1240 3367 1419 3411 autem
1443 3354 1691 3419 heredes,
1715 3354 1808 3409 sed

200 3449 467 3504 bonorum
497 3446 791 3502 cmlestium
831 3461 1019 3502 sumus
1042 3488 1058 3511 ,
1089 3457 1144 3501 et
1170 3444 1369 3501 Chrisri
1401 3446 1687 3515 participes
1710 3487 1725 3510 ,
1756 3453 1812 3500 et

200 3554 459 3595 vocamur
478 3538 547 3614 ad
570 3541 1007 3595 communionem
1048 3538 1319 3609 Unigeniti
1352 3538 1443 3612 (1.
1470 3534 1589 3595 Cor.
1624 3539 1675 3594 1.
1705 3538 1805 3610 9).

200 3633 331 3689 llaec
351 3632 529 3688 omnia
554 3648 653 3704 per
679 3632 903 3703 gloriam
926 3641 982 3686 et
1004 3631 1262 3687 honorem
1291 3630 1578 3702 signiﬁcat.
1610 3630 1810 3697 Quam-

198 3722 390 3779 obrem
413 3724 544 3779 dicit
570 3724 731 3778 etiam
758 3722 895 3778 alius
925 3723 1026 3795 (a),
1056 3722 1234 3777 Gloria
1259 3732 1306 3777 et
1329 3722 1520 3777 honore
1544 3721 1810 3775 coronabis

196 3832 335 3879 eum,
366 3815 664 3886 praedicens
701 3814 844 3887 quod
887 3816 1123 3872 futurum
1151 3824 1288 3871 erat.
1322 3817 1375 3869 7.
1409 3814 1478 3869 Et
1505 3814 1808 3868 constituisti

196 3924 317 3963 eum
344 3924 498 3979 super
516 3924 673 3979 opera
698 3923 940 3961 manuum
970 3916 1195 3960 tuarum.
1226 3906 1377 3960 Alius
1406 3904 1502 3975 (ὁ),
1537 3903 1729 3959 Fecisti
1755 3912 1809 3957 ut

196 3999 404 4053 haberet
432 4006 728 4068 potestatem
761 4014 970 4069 operum
1007 4014 1251 4051 manuum
1278 4006 1503 4051 tuarum.
1532 3996 1589 4051 8.
1621 3994 1810 4049 Omnia

196 4091 458 4160 subjecisti
480 4090 572 4145 sub
588 4090 798 4160 pedibus
818 4091 963 4161 ejus;
992 4105 1107 4144 oves
1130 4100 1177 4144 et
1199 4090 1344 4143 boves
1364 4089 1641 4149 universas,
1661 4088 1809 4141 insu-

200 4201 297 4254 per
337 4192 384 4240 et
425 4201 608 4254 pecora
644 4185 833 4255 campi.
879 4184 1032 4237 Alius
1064 4180 1159 4253 (c),
1189 4166 1443 4252 Agrestia.
1467 4180 1522 4235 9.
1561 4178 1809 4233 Volneret:

197 4277 336 4341 cali,
367 4286 413 4330 et
447 4275 608 4346 pisces
645 4276 821 4341 maris,
862 4277 949 4345 qui
995 4266 1347 4343 perambulatit
1388 4275 1594 4328 semitas
1629 4273 1805 4327 maris.

199 4366 294 4423 10.
323 4365 560 4431 Domine,
572 4366 819 4421 Dominus
856 4378 1026 4422 uoster
1047 4409 1062 4431 ,
1097 4384 1250 4436 quant
1290 4366 1590 4421 admirabile
1613 4376 1683 4420 est
1710 4382 1806 4419 no—

197 4477 319 4514 men
356 4471 496 4513 tuum
538 4460 592 4513 in
622 4460 857 4514 universa
894 4459 1067 4513 terra!
1102 4459 1564 4527 Quemadmodum
1591 4458 1810 4525 cntnde

197 4552 476 4608 creatione
509 4553 763 4622 loquitur,
791 4566 899 4607 non
922 4551 1095 4605 solum
1117 4565 1385 4619 supernas.
1405 4551 1615 4620 attingit
1656 4558 1810 4619 pote-

198 4652 389 4706 states,
417 4640 509 4695 sed
537 4643 698 4695 etiam
721 4641 1019 4696 orationem
1050 4640 1266 4695 deducit
1295 4642 1361 4693 ad
1389 4640 1661 4695 sensibilis
1692 4657 1705 4694 :
1738 4640 1808 4693 ita

198 4734 366 4788 etiam
398 4748 521 4787 cum
551 4735 708 4787 docet
736 4733 803 4787 de
833 4733 1039 4786 honore
1076 4732 1382 4787 hominibus
1417 4732 1647 4798 collato,
1686 4749 1809 4789 cum

203 4835 414 4881 tantum
465 4824 966 4880 subiudicassetilla
996 4840 1190 4879 arcana
1234 4836 1288 4879 et
1338 4825 1650 4894 incorporea
1689 4840 1811 4894 quae

198 4918 570 4979 cuutneravit.
603 4933 744 4972 nunc
769 4918 997 4987 amplius
1019 4920 1333 4973 immoratur
1365 4920 1416 4973 in
1443 4918 1807 4982 sensibilibus,

199 5025 325 5080 qua:
352 5007 655 5063 nidioribus
677 5009 905 5065 clariora
926 5018 1076 5065 sunt.
1093 5010 1349 5078 Quantam
1370 5020 1548 5066 autem
1567 5025 1629 5065 ea
1646 5014 1810 5065 sunt?

199 5102 504 5157 Terrenum
536 5102 608 5156 illi
638 5102 819 5156 datum
848 5103 1153 5173 imperium.

279 5194 405 5247 Post
431 5206 691 5263 peccatum
730 5195 870 5250 Deus
909 5197 1087 5250 datum
1121 5197 1313 5252 homini
1348 5199 1614 5269 imperium
1638 5198 1810 5252 immi-

201 5285 337 5348 nuit,
361 5302 464 5339 non
489 5287 737 5356 abrogat;
763 5304 855 5340 cur
881 5287 1100 5341 hominis
1124 5290 1393 5358 imperium
1416 5291 1469 5343 in
1500 5290 1683 5343 bestias
1709 5291 1806 5342 im-

202 5377 459 5431 minutum
490 5379 573 5431 sit.
597 5379 840 5445 —-Quod
883 5390 1061 5436 autem
1105 5391 1190 5453 est
1227 5381 1561 5445 admirabile,
1593 5394 1647 5436 et
1669 5384 1809 5452 quod

201 5468 440 5524 maxime
464 5470 840 5536 subindicavit,
870 5487 993 5525 cum
1023 5472 1341 5526 honoratum
1367 5484 1489 5527 ante
1511 5482 1813 5543 transgres-

199 5562 435 5622 sionem,
470 5576 537 5614 ne
577 5571 697 5630 post
742 5574 1018 5632 peccaturo
1060 5564 1274 5634 quidem
1318 5566 1543 5634 privavit
1583 5566 1805 5621 hooore.

266 5717 342 5773 (η)
381 5714 563 5776 Aquila.

218 5786 219 5789 ‘
268 5778 341 5833 (at
376 5778 656 5826 't‘heodotio.

270 5842 341 5901 (ι’)
381 5850 423 5897 ’ἐξ
437 5840 701 5891 eunuchus.

1357 379 1718 442 EXPOSITIO
1756 376 1822 436 IN
1861 375 2190 435 PSALMUSI
2234 375 2369 433 Vill.

3434 375 3537 430 1131

1931 491 2164 547 Minuiin
2190 493 2357 557 enim,
2387 493 2579 564 inquit,
2606 510 2721 548 eunt
2747 494 2904 561 paulo
2926 493 3092 547 minus
3113 492 3176 546 ab
3200 492 3413 564 angelis.
3434 491 3538 549 hoc

1926 596 2030 653 est,
2061 596 2236 643 morte
2276 587 2649 643 condemnasti
2696 601 2817 641 cum
2864 595 3170 656 peccasset;
3213 600 3320 640 non
3357 595 3535 640 tamen

1927 688 2206 750 postquam
2244 695 2367 735 eum
2412 688 2591 734 morte
2635 678 3043 741 condemnasti,
3086 676 3230 731 dono
3256 692 3380 733 eum
3406 686 3535 746 spo-

1926 774 2067 829 liasli
2103 793 2117 829 :
2145 783 2202 829 et
2228 783 2512 843 propterea
2539 783 2821 844 postquam
2853 771 2982 827 illttd
3012 771 3170 835 dixit,
3208 770 3313 825 hoc
3345 769 3492 838 ponit
3517 808 3535 833 ,

1924 866 2223 933 ostendens
2261 865 2677 920 inenarrabilem
2728 864 2824 919 Dei
2868 863 3233 929 clementiora,
3264 861 3406 932 quod
3452 860 3536 916 vel

1925 961 2249 1015 diminutum
2297 970 2514 1030 propter
2559 974 2711 1015 suam
2760 958 3240 1029 transgressionem
3291 955 3539 1026 permisit

1925 1070 2046 1110 esse
2084 1054 2271 1125 gloriae
2296 1053 2505 1108 honore
2534 1064 2849 1108 coronatum
2870 1092 2885 1114 ,
2916 1052 3089 1106 necei
3120 1048 3397 1120 abrogavit
3431 1047 3536 1102 im“

1928 1148 2156 1218 perium.
2184 1145 2241 1200 Si
2272 1154 2450 1202 autem
2475 1161 2660 1214 parum
2686 1143 2813 1214 quid
2843 1142 3105 1209 detraxit,
3137 1141 3239 1197 hoc
3260 1149 3345 1195 est
3371 1140 3535 1196 etiam

1925 1239 2044 1309 ejus
2070 1239 2440 1309 providentize.
2468 1237 2601 1291 Nam
2625 1246 2751 1291 ante
2776 1234 3193 1290 inobedientiam
3220 1233 3537 1289 dominaba-

1925 1342 2011 1387 tur
2042 1333 2229 1387 bestiis
2254 1350 2268 1385 :
2294 1343 2416 1403 post
2442 1330 2861 1386 inubedientiam
2902 1339 3083 1384 autem
3129 1328 3199 1385 de
3242 1327 3344 1384 hac
3387 1338 3536 1397 pote-

1924 1428 2063 1472 state
2111 1419 2442 1487 aliquantum
2493 1417 2789 1471 detractum
2846 1424 2947 1469 est.
2999 1413 3133 1468 Nam
3183 1428 3327 1468 nunc
3372 1413 3534 1467 etiam

1922 1508 2230 1564 dominatur
2274 1510 2353 1563 eis
2391 1508 2656 1579 aliquibus
2702 1506 2927 1571 artibus,
2955 1507 3050 1562 sed
3090 1521 3213 1560 eum
3257 1506 3449 1561 timore
3471 1520 3537 1559 ac

1925 1612 2181 1657 tremore.
2228 1600 2411 1671 Neque
2448 1601 2592 1656 enim
2631 1610 2799 1654 totum
2840 1599 3126 1670 imperium
3153 1598 3403 1664 susmlit,
3435 1612 3536 1652 nec

1925 1704 2101 1748 totum
2122 1693 2359 1764 reliquit,
2385 1679 2479 1748 sed
2508 1707 2865 1764 quiscumque
2902 1702 3061 1746 erant
3103 1690 3152 1746 ei
3197 1688 3418 1760 quidem
3465 1689 3531 1743 ad

1922 1787 2237 1841 alimentum
2282 1798 2337 1841 ct
2379 1785 2446 1840 ad
2502 1800 2638 1855 opus
2682 1784 3041 1850 necessarim,
3089 1783 3360 1852 subjrctas
3414 1796 3538 1836 esse

1926 1882 2168 1950 permisit
2198 1898 2210 1933 :
2238 1897 2358 1950 quae
2400 1889 2579 1934 autem
2622 1888 2749 1933 sunt
2788 1876 3145 1944 efi'eratiores,
3176 1890 3281 1931 non
3324 1874 3533 1936 itidem,

1926 1984 1983 2030 ut
2027 1992 2092 2031 ex
2134 1992 2229 2030 sua
2267 1990 2391 2029 cum
2433 1973 2537 2028 illis
2571 1971 2919 2028 contentione
2945 1970 3104 2040 primi
3135 1968 3373 2039 parentis
3400 1965 3535 2021 Adae

1922 2070 2124 2137 veteris
2152 2069 2358 2139 peccati
2388 2066 2792 2121 admoneretur.
2824 2062 2981 2121 Unde
3005 2062 3170 2119 etiam
3192 2076 3258 2116 ex
3279 2073 3369 2126 eo,
3390 2056 3535 2129 quod

1920 2185 2028 2224 non
2060 2167 2215 2221 valde
2244 2166 2399 2220 nobis
2425 2163 2783 2234 subjiciuntur
2805 2202 2820 2227 ,
2860 2174 3114 2231 magnum
3142 2157 3352 2213 lucrum
3377 2170 3536 2211 acccc

1921 2261 2019 2318 dit.
2067 2259 2205 2330 Quid
2246 2260 2391 2314 enim
2420 2272 2522 2313 nos
2542 2258 2759 2327 juvaret
2782 2295 2800 2319 ,
2829 2253 2875 2310 si
2906 2253 3120 2310 leonem
3148 2258 3348 2307 nostrae
3380 2257 3535 2319 ρυιθο

1920 2357 2044 2410 stati
2091 2354 2382 2409 obnoxinm
2426 2362 2484 2408 et
2526 2349 2953 2407 mansuefactum
3000 2344 3361 2403 haberemus?
3399 2342 3534 2415 quid

1918 2447 2077 2503 nobis
2132 2444 2541 2517 prodesset,_si
2594 2443 2823 2514 pardum
2874 2440 3199 2496 haberemus
3248 2436 3533 2493 cicurem?

1917 2540 2061 2597 Nihil
2092 2541 2194 2595 nisi
2220 2539 2290 2594 ad
2320 2538 2681 2609 arrogantiam
2710 2545 2916 2589 tomum
2943 2542 3000 2589 et
3024 2531 3355 2601 superbiam.
3389 2528 3527 2585 Pro-

1921 2642 2104 2703 ptcrea
2136 2633 2232 2686 has
2261 2630 2477 2700 quidem
2511 2627 2757 2700 permisit
2781 2641 2905 2684 esse
2930 2618 3231 2695 exemptae
3250 2622 3320 2678 ab
3358 2623 3533 2693 impe-

1921 2727 2001 2781 rio
2033 2743 2046 2779 :
2075 2740 2199 2796 qua:
2223 2733 2351 2778 sunt
2372 2732 2552 2778 autem
2583 2720 2738 2775 nobis
2761 2719 2951 2795 utiles,
2981 2716 3159 2774 eﬁ‘ccit
3184 2722 3493 2771 mansuetas
3512 2754 3528 2779 ,

1917 2817 2108 2874 bovem
2140 2825 2380 2872 arantetn
2402 2857 2419 2882 ,
2454 2823 2511 2870 et
2548 2829 2705 2869 ovem
2744 2812 3084 2868 amicicntem
3113 2808 3286 2865 nostri
3314 2806 3529 2863 nudita-

1918 2920 2027 2966 tem
2069 2910 2331 2980 corporis,
2372 2919 2426 2973 ct
2460 2909 2700 2979 jumenta
2742 2916 2863 2977 apta
2907 2908 2976 2959 ad
3022 2919 3088 2960 ea
3117 2901 3363 2959 vehenda
3408 2916 3529 2975 qua:

1918 3003 2195 3074 importari
2245 3012 2336 3057 aut
2379 3001 2651 3071 exportari
2697 3006 2945 3069 possunt,
2972 3010 3102 3053 aves
3142 3004 3199 3052 et
3241 2995 3441 3066 pisces,
3470 3003 3532 3050 ut

1916 3105 2061 3153 esset
2091 3096 2247 3151 nobis
2272 3110 2460 3151 mensa
2487 3094 2703 3149 lautior.
3254 3092 3259 3097 ‘

1986 3191 2040 3247 8.
2070 3187 2536 3260 Quemadmodum
2556 3187 2698 3243 enim
2724 3200 2845 3241 eum
2867 3185 2987 3257 quis
3008 3182 3305 3240 exheredat
3331 3180 3523 3249 filium,

1917 3302 2022 3339 non
2052 3284 2225 3354 privat
2250 3296 2375 3336 eum
2405 3279 2676 3344 omnibus,
2700 3278 2794 3334 sed
2818 3287 2971 3347 parte
2993 3276 3194 3347 aliqua,
3225 3284 3283 3329 ut
3311 3288 3373 3330 se
3396 3287 3525 3328 cor-

1916 3378 2073 3445 rigat,
2104 3375 2173 3429 ita
2201 3373 2363 3428 etiam
2390 3370 2532 3427 Deus
2556 3387 2571 3425 :
2595 3370 2703 3424 imo
2727 3383 2836 3423 non
2862 3368 2961 3434 sic,
2985 3366 3080 3422 sed
3104 3373 3292 3421 contra
3324 3364 3522 3435 potius.

1914 3466 2088 3522 llotno
2109 3468 2273 3530 enim,
2304 3464 2394 3535 qui
2421 3462 2714 3519 exheredat
2732 3501 2747 3524 ,
2781 3459 2971 3530 majori
2998 3466 3149 3529 parte
3175 3458 3349 3528 privat
3371 3497 3387 3521 ,
3406 3456 3525 3513 mi-

1915 3574 2106 3612 norem
2147 3572 2280 3612 vero
2327 3555 2581 3625 relinquit
2614 3571 2628 3607 :
2663 3554 2802 3609 Deus
2838 3560 3021 3608 autem
3061 3550 3254 3621 majori
3294 3549 3482 3605 relicta
3509 3590 3524 3611 .

1912 3653 2103 3723 exigua
2138 3651 2358 3721 privavit
2394 3648 2752 3719 portiuncula,
2783 3646 2943 3723 idque
2972 3645 3039 3700 ad
3065 3646 3186 3716 ejus
3214 3644 3523 3707 utilitatem,

1914 3766 1983 3807 ne
2022 3752 2125 3807 alia
2163 3749 2343 3805 omnia
2392 3747 2548 3805 facile
2582 3754 2881 3817 superaret.
2929 3743 3036 3800 Sed
3082 3744 3185 3797 hoc
3224 3742 3399 3812 ipsum
3440 3749 3527 3795 est

1913 3845 2074 3900 etiam
2102 3843 2195 3900 Dei
2225 3841 2573 3913 providentia:
2591 3882 2606 3905 ,
2640 3838 2731 3910 qui
2776 3836 3008 3892 hominis
3032 3834 3350 3906 sapientiam
3376 3831 3527 3888 esci-

1915 3946 2055 4004 tans,
2077 3935 2439 4007 arrogantiam
2467 3933 2798 4004 deprimens,
2822 3941 2877 3987 et
2899 3925 3332 3999 intempestivum
3355 3926 3524 3979 otium

1916 4031 2314 4098 interrumpens
2344 4027 2415 4097 (si
2444 4026 2587 4080 enim
2608 4024 2659 4080 ei
2688 4021 2869 4078 omnia
2895 4037 3019 4078 cum
3052 4020 3309 4075 facilitate
3337 4030 3514 4073 succe-

1912 4122 2125 4186 derent,
2159 4119 2385 4190 supinus
2412 4127 2465 4173 et
2491 4116 2785 4173 dissolutus
2811 4110 3129 4183 evasisset),
3157 4107 3525 4180 comparando

1913 4231 2098 4273 rerum
2127 4215 2245 4269 usui
2270 4211 2557 4268 admiscuit
2584 4208 2872 4282 quamdam
2899 4207 3270 4263 difﬁcultatem
3292 4246 3307 4270 ,
3341 4212 3397 4257 ct
3426 4216 3525 4256 nec

1913 4308 2166 4365 omnibus
2195 4322 2317 4362 cum
2347 4305 2564 4370 labore,
2612 4320 2713 4359 nec
2750 4301 3003 4357 omnibus
3037 4299 3155 4355 sine
3193 4297 3378 4352 labore
3418 4294 3521 4349 f'rui

1914 4401 2160 4473 permisit
2204 4400 2279 4455 illi
2309 4417 2323 4454 :
2357 4400 2451 4459 sed
2491 4414 2612 4469 qua:
2638 4396 2706 4451 ad
2738 4412 2891 4451 usum
2929 4392 3148 4464 quidem
3188 4391 3376 4454 sunt‘,
3406 4388 3525 4442 sine

1914 4497 2100 4552 labore
2126 4505 2180 4550 ct
2205 4493 2405 4550 sudore
2435 4492 2635 4547 habere
2664 4488 2907 4561 permisit
2940 4504 2952 4539 :
2982 4501 3104 4557 qua:
3133 4499 3266 4563 vero
3294 4489 3420 4536 sunt
3454 4478 3521 4533 ad

1914 4593 2136 4648 delicias
2159 4632 2174 4657 ,
2206 4605 2327 4649 cum
2356 4589 2539 4643 labore
2563 4577 2624 4643 et‘
2644 4585 2841 4640 sudore
2870 4602 2885 4638 :
2917 4583 3105 4637 volens
3138 4579 3279 4634 hanc
3311 4589 3521 4647 quoque

1917 4685 2071 4740 nobis
2095 4684 2313 4739 nimiam
2346 4679 2563 4750 prtecidi
2586 4678 2952 4733 securitatem.

1991 4776 2243 4832 Ferarum
2267 4790 2391 4829 usus
2418 4774 2644 4843 quis.—
2666 4769 2722 4825 Si
2747 4769 2868 4839 quis
2891 4776 3069 4821 autem
3097 4764 3241 4819 dicat
3269 4780 3282 4816 :
3312 4761 3381 4817 Et
3406 4759 3527 4831 quis

1914 4883 1995 4927 est
2040 4870 2197 4925 nobis
2238 4882 2366 4923 usus
2414 4864 2683 4921 ferarum?
2712 4864 2952 4918 dicemus
2986 4879 3000 4915 :
3035 4859 3273 4913 Primum
3307 4854 3524 4927 quidem

1915 4963 2108 5017 anima:
2142 4960 2493 5015 humilitatem
2518 4956 2779 5018 efﬁciunt,
2812 4964 2867 5007 et
2892 4962 2952 5007 ut
2978 4952 3142 5005 homo
3165 4965 3225 5005 se
3249 4958 3525 5010 exerceat,

1916 5064 1971 5109 et
2000 5054 2065 5109 ad
2095 5065 2369 5108 certamen
2400 5058 2698 5119 comparet,
2727 5045 2781 5099 in
2809 5059 2966 5099 causa
2991 5052 3138 5105 sunt,
3170 5056 3235 5097 ac
3261 5042 3414 5094 valde
3441 5053 3528 5092 ar-

1917 5155 2195 5215 rogantem
2221 5142 2449 5213 proprize
2477 5151 2680 5193 natura:
2704 5138 2998 5192 admouent
3020 5176 3035 5201 ,
3066 5132 3283 5204 quando
3310 5132 3526 5187 brutum

1916 5250 1999 5297 est
2053 5242 2102 5296 ei
2149 5238 2408 5294 terribile.
2463 5235 2580 5291 Jam
2622 5248 2751 5288 vero
2796 5230 3165 5286 laborantibus
3209 5227 3527 5299 corporibus

1919 5335 2085 5387 nmlta
2122 5349 2189 5386 ex
2225 5331 2308 5384 his
2348 5330 2479 5382 ﬁunt
2518 5328 2929 5381 medicamenta.
2964 5323 3066 5391 Qui
3095 5324 3210 5378 haec
3238 5330 3417 5376 autem
3448 5321 3523 5373 iu-

1920 5434 2187 5495 terrngat,
2219 5439 2315 5478 cur
2343 5423 2468 5475 iam:
2492 5422 2643 5474 facta:
2674 5421 2801 5481 sint,
2832 5416 3184 5487 interrogabit
3211 5415 3396 5478 etiam,
3430 5425 3519 5466 cut

1919 5518 1971 5571 in
2004 5519 2158 5572 nobis
2189 5517 2256 5569 sit
2285 5515 2408 5567 bilis
2438 5524 2489 5567 et
2524 5512 2748 5582 pituita?
2792 5511 2923 5565 Nam
2950 5526 3014 5565 ea
3042 5523 3277 5579 quoque,
3304 5508 3349 5562 si
3370 5505 3518 5561 exci-

1863 5648 1875 5658 .
1920 5620 2024 5663 tata
2050 5609 2268 5673 fuerint,
2293 5618 2493 5662 exeunt
2525 5608 2637 5660 fera
2665 5603 3056 5669 vehementius,
3083 5603 3287 5671 totique
3315 5598 3525 5669 corpori

1918 5702 2139 5756 exiliunt
2170 5700 2417 5753 afferunt.
2454 5700 2620 5753 Porro
2652 5698 2805 5751 nobis
2829 5712 3041 5767 quoque
3072 5697 3207 5751 incst
3246 5697 3323 5750 ira
3352 5700 3407 5749 et
3438 5709 3532 5745 cu-

1987 5844 2002 5874 ι
2041 5848 2183 5895 t'nns,
2212 5836 2297 5888 acri
2324 5852 2341 5904 ς
2354 5849 2432 5886 use
2455 5838 2517 5883 In!
2540 5834 2715 5885 rimati
2734 5833 2993 5901 pertinent.
