4068 6434
538 412 640 469 illi

533 526 758 596 vidit”,
785 536 904 594 qua:
940 518 1071 593 ipsis
1102 530 1315 589 quoque
1338 514 1467 593 feris
1495 511 1708 584 gravius
1733 506 1886 564 nobis
1912 504 2117 559 incom-

533 616 751 673 modum
783 613 1012 684 aderunt
1028 651 1045 677 ,
1072 607 1173 664 nisi
1198 620 1293 664 eas
1314 616 1658 662 coerceamus
1684 609 1739 655 et
1761 597 2112 654 refrenemus.

533 707 672 777 Quid
716 714 895 762 autem
932 702 1053 758 dico
1087 699 1322 755 animum
1354 705 1411 753 et
1452 696 1608 761 iram,
1640 705 1761 748 cum
1805 689 1921 759 ipse
1953 684 2112 740 etiam

531 807 715 853 noster
738 794 926 851 oculus
966 791 1020 848 in
1060 790 1293 861 peieres,
1320 782 1478 859 quam
1502 783 1653 849 ferae,
1679 778 1987 836 affectiones
2015 789 2114 829 nos

532 887 845 959 praecipitet,
873 895 933 942 ut
959 882 1049 956 qui
1078 896 1178 938 nos
1201 882 1255 936 in
1281 892 1518 935 amorem
1540 874 1790 930 acerbum
1818 877 1957 924 totos
1973 880 2114 959 con:-

531 955 824 1051 ἦῑμιίεαι
850 990 956 1032 non
981 955 1107 1031 ideo
1129 972 1389 1035 dicemus,
1415 967 1527 1025 Cur
1544 967 1659 1022 haec
1678 964 1812 1019 facta
1826 957 1992 1051 sunt?
2017 955 2111 1013 sed

527 1049 691 1127 etiam
736 1084 835 1141 pro
872 1066 1119 1124 omnibus
1168 1062 1392 1121 Domino
1434 1060 1633 1133 gratias
1676 1067 1914 1128 agemus.
1958 1049 2111 1141 Quod

529 1162 675 1217 enim
698 1140 780 1217 est
807 1173 974 1232 puero
996 1156 1233 1221 scutica,
1264 1153 1367 1210 hoc
1410 1162 1494 1208 est
1532 1149 1643 1205 fera
1684 1143 2009 1202 hominibus.
2054 1140 2112 1197 Si

527 1252 673 1310 enim
700 1266 827 1308 cum
847 1251 930 1306 vel
956 1257 1035 1306 tot
1059 1248 1219 1305 rebus
1239 1245 1442 1316 asperis
1460 1242 1855 1304 contineantur,
1875 1234 2115 1306 plerique

528 1352 718 1401 tamen
756 1343 811 1399 in
855 1350 1057 1398 tantam
1102 1336 1427 1395 extolluntur
1468 1330 1825 1404 arrogantiam
1864 1345 1879 1382 :
1920 1325 1966 1382 si
2008 1323 2128 1380 boc-

525 1434 687 1492 etiam
729 1434 939 1490 frenum
986 1430 1273 1493 ademeris,
1312 1424 1592 1482 considera
1632 1436 1742 1493 quo
1786 1420 1859 1474 sit
1896 1415 2111 1473 tandem

531 1537 843 1595 processura
884 1520 1215 1592 improbitas.
1255 1517 1332 1575 Ea
1360 1516 1429 1572 de
1455 1528 1613 1570 causa
1641 1512 1820 1567 datum
1845 1516 1929 1564 est
1957 1505 2112 1595 nobis

526 1594 721 1685 corpus
746 1612 882 1667 adeo
909 1610 1111 1666 morbis
1132 1606 1443 1671 obnoxium,
1473 1601 1710 1674 patibile,
1736 1598 1877 1670 quod
1899 1594 2113 1653 obside-

528 1713 616 1759 tur
636 1718 668 1758 a
696 1702 851 1759 malis
878 1698 1353 1758 innumerabilibus
1380 1713 1396 1751 :
1418 1704 1471 1750 et
1502 1704 1663 1760 terra,
1694 1706 1814 1763 quae
1839 1704 1936 1745 sua
1959 1696 2109 1755 sunt,

527 1792 773 1864 producit
811 1806 936 1847 cum
980 1789 1288 1845 laboribus:
1314 1795 1370 1841 et
1411 1786 1655 1840 universa
1690 1784 1796 1836 vita
1836 1779 1991 1851 plena
2028 1785 2112 1833 est

525 1883 835 1940 sudoribus.
869 1881 1129 1950 Quoniam
1151 1891 1388 1950 praesens
1416 1875 1519 1930 vita
1541 1885 1628 1931 est
1650 1872 1813 1928 veluti
1840 1868 2109 1941 quodnam

524 1974 895 2047 gmnasium,
927 1972 1202 2041 otiumque
1233 1977 1289 2023 et
1329 1965 1574 2022 remissio
1620 1962 1899 2033 plerosque
1936 1957 2111 2030 perdit

525 2046 770 2122 homines
788 2105 805 2131 ,
842 2046 1121 2135 propterea
1149 2058 1414 2129 negotium
1445 2065 1499 2110 et
1526 2054 1761 2109 laborem
1786 2049 2106 2113 admiscuit,

527 2165 585 2210 ut
620 2165 886 2226 tamquam
914 2169 945 2207 a
970 2148 1284 2224 quibusdam
1310 2147 1471 2204 frenis
1496 2146 1782 2215 castigatur
1816 2139 2106 2198 acrimonia

524 2244 741 2301 mentis.
787 2243 866 2299 Tu
908 2252 1085 2297 autem
1116 2238 1391 2298 considera
1416 2235 1687 2308 quomodo
1711 2248 1774 2289 ea
1803 2232 1961 2288 etiam
1988 2245 2109 2300 quas

525 2344 711 2391 natant
732 2332 1253 2406 perprofunditatem
1280 2344 1556 2401 aquarum,
1579 2336 1634 2383 et
1654 2341 1772 2399 qua:
1797 2326 1850 2380 in
1879 2324 2109 2379 sublime

525 2425 813 2491 tolluntur,
858 2440 952 2495 per
987 2431 1158 2479 artem
1188 2422 1280 2477 tibi
1312 2421 1565 2476 Dominus
1587 2417 1893 2488 subjecerit.
1920 2415 1987 2471 Et
2011 2430 2109 2469 cur

523 2514 820 2571 nonomnia
836 2529 956 2587 qtae
982 2512 1249 2579 videntur,
1265 2517 1613 2582 persequutus
1640 2516 1743 2577 est,
1764 2508 1990 2583 plantas,
2016 2521 2106 2561 ar-

522 2606 703 2672 bores,
720 2614 776 2662 et
800 2605 1045 2662 semina?
1082 2605 1159 2660 Ex
1188 2612 1336 2674 parte
1357 2611 1523 2657 totum
1549 2600 1884 2672 significavit,
1916 2607 1971 2654 et
1995 2608 2101 2654 stn-

524 2696 691 2752 diosis
714 2705 907 2752 caztera
932 2694 1156 2751 dicenda
1185 2693 1420 2765 reliquit.
1461 2692 1531 2747 Et
1566 2705 1752 2747 rursus
1778 2691 1829 2744 in
1855 2680 2105 2744 eumdem

522 2787 719 2842 desinit
745 2786 923 2853 linem,
952 2802 1018 2842 ex
1047 2800 1153 2857 quo
1177 2794 1413 2854 cmpcrat
1439 2802 1453 2838 :
1487 2783 1700 2838 Domine
1737 2781 1987 2836 Dominus
2008 2797 2103 2835 no-

521 2887 624 2932 ster
644 2886 733 2932 :et
752 2886 876 2933 ante
896 2876 1279 2948 probationem,
1303 2887 1357 2931 et
1386 2885 1500 2946 post
1522 2874 1892 2947 probationem
1914 2873 2105 2929 eadem

520 2970 683 3027 verba
708 2985 934 3041 ponens.
967 2971 1380 3026 Perseveremus
1407 2984 1535 3041 ergo
1561 2984 1660 3025 nos
1678 2984 1888 3040 quoque
1916 2968 2103 3023 eadem

519 3062 735 3119 assidue
759 3063 958 3129 dicere,
979 3062 1305 3118 admirantes
1331 3062 1447 3131 ejus
1476 3061 1905 3126 sollicitudinem,
1930 3061 2106 3131 suspi-

518 3153 723 3210 cientes
767 3154 1080 3224 sapientiam
1103 3194 1119 3219 ,
1165 3153 1499 3209 clementiam
1523 3192 1541 3220 ,
1585 3161 1639 3209 et
1684 3152 1799 3222 ejus
1840 3167 1966 3223 erga
2004 3167 2104 3207 nos

522 3243 926 3315 providentiam.
983 3244 1051 3298 Et
1096 3243 1211 3299 haec
1246 3243 1459 3313 quidem
1488 3257 1518 3296 a
1547 3242 1699 3297 nobis
1723 3242 1860 3298 dicta
1886 3252 2010 3296 sunt
2035 3242 2103 3297 ad

411 3367 416 3372 -
521 3335 1030 3405 interpretationem.
1062 3335 1117 3392 Si
1146 3345 1325 3391 autem
1346 3335 1523 3401 vultis,
1548 3349 1662 3390 rem
1683 3334 1871 3404 majori
1892 3350 2108 3409 quoque

521 3426 865 3481 contentione
888 3440 1128 3497 agamus,
1151 3434 1207 3481 et
1228 3424 1441 3481 Iudaeos
1472 3440 1737 3496 rogemus,
1769 3424 1985 3483 ubinam
2013 3445 2107 3484 vo-

523 3529 645 3572 cem
665 3516 825 3587 pnelli
842 3516 1158 3573 emiserint?
1183 3516 1269 3572 ubi
1282 3515 1565 3574 inimicum
1587 3515 1706 3575 talis
1722 3535 1824 3574 vox
1840 3520 2109 3577 destruxe-

524 3611 593 3666 rit
610 3611 636 3665 ῒ
661 3610 874 3682 quando
899 3610 1018 3684 ejus
1043 3625 1237 3668 nomen
1268 3612 1424 3669 fuerit
1448 3612 1797 3668 admirabile?
1832 3610 1939 3668 Sed
1964 3612 2107 3671 aliud

526 3712 733 3773 tempus
754 3744 773 3771 ,
812 3719 973 3777 quam
1005 3706 1107 3761 hoc
1130 3746 1145 3770 ,
1177 3720 1283 3759 non
1322 3712 1571 3774 poterunt
1597 3704 1798 3771 dicere,
1829 3704 1970 3773 quod
1996 3706 2111 3759 sole

525 3795 717 3851 clarius
741 3798 974 3852 eatendit
994 3798 1101 3851 vim
1119 3796 1375 3851 veritatis.
1402 3794 1469 3849 Et
1488 3794 1610 3849 ideo
1631 3795 1778 3861 dicit,
1793 3793 1984 3849 Videbo
2007 3811 2103 3850 ctr-

530 3890 607 3945 los
628 3906 785 3961 opera
804 3891 1078 3962 digiton
1105 3901 1305 3944 tuorum
1332 3904 1351 3942 :
1379 3897 1435 3943 et
1455 3897 1628 3942 tamen
1649 3887 1761 3956 jam
1782 3886 1988 3942 dixerat
2004 3886 2114 3940 llo-

528 3996 615 4038 ses
639 3980 734 4036 :In
747 3982 995 4054 principio
1009 3982 1125 4053 fecit
1155 3980 1288 4035 Dens
1313 3981 1493 4035 celum
1519 3980 1572 4033 el
1596 3988 1781 4033 terram
1816 3978 2109 4051 (Genii).

600 4072 823 4128 Paulum
850 4074 1233 4129 Samosatenum
1251 4073 1498 4128 adoritur.
1520 4102 1593 4113 —
1610 4072 1717 4129 Sed
1737 4071 1994 4128 adversus
2014 4072 2112 4129 Ju-

530 4163 678 4220 dteos
705 4164 919 4235 quidem
943 4164 1211 4220 sufficiunt
1240 4165 1382 4227 haec,
1412 4174 1466 4219 et
1485 4180 1603 4236 quae
1623 4173 1748 4220 ante
1774 4164 1915 4219 dicta
1945 4176 2068 4221 sunt
2098 4184 2112 4221 :

531 4257 628 4312 sed
669 4256 920 4326 quoniam
962 4256 1051 4325 qui
1097 4256 1308 4311 illorum
1350 4255 1627 4325 dogmata,
1660 4255 1703 4309 si
1741 4254 1987 4310 dematur
2006 4258 2116 4311 cir-

533 4348 822 4411 cumcisio,
864 4347 1215 4413 aemulantur,
1248 4345 1393 4400 Pauli
1424 4346 1756 4401 Samosateni
1789 4347 2010 4401 asseclae
2038 4347 2121 4401 di-

534 4448 660 4496 cunt
686 4438 954 4499 Christum
977 4438 1138 4494 fuisse
1156 4437 1225 4492 ab
1250 4451 1316 4493 eo
1342 4446 1579 4506 tempore
1596 4478 1610 4499 ,
1642 4452 1704 4490 ex
1736 4451 1843 4506 quo
1868 4452 1931 4490 ex
1958 4436 2119 4491 Maria

539 4529 798 4600 processit
829 4527 1052 4601 (a),illos
1076 4527 1235 4583 etiam
1269 4541 1516 4596 rogemus
1541 4544 1555 4580 :
1581 4526 1859 4593 Quomodo
1888 4526 1932 4579 si
1962 4526 2030 4579 ab
2056 4542 2122 4581 eo

540 4633 781 4693 tempore
805 4630 921 4675 erat
938 4620 1206 4685 Christus,
1230 4618 1391 4675 celos
1409 4617 1696 4672 fabricatus
1721 4626 1803 4671 est
1823 4617 1845 4669 ?
1864 4616 2120 4671 Eumdem

542 4714 683 4769 enim
730 4712 817 4768 hic
854 4727 972 4767 esse
1009 4711 1167 4776 dicit,
1199 4710 1287 4780 qui
1318 4725 1385 4764 ex
1418 4724 1512 4763 ore
1539 4708 1813 4762 infantium
1840 4717 1893 4761 et
1919 4707 2125 4762 lacten-

545 4808 672 4859 tium
704 4802 911 4859 laudem
945 4802 1166 4871 perfecit
1191 4843 1206 4864 ,
1238 4809 1293 4854 et
1320 4800 1407 4868 qui
1436 4799 1594 4853 caelos
1624 4796 1910 4851 fabricatus
1936 4808 2037 4852 est.
2068 4797 2122 4853 Si

546 4907 718 4951 autem
759 4902 840 4949 est
876 4894 1129 4948 ctelornm
1171 4891 1375 4960 opifex,
1415 4897 1581 4943 restat
1608 4897 1663 4940 ut
1691 4886 1849 4941 fuerit
1877 4897 2000 4942 ante
2025 4903 2127 4942 cre-

546 4991 662 5045 los:
708 5004 805 5043 nec
841 4987 989 5042 duxit
1026 4985 1230 5040 initium
1268 4998 1331 5037 ex
1358 4983 1552 5045 Maria,
1597 4981 1702 5034 imo
1732 4992 1844 5035 erat
1874 4992 1998 5035 ante
2022 4981 2132 5035 Ma-

548 5085 700 5139 riam.
746 5081 1033 5137 Considera
1086 5088 1260 5133 autem
1312 5075 1583 5145 prophetae
1633 5075 1965 5144 sapientiam.
2016 5074 2127 5144 Non

550 5178 690 5231 enim
737 5190 857 5229 eum
898 5172 1233 5230 solummodo
1274 5168 1469 5221 inducit
1512 5168 1755 5237 opificem
1782 5208 1794 5230 ,
1838 5166 1932 5223 sed
1970 5167 2128 5221 etiam

552 5269 896 5322 fabricantem
928 5281 1048 5320 cum
1081 5276 1269 5331 magna
1292 5260 1561 5314 facilitate.
1593 5260 1655 5311 Et
1680 5259 1801 5313 ideo
1829 5259 1957 5314 dicit
1986 5275 1998 5310 :
2044 5256 2131 5310 Vi-

550 5359 675 5413 debo
714 5357 861 5411 caelos
899 5371 1052 5424 Opera
1081 5354 1346 5424 digitorum
1377 5361 1575 5405 tuorum
1595 5393 1609 5415 ,
1642 5364 1744 5403 non
1773 5349 1910 5418 quod
1944 5348 2135 5401 habeat

555 5453 692 5505 licus
714 5448 906 5519 digitos
930 5489 945 5514 ,
974 5446 1066 5501 sed
1095 5446 1327 5499 minim-.1:
1350 5459 1469 5499 esse
1498 5442 1822 5512 operationis
1850 5439 2138 5495 ostendens

620 5581 694 5645 (α)
730 5577 900 5645 Paulus
921 5584 1259 5645 Samosatenus
1278 5575 1474 5645 dicebat
1501 5573 1756 5642 Christum,
1796 5571 1944 5618 etiam
1963 5574 2142 5645 quate-

556 5632 648 5693 nus
674 5632 829 5691 't‘ilius
851 5647 957 5690 erat
973 5640 1075 5696 Dei,
1100 5645 1217 5687 tunc
1240 5638 1484 5686 exsistere
1510 5634 1718 5693 coepisse
1764 5646 1875 5680 cum
1912 5644 1973 5680 ex
1996 5632 2141 5696 maria

557 5692 808 5768 processit,
835 5708 894 5768 et
910 5703 975 5751 ita
1006 5692 1468 5768 consubstantialem,
1478 5760 1486 5768 _
1511 5692 1692 5768 graec,
1740 5705 1949 5755 έμοςίισιον,
1992 5692 2142 5741 fuisse

558 5744 1419 5824 PaluijtvildllatESsetpersonarum
1440 5744 1714 5824 distinctio;
1740 5744 1837 5818 quo
1858 5744 2004 5804 sensu
2029 5766 2143 5811 vox,

558 5818 766 5891 ιμοαδᾶςσν,
791 5826 1011 5876 damnata
1037 5818 1177 5871 est'in
1200 5820 1382 5883 synodo
1399 5818 1708 5868 Antiochena.

1274 400 1334 458 Β.
1359 394 1638 459 JOANNIS
1665 385 2137 451 CllRYSOSTOMI
2174 384 2497 441 ARCIIIEP.
2524 381 3060 442 CONSTANTINOP.

3716 375 3819 433 120

2226 512 2346 569 quae
2370 497 2644 563 videntur,
2687 495 3038 552 familiaribus
3063 491 3219 548 nobis
3248 488 3551 547 nominibus
3578 490 3779 546 docens
3800 486 3825 555 ,

2222 597 2480 672 quesunt
2492 602 2651 657 supra
2676 601 2796 642 nos.
2813 584 2946 641 Nam
2962 585 3124 640 etiam
3149 581 3362 653 quando
3383 579 3513 636 dicit
3544 579 3684 648 ποιεί
3711 596 3819 634 me-

2222 668 2347 731 titur
2387 678 2568 732 certant
2603 677 2803 747 palmo,
2837 683 2890 730 et
2929 684 3116 728 terrent
3142 671 3338 743 pugillo
3365 669 3517 744 (Issi.
3548 669 3643 725 40.
3673 668 3798 741 12);

2223 782 2329 822 non
2370 768 2622 840 pugillnm
2651 776 2707 821 et
2736 750 2971 836 palmum
3000 761 3345 833 signiﬁcans,
3376 762 3491 817 lucc
3517 759 3688 825 dicit,
3719 758 3814 817 sed

2220 857 2410 913 volens
2460 858 2557 913 Dei
2601 855 2862 912 infinitam
2890 852 3181 910 ostendere
3204 852 3514 921 potentiam.
3533 849 3816 917 Quomodo

2220 946 2598 1019 ergo-audent
2646 944 2887 1002 nonnulli
2932 942 3125 999 Filium
3169 941 3355 998 dicere
3398 941 3817 998 administrnm!

2219 1037 2322 1108 Qui
2350 1039 2493 1094 enim
2523 1053 2590 1093 ne
2618 1037 2921 1093 universam
2948 1035 3163 1107 quidem
3186 1048 3336 1089 suam
3359 1036 3523 1089 movit
3538 1032 3815 1105 operatio-

2220 1143 2345 1184 nem
2363 1167 2382 1194 ,
2421 1127 2635 1199 quando
2677 1128 2867 1184 caelum
2908 1124 3087 1181 facere
3112 1125 3351 1195 oportuit
3381 1141 3397 1178 :
3425 1124 3551 1195 quid
3578 1124 3703 1181 dico
3727 1132 3816 1180 tu-

2220 1228 2328 1273 tam
2351 1218 2378 1273 2
2396 1218 2491 1275 sed
2511 1219 2600 1289 qui
2632 1232 2700 1273 ne
2720 1218 2998 1277 minimam
3021 1216 3236 1288 quidem
3262 1257 3281 1283 ,
3305 1216 3401 1271 sed
3425 1215 3566 1287 quod
3589 1225 3709 1272 erat
3727 1218 3816 1272 vel

2218 1309 2743 1380 maximepusillum
2780 1326 2796 1364 :
2834 1307 3104 1379 quomodo
3130 1307 3289 1363 fuerit
3306 1305 3657 1362 administer?
3678 1323 3819 1378 quo-

2216 1402 2378 1459 modo
2404 1402 2720 1458 administer
2737 1441 2753 1467 ,
2778 1400 2823 1456 si
2853 1399 2982 1467 Qus
3009 1401 3134 1471 facit
3162 1396 3353 1465 Pater,
3379 1409 3440 1453 ea
3466 1414 3665 1468 quoque
3686 1400 3815 1470 facit

2218 1493 2389 1550 Filius
2427 1494 2661 1550 similiter
2701 1493 2879 1565 (Joan.
2919 1493 2976 1549 5.
3004 1490 3137 1562 l9)?
3166 1488 3267 1546 Ubi
3298 1500 3381 1545 est
3402 1490 3545 1546 enim
3572 1490 3706 1546 illud
3727 1490 3819 1547 Si-

2216 1586 2432 1651 militer,
2476 1586 2523 1641 si
2567 1584 2655 1640 hic
2691 1582 2905 1654 quidem
2931 1590 3014 1637 est
3040 1580 3386 1645 administer,
3419 1580 3506 1635 ille
3535 1595 3664 1635 vero
3692 1580 3817 1651 opi-

2215 1677 2302 1733 fex
2322 1675 2345 1730 i
2369 1675 2652 1742 Quomodo
2679 1684 2858 1730 autem
2888 1673 3020 1729 dicit
3045 1671 3163 1741 ejus
3180 1686 3302 1727 esse
3320 1685 3507 1740 Opera,
3526 1670 3819 1741 aliquando

2214 1766 2429 1838 quidem
2455 1766 2641 1823 dicens
2663 1806 2679 1830 ,
2710 1764 2927 1819 Domine
2943 1807 2960 1832 ,
2993 1774 3048 1819 tu
3074 1762 3139 1818 ab
3158 1762 3305 1818 initio
3330 1772 3519 1818 terram
3546 1762 3780 1833 [amati
3796 1803 3815 1824 .

2215 1868 2263 1913 et
2297 1874 2454 1929 opera
2483 1872 2724 1911 ntanuunt
2744 1864 2949 1910 tuarum
2974 1864 3094 1909 sunt
3119 1854 3230 1908 caeli
3258 1870 3280 1909 :
3310 1853 3396 1909 hic
3424 1868 3550 1907 vero
3568 1893 3584 1915 ,
3621 1851 3818 1908 Videbo

2214 1953 2367 2003 stelas
2410 1963 2566 2018 opera
2606 1946 2883 2018 digitorum
2926 1955 3130 1999 tuorum
3163 1943 3337 2014 (Paul.
3383 1943 3504 1999 l0l.
3530 1941 3816 2015 ‘26)?Non

2214 2041 2360 2096 enim
2400 2037 2835 2093 administrorum
2855 2043 2983 2091 sunt
3003 2048 3165 2103 Opera
3186 2074 3203 2099 ,
3233 2032 3327 2088 sed
3351 2032 3602 2103 opificum
3636 2050 3650 2085 :
3680 2041 3739 2089 ct
3766 2035 3816 2090 si

2214 2134 2334 2205 quis
2376 2132 2442 2187 sit
2483 2130 2831 2194 administer,
2861 2144 2966 2182 non
2997 2127 3070 2183 illi
3101 2125 3411 2181 attribuitur
3434 2139 3570 2195 opus
3592 2166 3611 2190 ,
3636 2125 3731 2180 sed
3759 2126 3815 2181 ei

2213 2225 2306 2297 qui
2348 2223 2657 2278 fabricatur.
2684 2221 2825 2290 Ergo
2852 2233 2915 2275 ea
2945 2218 3108 2274 etiam
3138 2232 3258 2287 qua:
3283 2224 3407 2270 ante
3436 2231 3467 2270 a
3495 2214 3639 2270 Noae
3666 2214 3814 2271 dicta

2212 2324 2340 2371 sunt
2370 2314 2438 2370 de
2473 2313 2645 2379 Filio,
2690 2324 2884 2381 nempe
2922 2306 3093 2363 illud:
3125 2305 3193 2361 In
3230 2306 3481 2377 principio
3526 2305 3644 2374 fecit
3669 2302 3814 2361 Deus

2215 2406 2395 2460 caelum
2428 2414 2475 2459 et
2519 2414 2734 2467 terram,
2764 2411 2819 2456 et
2846 2399 2976 2454 illud
3004 2419 3018 2453 :
3049 2396 3390 2452 Dominentur
3414 2394 3632 2465 piscibus
3653 2396 3815 2452 maris

2215 2492 2368 2569 (Gen.
2415 2494 2469 2549 1.
2515 2494 2563 2548 1.
2601 2501 2650 2546 et
2689 2489 2804 2560 26).
2849 2472 2899 2543 Is
2925 2487 3104 2552 enim,
3140 2487 3230 2557 qui
3263 2484 3481 2554 perfecit
3502 2485 3715 2541 laudem
3742 2504 3814 2543 ex

2212 2599 2309 2640 ore
2324 2583 2603 2638 infantium
2629 2588 2683 2636 et
2703 2578 3013 2635 lactentium
3029 2617 3045 2641 ,
3079 2576 3124 2631 is
3149 2576 3381 2631 visitavit
3407 2575 3699 2633 hominem.

2283 2675 2339 2731 9.
2365 2673 2438 2728 ΑΕ
2442 2671 2616 2745 quales
2635 2682 2818 2725 natura
2844 2667 2997 2722 Pater
3015 2677 3062 2721 et
3076 2665 3125 2720 F
3127 2667 3266 2725 ilius.
3289 2664 3457 2724 Filius
3476 2685 3509 2722 a
3531 2668 3685 2722 Patre
3699 2667 3810 2722 dis-

2212 2768 2457 2840 tinguitur
2481 2761 2969 2836 Itypostasiw-Qutl:
2989 2775 3117 2834 ergo
3130 2763 3200 2818 de
3227 2764 3383 2817 Patre
3396 2760 3728 2823 dicitMoses,
3744 2774 3815 2815 ea

2214 2860 2411 2916 Paulus
2434 2858 2504 2914 de
2533 2857 2672 2915 Filio
2699 2859 2927 2929 accipit,
2956 2870 3203 2927 magnam
3230 2855 3590 2924 aequalitatem
3620 2862 3814 2907 osten-

2212 2950 2368 3006 dens.
2413 2949 2550 3007 Cum
2580 2966 2709 3021 ergo
2734 2950 2891 3005 liceat
2927 2947 3127 3002 sanctis
3147 2987 3164 3012 ,
3193 2960 3314 3015 quae
3339 2944 3408 2999 de
3435 2945 3594 3000 Patre
3618 2942 3813 2998 dicun-

2210 3053 2298 3098 tur
2316 3084 2331 3110 ,
2355 3041 2817 3100 indiseriminatim
2850 3040 2988 3095 Filio
3014 3040 3248 3093 tribuere
3271 3077 3287 3103 ,
3318 3046 3371 3090 et
3399 3051 3519 3106 qua:
3544 3036 3613 3090 de
3640 3033 3811 3098 Filio,

2210 3134 2357 3191 Patri
2388 3135 2599 3206 (Omnia
2627 3136 2771 3189 enim
2798 3147 2888 3201 Per
2911 3132 3079 3201 ipsum
3107 3133 3245 3199 facta
3270 3136 3386 3180 sunt
3417 3123 3598 3198 [Ιοαη.
3632 3128 3685 3180 1.
3704 3124 3810 3198 3]).

2214 3229 2304 3283 ubi
2350 3225 2652 3281 administri
2696 3237 2895 3279 nomen
2938 3220 3157 3274 omnino
3186 3219 3346 3273 situm
3386 3217 3510 3272 est?
3542 3216 3653 3270 lloc
3679 3233 3815 3270 nus-

2214 3334 2373 3391 quam
2398 3317 2594 3373 viderit
2615 3315 2900 3387 quispiam.
2933 3312 3044 3366 into
3063 3353 3079 3376 ,
3103 3310 3305 3379 inquit,
3335 3308 3532 3362 dictant
3560 3316 3674 3373 est,
3706 3306 3818 3361 Per

2212 3412 2397 3482 ipsum.
2428 3408 2566 3477 Quid
2588 3449 2604 3473 ,
2634 3404 2777 3477 quod
2803 3406 2904 3463 hoc
2931 3404 3103 3473 ipsum
3129 3401 3292 3460 etiam
3322 3398 3390 3453 de
3416 3398 3574 3453 Patre
3601 3398 3807 3453 dictum

2213 3501 2342 3556 est?
2380 3499 2516 3555 Audi
2558 3507 2737 3552 autem
2773 3492 3063 3563 quomodo.
3108 3488 3305 3544 Fidei-3
3341 3488 3479 3543 Deus
3511 3504 3528 3542 .'
3555 3505 3645 3556 per
3667 3506 3817 3559 quem

2214 3594 2377 3649 vocati
2391 3591 2511 3647 estis
2526 3591 2578 3644 in
2598 3589 2881 3643 societatem
2897 3583 3024 3638 Filii
3037 3584 3117 3638 sui
3133 3584 3210 3647 (1.
3224 3580 3374 3637 Cor.l
3388 3622 3402 3635 .
3420 3580 3497 3650 9).
3513 3580 3581 3635 Et
3597 3595 3783 3635 rursus
3797 3621 3812 3636 .

2217 3685 2416 3740 Paulus
2443 3682 2703 3752 apostolus
2737 3676 2863 3734 Iesu
2905 3675 3091 3731 Christi
3134 3691 3223 3744 per
3262 3673 3570 3727 voluntatem
3599 3672 3693 3727 Dei
3720 3673 3811 3744 (2.

2221 3777 2353 3833 Tim.
2382 3777 2434 3831 1.
2465 3774 2540 3847 1).
2573 3774 2640 3828 Εῑ
2665 3784 2888 3827 rursus:
2917 3769 3171 3837 Quoniam
3207 3784 3296 3837 per
3314 3768 3566 3837 ipsum,“
3592 3767 3807 3838 «ipso,

2219 3880 2263 3925 et
2306 3872 2359 3923 in
2398 3870 2509 3939 ipso
2545 3868 2717 3922 omnia
2760 3864 2945 3935 (Rom.
2984 3863 3071 3916 11.
3103 3858 3232 3929 56).
3301 3859 3541 3927 Quanam
3576 3872 3707 3929 ergo
3747 3858 3817 3914 de

2218 3974 2376 4014 causa
2406 3973 2529 4012 eum
2567 3955 2744 4010 dicitis
2770 3950 3186 4008 administrant?
3225 3948 3294 4004 Ut
3340 3949 3553 4003 Patrem
3586 3949 3819 4004 honore-

2219 4066 2372 4116 mus,
2412 4049 2679 4119 inquiunt.
2710 4046 2867 4115 Atqui
2889 4044 3016 4098 dicit
3038 4042 3209 4096 Filius
3239 4059 3252 4094 :
3286 4038 3353 4095 Ut
3378 4055 3550 4095 omnes
3570 4040 3816 4094 honorem

2222 4144 2436 4208 Filium,
2459 4143 2587 4195 sicut
2616 4142 2867 4194 honorant
2895 4133 3101 4189 Patrem
3131 4131 3309 4206 (Joan.
3336 4132 3390 4188 5.
3433 4129 3552 4203 23).
3585 4131 3685 4199 Qui
3713 4146 3817 4186 au-

2225 4247 2330 4293 tem
2358 4248 2464 4288 non
2487 4232 2717 4287 honorat
2740 4226 2955 4292 Filium,
2968 4225 3172 4281 clarum
3188 4233 3271 4278 est
3288 4222 3429 4293 quod
3461 4237 3560 4277 nec
3579 4221 3816 4276 Patrem.

2223 4326 2360 4395 Quid
2402 4338 2563 4393 ergo,
2622 4320 2824 4391 inquit,
2868 4318 3081 4373 Patrem
3128 4314 3305 4372 dicam
3348 4312 3820 4383 FiliumiNequa-

2223 4434 2404 4490 quam.
2448 4416 2561 4469 Non
2600 4413 2743 4468 enim
2783 4408 2955 4465 dicit:
2987 4407 3061 4463 Ut
3104 4422 3189 4461 me
3212 4404 3403 4460 dicatis
3432 4405 3644 4460 Patrem
3681 4403 3820 4459 τευά

2224 4508 2391 4581 quid?
2415 4507 2483 4563 Ut
2505 4505 2695 4560 Filium
2718 4494 3020 4556 manentem
3045 4498 3320 4552 honoretis
3337 4504 3397 4549 ut
3414 4495 3645 4549 Patrem.
3665 4494 3819 4560 Quod

2228 4603 2272 4655 si
2294 4601 2505 4656 Patrem
2536 4595 2741 4651 dixeris
2764 4591 2983 4654 Filium,
3011 4588 3192 4643 omnia
3214 4584 3544 4642 confoderis.
3571 4583 3822 4641 Manente

2228 4710 2355 4763 ergo
2386 4692 2483 4745 hac
2509 4688 2835 4758 proprietate
2853 4726 2868 4749 ,
2888 4693 2972 4739 est
2994 4682 3169 4737 honor
3192 4678 3508 4734 communis.
3531 4677 3822 4748 Propterea

2229 4787 2367 4842 enim
2399 4784 2530 4837 dixit
2558 4778 2747 4833 Filium
2772 4785 2825 4830 et
2852 4776 3067 4829 Patrem
3092 4811 3107 4837 ,
3140 4787 3207 4826 ne
3232 4767 3628 4825 confunderetis
3650 4768 3824 4838 hypo-

2230 4888 2419 4933 stases.
2472 4871 2525 4927 Si
2574 4879 2752 4923 autem
2798 4881 2900 4919 non
2946 4871 3090 4918 esset
3123 4861 3307 4915 eadem
3336 4858 3661 4923 substantia,
3693 4873 3829 4927 quo-

2232 4967 2393 5023 modo
2422 4967 2680 5034 aequalem
2712 4959 2965 5012 honorem
2993 4946 3302 5022 exegisset?
3332 4949 3571 5016 Quanam
3603 4963 3734 5017 ergo
3760 4950 3830 5003 de

2234 5073 2393 5115 causa
2443 5056 2569 5110 dicit
2616 5052 2861 5106 Christus
2903 5045 3067 5099 multa
3117 5042 3325 5109 abiecta
3356 5051 3407 5093 et
3436 5038 3832 5093 humilia'lNos

2237 5152 2437 5206 docens
2470 5146 2823 5200 lnnnilitatem
2849 5180 2865 5203 ,
2893 5146 2947 5191 et
2976 5143 3195 5206 propter
3222 5132 3590 5185 indumentum
3612 5131 3792 5184 carnis
3812 5171 3830 5197 ,

2238 5259 2300 5297 ac
2352 5252 2566 5310 prepter
2609 5245 2879 5303 stuporem
2928 5228 3274 5289 Judurorum,
3306 5233 3360 5277 et
3401 5224 3545 5293 quod
3584 5233 3829 5293 oporteat

2241 5346 2407 5404 genus
2447 5328 2722 5383 hominum
2761 5322 3023 5377 deducere
3056 5316 3305 5386 paulatim
3343 5312 3409 5367 ad
3437 5314 3833 5382 cognitionem,

2244 5439 2295 5483 et
2335 5423 2473 5495 quod
2504 5428 2687 5477 essent
2726 5412 3019 5483 imperfecti
3049 5408 3320 5463 auditores
3341 5447 3355 5472 ,
3389 5415 3440 5459 et
3466 5406 3665 5472 alioqui
3691 5422 3837 5475 smpe

2245 5519 2477 5589 loquitur
2518 5514 2583 5569 ad
2628 5509 2927 5566 auditorum
2970 5502 3297 5574 opinionem.
3348 5498 3666 5554 Sublimiora
3696 5503 3839 5555 enim

2248 5619 2371 5667 sunt
2400 5622 2463 5664 ea
2504 5620 2624 5677 quae
2669 5609 2793 5657 sunt
2817 5599 2982 5653 solius
3009 5593 3319 5664 dignitatis;
3352 5591 3435 5645 vel
3468 5592 3644 5660 potius
3673 5594 3842 5661 quod-

2249 5717 2479 5773 cumque
2498 5698 2565 5755 de
2591 5698 2700 5752 Deo
2719 5693 2915 5747 dixeris
2936 5732 2951 5756 ,
2973 5698 3056 5744 est
3084 5688 3240 5755 longe
3263 5685 3351 5753 illa
3378 5685 3673 5739 substantia
3705 5686 3841 5741 infe-

2251 5800 2364 5858 rius
2388 5837 2403 5864 ,
2434 5801 2489 5847 et
2518 5790 2583 5845 ad
2611 5785 2908 5843 auditorum
2936 5789 3153 5851 eaptum
3181 5778 3395 5833 dicitur.
3427 5774 3564 5844 Quid
3593 5777 3672 5830 vis
3697 5793 3842 5834 etum
