4068 6426
569 386 669 444 121
1255 375 1314 437 S.
1351 376 1634 434 JOANNIS
1669 372 2158 432 CIIRYSOSTOMI
2194 370 2517 430 ARCHIEP.
2556 366 3105 427 CONSTANTINOP.
3721 356 3820 415 122

567 497 709 552 ἔστι.
741 495 810 552 Ἰι
853 495 963 566 γάρ
1006 493 1183 565 βούλει
1221 494 1422 559 είπεῖν;
1458 491 1650 562 Μέγας
1698 494 1728 546 6
1768 492 1931 558 836;;
1973 490 2135 545 Ἀλλά

566 588 738 644 τοῦτο
758 587 955 661 μικρὸν
997 585 1125 663 περὶ
1171 583 1307 638 Θεοῦ
1347 583 1667 655 λεγόμενονο
1704 585 1765 638 τὸ
1809 583 1918 656 γὰρ
1969 586 2133 654 μέγα,

568 676 682 738 οἷον
705 677 832 754 ἀνῇ
873 681 1033 749 μέγα,
1068 677 1480 748 πεπερασμένον
1525 667 1699 731 ἐστίν’
1759 676 1874 730 ἀλλ’
1909 675 2137 747 ἄπειρος

569 775 600 827 6
631 772 784 836 Θεός.
833 770 944 824 Καὶ
990 769 1150 824 τοῦτο
1202 769 1418 841 μικρὸν,
1463 773 1593 841 περὶ
1630 767 1768 822 Θεοῦ
1822 767 2133 838 λεγόμενον.

574 866 694 920 Ὅτι
730 864 832 935 μὲν
873 862 980 934 γὰρ
1009 861 1182 933 πέρας
1215 862 1317 916 οὐκ
1364 861 1499 933 ἔχει,
1543 859 1692 916 οἴδα·
1727 861 1842 915 ἀλλ’
1873 861 1981 931 οὐδ’
2026 861 2058 914 ὃ
2083 877 2137 914 τι

570 955 736 1020 εστὶν,
766 955 887 1008 οὐδὲ
932 953 1058 1020 ποῦ,
1093 955 1414 1026 ἐπίσταμαι.
1467 954 1587 1017 Κᾶν
1628 953 1790 1023 σοφὸν
1819 953 1999 1026 εἴπῃς,
2033 951 2137 1006 κᾶν

569 1045 776 1115 ἀγαθὸν
820 1044 1005 1118 εἴπῃς,
1056 1046 1150 1098 καὶ
1194 1046 1369 1099 ταῦτα
1414 1045 1640 1117 ἀπειρα,
1675 1045 1828 1111 οὐδὲν
1877 1040 2138 1117 περὶτῆς

571 1139 760 1202 οὐσίας
791 1137 1005 1208 ἐκείνης
1029 1138 1180 1205 ἀξιον
1210 1137 1462 1210 είρηκας,
1492 1138 1628 1193 ἀλλά
1650 1139 1732 1192 δεῖ
1752 1136 2032 1209 θεοπρεπῆ
2059 1135 2140 1208 τῷ

574 1231 775 1302 ῥήματι
808 1233 1086 1302 προσεῖναι
1113 1230 1340 1287 ἔννοιαν.
1367 1231 1430 1286 El
1460 1233 1638 1286 τοίνυν
1663 1231 1733 1285 τά
1759 1229 1902 1284 οὕτω
1927 1230 2140 1302 μεγάλα

570 1322 670 1392 τὴν
717 1321 874 1389 ἀξίαν
912 1324 978 1376 οὐ
1011 1323 1328 1394 παρίστησι,
1373 1323 1517 1386 τίνος
1552 1322 1620 1376 ἀν
1656 1319 1768 1377 εἷεν
1807 1322 2140 1394 συγγνώμης

571 1411 713 1478 ἀξιοι
747 1414 795 1466 οί
822 1415 915 1467 καὶ
950 1411 1123 1467 ταῦτα
1155 1414 1412 1469 κολοϐοὗν
1445 1413 1808 1486 πειρώμενοις
1842 1414 2139 1486 Φεύγωμεν

570 1501 751 1557 τοίνυν
776 1503 957 1558 αὐτῶν
983 1506 1110 1568 τοὺς
1142 1504 1455 1574 συλλόγους,
1489 1507 1582 1560 καὶ
1614 1505 1876 1576 μαθόντες
1895 1505 1990 1560 106
2021 1507 2140 1560 M0-

572 1593 823 1664 νογενοῦς
854 1595 954 1666 τὴν
981 1595 1304 1664 πρόαιώνιον
1331 1595 1586 1670 ὕπαρξιν,
1623 1597 1720 1670 τήν
1743 1598 2138 1670 δημιουργικὴν

572 1684 821 1756 δύναμιν,
843 1686 944 1758 τὴν
971 1686 1216 1752 ἐξουσίαν
1242 1688 1342 1758 τὴν
1364 1688 1710 1761 αὐθεντικὴν,
1735 1689 1797 1742 τὸ
1821 1688 2139 1760 ἀπαράλλα-

576 1793 704 1831 κτσν
732 1777 896 1832 αὐτοῦ
925 1778 986 1832 τὸ
1011 1780 1146 1851 πρὸς
1181 1781 1272 1834 τὸν
1303 1781 1542 1853 Πατέρα,
1570 1781 1670 1852 τῆς
1697 1782 2010 1848 οἰκονομίας
2039 1783 2140 1853 τὴν

579 1869 1006 1937 συγκατάϐασιν,
1055 1872 1155 1942 τῆς
1197 1872 1326 1944 περὶ
1364 1874 1512 1944 ἡμᾶς
1542 1871 1870 1945 κηδεμονίας
1913 1874 2013 1945 τὴν
2041 1891 2140 1929 πο-

575 1958 762 2029 λυειδῆ
809 1961 1063 2031 πρόνοιαν
1107 1960 1313 2033 (ταῦτα
1363 1963 1470 2035 γὰρ
1521 1965 1737 2018 ᾶπαντα
1794 1965 1891 2018 καὶ
1937 1963 2142 2018 τούτων

578 2049 797 2105 πλείονα
825 2053 855 2106 6
882 2049 1151 2123 θησαυρὸς
1177 2053 1207 2106 ό
1227 2054 1287 2106 ἂν
1311 2052 1390 2122 τῷ
1415 2052 1611 2125 ψαλμῷ
1631 2053 1882 2126 κείμενος
1901 2055 2141 2110 διδάσκει

577 2143 706 2207 τούς
738 2144 876 2214 μετά
907 2144 1193 2214 ἀκριϐείας
1221 2145 1629 2217 προσέχοντας),
1655 2147 2001 2218 διατηρῶμεν
2031 2147 2143 2201 τῶν

577 2233 864 2306 δογμάτων
886 2234 986 2306 τὴν
1007 2236 1312 2306 ἀκρίϐειαν,
1343 2239 1437 2291 καὶ
1470 2238 1742 2292 πολιτείαν
1757 2239 1912 2306 ἀξίαν
1942 2240 2144 2293 ἐπιδει-

580 2323 820 2397 ξώμεθα,
853 2327 940 2380 ἵνα
962 2328 1057 2380 καὶ
1080 2327 1186 2382 τῶν
1209 2327 1508 2399 μελλόντων
1532 2330 1877 2401 ὲπιτύχωμεν
1899 2330 2142 2400 ἀγαθῶν·

578 2414 655 2474 ὧν
697 2419 909 2489 γένοιτο
941 2421 1148 2484 πάντας
1181 2422 1329 2492 ἡμᾶς
1356 2420 1673 2493 ἀξιωθῆναι,
1715 2423 1900 2494 χάριτι
1928 2425 2025 2478 καί⁹
2057 2442 2148 2494 φι-

578 2509 896 2582 λανθρωπία
927 2511 1022 2565 τοῦ
1051 2512 1255 2584 Κυρίου
1306 2514 1462 2584 ήμῶν
1497 2514 1679 2588 ,Ἰησοῦ
1720 2517 1980 2588 Χριστοῦ,
2027 2517 2148 2590 μεθ’

582 2592 643 2654 οὗ
675 2598 755 2670 τῷ
791 2592 967 2671 Πατρὶ
993 2601 1109 2672 ἅμα
1132 2600 1210 2673 τῷ
1241 2602 1381 2674 ἁγίῳ
1406 2603 1705 2676 Πνεύματι,
1728 2606 1863 2678 τιμὴ
1897 2607 1993 2661 καὶ
2021 2607 2149 2674 δόξα

584 2690 666 2755 είς
695 2691 824 2756 τοὺς
849 2690 1052 2754 αίῶνας
1072 2692 1182 2761 τῶν
1202 2693 1434 2750 αἰώνων.
1462 2695 1653 2766 Ἀμήν.

937 2913 1046 2966 m
1081 2913 1220 2968 TON
1249 2913 1307 2967 οι
1336 2914 1654 2972 YAAMON.
1687 2915 1803 2990 [95}

591 3107 612 3140 ι
643 3091 743 3171 Εις
774 3089 1366 3171 τύρτέλοςρπὲρμτῶν
1389 3095 1654 3171 κρυφίων
1680 3097 1787 3171 τοῦ
1820 3100 1978 3171 υἱοῦ.
1995 3104 2151 3171 ψαλ-

652 3159 768 3240 ρὸς
792 3159 877 3240 τῷ
901 3163 1100 3240 Δαυζδ.
1135 3182 1164 3240 ιΔ
1180 3159 1435 3240 "Mm;
1454 3183 1474 3218 ι
1501 3159 1847 3240 ’Ἐπινίκιρν
1869 3159 2022 3240 ὑπὲρ
2043 3171 2152 3228 τοῦ

656 3228 1064 3310 οαζάῳυιτοῦ
1097 3231 1254 3310 vim”):
1492 3235 1572 3302 τῷ
1611 3238 1811 3293 Δαυιῢ.
1853 3259 1872 3294 ν
1915 3228 2151 3310 Ἀξυος,

663 3315 683 3350 ι
718 3297 1121 3369 Νεάνιότητος
1143 3303 1250 3357 τοῦ
1278 3297 1430 3362 ὺίὸὗ.
1467 3325 1489 3360 ι

607 3477 1148 3559 Ἑξομςλοτιξσομαί
1174 3497 1293 3559 σοι,
1321 3484 1518 3559 Κύριε,
1550 3484 1621 3538 ἐν
1649 3484 1764 3559 όλῃ
1783 3486 1999 3559 *καρδίᾳ
2010 3506 2153 3559 μου,

780 3549 1142 3623 διηγήσομαι
1170 3553 1368 3608 πάντα
1397 3549 1471 3608 τὰ
1497 3549 1798 3623 θαυμὰσῖά
1827 3549 1964 3613 σου.

661 3735 732 3784 α’.
748 3730 974 3802 Μακρδς
997 3723 1154 3798 οὗτος
1176 3733 1211 3786 6
1224 3731 1455 3805 ψαλμός.
1475 3732 1586 3788 Καὶ
1605 3733 1764 3789 τοῦτο
1777 3735 1834 3788 δὲ
1851 3737 1950 3808 τῆς
1968 3739 2158 3807 σοφίας

589 3820 687 3876 106
733 3822 1068 3894 Πνεύματος.
1103 3822 1241 3878 Οὔτε
1272 3823 1381 3896 γὰρ
1403 3826 1610 3890 πάντας
1641 3825 1857 3899 βραχεῖς
1879 3830 2155 3900 ἐποίησεν,

590 3909 718 3966 οὔτε
744 3912 952 3978 πάντας
994 3915 1076 3978 είς
1106 3915 1280 3986 μῆκος
1312 3915 1615 3988 ἐξήγαγεν,⁵
1644 3917 1759 3972 ἀλλ’
1786 3920 2027 3974 ὲποίκιλε
2063 3924 2159 3976 καὶ

591 4004 670 4076 τῷ
695 4003 878 4077 μέτρῳ
909 4004 972 4058 16
1019 4003 1240 4076 βιϐλίον,
1273 4006 1350 4078 τῷ
1395 4009 1492 4080 μὲν
1534 4010 1700 4081 μήκει
1746 4010 2028 4084 διεγείρων
2058 4015 2158 4087 τὴν

593 4095 888 4168 ρᾳθυμίαν,
907 4099 974 4168 τῇ
1004 4097 1062 4151 δὲ
1083 4097 1387 4174 ,βραχύτητι
1407 4099 1753 4157 διαναπαύων
1774 4104 1864 4159 τόν
1888 4105 2156 4176 κάματον.

602 4185 1152 4267 Ἐξομολοτήσομαί
1179 4207 1299 4257 σοι,
1323 4191 1519 4263 Κύριε,
1544 4195 1614 4248 ἐν
1645 4194 1756 4266 ὅλῃ
1783 4196 1996 4265 καρδίᾳ
2017 4216 2154 4267 μου,

591 4278 953 4351 διηγήσομαι
978 4281 1177 4336 πάντα
1202 4281 1278 4337 τὰ
1316 4284 1617 4354 θαυμάσιοί
1641 4302 1776 4342 σου.
1823 4291 2054 4345 Διπλοῦν
2094 4293 2158 4347 τὸ

590 4371 691 4442 τῆς
720 4369 1158 4444 ὲξομολογήσεως
1203 4371 1340 4440 εἶδός
1384 4377 1550 4431 ἐστιν.
1573 4379 1642 4432 Ἦ
1669 4381 1777 4452 γὰρ
1807 4381 1916 4436 τῶν
1943 4384 2157 4440 οἰκείων

589 4463 1004 4535 ἁμαρτημάτων
1025 4466 1141 4519 ἐστὶ
1165 4466 1528 4537 κατάγνωσις,
1555 4471 1928 4544 ἧεύχαριστία
1959 4477 2039 4539 είς
2067 4475 2158 4530 τὸν

588 4552 745 4608 Θεόν.
777 4555 1039 4610 Ἐνταῦοα
1077 4557 1259 4628 μέντοι
1294 4561 1394 4632 τὴν
1429 4562 1784 4634 εὐχαριστίαν
1815 4564 1981 4635 δηλοῖ.
2011 4567 2076 4620 Τί
2099 4568 2156 4622 δέ

593 4645 762 4710 ἔστιν,
791 4645 895 4698 Ἐν
912 4644 1026 4714 ὅλῃ
1057 4647 1268 4716 καρδίᾳ
1281 4666 1432 4719 pou;
1468 4651 1624 4706 Μετά
1669 4653 1979 4725 προθυμίας
2023 4656 2164 4710 ἀπά-

593 4749 715 4804 σης,
767 4735 905 4804 μετά
955 4737 1211 4810 σπουδῆς,
1261 4740 1443 4810 φησίν.
1494 4743 1605 4812 Οὐχ
1655 4743 1794 4815 ὑπὲρ
1836 4746 2159 4817 εὐημερίας,

591 4824 726 4880 ἀλλὰ
777 4828 871 4879 καὶ
929 4828 1021 4880 ἐπὶ
1072 4831 1186 4893 τοῖς
1233 4831 1514 4895 ἐναντίοις.
1557 4832 1728 4887 Τοῦτο
1772 4835 1882 4908 γάρ
1922 4837 2156 4908 μάλιστα

590 4915 932 4988 εὐχαρίστου,
973 4918 1132 4972 τοῦτο
1179 4920 1468 4991 φιλοσόφου
1515 4922 1713 4995 ψυχῆς,
1743 4926 1805 4980 τὸ
1832 4930 1926 4984 καὶ
1961 4933 2020 4984 ὲν
2046 4936 2158 4998 τοῖς

589 5008 852 5079 λυπηροῖς
898 5009 1257 5082 εὐχαριστεῖν,
1305 5012 1370 5066 τὸ
1416 5015 1554 5085 ὑπὲρ
1604 5016 1857 5074 ἁπάντων
1890 5020 2154 5090 δοξάζειν,

593 5101 668 5171 μὴ
696 5101 854 5171 μόνον
879 5103 1019 5174 ὑπὲρ
1042 5102 1150 5157 τῶν
1178 5104 1528 5174 εὐεργεσιῶν,
1559 5107 1698 5161 ἀλλὰ
1738 5112 1832 5165 καὶ
1865 5113 2006 5183 ὑπὲρ
2045 5115 2156 5170 τῶν

586 5191 885 5261 τιμωριῶν.
948 5193 1120 5247 Τοῦτο
1164 5195 1273 5265 γὰρ
1325 5195 1569 5262 πλείονος
1622 5200 1815 5270 μισθοῦ
1875 5203 2154 5276 πρόξενον.

600 5282 725 5336 Ἐπὶ
753 5284 851 5354 μὲν
876 5286 988 5358 γάρ
1011 5285 1122 5340 τῶν
1152 5287 1375 5355 ἀγαθῶν
1395 5290 1753 5363 εὐχαριστῶν,
1785 5297 1944 5367 χρέος
1969 5298 2158 5353 ἀποδέ-

585 5373 794 5436 δωκας·
833 5376 928 5429 ὲπὶ
953 5374 1012 5429 66
1037 5376 1146 5430 τῶν
1177 5377 1380 5443 κακῶν,
1402 5379 1494 5434 τὸν
1529 5380 1664 5437 Θεὸν
1709 5385 1993 5460 ὀφειλέτην
2025 5407 2158 5444 κατο

586 5467 840 5536 έστησας.
877 5469 937 5522 ὀ
961 5467 1062 5538 μὲν
1108 5470 1218 5542 γάρ
1261 5466 1321 5526 εὖ
1374 5474 1579 5539 παθὼν,
1630 5477 1720 5531 καὶ
1766 5479 1925 5550 χάριν
1975 5483 2152 5548 εἰδὼς.

587 5560 836 5615 ἀπέδωκε
887 5563 989 5634 τὴν
1039 5563 1280 5637 όφειλήν.
1327 5567 1386 5621 '0
1445 5568 1504 5622 δὲ
1551 5571 1735 5634 κακῶς
1784 5573 2006 5632 παθὼν.
2061 5579 2156 5629 καὶ

585 5651 842 5719 δοξάζων,
885 5654 1108 5728 ὄφλημα
1155 5661 1573 5717 κατεσκεύασεν.
1601 5664 1744 5717 Ἀντὶ
1785 5665 1886 5735 τῆς
1933 5668 2154 5740 εὐχαρι-

483 5796 485 5798 .
588 5747 740 5811 στίας
781 5743 874 5802 οὖν
912 5748 1114 5821 ταύτης
1151 5753 1315 5807 πολλά
1345 5753 1509 5825 ἕτερα
1549 5749 1727 5824 ἀγαθά
1770 5759 2091 5814 ἀποδίδωσιν
2123 5766 2151 5816 ὁ

2246 499 2381 563 Θεὸς
2404 498 2500 553 καὶ
2527 498 2650 552 τότε
2700 499 2791 551 καὶ
2831 496 2928 550 νῦν
2947 513 2964 528 ·
3009 493 3152 548 ὥστε
3196 489 3318 546 οὐδὲ
3353 487 3611 559 αἴσθησιν
3652 482 3822 556 ληψός

2248 591 2387 660 μεθα
2413 591 2523 644 τῶν
2545 589 2753 643 δεινῶν.
2775 575 2972 650 Ὁύδεὶς
2995 584 3110 663 γὰρ
3133 583 3275 655 ὑπὲρ
3303 574 3379 636 ὧν
3405 580 3567 650 χάριν
3597 572 3711 630 οἶδε
3741 572 3824 645 τῷ

2243 681 2384 753 Θεῷ,
2414 681 2557 754 ὑπὲρ
2591 679 2796 734 τούτων
2829 678 2987 748 ἀλγεῖ
3008 694 3022 709 ο
3056 675 3198 729 ὥστε
3241 673 3337 727 καὶ
3380 671 3569 742 ἕτερον
3590 679 3822 736 acapno-

2246 769 2454 841 σόμεθα
2482 769 2692 841 κέρδος,
2725 767 2790 822 τὸ
2826 763 3212 838 διακρούεσθαι
3244 762 3344 834 τὴν
3365 758 3625 830 ἀθυμίαν.
3650 756 3825 809 Ὅταν

2243 863 2355 934 γὰρ
2383 859 2758 933 ἀποστερηθῇς
2805 857 3106 930 χρημάτων
3148 855 3246 910 καὶ
3283 851 3714 924 εὐχαριστήσῃς,
3758 847 3821 900 οὐ

2243 953 2497 1008 τοσοῦτόν
2529 969 2590 1006 σε
2623 955 2656 1022 ή
2701 949 2878 1023 ζημία
2915 950 3140 1004 δύναται
3164 947 3404 1010 δάκνειν,
3437 945 3562 998 ὅσον
3584 942 3620 1012 ή
3653 938 3822 1008 εὐχαο

2247 1045 2428 1118 ριστία
2455 1042 2754 1114 εὐφραίνει.
2800 1040 2972 1094 Τοῦτο
2994 1038 3074 1110 τῷ
3103 1036 3337 1108 διαϐόλῳ
3371 1033 3563 1104 καιρία
3595 1029 3785 1101 πληγή
3804 1040 3820 1056 ’

2244 1131 2405 1186 τοῦτο
2433 1130 2695 1202 ποιεῖτὴν
2726 1131 2964 1185 διάνοιαν
2992 1127 3280 1200 φιλόσοφον
3298 1144 3312 1157 ·
3357 1122 3512 1179 τοῦτο
3551 1122 3655 1192 τὴν
3688 1118 3826 1188 ἀλη-

2247 1221 2401 1293 θινὴν
2426 1222 2554 1293 περὶ
2589 1220 2700 1273 τῶν
2728 1219 3012 1293 παρόντων
3041 1217 3383 1291 πραγμάτων
3411 1207 3826 1283 ὲγκατασκευά-

2244 1310 2327 1377 ζει
2359 1311 2558 1382 κρίσιν.
2600 1310 2793 1366 Πολλοὶ
2820 1311 2930 1383 γάρ
2955 1309 3065 1363 τῶν
3094 1306 3396 1380 ἀνθρώπων
3421 1306 3484 1359 οὐ
3517 1305 3620 1374 τὴν
3656 1297 3825 1356 οὖσαν

2243 1400 2424 1472 ψῆφον
2451 1400 2632 1472 έχουσι
2664 1402 2792 1474 περὶ
2817 1399 2926 1454 τῶν
2955 1397 3188 1454 ἐνταῦθα
3207 1412 3223 1428 ⁸
3268 1396 3351 1450 διδ
3377 1395 3474 1449 καὶ
3495 1391 3822 1464 ἀθυμοῦσιν.

2245 1491 2404 1546 Οὕτω
2432 1492 2527 1545 καὶ
2563 1493 2614 1546 οἱ
2663 1491 2982 1563 μαινόμενοι
3017 1486 3310 1560 φοϐοῦνται
3354 1486 3424 1540 τά
3467 1485 3530 1538 οὐ
3590 1480 3823 1554 φοϐερὰ,

2245 1582 2440 1637 καὶτὰ
2476 1583 2577 1655 οὐχ
2613 1581 2902 1654 ὑφεστῶτα
2954 1579 3213 1642 πολλάκις
3259 1575 3558 1635 δεδοίκασι,
3594 1573 3693 1626 καὶ
3724 1570 3827 1633 τάς

2246 1674 2408 1739 σκιάς
2465 1675 2749 1745 φεύγουσι.
2782 1671 3006 1735 Τούτοις
3053 1669 3264 1724 ἐοίκασι
3304 1666 3401 1722 καὶ
3433 1667 3485 1720 οἱ
3521 1663 3825 1737 χρημάτων

2245 1765 2450 1838 ζημίαν
2475 1765 2798 1823 δεδοικότες.

2317 1939 2392 1992 Οὐ
2419 1938 2530 2010 γάρ
2565 1939 2668 2009 τῆς
2703 1936 2920 2007 φύσεως
2948 1940 2980 1992 6
3019 1936 3207 2007 φόϐος,
3237 1935 3374 1990 ἀλλά
3427 1932 3529 2003 τῆς
3565 1923 3830 2000 προαιρέ-

2247 2046 2407 2095 σεως.
2452 2032 2518 2085 El
2556 2029 2664 2102 γάρ
2699 2030 2764 2083 τὸ
2803 2031 3037 2102 πρᾶγμα
3067 2025 3135 2101 ἧν
3161 2027 3426 2098 λυπηρὸν,
3468 2025 3678 2095 πάντας
3717 2019 3829 2072 ἔδει

2246 2124 2433 2193 ἀλγεῖν
2468 2124 2596 2186 τοὺς
2647 2122 3128 2195 ἀπεστερημένους
3176 2111 3254 2163 ν’
3295 2120 3346 2174 εί
3391 2118 3450 2173 δὲ
3496 2117 3574 2190 μὴ
3618 2114 3831 2174 πάντες

2247 2211 2520 2284 ἀλγῶμεν
2546 2211 3034 2284 ἀποτυγχάνοντες,
3062 2210 3162 2265 οὐκ
3196 2209 3278 2264 ἔτι
3311 2209 3414 2280 τῆς
3443 2206 3538 2263 τοῦ
3568 2206 3831 2276 πράγμα-

2247 2321 2340 2368 τος
2382 2303 2617 2376 φύσεως,
2667 2303 2804 2358 ἀλλά
2853 2303 2953 2374 τῆς
2981 2301 3207 2365 ἀτελοῦς
3245 2300 3505 2363 διανοίας.
3551 2295 3830 2365 Καθάπερ

2250 2394 2368 2469 [94]
2393 2395 2504 2468 γὰρ
2531 2397 2592 2450 ὲν
2617 2395 2798 2466 σκότῳ
2818 2393 3082 2457 πολλάκις
3104 2391 3200 2447 καὶ
3225 2390 3457 2462 σχοινίον
3483 2405 3570 2452 τις
3596 2387 3831 2449 ἔδεισεν,

2249 2489 2374 2559 ὅφιν
2397 2489 2644 2560 νομίσας,
2670 2488 2767 2542 καὶ
2808 2489 2987 2544 πάντα
3016 2485 3336 2549 ὑποπτεύει,
3369 2485 3466 2540 καὶ
3488 2483 3616 2545 τοὺς
3638 2480 3831 2550 φίλους

2251 2583 2544 2652 πολεμίους
2577 2583 2793 2654 ἡγεῖται
2813 2597 2828 2611 ·
2867 2580 3014 2636 οὕτω
3043 2581 3140 2635 καὶ
3187 2582 3235 2634 οἱ
3283 2578 3479 2650 ἀλογίᾳ
3521 2574 3833 2645 κατεχόμε-

2251 2690 2353 2737 νοι,
2381 2673 2572 2745 ῶσπερ
2611 2675 2720 2728 τινὶ
2765 2672 2940 2744 σκότῳ
2971 2671 3126 2742 βαθεῖ
3166 2671 3406 2734 ἁλόντες.
3435 2670 3538 2724 οὐκ
3563 2663 3852 2735 ἑπιγινιλὶιο⁸

2203 2789 2209 2794 ·
2253 2782 2442 2820 σκουσι
2473 2765 2584 2819 τῶν
2604 2763 2944 2838 πραγμάτων
2966 2762 3066 2835 τὴν
3095 2761 3280 2834 φύσιν,
3317 2761 3432 2816 ἀλλ’
3453 2755 3833 2829 ἐγκυλινδοῦν-

2252 2875 2343 2912 ται
2373 2857 2453 2928 τῷ
2485 2858 2750 2931 βορϐόρῳ,
2773 2858 2870 2912 καὶ
2891 2857 2984 2911 τὸν
3009 2857 3201 2929 χόρτον
3218 2856 3318 2926 οὐχ
3345 2851 3604 2924 ἡγοῦνται
3635 2850 3834 2923 χόρτον

2253 2944 2426 3004 εἶναι’
2478 2951 2573 3004 καὶ
2623 2949 2725 3020 τῆς
2775 2948 3143 3021 φιλαργυρίας
3196 2943 3673 3018 ἐμπεπλησμένοι,
3731 2941 3838 2994 οὐκ

2254 3040 2600 3095 αἰσθάνονται
2646 3041 2748 3112 τῆς
2795 3041 3094 3104 δυσωδίας·
3147 3037 3216 3092 ἀν
3258 3037 3318 3091 δὲ
3357 3033 3660 3098 ἀποστῶσι,
3706 3030 3839 3086 τότε

2254 3115 2511 3184 είσονται.
2557 3130 2668 3184 Καὶ
2712 3128 2966 3200 καθάπερ
3002 3130 3050 3182 οί
3089 3125 3347 3196 γυναικὸς
3385 3125 3636 3198 ἀμόρφου
3665 3121 3843 3195 ἐρῶν-

2253 3239 2369 3286 τες,
2409 3222 2536 3274 ὅταν
2581 3221 2832 3275 παύσωσι
2872 3220 2934 3274 τὸ
2979 3220 3216 3290 νόσημα,
3248 3217 3374 3273 τότε
3421 3215 3743 3270 ἐπίστανται
3771 3215 3841 3268 τδ

2255 3309 2523 3382 είδεχθέςο
2580 3309 2723 3366 οὕτω
2768 3311 2864 3366 καὶ
2917 3311 2968 3366 οἱ
3018 3306 3528 3381 τῆςφιλαργυρίας
3583 3306 3840 3388 ἐρασταί.

2257 3406 2370 3474 καὶ
2399 3403 2517 3468 πῶς
2546 3403 2862 3474 δυνήσομαι,
2893 3402 3049 3474 φησὶ,
3073 3401 3277 3457 παῦσαι
3302 3401 3396 3455 τὸν
3421 3400 3631 3472 ἔρωτας
3665 3399 3842 3452 Πάλιν

2257 3471 2336 3566 τῶ
2365 3494 2514 3565 αὐτῷ
2548 3471 2915 3564 ὑποδείγματι
2937 3471 3463 3564 χρήσομαι.”οσπερ
3485 3492 3516 3544 6
3542 3492 3644 3562 τῆς
3671 3491 3846 3562 ἀμόρ-

2259 3604 2362 3658 φου
2413 3585 2672 3656 γυναικὸς
2720 3586 2885 3657 ἐρῶν,
2929 3584 3027 3639 ὲάν
3073 3585 3172 3656 μὲν
3205 3583 3470 3655 διηνεκῶς
3510 3583 3843 3654 συγγίνηται

2260 3669 2422 3753 αὐτῇ,
2463 3681 2693 3734 ἀνάπτει
2721 3677 2820 3750 τὴν
2860 3679 3112 3748 κάμινον,
3163 3675 3260 3730 ὲάν
3306 3675 3365 3729 δὲ
3407 3675 3601 3747 μικρὸν
3641 3675 3843 3730 ἑαυτὸν

2259 3771 2567 3840 ἀποστήσῃ,
2612 3767 2756 3822 κατά
2797 3767 2991 3838 μικρὸν
3037 3765 3296 3838 ὐπορῤέει
3331 3765 3395 3819 τὸ
3439 3765 3643 3830 πάθος⁶
3693 3765 3844 3820 οὕτω

2262 3864 2357 3918 καὶ
2391 3863 2456 3916 σὺ
2493 3861 2688 3934 μικρὸν
2713 3859 3000 3930 ἀπόστηθι,
3030 3857 3208 3928 ὀλίγον
3232 3857 3402 3922 ἔνδος,
3430 3859 3524 3912 καὶ
3552 3858 3612 3912 τὸ
3643 3858 3843 3929 μικρὸν

2259 3954 2412 4008 ἔσται
2449 3953 2584 4008 πολὺ
2611 3953 2906 4023 διάστημα.
2943 3951 3118 4004 Μόνον
3149 3949 3313 4021 ἄρξαι
3350 3947 3446 4002 106
3478 3948 3842 4020 κατορθώμα-

2259 4064 2371 4112 τος.
2395 4046 2581 4117 Ἔχεις
2623 4044 2802 4097 οίκίαν
2835 4043 3128 4114 περιττήν;
3173 4041 3423 4106 Ἀπόδου,
3464 4041 3556 4095 καὶ
3591 4041 3680 4104 δὸς
3726 4043 3844 4105 τοῖς

2261 4138 2555 4208 δεομένοις,
2589 4135 2664 4207 μὴ
2695 4137 2874 4188 ὲκεῖνο
2907 4133 3274 4204 λογιζόμενος,
3300 4133 3384 4186 ὅτι
3415 4132 3716 4204 ἀλλοτριοῖς
3745 4149 3843 4187 σου

2261 4229 2454 4300 αὐτὴν,
2485 4227 2600 4281 ἀλλ’
2648 4228 2732 4281 ὃτι
2782 4224 2981 4297 μᾶλλον
3020 4225 3260 4288 οίκειοῖς.
3313 4223 3406 4296 Μή
3453 4223 3515 4278 τὸ
3552 4224 3842 4296 ἀνάλωμα,

2263 4320 2401 4375 ἀλλά
2426 4321 2526 4390 τὴν
2572 4318 2832 4390 πρόσοδον
2858 4317 3079 4371 σκόπει·
3131 4315 3206 4388 μὴ
3234 4315 3338 4370 ὅτι
3357 4315 3633 4387 ἀποστερῇ
3663 4316 3847 4387 αὐτῆς

2264 4411 2520 4472 ἐνταῦθα,
2559 4411 2675 4464 ἀλλ’
2699 4412 2782 4464 ὅτι
2813 4409 3000 4482 κύριος
3028 4410 3204 4481 αὐτῆς
3231 4395 3350 4464 ἐκεῖ
3385 4407 3534 4480 γίνῃ.
3562 4407 3720 4462 Οὕτω
3746 4410 3846 4463 καί¹

2261 4501 2564 4573 διηγεῖσθαι
2584 4500 2654 4554 τά
2679 4500 2955 4572 θαυμάσια
2983 4500 3078 4554 106
3107 4498 3241 4554 Θεοῦ
3267 4500 3470 4571 δυνήσῃ
3501 4499 3589 4553 διά
3613 4501 3840 4565 παντός.

2263 4595 2434 4650 Τοῦτο
2461 4594 2569 4666 γὰρ
2608 4590 2668 4658 ἐξ
2698 4593 2872 4666 ἀρχῆς
2902 4595 2931 4647 6
2961 4592 3176 4664 ψαλμὺς
3224 4591 3392 4660 λέγει.
3429 4592 3516 4656 Ὠς
3551 4593 3646 4661 ὅγε
3692 4592 3847 4662 φιλο-

2261 4688 2543 4758 χρήματος
2571 4687 2632 4739 οὐ
2655 4685 2858 4756 σφόδρα
2883 4684 3058 4756 τούτῳ
3083 4683 3437 4754 ἐνδιατρίϐειν
3461 4683 3685 4738 δύναται
3705 4701 3720 4715 ·
3753 4684 3845 4739 διά

2262 4779 2466 4842 παντὸς
2493 4779 2602 4849 γὰρ
2622 4779 2813 4841 τόκους
2848 4777 3106 4849 μεριμνᾷ,
3133 4775 3574 4848 συναλλάγματα,
3599 4793 3844 4846 συγγραυ

2261 4871 2389 4938 φάς,
2420 4870 2603 4934 ὦνια,’
2633 4869 2919 4941 διαθήκας.
2973 4869 3137 4940 τιμὰς
3180 4866 3386 4939 ἀγρῶν,
3435 4867 3602 4938 τιμὰς
3649 4867 3842 4932 οἴκων,

2261 4960 2450 5033 κέρδη,
2481 4959 2806 5031 καπηλείας,
2834 4958 2931 5012 καὶ
2953 4956 3307 5029 διηγούμενος
3335 4957 3428 5010 καὶ
3453 4955 3757 5027 φροντίζων
3776 4956 3840 5011 οὐ

2263 5051 2514 5106 παύεται.
2533 5051 2712 5105 Ὅπου
2757 5049 2815 5102 δὲ
2850 5053 2880 5103 6
2910 5049 3184 5120 θησαυρὸς
3219 5048 3313 5102 τοῦ
3369 5047 3680 5121 ἀνθρώπου,
3722 5045 3845 5102 ἕκεῖ

2261 5146 2356 5200 καὶ
2387 5148 2419 5216 ή
2448 5145 2646 5214 καρδία
2689 5141 2874 5196 αὐτοῦ.
2907 5141 3093 5196 Ταῦτα
3123 5141 3436 5211 φθέγγεται,
3467 5139 3644 5194 ταῦτα
3683 5157 3840 5212 μερι-

2263 5239 2370 5310 μνᾷ
2391 5253 2403 5266 ·
2444 5235 2538 5290 καὶ
2571 5235 2824 5305 καθάπερ
2850 5236 2902 5287 οἱ
2932 5234 3141 5289 οἰκέται
3165 5235 3234 5288 τά
3259 5234 3367 5288 τῶν
3388 5231 3663 5288 δεσποτῶν
3685 5251 3842 5304 μερι-

2265 5332 2499 5403 μνῶσιν,
2535 5329 2681 5382 οὕτω
2707 5329 2805 5381 καὶ
2838 5323 2990 5392 οὗτος
3019 5327 3087 5381 τὰ
3127 5327 3222 5381 τοῦ
3249 5325 3521 5379 Δεσπότου
3558 5326 3835 5397 μεριμνᾷυ

2257 5425 2310 5477 τί
2344 5420 2610 5486 ὲπέταξες
2658 5419 2710 5472 τί
2733 5420 2989 5490 ήνυσται;
3027 5420 3081 5473 τί
3111 5418 3326 5472 οὐδέπω
3357 5417 3606 5489 ήνυσται,
3651 5417 3840 5486 μέλλει

2257 5517 2348 5576 ὃέ;
2387 5514 2486 5569 Διά
2513 5514 2578 5584 δὴ
2607 5511 2768 5566 τοῦτο
2797 5510 3068 5582 παραινῶ,
3108 5511 3209 5579 τῆς
3260 5507 3582 5580 πολιορκίας
3616 5508 3840 5581 ἐκείνης

2256 5605 2638 5675 ἀπαλλαγέντα
2663 5603 2872 5667 τούτοις
2896 5601 3251 5674 ἐνδιατρίϐειν
3278 5603 3392 5665 τοῖς
3410 5601 3734 5673 διηγήμασι,
3766 5599 3839 5658 τά

2326 5774 2354 5802 ⁸
2383 5773 2435 5821 In
2466 5771 2604 5822 Colb.
2625 5769 2734 5823 τοὺς
2754 5769 3158 5832 ἀπεστερημένους
3178 5768 3341 5816 deest.
