4068 6426
519 343 639 402 -123

527 458 867 538 dominorum
905 455 1259 520 meditantur,
1289 456 1362 510 ita
1391 456 1477 511 hic
1501 456 1662 512 etiam
1690 471 1754 510 ea
1781 455 2070 510 meditatur
2090 495 2108 519 ,

527 561 650 617 qua:
686 557 810 601 sunt
851 546 1057 603 Domini
1088 557 1104 602 :
1135 545 1274 612 Quid
1297 545 1500 615 jussit?
1525 545 1650 615 quid
1677 546 1967 615 perfectum
1993 546 2113 601 est?

529 636 656 704 quid
704 636 937 701 nondum
977 634 1267 714 perfqztum
1306 645 1422 698 est,
1461 635 1555 692 sed
1584 647 1669 692 est
1693 631 2143 707 perliciendum?

493 734 496 738 '
528 726 790 795 Quocirca
816 737 870 782 te
895 726 1152 782 adhortor
1168 770 1184 794 ,
1206 738 1263 782 ut
1287 727 1355 783 ab
1381 727 1465 782 illa
1493 727 1805 783 obsessione
1832 727 2109 792 liberatus,

532 816 763 873 verseris
788 817 842 872 in
873 816 955 871 his
986 817 1378 874 narrationibus
1401 860 1416 883 ,
1459 833 1684 873 narrans
1726 819 1819 874 Dei
1857 819 2110 886 miracula

526 923 646 977 quae
676 907 810 963 ﬁunt
832 908 1069 979 quotidie
1091 951 1109 975 ,
1139 925 1259 979 quae
1279 910 1522 980 privatim
1543 953 1558 975 ,
1590 926 1708 981 qua:
1738 913 2109 980 communiter,

524 1014 645 1067 quae
673 999 729 1054 in
754 1014 960 1066 omnes,
987 1015 1105 1070 qua:
1128 1001 1187 1055 in
1211 1016 1662 1072 unumquemque.
1683 1002 1846 1059 Plena
1866 1011 1949 1070 est
1968 1003 2110 1060 enim

524 1091 630 1143 vita
655 1089 738 1145 his
769 1086 1197 1157 narrationibus;
1228 1101 1284 1147 et
1308 1092 1678 1163 undecumque
1704 1094 1968 1163 inceperis
1986 1135 2004 1162 ,
2033 1096 2113 1150 vi-

522 1180 677 1234 dehis
723 1180 1047 1251 luculentum
1091 1197 1340 1237 emanare
1368 1183 1680 1251 prooemium
1702 1226 1716 1249 ,
1748 1166 1917 1239 sive'a
1943 1185 2107 1252 caelo,

523 1274 638 1327 sive
655 1287 686 1327 a
713 1282 853 1330 terra
878 1315 895 1338 ,
924 1275 1037 1329 sive
1063 1275 1130 1329 ab
1150 1291 1275 1330 aere
1293 1316 1308 1340 ,
1340 1277 1452 1330 sive
1471 1290 1501 1329 a
1531 1275 1702 1331 brutis
1719 1317 1737 1342 ,
1764 1277 1877 1331 sive
1896 1292 1925 1331 a
1953 1277 2114 1332 semi—

523 1365 715 1432 nibus,
758 1367 871 1421 sive
911 1382 941 1420 a
970 1367 1167 1436 plantis
1190 1377 1245 1423 et
1273 1367 1586 1434 arboribus;
1618 1371 1661 1423 si
1695 1369 1826 1424 velis
1852 1369 1989 1424 dona
2002 1386 2111 1424 an-

525 1456 669 1528 liqua
745 1471 1064 1522 recensere,
1112 1460 1157 1514 si
1199 1473 1321 1530 quae
1349 1452 1533 1530 legem
1575 1469 2012 1522 antecesserunt,
2064 1463 2109 1516 si

521 1563 643 1617 quae
685 1549 897 1605 fuerunt
935 1550 987 1604 in
1029 1551 1144 1620 lege
1164 1591 1180 1615 ,
1230 1552 1274 1605 si
1302 1566 1422 1621 quae
1449 1551 1655 1628 suntin
1683 1551 1848 1621 gratia
1873 1593 1890 1615 ,
1922 1553 1965 1605 si
1992 1568 2108 1621 quae

520 1646 644 1705 post
679 1653 962 1694 excessum
1003 1656 1067 1694 ex
1102 1641 1207 1694 vita
1234 1682 1248 1703 ,
1281 1642 1323 1694 si
1355 1656 1472 1710 qua:
1500 1641 1550 1694 in
1581 1641 1692 1711 ipSa
1723 1650 1926 1707 morte,
1959 1642 2107 1695 inve-

522 1729 639 1784 nies
690 1730 1006 1785 immensum
1061 1732 1275 1800 pelagus
1325 1733 1709 1786 narrationum.
1761 1732 1980 1799 Quantae
2025 1744 2108 1786 est

520 1835 648 1890 ergo
673 1821 914 1875 stultitia:
932 1864 948 1888 ,
982 1837 1101 1876 cum
1129 1831 1208 1877 tot
1234 1824 1432 1878 narrari
1465 1825 1670 1892 possint
1698 1839 1794 1893 per
1818 1841 1934 1894 qua:
1961 1824 2082 1879 vuln

522 1925 642 1984 ptas
663 1955 675 1974 .
705 1913 909 1968 lucrum
936 1922 991 1968 et
1019 1913 1219 1969 utilitas
1246 1915 1452 1985 possint
1477 1916 1669 1969 aninue
1696 1915 1971 1980 accedere,
1999 1917 2108 1969 luto

521 2004 780 2058 rationem
816 2003 1092 2074 inquinare
1110 2045 1126 2069 ,
1156 2004 1221 2058 de
1242 2005 1462 2058 avaritia
1484 2014 1536 2058 et
1557 2005 1740 2074 rapina
1764 2015 2064 2061 narrantem
2091 2008 2103 2060 Ξ

594 2096 650 2150 2.
703 2095 890 2152 Rerum
920 2097 1228 2152 naturalium
1255 2096 1542 2162 descriptio.
1577 2128 1645 2137 —
1669 2097 1822 2164 Quod
1850 2099 1894 2151 si
1925 2098 2055 2152 velis
2084 2140 2101 2164 ,

519 2189 763 2257 supernis
787 2171 1015 2255 relictis,
1037 2187 1104 2244 de
1136 2197 1271 2244 terra
1294 2188 1641 2253 disseramus,
1671 2188 1739 2244 de
1759 2189 1875 2259 ejus
1903 2191 2108 2260 magni—

521 2279 728 2344 tudine,
758 2278 1040 2346 positione,
1074 2294 1192 2344 usu,
1220 2287 1428 2345 natura,
1478 2280 1695 2334 assiduo
1733 2289 1881 2348 partu
1902 2321 1916 2343 ,
1949 2281 2106 2334 rebus

519 2367 681 2422 variis
705 2377 758 2424 et
786 2368 1011 2424 diversis
1041 2385 1160 2438 quae
1202 2385 1267 2424 ex
1315 2386 1377 2425 ea
1425 2373 1734 2441 gignuntur,
1767 2373 2061 2427 seminibus
2086 2409 2101 2437 ,

520 2461 718 2528 herbis,
751 2463 965 2531 plantis,
999 2461 1241 2529 ﬂoribus,
1279 2463 1460 2532 pratis,
1494 2463 1684 2519 hortis.
1717 2465 1800 2519 Ab
1823 2465 1904 2518 his
1920 2481 2106 2519 rursus

517 2555 723 2635 arboris
742 2556 1160 2626 uniuscujusque
1186 2556 1406 2626 ﬁguram
1438 2558 1643 2612 ratione
1669 2557 1984 2623 dividamus,
2013 2575 2106 2628 p0-

517 2647 786 2710 sitionem,
815 2647 1170 2712 altitudinem,
1196 2647 1388 2701 bonum
1416 2647 1655 2713 odorem,
1682 2647 1930 2710 fructum,
1967 2658 2102 2702 tem-

518 2751 650 2806 pus,
701 2738 1085 2804 ministerium,
1130 2739 1232 2792 alia
1279 2740 1455 2807 omnia
1495 2747 1674 2792 mente
1721 2740 2099 2805 revolventes,

518 2829 789 2897 ipsamque
814 2838 1006 2882 terram
1059 2843 1153 2881 seu
1198 2827 1465 2893 feracem,
1518 2843 1612 2884 seu
1660 2829 1895 2884 Sterilem
1930 2846 1943 2884 :
1985 2833 2102 2899 ejus

514 2919 655 2973 enim
698 2920 828 2974 nihil
871 2929 953 2974 est
983 2920 1187 2974 inutile.
1235 2921 1442 2975 Etanim
1474 2927 1588 2976 haec
1624 2922 1837 2992 quidem
1870 2922 2098 2988 ferrum,

516 3009 607 3063 illa
633 3025 762 3064 vero
792 3026 903 3073 tes;
935 3010 1048 3064 haec
1086 3025 1304 3075 aurum,
1351 3012 1440 3065 illa
1487 3012 1603 3066 tulit
1647 3023 1958 3083 argentum;
1988 3013 2102 3069 haec

515 3109 775 3163 aromata,
806 3100 896 3154 illa
927 3115 1054 3155 vero
1081 3101 1464 3155 medicamenta
1495 3103 1638 3156 varia
1668 3113 1721 3156 et
1742 3104 1914 3156 omnis
1939 3119 2101 3173 gene-

518 3191 611 3245 ris.
631 3191 765 3258 Quid
783 3193 971 3271 attinet
985 3192 1163 3247 dicere
1177 3193 1454 3247 utilitatem
1470 3208 1746 3261 aquarum,
1763 3194 2096 3263 potabilium,

517 3281 798 3346 salsarum,
854 3297 1006 3337 usum
1055 3285 1336 3348 montium,
1377 3284 1588 3338 metalla
1635 3286 1904 3340 variorum
1956 3303 2100 3341 mar-

517 3388 749 3438 mormn,
783 3373 957 3428 fontes
1002 3374 1091 3444 qui
1123 3384 1246 3428 sunt
1273 3376 1322 3428 in
1351 3376 1498 3444 ipsis,
1547 3377 1767 3433 arbores
1811 3394 1928 3448 quae
1979 3388 2102 3434 sunt

516 3473 656 3531 apta:
680 3463 745 3516 ad
779 3472 914 3518 tecta
936 3473 990 3518 et
1030 3463 1293 3520 aediﬁcia?
1337 3465 1460 3521 llam
1502 3468 1681 3522 omnia
1727 3478 1853 3523 sunt
1900 3470 2099 3524 fructus

514 3556 842 3620 solitudinis;
873 3555 988 3611 haec
1014 3567 1068 3612 et
1094 3557 1342 3612 animalia
1369 3567 1422 3614 et
1445 3575 1630 3614 omnes
1659 3560 1798 3615 feras
1821 3562 1930 3616 alit.
1969 3561 2099 3616 Nam

515 3647 643 3718 quid
672 3649 860 3703 attinet
879 3649 1060 3704 dicere
1084 3649 1252 3714 lacus,
1281 3648 1476 3716 fontes,
1503 3645 1724 3706 ﬂuvios?
1747 3653 2099 3719 Quemadmo-

512 3741 639 3791 dum
667 3739 808 3792 enim
831 3739 1081 3795 mulieres
1101 3755 1219 3811 quas
1239 3752 1580 3810 pepererunt,
1598 3742 1794 3798 fontem
1818 3745 1970 3799 lactis
1990 3760 2102 3814 pro-

515 3826 818 3895 fundentes,
843 3829 979 3884 natis
1008 3830 1247 3899 praebent
1269 3831 1580 3898 alimentum
1611 3849 1624 3886 :
1654 3833 1723 3886 ita
1757 3833 1916 3887 etiam
1951 3843 2091 3888 terra

515 3916 687 3972 hortis
725 3926 777 3972 et
807 3918 1068 3974 viritlariis
1108 3919 1298 3974 ﬂuvios
1326 3930 1379 3976 et
1406 3903 1578 3977 fontes
1619 3932 1886 3993 tamquam
1927 3939 2100 3980 mam-

519 4022 636 4063 mas
678 4009 974 4079 porrigens,
1007 4025 1069 4064 ea
1094 4009 1295 4066 aﬁ‘atim
1343 4012 1543 4083 irrigat.
1573 4012 1679 4068 Sed
1705 4013 1760 4068 in
1789 4002 2100 4070 mulieribus

459 4154 468 4161 ,
513 4098 727 4168 quidem
757 4108 968 4168 Oportet
995 4099 1251 4157 infantem
1271 4101 1338 4156 ad
1360 4117 1641 4158 mammam
1657 4104 1951 4162 accedere:
1983 4105 2098 4161 haec

514 4198 690 4245 autem
715 4190 824 4262 ipsa
851 4191 1088 4247 extendit
1121 4192 1307 4260 ubera,
1339 4195 1571 4266 undique
1597 4211 1659 4252 ea
1685 4211 1748 4251 ex
1777 4198 1884 4253 alto
1909 4197 2101 4255 demit-

515 4290 654 4334 ιεηε.

589 4368 892 4426 Solitudinis
919 4387 1218 4445 encomnun.
1239 4405 1310 4414 —
1343 4374 1439 4430 Est
1465 4377 1624 4431 etiam
1654 4378 1789 4432 alius
1813 4394 1940 4434 usus
1967 4382 2098 4436 soli-

517 4459 738 4516 tudinis.
768 4461 866 4517 Est
891 4467 1050 4519 etiam
1094 4467 1267 4536 aptior
1310 4467 1378 4521 ad
1420 4468 1702 4524 sanitatem
1746 4472 2008 4540 corporis,
2040 4482 2097 4527 ut

514 4567 636 4622 qua:
678 4553 878 4622 prabet
922 4555 1187 4624 puriorem
1229 4559 1600 4627 respirandum
1643 4576 1846 4628 aerem,
1891 4574 1944 4618 et
1982 4565 2100 4618 uui-

514 4658 726 4699 versum
752 4646 935 4701 orbem
959 4655 1114 4703 terrae
1139 4663 1206 4704 ex
1230 4650 1338 4704 alto
1376 4651 1934 4723 circumspiciendum,
1964 4664 2020 4710 et
2045 4658 2096 4711 in

515 4737 802 4793 solitudine
829 4738 1176 4809 philosophia:
1195 4741 1531 4808 exercitium,
1555 4752 1652 4796 eta
1672 4744 1792 4798 vitae
1812 4747 1954 4800 curis
1987 4756 2102 4801 tan-

518 4827 682 4882 tillam
699 4829 1123 4898 respirationem.
1142 4830 1276 4897 Quid
1291 4846 1423 4902 opus
1440 4841 1520 4888 est
1535 4847 1959 4892 commemorare
1974 4852 2101 4894 aves

512 4932 633 4987 qua:
656 4928 872 4983 canunt,
890 4929 945 4975 et
967 4921 1292 4986 animalium.
1315 4937 1436 4992 quas
1463 4933 1653 4979 venatu
1680 4927 1987 4996 capiuntur,
2014 4930 2098 4984 vi-

517 5009 660 5062 tam?
685 5009 852 5065 liabet
887 5012 1046 5065 etiam
1088 5012 1252 5066 alium
1298 5027 1451 5067 usum
1498 5015 1749 5071 solitudo.
1780 5018 1934 5089 Saepe
1954 5022 2098 5077 enim

520 5097 732 5166 prmdiis
758 5115 1026 5154 murorqu
1075 5100 1246 5156 vicem
1275 5101 1534 5172 prtebuit,
1561 5103 1761 5161 habens
1812 5119 2021 5165 montes
2047 5112 2097 5164 in

516 5189 684 5242 altqu
725 5176 954 5253 erectos,
1004 5191 1303 5261 voragines,
1329 5204 1383 5248 et
1420 5195 1731 5264 prmcipitia.
1773 5197 1910 5267 Quid
1956 5204 2098 5257 enim

515 5278 715 5333 dixeris
743 5279 810 5333 de
837 5268 1016 5335 herbis
1041 5295 1160 5350 quae
1189 5284 1242 5336 in
1272 5283 1402 5354 ipsis
1446 5296 1756 5355 nascuntur,
1788 5307 1907 5359 qua:
1948 5291 2098 5346 labo-

515 5369 755 5425 rantibus
776 5371 1089 5441 corporibus
1113 5389 1354 5444 magnam
1381 5391 1536 5446 opem
1561 5377 1887 5435 nfferunt?Si
1922 5391 2098 5438 autem

516 5451 850 5516 desertorum
879 5473 934 5516 et
960 5466 1217 5543 montium
1265 5475 1440 5523 tantus
1460 5478 1543 5523 est
1571 5486 1722 5535 usus,
1758 5482 2009 5544 tantaque
2031 5489 2097 5530 cx

517 5555 597 5607 eis
627 5554 883 5609 honorum
910 5565 995 5611 est
1035 5558 1185 5626 copia
1220 5577 1234 5612 :
1265 5560 1308 5614 si
1339 5560 1405 5614 ad
1437 5571 1634 5618 terram
1675 5565 1886 5620 veneris
1923 5566 2098 5622 arabi-

517 5643 646 5709 lem,
674 5654 730 5699 et
755 5647 972 5715 supinos
1016 5662 1254 5718 campos,
1297 5653 1578 5709 considera
1623 5667 1849 5726 quantos
1895 5658 2098 5716 videbis

515 5733 694 5792 fontes
737 5738 1121 5796 narrationum.
1160 5740 1309 5800 Sicut
1351 5743 1495 5802 enim
1537 5746 1591 5803 in
1639 5757 1822 5805 nostro
1867 5764 2094 5821 corpore

1237 345 1294 402 5.
1333 342 1608 401 JOANNIS
1643 340 2120 400 CllliYSOSTOMl
2157 339 2478 402 ARCIIIEP.
2515 345 3053 411 CONSTANTINOP.

3712 362 3812 421 121

2224 451 2340 509 bare
2367 455 2582 526 quidem
2609 469 2734 515 sunt
2756 476 2900 529 ossa,
2918 463 3008 519 illa
3034 479 3161 521 vero
3187 468 3472 526 uervi.slis
3494 483 3676 528 autem
3694 488 3811 529 ear-

2220 558 2317 600 nes
2346 562 2359 599 :
2392 549 2461 602 ita
2491 550 2649 605 etiam
2677 553 2730 607 in
2752 556 3033 621 terra,alia
3057 558 3271 627 quidem
3298 571 3422 617 sunt
3446 574 3677 630 montes,
3708 565 3812 622 alia

2219 637 2524 706 voragines,
2551 641 2654 698 alia
2677 642 2887 714 pinguia
2925 646 3127 715 pmdia
3154 667 3170 705 ε
3198 659 3322 706 sunt
3347 651 3463 709 haec
3488 664 3667 710 autem
3688 672 3779 712 0m
3798 689 3810 698 -

2221 723 2305 778 nia
2334 727 2500 781 utilia.
2532 728 2635 784 Sed
2665 732 2789 801 quid
2817 732 2938 788 dico
2962 744 3179 804 terram,
3202 755 3321 808 quae
3350 750 3555 798 tantum
3582 753 3664 798 est
3692 744 3808 801 ele-

2220 822 2500 875 mentum?
2519 821 2572 876 Si
2591 824 2746 878 unius
2768 826 2977 882 arboris
2997 828 3128 884 velis
3155 830 3334 887 dicere
3361 819 3602 903 ﬁguram,
3629 851 3810 903 usmn,

2217 908 2470 980 fructum,
2504 912 2647 978 folia,
2687 925 2914 989 tempus,
2940 920 3041 976 alia
3087 922 3283 987 omnia,
3315 940 3561 997 magnam
3605 928 3811 985 videbis

2217 1005 2466 1060 narrandi
2514 1008 2831 1076 materiam;
2875 1011 3001 1067 item
3037 1015 3083 1067 si
3121 1017 3382 1072 montium
3423 1020 3606 1085 situm,
3634 1023 3678 1075 si
3708 1020 3812 1074 alia

2218 1095 2396 1150 omnia
2426 1115 2441 1151 :
2470 1097 2514 1152 si
2545 1108 2722 1153 autem
2751 1100 2896 1158 hunc
2925 1104 3095 1173 ipsum
3124 1105 3395 1163 hominem
3421 1112 3664 1167 oratione
3691 1128 3809 1184 per-

2217 1185 2480 1254 sequaris,
2507 1196 2562 1241 et
2584 1189 2752 1258 ipsius
2780 1195 3021 1262 corporis
3046 1194 3441 1264 formationem,
3471 1199 3597 1256 hinc
3623 1218 3814 1260 rursus

2218 1274 2460 1333 invenies
2487 1279 2806 1337 immensum
2837 1285 3052 1356 pelagus
3075 1292 3460 1347 narrationum.
3489 1292 3547 1348 lu
3571 1294 3656 1351 his
3681 1311 3815 1367 ergo

2216 1382 2511 1434 versemur,
2535 1372 2657 1428 hinc
2697 1376 2800 1430 erit
2831 1378 2986 1433 nobis
3028 1382 3272 1452 voluptas
3303 1385 3555 1449 maxima,
3582 1386 3707 1442 hinc
3729 1388 3815 1442 lu-

2215 1473 2400 1525 crum,
2447 1461 2572 1518 hinc
2623 1465 2905 1523 ineﬁ'abilis
2945 1470 3300 1541 philosophia.
3352 1474 3464 1540 Qua
3505 1476 3581 1531 de
3605 1493 3667 1532 re
3711 1477 3816 1534 hoc

2216 1549 2542 1620 significans,
2589 1556 2860 1626 subjunxit
2891 1601 2906 1627 ,
2935 1563 2990 1616 5.
3026 1563 3258 1618 ιωιαὸον
3281 1575 3328 1620 et
3367 1567 3628 1621 exsultatio
3662 1569 3717 1622 in
3741 1577 3810 1625 te.

2217 1641 2365 1695 Alius
2399 1661 2411 1696 :
2442 1643 2509 1696 Et
2535 1648 2763 1715 gaudebo
2789 1650 2888 1718 (a).
2915 1651 3146 1708 Psallam
3174 1656 3368 1710 nomini
3391 1667 3499 1724 tuo,
3530 1658 3810 1716 Altissim.

2215 1730 2384 1796 Alius,
2421 1733 2614 1790 Canam
2662 1756 2844 1794 nomen
2888 1753 3048 1796 tuum.
3075 1744 3188 1799 Non
3219 1757 3296 1801 est
3331 1744 3433 1803 hoc
3461 1763 3687 1819 parvum
3711 1767 3813 1822 ge-

2215 1836 2317 1876 nus
2360 1823 2733 1896 philosOpbize,
2767 1830 3016 1887 laetariin
3046 1835 3173 1890 Deo.
3204 1837 3304 1904 Qui
3332 1839 3472 1894 enim
3511 1842 3563 1895 in
3596 1840 3728 1909 Deo,
3754 1853 3814 1898 ut

2216 1922 2449 1982 oportet,
2480 1915 2708 1981 la3tatur,
2735 1935 2948 1976 onmem
2978 1927 3287 1982 saecularem
3316 1931 3540 1998 expellit
3561 1933 3816 2003 voluptaa

2215 2011 2340 2059 tem.
2371 2005 2508 2071 Quid
2551 2017 2635 2063 est
2657 2021 2858 2077 autem,
2890 2012 3130 2069 Lcetabar
3151 2019 3202 2070 in
3235 2021 3319 2073 te?
3346 2022 3480 2075 Cum
3510 2023 3692 2090 talem,
3721 2027 3810 2080 iu-

2212 2097 2345 2164 quit,
2375 2095 2603 2154 habeam
2647 2100 2951 2171 Dominum,
2984 2106 3085 2162 hoc
3115 2119 3198 2163 est
3238 2111 3368 2165 mihi
3411 2114 3676 2182 voluptas,
3705 2115 3812 2173 hoc

2212 2200 2293 2242 est
2323 2190 2629 2245 exsultatio.
2669 2192 2725 2248 Si
2746 2195 2867 2263 quis
2907 2195 3043 2253 hanc
3069 2200 3216 2254 novit
3246 2202 3315 2256 ita
3348 2214 3405 2256 ut
3437 2219 3596 2260 nosse
3641 2222 3808 2277 opor-

2215 2287 2309 2343 tet,
2340 2296 2446 2334 non
2471 2284 2634 2338 sentit
2672 2285 2830 2340 aliam
2868 2289 3211 2358 voluptatem.
3244 2293 3356 2348 Hoc
3386 2296 3530 2350 enim
3556 2306 3641 2352 est
3684 2313 3784 2367 pro

2213 2373 2328 2442 prie
2366 2375 2646 2446 voluptas:
2674 2379 2777 2433 alia
2821 2395 2950 2435 vero
2977 2385 3154 2437 omnia
3203 2385 3314 2439 sola
3345 2398 3470 2442 sunt
3514 2389 3807 2460 voluptatis

2211 2468 2449 2534 nomina,
2481 2485 2541 2524 re
2563 2469 2675 2538 ipsa
2717 2471 2967 2526 destituta
2989 2476 3028 2527 ³.
3058 2476 3180 2530 llrec
3202 2478 3483 2535 sublimem
3531 2481 3805 2538 hominem

2210 2558 2406 2624 efficit;
2445 2559 2562 2616 lucc
2604 2561 2836 2615 animam
2882 2564 3127 2618 liberata
3160 2581 3416 2638 corpore;
3462 2572 3576 2627 hmc
3615 2572 3804 2642 efﬁcit,

2210 2658 2268 2703 ut
2291 2649 2356 2703 ad
2378 2650 2565 2705 cazlnm
2603 2653 2835 2721 aspirct;
2867 2653 2982 2708 hanc
3031 2659 3278 2725 terrenis,
3311 2671 3364 2715 et
3390 2661 3454 2716 iis
3485 2679 3604 2733 qua:
3631 2664 3697 2717 ad
3725 2666 3807 2720 vi-

2207 2747 2353 2793 ctum
2380 2741 2648 2809 pertinent
2678 2743 2922 2799 altiorem
2962 2747 3271 2815 constituit;
3305 2751 3419 2806 haec
3445 2768 3474 2805 a
3505 2754 3645 2810 vitiis
3665 2754 3806 2811 libe-

2209 2841 2290 2886 rat
2323 2851 2336 2886 :
2358 2844 2411 2886 et
2441 2835 2652 2889 merito.
2669 2835 2724 2890 Si
2751 2839 2892 2892 enim
2911 2841 2999 2909 qui
3025 2841 3242 2896 pulchra
3262 2858 3326 2896 ac
3342 2847 3595 2915 praeclara
3618 2858 3806 2903 amant

2206 2925 2596 2991 corpora,nihil
2619 2941 2803 2982 eorum
2820 2932 3211 3002 sentiuttt,qttu'.
3227 2935 3292 2988 ad
3323 2937 3481 2992 vitam
3513 2940 3800 3006 pertinent,

2206 3015 2299 3069 sed
2331 3017 2382 3069 in
2415 3032 2520 3071 uno
2549 3019 2665 3072 solo
2687 3022 2874 3076 amica:
2900 3037 3120 3092 aspecm
3161 3039 3443 3083 versantur
3474 3048 3489 3082 :
3518 3032 3607 3099 qui
3633 3031 3802 3087 Deum

2205 3117 2346 3160 amat
2377 3118 2434 3162 ut
2458 3119 2689 3178 oportet,
2717 3112 2967 3181 quidnam
2991 3115 3244 3187 deinceps
3281 3120 3361 3173 vel
3391 3118 3514 3173 beni
3547 3121 3630 3176 vel
3671 3123 3801 3178 mali

2206 3200 2404 3253 sentiet
2445 3215 2651 3265 eorum,
2685 3219 2803 3270 quas
2831 3213 2956 3258 sunt
2987 3207 3037 3259 in
3067 3207 3207 3261 vita?
3229 3209 3402 3274 Nihil;
3431 3211 3526 3265 sed
3553 3213 3655 3266 erit
3675 3228 3801 3267 om-

2208 3291 2364 3346 nibus
2395 3296 2656 3362 superior,
2687 3296 3071 3351 immortalium
3093 3300 3365 3370 voluptate
3389 3303 3802 3372 perfusus,eum

2208 3383 2328 3436 talis
2353 3385 2423 3438 sit
2452 3385 2518 3450 is,
2547 3386 2634 3454 qui
2660 3387 2727 3440 ab
2744 3387 2821 3440 eis
2841 3397 3069 3443 amatur.
3088 3390 3188 3456 Qui
3210 3394 3352 3447 enim
3375 3408 3553 3450 amant
3573 3398 3802 3462 alia,vel

2206 3471 2357 3526 inviti
2399 3473 2505 3528 cito
2545 3475 2894 3531 traducuntur
2913 3478 2978 3531 ad
3009 3479 3353 3550 oblivionem,
3384 3501 3504 3540 eum
3533 3488 3802 3547 intereant

2205 3573 2258 3617 et
2282 3563 2597 3620 ﬁaccescant
2631 3583 2751 3636 qua:
2792 3581 3040 3624 amantur
3069 3590 3081 3623 :
3113 3572 3199 3627 hic
3245 3589 3398 3630 amor
3422 3587 3506 3631 est
3536 3578 3799 3650 inﬁnitus,

2206 3656 2297 3725 qui
2328 3672 2434 3710 non
2464 3667 2640 3726 potest
2667 3659 2936 3726 desinere,
2966 3662 3055 3730 qui
3086 3673 3142 3718 et
3168 3665 3421 3734 majorem
3448 3669 3607 3726 habet
3634 3672 3791 3726 voln-

2207 3756 2429 3816 ptatem,
2462 3759 2516 3803 et
2540 3751 2656 3819 plus
2681 3752 2812 3807 lucri
2845 3770 2856 3805 :
2886 3764 2938 3808 et
2967 3753 3070 3809 hoc
3108 3754 3227 3824 ipso
3251 3769 3519 3815 amantem
3564 3762 3798 3819 delectat

2206 3848 2261 3892 et
2285 3850 2510 3906 recreat,
2533 3843 2673 3911 quod
2695 3852 2985 3915 numquam
3005 3845 3336 3904 dissolvitur.
3358 3850 3585 3906 Psallam
3604 3857 3802 3912 nomini

2206 3942 2314 3996 tuo,
2343 3935 2613 3988 Altissime.
2641 3935 2751 3990 lloc
2775 3939 2912 3992 solet
2934 3938 3166 3994 maxime
3197 3940 3314 3997 ﬁeri
3343 3942 3413 3996 ab
3441 3953 3675 4001 amante.
3695 3946 3800 4014 Qui

2205 4026 2349 4078 enim
2393 4035 2595 4093 amant,
2627 4039 2826 4082 canunt
2856 4030 2907 4083 in
2934 4045 3028 4084 eos
3055 4047 3191 4102 quos
3212 4043 3396 4088 amant
3421 4036 3660 4102 cantica;
3693 4040 3797 4095 etsi

2206 4114 2325 4168 illos
2348 4129 2452 4168 non
2480 4118 2831 4187 videant,_per
2872 4121 3139 4175 canticum
3182 4112 3388 4192 seipsos
3425 4125 3796 4183 consolantur.

2206 4205 2281 4260 ita
2305 4208 2464 4260 etiam
2503 4206 2630 4261 facit
2677 4209 2935 4279 prepheta
2966 4231 2977 4265 :
3007 4214 3257 4282 quoniam
3288 4215 3428 4270 Deus
3469 4217 3640 4273 videri
3687 4207 3798 4276 non

2205 4305 2400 4366 potest,
2430 4297 2555 4352 facit
2581 4299 2634 4353 in
2662 4300 2834 4368 ipsum
2883 4303 3108 4367 cantica,
3143 4319 3237 4372 per
3278 4317 3469 4360 cantus
3507 4322 3632 4362 cum
3678 4308 3798 4379 ipso

2204 4389 2574 4459 congrediens,
2615 4389 2940 4446 desiderium
2985 4395 3306 4462 accendens,
3345 4407 3396 4451 et
3426 4399 3600 4467 ipsum
3629 4415 3691 4456 se
3712 4400 3797 4456 vi-

2204 4480 2334 4535 dere
2356 4481 2669 4537 existimans
2695 4499 2708 4535 :
2735 4483 2815 4537 vel
2859 4486 3035 4553 potius
3073 4496 3231 4541 cantu
3262 4497 3317 4542 et
3344 4488 3556 4558 hymnis
3601 4493 3798 4550 multo-

2203 4589 2322 4629 rum
2344 4572 2638 4649 inﬁammat
2676 4573 3023 4632 desiderium.
3049 4577 3505 4645 Quemadmodum
3534 4585 3680 4639 enim
3704 4586 3798 4656 qui

2203 4671 2405 4727 amant,
2423 4677 2611 4719 eorum
2636 4679 2770 4734 quos
2794 4674 2978 4743 amant
3001 4667 3272 4724 celebrant
3294 4671 3559 4736 encomia,
3579 4682 3632 4728 et
3652 4673 3800 4743 ipso-

2204 4769 2324 4808 rum
2358 4755 2576 4812 nomina
2618 4755 3134 4814 circumferuntzita
3177 4760 3262 4816 hic
3305 4763 3493 4829 etiam,
3537 4764 3797 4836 Psallam,

2209 4848 2398 4919 inquit,
2430 4849 2622 4902 nomini
2651 4859 2759 4914 tuo,
2791 4851 3062 4905 Altissime.

2275 4940 2330 4997 5.
2365 4940 2497 4996 Vide
2517 4942 2785 5010 quomodo
2826 4943 3057 5017 seipsum
3077 4960 3108 5001 e
3136 4955 3272 5000 terra
3298 4950 3547 5015 erexerit,
3563 4960 3620 5006 et
3643 4967 3798 5010 suam

2206 5041 2370 5087 totam
2396 5033 2462 5086 ad
2490 5033 2634 5086 illam
2679 5033 2964 5087 essentiam
2995 5036 3272 5102 extulerit,
3299 5039 3534 5108 seipsum
3567 5042 3675 5097 Deo
3701 5042 3796 5100 de-

2203 5125 2410 5180 dicans.
2438 5126 2502 5178 Et
2529 5123 2648 5178 ideo
2666 5133 2844 5178 versat
2870 5126 2986 5194 ejus
3013 5141 3204 5182 nomen
3223 5131 3466 5188 assidue:
3491 5133 3537 5188 is
3553 5143 3634 5190 est
3652 5136 3800 5193 enim

2207 5230 2323 5270 mos
2369 5215 2619 5268 amantis.
2645 5215 2698 5267 4.
2729 5215 2856 5268 Cum
2889 5233 3155 5273 conversus
3199 5223 3351 5290 fuerit
3387 5223 3627 5280 inimicus
3657 5243 3799 5282 incus

2204 5314 2499 5370 retrorsum,
2528 5305 2937 5373 inﬁrmabuntur,
2959 5319 3006 5362 et
3023 5311 3255 5378 peribunt
3293 5327 3325 5365 a
3339 5313 3479 5381 [acie
3500 5317 3798 5384 tua.Alius,

2205 5393 2466 5451 Conversis
2487 5397 2704 5449 inimicis
2733 5398 2852 5451 meis
2878 5409 3034 5456 retro.
3062 5417 3122 5453 ac
3144 5402 3333 5458 collisis
3357 5416 3508 5476 atque
3530 5409 3738 5476 perditis
3767 5426 3798 5466 ι

2217 5594 2222 5598 .
2271 5557 2287 5587 ι
2322 5562 2404 5606 Ha:
2424 5560 2592 5613 voces.
2616 5570 2671 5608 re
2687 5555 2793 5621 ip'w
2815 5556 3060 5616 destituta,
3085 5556 3264 5608 desunt
3285 5559 3336 5609 in
3356 5556 3492 5610 Coll).

2266 5641 2346 5719 (a).
2381 5643 2497 5693 Haec
2540 5642 2870 5719 lectioqlfirl.‘
2911 5644 3136 5719 ’ἀλλοςη
3162 5649 3258 5719 Kal
3301 5649 3584 5719 χανριάσῳ)
3634 5651 3798 5719 fertur

2200 5703 2396 5776 Aquila
2427 5719 2538 5776 esse
2581 5708 2640 5776 iu
2679 5703 2808 5776 lidit'.
2840 5707 3015 5764 Savil.,
3048 5703 3158 5776 sed_
3186 5703 3472 5776 Aqui'lae'et
3507 5703 3795 5776 Symmachi

2198 5766 2514 5831 in’Hexaplis
2539 5768 2722 5820 nostris
2743 5784 2756 5818 :
2781 5781 3002 5834 sequens
3024 5777 3105 5821 est
3126 5766 3425 5834 Symmachi.
