4068 6452
295 355 401 412 133

293 476 420 530 καθ’
449 474 684 545 ἐκάστην
714 474 932 546 ήμέραν
977 474 1240 545 γινόμενα
1289 473 1572 544 θαυμάσια
1610 473 1704 528 τοῦ
1751 471 1888 528 Θεοῦ

292 562 684 634 διηγούμενον,
717 561 788 614 τά
821 560 928 631 ἰδίᾳ
964 561 1062 614 καὶ
1115 560 1185 614 τὰ
1223 564 1376 632 κοινῇ
1399 603 1414 624 ,
1444 561 1514 614 τά
1547 563 1628 623 εις
1679 561 1891 626 πάντας

293 649 394 704 καὶ
409 651 480 704 τὰ
513 652 594 712 είς
613 650 709 703 ενα
740 648 990 701 ἕκαστον.
1023 647 1188 718 Γέμει
1220 647 1330 719 γάρ
1358 649 1424 702 τά
1455 649 1513 701 ἐν
1538 647 1618 718 τῷ
1645 647 1746 720 βίῳ
1767 647 1889 702 τοὺ-

293 752 405 790 των
430 736 539 789 τῶν
570 735 925 805 διηγημάτων
944 751 958 765 ·
991 737 1087 789 καὶ
1120 735 1242 788 ὃθεν
1276 735 1342 788 ἂν
1373 734 1547 808 ἄρξῃ,
1579 735 1891 808 λαμπρότε-

296 839 393 895 ρον
414 822 533 891 δψει
559 821 622 875 τὸ
651 823 936 893 προοίμιον
957 821 1227 894 ἀναὸρὺον
1246 864 1260 886 ,
1287 822 1352 875 ἄν
1376 839 1437 875 τε
1469 821 1578 875 ἀπὸ
1605 823 1700 875 τοῦ
1726 824 1889 894 οὑρα-

295 909 412 972 νοῦ,
434 912 500 965 ἄν
525 927 586 962 τε
619 910 728 962 ἀπὸ
751 913 850 981 τῆς
874 911 1011 981 γῆς,
1044 909 1111 963 ἄν
1130 927 1189 962 τε
1223 910 1333 964 ἀπὸ
1360 909 1455 963 τοῦ
1495 910 1686 981 ἀέρος,
1730 911 1798 965 ἄν
1827 927 1889 964 τε

292 996 404 1051 ἀπὸ
433 996 544 1048 τῶν
572 995 804 1064 ἀλόγων,
837 994 904 1050 ἂν
929 997 1038 1050 ἀπὸ
1073 997 1427 1069 σπερμάτων,
1455 997 1521 1051 ἂν
1541 997 1650 1051 ἀπὸ
1681 998 1885 1067 φυτῶν·

294 1082 364 1136 ἂν
390 1083 490 1147 τὰς
519 1083 753 1147 παλαιάς
803 1082 966 1156 θέλῃς
992 1083 1357 1154 διηγήσασθαι
1400 1084 1610 1156 δωρεάς
1632 1123 1650 1151 ,
1693 1084 1762 1139 ἂν
1789 1085 1890 1150 τάς

293 1171 403 1242 πρὸ
426 1170 522 1224 τοῦ
556 1172 743 1240 νόμου,
776 1170 843 1224 ἀν
872 1171 971 1233 τάς
1001 1172 1058 1224 ἐν
1084 1171 1160 1241 τῷ
1187 1171 1358 1241 νόμῳ,
1388 1172 1453 1225 ἂν
1487 1171 1557 1225 τά
1584 1174 1644 1225 ἐν
1676 1175 1742 1243 τῇ
1785 1172 1887 1242 χά⁹

293 1275 406 1329 ριτι
429 1297 444 1322 ,
477 1258 543 1312 ἂν
569 1258 639 1312 τά
669 1257 808 1328 μετά
834 1258 935 1326 τὴν
967 1257 1217 1310 ἐντεῦθεν
1254 1258 1567 1329 ἀποδημίαν
1592 1299 1607 1325 ,
1639 1259 1706 1313 ἂν
1731 1260 1800 1313 τά
1828 1260 1888 1313 ἐν

291 1350 444 1420 αὑτῷ
474 1350 554 1420 τῷ
580 1349 794 1420 θανάτῳ
817 1389 832 1414 ,
891 1349 1060 1420 μυρία
1094 1347 1262 1428 ε’ὑρῃς
1327 1349 1541 1420 πελάγη
1588 1349 1763 1406 ταῦτα
1805 1351 1886 1405 δι-

289 1437 615 1508 ηγημάτων.
653 1437 836 1507 Πόσης
880 1433 974 1489 οῦν
1016 1437 1116 1490 οὐκ
1161 1436 1227 1490 ἂν
1253 1437 1336 1508 εἴη
1391 1438 1600 1506 ἀνοίας,
1649 1439 1888 1494 τοσαῦτα

289 1523 514 1592 ἔχοντας
536 1522 840 1592 διηγεῖσθαι
858 1565 873 1588 ,
915 1524 984 1578 δι’
1013 1517 1089 1578 ὧν
1121 1524 1216 1578 καὶ
1247 1525 1410 1596 ήδονὴ
1438 1526 1533 1578 καὶ
1575 1526 1765 1598 κέρδος
1791 1528 1886 1581 καὶ

289 1611 530 1680 ὠφέλεια
557 1613 654 1683 τῆς
684 1612 866 1684 ψυχῆς
909 1613 1188 1681 ἐγγίνεται
1213 1652 1229 1678 ,
1274 1613 1353 1684 τῷ
1393 1613 1637 1686 βορϐόρῳ
1675 1616 1768 1669 τὸν
1800 1613 1888 1668 λο-

289 1699 491 1768 γισμὸν
524 1699 842 1773 άναφύρειν,
866 1701 996 1772 περὶ
1037 1699 1349 1765 πλεονεξίας
1380 1703 1476 1755 καὶ
1525 1702 1785 1773 ἁρπαγῆς
1813 1704 1888 1757 δι-

288 1787 597 1859 ηγούμενον
619 1803 634 1854 ;

362 1915 430 1985 β’.
451 1917 562 1970 Καὶ
579 1918 628 1970 εῑ
649 1915 852 1986 βούλει,
874 1917 945 1971 τὰ
960 1916 1074 1971 ἀνω
1099 1916 1352 1986 ἀφέντες,
1371 1933 1439 1969 πε
1450 1916 1503 1987 ρὶ
1523 1919 1624 1988 τῆς
1645 1917 1746 1988 γῆς
1763 1917 1873 1970 δια·

287 2003 591 2075 λεχθῶμεν,
614 2003 707 2058 τοῦ
735 2003 1002 2074 μεγέθους
1021 2003 1193 2074 αὐτῆς
1211 2044 1228 2067 ,
1253 2004 1353 2075 τῆς
1373 2003 1576 2071 θέσεως
1591 2043 1606 2067 ν
1630 2004 1728 2075 τῆς
1754 2006 1886 2076 χρή·

289 2109 431 2156 σεως
455 2133 470 2156 ,
499 2093 601 2163 τῆς
632 2093 847 2162 φύσεως
870 2131 887 2155 ,
914 2092 1026 2146 τῶν
1055 2092 1264 2146 ὠδίνων
1301 2092 1409 2146 τῶν
1441 2091 1737 2164 διηνεκῶν,
1771 2092 1881 2146 τῶν

285 2181 646 2252 γεννημάτων
674 2181 784 2234 τῶν
815 2180 874 2247 ἐξ
908 2181 1079 2253 αὐτῆς
1106 2180 1215 2233 τῶν
1260 2181 1520 2234 ποικίλων
1569 2181 1664 2234 καὶ
1692 2180 1882 2249 διαφό-

289 2284 423 2339 ρων,
451 2261 560 2320 τῶν
592 2268 946 2338 σπερμάτων,
970 2267 1082 2320 τῶν
1105 2267 1340 2337 βοτανῶν
1364 2306 1378 2327 .
1410 2269 1517 2320 τῶν
1542 2267 1745 2336 φυτῶν,
1769 2267 1882 2321 τῶν

286 2351 519 2412 ἀνθέων.
535 2353 644 2406 τῶν
666 2351 969 2424 λειμώνων,
1000 2353 1111 2407 τῶν
1139 2353 1500 2424 παραδείσων.
1521 2354 1653 2406 Ἀπὸ
1673 2353 1880 2408 τούτοιν

284 2438 450 2492 πάλιν
474 2438 729 2510 τέμωμεν
761 2437 839 2509 τῷ
867 2439 1010 2510 λόγῳ
1053 2439 1284 2493 ἑκάστου
1313 2440 1536 2511 δένδρου
1567 2440 1629 2494 τὺ
1669 2441 1877 2512 σχῆμα,

286 2524 403 2598 [95]
432 2527 533 2598 τὴν
563 2525 712 2579 θέσιν
731 2565 747 2590 ,
777 2526 840 2579 τὸ
872 2525 1036 2596 ὕψος,
1068 2526 1166 2598 τήν
1207 2525 1436 2580 εὐωδίαν
1456 2567 1470 2590 ,
1511 2528 1601 2581 τὸν
1641 2529 1876 2600 καρπὸν,

283 2613 376 2667 τὸν
410 2614 622 2684 καιρὸν,
652 2613 751 2685 τήν
773 2613 1069 2678 διακονίαν,
1099 2613 1168 2666 τά
1200 2613 1336 2668 ἄλλα
1366 2615 1544 2669 πάντα
1563 2613 1881 2685 ἀναλογιζό-

286 2717 442 2773 μενοι
473 2713 522 2763 ι,
547 2702 716 2768 αὐτῆς
736 2700 835 2771 τῆς
868 2701 973 2771 γῆς
996 2701 1096 2774 τὴν
1126 2701 1425 2772 κάρπιμον,
1452 2702 1551 2773 τὴν
1583 2702 1835 2774 ἄκαρπον
1861 2721 1876 2736 ·

283 2787 437 2842 οὐδὲν
462 2788 572 2857 7&9
597 2787 770 2857 αὐτῆς
799 2787 1092 2858 ἄχρηστον.
1129 2789 1239 2842 Καὶ
1276 2787 1386 2857 7&9
1423 2791 1456 2860 ή
1503 2789 1602 2860 μὲν
1635 2790 1876 2862 σίδηρον,

283 2879 319 2949 ή
347 2877 405 2929 δέ
434 2876 657 2947 χαλκὸν,
689 2879 722 2947 ἡ
759 2877 817 2930 δὲ
850 2876 1094 2947 χρυσίον,
1121 2878 1154 2947 ἡ
1198 2875 1257 2929 δὲ
1289 2877 1528 2948 ἄργυρον
1551 2879 1813 2950 ήνεγκεν·
1843 2881 1878 2952 ή

279 2964 341 3018 δέ
367 2963 638 3035 ἀρώματα
657 3002 675 3028 ,
715 2965 750 3034 ή
774 2963 832 3017 δέ
875 2964 1146 3035 φάρμακα
1173 2963 1270 3017 καὶ
1295 2964 1515 3018 ποικίλα
1555 2967 1650 3020 καὶ
1680 2983 1880 3021 παντο-

279 3051 448 3106 δαπά.
480 3051 545 3104 Τί
573 3050 639 3105 ἀν
669 3068 752 3114 τις
793 3053 937 3105 εῖποι
974 3051 1086 3104 τῶν
1120 3051 1330 3105 ὑδάτων
1365 3052 1466 3122 τὴν
1507 3053 1731 3123 χρείαν,
1766 3054 1878 3107 τῶν

285 3140 531 3210 ποτίμων
549 3179 565 3202 ,
604 3139 713 3192 τῶν
749 3137 1039 3209 ἁλμυρῶν,
1063 3137 1172 3190 τῶν
1199 3136 1342 3209 ὀρῶν
1372 3137 1472 3208 τήν
1505 3138 1706 3208 χρῆσιν
1727 3180 1742 3202 ,
1767 3139 1877 3195 τῶν

283 3227 544 3281 ποικίλων
579 3227 886 3298 μαρμάρων
915 3227 984 3280 τά
1018 3226 1252 3297 μέταλλα
1275 3264 1290 3288 ,
1319 3226 1420 3290 τὰς
1461 3227 1645 3297 πηγὰς
1689 3227 1790 3293 τάς
1817 3231 1877 3283 ἐν

281 3315 467 3376 αὐτοῖς
487 3354 502 3376 ,
534 3315 601 3366 τὰ
630 3314 821 3384 δένδρα
853 3313 922 3368 τὰ
952 3314 1090 3383 πρὸς
1110 3315 1342 3384 ὀρόφους
1371 3315 1652 3385 ἐπιτήδεια
1681 3317 1776 3368 καὶ
1800 3317 1878 3368 οῖ-

282 3402 550 3472 κοδομήνς
591 3401 776 3456 Ταῦτα
829 3403 1005 3456 πάντα
1059 3402 1159 3471 τῆς
1199 3393 1409 3473 ἐρήμου
1443 3401 1657 3472 καρπός
1685 3421 1698 3434 ’
1732 3402 1873 3476 αὕτη

281 3494 376 3543 καὶ⁵
400 3489 518 3554 ζῶα
549 3489 644 3542 καὶ
674 3487 838 3560 θηρία
859 3489 1040 3543 πάντα
1061 3488 1270 3559 τρέφει.
1304 3488 1369 3540 Τί
1401 3487 1468 3542 ἀν
1494 3506 1575 3552 τις
1606 3491 1748 3544 εῖποι
1776 3490 1875 3555 τὰς

281 3577 512 3648 λίμνας,
558 3577 658 3640 τὰς
686 3575 903 3644 πηγὰς,
935 3577 1063 3640 τοὺς
1102 3574 1416 3646 ποταμού;;
1445 3575 1716 3646 Καθάπερ
1763 3577 1873 3649 7&9

283 3666 338 3720 αἱ
370 3663 628 3717 τεκοῦσαι
661 3667 920 3731 γυναῖκες
943 3703 957 3728 ,
989 3662 1173 3734 πηγὴν
1203 3662 1476 3729 γάλακτος
1517 3665 1870 3734 προχέουσαι,

281 3754 394 3816 τοῖς
423 3751 667 3820 ἐκγόνοις
696 3749 995 3822 παρέχουσι
1021 3750 1257 3820 τροφήν⁹
1311 3749 1454 3802 οὑτω
1486 3749 1550 3820 δὴ
1580 3751 1674 3803 καὶ
1709 3753 1742 3822 ή
1773 3751 1869 3821 γῆ,

282 3842 480 3912 κήποις
525 3840 617 3892 καὶ
654 3838 1005 3909 παραδείσοις
1034 3836 1226 3907 ῶσπερ
1277 3838 1517 3906 μαστοὺς
1553 3839 1875 3894 ἐκτείνουσα

281 3933 410 3994 τοὺς
452 3930 731 3999 ποταμοὺς
755 3929 849 3983 καὶ
881 3927 983 3991 τὰς
1017 3927 1234 3999 πηγὰς,
1264 3926 1465 3999 πολλὴν
1505 3929 1736 3999 παρέχει
1773 3928 1874 4000 τὴν

282 4015 523 4087 ἀρδείαν.
566 4014 706 4069 Ἀλλ’
727 4017 819 4068 ἐπὶ
857 4015 954 4084 μὲν
985 4014 1095 4067 τῶν
1115 4013 1394 4084 γυναικῶν
1413 4055 1428 4082 ,
1454 4014 1516 4069 τὸ
1556 4016 1770 4069 παιδίον
1793 4016 1876 4071 δεῖ

214 4170 216 4172 _
284 4105 423 4177 πρὸς
443 4106 543 4177 τὴν
567 4102 733 4176 θηλὴν
757 4102 929 4157 ἐλθεῖν
948 4120 962 4134 ·
989 4103 1221 4157 ἐνταῦθα
1240 4103 1298 4157 δὲ
1320 4104 1458 4174 αὑτὴ
1478 4103 1604 4166 τοὺς
1631 4105 1873 4176 μαστοὺς

282 4193 514 4246 ἐκτείνει
541 4191 816 4263 πανταχοῦ
841 4190 950 4247 ἀπὸ
975 4189 1183 4262 ὑψηλοῦ
1217 4192 1615 4262 καταφέρουσα.

356 4278 512 4351 Ἔχει
546 4286 642 4334 καὶ
667 4280 860 4352 ἑτέραν
898 4277 1097 4350 χρῆσιν
1125 4281 1160 4349 ή
1190 4277 1417 4351 ἔρημος.
1452 4280 1564 4334 Καὶ
1595 4279 1705 4352 γὰρ
1736 4281 1874 4352 πρὸς

281 4366 382 4439 τὴν
409 4366 502 4421 τοῦ
534 4367 784 4438 σώματος
822 4367 1035 4436 ὑγίειαν
1075 4365 1516 4438 ἐπιτηδειοτέρα,
1555 4366 1874 4439 καθαρώτε-

284 4468 378 4523 ρον
404 4451 722 4524 παρέχουσα
747 4454 1010 4506 ἀναπνεῖν
1039 4450 1132 4505 τὸν
1152 4453 1290 4524 ἀέρα
1308 4492 1324 4517 ,
1351 4453 1448 4506 καὶ
1485 4454 1585 4524 τήν
1613 4455 1873 4526 οἰκουμέ-

284 4558 384 4612 νην
412 4541 505 4611 ἀφ’
531 4539 735 4610 ὑψηλοῦ
786 4541 967 4594 πᾶσαν
1013 4543 1369 4610 περισκοπεῖν
1395 4579 1412 4602 ,
1439 4541 1532 4595 καὶ
1560 4545 1627 4614 τῇ
1664 4542 1872 4616 ἐρημίᾳ

282 4628 669 4699 ἐμφιλοσοφεῖν
689 4666 705 4691 ,
750 4628 848 4682 καὶ
885 4627 994 4682 τῶν
1021 4628 1080 4680 ἐν
1103 4626 1183 4698 τῷ
1215 4625 1316 4698 βίῳ
1366 4628 1665 4736 φροντίδωχ
1690 4629 1870 4698 ὀλίγον

282 4717 564 4774 ἀναπνεῖν.
599 4717 665 4770 Τί
691 4718 756 4774 άν
778 4734 863 4781 τις
890 4717 1034 4771 εῖποι
1060 4717 1188 4781 τοὺς
1214 4717 1436 4790 ὄρνιθας
1464 4719 1590 4780 τοὺς
1619 4717 1866 4789 ᾠδικοὺς,

279 4805 394 4858 τῶν
417 4804 707 4876 άλωσίμων
738 4804 894 4870 ζώων
919 4804 1018 4875 τήν
1041 4805 1316 4878 διαγωγήν
1335 4822 1350 4871 ;
1382 4805 1536 4874 Ἔχει
1560 4806 1655 4858 καὶ
1675 4805 1871 4877 ἐτέραν

281 4893 473 4963 χρείαν
501 4894 534 4964 ή
565 4893 792 4964 ἔρημος.
825 4891 1094 4955 Πολλάκις
1116 4891 1224 4963 7&9
1245 4891 1368 4945 ἀντὶ
1391 4890 1589 4962 τειχῶν
1614 4893 1736 4955 ταῖς
1762 4891 1870 4962 χώ-

283 4996 406 5052 ραις
449 4981 640 5048 γέγονε
665 5021 680 5044 ,
730 4978 871 5050 πρὸς
914 4979 1047 5048 ὕψος
1079 4977 1280 5049 έχουσα
1314 4978 1691 5049 ἀνατεταμένα
1741 4979 1864 5050 ὅρη,

281 5069 377 5122 καὶ
417 5068 735 5139 φάραγγας,
779 5067 876 5120 καὶ
925 5065 1225 5138 κρημνούς.
1260 5066 1327 5119 Τί
1361 5065 1428 5118 ἀν
1458 5082 1542 5128 τις
1576 5065 1723 5120 εῖποι
1768 5067 1868 5130 τάς

283 5154 513 5225 βοτάνας
539 5156 638 5218 τὰς
666 5157 726 5209 ἐν
754 5155 944 5216 αὑταῖς
965 5154 1322 5221 τικτομένας,
1351 5151 1567 5223 σώμασι
1597 5154 1868 5226 κάμνουσι

282 5241 484 5314 πολλὴν
510 5241 872 5313 είσφερούσας
907 5239 1008 5311 τὴν
1049 5239 1430 5311 λειτουργίαν;
1462 5241 1524 5293 Εἰ
1553 5241 1611 5294 δέ
1641 5243 1868 5314 ἐρήμων

281 5327 373 5382 καὶ
406 5328 548 5400 ὀρῶν
593 5329 826 5400 τοσαύτη
861 5330 894 5400 ή
936 5328 1094 5399 χρεία
1114 5367 1128 5389 ,
1159 5327 1394 5397 τοσαύτη
1443 5329 1553 5380 τῶν
1582 5330 1803 5397 ἀγαθῶν
1834 5333 1864 5400 ἡ

280 5418 516 5486 χορηγία
538 5434 551 5447 '
584 5419 632 5470 εί
661 5417 798 5489 πρὸς
834 5417 934 5488 τὴν
957 5415 1219 5487 ἀρόσιμον
1245 5416 1421 5480 ἐλοοις
1442 5457 1456 5480 ,
1477 5417 1572 5471 καὶ
1603 5417 1672 5471 τά
1699 5417 1866 5471 ὕπτια

281 5503 462 5563 πεδία,
499 5503 750 5572 ἐννόησον
779 5505 952 5566 πόσας
970 5503 1091 5574 ὀψει
1114 5504 1214 5569 τάς
1240 5506 1426 5575 πηγὰς
1448 5505 1557 5558 τῶν
1589 5505 1865 5577 διηγημά-

281 5603 410 5642 των.
432 5589 698 5662 Καθάπερ
721 5591 830 5663 γὰρ
853 5592 913 5645 ἐν
934 5589 1013 5662 τῷ
1039 5590 1252 5664 σώματι
1277 5592 1356 5664 τῷ
1382 5593 1640 5667 ἡμετέρῳ
1672 5593 1740 5647 τὲι
1766 5595 1866 5663 μέν

344 5791 370 5822 ³
404 5787 815 5852 ’Δναλογιζόμενοι
833 5790 975 5841 ἀθεεὶ
1000 5791 1050 5840 in
1070 5788 1206 5842 Colb.

1293 349 1666 411 ΕΧΡΟΒΙἹἾΟ
1698 352 1764 409 ΙΝ
1802 353 2140 413 ΡΒΔΙΛῙΗΜ
2179 355 2276 412 IX.

3477 363 3583 421 125

1995 493 2142 529 mtw
2175 477 2329 542 ὀστᾶ,
2365 476 2435 530 τά
2458 477 2517 530 δέ
2543 476 2734 550 νεῦρα,
2764 477 2834 531 τά
2861 477 2919 532 δέ
2951 477 3156 550 σάρκες
3179 495 3192 510 ·
3226 478 3371 535 οὕτω
3413 481 3506 534 καὶ
3537 485 3598 536 ἐν

1989 571 2059 637 τῇ
2084 569 2155 637 γῇ
2181 607 2195 630 ,
2236 566 2306 621 τὰ
2344 567 2444 638 μὲν
2473 568 2608 640 ὅρη.
2638 568 2710 621 τά
2745 569 2804 623 δὲ
2835 570 3154 640 φάραγγες,
3186 572 3255 625 τά
3291 571 3350 625 δὲ
3383 571 3594 645 λιπαρά

1989 661 2198 730 χωρία·
2229 661 2408 715 πάντα
2442 660 2498 714 δέ
2527 660 2698 714 ταῦτα
2737 663 3008 733 χρήσιμα.
3042 662 3108 715 Τί
3136 662 3282 731 λέγω
3325 662 3423 735 τήν
3462 663 3592 734 γῆν,

1987 752 2244 805 τοσοῦτον
2295 756 2586 823 στοιχεῖον;
2628 753 2777 818 Ἑνδς
2819 753 3038 826 δένδρου
3100 754 3262 826 μόνου
3297 757 3347 810 ει
3393 756 3595 828 βουλησ-

1991 842 2142 914 θείης
2170 846 2345 897 είπεῖν
2383 844 2444 898 τὺ
2477 844 2685 916 σχῆμα,
2727 844 2827 916 τὴν
2859 847 3082 915 χρείαν,
3119 848 3212 901 τὸν
3246 848 3492 926 κμρπόν,
3523 848 3593 902 τά

1990 935 2183 1004 φύλλα,
2214 935 2307 990 τόν
2337 937 2550 1008 καιρὸν,
2581 937 2651 990 τά
2679 937 2815 991 ἄλλα
2841 938 3042 1002 πάντα,
3072 939 3206 992 πολὺ
3255 939 3377 1009 ὄψει
3407 940 3469 994 τὺ
3513 939 3593 993 δι-

1989 1029 2217 1100 ήγημα·
2247 1030 2295 1082 εἰ
2318 1029 2427 1082 τῶν
2457 1027 2601 1100 ὀρῶν
2630 1029 2731 1101 τήν
2771 1027 2922 1083 θέσιν
2942 1070 2959 1096 ,
2990 1030 3039 1083 εί
3079 1029 3150 1083 τά
3173 1029 3312 1085 ἀλλα
3351 1030 3589 1095 ἃπαντα,

1989 1123 2038 1175 εἰ
2067 1122 2159 1175 τὸν
2200 1121 2489 1194 ἄνθρωπον
2533 1121 2696 1177 αὑτὸν
2729 1121 2980 1186 ἐπέλθοις
3012 1121 3091 1192 τῷ
3133 1121 3311 1194 λόγῳ,
3355 1123 3453 1177 καὶ
3489 1123 3590 1196 τὴν

1986 1214 2277 1270 διάπλασιν
2308 1213 2474 1268 αὐτοῦ
2498 1214 2593 1268 τοῦ
2625 1213 2899 1285 σώματος,
2925 1213 3097 1286 μυρία
3118 1211 3282 1268 πάλιν
3309 1214 3590 1269 κάνταῦθα

1987 1305 2202 1376 πελάγη
2231 1305 2412 1376 εὕροις
2441 1306 2819 1376 διηγημάτων.
2852 1304 3078 1370 Τούτοις
3104 1305 3286 1359 τοίνυν
3313 1305 3586 1377 ἐνδιατρί-

1991 1398 2198 1468 δωμεν,
2231 1398 2482 1454 ἐντεῦθεν
2509 1401 2642 1470 ἡμῖν
2675 1399 2831 1452 ἐσται
2853 1397 3015 1470 ἡδονή
3048 1399 3304 1469 μεγίστη,
3336 1397 3589 1452 ἐντεῦθεν

1987 1490 2216 1560 κέρδος,
2249 1488 2498 1542 ἐντεῦθεν
2530 1489 2821 1558 φιλοσοφία
2865 1487 3095 1559 ἀφατος.
3139 1487 3234 1542 Διὸ
3283 1487 3380 1542 καὶ
3427 1486 3590 1540 τοῦτο

1984 1581 2162 1645 δηλῶν
2189 1583 2471 1653 ἐπήγαγεν
2489 1597 2501 1608 ’
2540 1580 3052 1652 Εὐφρανθήσομαι
3086 1579 3187 1634 καὶ
3211 1577 3587 1650 ἀγαλλιάσο-

1979 1691 2086 1746 μαι
2131 1674 2201 1728 ἐν
2251 1677 2372 1733 σοι.
2441 1673 2634 1738 ’Λλλος
2658 1714 2673 1738 ,
2727 1672 2841 1729 Καὶ
2894 1671 3218 1743 ναιφιάσω.
3276 1669 3460 1726 Tali)
3507 1668 3582 1736 τῷ

1986 1767 2235 1835 ὀνόματί
2257 1783 2396 1830 σου,
2414 1767 2685 1835 Ὕψιστε.
2715 1765 2930 1838 Ἄλλος,
2953 1765 3119 1836 ’ᾼσω
3141 1761 3208 1818 τὸ
3232 1760 3424 1831 ὄνομά
3445 1775 3585 1816 σου.

1985 1858 2061 1912 Οὑ
2099 1857 2296 1929 μικρὸν
2323 1855 2482 1910 τοῦτο
2526 1855 2848 1925 φιλοσοφίας
2882 1854 3058 1919 εἶδος,
3088 1854 3152 1908 τδ
3194 1851 3587 1926 εὐφραίνεσθαι

1983 1951 2077 2003 ἐπὶ
2108 1949 2187 2022 τῷ
2213 1948 2354 2020 Θεῷ.
2393 1948 2453 2003 '0
2485 1948 2595 2019 7&9
2628 1949 2719 2002 ἐπὶ
2749 1947 2828 2018 τῷ
2865 1946 2987 2017 Θεῷ
3009 1945 3471 2017 εὐφραινόμενος,
3508 1943 3588 2007 ὡς

1983 2045 2120 2115 χρὴ,
2156 2045 2339 2098 πᾶσαν
2368 2042 2620 2096 ἐκϐάλλει
2664 2041 2920 2112 βιωτικήν
2957 2040 3174 2111 ήδονήν.
3209 2038 3276 2091 Τί
3317 2038 3374 2093 δέ
3413 2038 3585 2101 ἐστιν,

1982 2135 2102 2209 [96]
2131 2135 2640 2205 Εὐφρανθήσομαι
2661 2133 2732 2187 ἐν
2769 2134 2871 2186 σοί
2881 2149 2902 2196 ;
2932 2131 3206 2194 Τοιοῦτον,
3229 2131 3415 2202 φησὶν,
3445 2128 3587 2199 ἔχων

1982 2229 2292 2297 Δεσπότην,
2326 2224 2487 2280 τοῦτό
2529 2243 2618 2297 μοι
2657 2225 2822 2296 ήδονὴ
2850 2262 2866 2288 ,
2900 2223 3058 2278 τοῦτό
3107 2240 3200 2294 μοι
3239 2220 3581 2290 ἀγαλλίασις.

1982 2321 2051 2374 Et
2075 2337 2161 2383 τις
2198 2316 2304 2374 οἶδε
2334 2317 2538 2388 ταύτην
2586 2317 2686 2387 τὴν
2718 2317 2912 2388 ἡδονὴν
2953 2315 3031 2379 ὡς
3062 2315 3262 2369 ειδέναι
3295 2313 3436 2386 χρὴ,
3465 2312 3586 2366 ἐτέ-

1984 2429 2082 2483 ρας
2107 2412 2300 2482 ἡδονῆς
2326 2411 2427 2464 οὑκ
2460 2409 2795 2463 αἰσθάνεται.
2828 2406 3002 2474 Τοῦτο
3026 2407 3136 2477 7&9
3157 2405 3320 2478 ἡδονὴ
3352 2405 3582 2478 κυρίωςο

1980 2504 2058 2568 ὼς
2087 2504 2222 2572 τάγε
2255 2503 2388 2558 ἄλλα
2444 2502 2654 2564 πάντα,
2681 2499 2926 2570 ὀνόματα
2973 2498 3133 2569 μόνον
3173 2499 3322 2552 ἐστὶν
3363 2497 3580 2568 ήδονῆς.

1980 2596 2308 2668 πράγματος
2335 2594 2536 2666 ἔρημα.
2562 2591 2712 2662 Αῦτη
2743 2591 2834 2644 τὸν
2865 2589 3152 2661 ἄνθρωπον
3179 2589 3477 2660 μετάρσιον
3499 2590 3583 2660 ἐρ-

1979 2685 2208 2756 γάζεται
2233 2703 2246 2716 ·
2285 2684 2424 2755 αῦτη
2451 2683 2545 2736 τοῦ
2579 2683 2834 2753 σώματος
2866 2674 3200 2735 ἀπαλλάττει
3231 2681 3332 2751 τὴν
3359 2679 3543 2751 ψυχήν
3565 2698 3580 2712 ο

1979 2775 2121 2848 αῦτη
2155 2777 2292 2847 πρὸς
2315 2773 2542 2843 οὐρανὸν
2577 2773 2767 2842 πτεροῖ
2787 2786 2802 2802 '
2833 2771 2972 2842 αῦτη
3012 2770 3122 2824 τῶν
3148 2769 3420 2841 βιωτικῶν
3451 2769 3580 2840 ὑψη-

1978 2868 2199 2937 λότερον
2243 2867 2422 2918 ποιεῖ·
2456 2863 2596 2934 αῦτη
2638 2861 2840 2924 κακίας
2890 2859 3258 2916 ἀπαλλάττειο
3309 2860 3407 2915 καὶ
3436 2860 3584 2931 μάλα

1979 2958 2227 3018 εἰκότως.
2250 2957 2312 3009 Εἰ
2339 2954 2450 3026 7&9
2478 2955 2529 3008 οί
2561 2953 2790 3023 σώματα
2820 2950 3050 3022 λαμπρά
3079 2950 3363 3020 φιλοῦντες
3386 2991 3402 3017 ,
3429 2951 3586 3006 οὐδὲν

1979 3044 2401 3099 ἐπαισθάνονται
2443 3044 2553 3098 τῶν
2604 3043 2662 3099 ἐν
2689 3042 2768 3113 τῷ
2802 3041 2924 3114 βιῳ,
2954 3042 3070 3097 ἀλλ’
3108 3043 3228 3106 ἐνὸς
3255 3043 3419 3112 μόνου
3450 3044 3582 3108 εἰσὶ,

1976 3139 2078 3209 τῆς
2127 3137 2412 3208 ἐρωμένης
2441 3136 2646 3204 ὅψεωςο
2680 3137 2709 3188 ό
2744 3136 2876 3190 Θεὸν
2916 3135 3087 3204 φιλῶν
3113 3175 3128 3199 ,
3174 3135 3362 3200 καθὼς
3406 3136 3585 3206 φιλεῖν

1976 3229 2086 3289 δεῖ,
2122 3227 2268 3292 τίνος
2314 3226 2636 3299 αξσθήσεται
2673 3227 2860 3282 λοιπὸν
2898 3226 2932 3298 ἢ
2972 3227 3220 3299 χρηστοῦ
3260 3227 3370 3281 τῶν
3414 3229 3474 3282 ἐν
3503 3228 3584 3300 τῷ

1979 3320 2079 3391 βίῳ
2107 3319 2314 3391 τούτῳ,
2347 3319 2380 3390 ἢ
2405 3319 2655 3391 λυπηροῦ
2679 3338 2693 3386 ;
2727 3319 2956 3382 Οὐδενός
2977 3335 2990 3348 ·
3028 3319 3144 3372 ἀλλ’
3181 3318 3334 3372 ἔσται
3362 3320 3584 3374 πάντων

1976 3412 2279 3482 ἀνώτερος,
2311 3410 2556 3464 ἀθάνατα
2586 3409 2841 3483 τρυφῶν,
2877 3410 3002 3464 ἐπεὶ
3039 3411 3135 3463 καὶ
3180 3412 3210 3464 ὀ
3255 3408 3584 3481 φιλούμενος

1973 3503 2234 3568 τοιοῦτος.
2267 3505 2332 3557 Ol
2357 3505 2458 3574 μὲν
2491 3502 2600 3575 γὰρ
2624 3502 2695 3556 τὰ
2727 3500 2865 3557 ἀλλα
2889 3499 3174 3571 φιλοῦντες
3195 3541 3209 3564 ,
3241 3501 3456 3572 ταχέως
3485 3501 3582 3556 καὶ

1973 3598 2200 3661 ἄκοντες
2225 3599 2307 3662 εἰς
2333 3596 2508 3669 λήθην
2544 3596 2975 3668 μεταϐάλλονται
2993 3635 3008 3659 ,
3049 3595 3442 3664 ἀπολλυμένων
3470 3595 3582 3648 τῶν

1974 3688 2130 3757 φιλου
2140 3687 2316 3759 μένων
2337 3687 2434 3741 καὶ
2468 3675 2886 3758 μαραινομένων
2906 3703 2920 3717 ο
2944 3679 3100 3750 οὗτος
3122 3684 3181 3740 δὲ
3201 3686 3230 3738 ὀ
3258 3684 3400 3756 ἔρως
3422 3685 3582 3740 ἀπειο

1975 3797 2069 3854 ρος
2089 3821 2102 3842 ,
2128 3779 2516 3850 ἀτελεύτητος,
2547 3780 2643 3833 καὶ
2665 3779 2766 3848 τὴν
2800 3777 2996 3850 ἡδονὴν
3035 3777 3259 3848 μείζονα
3291 3776 3452 3848 έχων,
3483 3778 3579 3832 καὶ

1972 3871 2035 3924 τὸ
2064 3871 2255 3943 κέρδος
2306 3870 2500 3924 πλέον’
2536 3869 2632 3923 καὶ
2687 3869 2866 3940 τούτῳ
2895 3869 3060 3923 πάλιν
3107 3868 3456 3939 ψυχαγωγῶν
3483 3869 3580 3922 τὸν

1973 3962 2258 4033 φιλοῦντα,
2290 3961 2370 4031 τῷ
2405 3961 2676 4032 μηδέποτε
2698 3959 3088 4014 καταλύεσθαι.
3115 3959 3300 4014 Ψαλῶ
3328 3959 3411 4024 τῷ
3438 3960 3577 4015 ὀνό-

1967 4056 2113 4126 ματί
2141 4071 2260 4110 σου
2282 4093 2299 4118 ,
2332 4055 2600 4121 "rimata.
2642 4052 2815 4106 Τοῦτο
2847 4052 3084 4123 μάλιστα
3121 4050 3404 4120 φιλοῦντος
3433 4051 3576 4117 ἔθος.

1974 4147 2086 4200 Καὶ
2131 4145 2242 4216 γὰρ
2279 4147 2328 4199 οἱ
2379 4143 2615 4215 ἐρῶντες
2645 4145 2728 4208 είς
2764 4145 2892 4207 τοὺς
2940 4143 3301 4215 φιλουμένους
3351 4143 3575 4215 ᾄσματα

1972 4239 2159 4311 ᾁέουσι
2185 4254 2198 4268 ·
2236 4237 2340 4291 κάν
2370 4236 2445 4307 μὴ
2478 4235 2678 4306 ὁρῶσιν
2703 4236 2976 4299 ἐκείνους,
3003 4235 3094 4288 διά
3135 4234 3236 4305 τῆς
3272 4234 3418 4306 ᾠδῆς
3449 4237 3576 4289 ἐαυο

1970 4332 2101 4394 τοὺς
2129 4328 2604 4401 παραμυθοῦνται.
2635 4327 2794 4382 Οῦτω
2820 4328 2886 4401 δὴ
2910 4329 3005 4382 καὶ
3031 4331 3059 4382 ὀ
3082 4328 3375 4400 Προφήτης
3407 4331 3570 4382 ποιεῖ·

1971 4422 2096 4476 ἐπεὶ
2127 4422 2219 4476 τὸν
2251 4421 2386 4476 Θεὸν
2425 4421 2555 4476 ῖδεῖν
2606 4422 2668 4475 οὺ
2721 4420 2950 4475 δυνατὸν
2977 4462 2993 4488 ,
3034 4420 3264 4493 ᾅσματα
3296 4424 3444 4476 ποιεῖ
3492 4424 3576 4486 εις

1971 4515 2164 4575 αὑτὸν,
2207 4514 2298 4569 διά
2333 4514 2442 4568 τῶν
2492 4513 2647 4585 ᾠδῶν
2693 4513 2846 4584 αὐτῷ
2892 4513 3313 4584 συγγινόμενος,
3343 4512 3440 4568 καὶ
3479 4513 3574 4568 τὸν

1971 4606 2134 4661 πόθον
2154 4606 2434 4670 ἀνάπτων,
2461 4607 2554 4660 καὶ
2583 4605 2745 4660 αὑτὸν
2783 4604 2956 4658 δοκῶν
2980 4605 3115 4676 όρᾷν
3138 4619 3152 4634 ⁶
3188 4602 3388 4675 μᾶλλον
3411 4603 3467 4657 δέ
3485 4603 3576 4658 διά

1967 4695 2064 4749 τοῦ
2109 4694 2255 4768 ᾄδειν
2305 4697 2402 4750 καὶ
2455 4696 2643 4766 ὑμνεῖν
2697 4697 2776 4758 εις
2822 4693 2989 4749 πόθον
3040 4693 3274 4748 ἀνάπτει
3319 4693 3572 4760 πολλούς.

1972 4786 2187 4858 Ὠσπερ
2220 4786 2330 4858 7&9
2377 4789 2426 4840 οί
2467 4783 2751 4856 φιλοῦντες
2797 4784 3050 4857 ἐγκώμια
3079 4784 3188 4839 τῶν
3231 4785 3576 4857 φιλουμένων

1968 4874 2218 4945 λέγουσι,
2252 4877 2347 4930 καὶ
2381 4875 2450 4929 τά
2479 4877 2722 4946 ὀνόματα
2753 4875 2934 4929 αὑτῶν
2972 4875 3363 4947 περιφέρουσιν
3383 4892 3398 4906 ·
3429 4873 3575 4930 οῦτω

1968 4948 2034 5036 δὴ
2063 4965 2158 5020 καὶ
2185 4957 2595 5032 οῦτος,⁶Ψα.λῶ
2627 4964 2708 5032 τῷ
2745 4966 2996 5033 ὀνόματί
3017 4981 3158 5029 σου,
3193 4965 3462 5033 Ὗψιστε.

2041 5109 2111 5171 7'.
2127 5101 2270 5173 Ὅρα
2283 5099 2402 5164 πῶς
2418 5099 2611 5153 ἑαυτὸν
2624 5097 2724 5167 τῆς
2740 5097 2845 5167 γῆς
2861 5097 2947 5167 διή
2956 5113 3143 5169 ρτησε,
3163 5097 3260 5151 καὶ
3276 5098 3414 5170 πρὸς
3428 5097 3573 5152 ἐκείο

1967 5210 2068 5262 νην
2101 5191 2481 5263 ἀνεκρέμασεν
2521 5189 2649 5260 ὃλην
2679 5187 2874 5241 ἑαυτοῦ
2909 5188 2937 5228 δ
2970 5186 3070 5258 τὴν
3097 5188 3317 5252 οὐσίαν,
3349 5187 3572 5254 ἀναθεὶς

1968 5282 2161 5337 ἐαυτὸν
2203 5281 2283 5353 τῷ
2315 5281 2455 5352 Θεῷ.
2485 5279 2586 5333 Διά
2612 5278 2774 5333 τοῦτο
2824 5277 3066 5350 συνεχῶς
3108 5279 3278 5332 αὑτοῦ
3308 5279 3370 5334 τὸ
3401 5279 3567 5351 ὃνομα

1969 5373 2326 5444 περιστρέφει
2349 5387 2364 5402 ⁸
2393 5372 2490 5426 καὶ
2523 5372 2633 5442 γὰρ
2678 5371 2772 5423 καὶ
2799 5368 2960 5424 τοῦτο
2987 5370 3083 5424 τοῦ
3117 5369 3400 5441 φιλοῦντος
3427 5371 3569 5434 ἐθος,

1980 5465 2078 5518 Ἕν
2123 5463 2205 5531 τῷ
2257 5461 2724 5532 ἀποστραφῆναι
2779 5461 2889 5516 τὸν
2943 5462 3166 5532 ἐχθρρν
3193 5479 3314 5533 μου
3364 5463 3452 5530 εις
3500 5463 3572 5517 τὰ

2031 5665 2061 5705 b
2086 5661 2390 5712 Barbeﬂnus
2398 5661 2527 5725 apud
2540 5659 3026 5725 Βινίιεάνεκρέμασεν
3036 5659 3151 5725 ὀλῃν
3161 5655 3355 5725 ἑαυτοῦ,
3368 5658 3569 5725 melius.

1970 5729 2026 5772 ut
2050 5730 2191 5785 puto,
2217 5737 2364 5785 quam
2387 5720 2531 5781 edin,
2571 5721 2655 5772 ubi
2678 5723 2796 5779 ὓλην
2821 5720 2910 5784 pro
2935 5723 3068 5785 ὃλην.
3089 5721 3246 5785 [aulo
3265 5726 3379 5785 post
3405 5720 3569 5785 locu_m

1972 5780 2253 5847 Syinmachi
2273 5786 2425 5837 habes
2445 5780 2652 5849 plenum
2677 5791 2730 5835 et
2745 5780 3002 5847 infestum
3024 5784 3076 5833 In
3099 5780 3342 5846 110::pr
3364 5780 3562 5834 nostris.
