4068 6472
478 384 580 441 123

474 500 696 561 ὀπίσω,
731 496 1142 562 ἀσθενήσουσι
1166 535 1182 559 ,
1211 498 1309 550 καί
1342 497 1710 553 ἀπολοῦνται
1757 492 1875 550 ἀπὸ
1902 511 2047 563 προ·

472 582 683 638 σώπου
718 598 856 636 σου.
889 580 1079 649 Ἄλλος
1098 620 1113 640 .
1154 580 1639 648 Ἀνατραπέντων
1668 578 1787 633 τῶν
1820 576 2049 647 ἐχθρῶν

471 683 593 735 μου
642 666 834 719 ὀπίσω
852 704 868 727 ,
904 661 1383 732 προσκοψάντων
1424 664 1522 717 καὶ
1560 661 1952 731 ἀπολομένων
1976 662 2046 714 ἐκ

475 747 799 815 προσώπου
828 762 965 800 σου.
1000 746 1109 800 Καὶ
1134 743 1294 798 τοῦτο
1321 745 1553 816 μάλιστα
1587 743 1863 815 φιλοῦντός
1907 747 2043 805 itm,

421 874 431 883 ,
474 837 540 889 τὸ
573 833 671 898 τὰς
694 832 1006 903 εὐεργεσίας
1050 831 1231 899 λέγειν
1257 832 1347 885 διά
1373 833 1573 895 παντὸς
1593 872 1606 892 .
1650 832 1747 885 καὶ
1773 830 2047 899 ἐγκαλλω-

475 914 976 992 πίζεσθαιηταύταις
996 933 1009 945 ·
1040 914 1149 967 ἀπό
1174 931 1233 967 τε
1258 913 1365 985 γὰρ
1392 912 1614 985 φίλτρου
1639 913 1801 968 τοῦτο
1815 914 2043 983 γίνεται,

476 998 570 1052 καὶ
612 998 743 1052 αὐτὸ
776 997 937 1051 πάλιν
970 996 1194 1051 ἀνάπτει
1240 995 1301 1049 τὸ
1334 996 1572 1067 φίλτρονγ
1606 998 1720 1052 Οὐκ
1764 996 1832 1051 ἂν
1878 996 1935 1050 δέ
1962 1014 2046 1062 τις

476 1082 711 1151 ἁμάρτοι
761 1079 929 1134 εἰπὼν
972 1081 1067 1133 καὶ
1108 1082 1329 1149 νοητοὺς
1359 1080 1587 1150 ἐχθροὺς
1626 1078 1857 1134 ἐνταῦθα
1884 1080 2046 1133 αὐτὸν

474 1164 672 1233 λέγειν.
716 1163 1168 1232 Ἀποστρέφονται
1208 1161 1317 1233 γὰρ
1368 1162 1463 1215 καὶ
1502 1156 1646 1216 οὗτοι
1667 1202 1681 1225 ,
1715 1162 1844 1215 ὅταν
1870 1160 2047 1232 ψυχήν

474 1246 729 1314 γενναίαν
753 1244 995 1313 εὕρωσι.
1022 1244 1285 1316 Καθάπερ
1326 1245 1433 1316 γὰρ
1477 1246 1556 1307 εἰς
1584 1244 1785 1299 ἀσπίδα
1808 1244 2047 1315 ἐμπεσὸν

472 1328 602 1399 δόρυ
622 1368 637 1391 ,
673 1326 917 1398 μαλακήν
939 1327 1035 1397 μὲν
1069 1322 1233 1380 οὖσαν
1261 1326 1532 1396 διατέμνει
1556 1366 1571 1389 ,
1597 1326 1836 1397 σκληρὰν
1863 1326 1921 1380 δὲ
1952 1326 2046 1379 καὶ

476 1409 765 1464 ἀντίτυπον
791 1408 941 1461 οὐδὲν
994 1407 1322 1478 ἐργάζεται,
1365 1406 1499 1462 ἀλλά
1545 1409 1643 1477 τῆς
1678 1408 1880 1478 αἰχμῆς
1918 1407 2049 1460 ἀνα-

477 1492 819 1562 καμφθείοης
869 1489 1122 1543 ἐκπίπτει
1148 1506 1161 1519 ·
1190 1487 1333 1543 οὕτω
1355 1529 1359 1533 -
1381 1490 1445 1557 δή
1485 1490 1580 1543 καὶ
1610 1491 1703 1543 ἐπὶ
1731 1491 1829 1560 τῆς
1868 1489 2046 1558 ψυχῆς

477 1571 779 1645 συμδαίνει.
813 1572 910 1624 “Av
944 1572 1040 1641 μὲν
1068 1571 1176 1644 7&9
1206 1571 1451 1642 μαλακὴν
1481 1571 1615 1645 εὕρῃ
1643 1573 1735 1625 καὶ
1760 1570 1955 1641 χαῦνον
1980 1572 2045 1625 τά

475 1657 628 1729 παρά
664 1656 757 1711 τοῦ
790 1655 1036 1709 διαϐόλου
1085 1657 1411 1727 πεμπόμενα
1447 1654 1574 1726 βέλη
1600 1694 1615 1717 ,
1650 1654 1921 1709 διαδύεται
1968 1657 2048 1718 είς

473 1739 537 1793 :0
567 1738 723 1809 βάθος
743 1756 754 1769 ·
789 1739 885 1792 ἐὰν
922 1738 978 1792 δὲ
1001 1738 1252 1810 ,σκληρὰν
1278 1737 1369 1791 καὶ
1400 1738 1770 1809 ίσχυροτέραν,
1806 1738 1964 1800 αὐτός
1987 1755 2047 1791 τε

475 1823 752 1893 ἄπρακτος
784 1821 1001 1883 ἀπεισι,
1040 1821 1134 1874 καὶ
1178 1822 1259 1884 είς
1311 1820 1515 1889 ταύτην
1556 1820 1705 1874 οὐδὲν
1758 1820 2050 1890 εἰργάσατο

475 1904 645 1959 δεινόν
667 1921 681 1936 ·
716 1905 811 1958 καὶ
842 1904 936 1957 δύο
964 1902 1170 1969 γίνεται
1201 1902 1367 1975 κέρδη
1386 1944 1402 1965 ,
1435 1904 1632 1973 μᾶλλον
1668 1903 1725 1957 δὲ
1758 1904 1851 1955 καὶ
1878 1904 2005 1974 τρία
2029 1920 2043 1935 ·

475 1988 647 2057 αὐτήν
694 2004 754 2039 τε
783 1986 893 2056 7&9
921 1985 1073 2038 οὐδὲν
1099 1984 1351 2057 ῑδλαψεν,
1380 1983 1495 2056 [97]
1536 1982 1672 2037 ἀλλά
1710 1984 1804 2037 καὶ
1831 1986 2047 2055 ίσχυρο-

395 2073 409 2091 ¹
476 2069 640 2139 τέραν
660 2067 910 2139 ἐποίησεν
930 2106 946 2133 ,
978 2065 1138 2129 αὐτός
1168 2082 1229 2118 τε
1255 2065 1641 2137 ἀσθενέστερος
1679 2066 1926 2121 ἐντεῦθεν
1954 2067 2048 2135 γέ-

477 2167 620 2218 γονε.
644 2150 837 2203 Σκόπει
863 2148 920 2202 δὲ
944 2148 1062 2211 πῶς
1088 2147 1447 2218 ἀνακηρύττει
1475 2148 1568 2200 τοῦ
1588 2146 1723 2201 Θεοῦ
1741 2149 1841 2218 τὴν
1874 2148 2045 2218 ίσχύν.

492 2232 942 2297 Ἃσθενήσουσι.
972 2231 1125 2301 φησι,
1147 2230 1245 2285 καί
1285 2229 1655 2285 ἀπολοῦνται
1708 2231 1828 2285 ἀπὸ
1858 2245 2049 2299 προσ-

477 2318 645 2371 ώπου
666 2331 804 2371 σου.
820 2316 989 2370 Πάλιν
1009 2316 1296 2386 πρόσωπον
1309 2314 1541 2379 ἀκούων,
1562 2314 1725 2385 μηδὲν
1743 2315 2051 2386 σωματικὸν

444 2433 451 2445 ο
479 2398 844 2472 ὑποπτεύσῃς.
892 2398 1155 2453 Ἐνταῦθα
1182 2397 1290 2470 γὰρ
1317 2398 1415 2468 τὴν
1465 2398 1743 2469 ἐνέργειαν
1764 2439 1779 2460 ,
1808 2399 1910 2468 τὴν
1934 2400 2051 2451 ἐπι-

479 2487 706 2555 φάνειαν
730 2485 895 2539 αὐτοῦ
916 2484 1083 2555 δηλοῖ,
1112 2484 1213 2556 τὴν
1232 2483 1482 2538 εὐκολίαν
1513 2483 1677 2538 αὐτοῦ
1710 2483 1809 2553 τῆς
1849 2484 2048 2555 ίσχύος.

490 2569 581 2632 Ὠς
603 2567 834 2639 ἀλλαχοῦ
869 2584 1031 2637 φησιν
1050 2583 1063 2597 ·
1106 2568 1159 2620 '0
1189 2567 1525 2621 ἐπιϐλέπων
1542 2567 1640 2621 ἐπί
1664 2567 1779 2634 τὴν
1806 2566 1938 2637 rn'r.
1956 2568 2053 2621 καί

480 2648 671 2705 ποιῶν
688 2648 882 2711 αὐτὴν
907 2649 1170 2719 τρέμειν·
1204 2648 1345 2703 οὕτω
1371 2648 1437 2720 δὴ
1460 2650 1555 2704 καὶ
1578 2649 1813 2703 ἐνταῦθα
1841 2650 1903 2702 τὸ
1923 2651 2053 2703 αὐτό

480 2750 670 2806 φησιν.
705 2733 891 2805 ’Δρκεῖ
921 2732 1029 2803 γὰρ
1062 2731 1197 2801 μόνη
1248 2733 1280 2802 ή
1334 2732 1598 2785 ἐποπτεία
1633 2731 1893 2785 ἀπολέσαι
1926 2734 2052 2795 τοὺς

480 2815 771 2887 πονηρούς.
808 2814 870 2868 El
913 2814 1022 2884 7&9
1055 2814 1224 2881 ἁγίων
1256 2813 1529 2884 παρουσία
1558 2812 1758 2885 ἀσθενῆ
1786 2815 2054 2885 δαιμόνων

480 2900 626 2953 ποιεῖ
653 2896 750 2969 τήν
784 2898 934 2967 ίσχὺν
955 2934 971 2959 ,
1009 2894 1187 2965 πολλῷ
1234 2893 1433 2965 μᾶλλον
1461 2894 1618 2951 Θεοῦ.
1641 2897 1704 2950 Εἰ
1733 2897 1768 2967 ή
1800 2895 2055 2966 ἀστραπὴ

482 2981 643 3037 αὐτοῦ
676 2981 973 3052 φαινομένη
1000 2978 1370 3049 καταπλήττει
1401 2977 1644 3043 πάντας,
1674 2979 1925 3049 ἐννόησον
1957 2980 2057 3050 τὴν

480 3064 709 3134 δύναμιν
757 3063 855 3133 τὴν
904 3060 1206 3132 ἀνώλεθρον
1240 3060 1475 3130 ἐκείνην,
1512 3060 1631 3125 πῶς
1666 3062 2052 3133 καταπλήττει,

483 3146 601 3211 πῶς
637 3144 898 3200 ἀπόλλυσι
936 3145 1060 3205 τοὺς
1110 3141 1374 3212 πονηρούς
1399 3155 1446 3195 ιι.
1480 3138 1631 3206 Εῐδες
1664 3142 1847 3214 ὕμνων
1882 3138 2053 3211 εῖδος;

482 3226 622 3292 εἶδες
646 3227 953 3293 δοξολογίας
988 3226 1206 3295 τρόπον,
1233 3222 1327 3277 καὶ
1354 3223 1471 3287 πῶς
1499 3226 1626 3295 περὶ
1651 3224 1750 3295 τῆς
1777 3224 2058 3295 δυνάμεως

484 3310 649 3366 αὐτοῦ
679 3311 940 3379 διηγεῖται
960 3324 975 3372 ;
998 3307 1071 3361 Οὐ
1104 3306 1295 3376 μικρὸν
1324 3305 1616 3360 κάντεῦθεν
1643 3306 1883 3361 παιδεύει
1909 3306 2059 3375 φιλο-

486 3394 677 3460 σοφίας
704 3392 880 3460 δόγμα
901 3428 916 3450 .
948 3388 1025 3459 τῷ
1049 3390 1275 3460 εἰπεῖν,
1305 3387 1487 3442 Ψαλῶ
1523 3388 1605 3454 τῷ
1634 3390 1876 3459 ι’νόματί
1918 3406 2056 3453 σου,

487 3478 565 3529 ’Ὺ
554 3458 752 3544 facta.
772 3458 873 3542 Ἑν
891 3471 971 3537 τῷ
994 3458 1457 3541 ἀποστραφῆναι
1481 3473 1589 3526 τὸν
1609 3458 1827 3542 ἐχθρόν
1840 3490 1958 3543 μου
1972 3476 2057 3541 είς

486 3559 558 3611 τὰ
585 3559 794 3611 ὀπίσω.
822 3556 978 3609 Ποῖον
1003 3553 1067 3625 δὴ
1095 3553 1280 3618 τοῦτο;
1304 3554 1423 3609 ’Ὁτι
1447 3557 1508 3608 οὐ
1531 3555 1691 3625 μόνον
1718 3558 1777 3609 ἐν
1802 3558 1921 3621 ταῖς
1948 3555 2060 3609 θλί-

483 3638 641 3710 ψεσιν
664 3680 679 3704 ,
707 3637 840 3690 ἀλλά
868 3636 963 3689 καὶ
993 3636 1052 3689 ἐν
1080 3638 1198 3700 ταῖς
1235 3636 1480 3689 ἀνέσεσιν
1519 3638 1704 3709 ἔνηφε.
1737 3638 1927 3692 Πολλοὶ
1959 3638 2059 3709 μὲν

485 3720 595 3793 7&9
615 3720 721 3772 ὑπὸ
737 3720 844 3771 τῶν
873 3717 1055 3772 κακῶν
1084 3718 1517 3790 ταπεινούμενοι,
1549 3720 1952 3792 σπουδαιότεροι
1983 3721 2061 3789 7E-

485 3822 668 3859 νονται
688 3822 701 3835 ·
734 3804 837 3857 ὑπὸ
866 3803 924 3857 δὲ
942 3803 1060 3857 τῶν
1086 3804 1326 3871 ἀγαθῶν,
1364 3805 1717 3878 ρᾳθυμότεροι
1743 3796 1845 3860 ’καὶ
1871 3808 2062 3877 χαυνόο

485 3909 668 3965 τεροι·
703 3892 732 3945 ὃ
776 3892 905 3961 περὶ
956 3891 1065 3945 τῶν
1109 3893 1377 3947 Ἰουδαίων
1424 3893 1628 3965 προῖὼν
1659 3895 1836 3964 λέγει·
1884 3898 2061 3949 Ὅταν

485 3974 836 4031 ἀπέκτεινεν
870 3973 1124 4041 αὐτοὺς,
1165 3975 1298 4029 τότε
1326 3973 1646 4041 ἐξεζῆτουν
1672 3979 1878 4033 αὐτόν.
1918 3977 2058 4031 Ἀλλ’

485 4058 587 4129 οὐχ
628 4050 783 4120 οὗτος
810 4056 1077 4120 τοιοῦτος·
1120 4058 1255 4111 ἀλλά
1294 4060 1395 4113 καὶ
1423 4062 1480 4114 ἐν
1527 4062 1847 4132 εὐημερίαις
1876 4063 2056 4131 νήφει,

486 4142 581 4193 καὶ
611 4138 971 4212 διεγήγερται.
1000 4140 1075 4193 Οὐ
1107 4140 1302 4212 μικρὸν
1334 4143 1413 4205 είς
1451 4142 1765 4213 φιλοσοφίαν
1800 4143 1856 4196 δὲ
1879 4143 2054 4198 τοῦτο.

489 4226 618 4275 ὀτι
642 4222 939 4289 ἐποίησας
960 4220 1075 4290 τὴν
1095 4223 1300 4291 κρίσιν
1320 4242 1441 4293 μου
1470 4226 1565 4278 καί
1588 4228 1703 4294 τὴν
1722 4227 1901 4295 δίκην
1914 4244 2053 4296 μου.

490 4302 717 4368 Ἀλλος,
764 4303 1218 4372 ’Υπερεδίκασάς
1245 4324 1366 4375 μου
1392 4306 1439 4360 δ.
1479 4306 1785 4374 Ἐκάθισας
1807 4308 1905 4362 ἐπὶ
1935 4311 2061 4378 θρό-

489 4402 601 4441 νου
643 4388 676 4440 ό
702 4387 926 4453 κρίνων
955 4386 1367 4453 δικαιοσύνην.
1412 4389 1804 4458 Ἐπετίμησας
1832 4390 2053 4455 ἔθνεσι,

488 4470 588 4525 καί
607 4468 879 4524 ἀπώλετο
932 4472 966 4523 ό
1010 4470 1253 4537 ἀσεϐής.
1290 4471 1484 4535 Ἄλλος
1508 4510 1524 4537 ,
1584 4472 1936 4539 Ἀπώλεσας.
1988 4476 2058 4530 Τὸ

489 4554 676 4623 ὄνομα
693 4551 877 4606 αὐτοῦ
902 4550 1231 4621 ἐξήλειψας
1249 4555 1335 4619 εις
1357 4554 1463 4607 τὸν
1487 4552 1672 4609 αίῶνιι
1699 4554 1805 4609 τοῦ
1824 4555 2055 4624 αἰῶνος.

489 4635 631 4704 Ὅρα
662 4634 820 4687 πάλιν
842 4632 941 4704 τὴν
962 4634 1277 4705 φιλοσοφίαν
1301 4636 1396 4688 τοῦ
1428 4636 1618 4709 ἀνδρὸς
1639 4676 1655 4701 ,
1686 4636 1803 4701 πῶς
1829 4639 1929 4691 οὐκ
1963 4641 2059 4691 αὐ-

486 4720 577 4781 τος
602 4718 863 4787 ἀμύνεται
886 4718 1013 4780 τοὺς
1044 4716 1272 4788 ἐχθροὺς
1290 4758 1306 4784 ,
1331 4718 1468 4772 ἀλλά
1500 4719 1575 4789 τῷ
1595 4718 1714 4791 Θεῷ
1744 4724 2063 4792 παραχωρεῖ

486 4801 588 4871 τῆς
611 4800 765 4869 δίκης
786 4840 801 4861 ,
833 4800 896 4852 τὸ
941 4800 1292 4855 ἀποστολικὸν
1318 4802 1501 4874 τηρῶν
1529 4803 1922 4874 παράγγελμα.
1960 4803 2057 4873 Μὴ

486 4882 739 4948 ἑαυτοὺς
757 4882 1155 4949 ἐκδικοῦντες.
1175 4884 1250 4936 Οὐ
1277 4884 1433 4939 τοῦτο
1460 4885 1517 4939 δὲ
1544 4888 1704 4957 μόνον
1736 4886 1884 4941 ἐστιν
1911 4888 2057 4953 ίδεῖν,

486 4965 604 5020 ἀλλ’
630 4967 711 5020 ὅτι
742 4966 834 5019 καί⁵
857 4966 1059 5029 ἀδίκως
1096 4966 1271 5020 ταῦτα
1298 4967 1550 5037 ἔπασχεν.
1582 4970 1643 5022 El
1693 4969 1768 5042 μή
1800 4972 1909 5043 7&9
1949 4972 2061 5025 ἀδί-

489 5066 601 5113 κως
640 5048 875 5119 ἐπασχεν
903 5088 917 5114 ,
952 5049 1051 5103 οὐκ
1080 5050 1147 5104 ἂν
1167 5050 1196 5102 ό
1225 5050 1355 5113 Θεὸς
1394 5052 1706 5122 ἐπεξῆλθεν.
1739 5054 2061 5124 Ἐκάθισας

486 5132 587 5187 ἐπὶ
614 5134 828 5200 θρόνου
862 5135 895 5186 ό
922 5133 1142 5199 κρίνων
1166 5132 1577 5197 δικαιοσύνην.
1619 5137 2060 5210 Ἀνθρωπινώτε-

490 5232 584 5285 ρον
622 5214 951 5284 φθέγγεται,
976 5214 1162 5291 θρόνον
1192 5217 1285 5269 καὶ
1322 5217 1589 5289 καθέδραν
1629 5219 1819 5289 λέγων.
1866 5223 1940 5276 Τὸ
1980 5224 2057 5291 δὲ,

497 5297 563 5351 '0
591 5298 810 5366 κρίνων
828 5288 1246 5365 δικαιοσῦνην,
1273 5299 1335 5352 τὸ
1383 5288 1609 5371 σύνηθες
1645 5288 1738 5356 τοῦ
1766 5304 1900 5358 Θεοῦ
1923 5346 1938 5371 ,
1968 5288 2062 5360 καί

487 5383 763 5454 ἐξαίρετον
788 5380 955 5435 αὐτοῦ
977 5382 1077 5452 τῆς
1108 5385 1294 5449 οὐσίας
1318 5388 1497 5457 φησίν.
1532 5390 1653 5443 Ἐπὶ
1687 5392 1785 5461 μὲν
1814 5392 1924 5464 7&9
1951 5393 2061 5446 τῶν

486 5465 787 5551 ἀνθρώπων
830 5468 988 5519 τοῦτο
1032 5467 1132 5521 οὐκ
1186 5467 1330 5523 ἐστιν
1366 5473 1559 5527 εἰπεῖν.
1592 5476 1667 5528 Οὐ
1703 5476 1810 5551 γὰρ
1844 5476 2060 5545 πάντως

487 5550 730 5621 κρίνουσι
756 5550 1118 5622 δικαιοσύνην,
1147 5551 1250 5607 κᾶν
1275 5556 1538 5625 μυριάκις
1564 5552 1667 5612 ῶσι
1684 5559 1903 5624 δίκαιοι,
1931 5562 2060 5616 ποτὲ

492 5632 589 5701 μὲν
618 5633 829 5705 ἀγνοίᾳ,
865 5634 995 5687 ποτὲ
1015 5633 1072 5687 δὲ
1098 5636 1339 5708 ῥᾳθυμίᾳ
1370 5640 1689 5707 ἀγνοοῦντες
1714 5644 1774 5696 τὸ
1810 5644 2016 5699 δίκαιον
2040 5661 2057 5677 ο

487 5719 515 5768 ὁ
545 5715 602 5769 δὲ
633 5716 766 5779 Θεὸς
788 5717 991 5771 τούτων
1020 5718 1274 5775 ἁπάντων
1300 5722 1715 5795 ἀπηλλαγμένος
1738 5767 1753 5790 ,
1779 5729 1872 5782 καὶ
1901 5730 2057 5793 εἰδὼς

548 5850 572 5877 ⁸
598 5847 735 5896 Γιοίι).
757 5848 865 5904 τσὺς
890 5849 1137 5906 ἐναντιους.

545 5908 712 5987 ίιίιηιρ
756 5910 920 5987 Isaia,
945 5912 1300 5987 ηὐπερεδίιιασάς
1347 5934 1453 5977 μου,
1500 5927 1574 5970 es!
1613 5920 1818 5983 Aquila’,
1844 5940 2059 5987 acqucns

490 5982 650 6020 autum
674 5973 924 6028 ἀπώλεσας
945 5974 1239 6033 Symmachi.
1350 5973 1354 5975 Ἴ
1442 5973 1450 5977 ⁷
1608 5988 1618 5996 ·

1086 444 1091 447 ,
1144 381 1201 437 S.
1234 380 1517 438 JOANNIS
1549 378 2041 437 CIIRYSOSTOMI
2077 377 2392 436 ARCIIIEP.
2433 379 2981 447 CONSTANTINOP.

3626 398 3733 458 1'26

2155 496 2249 550 καὶ
2279 497 2597 569 βουλόμενος
2637 497 2851 555 δικαίαν
2894 502 3116 575 ἐκφέρει
3142 504 3241 578 τήν
3268 506 3466 579 ψῆφον.
3498 513 3583 567 T0
3613 510 3728 580 οὖν.

2166 586 2483 653 Ἐκὰθισας
2517 588 2617 642 ἐπὶ
2645 590 2897 657 θρόνου,
2928 592 3180 655 ἐδίκασάς
3205 593 3371 657 ἐστιν,
3408 596 3729 669 ἐπεξῆλθεςε

2153 669 2384 739 ήμυνας.
2426 672 2826 741 Ἐπετίμησας
2860 674 3085 735 ἔθνεσι,
3108 675 3206 728 καί
3238 676 3510 735 ἀπώλετο
3536 684 3573 735 ό
3597 681 3736 737 ἀσε-

2154 750 2283 818 ϐής.
2322 753 2485 825 Ὁρᾷς
2512 754 2629 818 πῶς
2664 756 2763 826 οὐχ
2788 756 2967 811 ὃπλων
2997 756 3147 829 αὺτῷ
3182 758 3282 817 δεῖ.
3324 761 3386 813 οὐ
3430 762 3733 834 μαχαίρας,

2153 835 2214 889 οὐ
2243 835 2413 913 τόξων
2436 836 2531 890 καὶ
2557 836 2755 907 βελῶν,
2783 838 2898 893 ἀλλ’
2931 840 3411 914 ἀνθρωπινώτερον
3445 846 3628 900 ἐκεῖνα
3655 847 3739 900 εῖ-

2157 941 2316 993 ρηται
2334 942 2348 955 ·
2375 925 2537 995 ἀρκεῖ
2553 925 2663 997 γὰρ
2682 926 3009 998 ἐπιτιμῆσαι
3040 927 3120 999 τῷ
3138 928 3280 1001 Θεῷ,
3314 932 3408 983 καί
3434 928 3736 986 ἀπολέσθαι

2152 1011 2280 1074 τοὺς
2311 1011 2632 1077 κολάζεσθαι
2661 1013 2974 1080 μέλλοντας.
2999 1014 3117 1068 Ἵνα
3144 1015 3203 1068 δὲ
3237 1016 3413 1088 μάθῃς
3438 1016 3605 1070 αὐτοῦ
3632 1017 3737 1083 τὴν

2156 1094 2343 1161 ίσχίιν.
2384 1095 2544 1148 ἀκουε
2577 1096 2672 1149 καὶ
2715 1096 2823 1149 τῶν
2856 1096 3005 1166 ἐξῆς·
3046 1097 3119 1151 Τὸ
3163 1098 3353 1167 ὄνομα
3395 1099 3596 1154 αὐτῶν
3619 1093 3739 1163 Ἰε-

2154 1175 2413 1243 ήλειψας
2436 1180 2523 1243 εις
2536 1177 2646 1232 τὸν
2662 1178 2870 1243 αἰῶνα,
2890 1184 2988 1234 καί
3013 1182 3102 1247 είς
3125 1181 3235 1235 τόν
3261 1180 3447 1235 σιῶν-α
3474 1182 3583 1237 τοῦ
3597 1181 3739 1236 ald»-

2152 1277 2275 1325 νος.
2299 1260 2633 1331 Προρμζους
2663 1262 2952 1328 ἀπώλεσας
2969 1307 2983 1330 ,
3009 1265 3321 1328 ἀνέσπασας
3341 1306 3357 1327 ,
3386 1264 3561 1330 οὕτως
3589 1266 3738 1334 ἠφά-

2154 1358 2305 1406 νισας
2322 1382 2337 1405 ,
2370 1343 2483 1415 198]
2509 1343 2585 1407 ὡς
2607 1344 2702 1398 καὶ
2730 1344 2828 1415 τὴν
2855 1348 3073 1418 μνήμην
3095 1346 3272 1400 αὐτῶν
3299 1348 3740 1419 παραπολέσθαι.

2160 1425 2271 1479 Τοῦ
2300 1426 2517 1494 ἐχθροῦ
2547 1426 2831 1491 ἐξέλιπον
2856 1431 2917 1481 al
2939 1428 3227 1497 ρομςοαῖαι
3260 1432 3351 1495 είς
3377 1428 3568 1495 τέλος.
3601 1429 3736 1484 "Al-

2154 1506 2244 1571 λος
2266 1549 2281 1569 ,
2322 1508 2397 1564 Τὰ
2426 1508 2674 1577 ἐρείπια.
2715 1508 2775 1563 ’0
2806 1508 2862 1563 δὲ
2904 1510 3154 1582 Ἐϐραῖος
3174 1549 3190 1573 ,
3226 1510 3456 1579 Ἀρεώθ.
3501 1511 3609 1567 Kal
3628 1512 3743 1566 πό-

2153 1594 2283 1655 λεις
2326 1591 2619 1656 καθεῖλες.
2669 1592 2737 1645 Τί
2785 1592 2901 1645 ἐστι
2934 1592 3126 1655 τοῦτος
3162 1592 3285 1648 Ὅτι
3334 1592 3434 1656 τὰς
3487 1592 3741 1663 μηχανὰς

2155 1673 2319 1727 αὐτοῦ
2352 1674 2446 1729 καὶ
2474 1675 2575 1737 τάς
2606 1674 2803 1745 βουλὰς
2832 1675 3116 1741 ἀναλώσας
3135 1717 3150 1737 ,
3181 1679 3366 1746 φησὶν,
3395 1675 3601 1748 ἔρημον
3632 1678 3739 1731 αὐ-

2154 1757 2245 1811 τδν
2265 1756 2374 1810 τῶν
2392 1758 2607 1811 οἰκείων
2632 1758 2814 1813 ὅπλων
2830 1761 3118 1832 ἐποίησας.
3139 1760 3391 1814 Τοιοῦτον
3409 1761 3519 1831 7&9
3537 1760 3572 1831 ἡ
3596 1761 3739 1831 ὀργὴ

2155 1839 2248 1893 τοῦ
2291 1839 2462 1893 Θεοῦ·
2491 1839 2671 1896 πάντα
2716 1842 2968 1910 ἀφανίζει
3011 1844 3107 1897 καὶ
3151 1842 3460 1897 ἀπόλλυσιν.
3494 1844 3565 1896 Ἥ
3598 1843 3740 1911 ὅπερ

2155 1923 2341 1993 ἔτερος
2371 1923 2710 1995 ἑρμηνευτὴς
2732 1924 2973 1979 διδάσκει
2996 1964 3013 1986 .
3045 1926 3299 1995 Ἕρημα,
3331 1925 3523 1979 είπὼν·
3563 1926 3647 1978 ὅτι
3674 1924 3738 1977 οὐ

2154 2006 2253 2071 τάς
2280 2006 2465 2069 πόλεις
2486 2005 2663 2060 αὐτῶν
2691 2007 2869 2077 μόνον.
2905 2006 3041 2061 ἀλλά
3072 2008 3166 2061 καὶ
3188 2010 3289 2072 τὰς
3322 2009 3562 2079 ἐρήμους
3591 2006 3741 2075 ήφά-

2155 2105 2340 2153 νισας,
2373 2091 2469 2144 καὶ
2508 2089 2690 2151 πόλεις
2719 2090 2985 2154 καθεῖλες.
3011 2090 3167 2146 Οὕτω
3185 2091 3294 2162 γάρ
3317 2091 3348 2144 ό
3372 2091 3577 2153 δίκαιος
3611 2091 3743 2144 ἐπο-

2155 2173 2312 2241 λέμει
2337 2213 2353 2236 ,
2390 2172 2539 2228 οὕτω
2573 2172 2870 2228 κατέϐαλλε
2914 2176 3038 2237 τοὺς
3084 2174 3387 2238 ἐναντίους,
3417 2174 3514 2244 οὐχ
3554 2173 3743 2236 ὅπλοις

2158 2258 2250 2311 καὶ
2268 2256 2456 2327 δόρασι
2486 2255 2825 2328 κεχρημένος
2843 2295 2859 2320 ,
2881 2256 3016 2311 ἀλλά
3046 2255 3144 2325 τὴν
3173 2256 3326 2327 παρὰ
3354 2256 3449 2309 τοῦ
3479 2255 3615 2309 Θεοῦ
3649 2257 3745 2326 90-

2158 2338 2266 2411 πὴν
2297 2339 2455 2410 ἔχων.
2483 2338 2584 2392 Διά
2633 2338 2792 2394 τοῦτο
2822 2337 2917 2392 καὶ
2960 2338 2989 2391 ό
3023 2338 3257 2409 πόλεμος
3287 2338 3438 2410 αὐτῷ
3489 2336 3744 2407 λαμπρὸς

2159 2422 2253 2476 καὶ
2276 2420 2580 2492 περιφανὴς
2604 2462 2620 2487 ,
2651 2422 2748 2479 καὶ
2784 2420 2927 2475 κατά
2958 2419 3156 2490 κράτος
3190 2423 3223 2492 ή
3261 2421 3410 2493 νίκη.
3446 2419 3746 2475 Ἀπώλετο

2159 2504 2225 2558 τὸ
2245 2506 2644 2572 μνημόσυνον
2664 2504 2851 2560 αὐτοῦ
2869 2505 2997 2573 μετ’
3018 2503 3195 2574 ἤχου.
3228 2504 3422 2567 ’Λλλος
3440 2542 3455 2565 .
3486 2503 3611 2558 Σὺν
3636 2504 3747 2556 ai:-

2159 2587 2303 2654 τοῖς.
2350 2588 2410 2640 '0
2458 2586 2517 2639 δὲ
2555 2586 2835 2659 Ἐϐραῖος,
2872 2589 2979 2656 Ἐμ
3012 2599 3059 2641 ε.
3108 2588 3175 2639 τί
3205 2590 3321 2641 ἐστι
3344 2629 3357 2647 ,
3392 2589 3529 2641 Μετ’
3551 2585 3746 2655 ἤχους

2165 2670 2235 2722 Ἤ
2266 2670 2365 2739 τὴν
2396 2668 2769 2738 πανωλεθρίαν
2803 2669 2968 2740 φησὶν
2989 2708 3003 2730 .
3036 2668 3068 2739 ἢ
3106 2668 3167 2722 :0
3194 2669 3479 2738 διωλύγιον
3509 2668 3620 2723 τῶν
3646 2686 3749 2722 κα-

2161 2753 2292 2806 κῶν.
2320 2750 2432 2805 Καὶ
2460 2750 2618 2804 τοῦτο
2649 2751 2707 2804 δὲ
2738 2751 2837 2821 τῆς
2869 2752 2963 2805 τοῦ
2997 2751 3132 2805 Θεοῦ
3174 2751 3500 2823 κηδεμονίας
3525 2794 3539 2813 ,
3572 2749 3634 2804 :0
3667 2751 3746 2821 μὴ

2160 2835 2526 2905 λανθανόντως
2546 2835 2722 2890 ταῦτα
2751 2838 2943 2901 ποιεῖν,
2963 2837 3051 2891 ῖνα
3072 2839 3190 2901 ταῖς
3213 2837 3415 2906 ἐτέρων
3440 2837 3750 2907 συμφοραῖς

2164 2920 2259 2973 καὶ
2284 2919 2461 2990 ἕτεροι
2505 2921 2766 2985 γένωνται
2798 2918 3056 2989 βελτίους.
3088 2920 3162 2973 T0
3208 2919 3507 2991 περιφανὲς
3534 2914 3628 2972 οὖν
3652 2918 3751 2989 δη-

2163 3001 2249 3055 λοῖ
2278 3000 2377 3069 τῆς
2403 3000 2698 3064 ἀπωλείας.

2233 3082 2277 3134 δ’
2288 3124 2298 3133 .
2319 3081 2429 3135 Καὶ
2444 3084 2479 3135 ό
2494 3084 2710 3150 Κύριος
2724 3085 2811 3149 είς
2829 3083 2936 3137 τὸν
2948 3082 3133 3138 αίῶνα
3147 3084 3333 3153 μένει.
3362 3082 3574 3146 Ἄλλος,
3590 3084 3747 3137 Καθ-

2162 3162 2397 3218 εδεῖται.
2448 3164 2521 3217 Τὸ
2546 3164 2653 3235 γὰρ
2688 3164 2957 3237 καθῆσθαι
2985 3166 3254 3236 πολλαχοῦ
3279 3167 3372 3220 ἐπὶ
3394 3166 3487 3218 τοῦ
3518 3164 3748 3235 μονίμου

2164 3247 2262 3317 τῆς
2290 3246 2475 3311 οὐσίας
2496 3248 2670 3300 κεῖται
2687 3264 2701 3278 ·
2731 3246 2807 3311 ὡς
2835 3250 2930 3301 καὶ
2975 3249 3241 3319 Ἱερεμίας
3268 3248 3418 3317 δηλοῖ
3442 3248 3636 3315 λέγων,
3660 3247 3751 3301 Σὺ

2167 3327 2504 3395 καθήμενος
2531 3330 2619 3394 είς
2640 3328 2751 3382 τὸν
2780 3330 2983 3385 αίῶνα.
3020 3331 3131 3384 Καὶ
3168 3333 3198 3384 δ
3238 3330 3488 3400 Ἑϐραῖος
3518 3330 3753 3385 ἐνταῦθα

2130 3436 2131 3439 η
2179 3411 2381 3479 ’Ῑησήσ
2403 3428 2556 3481 φησι.
2588 3410 2836 3483 Συνεχῶς
2872 3412 3028 3467 τοῦτο
3058 3413 3205 3483 λέγει
3251 3414 3281 3466 ό
3320 3414 3606 3483 προφήτης
3655 3414 3753 3466 ἐπὶ

2165 3495 2263 3563 τῆς
2289 3494 2565 3558 ἀπωλείας
2592 3493 2701 3547 τῶν
2736 3493 3057 3567 ἀνθρώπιον,
3101 3496 3317 3560 δεικνὺς
3336 3495 3501 3549 αὐτοῦ
3532 3495 3595 3549 :0
3621 3496 3753 3550 ἀτε-
3864 3522 3867 3525 π

2164 3576 2423 3648 λεύτητον
2450 3580 2549 3648 τῆς
2588 3576 2778 3640 οὐσίας
2802 3618 2817 3637 .
2845 3577 2937 3632 καὶ
2978 3579 3060 3631 ὅτι
3091 3578 3153 3632 :0
3182 3578 3282 3648 μὲν
3310 3578 3419 3631 τῶν
3447 3578 3754 3651 ἀνθρώπων

2165 3661 2321 3729 γένος
2358 3659 2638 3729 ἐπίκηρον.
2686 3656 2753 3714 Ἦ
2780 3660 2837 3713 δὲ
2869 3660 3078 3714 ἐκείνου
3109 3661 3266 3715 οὐσία
3297 3661 3392 3715 καὶ
3424 3662 3458 3728 ή
3501 3660 3753 3731 μεγαλω-

2170 3743 2301 3812 σύνη
2332 3732 2704 3811 ἀτελεύτητος.
2740 3740 2911 3796 Τοῦτο
2947 3742 3005 3796 δὲ
3034 3747 3179 3797 ποιεῖ
3224 3744 3316 3797 τὸν
3367 3743 3531 3812 φόϐον
3574 3745 3753 3815 ἐπαρ-

2168 3825 2276 3878 τῶν
2298 3865 2313 3883 .
2340 3824 2426 3876 ἴνα
2458 3824 2795 3895 ἑκατέρωθεν
2832 3817 2964 3877 ὦσιν
3002 3824 3164 3879 αὐτὸν
3196 3826 3514 3896 τρέμοντες,
3544 3827 3640 3879 καὶ
3662 3825 3755 3881 διά

2166 3907 2229 3959 :0
2276 3906 2502 3975 μέγεθος
2534 3906 2697 3959 αὐτοῦ
2747 3909 2847 3977 τῆς
2884 3906 3070 3976 δόξης,
3105 3909 3199 3961 καὶ
3228 3906 3318 3961 διὰ
3342 3908 3403 3960 τὺ
3432 3907 3620 3971 ἀτελὲς
3650 3908 3755 3976 τῆς

2167 3990 2371 4053 οίκείας
2399 3988 2588 4051 οὐσίας
2609 4026 2623 4049 ,
2654 3988 2747 4041 καὶ
2774 3989 2851 4051 ὡς
2884 3989 2969 4043 ἀεὶ
3000 3988 3249 4059 μένοντα,
3286 3990 3381 4045 καὶ
3407 3990 3483 4052 ὡς
3508 3989 3597 4043 ἀεὶ
3632 3988 3755 4059 μεθ’

2169 4072 2471 4143 ὑπερϐολῆς
2499 4072 2814 4137 κολάζοντα.
2845 4074 2908 4126 Εἰ
2936 4073 2992 4126 δὲ
3022 4075 3126 4144 χρή
3156 4090 3212 4127 τι
3243 4076 3337 4128 καὶ
3366 4074 3506 4127 κατά
3532 4073 3752 4142 ἀναγω-

2167 4154 2268 4226 γὴν
2304 4157 2515 4217 εἰπεῖν,
2546 4154 2608 4207 οὐ
2642 4155 3029 4225 παραιτητέον.
3065 4155 3147 4209 Τά
3196 4155 3296 4227 μὲν
3334 4156 3442 4227 γάρ
3498 4157 3611 4209 ἐστι
3656 4156 3755 4210 καὶ

2168 4237 2443 4308 Θεωρῆσαι
2465 4253 2479 4269 ·
2509 4238 2577 4289 τά
2622 4237 2679 4289 δὲ
2705 4236 2846 4289 οὕτω
2870 4236 2950 4290 δεῖ
2978 4240 3118 4290 νοεῖν
3143 4278 3158 4300 ,
3193 4238 3268 4301 ὼς
3310 4239 3522 4308 εῖρηται
3553 4238 3714 4307 μόνον
3736 4256 3749 4267 ·

2164 4320 2241 4383 ὡς
2267 4319 2347 4381 :0,
2379 4321 2473 4371 Ἐν
2500 4318 2657 4388 ἀρχῇ
2681 4319 2971 4387 ἐποίησεν
2993 4323 3027 4374 ό
3048 4320 3192 4386 Θεὸς
3227 4320 3336 4374 τὸν
3364 4321 3627 4391 οὐρανὸν
3651 4320 3755 4375 καί

2166 4402 2282 4468 τὴν
2329 4400 2597 4475 τῆνχτά
2641 4403 2695 4456 δὲ
2752 4404 3079 4466 ἀπεναντίας
3120 4407 3239 4467 ταῖς
3273 4404 3515 4471 λέξεσιν·
3557 4405 3633 4469 ὡς
3664 4405 3749 4469 τὸ,

2170 4486 2437 4553 Ἔλαφος
2476 4484 2681 4552 φιλίας
2708 4525 2723 4545 ,
2769 4485 2867 4538 καί
2900 4485 3104 4552 πῶλος
3134 4485 3263 4540 σῶν
3295 4488 3585 4556 χαρίτων,
3625 4490 3754 4555 ὀμι-

2164 4567 2340 4643 λείτω
2359 4582 2478 4619 σοι.
2495 4568 2602 4619 Καὶ
2620 4566 2779 4621 πάλιν
2796 4582 2810 4595 ·
2840 4569 3040 4621 Ἔστω
3067 4582 3165 4621 σοι
3189 4572 3353 4637 μόνῳ
3379 4568 3752 4637 ὑπάρχοντα,

2167 4648 2265 4701 καί
2305 4647 2519 4716 μηδείς
2551 4649 2869 4715 ἀλλότριος
2919 4650 3267 4718 μετασχέτω
3320 4651 3442 4707 σοί.
3490 4651 3553 4705 Ἠ
3587 4649 3750 4720 πηγή

2166 4745 2284 4784 σου
2316 4722 2423 4784 τοῦ
2451 4730 2668 4795 ὕδατός
2699 4745 2801 4784 σοι
2825 4730 2982 4784 ἔστω
3012 4732 3197 4799 μόνῳ.
3228 4733 3399 4786 Τοῦτο
3421 4734 3530 4804 7&9
3554 4773 3569 4795 ,
3592 4732 3657 4787 ἂν
3689 4733 3753 4785 τὸ

2167 4812 2417 4881 κείμενον
2445 4812 2676 4883 νοήσῃς,
2707 4813 2801 4865 καὶ
2834 4813 2907 4884 μὴ
2936 4812 3112 4885 φύγῃς
3142 4817 3239 4884 μὲν
3263 4815 3325 4869 :0
3349 4816 3519 4886 ῥῆμα,
3547 4813 3754 4886 διώκῃς

2167 4894 2225 4948 δὲ
2253 4894 2315 4949 :0
2342 4895 2523 4965 νόημα
2545 4936 2560 4958 ,
2598 4895 2693 4947 καὶ
2720 4895 2921 4965 πολλῆς
2942 4897 3334 4968 ἀπανθρωπίας
3361 4899 3500 4964 ἐστὶ,
3524 4899 3586 4952 :0
3616 4899 3752 4969 μηδὲ

2170 4978 2359 5042 ὕδατός
2383 4996 2489 5031 τινι
2525 4978 2877 5047 μεταδοῦναι·
2909 4980 3024 5033 ἀλλ’
3060 4980 3294 5035 ἐνταῦθα
3324 4981 3454 5053 περὶ
3491 4980 3753 5050 γυναικὸς

2168 5062 2197 5114 δ
2238 5059 2423 5127 λόγος,
2474 5060 2615 5113 ὥστε
2648 5061 2819 5130 αὐτῆς
2847 5062 3141 5117 ἀπολαύειν
3184 5064 3325 5133 μετά
3372 5064 3748 5136 σωφροσύνης,

2168 5144 2349 5213 πηγὴν
2379 5142 2557 5196 καλῶν
2589 5143 2783 5212 αὐτὴν,
2806 5145 2899 5197 καὶ
2929 5144 3149 5214 ἔλαφον,
3176 5145 3267 5199 διά
3288 5146 3348 5199 :0
3376 5146 3619 5218 καθαρὸν
3647 5148 3752 5218 τῆς

2167 5226 2260 5280 τοῦ
2283 5225 2463 5296 γάμου
2496 5226 2799 5289 συνουσίας.
2824 5228 2934 5281 Καὶ
2959 5227 3193 5281 ἐνταῦθα
3226 5228 3325 5299 μὲν
3349 5229 3522 5294 οὕτως
3547 5248 3560 5261 ·
3588 5230 3753 5286 ἀλλα-

2233 5365 2255 5393 ε
2283 5361 2398 5424 Ἐμ.
2423 5373 2552 5420 man
2579 5360 2843 5423 legendum
2869 5362 2998 5411 haud
3017 5360 3165 5410 dubie
3189 5361 3335 5425 ιμμα,
3360 5367 3416 5411 ιιι
3433 5362 3484 5410 in
3510 5361 3752 5425 Hexaplis

2168 5432 2367 5495 nostris.
2414 5433 2602 5481 Savil.:
2637 5431 2955 5495 ιΔιωλύγιον·
2996 5430 3147 5495 ἠχοῦν
3196 5433 3273 5481 ἐπὶ
3327 5432 3469 5493 πολὺ,
3509 5434 3630 5495 μέγα
3667 5438 3750 5483 καὶ

2169 5494 2373 5558 σφοδρὸν
2396 5494 2745 5558 διατεταμένον.
2771 5492 2985 5558 Hesych.
3005 5492 3093 5558 Cui
3131 5492 3472 5558 εεεειιίίοοιυι·
3493 5492 3642 5558 {inim
3664 5498 3749 5545 alii

2167 5553 2488 5616 gfauimatici.
2511 5553 2849 5618 Etjmolpgus,
2873 5555 3206 5618 διωλύγιον,τὸ
3220 5554 3753 5618 διόλωνίόνλιιιειιρεει

2170 5614 2334 5676 aliter,
2374 5614 2827 5664 secutus’nimirilm
2854 5614 3262 5678 signiﬁéalionem
3297 5616 3437 5665 verbi
3470 5614 3698 5678 δλολύζω.
3722 5637 3748 5661 ι.

2170 5679 2251 5726 Sic
2274 5690 2421 5738 porro
2458 5679 2608 5725 vertit
2646 5676 3216 5737 interpres'llervotus:
3262 5679 3318 5726 :0
3352 5676 3602 5738 διωλύγιον
3652 5680 3751 5727 τῶν

2169 5741 2349 5796 κακῶν,
2370 5738 2612 5801 malorum
2635 5749 2907 5798 mwrorcm,
2928 5753 3039 5801 qum
3055 5751 3174 5788 sane
3195 5752 3395 5789 sensum
3416 5739 3750 5801 Chrysoslomi

2172 5814 2264 5848 non
2294 5800 2513 5868 perfgclc
2540 5801 2841 5868 exprimunt:
2883 5798 3001 5868 ﬁa‘m
3025 5803 3239 5863 explica:
3277 5801 3371 5851 illc
3392 5798 3603 5868 quidsit
3625 5800 3747 5868 illud

2165 5874 2274 5909 run:
2313 5862 2491 5925 sonilu!
2541 5869 2595 5909 ul
2639 5863 2747 5925 lucc
2778 5862 2979 5925 plurius
3022 5862 3147 5925 est;
3193 5876 3353 5925 quam
3396 5866 3543 5921 longe
3588 5866 3751 5925 apliua

2169 5929 2346 5985 yg-(las.
2389 5921 2623 5971 ululatum
2668 5920 2726 5971 ob
2773 5920 2990 5975 immissa
3052 5920 3394 5975 malafl‘aulo
3445 5920 3555 5985 [νόει
3604 5920 3747 5983 (arma

2165 5982 2419 6033 Hebraicis
2440 5985 2617 6033 litteris
2638 5988 2709 6033 cst
2737 5994 2865 6043 πων.
