4068 6430
282 387 384 444 {‘25

281 503 412 574 facie
439 511 546 554 tua.
589 497 687 554 Hic
711 508 924 568 quoque
948 500 1030 546 est
1057 503 1173 545 mos
1199 487 1449 552 amantis,
1494 492 1750 554 perpetuo
1796 480 1876 536 di-

279 571 407 647 cere
434 589 714 652 beneﬁcia,
763 595 819 639 et
857 585 909 637 in
937 583 1002 636 iis
1046 579 1148 634 sibi
1197 577 1444 648 placere:
1479 575 1583 628 hoc
1624 575 1766 628 enim
1814 571 1882 626 ab

279 699 467 738 amore
495 677 872 753 proficiscitur,
906 683 962 729 et
987 674 1161 741 ipsum
1191 683 1379 724 rursus
1419 681 1658 720 amorem
1686 678 1880 718 accen—

281 779 380 832 dit.
411 776 527 831 Non
559 771 825 829 aberrarit
851 776 1028 822 autem
1057 764 1340 835 quispiam,
1373 761 1417 815 si
1440 758 1773 813 dixeritemn
1797 756 1883 809 hic

282 872 444 925 etiam
475 868 656 922 dicere
686 863 950 925 inimicos,
973 857 1063 928 qui
1093 865 1273 910 mente
1299 852 1473 907 solum
1498 849 1879 919 percipiuntur.

282 961 416 1014 Nam
434 959 470 1012 ii
487 970 698 1026 quoque
717 958 1049 1011 avertuntur,
1072 944 1286 1017 quando
1305 954 1622 1013 generosam
1649 938 1882 991 animant

285 1048 608 1105 invenerint.
639 1039 1099 1111 Quemadmodum
1147 1037 1290 1091 enim
1335 1033 1488 1086 hasta
1517 1037 1642 1101 quae
1681 1029 1734 1081 in
1773 1033 1884 1096 ciy-

286 1139 671 1212 peumineidit,
702 1137 748 1191 si
769 1134 947 1189 mollis
975 1131 1188 1202 quidem
1212 1128 1301 1190 sit,
1329 1141 1451 1180 eum
1473 1121 1757 1186 exscindit,
1787 1121 1886 1174 du-

284 1211 347 1288 ro
371 1242 551 1287 autem
582 1240 636 1284 et
661 1224 974 1297 repugnanti
1013 1220 1147 1276 nihil
1171 1218 1315 1283 facit,
1348 1214 1444 1271 sed
1489 1212 1687 1267 reﬂexa
1727 1211 1844 1265 arie
1865 1253 1880 1275 ,

285 1339 422 1380 vana
447 1331 504 1380 et
533 1321 734 1377 inutilis
753 1317 952 1374 excidit
982 1333 996 1368 :
1027 1315 1097 1369 ita
1124 1314 1284 1368 etiam
1326 1298 1574 1363 usuvenit
1604 1307 1654 1358 io
1683 1305 1882 1358 anima.

286 1416 347 1472 Si
372 1415 588 1471 mollem
620 1411 763 1466 enim
793 1419 848 1464 et
871 1407 1155 1462 delicatam
1185 1399 1608 1456 invenerinttela
1629 1395 1888 1464 qu’acmit-

287 1513 473 1561 tuntur
497 1519 527 1556 a
548 1502 780 1562 diabolo.
809 1500 860 1552 in
884 1494 1202 1566 profundunt
1227 1490 1526 1562 pervadunt
1556 1506 1570 1540 :
1601 1488 1683 1540 sin
1708 1493 1887 1539 autem

287 1597 478 1652 durant
507 1604 562 1648 et
589 1590 932 1660 validiorem,
959 1595 1012 1641 et
1042 1586 1156 1654 ipse
1181 1583 1293 1638 abit
1323 1596 1380 1634 re
1403 1579 1619 1640 infecta,
1653 1577 1776 1630 etei
1811 1578 1884 1626 ni~

290 1690 364 1744 hil
391 1686 516 1741 mali
547 1685 689 1747 facit,
717 1683 951 1750 duoque,
1004 1680 1111 1731 into
1137 1691 1263 1730 vero
1293 1674 1391 1727 tria
1416 1687 1485 1726 ex
1514 1685 1578 1724 eo
1607 1669 1889 1737 capiuntur

288 1778 570 1835 commoda
613 1794 627 1830 :
672 1790 795 1828 nam
824 1776 993 1842 ipsam
1022 1767 1153 1823 nihil
1194 1767 1337 1820 laedit
1356 1805 1372 1830 ,
1403 1763 1497 1817 sed
1525 1763 1701 1816 reddit
1727 1771 1887 1814 etiam

290 1874 590 1934 fortiorem,
618 1879 674 1923 et
711 1868 826 1936 ipse
849 1880 918 1920 ex
941 1878 1008 1918 eo
1036 1859 1348 1915 imbecillior
1373 1855 1573 1911 evadit.
1601 1851 1891 1908 Coosidera

291 1975 472 2020 autem
489 1956 760 2032 quomodo
781 1955 873 2010 Dei
896 1954 1144 2006 virtutem
1166 1948 1435 2018 praedicat.
1463 1945 1889 2011 Ittﬁt‘tttabttttlttr,

293 2056 485 2125 inquit,
512 2063 557 2106 et
575 2049 804 2120 peribunt
821 2063 852 2097 a
873 2045 1003 2115 facie
1019 2052 1122 2094 tua.
1145 2041 1345 2094 ltursus
1359 2052 1480 2091 cum
1499 2033 1652 2088 anilis
1667 2032 1854 2085 facient
1873 2071 1888 2096 ,

295 2123 426 2202 nihil
445 2143 734 2213 suSpieeris
747 2151 1083 2210 corporeum.
1105 2134 1200 2187 llic
1213 2133 1354 2186 enim
1374 2129 1740 2198 Operationem
1755 2123 1892 2192 ejus,

294 2239 606 2301 adventum,
637 2241 691 2288 et
713 2232 829 2302 ejus
851 2228 1041 2283 .virium
1086 2224 1390 2279 facilitatem
1421 2218 1685 2290 signiﬁcat
1716 2233 1730 2270 :
1759 2217 1898 2270 sicut

296 2331 422 2384 alibi
447 2328 620 2383 dicit:
655 2324 754 2390 Qui
796 2321 994 2390 respicit
1034 2327 1264 2371 terram:
1291 2326 1337 2367 et
1368 2314 1490 2385 facit
1536 2328 1646 2364 eam
1689 2319 1899 2363 tremere

301 2419 484 2491 (Psal.
503 2417 622 2472 l05.
649 2415 731 2485 2),
759 2415 832 2468 ita
859 2414 943 2465 hic
983 2410 1142 2464 etiam
1171 2407 1310 2460 idem
1337 2404 1483 2459 dicit.
1520 2401 1730 2457 Sufficit
1753 2401 1897 2454 enim

303 2513 458 2566 solus
485 2509 703 2562 obtutus
751 2503 818 2558 ad
843 2499 1148 2573 perdendos
1168 2496 1459 2566 improbos.
1487 2493 1544 2548 Si
1589 2493 1729 2547 enim
1771 2506 1898 2545 san-

299 2613 512 2657 ctorttnt
553 2596 833 2668 praesentia
883 2592 1008 2646 facit
1046 2589 1188 2644 vires
1231 2589 1532 2640 daemonum
1579 2583 1900 2647 imbecillas,

303 2698 472 2752 multo
501 2693 669 2764 magis
699 2689 812 2744 Dei.
842 2687 902 2743 Si
927 2688 1043 2755 ejus
1073 2683 1245 2753 fulgur
1273 2692 1535 2750 apparens
1572 2683 1760 2732 omnes
1791 2684 1900 2729 ter-

303 2805 427 2846 rore
447 2787 633 2850 aﬂicit,
659 2780 938 2838 considera
965 2777 1106 2831 illam
1131 2773 1421 2845 potentiam
1443 2770 1510 2824 ab
1533 2769 1748 2822 interitu
1770 2768 1900 2821 alie~

305 2896 468 2945 naut,
512 2874 779 2948 quomodo
827 2879 1030 2933 terret,
1080 2864 1348 2936 quomodo
1393 2862 1569 2931 perdit
1609 2857 1901 2927 improbos.

311 2974 502 3031 Vidisti
531 2984 699 3041 genus
744 2961 1114 3035 hymnorum?
1159 2958 1335 3012 vidisti
1381 2954 1596 3009 modum
1637 2952 1905 3022 gloriﬁca-

309 3067 491 3132 tionis,
514 3073 568 3118 et
599 3059 869 3131 quomodo
899 3056 1015 3126 ejus
1055 3059 1236 3106 narrat
1280 3047 1603 3119 potentiam?
1637 3044 1752 3099 Non
1782 3058 1908 3111 par-

308 3174 436 3214 vum
467 3165 646 3210 autem
695 3153 819 3204 hinc
847 3150 1003 3203 docet
1042 3145 1234 3212 dogma
1279 3137 1650 3211 philosophice,
1679 3150 1801 3188 eum
1829 3134 1909 3187 di-

309 3254 408 3316 xit,
439 3248 672 3304 Psallam
692 3242 884 3298 nomini
910 3251 1018 3303 tuo,
1049 3236 1322 3290 Altissime.
1352 3232 1480 3287 Cum
1505 3243 1772 3283 conversus
1800 3222 1912 3298 fue-

309 3347 377 3398 rit
402 3340 637 3396 inimicus
655 3352 795 3389 meus
814 3344 1110 3386 retrorsum.
1141 3325 1294 3394 Quod
1323 3339 1452 3378 vero
1487 3323 1587 3374 hoc
1613 3319 1732 3374 est?
1756 3317 1910 3386 Quod

314 3451 421 3491 non
461 3431 638 3487 solum
665 3429 720 3482 in
746 3422 1142 3486 afﬂictionibus,
1171 3417 1265 3472 sed
1290 3416 1452 3471 etiam
1479 3414 1530 3466 in
1563 3414 1722 3466 rebus
1764 3422 1912 3462 trau-

312 3523 494 3595 quillis
519 3535 580 3576 se
605 3517 878 3571 moderate
918 3510 1103 3583 gessit.
1133 3507 1280 3562 Multi
1318 3507 1460 3559 enim
1488 3502 1643 3556 malts
1681 3499 1914 3553 humiles

314 3590 513 3680 etfeeti,
543 3609 838 3666 redduntur
883 3603 1132 3659 meliores
1165 3617 1178 3654 :
1211 3599 1366 3654 bonis
1408 3605 1608 3660 autem,
1636 3590 1915 3648 socordio-

326 3722 413 3761 res
437 3715 491 3760 et
507 3702 808 3773 ignaviores
831 3715 845 3750 :
867 3696 1009 3767 quod
1039 3691 1252 3764 quidem
1284 3688 1418 3742 ialra
1438 3688 1565 3741 dicit
1586 3687 1652 3740 de
1671 3683 1870 3739 Judicis
1897 3698 1911 3736 ;

325 3771 548 3865 Quando
573 3791 830 3845 occidebat
864 3789 1023 3855 ipsos,
1053 3793 1169 3836 tunc
1210 3777 1496 3850 quatiebant
1542 3778 1709 3847 ipsum
1739 3771 1912 3853 (Psal.

323 3893 411 3946 TI.
432 3891 546 3959 54).
564 3886 668 3942 Sed
691 3899 800 3939 non
820 3890 904 3936 est
925 3880 1011 3933 hic
1026 3875 1324 3948 ejusmodi;
1350 3874 1455 3925 imo
1481 3871 1641 3924 etiam
1668 3869 1720 3921 itt
1753 3868 1915 3920 rebus

321 3982 569 4040 secundis
616 3979 921 4033 moderatus
958 3983 1074 4036 est,
1102 3981 1158 4024 et
1185 3968 1430 4037 vigilans.
1476 3963 1590 4018 Non
1631 3972 1713 4016 est
1738 3969 1917 4015 autem

325 4078 426 4132 hoc
453 4088 637 4146 parum
665 4071 732 4125 ad
760 4066 1170 4140 philosOphiatn.
1196 4063 1247 4118 ὅ.
1283 4060 1533 4128 Quoniam
1582 4055 1742 4129 fecisti
1768 4053 1919 4124 judi-

323 4173 457 4223 cium
498 4182 679 4230 meum,
709 4175 754 4218 et
783 4176 989 4216 causam
1019 4174 1202 4211 nteam.
1231 4157 1402 4220 Alius,
1424 4150 1678 4204 Judicasti
1723 4165 1815 4218 pro
1843 4163 1923 4200 me

325 4263 423 4336 (a).
451 4261 643 4318 Sedisti
672 4275 822 4328 super
849 4256 1086 4308 thronum
1111 4250 1196 4320 qui
1214 4233 1420 4318 judicas
1448 4243 1711 4308 iustitium.
1741 4245 1804 4294 0..
1827 4237 1922 4292 In-

324 4330 542 4424 crepusti
569 4363 758 4422 gentes,
784 4357 831 4402 et
849 4346 994 4417 periit
1019 4344 1228 4406 impius.
1259 4340 1406 4393 Alius
1439 4355 1450 4390 :
1479 4333 1774 4389 Perdidisti.
1807 4330 1921 4384 No-

330 4422 441 4501 men
467 4447 576 4514 ejus
602 4441 778 4494 deicsti
800 4440 852 4491 in
873 4447 1138 4500 aeternum,
1160 4442 1206 4485 et
1232 4433 1284 4484 in
1308 4429 1549 4484 steculum
1575 4424 1770 4479 sweuli.
1792 4422 1926 4476 Vide

329 4555 514 4594 rursus
556 4536 653 4589 viri
687 4529 1099 4603 philosophiam,
1127 4522 1397 4594 quomodo
1427 4535 1534 4573 non
1563 4518 1678 4587 ipse
1708 4517 1926 4570 ulcisci-

330 4644 417 4685 tur
435 4628 697 4690 inimicos,
722 4623 816 4677 sed
843 4621 954 4675 Deo
967 4617 1208 4674 concedit
1233 4614 1516 4684 judicium,
1535 4623 1757 4664 servans
1791 4623 1927 4676 pra:-

330 4733 540 4792 ccptunt
581 4717 959 4789 apostolicum,
989 4708 1109 4764 Non
1157 4724 1239 4760 vos
1270 4707 1405 4776 ipsos
1435 4703 1723 4756 ulciscentes
1745 4700 1925 4769 (Rom.

338 4790 421 4870 lli.
460 4811 694 4882 l9).l\'on
725 4810 829 4862 hoc
853 4813 1032 4859 autem
1060 4801 1232 4856 solum
1261 4797 1442 4851 videre
1484 4808 1798 4863 possumus;
1831 4790 1930 4844 sed

334 4907 478 4979 quod
507 4907 622 4958 hinc
645 4904 803 4957 etiam
844 4899 1040 4969 injuste
1089 4908 1273 4964 passus
1293 4893 1381 4946 sit.
1408 4888 1517 4942 Nisi
1544 4886 1688 4941 enim
1732 4885 1933 4953 injuste

336 5011 481 5058 esset
510 5013 720 5069 passus,
753 5011 816 5048 ea
850 4994 988 5046 Deus
1029 5006 1132 5043 non
1157 4993 1303 5042 esset
1353 4984 1515 5037 ultus.
1545 4979 1737 5035 Sedisti
1783 4994 1935 5046 super

338 5098 574 5151 thronum
597 5093 681 5161 qui
698 5087 906 5160 judicas
934 5084 1206 5152 iustitiam.
1231 5078 1478 5134 llutnano
1503 5088 1652 5128 more
1679 5073 1934 5141 quuitur,

339 5193 525 5246 dicens
550 5187 800 5241 thronum
830 5193 883 5236 et
911 5176 1242 5234 cathedram.
1276 5170 1406 5226 Illud
1429 5181 1630 5233 autem,
1665 5165 1763 5229 Qui
1792 5164 1937 5234 judi-

342 5300 427 5336 cus
447 5279 718 5352 justitiam,
746 5273 799 5327 id
832 5271 958 5326 dicit
982 5266 1123 5339 quod
1159 5273 1242 5320 est
1272 5264 1380 5318 Deo
1409 5272 1744 5322 consuetum,
1777 5267 1830 5310 et
1859 5264 1940 5308 est

345 5348 462 5444 ejus
506 5367 819 5425 substantia:
866 5362 1209 5432 prmeipnum.
1242 5357 1300 5410 In
1324 5353 1632 5409 hominibus
1664 5348 1804 5403 enim
1834 5363 1938 5400 non

347 5439 472 5522 licet
492 5464 596 5516 hoc
615 5462 812 5515 dicere.
839 5455 952 5510 Non
972 5452 1214 5523 judicant
1233 5447 1377 5502 enim
1396 5444 1676 5516 justitiam,
1697 5443 1796 5495 etsi
1822 5439 1941 5492 mil-

350 5561 446 5614 iies
460 5555 590 5627 justi
608 5553 734 5616 sint,
766 5559 822 5602 ut
847 5548 935 5618 qui
966 5539 1250 5614 aliquando
1273 5546 1490 5610 propter
1525 5533 1817 5598 inscitiam,
1839 5533 1940 5585 ali-

415 5756 487 5807 ttt)
517 5753 630 5807 Hau:
666 5743 837 5798 lectio,
876 5734 1126 5787 .Itttlicttsti
1171 5748 1262 5796 pt‘o
1285 5748 1364 5807 _t_ttc
1402 5728 1781 5807 '(jbjttspsailx‘aau‘e
1815 5726 1953 5790 μου),

753 5791 972 5865 sequens
1016 5791 1224 5859 autem,
1276 5791 1556 5846 Perdidisti
1614 5791 1954 5855 (ἀπώλεσας),

355 5872 652 5936 Sj’ttttttachi.

1465 371 1823 430 EXPOSITIO
1863 370 1927 425 IN
1969 367 2289 424 PSALMUM
2330 368 2419 423 IX.

3492 378 3592 434 1⁸26

1989 480 2202 550 quando
2230 491 2448 551 propter
2468 481 2790 547 socordiam,
2812 482 2954 554 quod
2982 482 3181 552 justunt
3201 496 3286 541 est
3307 485 3553 556 ignorent
3574 507 3587 542 :

1990 573 2131 628 Deus
2153 589 2279 627 vero
2300 575 2387 642 qui
2409 575 2477 628 ab
2501 575 2583 629 his
2601 575 2851 630 omnibus
2878 577 3012 632 liber
3031 588 3138 640 est.
3159 589 3215 633 et
3230 581 3406 634 sciens
3421 592 3476 637 et
3497 598 3592 636 vo.

1988 664 2105 718 lens
2129 663 2327 732 justam
2360 665 2462 718 fert
2486 668 2831 721 sententiam.
2859 666 2992 722 Illud
3031 684 3179 740 ergo,
3213 669 3404 724 Sedistt
3439 691 3593 743 super

1990 757 2250 821 thronum,
2275 757 2835 827 judieasti,signilicat,
2869 770 3224 830 persequutus
3245 776 3326 826 es,
3351 763 3492 817 ultus
3510 779 3592 818 es.

1991 843 2275 914 lncrepasti
2317 855 2508 915 gentes,
2535 858 2581 900 et
2611 848 2759 916 periit
2788 849 2994 918 impius.
3022 848 3182 906 Vides
3203 851 3474 918 quomodo
3499 868 3592 906 ar-

1991 936 2091 989 mis
2111 935 2218 990 Deo
2241 950 2345 990 non
2368 950 2502 1005 opus
2521 946 2623 1000 est,
2645 953 2748 992 non
2769 939 2968 1008 gladio,
2990 955 3095 1000 non
3117 955 3266 1006 areu,
3293 957 3401 994 non
3428 944 3590 1011 sagit-

1993 1023 2082 1087 tis,
2097 1025 2192 1079 sed
2224 1025 2309 1078 illa
2336 1025 2570 1080 humano
2602 1043 2751 1084 tnore
2765 1028 2907 1082 dicta
2925 1037 3083 1082 sunt:
3107 1030 3217 1084 Deo
3238 1031 3380 1085 enim
3399 1033 3597 1087 suflicit

1993 1117 2270 1185 increpare
2292 1128 2345 1171 et
2367 1118 2596 1187 perdere
2627 1133 2720 1175 eos
2735 1121 2824 1190 qtti
2848 1121 3101 1188 puniendi
3141 1133 3287 1177 sunt.
3315 1124 3383 1181 Ut
3415 1136 3594 1181 autent

1991 1208 2106 1277 ejus
2131 1209 2424 1278 potentiam
2457 1200 2742 1279 inti-libras,
2778 1214 2898 1268 :zudi
2926 1215 3088 1270 etiam
3111 1230 3231 1284 qua:
3273 1231 3591 1288 sequuntur.

1994 1296 2199 1350 Nomen
2225 1313 2398 1352 eorum
2419 1299 2600 1352 delesti
2615 1301 2665 1352 in
2684 1310 2950 1367 teternum,
2978 1313 3024 1355 et
3054 1304 3106 1357 in
3123 1311 3368 1359 stecutum
3391 1309 3590 1363 surculi.

1996 1387 2270 1442 Badicitus
2313 1391 2615 1457 perdidisti,
2655 1393 2989 1458 convulsisti,
3018 1395 3088 1448 ita
3116 1396 3384 1463 delevisti,
3416 1412 3471 1454 ut
3499 1415 3596 1454 eo-

1996 1496 2111 1533 rum
2158 1483 2321 1535 etiam
2371 1486 2588 1553 perierit
2625 1489 2906 1542 memoria.
2953 1489 3006 1542 7.
3054 1488 3260 1544 Inimici
3308 1492 3599 1564 defecerunt

1995 1573 2202 1638 framea:
2218 1573 2269 1625 in
2287 1575 2459 1641 ﬁnem.
2476 1575 2646 1642 Alius,
2676 1577 2878 1633 Ruintv.
2903 1578 3163 1636 llebmus
3179 1593 3380 1647 autem,
3405 1586 3597 1638 Arbath

1997 1661 2096 1751 (a).
2131 1662 2195 1715 Et
2231 1665 2454 1720 civitates
2477 1667 2792 1722 destruxisti.
2835 1670 2974 1736 Quid
3009 1671 3110 1727 hoc
3137 1674 3259 1728 est?
3299 1675 3592 1740 Macltinis,

1998 1754 2188 1823 inquit,
2216 1765 2273 1810 et
2313 1759 2555 1812 consiliis
2600 1763 2954 1830 causmoptis,
2995 1780 3118 1817 eum
3149 1763 3401 1834 propriis
3435 1772 3600 1823 armis

1997 1845 2305 1901 destituisti.
2332 1849 2475 1904 Talis
2501 1860 2584 1904 est
2611 1852 2753 1906 enim
2779 1853 2854 1907 ira
2884 1855 3011 1909 Deis
3037 1845 3212 1909 omnia
3232 1857 3375 1912 delet
3395 1869 3451 1912 et
3478 1875 3600 1927 per-

1998 1939 2095 1992 dit.
2133 1938 2223 1993 Vel
2250 1945 2389 2009 quod
2420 1943 2558 1998 alius
2587 1945 2746 2022 docet
2791 1946 3084 2014 interpres,
3116 1948 3322 2013 dicens,
3351 1948 3600 2015 Deserta;

1999 2029 2053 2083 id
2084 2041 2186 2097 est,
2213 2032 2330 2086 Non
2363 2034 2533 2088 solum
2560 2053 2746 2090 eorum
2778 2037 3048 2105 civitates,
3074 2040 3170 2094 sed
3200 2042 3360 2095 etiam
3387 2041 3601 2098 deserta

1999 2123 2266 2202 delevisti,
2297 2136 2353 2180 et
2394 2128 2554 2182 urbes
2597 2130 2828 2185 diruisti.
2865 2131 2940 2186 Ita
2986 2133 3130 2205 enim
3175 2134 3354 2203 justus
3403 2135 3601 2189 bellum

2000 2218 2255 2286 gerebat,
2306 2219 2376 2272 ita
2428 2222 2765 2277 adversarios
2823 2225 3240 2294 prosteruebat,
3293 2241 3401 2280 non
3451 2235 3607 2282 utens

2002 2310 2166 2363 armis
2196 2322 2250 2366 et
2279 2312 2463 2378 hastis,
2509 2313 2604 2368 sed
2655 2315 2746 2369 Dei
2792 2317 3017 2371 auxilio.
3070 2317 3364 2388 Pr0ptereu
3390 2321 3439 2375 ei
3469 2334 3606 2390 quo-

2004 2415 2110 2468 que
2155 2402 2350 2455 beflum
2381 2411 2465 2456 cst
2513 2406 2826 2471 praclarum
2852 2419 2902 2460 et
2932 2406 3161 2478 insigne,
3190 2417 3245 2462 et
3274 2409 3324 2462 vi
3355 2419 3502 2479 parta
3526 2419 3614 2466 est

2005 2496 2248 2550 victoria.
2291 2496 2445 2550 Periit
2476 2515 2650 2551 eorum
2681 2492 3058 2554 memoriaeam
3081 2503 3268 2555 sonitu.
3293 2503 3609 2570 Alius,Cnm

2005 2589 2152 2652 ipsis.
2205 2588 2463 2642 llebrzeus
2507 2601 2706 2654 autem,
2738 2590 2857 2644 Em.
2906 2591 3044 2658 Quid
3088 2602 3191 2656 est,
3234 2592 3362 2650 Cum
3405 2596 3615 2648 sonitu?

2012 2677 2108 2733 Vel
2151 2678 2279 2732 dicit
2332 2679 2774 2742 internecionem,
2815 2683 2902 2736 vel
2947 2683 3203 2737 ululatum
3252 2684 3324 2738 ob
3372 2686 3612 2740 immissa

2009 2770 2169 2831 mala.
2218 2770 2329 2825 Hoc
2367 2782 2450 2825 est
2497 2776 2658 2826 etiam
2691 2774 2782 2827 Dei
2827 2775 3196 2843 providentize,
3227 2776 3370 2844 quod
3400 2793 3505 2834 non
3537 2780 3616 2830 t'a-

2011 2862 2116 2917 ciat
2143 2862 2246 2917 hoc
2297 2864 2541 2924 latenter.
2572 2871 2636 2917 ut’
2656 2865 2882 2919 aliorum
2931 2867 3328 2920 calamitatibus
3353 2867 3442 2920 alii
3488 2868 3614 2922 red-

2012 2950 2206 3005 dantur
2233 2953 2506 3010 meliores.
2544 2954 2817 3025 Signiﬁcat
2843 2970 2972 3024 ergo
2999 2954 3341 3010 manifestum
3367 2958 3615 3012 exitium.

2085 3046 2139 3100 4.
2181 3043 2249 3098 Et
2286 3044 2536 3102 Dominus
2579 3049 2632 3101 in
2664 3059 2908 3102 aeternum
2937 3059 3199 3118 permanet
3225 3050 3298 3119 (υ.
3330 3050 3409 3120 8).
3439 3051 3615 3116 Alius,

2017 3137 2244 3192 Sedebit.
2288 3137 2491 3194 Sedere
2544 3140 2688 3193 enim
2745 3154 2890 3209 sa-pe
2937 3141 3156 3209 ponitur
3198 3155 3292 3209 pro
3337 3142 3515 3196 stabili
3564 3151 3618 3197 et

2019 3241 2370 3300 permanente
2400 3233 2738 3298 substantia;
2773 3242 2828 3287 ut
2870 3233 3106 3287 declarat
3142 3234 3306 3288 etiam
3333 3234 3620 3302 Jeremias,

2016 3324 2204 3379 dicens
2237 3342 2250 3378 :
2293 3323 2376 3378 Tu
2415 3326 2557 3380 sedes
2584 3327 2638 3378 in
2669 3327 2915 3379 swculum
2939 3325 3172 3400 (Barnclt
3226 3327 3282 3380 5.
3317 3328 3397 3397 3).
3428 3328 3493 3382 Ει
3521 3328 3624 3383 Ile-

2019 3417 2198 3470 bra-us
2222 3417 2306 3471 hic
2334 3415 2505 3472 Jeseb.
2537 3417 2806 3486 Propheta
2831 3419 2933 3472 hoc
2953 3419 3083 3472 dicit
3111 3419 3327 3474 assidue
3358 3421 3408 3473 in
3442 3420 3622 3480 homi-

2019 3528 2146 3567 num
2197 3513 2434 3577 interitu,
2469 3512 2759 3566 ostendens
2786 3512 3184 3566 interminatam
3210 3512 3329 3582 ejus
3357 3527 3477 3567 esse
3498 3514 3626 3568 sub-

2023 3605 2295 3670 stantiam,
2325 3613 2380 3660 et
2408 3603 2684 3657 hominum
2710 3601 2925 3673 quidem
2953 3618 3122 3673 genus
3140 3617 3264 3658 esse
3287 3603 3548 3656 eaducum
3572 3610 3628 3658 et

2022 3705 2458 3750 momentaneum
2483 3713 2495 3746 :
2518 3694 2656 3748 illius
2678 3703 2858 3748 autem
2884 3693 3180 3747 substantia
3203 3701 3257 3748 et
3279 3692 3625 3762 magnificen-

2027 3789 2094 3841 tia
2124 3787 2284 3842 linem
2310 3801 2601 3856 numquam
2631 3786 2843 3854 accipit.
2870 3785 2983 3841 Hoc
3007 3794 3187 3839 autem
3219 3784 3348 3838 facit
3373 3784 3624 3838 timorem

2023 3883 2309 3945 incutiens,
2336 3891 2394 3935 ut
2415 3881 2622 3935 duabus
2644 3880 2710 3934 de
2721 3880 2898 3934 causis
2921 3894 3048 3934 eum
3073 3879 3318 3942 timeant,
3334 3890 3388 3935 et
3407 3886 3632 3949 propter

2027 3972 2446 4044 magnitudinem
2491 3971 2714 4042 glorim,
2747 3980 2804 4025 et
2848 3980 3069 4040 prapter
3100 3970 3359 4025 vilitatem
3400 3972 3632 4039 propriae

2026 4063 2360 4127 substantiae,
2391 4071 2448 4118 et
2477 4070 2532 4116 ut
2560 4077 2776 4131 seraper
2806 4069 3136 4126 manentem,
3165 4069 3324 4130 atque
3347 4069 3406 4114 ut
3433 4062 3635 4114 tniranc

2027 4156 2156 4211 dum
2201 4157 2253 4210 in
2289 4155 2506 4209 modum
2555 4156 2885 4224 punientem.
2937 4152 3090 4220 Quod
3143 4154 3188 4207 si
3225 4152 3425 4223 aliquid
3468 4153 3634 4208 etiam

2029 4259 2240 4322 oportet
2262 4249 2444 4304 dicere
2458 4248 2773 4319 anagogice,
2799 4247 2852 4302 id
2873 4262 2980 4301 non
3008 4255 3091 4302 est
3119 4246 3495 4300 recusandum.
3518 4247 3644 4302 Alia

2033 4345 2176 4399 enim
2205 4358 2495 4414 possumus
2516 4343 2677 4396 etiam
2703 4341 3059 4410 contemplari
3090 4358 3104 4395 :
3137 4340 3240 4394 alia
3270 4356 3400 4396 vero
3428 4342 3498 4395 ita
3513 4349 3644 4396 sunt

2033 4439 2208 4492 solum
2239 4435 2586 4506 intelligenda
2647 4436 2786 4490 sicut
2808 4435 2954 4490 dicta
2993 4443 3115 4489 sunt
3143 4448 3158 4498 ;
3188 4431 3642 4503 quemadmodum

2036 4529 2164 4585 illud
2208 4548 2222 4585 :
2261 4528 2402 4584 Fecit
2446 4529 2588 4584 Deus
2619 4531 2803 4583 malum
2849 4540 2898 4583 et
2928 4539 3113 4585 terram
3146 4525 3300 4599 (Gen.
3333 4527 3385 4581 Ι.
3423 4524 3499 4597 1);
3539 4526 3643 4579 alia

2035 4637 2167 4677 vero
2200 4621 2356 4676 aliter
2383 4637 2543 4691 quam
2589 4621 2823 4674 habeant
2870 4618 3170 4683 dictiones,
3224 4616 3374 4672 verbi
3427 4615 3642 4686 gratia:

2037 4716 2196 4770 Cerva
2219 4715 2488 4780 ’amicitite,
2523 4724 2570 4768 et
2610 4714 2855 4768 [tinnulas
2897 4713 3182 4784 gratiarum
3214 4721 3439 4775 tuarum,
3481 4719 3646 4763 tecum

2039 4808 2219 4863 habeat
2262 4807 2675 4861 consuetudinem
2720 4803 2902 4877 (Prov.
2926 4805 2983 4859 5.
3015 4804 3126 4869 i9).
3158 4803 3225 4857 Et
3263 4816 3496 4856 rursus:
3531 4799 3651 4856 Sint

2041 4902 2129 4954 tibi
2170 4899 2267 4953 soli
2301 4916 2413 4969 qua:
2457 4901 2608 4952 babes
2630 4940 2644 4964 ,
2674 4907 2720 4952 et
2765 4914 2912 4950 nemo
2941 4897 3139 4950 alienus
3171 4896 3237 4950 sit
3280 4895 3369 4948 tibi
3401 4895 3653 4964 particeps

2042 4994 2207 5064 (Ibid.
2239 5010 2286 5046 υ.
2322 4993 2430 5064 l7).
2467 4993 2532 5046 Et
2559 5008 2785 5047 rursus:
2819 4991 2963 5044 Fons
2986 5006 3130 5060 aqua:
3154 4991 3217 5044 sit
3248 4989 3337 5043 tibi
3365 4988 3462 5042 soli
3487 4986 3650 5057 (Ibid.

2042 5107 2088 5142 υ.
2127 5090 2240 5156 18).
2268 5087 2380 5141 Hoc
2409 5087 2574 5147 enim,
2596 5085 2643 5139 si
2671 5083 2991 5153 respexeris.
3017 5081 3069 5136 id
3097 5080 3240 5152 quod
3267 5082 3526 5150 scriptum
3547 5090 3653 5147 est,

2046 5196 2147 5236 nec
2174 5194 2204 5233 a
2251 5177 2429 5232 verbis
2473 5176 2716 5231 declines
2737 5217 2750 5242 ,
2796 5186 2853 5228 ut
2883 5188 3103 5228 sensum
3135 5172 3479 5241 persequaris
3507 5213 3522 5238 ,
3552 5172 3659 5226 erit

2049 5279 2202 5332 valde
2231 5277 2605 5339 inhumanum,
2649 5282 2706 5326 ιιι
2731 5287 2800 5326 ne
2839 5284 3033 5341 aquam
3074 5267 3292 5338 quidem
3322 5267 3415 5320 ulli
3456 5267 3656 5336 imper-

2050 5374 2148 5426 tias
2177 5389 2189 5425 :
2219 5369 2312 5425 sed
2339 5370 2426 5424 hic
2443 5367 2663 5438 quidem
2687 5365 2924 5435 loquitur
2949 5362 3019 5418 de
3045 5377 3237 5428 uxore,
3263 5370 3397 5414 utea
3421 5359 3661 5413 fruamur

2049 5483 2174 5522 cum
2220 5464 2595 5533 temperantia,
2647 5459 2849 5514 fontem
2899 5470 3097 5512 vocans
3145 5469 3288 5520 eam,
3321 5464 3375 5508 et
3420 5465 3660 5518 cervam,

2054 5568 2272 5630 propter
2294 5556 2578 5627 puritatem
2607 5567 2932 5622 congressus
2960 5547 3281 5618 conjugalis.
3316 5545 3384 5601 Et
3408 5543 3497 5599 hic
3530 5543 3658 5614 qui-

2055 5654 2175 5707 dem
2204 5652 2308 5705 hoc
2335 5648 2496 5703 modo
2520 5664 2534 5699 :
2565 5644 2758 5699 alicubi
2785 5656 2916 5698 vero
2941 5650 2996 5697 et
3010 5637 3438 5710 quod‘scriptum
3461 5642 3547 5690 est
3573 5648 3662 5688 ac-

2138 5833 2214 5904 i“)
2251 5837 2439 5894 ΠὩἾἸᾏ
2473 5838 2675 5890 desrt'ttt.
2702 5835 2816 5883 ιιωκ
2841 5831 3035 5880 Arabia.
