4068 6458
440 381 542 436 £27

438 492 739 562 cipienduut
773 498 876 555 est,
922 498 975 546 et
1014 487 1155 559 quod
1185 502 1248 541 ex
1272 500 1338 542 eo
1358 484 1725 555 significatur;
1760 490 1815 535 ut
1836 489 1917 534 est
1946 480 2008 536 il.

443 583 571 638 Iud:
607 580 752 636 Sicut
791 589 1070 639 cernentem
1112 575 1348 631 exaltari!
1396 574 1564 627 Moses
1593 571 1769 639 (Jban.
1812 570 1867 624 5.
1903 568 2013 630 li).

443 673 776 731 Credendnni
805 680 890 728 est
907 671 1082 734 enim,
1112 668 1216 724 hoc
1245 669 1438 722 factum
1464 679 1583 719 esse
1609 663 1684 734 (ut
1713 676 1895 716 revera
1935 659 2016 714 la-

444 775 588 819 rium
617 776 693 820 est
702 765 720 835 l
749 765 1011 832 simulque
1037 761 1180 832 quod
1223 775 1290 814 co
1335 759 1681 829 signiﬁcatur,
1716 755 1768 808 in
1798 753 2014 823 figuram

439 857 659 911 Christi.
688 857 759 910 Ita
790 856 875 911 hic
899 857 1058 910 etiam
1089 868 1197 908 non
1218 853 1478 907 aberrarit
1506 849 1792 918 quispiam,
1821 845 1871 911 si
1898 859 2017 915 qua!

441 950 579 1003 dicta
621 957 766 1014 sunt,
802 947 1067 1015 acceperit
1102 945 1172 1000 de
1209 945 1274 998 iis
1307 957 1428 1012 quae
1463 941 1662 996 .ludznis
1699 941 2016 999 euincunt,

445 1038 560 1092 haec
601 1053 792 1105 nempe
821 1054 834 1087 :
863 1026 1054 1092 Sedisti
1076 1036 1226 1102 super
1255 1032 1493 1085 thronum
1520 1030 1606 1099 qui
1626 1021 1830 1101 judico}
1864 1024 2022 1096 justi-

446 1128 588 1180 tiam.
626 1127 909 1197 luci-epuli
935 1136 1142 1197 gentes;
1175 1133 1224 1178 et
1253 1124 1402 1192 periit
1427 1122 1612 1192 impius
1643 1139 1661 1185 ;
1693 1135 1875 1173 nomen
1908 1117 2022 1189 ejus

445 1218 620 1272 delein
645 1219 696 1271 in
720 1217 997 1281 sarculum,
1023 1225 1070 1268 et
1096 1217 1146 1268 in
1175 1213 1419 1268 sarculum
1440 1211 1632 1266 statuti.
1657 1209 1858 1262 Inimici
1885 1207 2024 1278 defe-

447 1319 620 1364 cerunt
658 1309 866 1378 [ramete
907 1309 961 1361 in
989 1306 1173 1374 ﬁnem,
1208 1313 1254 1359 et
1283 1304 1506 1358 civitates
1539 1317 1710 1355 eorum
1736 1297 2027 1353 detraxisti.

450 1399 606 1453 Periit
649 1397 892 1451 memoria
935 1413 1110 1451 eorum
1148 1411 1264 1449 cum
1316 1394 1503 1451 sonitu.
1551 1389 1837 1444 Calatnitas
1879 1387 2021 1441 enim

444 1505 630 1544 eorum
658 1489 744 1558 qui
786 1487 1055 1541 Christum
1079 1484 1461 1539 cruciﬁxe'ruut
1479 1522 1494 1545 ,
1522 1491 1604 1536 est
1628 1481 1875 1536 omnibus
1907 1493 2023 1562 ma-

445 1577 632 1632 nifesta
662 1594 677 1642 ;
728 1585 784 1632 et
827 1577 1068 1631 civitates
1111 1590 1296 1630 eorum
1321 1583 1445 1627 sunt
1473 1572 1664 1626 dirutae
1697 1611 1714 1637 ,
1745 1580 1797 1625 et
1827 1568 2024 1624 diaboli

450 1670 708 1725 machina:
751 1667 1062 1723 deiecerunt
1086 1707 1100 1728 ,
1130 1679 1249 1720 cum
1279 1665 1475 1721 Christi
1500 1677 1626 1718 cura
1653 1677 1715 1716 ac
1744 1660 2026 1732 providen-

450 1763 521 1817 tia
545 1763 722 1816 onnnia
739 1760 1051 1830 susceperit.
1069 1757 1174 1814 Sed
1198 1757 1310 1811 bare
1339 1755 1703 1826 relinquentes
1729 1750 2026 1821 adaptanda

447 1853 722 1917 studiosis,
770 1867 831 1906 ea
879 1867 998 1918 qua:
1039 1859 1163 1904 sunt
1213 1848 1482 1918 proposita
1524 1857 1922 1915 persequamur.
1967 1839 2023 1894 8.

451 1944 660 1999 Paravit
701 1946 752 1996 in
775 1943 980 2014 judicio.
1002 1926 1239 1997 thronum
1273 1957 1438 1993 suum.
1473 1938 1640 2001 Alius,
1665 1934 1918 1991 Stabiiivit
1959 1932 2028 1986 ad

441 2015 711 2105 judicium.
748 2033 801 2086 9.
833 2029 900 2084 Et
928 2032 1036 2101 ipse
1056 2030 1307 2100 jndicabit
1333 2031 1500 2081 orbem
1529 2037 1678 2081 terra:
1711 2027 1764 2079 in
1808 2025 2025 2091 ius'itia,

441 2125 691 2198 judicabit
722 2122 936 2192 papulas
963 2123 1014 2174 in
1043 2122 1293 2190 aequitate.
1328 2118 1516 2173 Vidisti
1543 2116 1810 2188 quomodo
1840 2115 2023 2185 paula-

453 2217 546 2270 tim
575 2215 766 2269 attollit
804 2212 1142 2268 oralionem?
1182 2210 1442 2279 Quoniam
1469 2210 1608 2263 enim
1639 2208 1812 2262 throni
1836 2206 2026 2260 memi-

451 2307 551 2373 nit,
598 2305 830 2360 ostendit
866 2303 1040 2358 throni
1090 2311 1352 2366 naturam,
1383 2316 1484 2354 non
1525 2316 1591 2354 cx
1617 2299 1790 2368 lignis.
1820 2313 1917 2353 nec
1961 2311 2028 2352 ex

451 2397 622 2465 aliqua
649 2394 867 2449 materia
891 2395 1260 2462 compositam,
1284 2391 1377 2445 sed
1406 2407 1471 2446 ex
1495 2391 1717 2460 justitia.
1747 2389 1800 2442 In
1821 2388 2027 2458 justitia

451 2487 616 2549 enim,
647 2485 837 2554 inquit,
882 2484 1173 2537 collocatus
1196 2492 1296 2536 est.
1324 2481 1584 2534 Jndicaln't
1609 2479 1775 2532 orbem
1806 2488 1951 2532 teme
1976 2478 2029 2530 in

449 2577 662 2646 iustitia.
706 2578 773 2632 Et
811 2577 1108 2645 praesentia,
1137 2585 1189 2629 et
1214 2591 1331 2644 quae
1371 2575 1542 2629 futura
1588 2585 1731 2638 sunt,
1767 2571 2026 2641 prmdicit.

457 2667 719 2724 Generalc
740 2667 880 2722 enim
903 2667 1157 2737 judicium
1190 2667 1294 2721 illic
1323 2677 1404 2721 est
1432 2673 1760 2720 reservatum
1799 2680 1812 2715 :
1845 2664 2028 2732 singu-

448 2757 563 2813 lare
590 2767 767 2814 autem
793 2757 949 2812 etiam
979 2757 1100 2822 hic;
1131 2758 1292 2811 multa
1315 2757 1510 2825 quippe
1530 2756 1688 2808 etiam
1719 2769 1860 2807 nunc
1879 2752 2023 2821 facit,

452 2864 520 2904 ne
546 2849 720 2903 stolidi
745 2848 1115 2903 existimarent
1137 2862 1199 2900 ea
1219 2863 1337 2916 qua:
1364 2854 1488 2900 sunt
1510 2861 1614 2899 non
1645 2844 1755 2914 regi
1782 2845 1875 2899 Dei
1901 2858 2028 2912 pro-

446 2939 700 2994 videntia.
734 2937 882 3007 Quod
914 2939 956 2990 si
991 2952 1094 2990 non
1127 2936 1213 2992 hic
1255 2950 1442 2991 omnes
1483 2949 1712 2990 coronas
1737 2933 2026 3002 accipiunt,

450 3046 519 3084 nc
545 3030 775 3084 mireris.
819 3027 1030 3080 Paravit
1054 3028 1186 3080 enim
1217 3027 1350 3079 diem
1374 3068 1390 3093 ,
1416 3027 1466 3078 in
1492 3042 1589 3097 quo
1610 3035 1682 3080 est
1703 3026 2027 3096 judicaturus

451 3121 620 3174 orbem
656 3130 801 3174 terra:
831 3117 965 3189 (Act.
999 3115 1226 3188 17.51);
1273 3117 1322 3170 in
1374 3116 1658 3185 prmsentia
1701 3125 1876 3170 autem
1921 3121 2045 3170 sta-'

447 3213 592 3268 dium
617 3252 630 3275 ,
663 3213 852 3280 luctas,
881 3218 934 3264 et
956 3204 1265 3264 certamina.
1296 3209 1584 3277 Proliterca
1614 3224 1721 3263 non
1765 3209 2029 3278 rccipiunt

449 3303 537 3356 hic
564 3317 748 3356 omnes
793 3315 891 3369 pro
936 3299 1163 3365 meritis,
1212 3298 1305 3353 sed
1331 3298 1417 3362 iis,
1449 3301 1536 3366 qui
1565 3313 1623 3353 sc
1665 3309 1809 3353 recte
1839 3307 2030 3367 gerunt

452 3391 591 3445 dona
619 3399 743 3444 sunt
764 3389 870 3444 illic
900 3389 1131 3457 repOsita
1154 3429 1169 3452 ,
1204 3387 1363 3454 etiis,
1398 3389 1483 3458 qui
1511 3402 1686 3452 secus,
1720 3389 1978 3456 supplicia
2010 3405 2025 3442 :

453 3481 540 3536 hic
586 3491 762 3535 autem
808 3489 890 3533 est
923 3479 1132 3544 lenitas,
1174 3488 1228 3534 et
1257 3479 1529 3548 patientia,
1560 3489 1616 3533 ut
1645 3494 1739 3548 per
1767 3478 2030 3548 paeniten-

452 3574 579 3628 tiam
608 3571 974 3641 abstergamus
1000 3580 1210 3640 peccata
1245 3587 1257 3623 :
1287 3569 1380 3624 sed
1426 3570 1530 3624 illic
1573 3585 1676 3624 non
1708 3571 1800 3623 ita.
1847 3569 2028 3624 llomi-

450 3663 568 3717 cida
598 3663 738 3717 enim
760 3704 774 3726 ,
806 3661 1057 3730 quamdiu
1097 3671 1178 3716 est
1210 3661 1262 3715 in
1298 3663 1402 3724 via,
1437 3669 1615 3732 potest
1639 3662 1852 3725 mutari.
1881 3672 1935 3716 et
1962 3663 2029 3716 li-

449 3753 626 3808 berari
652 3751 947 3823 supplicio:
986 3752 1080 3807 sed
1103 3762 1379 3822 postquam
1406 3751 1668 3808 deductus
1691 3761 1773 3808 est
1796 3752 1860 3808 ad
1891 3754 2031 3808 acci-

446 3844 696 3915 piendam
723 3843 918 3915 judicia
952 3844 1291 3909 sententiam,
1319 3853 1486 3901 restat
1505 3846 1758 3918 deinceps
1777 3848 1942 3913 ensis,
1975 3858 2032 3905 et

451 3939 606 3992 lictor
630 3979 646 4002 ,
676 3946 732 3992 et
773 3936 1105 3992 barathrum.
1130 3935 1205 3991 Ita
1233 3938 1394 3993 etiam
1423 3938 1525 3992 Inc.
1555 3938 1818 4006 Quamdiu
1863 3938 2029 3995 fueri-

451 4042 572 4082 mus
595 4025 809 4097 quidem
854 4027 908 4080 in
946 4026 1053 4082 vita
1096 4026 1367 4096 presenti,
1407 4042 1692 4097 possumus
1717 4030 1883 4084 vitare
1905 4045 2032 4102 sup-

450 4116 688 4188 plicium,
730 4117 774 4171 si
814 4125 1079 4172 mutemur
1107 4134 1122 4173 :
1151 4127 1430 4188 postquam
1455 4127 1633 4174 autem
1666 4118 1792 4175 illuc
1820 4121 2029 4178 disces-

449 4209 698 4276 serimus,
717 4207 907 4263 frustra
920 4208 1328 4280 lacrymabimur
1347 4227 1360 4264 :
1383 4208 1590 4263 Paravit
1609 4211 1751 4265 enim
1769 4211 1821 4272 in
1831 4213 2032 4282 judicio

457 4299 695 4353 thronum
730 4315 898 4353 suum.
944 4298 1002 4354 Si
1047 4299 1166 4369 quis
1206 4308 1383 4355 autem
1423 4301 1582 4355 etiam
1614 4302 1763 4369 illud,
1799 4301 2028 4370 Paravit,

454 4390 719 4459 acceperit
763 4398 820 4443 ut
857 4388 1059 4444 dictum
1096 4396 1200 4456 est,
1235 4407 1340 4445 non
1370 4392 1652 4462 peccabit:
1682 4394 1860 4448 omnia
1885 4395 2028 4450 enim

452 4491 575 4537 sunt
621 4490 825 4551 parata,
862 4488 918 4536 et
963 4481 1240 4551 supplicia,
1286 4495 1342 4538 et
1377 4498 1610 4546 coronae.
1648 4492 1701 4539 et
1745 4487 2029 4540 sententia.

450 4571 566 4627 Non
609 4582 691 4627 est
732 4573 1019 4636 cunctatio,
1066 4587 1166 4628 nec
1204 4583 1434 4644 tempus,
1483 4591 1584 4630 nec
1627 4557 1846 4632 tarditas
1890 4580 2031 4650 apud

454 4663 618 4719 Deum
647 4680 662 4717 :
688 4663 1113 4733 quandoquidem
1138 4666 1227 4735 qui
1249 4666 1430 4721 vivunt
1455 4683 1560 4722 non
1585 4669 1918 4738 prmveuieut
1939 4687 2034 4728 eos

452 4754 541 4824 qui
578 4753 929 4818 dormierunt,
976 4757 1424 4825 quemadmodum
1477 4759 1604 4814 dicit
1634 4757 1830 4817 Paulus
1869 4779 1885 4817 :
1919 4762 2032 4820 Nos

451 4845 540 4917 qui
558 4846 794 4910 vivimus,
844 4846 931 4916 qui
965 4847 1146 4917 reliqui
1177 4864 1350 4904 sumus
1397 4851 1451 4904 in
1487 4852 1756 4906 adventum
1797 4852 2029 4924 Domini,

462 4953 563 4990 non
589 4938 947 5006 prtereniemus
967 4953 1052 4992 eos
1074 4939 1161 5007 qui
1180 4938 1508 4995 dormierunt.
1531 4940 1791 4998 Judicaln’t
1816 4947 2032 5016 populos

451 5028 506 5081 in
530 5029 761 5096 equitate
797 5029 875 5099 (1.
910 5027 1082 5085 Thess.
1125 5030 1180 5086 4.
1225 5030 1334 5104 16).
1368 5030 1503 5086 Vide
1540 5034 1858 5104 sapientiam
1907 5054 2031 5108 pro-

456 5117 651 5187 phetae,
694 5118 964 5188 quomodo
1006 5118 1136 5175 dicit
1179 5122 1478 5190 praesentia,
1525 5126 1792 5193 quomodo
1831 5126 2028 5183 futura.

456 5211 740 5266 Praesentia
769 5229 784 5266 :
812 5211 1097 5283 Increpain
1107 5225 1295 5286 gentes,
1327 5226 1372 5270 et
1398 5219 1545 5287 periit
1571 5219 1757 5289 impius
1779 5236 1800 5283 ,°
1833 5221 2025 5293 futura,

457 5302 668 5357 Paravit
695 5304 966 5375 in‘judicio
987 5304 1221 5360 thronum
1249 5324 1415 5362 suum.
1447 5308 1513 5363 Et
1541 5311 1649 5383 ipse
1661 5313 1915 5383 judicabit
1938 5333 2028 5370 or-

458 5397 564 5449 bem
586 5403 733 5451 terra
756 5397 1040 5466 injustitia.
1061 5398 1174 5454 Hoc
1198 5411 1373 5456 autem
1397 5401 1520 5458 facit
1545 5445 1560 5470 ,
1590 5414 1647 5459 ut
1671 5407 1760 5476 qui
1790 5407 1892 5462 illis
1921 5423 2026 5464 non

453 5486 687 5541 credunt"
707 5502 775 5541 ex
810 5489 1162 5558 praesentibus
1188 5503 1496 5562 argumenta
1531 5496 1811 5568 accipiant.
1842 5497 1930 5555 10.
1960 5498 2028 5554 Et

456 5580 620 5647 factus
659 5584 732 5630 est
768 5574 1020 5633 Dominus
1052 5581 1301 5652 refugium
1335 5586 1565 5654 pauperi.
1608 5585 1781 5650 Alius,
1818 5586 2025 5656 Attrita,

451 5669 626 5734 Alius.
677 5670 950 5746 Confracta
980 5675 1014 5732 ί.
1061 5674 1233 5733 Vocat
1271 5677 1483 5735 assidue
1521 5680 1756 5751 seipsum
1800 5692 1858 5738 et
1905 5698 2028 5756 pau-

525 5795 540 5826 ¹
585 5770 691 5864 Th
727 5793 902 5858 Aquila
926 5830 942 5856 ,
990 5796 1139 5860 ἐπιτρί
1157 5811 1262 5861 mp.
1310 5798 1631 5861 Symmachus
1654 5836 1668 5859 ,
1714 5800 2033 5868 τεθλασμένῳ,

1174 372 1232 430 S.
1269 369 1548 428 JOANNIS
1583 364 2058 424 αιιιῖεοετοιιι
2096 363 2412 421 ARCIIIEP.
2452 361 2986 422 CONSTANTINOP.

3622 363 3722 424 128

2124 492 2308 546 perem
2335 486 2391 530 et
2429 477 2764 542 mendicum,
2796 478 2922 534 licet
2961 477 3161 550 regiam
3186 485 3414 533 teneret.
3448 477 3522 532 Ita
3553 478 3719 535 etiam

2123 568 2287 623 alibi:
2308 567 2417 639 Ego
2433 573 2598 622 autem
2619 569 2878 623 mendicus
2897 586 3009 623 smn
3031 578 3077 624 et
3096 566 3472 640 pauper(Psal.
3494 569 3586 627 39.
3609 569 3723 642 18).

2123 660 2338 714 Sciebat
2379 660 2521 715 enim
2549 702 2564 726 ,
2593 669 2648 716 et
2671 662 2817 723 clare
2855 662 3060 718 sciebat
3078 704 3093 727 ,
3120 663 3300 718 omnia
3327 663 3566 718 humana
3597 679 3720 719 esse

2125 749 2314 804 umbra
2339 750 2723 819 imbecilliora,
2756 762 2810 806 et
2835 751 2966 807 nihil
2998 768 3119 809 esse
3137 756 3300 811 nobis
3321 756 3520 811 virtute
3547 755 3723 826 magis

2125 843 2396 911 proprium
2426 882 2442 905 ,
2482 841 2688 913 reliqua
2725 851 2904 899 autem
2951 845 3131 899 omnia
3174 861 3296 901 esse
3336 847 3530 902 similia
3578 846 3723 900 loliis

2124 934 2458 988 extrinsecus
2507 933 2790 1002 appositis.
2839 934 2994 1002 Quod
3045 935 3190 991 enim
3239 929 3411 993 viﬁus
3449 938 3522 992 sit
3565 937 3723 991 nobis

2127 1023 2359 1093 propria,
2403 1037 2472 1077 ex
2518 1023 2621 1080 hoc
2648 1022 2853 1078 clarum
2895 1035 2997 1080 est.
3029 1023 3380 1097 Quocumque
3428 1027 3718 1084 recesseri-

2126 1129 2265 1180 mus,
2287 1129 2404 1169 eam
2429 1113 2892 1170 circumferimus:
2919 1115 3007 1170 illa
3033 1124 3213 1172 autem
3245 1132 3349 1172 non
3373 1117 3576 1174 itidem.
3608 1117 3730 1174 Hoc

2126 1215 2210 1260 est
2235 1220 2364 1276 ergo
2405 1204 2562 1260 nobis
2597 1191 3066 1278 magis'proprium
3095 1249 3110 1274 ,
3138 1207 3244 1264 alia
3264 1217 3446 1264 autem
3474 1220 3600 1265 sunt
3633 1225 3730 1264 re-

2123 1297 2374 1351 mutiora.
2399 1295 2856 1363 Quemadmodum
2885 1313 3014 1369 ergo
3041 1313 3165 1354 eum
3186 1299 3417 1354 dicimus
3439 1300 3721 1370 proprium

2129 1388 2218 1458 qni
2267 1396 2354 1443 est
2392 1389 2545 1444 nobis
2575 1389 2925 1460 propinquior
2955 1407 2970 1443 :
3011 1391 3081 1444 ita
3112 1391 3274 1446 etiam
3312 1391 3450 1447 hanc
3482 1391 3732 1462 pecuniis

2129 1479 2356 1534 dicimus
2384 1481 2552 1550 magis
2578 1482 2847 1552 propriam
2882 1521 2905 1550 ,
2929 1482 3185 1553 quoniam
3217 1485 3374 1539 nobis
3395 1496 3612 1554 semper
3640 1492 3730 1539 est

2131 1571 2496 1650 propinquior.

2200 1660 2253 1715 5.
2285 1654 2576 1715 Considera
2605 1671 2785 1716 autem
2815 1661 2949 1716 mihi
2977 1663 3094 1732 ejus
3122 1673 3339 1733 gratum
3359 1673 3419 1720 et
3443 1665 3732 1735 sapientia

2131 1749 2427 1804 studiosum
2470 1751 2729 1806 animant.
2771 1750 2906 1807 Cum
2949 1754 3091 1808 enim
3123 1754 3345 1810 haberet
3373 1762 3427 1810 et
3454 1769 3646 1825 equos,
3671 1763 3734 1810 et

2129 1850 2322 1905 castra,
2353 1850 2408 1896 et
2434 1841 2539 1896 alia
2585 1843 2864 1898 innumera
2882 1886 2896 1909 ,
2925 1843 3032 1900 illis
3057 1846 3307 1900 omnibus
3335 1846 3513 1901 missis
3537 1861 3729 1916 super-

2132 1947 2258 1986 num
2299 1934 2528 1988 accersit
2569 1934 2850 1999 auxilium,
2883 1945 2938 1989 et
2985 1951 3137 1990 suam
3166 1935 3216 1992 ei
3241 1937 3469 1991 salutem
3505 1935 3615 1992 fert
3640 1951 3737 1991 ac-

2131 2032 2360 2094 ceptam.
2400 2022 2518 2078 Non
2549 2025 2691 2080 enim
2719 2027 2853 2080 dixit
2881 2042 2895 2081 :
2940 2027 3180 2081 Fuerunt
3209 2027 3338 2082 mihi
3377 2038 3553 2082 castra
3581 2026 3732 2082 relu-

2133 2114 2274 2182 gium
2303 2128 2501 2176 meum,
2532 2129 2632 2170 nec
2663 2115 2884 2185 pecunia
2913 2158 2928 2180 ,
2961 2131 3061 2172 nec
3085 2120 3222 2171 muri
3247 2134 3264 2171 :
3296 2116 3415 2183 sed,
3443 2115 3636 2171 Factus
3654 2127 3733 2171 est

2132 2203 2383 2258 Dominus
2406 2206 2659 2276 refugam
2685 2208 2915 2275 pauperi.
2947 2207 3064 2276 Ipse
3088 2223 3174 2263 me
3199 2209 3251 2262 in
3283 2216 3398 2262 luto
3417 2207 3730 2264 collocavit:

2135 2295 2264 2350 nihil
2289 2297 2432 2350 enim
2473 2295 2705 2352 conferri
2746 2307 2925 2368 potest
2951 2314 3072 2354 cum
3116 2299 3217 2354 hoc
3243 2297 3466 2369 refugio,
3496 2300 3639 2370 quod
3671 2310 3732 2355 et

2133 2385 2201 2440 ad
2223 2384 2488 2440 facilitatis
2509 2397 2562 2442 et
2584 2388 2885 2442 securitatis
2910 2390 3168 2443 rationem
3190 2389 3398 2443 attinet.
3424 2389 3560 2444 Aliis
3579 2390 3726 2444 enim

2133 2476 2351 2548 refugiis
2396 2486 2620 2546 possunt
2661 2477 2839 2534 aﬂ'erri
2884 2480 3110 2544 insidiaa,
3170 2496 3270 2536 nec
3313 2491 3536 2551 possunt
3563 2495 3626 2536 ea
3675 2482 3733 2536 in

2134 2580 2381 2639 promptu
2428 2570 2687 2635 inveniri,
2735 2569 2830 2625 sed
2856 2578 2912 2625 et
2941 2580 3201 2640 tempore.
3237 2581 3292 2627 et
3329 2573 3447 2628 loco
3470 2583 3525 2627 et
3564 2572 3729 2626 innu-

2133 2659 2474 2714 merabilibus
2501 2670 2752 2714 arcentur
2776 2661 3194 2717 circumstantiis
3237 2679 3254 2719 :
3289 2663 3391 2718 hoc
3433 2674 3612 2719 autem
3641 2673 3727 2718 ut-

2134 2760 2256 2819 pote
2276 2751 2436 2828 quod
2484 2766 2649 2820 prope
2687 2753 2785 2818 sit,
2816 2753 3085 2819 invenies,
3113 2755 3161 2811 si
3191 2755 3242 2810 id
3280 2757 3567 2827 diligenter
3587 2772 3736 2827 qua:-

2135 2841 2311 2897 sieris.
2355 2840 2428 2896 Te
2465 2843 2607 2897 enim
2636 2843 2805 2897 adhuc
2847 2846 3078 2916 loquente
3121 2846 3290 2900 dicam
3321 2863 3340 2900 :
3368 2847 3503 2900 Ecce
3543 2848 3729 2901 adsum

2135 2931 2288 3005 (Isai.
2312 2933 2402 2988 58.
2431 2932 2511 3005 9).
2545 2933 2631 3000 Et,
2663 2933 2802 2990 Deus
2821 2937 3236 3008 apprOpinquans
3263 2953 3356 3009 ego
3377 2953 3512 3004 sum,
3539 2946 3585 2992 et
3625 2953 3729 2992 non

2132 3023 2271 3080 Deus
2291 3026 2470 3096 procul
2510 3025 2638 3098 (Jer.
2665 3026 2752 3082 25.
2781 3027 2894 3098 25).
2933 3027 3044 3083 Nec
3091 3045 3251 3084 cursu
3280 3045 3430 3101 ergo,
3461 3044 3560 3086 nec
3606 3045 3730 3100 per-

2133 3103 2467 3185 egrinatione
2496 3117 2650 3173 nobis
2676 3134 2810 3188 opus
2832 3129 2934 3187 est,
2953 3120 3048 3175 sed
3074 3122 3156 3175 vel
3184 3119 3329 3176 domi
3350 3122 3600 3178 sedentes
3627 3122 3730 3179 hoc

2136 3222 2416 3276 possumus
2445 3224 2674 3265 evocare
2699 3211 2978 3266 auxilium.
3009 3213 3081 3267 Et
3101 3214 3388 3284 aliquando
3415 3215 3629 3284 quidem
3659 3216 3729 3270 li-

2135 3297 2287 3352 berat
2317 3314 2347 3351 a
2392 3299 2639 3367 periculis
2674 3317 2686 3352 :
2716 3301 3002 3370 aliquando
3040 3313 3217 3358 autem
3256 3319 3352 3359 eos
3377 3305 3522 3375 ipsos
3547 3307 3730 3364 reddit

2135 3391 2444 3459 praeclaros,
2471 3403 2524 3447 et
2549 3393 2876 3462 potentiores
2899 3395 3252 3462 adversariis;
3281 3400 3334 3453 et
3363 3408 3649 3472 utrumque
3674 3402 3729 3456 in

2134 3488 2374 3550 tempore
2389 3484 2745 3539 convenienti.
2762 3483 2989 3552 Quando
3014 3488 3158 3542 enim
3183 3503 3242 3543 se
3270 3489 3512 3546 modeste
3531 3501 3732 3562 gerunt

2134 3575 2220 3642 qui
2249 3572 2301 3627 id
2315 3583 2681 3644 assequuntur
2703 3617 2720 3641 ,
2751 3574 2846 3631 dat
2885 3586 3190 3649 utrumque.
3233 3579 3328 3635 Sin
3367 3590 3545 3636 autem
3577 3583 3631 3637 in
3655 3597 3731 3639 eo

2135 3676 2241 3716 non
2268 3679 2326 3717 se
2357 3675 2500 3719 recte
2527 3665 2822 3734 gesserint,
2846 3667 2985 3722 intra
3010 3684 3173 3724 unum
3196 3669 3460 3737 subsistit,
3494 3687 3562 3728 ne
3586 3673 3728 3730 alto-

2135 3753 2248 3808 rius
2291 3753 2657 3811 additamenta
2709 3757 2869 3813 nimis
2905 3757 3036 3814 (iant
3070 3773 3403 3832 arrogantes.
3429 3761 3501 3818 Ut
3541 3773 3726 3820 autem

2136 3844 2276 3900 scias
2302 3845 2354 3900 id
2379 3860 2523 3914 saepe
2549 3845 2604 3900 in
2634 3861 2794 3902 causa
2819 3863 2940 3904 esse
2967 3859 3023 3904 ut
3049 3848 3102 3905 in
3129 3850 3466 3907 insolentiam
3492 3853 3730 3910 efferan-

2136 3943 2221 3990 tur
2242 3934 2511 4000 homines,
2534 3935 2796 3994 Ezechias
2819 3954 2882 3994 ea
2907 3939 2981 3997 de
3000 3955 3161 3997 causa
3183 3942 3354 3999 elatus
3381 3954 3504 4010 est;
3534 3944 3630 4001 sed
3657 3961 3730 4002 ne

2135 4025 2212 4081 sic
2253 4024 2468 4096 quidem
2513 4041 2634 4081 eum
2679 4029 3022 4098 contempsit,
3060 4030 3180 4096 sed,
3207 4034 3458 4103 quoniam
3484 4035 3728 4093 victoria:

2135 4128 2418 4170 successus
2445 4125 2677 4171 mentem
2705 4120 2822 4186 ejus
2847 4121 3116 4176 extulerat
3143 4162 3159 4186 ,
3189 4123 3411 4177 immisit
3438 4124 3726 4180 inﬁrmita-

2137 4214 2244 4261 tem
2271 4247 2284 4272 ,
2315 4222 2433 4276 quae
2463 4223 2584 4262 eum
2619 4210 2912 4280 corrigeret
2942 4209 3115 4280 (lsai.
3163 4213 3252 4269 59.
3298 4214 3334 4268 2
3355 4214 3399 4285 ).
3429 4215 3647 4288 Adjutor
3671 4217 3728 4272 in

2135 4299 2615 4369 opportunitatibus,
2645 4299 2697 4354 in
2722 4303 3063 4358 tribulatione.
3089 4304 3227 4372 Quid
3254 4314 3356 4372 est,
3382 4304 3451 4362 In
3472 4318 3724 4378 opportu-

2137 4388 2375 4443 nitatibus
2397 4388 2424 4442 .9
2469 4388 2524 4444 in
2564 4398 2804 4462 teinpore
2822 4433 2838 4459 ,
2867 4392 3071 4462 inquit,
3098 4407 3420 4465 opportuno.
3450 4398 3724 4468 Duplicem

2137 4482 2266 4538 dicit
2294 4485 2769 4553 opportunitatem,
2796 4485 2938 4555 quod
2961 4495 3017 4542 ct
3045 4486 3182 4543 ferat
3206 4488 3485 4557 auxilium,
3503 4490 3726 4561 etquod

2137 4570 2191 4626 in
2223 4580 2483 4642 tempore.
2514 4571 2984 4644 Opportunitatem
3015 4577 3158 4631 enim
3203 4577 3291 4632 hic
3319 4579 3448 4634 dicit
3486 4579 3724 4637 alﬂictio-

2136 4677 2281 4718 nem.
2320 4663 2435 4733 Qua
2487 4663 2556 4720 de
2581 4667 2687 4720 rc?
2716 4664 2868 4734 Quod
2898 4670 2967 4721 sit
2996 4677 3169 4724 mater
3195 4667 3570 4742 philosophia,
3613 4681 3669 4729 et
3691 4690 3725 4728 a

2135 4757 2307 4810 morte
2334 4755 2577 4810 liberabit
2625 4754 2892 4812 hominem
2922 4758 2966 4826 ⁸,
2994 4773 3059 4814 ac
3085 4759 3325 4815 divinum
3370 4763 3603 4819 maxime
3645 4775 3730 4820 at-

2137 4833 2312 4900 trahat
2340 4847 2614 4902 auxilium.
2642 4846 2793 4902 Tunc
2819 4849 3024 4904 sublata
3049 4861 3134 4906 est
3160 4851 3430 4920 socordia,
3462 4864 3518 4909 et
3545 4854 3730 4926 disso-

2136 4935 2299 5006 lutio;
2334 4947 2463 4992 tunc
2507 4938 2986 5008 supplicationibus
3014 4957 3268 4999 vacamus
3296 4945 3626 5017 diligentius.
3661 4949 3728 5004 Et

2136 5029 2272 5082 sicut
2301 5028 2490 5099 hycuis
2525 5039 2608 5083 est
2637 5039 2844 5100 tempus
2885 5044 3245 5101 opportunum
3283 5036 3355 5092 ad
3396 5047 3554 5094 terra:
3593 5041 3728 5111 agri-

2136 5119 2397 5174 culturam
2443 5137 2457 5175 :
2488 5120 2560 5175 ita
2593 5122 2754 5176 etiam
2785 5123 3002 5180 afﬂictio
3039 5127 3106 5181 ad
3134 5144 3317 5185 curam
3347 5132 3562 5187 aniinte.
3596 5131 3727 5204 Ejus

2136 5214 2277 5268 enim
2308 5227 2522 5284 semper
2547 5213 3002 5284 cpus'habeamns
3048 5223 3272 5290 auxilio,
3303 5224 3413 5279 etsi
3434 5225 3542 5280 sint
3569 5226 3723 5282 nobis

2136 5319 2224 5359 res
2238 5303 2522 5360 secundm:
2556 5315 2678 5362 tunc
2697 5318 2874 5364 autem
2903 5313 3136 5369 maxime
3161 5316 3422 5373 sentimus
3445 5319 3722 5384 auxilium,

2135 5398 2346 5468 quando
2363 5413 2640 5455 versamur
2665 5401 2716 5458 in
2742 5402 3144 5461 afﬂictionibus.
3170 5406 3413 5480 Adjutor.
3443 5410 3540 5467 llic
3558 5413 3723 5468 etiam

2135 5488 2334 5571 aliquid
2372 5490 2515 5546 aliud
2556 5491 2908 5563 signiﬁcavit;
2934 5511 3129 5568 nempe
3167 5499 3312 5570 quod
3342 5511 3590 5572 oporteat
3616 5518 3716 5559 nos

2132 5611 2339 5688 gprnina
2361 5616 2693 5688 interpretum
2716 5634 2780 5688 ex_
2799 5636 2899 5672 uno
2917 5621 3101 5674 Codice
3119 5622 3277 5688 Regio
3292 5627 3503 5678 mutuati
3525 5641 3717 5678 summ.

2130 5673 2257 5725 Vide
2285 5675 2334 5725 in
2362 5673 2604 5742 Hexa‘plis
2627 5682 2828 5732 nostris.

2199 5744 2217 5820 ξ
2251 5745 2387 5820 ψαμέ
2405 5752 2458 5818 ⁸ρει
2479 5759 2512 5796 a
2532 5753 2682 5820 inerte
2703 5746 2925 5820 liberabit
2946 5748 3186 5806 nomen:
3229 5755 3280 5807 in
3301 5766 3400 5808 uno
3440 5755 3578 5810 colli.
3604 5755 3726 5820 lm-

2136 5812 2231 5856 tur.
2256 5806 2346 5857 Sed
2369 5807 2447 5860 hic
2467 5811 2704 5874 Quadrati:
2727 5811 2937 5865 videtur.
