4068 6430
268 392 368 446 1‘29

260 502 497 576 operari.
527 496 626 567 Qui
648 495 791 550 enim
823 491 923 546 fert
945 489 1224 553 auxilium,
1254 485 1304 541 ei
1335 482 1438 538 fert
1465 481 1555 552 qui
1583 485 1856 548 operatur.

261 567 382 654 N-ou
407 599 618 664 oportet
642 602 768 656 ergo
783 575 982 638 otiosos
1010 595 1151 646 esse,
1185 586 1239 632 et
1263 579 1442 630 anitno
1471 573 1727 630 deiicere.
1759 567 1857 621 sed

261 697 322 742 ct
361 697 549 756 preces
584 678 778 734 all'erre
805 715 822 738 ,
851 683 904 728 et
943 673 1336 739 eleemosynas,
1366 673 1424 719 et
1460 663 1638 718 omnia
1671 676 1792 729 qua:
1829 673 1859 709 a

263 748 423 834 sui.
461 774 590 844 ipsis
633 766 812 824 offerri
842 771 1084 835 passum.
1131 760 1233 828 Qui
1265 758 1409 812 enim
1453 756 1507 809 in
1544 752 1686 844 bello
1729 748 1862 803 socii

263 881 411 936 sunt,
443 841 509 922 iis
538 861 623 934 qui
656 866 893 932 pugnant
914 870 1068 926 opem
1108 852 1305 914 ferunt,
1340 862 1445 902 non
1473 845 1538 898 iis
1565 843 1652 912 qui
1683 841 1863 895 animo

264 934 560 1021 deficiunt,
586 962 643 1009 et
684 967 744 1008 se
779 949 983 1004 dedunt
1027 945 1159 1000 otio.
1193 941 1250 998 Si
1284 941 1364 994 vis
1406 951 1533 1007 ergo
1567 934 1660 988 Dei
1703 946 1860 1021 opem

265 1050 530 1122 assequi,
583 1057 870 1121 numquam
919 1054 1037 1109 qua:
1086 1043 1174 1089 tua
1236 1040 1361 1086 sunt
1412 1025 1727 1098 prodideris.
1787 1020 1860 1074 lta

266 1145 367 1202 Job
393 1114 558 1199 latum
592 1145 676 1194 est
697 1117 951 1189 auxilium
974 1169 991 1197 ,
1021 1126 1182 1183 stanti
1220 1135 1274 1180 et
1301 1123 1505 1175 fortiter
1545 1114 1812 1172 dimicanti
1846 1130 1860 1167 :

269 1239 342 1291 ita
397 1232 560 1290 etiam
605 1225 862 1298 apostolis
893 1264 909 1290 ,
968 1218 1192 1291 pulchre
1237 1211 1620 1270 laborantibus.
1667 1207 1756 1262 ll.
1794 1203 1863 1298 ξι

266 1332 469 1396 sperent
515 1323 569 1376 in
626 1293 673 1373 te
725 1317 812 1388 qui
853 1318 1094 1367 noverunt
1137 1322 1320 1361 nomen
1359 1315 1520 1356 tuum.
1577 1299 1757 1358 Alius,
1797 1293 1863 1348 Et

267 1389 543 1488 confident.
591 1409 856 1479 Propheta
905 1405 1008 1459 hoc
1054 1401 1178 1455 facit
1223 1396 1518 1459 assidue,-a
1563 1389 1864 1461 precatione

266 1513 336 1568 ad
385 1506 809 1565 exhortationem
866 1504 1186 1554 convertens
1233 1501 1554 1545 sermonem
1596 1526 1613 1549 ,
1659 1490 1715 1535 ut
1774 1481 1862 1550 qui

267 1608 339 1662 sit
384 1598 683 1659 communis
732 1593 920 1649 doctor
970 1588 1116 1643 orbis
1169 1595 1470 1644 terrarum,
1523 1585 1578 1631 et
1624 1573 1863 1644 philoso-

267 1698 409 1767 phia:
449 1691 756 1748 thesaurum
787 1692 1090 1755 proponens
1139 1679 1192 1732 in
1238 1673 1493 1728 medium.
1525 1667 1756 1724 Pulchre
1785 1663 1866 1718 di-

269 1759 348 1846 xit
392 1806 406 1842 :
436 1785 652 1854 Sperent
688 1781 742 1833 in
771 1788 817 1832 te
853 1775 939 1846 qui
978 1778 1222 1828 noverunt
1255 1782 1439 1820 nomen
1475 1773 1639 1816 tuum.
1677 1759 1776 1827 Qui
1815 1765 1866 1812 te

269 1884 575 1939 noverunt,
616 1869 820 1941 inquit,
852 1874 907 1922 et
928 1862 1181 1918 auxilium
1209 1867 1265 1913 ct
1292 1854 1656 1911 defensionem
1684 1859 1825 1902 tuam
1846 1887 1864 1915 ,

269 1971 500 2028 validam
543 1965 740 2020 habent
781 1972 1063 2019 ancoram,
1095 1967 1246 2022 spem
1275 1962 1434 2020 quam
1466 1947 1518 2000 in
1550 1955 1601 1998 te
1627 1942 1861 2003 habent,

269 2062 502 2118 validum
531 2056 794 2113 auxilium
821 2093 836 2114 ,
867 2059 922 2105 et
977 2045 1164 2102 turrim
1213 2041 1526 2104 infractam,
1573 2050 1696 2092 eum
1722 2073 1737 2100 ,
1775 2032 1865 2102 qui

271 2149 379 2210 non
419 2149 592 2207 solmn
623 2144 905 2218 pollicetur
943 2137 1311 2194 liberationem
1355 2145 1386 2185 a
1431 2128 1623 2193 malis,
1664 2123 1760 2180 sed
1799 2139 1868 2177 ne

271 2235 857 2319 prmsentibusquidem
891 2227 1291 2306 difficultatibus
1325 2221 1622 2295 perturbari
1645 2217 1868 2288 permit-

271 2313 355 2393 iit.
379 2334 481 2403 Qui
506 2332 648 2386 enim
673 2337 757 2383 est
793 2324 1050 2380 liberatus
1075 2319 1143 2375 ab
1180 2313 1428 2372 humanis
1455 2353 1471 2379 ,
1500 2319 1555 2367 et
1578 2326 1611 2365 a
1633 2323 1866 2403 superna

268 2442 369 2496 spe
395 2401 687 2495 dependet,
722 2431 830 2472 non
859 2413 1033 2469 solum
1064 2407 1316 2496 adsciscit
1340 2404 1445 2460 sibi
1472 2401 1808 2459 celerrimam
1837 2413 1868 2452 a

272 2492 430 2573 malis
452 2492 853 2571 liberationem;
880 2504 975 2561 sed
996 2517 1065 2559 ne
1088 2502 1140 2556 in
1168 2495 1298 2570 ipsis
1319 2495 1533 2569 quidem
1550 2492 1704 2547 malls
1719 2505 1872 2546 vexa.

273 2618 362 2664 tur
388 2614 445 2662 et
482 2601 855 2674 perturbatur,
881 2605 942 2651 ut
972 2594 1060 2650 cui
1097 2591 1235 2646 ferat
1263 2601 1421 2658 opem
1445 2600 1570 2658 spes
1597 2583 1742 2638 illius
1775 2595 1873 2635 an-

270 2714 436 2757 corae.
456 2697 530 2751 ita
549 2708 677 2764 ergo
698 2702 807 2746 tres
829 2687 976 2759 pueri
1003 2700 1108 2740 non
1135 2682 1310 2738 solum
1335 2678 1542 2736 liberati
1569 2685 1696 2732 sunt
1712 2690 1743 2729 a
1764 2675 1874 2730 for-

273 2786 589 2859 nace(Dan.
612 2781 698 2856 5),
722 2781 819 2837 sed
845 2795 912 2834 ne
930 2776 1056 2832 dum
1085 2776 1139 2830 in
1181 2773 1398 2827 fornace
1423 2768 1640 2842 quidem
1684 2780 1869 2823 versa-

277 2891 491 2947 rentur,
534 2872 1007 2935 conturbabantur.
1044 2866 1249 2924 Norant
1281 2863 1425 2920 enim
1460 2861 1562 2917 sibi
1601 2859 1792 2915 adesse
1817 2874 1849 2912 a

277 2975 392 3031 Deo
412 2969 694 3027 auxilium.
718 2965 786 3022 Et
803 2963 923 3020 ideo
943 2960 1078 3016 alius
1099 2959 1229 3014 dicit
1250 2975 1265 3012 :
1290 2953 1358 3009 Et
1378 2953 1634 3024 conﬁdent
1651 2994 1667 3017 ,
1693 2948 1746 3011 id
1767 2957 1870 3016 est,

275 3064 556 3122 habebunt
569 3058 838 3115 ﬁduciam.
860 3052 1089 3124 imperio
1107 3049 1249 3105 enim
1279 3044 1423 3117 quod
1444 3045 1496 3098 in
1519 3039 1875 3114 perturbatio-

278 3171 375 3212 nes
396 3163 477 3209 est
503 3152 659 3220 longe
674 3145 844 3216 major
860 3153 943 3200 est
957 3140 1154 3205 cautio,
1174 3153 1294 3208 qua:
1309 3151 1375 3191 ex
1389 3149 1487 3203 spe
1504 3135 1556 3190 in
1578 3132 1748 3206 Deum
1768 3131 1878 3185 ori-

277 3255 384 3300 tur.
403 3242 511 3298 Illm
530 3241 673 3296 enim
693 3245 818 3292 sunt
838 3234 1105 3296 humanm,
1129 3229 1233 3284 hoc
1251 3242 1380 3282 vero
1401 3225 1639 3293 divinum
1660 3233 1716 3277 et
1735 3223 1879 3276 inex-

280 3332 587 3406 pugnabile.
611 3324 1051 3399 Quandoquidem
1073 3320 1350 3396 dixitcum
1370 3315 1538 3372 fuisse
1554 3314 1876 3384 adjutorem,

277 3402 525 3484 etfuisse
550 3421 834 3492 refugium,
860 3417 989 3473 dicit
1015 3415 1175 3470 etiam
1195 3407 1470 3482 quomodo
1484 3409 1574 3463 sit.
1597 3402 1878 3474 Quomodo

278 3530 458 3576 autem
481 3515 611 3571 est?
645 3510 871 3581 Quando
901 3510 953 3562 in
974 3521 1097 3561 eum
1126 3501 1343 3558 assidue
1375 3512 1598 3569 sperare
1627 3509 1879 3564 perseve-

281 3625 487 3668 ramus.
517 3607 671 3675 Quod
713 3606 759 3659 si
800 3616 906 3657 non
937 3598 1116 3655 statim
1165 3594 1325 3650 solvit
1365 3586 1707 3647 difficultates
1730 3628 1744 3651 ,
1777 3585 1880 3641 hoc

280 3715 496 3774 quoque
522 3701 578 3752 lit
608 3709 704 3767 pro
730 3702 818 3749 tua
846 3689 1180 3764 probatione.
1223 3681 1682 3754 Quemadmodum
1710 3679 1877 3746 enim,

280 3772 406 3850 cum
434 3800 613 3864 posset
637 3802 742 3843 non
775 3784 1102 3856 permittere,
1133 3788 1194 3834 ut
1222 3787 1274 3832 te
1298 3777 1634 3839 invaderent,
1663 3772 1882 3841 permit-

285 3887 348 3942 tit
379 3894 556 3939 tameu
592 3889 652 3936 ut
682 3890 734 3934 te
763 3877 960 3932 faciant
1005 3871 1364 3929 robustiorem
1395 3884 1408 3921 :
1441 3868 1513 3920 ita
1559 3866 1718 3918 etiam
1761 3877 1882 3916 cum

288 3985 472 4050 posset
499 3975 567 4029 ab
609 3973 759 4027 initio
788 3967 998 4023 solvere
1020 4007 1035 4031 ,
1067 3975 1251 4019 rursus
1278 3968 1559 4016 cunctatur
1584 3964 1638 4012 et
1663 3953 1840 4010 differt
1863 3993 1881 4020 ,

286 4078 436 4125 tuam
460 4076 663 4133 augens
685 4058 1039 4116 constantiam
1057 4096 1074 4121 ,
1100 4064 1155 4110 et
1184 4063 1326 4107 tuam
1356 4065 1505 4120 Spem
1527 4060 1807 4112 exercens,
1831 4058 1885 4099 et

287 4169 434 4214 tuam
461 4157 514 4210 in
545 4155 714 4223 ipsum
750 4148 1086 4205 affectionem
1111 4143 1343 4199 reddens
1384 4139 1842 4195 vehementiorem
1868 4177 1882 4200 ,

284 4260 340 4303 et
381 4260 556 4316 neque
598 4255 810 4312 semper
841 4237 1108 4309 permittit
1129 4233 1393 4304 opprimi,
1424 4246 1493 4285 ne
1535 4228 1883 4289 deficiamus;

287 4351 390 4393 nec
436 4348 652 4404 semper
698 4329 975 4402 quiescere
1018 4335 1073 4380 et
1106 4322 1378 4388 relaxari,
1429 4335 1498 4373 ne
1537 4318 1884 4372 collabamur.

291 4427 548 4496 Quoniam
575 4440 674 4478 non
701 4416 1008 4490 dereliquistl
1034 4424 1312 4487 querentes
1335 4422 1404 4477 te,
1431 4411 1669 4465 Domine.
1698 4408 1848 4463 Alius
1872 4425 1885 4461 :

290 4518 415 4574 Non
459 4518 592 4571 enim
635 4512 900 4581 reliquisti.
951 4509 1028 4563 ita
1053 4506 1214 4562 etiam
1258 4503 1389 4558 dicit
1426 4502 1562 4556 alius
1596 4518 1610 4554 :
1643 4498 1892 4567 Respicite

286 4610 524 4679 antiquas
542 4604 907 4677 generationes,
934 4611 980 4654 et
1000 4599 1161 4652 uidete
1182 4597 1293 4664 quis
1317 4593 1536 4664 speravit
1559 4592 1612 4645 in
1631 4589 1855 4644 Domino
1871 4629 1888 4653 ,

289 4713 339 4758 et
375 4700 568 4772 pudore
595 4696 804 4764 affectus
826 4703 899 4750 est
920 4693 946 4746 ?
973 4701 1061 4746 aut
1084 4690 1196 4761 quis
1223 4687 1468 4742 inuocauit
1497 4683 1774 4738 Dominum
1797 4725 1813 4750 ,
1846 4693 1893 4738 et

291 4792 560 4863 dereliquit
585 4791 604 4858 (
629 4787 791 4843 Eccfi.
817 4787 873 4841 2.
918 4786 1008 4840 Η.
1053 4781 1190 4854 l2)?
1234 4779 1303 4834 Et
1327 4776 1598 4848 quomodo
1621 4818 1636 4841 ,
1683 4775 1892 4847 inquit,

292 4883 553 4953 quaeritur
595 4880 735 4933 Deus
761 4879 848 4950 qui
879 4885 964 4932 est
989 4871 1224 4943 ubique?
1266 4869 1456 4925 Studio
1494 4877 1550 4923 et
1594 4867 1773 4922 animo
1793 4905 1809 4932 ,
1840 4875 1896 4920 et

293 4976 338 5031 si
370 4972 441 5029 ab
469 4973 535 5026 iis
564 4969 812 5026 omnibus
838 4983 958 5037 qum
981 4966 1049 5020 ad
1075 4964 1330 5019 saeculum
1363 4960 1675 5034 pertinent,
1700 4958 1898 5014 libere-

296 5081 436 5120 mur.
463 5062 625 5117 Mnlta
647 5061 790 5115 enim
812 5073 934 5112 cum
957 5065 1080 5111 ante
1098 5056 1285 5110 oculos
1305 5062 1358 5107 et
1376 5052 1428 5106 in
1449 5037 1694 5105 manibus
1708 5047 1898 5102 habea-

296 5172 418 5212 mus
444 5155 734 5217 nescimus,
782 5149 875 5204 sed
916 5148 1401 5202 circumcursamus
1429 5157 1573 5212 sazpe
1596 5148 1898 5210 quaerentes

299 5263 422 5319 qua:
448 5255 728 5307 tenemus,
755 5236 967 5311 quando
995 5251 1148 5293 mens
1182 5237 1290 5290 alio
1313 5248 1469 5290 versa
1495 5232 1682 5287 fuerit.

371 5339 426 5394 ϐ.
480 5335 794 5401 Quterendus
821 5331 962 5386 Deus
1002 5339 1048 5385 et
1085 5327 1442 5398 exquirendas.
1496 5323 1761 5377 Habitatio
1809 5320 1900 5373 Dei

297 5447 415 5505 qua:
468 5429 800 5499 intelligatur.
828 5456 899 5466 —
921 5422 1203 5493 Quomodo
1257 5434 1387 5489 ergo
1440 5418 1606 5473 Deum
1658 5429 1902 5486 qumrere

304 5502 628 5597 possumus?
649 5515 875 5587 Quando
901 5516 1025 5570 illuc
1051 5513 1287 5568 animum
1316 5508 1663 5573 intendimus,
1687 5502 1904 5575 quando

305 5617 373 5670 ab
402 5615 466 5668 iis
492 5628 611 5683 qua:
640 5610 704 5664 ad
737 5609 871 5663 hanc
905 5607 1066 5662 vitam
1092 5606 1365 5676 pertinent
1392 5601 1650 5656 fuerimus
1674 5598 1902 5653 liberati.

305 5708 407 5773 Qui
436 5707 578 5761 enim
606 5702 796 5773 quaerit
819 5744 834 5765 ,
864 5703 1040 5754 omnia
1068 5715 1131 5754 ex
1162 5698 1342 5752 animo
1372 5695 1594 5760 eiiciens
1617 5733 1631 5757 ,
1662 5691 1807 5746 venit
1831 5689 1898 5744 ad

303 5797 439 5854 illud
483 5797 622 5870 quod
653 5795 859 5867 qtta'rit.
890 5793 997 5850 Nec
1037 5800 1246 5866 oportet
1295 5789 1468 5843 solum
1512 5798 1776 5857 quaerere,
1807 5780 1901 5836 sed

1407 362 1768 424 EXPOSI‘I'IO
1807 359 1870 416 ΙΝ
1912 356 2236 416 ΡεΑωιωι
2278 357 2376 417 IX.

3471 360 3577 418 130

1973 472 2134 526 etiam
2159 473 2465 542 exquirere.
2489 468 2592 538 Qui
2616 471 2868 542 exquirit,
2891 485 2999 526 non
3021 471 3135 542 ipse
3155 471 3331 528 solum
3358 478 3572 542 qttazrit,

1972 565 2063 620 sed
2084 567 2309 619 aliorum
2331 563 2493 619 etiam
2516 577 2620 633 0pc
2641 564 2826 629 utitur,
2854 573 2911 619 ut
2931 565 3169 620 inveniat
3193 565 3332 636 quod
3355 569 3573 638 quaerit.

1972 655 2076 710 Sed
2103 656 2156 709 in
2186 656 2252 711 iis
2279 654 2498 724 quidem
2517 670 2638 724 qua:
2664 654 2732 708 ad
2760 654 2898 709 hanc
2927 656 3090 710 vitam
3123 658 3414 726 pertinent,
3444 672 3566 713 cum

1952 760 2116 816 .s'epe
2143 745 2517 814 qumsierimus
2539 785 2556 812 ,
2589 760 2697 800 non
2739 745 3040 802 invenimus
3071 764 3084 799 :
3113 748 3165 801 in
3209 747 3576 817 Spirtualibus

1970 847 2146 892 autem
2176 836 2278 893 hoc
2320 851 2424 890 non
2465 838 2588 893 licet
2613 879 2629 904 ,
2674 836 2772 892 sed
2793 838 3013 893 omnino
3040 854 3263 894 necesse
3290 853 3372 895 est
3401 850 3459 895 ut
3483 842 3574 911 qui

1970 928 2163 998 quzerit
2225 928 2481 982 inveniat.
2542 927 2599 983 Si
2649 927 2793 980 (nim
2844 927 2910 980 ad
2965 929 3308 999 quaarendum
3365 939 3575 986 tantum

1971 1018 2172 1087 egressi
2199 1017 2457 1072 fuerimus
2483 1061 2498 1082 ,
2529 1032 2634 1072 non
2665 1017 2930 1087 permittit
2964 1019 3103 1073 Deus
3131 1029 3189 1072 ut
3215 1035 3312 1074 nos
3345 1021 3570 1076 multum

1972 1123 2227 1162 vexemur
2254 1147 2266 1171 ,
2309 1121 2366 1163 et
2401 1107 2526 1165 ideo
2573 1107 2706 1162 dicit
2736 1127 2749 1160 :
2785 1106 2964 1161 Omnis
3010 1109 3095 1176 qui
3132 1111 3312 1180 qttterit
3334 1151 3351 1178 ,
3387 1112 3577 1166 inuenit

1975 1197 2198 1268 (Matth.
2230 1199 2282 1253 7.
2311 1198 2392 1267 8).
2415 1198 2502 1252 l2.
2530 1196 2751 1254 Psallite
2776 1196 2998 1251 Domino
3021 1199 3106 1268 qui
3128 1201 3320 1253 habitat
3346 1202 3397 1253 in
3422 1201 3574 1256 Sion.

1971 1289 2122 1343 Alius
2140 1331 2156 1354 ,
2189 1289 2290 1355 Qui
2317 1288 2452 1343 sedet
2471 1282 2516 1342 ‘.
2549 1289 2859 1342 Annuntiate
2884 1288 3016 1341 inter
3040 1300 3213 1360 gentes
3237 1293 3407 1343 studia
3435 1292 3570 1363 ejus.

1973 1381 2122 1435 Alius
2149 1381 2314 1442 dicit,
2359 1379 2426 1434 In
2470 1382 2672 1451 papulis
2717 1381 3115 1435 machinationes
3143 1384 3273 1453 ejus.
3320 1382 3459 1450 Quid
3489 1385 3576 1439 di-

1972 1473 2090 1526 cis?
2144 1470 2309 1540 Cujus
2353 1472 2572 1525 ett-lum'
2603 1472 2762 1526 sedes
2816 1480 2940 1538 est,
2982 1480 3038 1526 et
3095 1481 3235 1526 terra
3281 1474 3577 1530 scabellqu

1975 1565 2165 1632 pedum
2189 1563 2344 1632 (lsai.
2378 1563 2467 1617 66.
2503 1563 2582 1633 l),
2612 1564 2766 1632 cujus
2797 1564 2849 1617 in
2879 1580 3038 1618 manu
3068 1574 3193 1619 sunt
3234 1565 3368 1620 fines
3415 1577 3574 1622 terra:

1973 1653 2145 1724 (Psal.
2171 1653 2260 1708 94.
2281 1654 2360 1718 4),
2389 1653 2434 1706 is
2457 1654 2658 1707 habitat
2675 1655 2732 1714 in
2748 1654 2876 1709 Sion
2899 1655 2921 1708 ?
2947 1653 3108 1710 Certe
3141 1672 3154 1707 :
3187 1655 3574 1713 habitationem

1972 1745 2113 1798 enim
2162 1744 2248 1798 hic
2297 1743 2465 1808 dicit,
2513 1760 2619 1799 non
2678 1745 2796 1799 loco
2842 1746 3192 1801 circumcludi
3249 1748 3268 1818 (
3305 1757 3389 1803 est
3427 1750 3574 1804 enim

1973 1834 2179 1888 infinita
2203 1834 2320 1904 ejus
2349 1834 2722 1907 magnitudo),
2754 1836 2850 1890 sed
2878 1836 3204 1905 peculiarem
3235 1837 3574 1895 affectionem

1972 1925 2040 1979 ad
2071 1927 2246 1981 locum
2271 1967 2287 1992 ,
2332 1935 2385 1980 et
2425 1927 2746 1997 peculiarem
2772 1928 2828 1982 in
2872 1942 2994 1982 eum
3027 1928 3486 1998 propensionem,
3521 1942 3580 1986 ut

1973 2016 2188 2072 Judaaos
2215 2032 2310 2086 per
2333 2016 2470 2072 hanc
2497 2018 2577 2071 sui
2608 2018 2989 2072 demissioncm
3032 2018 3099 2074 ad
3147 2035 3206 2074 se
3235 2021 3532 2077 attraheret
3561 2039 3577 2079 :

1976 2118 2257 2178 prapterca
2302 2108 2443 2161 enim
2491 2117 2672 2161 nostra
2704 2124 2917 2176 quoque
2945 2106 3139 2163 damus
3184 2125 3305 2165 esse
3344 2110 3576 2179 dicitur,

1974 2198 2116 2267 quod
2171 2198 2512 2268 peculiariter
2559 2200 2610 2252 in
2654 2213 2774 2254 eam
2832 2200 3151 2254 afficiamur.
3183 2201 3302 2256 Jam
3349 2219 3479 2258 vero
3522 2205 3578 2259 in

1977 2290 2129 2344 nobis
2153 2303 2366 2359 quoque
2410 2289 2650 2343 habitare
2695 2288 2926 2354 dicitur,
2980 2305 3088 2345 non
3143 2294 3286 2363 quod
3337 2309 3368 2347 a
3424 2295 3580 2349 nobis

1977 2381 2496 2450 comprehendatur,
2527 2380 2621 2434 sed
2648 2379 2790 2450 quod
2819 2382 3036 2451 proprie
3061 2397 3126 2435 ac
3154 2383 3494 2452 peculiariter
3524 2386 3580 2440 in

1977 2485 2075 2525 nos
2103 2468 2384 2524 afficiatur.
2417 2470 2545 2525 Sion
2573 2481 2754 2524 autem
2778 2469 3019 2524 Ecclesia
3045 2471 3339 2543 anagogice
3361 2473 3578 2528 dicitur.

1976 2560 2268 2616 Acressistis
2287 2562 2420 2615 enim
2443 2561 2513 2614 ad
2541 2570 2760 2614 montem
2783 2561 2910 2615 Sion
2938 2573 2984 2614 et
3017 2560 3299 2615 Ecclesium
3326 2565 3582 2633 primoge-

1976 2653 2198 2708 nitorum
2229 2651 2426 2725 (Hebr.
2462 2652 2545 2706 l2.
2563 2652 2679 2722 22).
2707 2652 2775 2706 Et
2799 2652 2992 2708 merito
3029 2670 3184 2706 mons
3203 2662 3289 2708 est
3315 2654 3579 2720 Ecclesia,

1975 2746 2118 2819 quod
2148 2746 2221 2801 sit
2248 2747 2400 2801 firma
2424 2787 2440 2814 ,
2487 2753 2544 2802 et
2585 2746 2822 2813 stabilis,
2847 2761 2950 2800 nec
2997 2747 3167 2814 possit
3209 2748 3581 2816 conquassari.

1977 2838 2435 2907 Quemadmodum
2457 2839 2601 2892 enim
2627 2851 2784 2891 mons
2804 2853 2909 2891 non
2940 2846 3112 2906 potest
3138 2836 3443 2891 labefactari
3468 2877 3485 2902 ,
3508 2837 3583 2891 ita

1978 2944 2081 2985 nec
2109 2929 2202 2985 Dei
2230 2927 2493 2985 Ecclesia.
2540 2928 2851 2982 Annuntiate
2873 2926 3004 2981 inter
3041 2937 3212 2998 gentes
3246 2929 3420 2981 studia
3437 2931 3582 2998 ejus.

1981 3015 2107 3076 vnn
2125 3035 2217 3076 eos
2236 3034 2359 3075 esse
2378 3031 2656 3090 praecones
2676 3018 2770 3073 Dei
2790 3016 3197 3082 beneﬁciorum,
3217 3027 3273 3072 et
3293 3033 3584 3088 numquam

1980 3112 2096 3180 ejus
2123 3111 2300 3165 celare
2331 3109 2612 3165 beneficia.
2662 3108 2729 3164 Et
2759 3107 2863 3163 hoc
2901 3109 3030 3162 dicit
3081 3117 3188 3161 tam
3237 3117 3456 3177 propter
3485 3123 3583 3163 eos

1981 3201 2071 3271 qui
2091 3200 2280 3255 dicunt
2307 3241 2324 3266 ,
2375 3213 2535 3269 quam
2586 3207 2808 3268 propter
2837 3213 2934 3253 eos
2973 3199 3062 3268 qui
3093 3197 3340 3253 audiunt.
3371 3198 3505 3253 Nam
3531 3210 3590 3254 et

1984 3291 2078 3353 hi,
2111 3299 2165 3344 et
2213 3290 2286 3343 illi
2331 3289 2704 3353 lucrifaciunt,
2746 3287 2794 3343 si
2835 3288 3304 3344 attenderi.tt..i3.
3336 3288 3592 3354 Quoniam

1983 3381 2242 3452 requirens
2261 3381 2560 3452 sanguinem
2580 3396 2756 3433 eorum
2777 3378 3073 3433 recordatus
3101 3389 3197 3435 est.
3223 3379 3416 3442 Vidisti
3443 3394 3590 3450 qua:-

1986 3489 2108 3528 nam
2139 3473 2284 3528 dicat
2317 3487 2506 3528 eorum
2537 3471 2756 3526 studia?
2807 3471 3101 3528 Benelicia.
3146 3471 3247 3526 llic
3278 3473 3442 3527 etiam
3480 3489 3594 3526 ma-

1983 3580 2147 3636 gnum
2197 3564 2466 3635 quoddam
2514 3563 2708 3633 dogma
2757 3561 3025 3632 signiﬁcat
3071 3583 3085 3617 :
3135 3578 3243 3617 non
3296 3564 3592 3633 perpetrari

1987 3659 2150 3712 ullam
2177 3658 2416 3738 ett-dem,
2448 3655 2517 3711 de
2545 3669 2649 3725 qua
2693 3670 2869 3725 paena:
2894 3669 3002 3709 non
3030 3668 3313 3709 sumantur
3335 3697 3350 3720 ,
3392 3667 3447 3711 et
3470 3671 3592 3725 qua:

1987 3764 2094 3804 non
2118 3749 2449 3803 vindicetur:
2470 3747 2612 3818 quod
2639 3749 2803 3802 etiam
2828 3747 3006 3802 Moses
3031 3747 3269 3803 Ostendit
3295 3749 3347 3802 in
3376 3745 3591 3817 Genesi,

1987 3842 2175 3897 dicens
2204 3859 2217 3895 :
2246 3841 2565 3912 Sanguinem
2585 3848 2803 3893 uestrum
2829 3840 3084 3909 requiram
3102 3840 3120 3910 (
3141 3838 3269 3893 Gen.
3291 3838 3344 3894 9.
3367 3833 3448 3910 5).
3485 3841 3598 3896 Hoc

1990 3947 2072 3990 est
2100 3935 2352 3990 indicium
2382 3935 2601 3988 inﬁnitae
2629 3933 2746 4002 ejus
2777 3931 3150 4001 providentiaz,
3180 3932 3518 4004 ingentisque
3541 3945 3599 3990 et

1993 4028 2210 4097 prolixze
2231 4042 2394 4081 curas.
2419 4025 2474 4080 Si
2502 4033 2680 4079 autem
2711 4039 2817 4078 non
2848 4024 3028 4077 statim
3059 4024 3305 4094 requirit,
3337 4041 3406 4080 ne
3424 4027 3598 4081 mire-

1993 4120 2068 4173 ris
2099 4137 2111 4171 :
2141 4118 2235 4172 dat
2270 4119 2411 4172 enim
2452 4116 2824 4186 peccatoribus
2872 4117 3212 4170 occasionem
3245 4118 3598 4185 pcenitentiaa.

1997 4209 2117 4265 Non
2144 4220 2216 4264 est
2245 4210 2429 4263 oblitus
2456 4210 2728 4262 clamorem
2756 4223 3037 4277 pauperum
3063 4207 3240 4278 (Rom.
3278 4211 3334 4262 2.
3368 4209 3447 4279 4).
3474 4208 3603 4266 Vide

1994 4319 2181 4358 rursus
2204 4317 2324 4357 esse
2351 4304 2400 4355 in
2431 4301 2634 4355 honore
2662 4315 2945 4370 pauperes.
2971 4300 3086 4354 Non
3109 4310 3286 4355 autem
3307 4300 3437 4355 dicit
3464 4301 3602 4356 sim-

1997 4395 2208 4466 pliciter
2236 4407 2519 4462 pauperes,
2553 4391 2645 4446 sed
2680 4392 2804 4445 illos
2828 4392 2916 4461 qui
2944 4399 3072 4445 sunt
3096 4407 3362 4461 pauperes
3387 4392 3602 4462 spiritu,

1997 4489 2133 4542 sicut
2177 4487 2307 4540 dicit
2346 4485 2588 4540 Christus
2623 4483 2831 4555 (Matth.
2879 4485 2933 4539 5.
2979 4483 3060 4551 5).
3105 4484 3144 4538 li
3188 4484 3332 4537 enim
3373 4484 3608 4539 maxime

1997 4576 2354 4632 exaudiuntur
2396 4575 2522 4630 dum
2567 4582 2757 4639 orant,
2811 4574 2899 4642 qui
2944 4582 3067 4626 sunt
3111 4572 3275 4627 corde
3318 4571 3506 4627 humili
3553 4582 3611 4627 et

1999 4668 2252 4722 contrito.
2283 4666 2382 4720 llic
2415 4675 2593 4720 autem
2624 4664 2733 4718 duo
2762 4665 2940 4732 ponit,
2974 4673 3028 4716 et
3056 4665 3389 4728 orationem,
3423 4671 3478 4717 et
3503 4663 3608 4718 hu-

2001 4759 2306 4813 militatum.
2333 4757 2413 4810 Ad
2437 4773 2585 4827 quem
2611 4755 2775 4819 enim,
2809 4757 3002 4823 inquit,
3031 4755 3301 4825 respiciam
3327 4755 3425 4808 nisi
3453 4771 3612 4823 super

2003 4851 2265 4916 humilem,
2295 4861 2341 4903 et
2369 4851 2613 4920 quietum,
2644 4857 2690 4901 et
2717 4848 2973 4901 timentem
3003 4848 3152 4900 verba
3181 4865 3292 4900 mea
3324 4846 3478 4917 (lsat'.
3514 4849 3605 4903 66.

2001 4943 2099 5014 2)?
2132 4943 2338 5012 Ubique
2365 4950 2546 4996 autem
2590 4940 2850 4996 orationis
2877 4940 3178 4994 vehiculum
3212 4940 3482 4995 invenitur
3513 4941 3602 4995 hu-

2006 5038 2225 5093 militas.
2278 5036 2454 5106 Prope
2499 5037 2644 5090 enim
2687 5043 2772 5090 est
2822 5034 3082 5089 Dominus
3135 5037 3380 5090 contritis
3425 5036 3612 5090 corde.

1993 5130 2230 5201 Oportet
2255 5130 2436 5197 itaque
2456 5141 2578 5183 cum
2605 5130 2693 5196 qui
2719 5138 2834 5180 orat
2859 5127 3092 5180 maxime
3117 5127 3331 5180 liberari
3353 5141 3382 5180 a
3405 5133 3618 5181 tumore

2009 5239 2072 5279 ac
2097 5222 2257 5277 fastu.
2286 5219 2441 5288 Quod
2471 5220 2631 5274 etiam
2662 5217 2859 5272 Paulus
2889 5218 3079 5287 quarrit
3107 5258 3124 5283 ,
3171 5217 3356 5271 dicens
3380 5232 3395 5270 :
3419 5215 3619 5287 Absque

2007 5320 2088 5374 ira
2101 5325 2149 5370 et
2165 5316 2527 5386 disceptatione
2542 5314 2588 5384 (l
2604 5353 2617 5366 .
2637 5311 2773 5366 Tim.
2791 5311 2846 5365 2.
2865 5311 2943 5382 8).
2969 5310 3136 5366 Recte
3161 5310 3316 5374 dixit,
3333 5309 3620 5365 Clamorem

2010 5425 2322 5481 pauperum,
2371 5421 2569 5476 nempe
2614 5403 2808 5459 mentis
2854 5401 3228 5468 aiiectionem,
3279 5415 3388 5456 non
3437 5411 3617 5456 autem

2080 5568 2096 5599 ι
2123 5562 2637 5634 ῌφοίξηιθτρτᾳιειίο-
2655 5568 2734 5613 est
2762 5565 2976 5634 Aquilae.
3003 5567 3161 5634 Paulo
3183 5560 3394 5634 posthin
3417 5562 3622 5634 popu_l:'_s

2014 5626 2400 5690 machinationes
2421 5626 2574 5690 eius,
2625 5627 2733 5690 haec
2760 5629 3136 5690 ‘lnterpretatio
3180 5626 3622 5690 est__Symm_achi.

2016 5690 2116 5738 Sed
2143 5688 2394 5751 Agellius,
2420 5686 2650 5748 D‘rusius,
2669 5686 2954 5751 Cordcrius,
2974 5696 3028 5738 et
3046 5690 3245 5751 quidam
3269 5687 3388 5736 Mss.
3415 5686 3625 5751 habent,

2018 5779 2149 5823 ttrtcs
2189 5772 2295 5832 eius
2325 5773 2429 5835 (τὰς
2466 5773 2682 5836 μηχανὰς
2707 5772 2898 5835 αὐτοῦ).
2929 5747 3230 5823 Hebraicum
3263 5747 3622 5828 est
