4068 6454
504 387 602 454 t3!

507 478 652 565 vocis
674 501 1058 568 iritensiouem;
1084 512 1205 554 cum
1230 486 1410 552 autem
1437 492 1599 559 dicit,
1632 488 1755 546 Non
1778 498 1851 545 est
1874 488 2085 553 oblitus,

506 598 825 672 signiﬁcavit
865 609 961 652 eos
1002 590 1252 649 invocare
1296 588 1547 655 assidue,
1590 594 1647 643 et
1686 595 1862 641 tamen
1907 599 2016 640 non
2056 596 2089 637 a

506 692 768 763 principio
784 684 1015 757 assequi.
1035 682 1175 752 Quid
1194 690 1277 737 est
1298 695 1427 751 ergo
1446 678 1588 751 quod
1608 677 1769 733 dicit?
1792 674 1871 732 Ne
1891 673 2090 746 putetis

426 768 432 774 ’
510 785 675 840 Deum
698 795 818 838 esse
836 778 1082 843 oblitum,
1100 786 1154 831 et
1172 773 1295 830 ideo
1314 787 1421 827 non
1444 770 1613 826 ultum
1635 783 1757 826 esse
1775 785 1790 823 :
1807 766 1927 838 ejus
1944 764 2088 820 enim

506 884 591 930 est
614 872 910 944 proprium,
932 883 997 925 es
1021 881 1141 937 qua
1159 860 1575 934 suntejusmodi
1594 874 1857 932 quaerere,
1879 856 2089 914 etiamsi

510 980 669 1022 nemo
695 971 874 1034 roget;
900 959 1114 1031 quando
1140 965 1315 1014 autem
1343 964 1551 1024 rogant,
1574 962 1632 1010 et
1649 954 1740 1024 qui
1765 960 1951 1024 rogant
1965 958 2092 1007 sunt

508 1055 736 1111 humiles
759 1096 775 1118 ,
818 1051 989 1108 multo
1015 1050 1206 1121 magis.
1249 1049 1338 1105 ﬂ.
1378 1046 1623 1104 Miserere
1659 1046 1795 1111 nisi,
1840 1043 2088 1110 Domine,

508 1148 622 1202 side
639 1145 971 1200 humilitatem
994 1158 1156 1197 meum
1178 1141 1241 1197 de
1258 1141 1479 1196 inimicis
1496 1140 1640 1195 meis.
1660 1138 1751 1195 15.
1777 1136 1878 1206 Qui
1896 1137 2091 1193 muas

507 1253 590 1293 me
614 1237 679 1292 de
711 1236 870 1308 portis
898 1234 1069 1289 mortis
1091 1272 1108 1299 ,
1147 1240 1202 1287 ut
1247 1231 1542 1286 annuatim
1569 1243 1742 1284 omnes
1776 1226 2093 1283 laudationes

510 1339 625 1385 tuas
649 1328 703 1383 in
730 1327 886 1398 portis
912 1325 1036 1393 ﬁlim
1066 1322 1218 1381 Sion.
1260 1322 1445 1384 Alius,
1488 1318 1812 1391 [Iguinorum
1850 1317 2094 1407 decanta-

510 1419 671 1475 tiones
712 1427 846 1472 tuas.
886 1415 1058 1481 Alius,
1095 1411 1297 1468 Laudes
1338 1421 1472 1466 tuas.
1512 1409 1647 1465 Vide
1689 1412 1811 1466 eum
1836 1417 2094 1480 perpetuo

511 1499 740 1566 orationi
781 1507 1022 1564 affixum.
1050 1507 1094 1561 Α
1121 1505 1277 1560 malis
1303 1503 1445 1559 enim
1470 1494 1764 1568 libemus;
1805 1511 1862 1557 et
1899 1500 1953 1556 in
1979 1509 2095 1556 tuto

513 1600 831 1663 collucatus.
870 1612 975 1653 non
1000 1605 1180 1653 cessat
1204 1608 1389 1649 rursus
1409 1606 1566 1649 orare
1583 1632 1599 1657 ,
1620 1591 1828 1657 dicens,
1858 1588 2098 1647 maerere

518 1691 638 1753 nisi,
664 1698 719 1745 et
742 1703 932 1759 mgare
953 1702 1075 1742 eum
1103 1699 1200 1756 pro
1223 1683 1434 1740 futuris.
1459 1683 1685 1763 semper
1708 1681 1853 1738 enim
1879 1696 2097 1753 egemus

521 1778 612 1834 Dei
658 1776 1024 1849 providentia;
1071 1774 1303 1841 maxime
1341 1783 1519 1829 autem
1562 1771 1689 1828 dum
1735 1771 2027 1828 liberamur
2065 1788 2097 1827 a

520 1868 692 1926 malis.
726 1867 883 1924 Aliud
921 1868 1062 1924 enim
1109 1867 1304 1922 bellum
1347 1866 1545 1936 excipit
1590 1864 1755 1935 priori
1792 1863 2094 1933 difficilius,

440 2000 445 2007 ι
518 1948 780 2019 socordia:
804 1967 862 2014 et
888 1951 1241 2028 arrogantiae;
1278 1964 1406 2011 tunc
1429 1957 1572 2012 enim
1614 1957 1782 2026 spirat
1806 1955 2099 2013 vehemen-

521 2051 629 2108 tius
651 2050 913 2107 diabolus.
936 2047 1113 2116 Quare
1137 2047 1369 2103 maxime
1387 2044 1665 2118 postquam
1691 2046 1893 2102 liberati
1914 2060 2100 2104 sumus

520 2158 553 2198 a
576 2141 732 2198 malis
749 2182 766 2207 ,
806 2142 898 2197 illo
920 2136 1055 2213 opus
1077 2138 1334 2197 habemus
1357 2138 1557 2209 auxilio,
1572 2179 1591 2203 ,
1630 2145 1689 2194 ut
1715 2137 1869 2194 facile
1893 2154 1981 2194 res
2011 2153 2100 2195 se-

519 2234 724 2291 cundas
765 2232 1035 2290 feramus.
1070 2231 1202 2287 Nam
1247 2228 1420 2288 lodci
1464 2240 1677 2301 quoque
1715 2230 1787 2285 ab
1829 2229 2101 2302 Egyptiis

518 2322 745 2390 liberati,
772 2322 1003 2392 graviori
1029 2320 1177 2377 bello
1200 2320 1561 2387 vexabantur,
1588 2322 1891 2392 arrogantia
1920 2330 1975 2377 et
2011 2336 2101 2378 so-

518 2414 721 2472 cordia.
749 2412 902 2469 Tunc
925 2413 1103 2482 itaque
1127 2410 1357 2468 maxime
1381 2410 1764 2477 moriebantur,
1794 2418 1854 2466 ut
1879 2412 1970 2483 qui
1994 2426 2101 2467 non

519 2519 739 2580 possent
765 2517 914 2565 recte
938 2507 1135 2564 ducere
1170 2506 1485 2578 exercitum.
1524 2505 1659 2574 Quia
1680 2504 1842 2583 enim
1873 2520 1972 2563 nec
1998 2505 2098 2562 ad-

520 2613 707 2655 versus
734 2599 1019 2671 ingluviem
1038 2640 1056 2665 ,
1086 2612 1188 2654 nec
1223 2597 1481 2655 adversus
1503 2595 1697 2666 abjecti
1724 2596 1887 2651 animi
1916 2598 2101 2652 vitium

518 2689 835 2764 (a)~fortiter
874 2691 1075 2747 in'acie
1102 2697 1397 2762 steterunt,
1442 2686 1536 2744 sed
1576 2686 1950 2761 Aﬁgyptiorum
1977 2690 2103 2745 vitia

518 2791 642 2837 sunt
658 2782 915 2845 mmulati,
939 2788 1000 2835 ea
1028 2781 1150 2835 illo‘s
1175 2778 1542 2849 perdiderunt.
1566 2778 1732 2857 Dat-id
1751 2794 1961 2851 quoque
1980 2796 2101 2836 cum

516 2880 571 2926 et
594 2887 622 2925 a
649 2870 822 2928 Saulis
849 2871 1250 2927 difﬁcultatibus
1273 2911 1291 2937 ,
1321 2878 1380 2926 et
1401 2870 1470 2929 ab
1493 2870 1614 2925 aliis
1639 2872 1892 2927 omnibus
1926 2871 2101 2928 hosti-

520 2963 618 3019 bus
642 2963 830 3038 fuisset
854 2962 1146 3018 liberatus:
1170 2970 1453 3033 postquam
1491 2962 1722 3033 quietem
1750 2971 1806 3019 et
1833 2962 2109 3018 laxamen-

448 3038 451 3041 I
519 3060 632 3109 tum
682 3062 1001 3125 asscquutus
1043 3061 1166 3119 est,
1220 3046 1492 3108 difficilius
1544 3052 1735 3108 bellum
1788 3068 1976 3124 passus
2024 3063 2107 3118 est

519 3147 899 3203 incontinentis
920 3146 1245 3215 cupiditatis,
1274 3146 1417 3216 quod
1443 3160 1566 3202 eum
1584 3147 1745 3201 etiam
1769 3146 1957 3216 majori
1978 3160 2108 3216 sup-

521 3236 681 3313 plicio
705 3237 903 3293 aﬂ'eCit.
937 3236 1196 3304 Quocirca
1239 3222 1364 3313 tunc
1391 3237 1624 3292 maxime
1665 3236 1956 3293 timendum
1986 3246 2103 3303 est,

522 3328 739 3399 quando
770 3326 1023 3382 fuerimus
1052 3327 1261 3382 liberati
1288 3327 1357 3382 ab
1380 3328 1652 3382 arumnis.

596 3418 649 3470 7.
671 3415 1138 3487 Quemadmodum
1169 3417 1311 3471 enim
1338 3418 1609 3488 alligatam
1635 3418 1859 3473 bestiam
1897 3433 2003 3473 non
2036 3418 2104 3473 ita

524 3507 809 3573 timemus,
852 3514 913 3560 ut
950 3505 1198 3561 emissam
1232 3524 1246 3561 :
1284 3507 1354 3561 ita
1397 3509 1555 3561 etiam
1577 3506 1761 3561 vitium
1792 3523 1903 3564 non
1927 3515 2010 3565 est
2035 3510 2107 3563 ita

526 3597 818 3653 timendum
874 3596 929 3651 in
977 3596 1289 3661 afﬂictione;
1342 3607 1469 3653 tunc
1513 3598 1657 3653 enim
1708 3597 1978 3669 alligatum
2025 3609 2110 3655 est

522 3693 715 3745 anima:
740 3689 1076 3760 egritudine.
1102 3699 1158 3745 et
1184 3690 1301 3744 aliis
1327 3690 1553 3745 vinculis
1579 3690 1709 3746 :sed
1732 3701 1851 3760 post
1874 3692 2109 3761 quietem

526 3790 581 3835 et
606 3781 975 3836 remissionem
1004 3779 1234 3834 maxime
1263 3778 1554 3835 timendum
1584 3788 1686 3835 est.
1720 3780 1789 3835 Et
1816 3780 1939 3835 ideo
1966 3794 2111 3852 saepe

528 3869 732 3925 videbis
773 3884 1057 3940 prosperos
1094 3885 1271 3924 rerum
1317 3884 1595 3925 successus
1621 3870 1820 3939 majora
1850 3870 1988 3924 mala
2018 3887 2111 3942 pa-

526 3977 685 4024 rere,
731 3976 892 4031 quam
936 3975 1027 4016 res
1061 3961 1332 4015 adversas.
1378 3961 1454 4015 Ita
1491 3962 1649 4015 etiam
1694 3950 1952 4016 Ezechias
1995 3970 2115 4031 post

514 4042 788 4121 tropaeum
815 4058 934 4107 erat
960 4053 1247 4120 periturus.
1290 4049 1547 4119 Quocirca
1588 4051 1702 4120 ipse
1744 4064 1959 4122 quoque
1986 4051 2112 4106 alibi

524 4142 693 4199 dicit:
715 4140 916 4197 Bonum
936 4142 1078 4208 mihi,
1105 4143 1242 4212 quod
1265 4160 1341 4197 me
1362 4143 1640 4198 humiliasti
1662 4140 1832 4215 (Psal.
1852 4143 1973 4199 118.
1998 4144 2109 4215 71).

528 4235 732 4302 Quaerit
753 4245 929 4290 autem
953 4220 1374 4291 misericordiam
1402 4237 1560 4291 etiam
1584 4246 1703 4305 post
1722 4237 2112 4303 liberationem,

532 4335 590 4381 et
616 4325 772 4380 affert
796 4340 1010 4381 causam
1038 4315 1310 4395 petitionis
1336 4326 1717 4381 misericordia:
1736 4366 1751 4389 ,
1797 4328 1937 4398 quod
1979 4330 2118 4385 male

530 4417 601 4471 sit
635 4414 873 4470 affectus.
914 4414 1038 4469 Vide
1061 4417 1203 4470 enim
1234 4416 1566 4490 humilitatem
1595 4434 1759 4470 meum
1796 4418 1860 4472 de
1895 4420 2116 4473 inimicis

531 4500 675 4566 meis,
702 4508 755 4553 et
774 4498 929 4553 aliam
951 4512 1170 4553 rursus:
1192 4498 1294 4567 Qui
1320 4500 1513 4554 auitas
1543 4517 1623 4554 me
1644 4500 1707 4557 de
1726 4503 1883 4571 portis
1920 4504 2114 4557 mortis.

536 4586 618 4643 Ad
645 4602 767 4642 cum
794 4587 937 4641 enim
968 4589 1055 4655 qui
1086 4588 1390 4653 auxiliatur,
1424 4590 1634 4659 meique
1662 4605 1845 4646 curam
1875 4593 2030 4662 gerit,
2057 4608 2121 4649 ac

537 4692 752 4747 semper
774 4693 961 4732 manus
993 4678 1120 4731 mihi
1148 4678 1369 4747 praebet,
1400 4678 1668 4751 confugio.
1699 4680 1887 4736 Vidisti
1912 4698 2035 4737 eum
2068 4685 2119 4739 in

535 4768 832 4824 futurorum
857 4771 1111 4840 petitione
1132 4785 1228 4840 pro
1247 4767 1530 4840 p’rmtcritis
1548 4775 1706 4829 etiam
1720 4777 1922 4844 gratias
1942 4793 2121 4847 agere,

535 4867 591 4915 et
634 4859 826 4928 duplex
854 4860 1035 4916 dicere
1075 4862 1433 4917 beneficium?
1470 4864 1586 4919 Non
1636 4867 1777 4920 enim
1817 4867 1976 4935 dixit,
2022 4871 2121 4935 Qui

538 4951 733 5005 liberas
760 4966 846 5007 me
873 4952 939 5006 de
970 4955 1134 5020 portis
1153 4953 1360 5019 mortis,
1392 4954 1506 5019 sed,
1532 4954 1632 5020 Qui
1658 4957 1854 5011 exultas
1885 4975 1980 5012 me.
2004 4960 2120 5014 Non

540 5039 681 5094 enim
714 5042 765 5093 in
792 5056 979 5096 eorum
1021 5042 1173 5096 malis
1218 5050 1421 5096 tantum
1463 5044 1731 5099 solvendis
1771 5048 2006 5103 substitit
2032 5050 2122 5107 Dei

542 5130 851 5185 beneficium
876 5132 1000 5186 :sed
1027 5130 1150 5185 fecit
1173 5147 1265 5187 eos
1294 5134 1452 5189 etiam
1478 5136 1838 5202 admirabiles,
1867 5140 2121 5211 insignes,

541 5235 595 5281 et
616 5225 887 5280 clarior‘es.
910 5223 1024 5279 Non
1046 5225 1176 5279 dixit
1194 5237 1392 5293 autem,
1415 5228 1491 5282 Ex
1520 5239 1689 5299 porta,
1707 5231 1820 5294 sed,
1843 5231 1925 5287 Ea:
1942 5234 2121 5302 portis,

601 5424 674 5535 ((2
711 5432 759 5473 In
781 5431 961 5490 Gnaeo,
996 5436 1084 5487 ιρδς
1116 5438 1360 5489 mi...
1394 5429 1540 5471 Porro
1579 5436 1671 5472 vox
1694 5430 1871 5495 Cragon,
1895 5440 2123 5491 pum-.12.,

604 5500 635 5533 υ
689 5493 851 5534 Patres
882 5488 1243 5535 scrintoresoue
1278 5487 1633 5535 ecclesiasticos
1665 5486 1902 5535 significat
1957 5489 2123 5535 sintut-

543 5486 665 5556 apud
689 5486 866 5556 Patres"
882 5486 1245 5556 scriptoresqu
1266 5486 1642 5556 Ecclesiastioos.
1665 5486 1903 5556 significat
1957 5486 2127 5556 Sintul-

542 5544 700 5609 tatqn,
728 5544 1087 5609 contentionem,
1123 5544 1414 5609 dissidt'um;
1456 5550 1547 5609 etsi
1572 5544 1733 5607 prima
1756 5547 1888 5598 illius
1910 5552 2043 5599 vocis
2064 5552 2128 5599 si-

544 5605 784 5672 gniﬁcatio
806 5611 885 5663 sit.
911 5606 1123 5672 dejecms
1146 5614 1191 5659 et
1212 5605 1412 5671 pusillus
1433 5605 1635 5672 mimus.
1663 5610 1778 5672 \fide
1800 5624 1910 5672 quae
1932 5612 1982 5659 in
2005 5611 2129 5661 lianc

480 5707 501 5712 η
524 5682 714 5732 vocem
737 5670 949 5717 diximus
972 5671 1020 5717 in
1060 5670 1359 5719 Onomastico
1382 5672 1440 5719 ad
1465 5670 1701 5717 Athanasii
1724 5670 1895 5732 Opera.
1922 5679 2017 5721 ttoc
2040 5686 2126 5721 au-

546 5738 643 5795 tem
667 5730 1049 5795 lchutrumque
1073 5732 1279 5793 intelligi
1297 5746 1437 5793 posse
1463 5733 1668 5789 videtur,
1686 5730 2029 5795 et,'ahjeclum,
2053 5742 2124 5795 et,

546 5792 610 5841 ad
636 5789 1189 5855 rebelltmdmn'prmtmn
1212 5789 1438 5843 sutrinum.

1104 402 1115 420 -
1204 384 1261 443 s
1296 378 1577 441 JOANNIS
1609 360 2089 441 cnnvsosrout
2126 370 2449 431 AltcnlEP.
2484 367 3019 452 εοΝετΑΝηΝοῐι.

3694 365 3810 424 13⁸2

2194 482 2359 539 multa
2402 483 2639 555 pericula
2681 483 3010 555 signiﬁcans.
3044 483 3117 542 Ut
3151 484 3449 541 “nuntiem
3472 500 3651 543 omnes
3676 492 3803 543 tau-

2194 578 2424 634 dationes
2462 588 2576 633 tuas
2614 581 2669 633 in
2697 582 2875 651 portis
2898 581 3025 649 [ilic
3069 581 3220 639 Sion.
3262 582 3421 654 Quod
3463 585 3640 642 suasit
3674 588 3811 647 aliis

2195 668 2394 737 facere,
2418 670 2533 740 ipse
2550 668 2675 726 facit
2695 687 2712 727 :
2734 671 3051 744 Annuntiate
3066 674 3232 740 enim,
3255 676 3444 749 inquit,
3468 678 3604 734 inter
3624 691 3811 754 gentes

2195 759 2368 814 studia
2391 762 2520 832 ejus.
2550 759 2666 817 Hoc
2689 775 2794 832 ego
2814 777 3032 835 quoque
3057 780 3199 823 nunc
3225 766 3415 824 faciam
3434 808 3453 836 ,
3479 778 3538 826 et
3564 786 3676 827 non
3705 786 3813 828 so-

2198 850 2474 909 lummodo
2504 851 2695 909 faciam
2733 869 2843 910 uno
2876 866 3160 925 prasente,
3196 859 3282 915 vel
3327 859 3559 928 duobus,
3585 862 3675 920 vel
3705 864 3817 920 tria

2196 943 2322 1012 bus,
2362 942 2459 1000 sed
2496 944 2552 1000 in
2580 944 2764 1019 medio
2802 946 3033 1005 theatro.
3064 948 3155 1006 ιθ.
3185 949 3471 1008 Εωααιο
3496 954 3551 1009 in
3579 956 3817 1011 salutari

2198 1044 2307 1091 tuo.
2339 1035 2454 1094 Hoc
2491 1044 2577 1093 est
2620 1036 2752 1093 mihi
2777 1053 3012 1106 corona,
3042 1039 3145 1096 hoc
3186 1041 3429 1100 diadema
3448 1084 3467 1112 ,
3494 1055 3724 1118 propter
3749 1054 3817 1103 te

2199 1134 2458 1197 tropaium
2499 1128 2731 1200 erigere,
2780 1120 3005 1202 propter
3046 1140 3101 1188 te
3139 1133 3369 1191 salutem
3419 1135 3670 1208 adipisci.
3722 1138 3812 1195 Ita

2197 1216 2362 1272 etiam
2405 1231 2506 1274 nos
2544 1232 2762 1290 quoque
2798 1236 3104 1292 qureramus
3133 1238 3243 1279 non
3282 1226 3505 1281 omnino
3544 1230 3761 1285 servari
3785 1270 3811 1291 .

2198 1311 2306 1363 n‘on
2334 1310 2556 1366 omnino
2580 1326 2613 1367 a
2642 1311 2799 1368 malis
2825 1312 3043 1370 liberari
3063 1356 3079 1379 ,
3119 1315 3215 1372 sed
3256 1317 3551 1374 secundum
3598 1319 3808 1377 Deum.

2201 1394 2317 1454 Hoc
2338 1408 2516 1455 autem
2545 1399 2668 1456 dico
2706 1392 2930 1472 propter
2970 1417 3067 1459 eos
3098 1406 3189 1476 qui
3230 1405 3285 1462 in
3332 1408 3538 1467 morbis
3572 1419 3816 1467 utuntur

2200 1488 2669 1559 incantationibus,
2699 1501 2755 1548 et
2771 1493 2905 1549 alias
2921 1496 3213 1568 exquirunt
3228 1500 3528 1571 prestigias
3551 1501 3621 1559 ad
3642 1517 3811 1560 sitam

2201 1575 2481 1636 levandam
2526 1581 2920 1660 egritudinem.
2966 1578 3080 1641 Hoc
3114 1588 3258 1643 enim
3288 1602 3395 1645 non
3423 1599 3509 1647 est
3547 1594 3760 1650 servari
3784 1637 3810 1662 .

2202 1666 2299 1722 sed
2328 1669 2523 1737 perire.
2571 1670 2800 1729 Maxima
2846 1676 2991 1731 enim
3034 1678 3181 1734 salus
3217 1687 3304 1734 est
3346 1695 3443 1749 per
3480 1682 3649 1738 Deum
3676 1699 3811 1744 esse

2201 1767 2494 1820 servatum.
2539 1758 2729 1831 Isi/iam
2765 1776 2883 1820 sunt
2909 1776 3084 1837 genu
3116 1768 3173 1824 in
3209 1770 3447 1840 interitu,
3480 1789 3631 1843 quasi
3658 1776 3809 1848 fecs-

2201 1860 2341 1905 rtmt.
2385 1854 2557 1918 Alius,
2603 1854 2872 1913 lmntersc
2895 1869 3031 1915 sunt
3063 1858 3161 1935 (α).
3203 1862 3481 1923 lnteritum
3521 1869 3641 1925 sive
3678 1884 3812 1927 cor-

2203 1942 2504 2011 ruptionem
2530 1945 2661 2001 dicit
2688 1949 2874 2004 vitium
2899 1967 2913 1999 =
2938 1950 3068 2006 nihil
3100 1952 3243 2008 enim
3287 1970 3441 2026 teque
3467 1962 3806 2031 corrumpit.

2204 2043 2263 2089 ut
2280 2035 2488 2090 vitium.
2511 2035 2760 2107 improbo
2783 2042 2925 2096 enim
2950 2041 3165 2101 homine
3183 2044 3318 2102 nihil
3337 2056 3421 2104 est
3442 2048 3767 2108 imbecillius
3784 2070 3807 2119 :

2204 2128 2437 2197 propriis
2463 2131 2630 2186 armis
2656 2132 2864 2204 capitur
2891 2135 3247 2206 vinciturque,
3274 2147 3337 2195 ut
3361 2138 3564 2198 ferrum
3590 2157 3623 2199 a
3648 2144 3809 2203 rubi-

2204 2218 2351 2289 gine,
2379 2230 2435 2276 et
2458 2221 2579 2277 lana
2598 2237 2629 2277 a
2652 2223 2789 2278 tinea
2814 2242 2827 2279 :
2849 2226 2918 2280 ita
2943 2228 3102 2287 etiam
3124 2229 3402 2300 improbus
3423 2246 3455 2288 a
3478 2234 3628 2291 vitio.
3645 2235 3774 2296 Und
3792 2256 3811 2294 ξ

2206 2309 2367 2365 etiam
2395 2321 2520 2368 ante
2548 2315 2868 2384 supplicium
2889 2318 3032 2390 quod
3056 2334 3090 2376 a
3114 2320 3225 2377 Deo
3253 2322 3499 2392 infertur,
3522 2327 3698 2398 ipsum
3722 2332 3810 2385 vi-

2213 2400 2341 2493 tium
2370 2402 2440 2457 ab
2458 2417 2527 2460 eo
2550 2406 2641 2475 qui
2668 2406 2719 2462 id
2749 2406 2875 2464 facit
2891 2424 3079 2482 pinnas
3101 2413 3283 2486 exigit.
3305 2415 3440 2485 Quia
3470 2415 3613 2475 enim
3632 2422 3809 2493 multa

2207 2491 2277 2547 de
2294 2506 2525 2564 superna
2547 2496 2750 2566 iustitia
2776 2500 3051 2569 disseruit,
3080 2513 3137 2560 et
3162 2505 3233 2562 de
3260 2507 3353 2563 Dei
3377 2509 3600 2576 auxilio,
3630 2491 3810 2583 ipsum

2207 2592 2384 2640 autem
2414 2601 2521 2641 non
2546 2588 2724 2643 statim
2740 2592 2907 2658 venit,
2921 2593 3021 2650 sed
3040 2606 3320 2654 cunctatur
3332 2608 3390 2656 et
3403 2598 3602 2668 differt,
3623 2612 3681 2659 et
3702 2603 3820 2661 hoc.

2210 2675 2405 2730 multos
2430 2677 2594 2734 efficit
2612 2679 2936 2750 ignaviores,
2962 2686 3199 2742 ostendit
3218 2703 3340 2745 esse
3364 2689 3419 2745 in
3451 2689 3815 2765 foribussup-

2202 2767 2447 2840 plicium,
2463 2779 2519 2827 et
2530 2774 2702 2828 malos
2716 2772 2769 2829 id
2787 2777 3012 2847 perpeti,
3028 2777 3161 2834 sicut
3176 2779 3307 2836 dicit
3319 2781 3478 2837 etiam
3490 2782 3691 2843 Paulus
3706 2805 3720 2840 :
3738 2784 3817 2842 ει

2211 2861 2491 2920 mercedem
2508 2861 2659 2934 quam
2689 2868 2912 2937 oportuit
2930 2871 3118 2925 erroris
3136 2872 3220 2927 sui
3233 2872 3287 2927 in
3313 2874 3493 2946 seipsis
3510 2878 3814 2945 recipientes

2214 2951 2391 3024 (Rom.
2420 2956 2471 3010 1.
2496 2955 2615 3027 27).
2642 2957 2774 3014 Vide
2793 2969 2969 3017 autem
2999 2976 3158 3033 quam
3183 2966 3399 3035 proprie
3418 2975 3598 3023 utatur
3617 2970 3815 3027 dictio-

2210 3044 2384 3099 nibus.
2433 3044 2622 3115 In/isaz
2659 3060 2812 3118 sunt;
2850 3051 2952 3108 hoc
2988 3063 3100 3119 est,
3136 3069 3232 3123 per
3259 3055 3364 3110 vim
3393 3042 3617 3114 rétcntae
3642 3072 3811 3126 sunt,

2209 3146 2335 3191 sunt
2381 3137 2433 3192 ei
2478 3138 2813 3197 inevitabiles
2856 3151 3056 3213 parate
3103 3145 3331 3202 insidiae.
3374 3147 3441 3204 Et
3484 3165 3694 3215 rursus,
3741 3152 3815 3208 In

2210 3224 2390 3296 laqueo
2426 3228 2525 3282 isto
2552 3246 2700 3301 quem
2741 3233 3134 3301 absconderant,
3174 3238 3570 3305 comprehensus
3606 3251 3682 3296 est
3722 3259 3818 3312 pes

2212 3330 2409 3370 eorum.
2443 3316 2701 3385 Vinculis,
2731 3322 2923 3394 inquit,
2952 3340 3070 3395 qua:
3096 3327 3231 3382 solvi
3258 3340 3550 3399 nequeunt,
3578 3332 3816 3403 adstrin-

2209 3418 2408 3475 guntur
2426 3409 2675 3481 improbi.
2699 3413 2823 3469 Haec
2842 3418 3101 3485 apostolis
3119 3430 3174 3475 et
3192 3418 3395 3477 Iudaeis
3418 3418 3813 3482 usuvcneruut.

2211 3497 2434 3566 Quando
2471 3502 2613 3556 enim
2658 3504 2855 3559 bellum
2895 3508 3155 3577 gerebant
3189 3526 3312 3567 cum
3356 3515 3637 3583 apostolis,
3687 3495 3817 3574 illos

2213 3590 2427 3659 quidem
2457 3592 2588 3647 nihil
2621 3594 2905 3665 lat-debent,
2937 3600 3091 3655 malis
3119 3613 3297 3657 autem
3328 3603 3818 3666 innumerabilibus

2213 3678 2422 3751 scipsos
2468 3685 2835 3767 implicabant.
2884 3691 3118 3757 civitate,
3170 3706 3226 3749 et
3264 3685 3546 3762 libertate,
3593 3711 3651 3757 et
3690 3704 3818 3759 aliis

2214 3776 2463 3832 omnibus
2486 3780 2683 3845 eversi,
2709 3788 2766 3835 et
2787 3783 3061 3839 crescebat
3087 3786 3301 3855 quidem
3330 3790 3663 3860 prmdicatio,
3693 3794 3815 3850 dis-

2213 3863 2575 3939 perdebantur
2594 3879 2772 3926 autem
2795 3874 2883 3942 qui
2917 3875 3173 3943 parabant
3200 3878 3441 3936 insidias.
3477 3878 3546 3937 Et
3569 3886 3660 3954 qni
3700 3894 3818 3941 tres

2218 3966 2412 4022 pueros
2440 3957 2494 4011 in
2525 3956 2903 4031 Babylonicam
2949 3963 3221 4022 fornacem
3269 3969 3609 4027 immiserunt
3645 3974 3716 4030 ah
3746 3990 3815 4030 ca

2219 4044 2405 4101 rursus
2427 4050 2569 4120 capti
2596 4061 2721 4107 sunt
2760 4052 2834 4125 (ὁ)
2856 4072 2871 4109 :
2892 4056 3036 4125 quod
3076 4059 3237 4114 etiam
3269 4061 3322 4115 iu
3355 4062 3573 4120 Daniele
3613 4068 3814 4122 factum

2220 4144 2322 4191 est.
2349 4135 2456 4192 Sed
2503 4139 2554 4193 iu
2603 4141 2821 4198 Daniele
2867 4146 3081 4215 quidem
3125 4148 3228 4205 hoc
3256 4153 3455 4208 merito
3481 4155 3705 4222 accidit,
3737 4157 3815 4213 illi

2219 4224 2363 4280 enim
2396 4227 2567 4299 ipsum
2600 4231 2892 4300 injecerant
2918 4236 3009 4291 :in
3042 4240 3212 4296 tribus
3238 4250 3415 4298 utem
3446 4247 3630 4315 pueris
3653 4247 3817 4318 quid-

2222 4331 2344 4370 nam
2374 4329 2457 4374 est
2485 4319 2538 4373 in
2564 4336 2745 4390 causa,
2776 4325 2917 4395 quod
2940 4342 3060 4382 cum
3089 4345 3185 4386 rex
3210 4328 3502 4402 peccasset,
3527 4338 3563 4392 ii
3587 4339 3675 4408 qui
3702 4349 3823 4395 sta-i

2223 4410 2351 4466 bant
2373 4422 2497 4467 ante
2523 4414 2793 4472 fornacem
2813 4459 2828 4483 ,
2861 4422 3197 4489 puniuntur?
3232 4426 3493 4492 Quoniam
3541 4430 3574 4483 ii
3602 4446 3817 4503 quoque

2224 4502 2312 4571 qui
2349 4503 2496 4559 fuere
2538 4508 2799 4571 combusti
2822 4552 2839 4576 ,
2870 4515 3079 4583 tyranni
3118 4514 3291 4584 jussui
3334 4519 3688 4575 inservicrant
3705 4502 3739 4587 ,ί
3761 4536 3820 4579 et

2223 4606 2438 4649 auream
2466 4604 2694 4652 statuam
2722 4600 3095 4657 adoraverant.
3118 4603 3183 4659 In
3210 4607 3408 4677 laqueo,
3430 4624 3580 4679 quem
3603 4610 3821 4667 abscon-

2224 4684 2427 4741 derunt.
2445 4688 2579 4747 ;Vide
2597 4693 2867 4760 quomodo
2884 4695 3180 4751 ostenderit
3199 4697 3439 4755 inenarra
3449 4701 3606 4757 bilem
3628 4718 3817 4759 eorum

2225 4794 2344 4836 esse
2386 4782 2849 4850 vituperationem.
2902 4787 3032 4855 Quia
3076 4791 3220 4845 enim
3265 4794 3405 4861 quod
3463 4794 3641 4861 fiebat,
3700 4808 3820 4852 erat

2227 4869 2441 4940 plenum
2485 4872 2795 4942 ignominia,
2838 4878 2959 4933 ideo
2990 4881 3197 4948 celant,
3243 4893 3297 4938 et
3338 4896 3599 4941 conantur
3627 4888 3817 4943 latere.

2228 4962 2316 5015 17.
2347 4961 2679 5034 Cognoscitur
2720 4966 2965 5023 Dominus
2994 4971 3198 5041 judicia
3243 4975 3456 5045 faciens.
3492 4977 3675 5041 Alius,

2227 5054 2397 5124 gnitus
2423 5066 2505 5111 est»
2512 5058 2770 5128 judicium
2793 5062 3000 5131 faciens.
3027 5063 3139 5119 Hoc
3160 5076 3242 5120 est
3264 5065 3509 5135 puniens.
3533 5070 3817 5135 ulciscens.

2228 5160 2576 5217 persequens.
2607 5148 2798 5206 Vidisti
2826 5152 2964 5207 aliud
2994 5169 3164 5225 genus
3195 5157 3438 5214 beneficii
3479 5174 3548 5213 ex
3590 5160 3821 5232 castiga-

2293 5357 2371 5420 (a)
2409 5358 2527 5406 tteh.
2555 5353 2726 5423 'l‘J‘J'D.
2754 5368 2865 5409 mre
2908 5361 3250 5423 interpretatio
3270 5362 3463 5411 videtur
3486 5366 3686 5415 omnino
3709 5380 3825 5420 esse

2224 5421 2363 5482 juxta
2378 5420 2723 5491 Symmachum,
2736 5423 2819 5485 qui
2832 5434 3001 5471 vocem
3016 5420 3208 5481 manu
3224 5425 3369 5473 vertit
3382 5432 3563 5486 Grece,
3586 5438 3823 5491 ιεαιτισον,

2456 5488 2709 5552 ἱηζιηεγεῑιδ
2731 5507 2859 5552 sum,
2878 5492 3049 5542 Psalm.
3083 5495 3162 5543 68.
3180 5496 3230 5543 5.

2294 5549 2369 5613 (ὸ)
2403 5550 2545 5600 savii.
2572 5565 2585 5599 :
2621 5568 2642 5595 ι
2667 5559 2776 5603 Haec
2800 5549 2909 5614 pars
2926 5554 3158 5613 historiae,
3184 5567 3293 5617 quae
3329 5556 3598 5605 etiamnum
3623 5558 3673 5607 in
3696 5558 3827 5607 chal-

2232 5612 2354 5661 dazo’
2377 5612 2819 5680 exstat.__tcmporé
2847 5612 3276 5680 Chrysostomi,'ut
3313 5619 3521 5673 videtur,
3568 5622 3615 5667 in
3652 5624 3827 5668 (ira‘cis

2236 5680 2383 5742 etiam
2412 5674 2663 5742 calicibus
2688 5674 3101 5742 ‘exstabat,'_cpt;e
3146 5674 3273 5727 nunc
3318 5679 3366 5727 in
3398 5681 3653 5742 omnibus,
3700 5681 3826 5742 quod

2239 5738 2403 5799 sciam,
2422 5737 2597 5784 Graecis
2623 5736 2829 5799 vulgatis
2851 5736 3176 5790 desideratur.
3200 5756 3223 5784 a
3256 5747 3303 5789 tu
3328 5738 3525 5799 Vulgata
3550 5736 3825 5791 tanteu'uo-

2243 5806 2343 5845 stra
2366 5796 2561 5858 legitur.
2590 5796 2770 5847 Daniel.
2795 5802 2841 5847 3.
2857 5798 2935 5848 ‘22.
