4068 6430
178 456 287 512 133

173 569 363 626 tione?
409 566 523 621 Non
569 564 739 619 solum
785 558 958 624 enim,
1002 554 1202 624 inquit,
1246 549 1368 604 facit
1396 562 1491 602 eos
1523 542 1775 599 meliores

173 662 265 733 qui
311 659 675 729 castigantur,
723 651 816 706 sed
866 649 989 704 facit
1024 646 1184 701 etiam
1208 685 1221 704 .
1255 650 1311 695 nt
1345 636 1435 733 Dei
1464 634 1786 705 cognitionis

172 730 390 809 eluceat
413 750 550 804 ratio
572 765 585 801 :
604 754 654 800 et
676 760 735 799 er
775 756 841 798 eo
866 739 1034 809 magis
1058 736 1270 790 videtur
1295 730 1571 786 hominum
1598 740 1783 782 curam

175 860 387 918 gerere.
410 839 545 900 Cum
573 842 751 909 itaque
780 833 1014 907 permisit
1040 822 1253 901 gregem
1285 839 1570 897 porcorum
1595 822 1783 918 detur-

173 912 325 1000 bari,
373 944 426 991 et
453 933 504 987 in
534 930 666 985 mari
708 924 978 995 submergi
1020 922 1038 991 (
1071 920 1235 974 Marc.
1265 918 1319 973 5.
1352 918 1421 972 1')
1444 915 1463 985 )
1484 957 1499 981 ,
1532 924 1658 968 tunc
1687 912 1783 967 ad-

175 1026 461 1082 miratione
507 1022 737 1077 maxima
783 1014 1012 1086 perculsi
1044 1019 1187 1066 sunt.
1237 1007 1293 1062 ln
1344 1006 1526 1062 Veteri
1571 1017 1787 1075 quoque

174 1118 528 1173 Testamento
559 1110 749 1175 Judmi,
801 1104 1019 1174 Quando
1061 1119 1146 1156 eos
1195 1099 1485 1159 occidebat,
1521 1106 1653 1152 tunc‘
1671 1111 1788 1149 eum

173 1206 506 1276 quaerebant,
553 1195 1005 1271 quemadmodum
1035 1191 1167 1247 dicit
1194 1190 1455 1261 propheta
1483 1186 1660 1258 (Psal.
1694 1186 1784 1239 77.

175 1299 297 1367 3i).
330 1296 400 1351 Et
429 1308 527 1349 cur
557 1306 662 1347 non
696 1290 799 1344 hoc
828 1288 955 1342 facit
986 1282 1358 1356 frequentius?
1382 1281 1645 1349 Quoniam
1672 1276 1789 1345 vult

176 1404 285 1443 non
316 1401 415 1457 per
441 1386 548 1439 vim
577 1392 632 1439 et
656 1378 1083 1451 eompulsionem
1105 1419 1120 1440 ,
1168 1375 1263 1432 sed
1294 1390 1392 1445 per
1418 1372 1644 1428 liberam
1684 1386 1786 1427 vo-

175 1480 439 1535 luntatem
459 1477 709 1531 virtutem
728 1471 992 1538 exerceri,
1013 1479 1067 1525 et
1084 1467 1346 1524 beneficio
1364 1466 1545 1538 potius
1564 1465 1788 1521 affectos

176 1586 341 1642 quam
372 1570 605 1640 punitos.
636 1566 705 1621 Et
730 1574 961 1636 quanto,
1005 1562 1135 1617 dicit
1161 1560 1458 1631 quispiam,
1486 1558 1679 1613 melius
1705 1564 1791 1612 est

175 1676 301 1716 esse
327 1658 645 1715 necessitate
671 1656 870 1712 bonum
893 1696 908 1721 ,
938 1668 1098 1725 quam
1128 1651 1329 1725 malum
1360 1649 1530 1704 libero
1556 1646 1788 1718 eligendi

176 1748 441 1805 arbitrio?
470 1747 584 1802 Non
628 1753 805 1816 potest
832 1744 952 1815 quis
987 1756 1108 1799 esse
1134 1741 1309 1797 bonus
1348 1754 1413 1794 ex
1430 1738 1785 1795 necessitate.

176 1839 283 1906 Qui
304 1840 449 1895 enim
478 1837 691 1893 vinculo
713 1835 1028 1906 illaqueatus
1056 1834 1227 1887 bonus
1252 1839 1355 1895 est,
1385 1845 1494 1885 non
1519 1829 1623 1885 erit
1647 1844 1791 1885 sem-

181 1946 283 2002 per
309 1931 481 1986 bonus
503 1970 519 1995 ,
558 1928 655 1984 sed
682 1942 713 1982 a
741 1925 1061 1982 necessitate
1097 1923 1358 1977 liberatus
1394 1929 1696 1976 revertetur
1720 1919 1789 1975 ad

176 2024 367 2078 vitium
395 2022 520 2092 :qui
545 2029 725 2076 autem
756 2020 826 2073 ita
855 2016 1172 2081 instituitur,
1202 2024 1260 2069 ut
1286 2027 1381 2069 sua
1404 2013 1571 2069 libera
1592 2013 1787 2068 volun-

175 2123 288 2168 tate
318 2112 411 2167 fiat
455 2114 643 2173 bonus,
691 2124 815 2166 cum
860 2108 1034 2163 bonus
1078 2104 1252 2161 factus
1295 2103 1489 2171 fuerit,
1531 2113 1789 2159 constans

175 2216 363 2260 manet
394 2214 449 2259 et
478 2202 707 2259 stabilis.
742 2201 808 2255 In
848 2199 1091 2272 aperibus
1127 2214 1373 2253 manuum
1401 2214 1612 2254 suarum
1640 2213 1787 2252 com-

177 2296 465 2368 prehensus
503 2305 576 2349 cst
617 2302 871 2365 peccator.
901 2291 1017 2348 Non
1047 2290 1208 2356 dixit,
1240 2289 1492 2345 Mannum
1520 2289 1638 2357 Dei,
1667 2287 1782 2355 sed,

170 2390 427 2446 Mannum
457 2389 771 2460 peccatoris.

246 2483 303 2539 8.
340 2479 652 2550 Quibusdam
682 2480 744 2534 de
770 2477 995 2534 versibus
1023 2476 1424 2548 praecedentibus
1441 2514 1456 2541 ,
1485 2490 1664 2530 rursus
1689 2474 1790 2528 ad-

168 2577 382 2641 notatis,
399 2573 898 2644 subsequentiumque
909 2569 1271 2641 expositionem
1288 2585 1455 2636 orsus,
1472 2569 1788 2624 demonstrat

168 2676 525 2740 paupertatem
545 2667 613 2719 ad
640 2666 871 2719 virtutem
903 2663 1150 2734 aptiorem
1175 2678 1283 2716 esse
1308 2661 1516 2715 divitiis.
1542 2689 1614 2701 —
1634 2658 1788 2715 Vidi-

168 2762 241 2817 sti
274 2759 547 2830 quomodo
567 2757 745 2812 variat
767 2756 1090 2821 orationem,
1116 2763 1170 2809 et
1198 2753 1339 2825 quod
1368 2769 1433 2809 ex
1461 2754 1596 2809 czelo
1614 2752 1785 2808 infcr-

172 2850 610 2921 tnr‘suppliciom
654 2850 926 2912 inferens,
958 2856 1012 2902 et
1044 2860 1232 2916 ptenas
1270 2860 1390 2915 quae
1418 2860 1446 2898 a
1474 2845 1604 2900 vitio
1634 2843 1784 2900 inﬂi-

169 2950 375 3013 guntur
403 2938 699 2995 inducens?
726 2937 1012 3007 Quomodo
1044 2936 1360 3006 supplicium
1384 2935 1527 3005 quod
1554 2936 1786 2992 infertur

167 3050 237 3089 ex
265 3033 435 3089 cado?
461 3030 814 3103 Cognoscitur,
846 3030 1040 3099 inquit,
1065 3027 1318 3082 Dominus
1336 3027 1541 3097 judicia
1566 3028 1780 3095 faciens.

166 3125 455 3194 Quomodo
484 3140 672 3195 pinnas
699 3139 821 3196 qua:
851 3122 1165 3194 infliguntnr
1192 3137 1220 3176 a
1249 3121 1421 3176 vitio?
1452 3118 1642 3189 ln/‘me
1665 3128 1785 3174 sunt

165 3228 339 3288 gentes
369 3218 421 3271 in
455 3216 660 3270 interitu
679 3257 693 3279 ,
724 3230 874 3287 quem
902 3217 1153 3285 fecerunt.
1200 3212 1267 3266 Et
1308 3225 1498 3265 rursus
1526 3224 1620 3265 eas
1662 3224 1784 3280 qum

172 3309 589 3381 proficiscuntur
618 3307 689 3363 ab
733 3306 1074 3377 improbitate
1113 3321 1125 3356 :
1169 3302 1235 3358 In
1276 3302 1508 3374 aperibus
1537 3318 1782 3357 manuum

166 3417 385 3456 suarum
412 3398 807 3468 comprehensus
834 3406 906 3453 est
934 3404 1184 3466 peccator.
1213 3394 1332 3450 Non
1362 3394 1507 3450 enim
1534 3393 1665 3450 dicit
1694 3408 1782 3448 so-

166 3498 282 3550 lum
329 3492 650 3565 supplicium
681 3489 825 3561 quod
869 3504 900 3543 a
942 3489 1054 3544 Deo
1098 3487 1490 3557 proficiscitur,
1523 3486 1780 3557 quoniam

164 3600 313 3654 saepe
342 3590 630 3640 cunctatur
654 3590 710 3637 et
738 3579 919 3635 differt
944 3598 956 3634 :
987 3594 1161 3649 neque
1190 3577 1366 3633 solum
1394 3577 1538 3649 quod
1568 3593 1598 3632 a
1625 3578 1777 3645 vitio,

163 3677 419 3748 quoniam
452 3674 603 3729 multi
646 3673 701 3727 in
731 3686 797 3728 eo
828 3672 1058 3728 libenter
1086 3678 1372 3725 versantur
1415 3687 1430 3725 :
1476 3669 1573 3725 sed
1604 3671 1779 3724 utrin—

164 3784 274 3841 que
302 3766 587 3823 confirmat
614 3766 936 3821 orationem.
982 3764 1050 3818 Et
1096 3763 1216 3819 ideo
1256 3762 1420 3828 dicit,
1453 3760 1521 3817 In
1546 3762 1781 3833 aper-ibus

164 3877 414 3929 triariuum
462 3876 674 3914 suarum
716 3858 1109 3929 comprehensus
1150 3865 1245 3911 est.
1294 3856 1447 3913 Alius
1467 3896 1484 3923 ,
1533 3856 1781 3911 Votorum

162 3970 378 4010 suarum
407 3951 527 4025 (α).
554 3951 634 4008 Ne
659 3967 788 4022 ergo
817 3950 1122 4012 existimes.
1156 3957 1207 4004 te
1236 3948 1690 4004 machinationem
1723 3947 1778 4004 in

164 4045 334 4101 alium
362 4044 562 4112 moliri,
591 4043 805 4115 quando
830 4043 993 4098 struis
1021 4041 1180 4097 alicui
1210 4039 1431 4095 insidias
1464 4058 1478 4094 :
1510 4039 1606 4095 tibi
1632 4039 1778 4096 enim

164 4138 271 4210 ipsi
300 4137 544 4193 contekis
564 4137 721 4191 retia.
744 4133 956 4201 Cantus,
983 4133 1292 4203 diapsalma.
1317 4132 1490 4200 Alius,
1519 4133 1632 4188 Vox
1653 4149 1780 4188 scm-

164 4246 279 4302 per.
306 4230 475 4291 Alius,
494 4224 781 4283 Modulatio
801 4243 1017 4298 semper.
1046 4226 1304 4289 llcbrteus
1326 4236 1529 4291 autem,
1557 4224 1779 4296 Engapn

164 4322 263 4377 sel.
316 4321 402 4376 l8.
445 4320 813 4375 Convertuntur
856 4328 1143 4389 peccatores
1178 4320 1230 4372 in
1273 4319 1569 4391 infernum,
1603 4334 1778 4373 omnes

162 4421 340 4485 gentes
368 4428 484 4484 qua:
513 4412 878 4465 obliviscuntur
918 4409 1103 4464 Deum.
1152 4410 1306 4465 Alius
1329 4451 1344 4477 ,
1393 4410 1775 4465 Convertentur.

164 4504 226 4558 In
271 4502 460 4558 iisdem
508 4518 696 4557 rursus
739 4503 1009 4573 persistit,
1043 4502 1333 4557 ostendens
1362 4501 1547 4557 vitium
1578 4502 1779 4559 habere

164 4593 489 4664 supplicium
522 4592 871 4648 constitutum
892 4636 907 4656 ,
940 4604 993 4648 et
1023 4594 1353 4662 impietatem
1393 4609 1585 4663 parere
1628 4610 1775 4649 mor-

166 4695 301 4750 tem,
329 4695 384 4740 et
413 4692 689 4755 peccatum
721 4686 975 4755 pericula.
1010 4686 1097 4741 l9.
1128 4687 1382 4751 Quoniam
1408 4703 1511 4741 non
1539 4688 1593 4741 in
1621 4688 1777 4756 linem

164 4775 353 4830 oblivio
379 4777 476 4830 erit
503 4777 761 4847 pauperis,
795 4777 1041 4846 patientia
1071 4795 1355 4848 pauperum
1383 4796 1484 4833 non
1514 4779 1693 4849 peribit
1723 4781 1776 4836 in

165 4869 346 4937 ﬁnem.
376 4867 525 4923 Alius
548 4869 816 4938 interpres
837 4869 982 4934 dicit,
1011 4868 1133 4923 Non
1159 4873 1293 4925 enim
1319 4871 1373 4925 in
1400 4871 1554 4939 ﬁnem
1580 4873 1779 4927 mitium

166 4958 485 5029 exspectatio
511 4958 741 5012 tradetur
760 4957 1019 5013 oblivioni.
1049 4958 1282 5017 Pulchre
1311 4961 1466 5029 dixit,
1497 4961 1562 5016 In
1587 4964 1739 5033 ﬁnem
1758 4978 1779 5017 :

164 5048 464 5105 ostendens
494 5063 598 5102 non
636 5064 851 5120 semper
880 5049 1047 5120 quani
1088 5051 1489 5108 remissionem.
1536 5053 1593 5108 Si
1633 5055 1779 5110 enim

165 5156 385 5211 semper
415 5139 588 5194 futura
629 5140 697 5196 sit
735 5141 889 5212 quies
919 5152 974 5198 et
1001 5143 1287 5211 remissio,
1331 5144 1548 5200 ubinam
1593 5155 1780 5202 osten-

166 5235 329 5290 detur
365 5235 664 5305 patientia-?
707 5234 862 5304 Quod
903 5246 1079 5291 autem
1126 5237 1296 5303 dicit,
1342 5247 1427 5294 est
1472 5239 1777 5309 ejusmodi:

168 5326 367 5381 Pennas
393 5327 597 5382 dabunt
623 5328 850 5398 improbi
877 5371 889 5393 ,
921 5337 976 5384 et
1002 5342 1242 5385 extrema
1272 5332 1559 5401 patientur.
1593 5331 1780 5402 Neque

166 5418 315 5472 enim
339 5417 478 5472 Deus
506 5418 761 5488 patietur,
787 5428 844 5474 ut
873 5419 938 5475 iis
959 5420 1049 5490 qui
1076 5420 1267 5491 injuria
1298 5421 1625 5490 afficiuntur,
1657 5438 1778 5493 per-

231 5612 309 5679 (a)
332 5616 579 5679 tngGraaco,
591 5630 750 5676 τερος...
766 5626 912 5679 quam
928 5627 1099 5665 vocem
1116 5616 1378 5679 Gentianus
1391 5624 1638 5667 Hervetus
1652 5616 1782 5669 male

163 5677 413 5734 verterat,
435 5675 731 5736 plantarum.
758 5675 918 5727 licetio
940 5683 1123 5750 nostra,
1146 5678 1366 5751 votorum
1393 5690 1610 5737 stun'um,
1639 5680 1783 5790 cuius

166 5737 236 5784 ait
260 5746 358 5783 non
386 5740 603 5787 notatur.
618 5738 711 5786 Sed
731 5744 825 5790 est.
851 5746 907 5788 ut
928 5739 1140 5790 videtur.
1156 5747 1210 5789 et
1229 5740 1371 5790 Sertl.
1398 5748 1548 5790 notat.
1571 5742 1696 5790 Auni
1715 5754 1780 5790 re.

166 5737 358 5805 ait_non
386 5740 603 5805 ποιέων.
618 5738 711 5786 Sed
731 5744 825 5796 est,
851 5746 907 5805 ut
928 5739 1140 5805 videtur,
1156 5747 1215 5805 et
1229 5740 1379 5805 Savil.
1398 5748 1548 5805 notat,
1571 5737 1780 5805 Aquila),

161 5798 251 5858 qui
278 5802 534 5878 voeemlp
555 5806 623 5847 tta
646 5802 890 5851 convertit
913 5800 1033 5850 l‘sal.
1058 5803 1139 5862 77,
1162 5802 1242 5865 72,
1263 5809 1315 5853 et
1333 5803 1441 5865 118,
1456 5816 1507 5854 v.
1532 5798 1645 5866 H9,
1665 5798 1779 5856 nec;

170 5897 267 5934 non
292 5882 431 5936 lsaiae
450 5889 533 5952 49,
560 5891 633 5942 lG.

1332 424 1696 486 EXPOSlTlO
1735 421 1799 478 IN
1841 418 2163 478 PSALMUM
2206 420 2298 476 IX.

3404 417 3506 473 151

1898 546 2074 609 pctore
2102 544 2361 607 parentur
2391 536 2619 592 insidias.
2657 535 2760 591 Per
2799 534 2903 591 hoc
2946 543 3002 590 et
3044 547 3141 590 eos
3169 530 3504 599 consolatur,

1896 639 1951 684 et
1979 628 2097 683 illos
2129 635 2313 686 terret.
2348 637 2401 682 ct
2442 627 2535 682 Dei
2565 626 2803 682 ostendit
2826 624 3166 681 clementiam
3186 666 3201 689 ,
3231 624 3374 692 quod
3400 624 3507 677 hos

1897 719 2111 789 quidem
2154 734 2303 773 mora
2335 716 2509 773 reddit
2541 717 2912 788 probatiores,
2943 715 3066 772 illos
3091 729 3220 771 vero
3253 714 3415 769 trahit
3441 715 3507 766 ad

1897 811 2295 882 penitentiam.
2327 810 2466 867 Vide
2502 822 2682 865 autem
2723 807 2996 881 quomodo
3026 822 3212 864 rursus
3243 820 3510 879 pauperes

1900 905 1953 958 in
1984 903 2190 959 honore
2221 903 2486 959 habentur
2506 944 2520 967 ,
2553 918 2818 976 pauperes
2845 917 2950 957 non
2982 901 3263 969 absolute,
3293 899 3387 956 sed
3419 901 3510 969 qui

1897 1003 2025 1049 sunt
2052 994 2268 1049 contriti
2296 994 2481 1049 corde.
2526 994 2565 1049 Ii
2593 996 2737 1050 enim
2773 1004 2898 1049 sunt
2924 994 3009 1049 vel
3038 992 3273 1049 maxime
3301 991 3413 1063 apti
3444 992 3512 1046 ad

1898 1085 2210 1154 patientiam
2237 1102 2251 1136 :
2288 1085 2373 1141 vel
2401 1100 2462 1140 ca
2497 1086 2675 1156 potius
2702 1100 2761 1141 se
2790 1094 2977 1139 nmtuo
3006 1091 3360 1154 comparant,
3405 1082 3514 1137 hu-

1896 1176 2097 1232 militas
2145 1176 2492 1247 patientiam,
2536 1176 2791 1247 patientia
2855 1176 3234 1231 humilitatem.
3284 1174 3342 1230 Si
3387 1174 3512 1245 quis

1898 1279 2077 1325 autem
2106 1269 2335 1335 dixerit,
2366 1270 2736 1341 thuomodo
2763 1278 2847 1326 est
2877 1278 3164 1342 paupertas
3188 1266 3465 1324 humilitas
3490 1268 3516 1321 2

1897 1360 2143 1417 dicemus
2162 1375 2283 1417 eam
2307 1375 2428 1417 esse
2447 1361 2711 1431 aptiorem
2733 1360 2799 1416 ad
2824 1362 3097 1417 virtutem.
3126 1359 3228 1429 Qui
3253 1371 3335 1416 est
3364 1359 3511 1415 enim

1898 1450 2071 1518 dives,
2102 1452 2268 1507 animi
2299 1451 2620 1524 aegritudine
2644 1452 2878 1507 afficitur
2905 1461 2960 1509 et
2986 1451 3342 1507 conturbatur
3372 1468 3385 1506 :
3418 1451 3533 1525 qui

1899 1554 2081 1600 autem
2113 1560 2316 1615 pauper
2345 1552 2462 1612 est,
2497 1549 2678 1599 omnia
2724 1544 2827 1599 fert
2872 1543 3059 1611 facile,
3090 1552 3148 1598 ut
3176 1544 3265 1615 qui
3292 1544 3346 1599 in
3376 1558 3514 1614 pau-

1902 1642 2112 1706 pertate
2140 1635 2306 1691 veluti
2349 1636 2402 1690 in
2447 1635 2678 1705 quadam
2720 1637 2970 1707 palaestra
3010 1633 3323 1705 frequenter
3350 1650 3513 1690 exer-

1898 1738 2107 1783 ceatur.
2140 1729 2206 1784 Et
2231 1727 2353 1783 ideo
2373 1727 2622 1784 Christus
2643 1744 2856 1800 quoque
2882 1727 3117 1794 dicebat,
3146 1725 3368 1783 difficile
3391 1741 3514 1782 esse

1899 1835 2022 1875 cum
2050 1819 2250 1875 divitiis
2277 1835 2501 1890 regnum
2529 1820 2786 1875 cmlorum
2818 1820 3023 1891 ingredi
3050 1818 3263 1891 (Matth.
3288 1819 3374 1875 l9.
3395 1819 3511 1890 25).

1898 1911 2034 1979 Quid
2079 1921 2165 1967 est
2204 1922 2420 1977 autem,
2466 1911 2730 1967 Patientia
2770 1924 3055 1984 pauperum
3100 1930 3203 1968 non
3247 1912 3429 1984 peribit
3460 1914 3535 1965 iu’

1897 2004 2103 2074 ﬁnem?
2131 2003 2456 2075 Numquam,
2490 2005 2683 2077 inquit,
2714 2006 2932 2077 peribit,
2962 2005 3056 2062 sed
3085 2005 3365 2077 proprium
3395 2002 3512 2059 fru-

1898 2106 2041 2151 ctum
2073 2097 2294 2151 omnino
2335 2095 2581 2167 recipiet.
2632 2097 2786 2165 Quod
2826 2096 3044 2168 quidem
3098 2111 3203 2151 non
3235 2095 3418 2151 evenit
3459 2096 3512 2149 in

1898 2189 1966 2244 iis
1995 2189 2157 2246 rebus
2185 2205 2307 2261 qua:
2343 2189 2412 2245 ad
2453 2190 2652 2245 victum
2683 2191 2989 2261 pertinent,
3034 2190 3129 2246 sed
3160 2206 3305 2260 saepe
3348 2191 3512 2245 finem

1898 2296 2007 2335 non
2056 2290 2465 2352 consequuntur
2521 2282 2872 2352 pereuntibus
2931 2282 3225 2338 laboribus.
3280 2281 3412 2336 Nam
3459 2293 3513 2336 et

1898 2375 2132 2446 agricola
2154 2366 2456 2447 exspectat,
2486 2386 2542 2432 et
2568 2387 2840 2434 mercator
2871 2395 2885 2432 :
2913 2391 3056 2448 stupe
3081 2385 3261 2431 autem
3294 2384 3516 2447 propter

1896 2467 2038 2521 aeris
2076 2468 2453 2539 intemperiem
2486 2468 2700 2539 utrique
2730 2484 2759 2521 a
2791 2469 2967 2523 fructu
3009 2468 3089 2523 sui
3120 2468 3321 2524 laboris
3362 2468 3512 2522 exci-

1896 2555 2048 2612 dunt.
2084 2558 2143 2614 In
2172 2558 2283 2614 Deo
2310 2568 2497 2616 autem
2528 2575 2635 2614 non
2668 2560 2741 2614 ita
2774 2558 2866 2626 fit,
2898 2559 2994 2616 scd
3025 2574 3251 2616 necesse
3278 2567 3363 2615 est
3390 2575 3513 2614 om-

1898 2648 2027 2705 nino
2057 2649 2218 2706 finem
2264 2652 2547 2723 consequi.
2593 2651 2707 2707 lloe
2742 2662 2922 2707 autem
2956 2668 3063 2708 non
3108 2667 3328 2723 parvam
3358 2651 3515 2708 aiTcrt

1896 2740 2343 2809 consolationem,
2368 2758 2585 2814 semper
2605 2742 2673 2799 de
2696 2744 2801 2799 fine
2824 2743 3118 2800 confidere.
3139 2739 3233 2799 20.
3255 2742 3511 2814 Exsurge,

1894 2830 2138 2901 Domine,
2165 2849 2268 2887 non
2295 2838 2612 2907 confortetnr
2642 2836 2811 2891 homo.
2839 2836 3012 2903 Alius,
3046 2834 3167 2891 Non
3196 2837 3374 2891 audax
3395 2838 3509 2907 ﬁat.

1892 2921 2203 2978 Judicentur
2229 2935 2403 2997 gentes
2443 2926 2497 2980 in
2534 2936 2805 2999 conspectu
2836 2937 2944 2982 tuo.
2975 2929 3163 2997 Alius,
3205 2927 3270 2981 Et
3299 2929 3351 2983 in
3378 2930 3515 3001 {acie

1896 3023 2003 3067 tua.
2032 3011 2326 3087 Postquam
2357 3016 2494 3072 dixit
2524 3018 2733 3084 vitium,
2764 3019 2908 3090 quod
2940 3019 3125 3091 plures
3154 3020 3405 3077 homines
3431 3022 3513 3075 iu-

1892 3105 2069 3172 vadit,
2113 3115 2169 3162 ct
2204 3110 2443 3163 narravit
2483 3109 2758 3165 hominum
2801 3109 3239 3181 improbitatem,
3269 3113 3508 3184 rapinas,

1893 3199 2198 3266 avaritiam,
2232 3199 2546 3267 homicidia,
2584 3212 2741 3274 rogat
2768 3204 2934 3259 Deum
2965 3218 3062 3275 pro
3089 3205 3289 3260 auxilio
3319 3220 3509 3261 eorum

1891 3289 1985 3360 qui
2030 3290 2339 3346 afficiuntur
2385 3293 2601 3363 injuria.
2648 3294 2799 3350 Talia
2839 3304 2965 3350 sunt
3008 3296 3155 3352 enim
3196 3306 3510 3353 sanctorum

1892 3383 2120 3450 viscera,
2148 3393 2208 3440 ut
2231 3399 2338 3440 non
2368 3386 2544 3441 solum
2576 3387 2687 3442 sint
2712 3388 2781 3444 de
2810 3403 2869 3444 se
2894 3389 3131 3457 solliciti,
3166 3391 3259 3446 sed
3284 3392 3511 3461 perinde

1893 3488 1956 3529 ac
1987 3474 2033 3539 si
2064 3490 2163 3545 pro
2183 3492 2289 3532 una
2316 3477 2499 3545 domo,
2530 3494 2628 3549 pro
2656 3480 2788 3536 orbe
2814 3488 3104 3549 terrarum,
3134 3484 3219 3538 vel
3245 3499 3310 3539 ac
3335 3486 3380 3540 si
3411 3501 3509 3556 pro

1889 3581 1999 3621 uno
2027 3582 2257 3637 corpore
2279 3611 2293 3634 ,
2334 3584 2434 3639 pro
2465 3571 2806 3627 multitudine
2835 3573 3134 3638 hominum,
3172 3575 3243 3629 ita
3274 3591 3508 3644 precen-

1892 3666 1980 3713 tur
2007 3657 2315 3719 Dominum.
2346 3659 2603 3735 Exsurge,
2630 3662 2870 3732 Domine,
2900 3681 2964 3720 ne
2985 3669 3305 3739 confortetur
3330 3670 3505 3726 homo.

1889 3749 2027 3816 Quid
2052 3761 2135 3806 est
2163 3761 2343 3807 autem
2364 3794 2382 3821 ,
2418 3754 2648 3826 Exsurge
2668 3798 2683 3823 ,
2716 3753 2981 3837 Domine}
3010 3757 3377 3832 Persequere,
3422 3762 3507 3816 in-

1890 3840 2027 3911 quit,
2058 3839 2142 3897 fer
2183 3856 2378 3914 opem,
2418 3844 2543 3915 puni
2573 3859 2670 3901 eos
2714 3846 2805 3917 qui
2835 3844 3079 3901 inferunt
3112 3848 3388 3921 injuriam.
3441 3853 3510 3909 Et

1890 3935 2109 4006 egregie
2130 3936 2288 3992 nudis
2309 3938 2617 3995 nominibus
2638 3954 2769 3997 usus
2787 3947 2891 4008 est,
2920 3957 3043 3999 cum
3063 3941 3221 4012 dixit,
3245 3943 3506 4018 Exsurge,

1888 4035 1963 4095 et,
1994 4027 2116 4083 Non
2142 4033 2458 4101 confortetur
2485 4031 2637 4087 homo
2657 4049 2676 4086 :
2704 4042 2764 4088 ut
2788 4032 3059 4105 significet
3086 4036 3229 4106 quod
3258 4039 3330 4093 sit
3356 4039 3506 4106 \ilis,

1888 4120 2032 4191 quod
2059 4130 2330 4191 terrenus,
2353 4123 2496 4194 quod
2526 4124 2704 4195 pulvis
2730 4134 2786 4181 et
2812 4126 2969 4183 cinis.
2997 4125 3311 4185 Judicentur
3332 4143 3505 4203 gentes

1888 4214 1944 4268 in
1972 4223 2245 4285 conspectu
2271 4224 2379 4269 tuo.
2408 4215 2550 4284 Quid
2583 4216 2685 4272 hoc
2713 4218 2842 4275 est?
2874 4219 3045 4287 Dent,
3079 4220 3286 4290 inquit,
3316 4238 3507 4293 poenas

1889 4319 2110 4362 suorum
2144 4316 2508 4377 peccatorum.
2554 4307 2674 4363 Non
2719 4309 2915 4366 redditi
2958 4318 3085 4368 sunt
3123 4312 3380 4370 meliores
3408 4330 3507 4386 pa—

1892 4400 2077 4455 tientia
2103 4415 2118 4465 ;
2151 4400 2450 4456 facinorum
2476 4400 2545 4456 ab
2569 4401 2651 4458 eis
2676 4403 2941 4459 rationem
2968 4419 3222 4476 exposce.
3253 4405 3345 4462 21.
3370 4407 3510 4463 Con-

1888 4492 2040 4546 stitue
2062 4534 2075 4557 ,
2106 4491 2328 4548 Domine
2346 4535 2362 4560 ,
2405 4495 2749 4567 legislatorem
2775 4514 2933 4568 super
2960 4515 3063 4554 eos.
3099 4497 3281 4555 Sciant
3309 4511 3505 4573 gentes,

1888 4587 2132 4656 quoniam
2179 4587 2405 4642 homines
2451 4587 2592 4643 sunt.
2645 4589 2971 4661 Diapsalma.
3022 4592 3215 4661 Alius,
3264 4594 3505 4668 Semper.

1888 4682 2029 4752 Quid
2054 4691 2160 4749 est,
2184 4682 2444 4740 Constitue
2464 4685 2805 4758 legislatorem
2826 4706 2980 4761 super
3003 4690 3144 4762 ipsos
3162 4691 3189 4746 7
3212 4691 3507 4761 Quoniam,

1890 4776 2099 4847 inquit,
2124 4776 2303 4832 omnia
2337 4776 2539 4847 faciunt
2578 4779 2802 4849 perinde
2827 4796 2891 4851 ac
2920 4782 2967 4837 si
3005 4795 3190 4840 essent
3232 4787 3314 4841 sui
3340 4786 3507 4859 juris,

1889 4867 2138 4923 nolentes
2163 4867 2294 4925 dare
2320 4884 2530 4940 poenas,
2565 4870 2831 4929 ulciSCere
2848 4915 2863 4941 ,
2892 4882 2949 4930 et
2974 4875 3044 4931 sit
3069 4876 3151 4933 eis
3178 4880 3507 4951 supplicium

1890 4973 1989 5029 pro
2018 4958 2409 5017 admonitione.
2443 4961 2557 5018 [Ioc
2585 4963 2726 5019 alius
2754 4980 2969 5037 quoque
2996 4967 3330 5041 significans,
3357 4972 3509 5029 dicc-

1889 5050 1984 5107 bat
2012 5070 2025 5107 :
2052 5050 2345 5121 Constitue,
2394 5052 2647 5122 Domine,
2682 5056 2756 5110 eis
2781 5057 3034 5113 timerent.
3070 5059 3204 5117 Vide
3229 5064 3511 5132 quomodo

1890 5159 1999 5199 non
2028 5145 2221 5215 qnazrit
2250 5154 2309 5201 ut
2338 5146 2652 5217 puniantur,
2677 5147 2772 5204 sed
2801 5161 2860 5204 ut
2887 5149 3302 5221 admoneamur,
3334 5157 3510 5211 corri-

1888 5248 2119 5311 gantur,
2149 5246 2205 5294 et
2230 5254 2339 5294 non
2370 5240 2552 5295 vivant
2587 5240 2790 5312 inique.
2825 5242 2941 5297 Erit
2966 5244 3147 5311 enim,
3180 5246 3391 5318 inquit,
3426 5251 3509 5306 eis

1892 5331 2215 5402 supplicium
2255 5332 2375 5388 loco
2415 5333 2836 5400 admonitionis,
2870 5349 2977 5392 non
3005 5336 3086 5392 eis
3114 5347 3359 5406 tantum,
3407 5342 3506 5397 sed

1892 5424 2055 5480 etiam
2081 5424 2224 5480 aliis.
2254 5424 2322 5480 Et
2353 5433 2412 5481 ut
2438 5426 2582 5483 scias
2608 5436 2866 5498 quantum
2894 5442 2961 5484 ex
2988 5444 3055 5486 eo
3080 5431 3153 5486 sit
3178 5431 3424 5501 lucrum,
3452 5444 3509 5490 et

1893 5515 2166 5595 quomodo
2192 5516 2440 5572 morbum
2468 5519 2751 5587 reprimat,
2780 5514 3082 5597 audi'quod
3125 5521 3384 5595 deinceps
3421 5540 3506 5580 se-

1900 5602 2108 5672 quitur.
2136 5602 2321 5659 Sciant
2342 5616 2517 5678 gentes
2538 5608 2680 5678 quod
2703 5609 2939 5665 homines
2961 5602 3291 5681 sunt.,Quod
3315 5621 3499 5669 autem

1898 5694 2056 5760 dicit,
2086 5696 2403 5768 hujusmodi
2431 5708 2515 5756 est
2545 5718 2558 5753 :
2592 5700 2747 5757 Multi
2784 5702 2888 5759 hoc
2915 5704 3083 5760 etiam
3117 5705 3498 5775 perdiderunt,

1897 5799 2111 5845 naturae
2143 5790 2297 5846 obliti
2337 5801 2486 5857 sunt,
2518 5794 2570 5847 in
2604 5793 2844 5851 furorem
2880 5797 3245 5869 impegerunt,
3282 5800 3499 5870 scipsos

1899 5880 2240 5952 ignorarunt.
2270 5883 2335 5940 Et
2357 5886 2581 5957 pulchre
2599 5888 2799 5958 adjecit
2816 5888 2972 5949 illud.
2989 5889 3228 5964 Semper,
3250 5899 3305 5948 ut
3328 5890 3495 5965 signi-
