4068 6442
575 457 677 512 135

576 573 756 628 liearet
798 579 902 621 non
947 563 1119 619 solum
1164 560 1219 629 in
1260 558 1420 613 rebus
1464 551 1701 608 adversis
1727 592 1741 616 ,
1783 547 1878 603 sed
1907 543 2152 598 etiamin

578 659 848 718 secundis.
891 654 1089 712 Verum
1114 695 1130 721 ,
1175 652 1221 708 si
1263 665 1356 706 eos
1397 662 1539 702 nunc
1584 641 1858 714 punieris,
1901 635 2161 691 habentes

583 764 830 823 magnum
875 729 1155 811 timorem,
1194 749 1249 797 et
1292 721 1604 795 memoriam
1645 732 1906 788 malorum
1933 739 2056 798 quae
2081 723 2161 779 eis

581 818 877 898 evenerunt
898 877 916 904 ,
961 834 1169 894 etiamsi
1214 832 1295 888 eis
1341 841 1593 902 prospere
1640 838 1728 880 res
1769 818 2158 881 successerint,

581 938 752 989 scient
774 945 924 988 suam
955 936 1221 984 naturam.
1749 910 1756 914 ’

652 1022 708 1078 9.
736 1019 1047 1093 Ignorantia.
1067 1016 1270 1090 grauior
1297 1010 1599 1086 phrenitide.
1617 1036 1692 1050 -—
1711 1005 1873 1062 Vides
1898 999 2165 1093 quomodo

589 1127 684 1181 pro
722 1091 802 1166 eis
845 1110 1138 1164 orationem
1179 1104 1408 1171 emittit,
1449 1113 1742 1168 eorumque
1781 1094 1898 1149 vult
1919 1091 2166 1149 furorem

589 1201 783 1272 corrigi
802 1201 827 1256 ι
849 1201 1069 1270 Seipsos
1089 1197 1231 1253 enim
1260 1195 1507 1264 ignorare
1522 1199 1605 1246 est
1622 1198 1875 1244 extremm
1899 1181 2164 1244 amentiae,

585 1304 643 1352 et
671 1292 921 1366 phrenesi
951 1289 1183 1361 gravius.
1215 1282 1328 1342 Hoc
1350 1284 1492 1340 enim
1519 1290 1600 1336 est
1636 1279 1856 1335 morbus
1885 1272 2170 1329 necessita-

593 1359 708 1441 tis':
741 1382 871 1439 illud
901 1359 1030 1436 vero
1063 1384 1330 1446 corruptae
1356 1371 1661 1428 voluntatis.
1694 1369 1746 1423 i.
1775 1365 1840 1421 Ut
1877 1363 2026 1435 quid,
2060 1359 2172 1414 Do-

591 1478 757 1541 mine,
786 1472 1032 1530 recessisti
1060 1472 1230 1542 longe,
1263 1468 1478 1538 despicis
1502 1467 1554 1518 in
1593 1455 2057 1535 opportunitatibus
2075 1494 2090 1518 ,
2119 1452 2172 1505 in

595 1564 1000 1621 tribulationibus
1024 1561 1050 1616 1'
1091 1561 1218 1616 llaec
1241 1558 1369 1612 dicit
1392 1554 1675 1627 propheta,
1701 1562 1862 1605 orans
1890 1555 1944 1603 et
1971 1542 2174 1613 suppli-

1276 441 1334 497 S.
1373 433 1648 495 JOANNIS
1669 426 2139 487 CHRYSOSTOMI
2181 420 2495 478 ARCIIIEP.
2535 413 3065 476 CONSTANTINOP.
3754 403 3855 463 £36

2266 539 2450 592 anima
2487 551 2594 592 suta
2615 576 2632 604 ,
2671 543 2718 588 ct
2745 548 2931 588 auarus
2971 527 3260 591 benedixit,
3305 525 3517 579 irritavit
3559 520 3854 578 Dominum.

2267 630 2485 696 Quando
2504 625 2726 685 realtata
2747 623 2899 695 fuerit
2924 624 3004 676 ira
3023 621 3156 690 ejus,
3181 635 3283 672 non
3302 617 3502 687 qutarit.
3527 613 3701 679 Alius,
3727 612 3870 692 Quid

2265 721 2490 777 laudauit
2531 720 2584 774 in
2611 717 2861 791 desiderio
2889 715 3077 768 aninne
3117 725 3259 776 sua,
3292 719 3339 764 et
3365 723 3549 762 auarus
3585 705 3672 777 qui
3709 703 3868 759 bene-

2266 813 2418 876 dixit,
2451 808 2670 864 detraxit
2696 805 2936 861 Domino.
2971 801 3174 873 Impius
3202 800 3478 855 secundant
3505 795 3870 852 exultatione»:

2267 904 2362 958 ira:
2387 917 2495 956 sua:
2520 917 2619 954 non
2645 899 2892 969 exquiret.
2922 893 3267 964 Septuaginta
3301 898 3499 954 autem,
3528 882 3820 941 Easdem
3832 883 3874 936 it

2271 993 2549 1050 Dominum
2590 1000 2868 1062 peccator:
2899 986 3174 1042 secundum
3215 981 3589 1058 multitudinem
3631 980 3727 1034 ire:
3763 991 3881 1032 sine

2271 1105 2373 1141 non
2392 1097 2598 1156 qureret.
2627 1082 2815 1138 Vidisti
2838 1097 2946 1152 quo
2968 1081 3154 1135 vitium
3183 1075 3536 1147 processerit?
3561 1073 3702 1145 Quid
3725 1073 3877 1132 dico.

2274 1179 2464 1250 inquit,
2493 1193 2614 1233 eum
2645 1191 2908 1246 pauperes
2936 1173 3178 1228 molestia
3206 1169 3470 1225 afﬁcere?
3495 1168 3676 1238 Ipsum
3705 1166 3880 1220 Deum

2277 1273 2468 1326 irritat.
2501 1267 2570 1324 Et
2597 1267 2873 1323 secundum
2899 1263 3272 1320 multitudinem
3295 1262 3388 1315 ira
3406 1274 3516 1315 sum
3535 1275 3638 1313 non
3660 1264 3880 1329 quaret,

2279 1363 2470 1433 inquit,
2496 1359 2676 1415 Deum.
2712 1359 2864 1415 Alius
2889 1368 3067 1411 autem
3093 1355 3197 1410 hoc
3221 1350 3455 1409 ostendit
3482 1350 3584 1406 diei
3613 1350 3682 1406 de
3712 1349 3885 1418 impio

2278 1455 2493 1520 dicens,
2522 1452 2868 1509 Exaltationis
2893 1463 3031 1515 sure,
3065 1446 3168 1502 hoc
3194 1457 3277 1502 est
3295 1487 3310 1513 ,
3339 1445 3696 1517 arrogantia,
3727 1443 3886 1499 inso-

2284 1548 2486 1602 lentiae.
2517 1543 2705 1601 Vidisti
2748 1543 3011 1613 insignem
3051 1539 3314 1595 insaniam
3349 1546 3405 1594 et
3429 1536 3833 1607 corruptionem
3860 1533 3888 1587 2

596 1671 725 1712 cans
767 1669 833 1710 ex
874 1664 1101 1724 persona
1145 1662 1326 1704 eormn
1349 1625 1444 1717 qui
1474 1643 1779 1714 afﬂiguntur
1801 1681 1817 1705 ,
1863 1651 1970 1692 non
1999 1641 2177 1689 autem
2283 1637 2382 1694 Est
2406 1637 2492 1701 iis,
2519 1636 2607 1707 qui
2634 1645 2758 1690 sunt
2782 1632 3024 1705 ejusdem
3048 1631 3224 1702 gentis
3250 1644 3315 1685 ac
3350 1628 3589 1700 generis,
3632 1625 3807 1681 hostis
3829 1634 3892 1680 et

597 1759 854 1802 accusans
877 1717 902 1797 -ε
934 1742 1092 1798 absit.
1135 1737 1268 1796 Nam
1296 1737 1449 1792 multi
1490 1747 1674 1790 eorum
1719 1729 1810 1800 qui
1852 1726 2177 1794 afﬂiguntur.
2291 1729 2560 1794 inimicus,
2583 1742 2613 1781 a
2641 1727 2836 1781 virtute
2859 1724 3066 1779 alienus
3084 1763 3099 1790 ,
3125 1729 3333 1778 amator
3358 1719 3471 1775 vitii
3500 1727 3662 1789 atque
3692 1717 3890 1773 lauda-

602 1854 712 1908 ρτιε
736 1836 924 1892 dolore
951 1833 1172 1904 cupiunt
1200 1838 1323 1884 ante
1359 1836 1569 1896 ιεηιμιε
1605 1820 1929 1879 conveniens
1953 1815 2067 1871 ῧεεΐί
2091 1814 2178 1883 Ῑυ·
2295 1830 2397 1877 tor.
2426 1819 2491 1875 Et
2523 1818 2744 1888 pulchre
2771 1816 2906 1870 dixit
2944 1813 3080 1868 alius
3102 1855 3118 1879 ,
3147 1810 3270 1866 Non
3299 1819 3372 1865 est
3397 1807 3536 1864 Deus
3561 1809 3614 1862 in
3654 1806 3894 1861 omnibus

603 1900 798 1983 ilicium
827 1943 842 1981 :
872 1900 1316 1995 quemadmodum
1339 1919 1428 1990 qui
1466 1923 1751 1977 secantur,
1796 1906 2031 1964 nondum
2063 1919 2184 1974 pcr-
2289 1913 2400 1982 ejus
2441 1906 2862 1981 cogitationibus,
2907 1903 3215 1975 signiﬁcans
3257 1900 3423 1956 Deum
3467 1913 3574 1954 non
3617 1912 3894 1968 quaerere,

605 2021 741 2076 lecta
768 1990 1006 2073 sectione
1029 1994 1220 2085 rogant
1245 2011 1506 2066 medicum
1524 2041 1544 2072 ,ι
1573 2013 1628 2060 Ill
1657 2016 1870 2059 “Ianum
1895 1999 2186 2064 abSliIIcal.
2293 2002 2507 2074 plenum
2537 2013 2657 2054 esse
2685 1996 2938 2062 tenebris,
2962 2010 3070 2049 non
3097 1991 3295 2047 habere
3325 1990 3468 2046 illius
3495 1990 3748 2044 timorem
3781 2002 3898 2058 pra:

607 2075 919 2165 damnosam
947 2075 1160 2176 quidem
1188 2103 1411 2174 gratiam
1441 2106 1702 2168 petentes,
1727 2108 1794 2149 eo
1817 2099 2017 2156 autem,
2044 2085 2185 2158 quod
2290 2090 2480 2147 oculis.
2514 2086 2620 2143 Sed
2647 2081 3098 2158 quemadmodum
3129 2082 3273 2136 leuia
3313 2079 3565 2134 obscurat
3605 2075 3894 2148 pupillam,

609 2217 719 2258 non
745 2199 922 2255 (erant
946 2166 1223 2262 dolorem,
1256 2194 1358 2247 hoc
1397 2166 1634 2262 agentes.
1667 2186 1821 2255 Saepe
1846 2190 2023 2237 autem
2049 2177 2189 2248 apud
2292 2183 2362 2238 ita
2391 2181 2549 2236 etiam
2579 2175 2896 2247 improbitas
2923 2181 3178 2234 mentem.
3207 2172 3413 2238 lertq-ue
3439 2183 3537 2240 per
3567 2166 3897 2262 praecipitia.

611 2254 850 2350 medicos
876 2254 1234 2343 vociferantur
1274 2301 1288 2335 :
1321 2254 1546 2337 Turs-isti
1591 2291 1679 2333 me
1699 2318 1714 2342 ,
1760 2254 2036 2346 perdidisti
2080 2283 2188 2335 me,
2295 2274 2347 2329 5.
2378 2271 2500 2326 Non
2528 2277 2598 2324 est
2625 2266 2765 2322 Deus
2793 2268 2847 2320 in
2886 2272 3155 2334 conspectu
3191 2261 3324 2332 ejus.
3357 2260 3506 2315 Alius
3530 2299 3546 2323 ,
3590 2254 3695 2311 Per
3722 2270 3903 2311 onmes

613 2398 702 2440 me
743 2380 812 2435 de
855 2378 1033 2434 medio
1077 2374 1374 2439 sustulisti;
1421 2373 1536 2425 haec
1583 2378 1758 2422 autem
1788 2366 1948 2421 verba
1990 2378 2099 2418 non
2125 2376 2194 2416 ex
2296 2365 2622 2436 cogitationes
2663 2363 2793 2434 ejus.
2843 2357 3137 2429 lnquinatte
3180 2364 3298 2411 sunt
3339 2355 3435 2409 uite
3475 2353 3614 2408 illius
3658 2352 3716 2405 in
3757 2351 3905 2404 omni

610 2482 809 2539 tuente,
839 2470 934 2526 sed
958 2485 1024 2525 ex
1047 2468 1234 2524 dolore
1259 2463 1574 2537 procedunt.
1604 2461 1676 2515 ita
1717 2469 1864 2515 certe
1904 2455 2056 2512 multi
2093 2469 2193 2525 pu-

613 2565 716 2619 silli
744 2571 798 2618 et
825 2561 1017 2630 abiecti
1045 2559 1204 2614 animi
1233 2555 1436 2620 dicunt,
1479 2554 1530 2607 in
1554 2549 1930 2606 afﬂictionibus
1956 2546 2196 2601 laborem

613 2669 721 2711 non
746 2652 1004 2708 ferentes.
1034 2647 1332 2719 Sepitonias
1358 2653 1569 2716 quoque
1609 2642 1698 2697 tali
1739 2640 1982 2696 oratione
2011 2634 2195 2693 utitur.

613 2743 722 2801 Sed
763 2742 878 2798 hac
904 2739 1122 2812 quidem
1147 2739 1200 2793 in
1226 2737 1402 2793 Veteri
1429 2777 1444 2802 ,
1473 2732 1685 2806 quando
1727 2741 1880 2786 erant
1905 2727 2197 2784 certamina

619 2833 939 2890 moderata:
968 2830 1124 2900 longe
1165 2837 1340 2882 autem
1369 2824 1632 2879 absunt-a
1669 2821 1801 2877 Novi
1841 2818 2193 2891 philosophia.

614 2926 671 2980 2.
710 2923 843 2978 Dum
882 2921 1105 2993 superbit
1142 2917 1350 2990 impius,
1380 2914 1664 2970 incenditur
1699 2927 1910 2984 pauper.
1953 2909 2200 2980 Compre-

619 3013 910 3069 henduntur
940 3012 994 3064 in
1018 3008 1243 3064 consiliis
1261 3048 1278 3074 ,
1317 3021 1432 3077 qua:
1469 3004 1708 3075 cogitant.
1753 3001 1902 3056 Alius
1922 3041 1937 3065 ,
1965 2999 2204 3070 Compre-

623 3103 928 3171 Itendqntur.
957 3103 1013 3156 3.
1041 3099 1294 3166 Quoniam
1320 3095 1561 3151 laudatur
1591 3102 1822 3164 peccator
1848 3092 1902 3146 in
1942 3090 2204 3146 desideriis

624 3194 812 3248 animat
839 3202 981 3259 sum,
1006 3201 1053 3244 et
1080 3190 1280 3260 iniquus
1305 3186 1627 3241 benedicitnr.
1665 3183 1718 3238 4.
1751 3181 2075 3237 Eaacerbavit
2102 3179 2204 3234 Do-

622 3285 816 3340 minum
870 3291 1126 3354 peccator.
1182 3276 1482 3348 Propheta,
1530 3275 1776 3345 imposita
1833 3273 1934 3328 sibi
1980 3285 2206 3342 persona

623 3374 900 3444 supplicis,
931 3381 989 3428 et
1030 3365 1225 3440 rogans
1265 3382 1363 3438 pro
1406 3369 1470 3422 iis
1511 3366 1600 3436 qui
1645 3364 1950 3419 afﬁciuntur
1991 3361 2205 3433 injuria,

630 3465 759 3519 dicit
787 3464 946 3519 etiam
973 3459 1280 3516 alieétioncs
1305 3472 1424 3529 quae
1453 3464 1750 3521 venerunt,
1793 3469 1913 3526 quae
1951 3464 2074 3508 sunt
2111 3451 2210 3507 bu-

629 3567 804 3610 manz
841 3550 1248 3614 imbecillitatis;
1280 3562 1472 3617 nempe
1496 3557 1622 3602 ante
1651 3545 1979 3616 punitionem
2007 3543 2126 3614 angi
2157 3551 2212 3599 et

630 3641 922 3700 excruciari
953 3656 1096 3702 cum,
1123 3641 1208 3695 cui
1233 3638 1295 3694 lit
1326 3638 1537 3708 injuria,
1569 3652 1674 3692 non
1712 3638 1968 3692 ferentem
1992 3649 2211 3707 prospe-

634 3736 846 3791 ritatem
877 3730 1124 3803 improbi.
1155 3730 1270 3804 Non
1303 3740 1384 3787 cst
1413 3737 1590 3785 autem
1622 3743 1841 3798 parvum
1873 3728 1975 3783 hoc
2001 3742 2212 3798 quoque

629 3821 966 3893 supplicium.
1006 3819 1209 3876 Deinde
1235 3828 1408 3890 rogat,
1439 3829 1499 3874 ut
1533 3818 1658 3873 dent
1686 3831 1902 3887 poenas,
1930 3827 1983 3872 et
2025 3832 2210 3872 eorum

634 3912 689 3967 in
719 3912 923 3983 seipsos
949 3919 1228 3966 vertantur
1265 3909 1469 3964 insidiae
1493 3924 1509 3975 ;
1537 3908 1672 3963 dicit
1697 3909 1853 3967 etiam
1885 3909 2216 3964 intolerabile

631 4018 813 4076 genus
837 4001 1206 4073 improbitatis.
1239 4002 1515 4071 Quodnam
1564 4009 1741 4055 autem
1774 4000 1874 4056 hoc
1915 4001 2035 4055 est?
2076 3999 2215 4069 Quo-

639 4095 778 4150 niaut
815 4094 1057 4148 laudatur
1083 4103 1316 4164 peccator
1349 4092 1401 4145 in
1430 4091 1693 4146 desideriis
1734 4091 1918 4144 anima:
1953 4106 2078 4145 suat.
2111 4091 2216 4146 Pro

641 4187 709 4242 iis
736 4199 834 4256 pro
862 4185 1054 4255 quibus
1081 4199 1141 4240 se
1163 4183 1494 4239 abscondere
1517 4223 1530 4246 ,
1557 4198 1656 4255 pro
1683 4184 1874 4254 quibus
1901 4184 2217 4240 erubescere

638 4277 954 4348 oportebat,
997 4291 1098 4346 pro
1139 4276 1204 4331 iis
1242 4277 1295 4330 in
1344 4274 1696 4352 admiratione
1740 4276 1998 4344 habetur,
2028 4291 2127 4346 pro
2152 4277 2218 4333 iis

635 4367 904 4423 laudatur:
946 4366 1226 4436 Quomodo
1264 4374 1440 4422 autem
1471 4366 1666 4437 poterit
1706 4366 1829 4421 huic
1856 4366 2109 4437 deinceps
2135 4383 2222 4423 re-

639 4458 873 4515 medium
897 4457 1142 4514 sdhiberi
1158 4499 1175 4525 ,
1205 4457 1418 4528 quando
1444 4456 1689 4512 laudatur
1713 4456 1945 4511 vitium?
1987 4457 2101 4514 Hoc
2128 4472 2221 4514 au-

642 4563 747 4607 tem
776 4566 918 4608 nunc
942 4565 1154 4622 quoque
1182 4549 1259 4605 lit.
1303 4549 1401 4607 Hie
1425 4549 1479 4605 in
1507 4549 1861 4606 admiratione
1889 4548 2131 4617 habetur,
2161 4561 2220 4606 ut

639 4641 729 4713 qui
759 4641 830 4697 sit
855 4652 1080 4713 potens;
1111 4640 1202 4696 ille
1227 4654 1354 4696 vero
1373 4682 1389 4706 ,
1419 4649 1477 4696 ut
1501 4639 1591 4711 qui
1618 4639 1910 4694 ulciscatur
1937 4640 2180 4696 inimicos
2205 4661 2218 4697 :

633 4733 776 4789 alius
803 4746 932 4788 vero
957 4741 1011 4787 ut
1042 4731 1294 4802 prudens,
1326 4731 1575 4801 quoniam
1605 4732 1842 4787 omnium
1873 4732 2012 4788 bona
2041 4748 2223 4789 corra-

639 4822 712 4878 sit
742 4839 757 4877 :
785 4829 841 4877 et
863 4836 983 4878 eum
1014 4820 1247 4890 scipsum
1277 4820 1600 4891 perdiderit,
1631 4835 1751 4876 eum
1777 4821 1959 4877 dicunt
1987 4824 2221 4893 seipsum

645 4913 949 4982 invenisse,
977 4924 1032 4970 et
1059 4913 1148 4968 alii
1176 4913 1279 4968 alia
1309 4911 1533 4969 dicunt:
1560 4911 1628 4969 de
1656 4913 2019 4984 spiritualibus
2045 4927 2222 4972 autem

642 5003 803 5058 rebus
830 5018 897 5060 ne
920 5003 1145 5059 verbum
1185 5002 1420 5074 quidem.
1452 5001 1570 5059 Non
1611 5004 1720 5060 cito
1759 5003 2004 5060 laudatur
2028 5007 2116 5077 qui
2142 5016 2227 5064 est

641 5109 671 5146 a
703 5094 929 5164 negotiis
956 5094 1199 5159 alienus;
1245 5109 1344 5150 nec
1387 5095 1714 5165 paupertatis
1738 5105 1986 5152 amator:
2014 5097 2108 5153 sed
2135 5099 2223 5166 qui

642 5193 727 5236 est
751 5183 1052 5253 opulentus,
1081 5192 1427 5255 eauponator,
1461 5184 1727 5253 adulator,
1756 5187 1846 5256 qui
1878 5201 1976 5258 pro
1996 5188 2139 5243 nulla
2167 5205 2226 5245 re

647 5273 762 5328 utili
803 5274 1015 5329 senilis
1056 5274 1170 5329 obit
1208 5273 1525 5332 ministeria.
1575 5275 1701 5332 ilice
1741 5275 1905 5332 deﬂet
1945 5278 2223 5349 propheta,

643 5365 787 5433 quod
807 5355 993 5426 vitium
1022 5365 1092 5421 ita
1124 5365 1430 5434 inv-aluerit,
1463 5377 1520 5423 ut
1544 5368 1646 5423 Sibi
1677 5368 1885 5439 placeat
1910 5378 1965 5425 et
1990 5369 2229 5426 blandia-

648 5463 767 5519 tur,
799 5461 853 5509 et
887 5454 1140 5538 quodest
1175 5458 1407 5528 gravius,
1433 5467 1493 5514 ut
1517 5458 1734 5515 minime
1759 5459 2081 5527 erubescat,
2129 5476 2228 5518 nec

641 5544 815 5599 solum
843 5546 1077 5616 seipsum
1105 5546 1284 5604 laudet
1324 5560 1541 5620 propter
1569 5565 1632 5605 ea
1661 5564 1781 5620 qua:
1811 5548 1971 5617 facit,
2003 5551 2101 5606 sed
2135 5551 2231 5605 ba-

650 5634 774 5691 heat
795 5637 954 5694 etiam
981 5638 1115 5694 alios
1145 5638 1468 5696 laudatores.
1498 5640 1633 5710 Quid
1674 5641 1775 5698 hac
1801 5654 1980 5699 autem
2022 5644 2228 5700 insania

652 5727 812 5785 fuerit
831 5729 1102 5787 deterius?
1130 5729 1462 5788 Exacerbatn’t
1481 5727 1753 5788 Dominum
1779 5746 2029 5807 peccator.
2055 5734 2225 5801 Alius,

644 5820 894 5887 Quoniam
938 5837 1052 5876 cum
1095 5821 1317 5878 laudauit
1362 5824 1561 5895 iniquus
1606 5829 1878 5881 secundum
1917 5827 2223 5884 desiderium

2299 2465 2538 2524 tempore.
2578 2452 2893 2522 Auferuntur
2922 2449 3127 2522 judicia
3162 2456 3250 2501 tua
3289 2462 3323 2498 tt
3363 2444 3495 2516 facie
3536 2445 3666 2514 ejus.
3716 2441 3904 2505 Alius,

2302 2545 2572 2601 Sublatum
2615 2551 2687 2597 est
2719 2541 2978 2614 judicium
3021 2548 3184 2592 tuum.
3230 2535 3419 2590 Vidisti
3462 2532 3700 2589 fructum
3737 2530 3906 2585 vitii?

2303 2637 2417 2694 Lux
2441 2636 2557 2706 ejus
2581 2634 2950 2704 exstinguitur,
2983 2631 3307 2686 bebctantur
3341 2627 3639 2694 ratiocinia,
3674 2624 3908 2681 traditur

2302 2729 2542 2797 captivus
2587 2723 2936 2796 improbitati.
2985 2719 3450 2790 Quemadmodum
3492 2718 3634 2773 enim
3689 2716 3910 2787 quiest

2304 2817 2594 2875 luminibus
2619 2817 2784 2872 orbus
2824 2814 3134 2885 frequenter
3172 2810 3362 2873 incidit
3407 2810 3462 2866 in
3503 2807 3758 2865 barathra
3780 2849 3799 2877 ,
3831 2807 3910 2863 ita

2306 2910 2394 2966 hic
2423 2909 2603 2974 etiam,
2637 2907 2888 2979 quoniam
2919 2905 3014 2960 Dei
3043 2905 3288 2959 timorem
3318 2916 3427 2957 non
3455 2901 3614 2956 habet
3636 2915 3751 2972 pra
3779 2913 3914 2954 ocuo

2307 3002 2374 3058 lis
2393 3043 2408 3068 ,
2437 3002 2489 3057 in
2515 3001 2645 3057 vitio
2681 3008 2941 3070 perpetuo
2964 3007 3247 3060 versatur;
3297 3009 3404 3049 non
3433 3007 3574 3048 nunc
3602 2990 3826 3063 quidem
3855 2991 3915 3047 in

2307 3093 2528 3156 virtute,
2558 3105 2700 3146 nunc
2723 3099 2902 3144 autem
2929 3089 2981 3142 in
3009 3088 3158 3155 vitio,
3191 3085 3285 3141 sed
3311 3099 3524 3156 semper
3548 3083 3602 3138 in
3621 3082 3781 3148 vitio,
3809 3097 3916 3137 nec

2307 3184 2567 3256 gehennze
2595 3181 2869 3243 meminit.
2900 3194 3001 3235 nec
3027 3177 3195 3233 futuri
3237 3175 3459 3248 iudicii,
3487 3190 3589 3230 nec
3615 3173 3918 3230 reddenda:

2309 3275 2533 3330 rationis
2566 3290 2580 3327 :
2613 3272 2706 3328 sed
2751 3271 2835 3327 his
2881 3261 3385 3326 omnibus'auxiliis
3432 3256 3704 3336 tamquam
3755 3264 3919 3320 freno

2311 3363 2570 3430 excussis,
2603 3372 2870 3432 tamquam
2899 3359 3052 3415 navis
3078 3358 3301 3412 minime
3337 3356 3616 3411 saburrata
3635 3397 3651 3418 ,
3682 3350 3920 3410 tra‘ditur

2312 3458 2469 3514 malis
2497 3454 2774 3528 spiritibus
2798 3463 2852 3510 et
2877 3453 3035 3508 srvis
3063 3448 3334 3516 ﬂuetibus,
3363 3464 3486 3504 eum
3513 3447 3695 3503 nullus
3722 3448 3796 3502 sit
3822 3450 3918 3519 qui

2313 3549 2428 3620 ejus
2455 3548 2692 3602 animum
2719 3555 2868 3616 regat
2893 3551 2946 3601 et
2971 3544 3230 3598 instituat.
3255 3540 3448 3597 Vidisti
3479 3541 3676 3595 malum
3708 3541 3764 3595 in
3796 3541 3921 3610 ipso

2314 3643 2475 3699 etiam
2522 3640 2652 3694 vitio
2696 3651 2882 3709 pruinas
2923 3636 3115 3693 lueret
3163 3634 3301 3704 Quid
3344 3634 3487 3691 enim
3517 3647 3657 3704 equo
3696 3632 3916 3700 cll‘rcni,

2315 3731 2444 3804 quid
2473 3746 2606 3787 nave
2631 3731 2716 3787 cui
2738 3730 2893 3786 deest
2917 3728 3161 3792 saburra,
3189 3725 3318 3798 quid
3342 3724 3512 3780 oculis
3538 3725 3673 3780 orbo
3693 3723 3920 3781 homine

2315 3825 2534 3898 gravius
2557 3824 2583 3876 ἳ
3017 3873 3020 3875 ,

2390 3914 2477 3970 10.
2509 3912 2717 3968 Hiseria
2742 3910 3053 3983 peccatoris,
3095 3904 3279 3963 iimore
3304 3906 3402 3962 Dei
3439 3921 3686 3973 massa;
3728 3922 3918 3983 pecca-

2320 4007 2415 4061 tori
2444 4020 2543 4059 non
2573 4003 2954 4058 blandiendum.
2984 4031 3055 4042 --
3101 3999 3208 4056 Sed
3252 4000 3337 4054 bis
3363 3998 3612 4054 omnibus
3661 3998 3921 4055 miserior

2279 4124 2289 4131 ί
2320 4106 2403 4152 est
2428 4096 2517 4167 qui
2556 4094 2685 4150 vivit
2712 4094 2765 4149 in
2795 4093 2925 4149 vitio
2944 4134 2959 4161 ,
3004 4103 3063 4148 ut
3087 4094 3176 4165 qui
3203 4093 3470 4148 exstincta
3503 4091 3623 4147 luee
3646 4133 3662 4157 ,
3693 4106 3821 4163 quin
3851 4106 3918 4147 ex

2321 4187 2415 4244 Dei
2444 4189 2633 4242 timore
2654 4185 3022 4258 proficiscitur,
3044 4186 3284 4254 captivus
3302 4185 3373 4239 sit
3394 4184 3640 4240 traditus.
3673 4182 3922 4239 Onmium

2320 4278 2638 4332 inimicorum
2657 4292 2865 4332 suorum
2889 4275 3250 4330 dominabitur.
3281 4275 3336 4331 6.
3362 4274 3506 4329 Dixit
3527 4275 3668 4330 enim
3691 4274 3747 4329 in
3761 4276 3922 4330 corde

2322 4384 2415 4424 suo
2441 4383 2461 4423 :
2497 4365 2617 4422 Non
2660 4367 2892 4422 movebar
2916 4382 2948 4420 a
2974 4367 3297 4439 generatione
3323 4367 3377 4421 in
3401 4366 3781 4439 generationem
3806 4367 3922 4423 sine

2322 4457 2479 4512 malo.
2530 4456 2715 4521 Alius,
2761 4455 2948 4512 Omnes
2988 4457 3221 4511 inimicos
3253 4473 3372 4512 suos
3405 4454 3635 4522 uentilat,
3664 4455 3844 4511 dicens
3867 4457 3922 4510 in

2325 4548 2476 4604 corde
2508 4535 2653 4603 suo:
2681 4546 2804 4604 Non
2839 4558 3102 4604 convertar
3139 4549 3194 4603 in
3233 4549 3607 4621 generationem
3631 4557 3680 4604 et
3701 4564 3923 4620 genera-

2324 4641 2528 4694 tionem.
2564 4637 2687 4706 Non
2717 4640 2850 4694 enim
2888 4656 2974 4694 ero
3012 4641 3066 4694 in
3098 4639 3384 4711 afﬂictione.
3431 4639 3616 4695 Vidisti
3656 4653 3923 4711 arrogan-

2327 4731 2492 4786 tiam?
2522 4729 2694 4786 vidisti
2725 4731 3134 4787 inenarrabilem
3162 4731 3517 4803 perditionem
3537 4730 3562 4786 τ
3585 4730 3767 4787 vidisti
3789 4747 3924 4802 pau-

2327 4822 2474 4877 latim
2521 4823 2702 4893 augeri
2744 4822 3005 4878 exitium?
3058 4823 3240 4878 vidisti
3292 4821 3566 4894 quomodo
3617 4837 3740 4895 quae
3793 4837 3923 4883 sum

2326 4914 2482 4970 beata
2505 4913 2645 4985 apud
2674 4914 2862 4970 stultos
2885 4955 2902 4982 ,
2949 4929 3076 4970 vere
3117 4914 3275 4987 plena
3316 4923 3446 4970 sunt
3482 4915 3648 4970 multa
3679 4916 3937 4980 miseria;

2326 5016 2380 5062 et
2408 5005 2677 5078 quomodo
2700 5005 3038 5062 obruuntur?
3079 5006 3352 5063 Laudatur
3375 5007 3430 5064 in
3454 5008 3688 5078 peccatis
3709 5049 3727 5073 ,
3755 5009 3929 5066 benc-

2326 5096 2521 5153 dicitur
2570 5097 2643 5151 in"
2672 5095 2966 5153 maleﬁciis.
3022 5095 3135 5154 Hoc
3171 5108 3256 5154 est
3303 5099 3536 5171 primum
3581 5098 3924 5168 barathrum,

2329 5189 2468 5260 quod
2506 5190 2638 5244 satis
2677 5197 2762 5244 est
2797 5188 2884 5245 vel
2926 5187 2994 5244 ad
3033 5189 3474 5261 praecipitandum
3513 5207 3638 5249 eum
3677 5192 3769 5264 qui
3809 5208 3924 5248 non

2328 5277 2578 5335 advertit.

2401 5371 2470 5426 Et
2500 5370 2622 5427 ideo
2647 5372 2816 5442 magis
2843 5381 2968 5428 sunt
2985 5372 3301 5433 admitteudi
3325 5375 3417 5447 qui
3442 5388 3696 5434 accusant
3715 5387 3772 5434 et
3799 5393 3930 5434 eor-

2331 5464 2529 5535 rigunt,
2547 5480 2703 5535 quam
2720 5465 2810 5536 qui
2833 5464 3051 5521 laudant
3077 5475 3134 5522 et
3156 5466 3224 5522 ad
3250 5466 3527 5524 interitum
3554 5469 3928 5528 blandiuntur.

2333 5555 2397 5611 lli
2440 5557 2583 5612 enim
2627 5567 2978 5630 corrumpunt
3020 5559 3289 5627 stolidos,
3334 5568 3389 5616 et
3415 5559 3485 5616 ad
3524 5561 3698 5633 majus
3733 5564 3928 5622 vitium

2331 5650 2633 5720 propellunt
2657 5667 2669 5703 :
2693 5651 3140 5719 quemadmodum
3170 5654 3262 5725 qui
3291 5652 3434 5709 hunc
3470 5665 3807 5724 peccatorum
3838 5659 3928 5715 in-

2333 5733 2643 5807 suﬂlarunt,
2678 5741 3018 5800 instituerunt
3047 5744 3114 5800 ad
3143 5746 3429 5801 insaniam.
3477 5746 3544 5803 Et
3581 5747 3702 5805 ideo
3725 5753 3928 5810 Paulus

2339 5846 2550 5902 quoque
2585 5831 2689 5888 hoc
2728 5832 2903 5902 ipsum
2943 5833 3076 5892 dicit
3112 5834 3440 5906 Corinthiis,
3475 5842 3562 5899 de
3591 5855 3656 5896 eo
3683 5839 3773 5914 qui
3805 5855 3923 5899 erat
