4068 6430
229 363 256 416 1
267 363 336 418 57

228 473 527 531 fornicatus
555 488 570 526 :
602 469 668 525 Et
705 484 793 524 eos
827 464 998 538 inﬂati
1034 462 1154 520 estis
1174 502 1190 528 ,
1231 467 1279 515 et
1305 473 1410 513 non
1438 454 1607 527 potius
1635 448 1837 507 lanistis

226 567 314 628 ti.
341 563 463 620 Cor.
489 564 544 619 5.
567 561 673 634 2)?
703 559 864 626 Eum,
895 555 986 629 qui
1011 559 1220 626 peccat,
1251 550 1477 606 multum
1505 546 1709 616 lugere,
1729 555 1840 596 non

232 654 454 710 laudare
478 659 714 725 oportet.
738 648 930 705 Vidisti
961 657 1274 718 perversum
1299 640 1488 696 vilium
1507 677 1524 705 ,
1553 634 1698 725 quod
1726 648 1836 725 non

232 747 410 802 solum
436 723 544 799 non
572 748 888 807 accusatur,
933 735 1029 792 sed
1077 736 1240 791 etiam
1285 730 1534 786 laudibus
1561 723 1840 780 afﬁcitur?

231 837 374 893 llinc
414 850 481 891 ex
518 833 731 905 propria
757 828 1062 900 arrogantia
1091 821 1438 895 amplificavit
1478 818 1697 875 laudum
1741 815 1844 870 im-

233 926 605 997 probitatem:
635 922 832 979 oblitus
871 927 956 977 est
991 918 1202 974 timoris
1243 915 1374 982 Dei,
1416 913 1474 968 et
1513 909 1840 981 iudiciorum

233 1022 386 1094 ejus;
435 1019 562 1074 hinc
604 1018 768 1073 etiam
811 1013 1043 1085 propriae
1086 1017 1173 1066 est
1215 1016 1422 1063 natura!
1468 1005 1690 1060 oblitus.
1738 999 1841 1067 Qui

235 1114 381 1170 cnim
406 1111 733 1182 iudiciorum
763 1105 862 1162 Dei
881 1102 1251 1177 obliviscitur,
1295 1099 1379 1163 sui
1421 1097 1593 1168 ipsius
1631 1105 1844 1165 quoque

239 1205 458 1266 tandem
503 1185 859 1259 obliviscitur.
911 1197 1048 1253 Vide
1095 1208 1227 1266 ergo
1270 1207 1392 1264 qum
1433 1189 1679 1261 cogitat:
1720 1184 1845 1239 Non

237 1298 476 1353 etcreber
501 1297 557 1350 in
584 1293 956 1367 generationem
984 1284 1030 1345 et
1055 1286 1434 1361 generationem
1453 1322 1470 1347 ,
1503 1280 1593 1336 sed
1621 1296 1708 1334 ero
1738 1279 1847 1332 sine

239 1389 399 1445 malo.
427 1386 565 1456 Quid
590 1395 674 1442 est
698 1384 801 1441 hac
824 1382 1150 1455 cogitatione
1175 1377 1390 1434 stultius
1414 1416 1430 1441 ,
1464 1381 1522 1429 ut
1561 1371 1653 1444 qui
1683 1370 1846 1425 homo

239 1491 327 1539 est
348 1524 366 1549 ,
411 1479 650 1536 interitui
682 1477 967 1542 obnoxius,
1011 1473 1233 1530 caducis
1251 1485 1316 1526 ac
1341 1465 1740 1527 momentaneis
1761 1461 1848 1518 i-e-

240 1577 346 1632 bus
367 1573 690 1645 itnplicatus,
717 1581 772 1628 et
796 1564 1275 1642 innumerabilibus
1301 1560 1692 1619 mutationibus
1720 1558 1848 1614 sub-

240 1670 434 1740 jectus,
468 1667 592 1722 talia
619 1663 975 1736 imaginatur?
998 1660 1274 1718 Undenam
1301 1667 1483 1714 autem
1508 1655 1615 1711 hoc
1639 1654 1738 1709 fit?
1767 1653 1847 1708 Ex

243 1757 491 1814 stultitia.
518 1755 744 1824 Quando
768 1753 912 1810 enim
932 1753 1014 1807 vir
1042 1750 1237 1807 stultus
1258 1749 1440 1805 multis
1460 1748 1623 1803 rebus
1649 1759 1847 1801 secun-

243 1851 332 1907 dis
361 1864 490 1905 usus
515 1890 532 1916 ,
573 1843 820 1902 inimicos
846 1844 1070 1906 vicerit,
1112 1850 1169 1898 et
1193 1840 1264 1896 ab
1284 1839 1538 1895 omnibus
1576 1836 1845 1901 laudatur,

243 1951 410 2011 atque
441 1940 494 1994 in
534 1937 892 1994 admiratione
930 1933 1195 2000 habetur,
1237 1931 1481 1986 omnium
1511 1928 1851 1984 miserrimus

244 2029 498 2087 efﬂcitur.
543 2029 621 2084 Eo
655 2027 799 2085 enim
836 2025 978 2098 quod
1008 2041 1117 2081 non
1153 2031 1433 2094 exspectet
1473 2020 1850 2086 mutationem,

246 2137 426 2193 neque
454 2137 544 2177 res
570 2120 834 2178 secundas
855 2117 960 2174 fert
986 2118 1249 2184 modeste,
1278 2125 1334 2173 et
1352 2116 1397 2171 si
1424 2128 1514 2172 res
1535 2114 1582 2169 ei
1607 2112 1852 2179 adversa:

246 2216 552 2283 evenerint,
577 2229 700 2276 cum
727 2215 798 2269 sit
816 2212 1222 2285 inexercitatus,
1255 2224 1357 2284 nec
1380 2224 1476 2267 eas
1503 2209 1575 2264 sit
1594 2221 1849 2279 umquam

247 2305 562 2374 meditatus,
595 2307 845 2362 turbatur
865 2313 921 2363 et
949 2304 1326 2361 tumultuatur.
1370 2301 1442 2358 At
1470 2315 1579 2358 non
1609 2296 1848 2364 sic‘Job;

247 2399 348 2458 sed
386 2401 550 2456 etiam
591 2400 646 2455 in
684 2399 848 2455 rebus
892 2396 1146 2454 secundis
1187 2411 1276 2452 res
1312 2395 1571 2451 adversas
1616 2391 1858 2463 quotidie

223 2492 601 2562 exspectabat
623 2533 639 2557 ,
671 2499 726 2547 et
768 2489 890 2546 ideo
925 2488 1141 2545 dicebat
1169 2505 1184 2543 :
1215 2486 1390 2542 ﬂetus
1416 2501 1564 2554 quem
1594 2481 1851 2547 timebant,

250 2585 387 2639 venit
423 2583 581 2648 mihi,
621 2591 671 2637 et
708 2597 858 2654 quem
882 2580 1185 2646 timueram,
1218 2577 1438 2633 occurrit
1467 2576 1611 2631 mihi.
1665 2572 1779 2629 Nec
1804 2573 1858 2626 in

253 2693 379 2747 pace
396 2675 479 2747 egi
502 2715 517 2739 ,
547 2691 645 2745 nec
671 2673 872 2745 quievi,
901 2689 993 2729 nec
1018 2672 1208 2728 cessavi
1236 2687 1255 2726 :
1277 2672 1410 2727 venit
1430 2681 1600 2725 tamen
1626 2667 1753 2722 mihi
1778 2668 1858 2720 ira

253 2770 377 2841 (Job
403 2770 458 2826 δ.
480 2754 575 2824 25'.
602 2767 723 2837 ae).
769 2766 836 2822 Et
859 2765 983 2822 ideo
1001 2764 1138 2820 alius
1162 2763 1375 2820 dicebat
1408 2783 1422 2819 ε
1450 2760 1707 2816 Memento
1734 2770 1862 2813 tem-

253 2863 395 2933 poris
420 2861 574 2932 {antis
597 2861 651 2914 in
677 2869 903 2929 tempore
925 2857 1294 2921 abundantia;
1321 2842 1640 2926 paupertatis
1682 2861 1730 2906 et
1771 2852 1856 2905 in-

251 2955 389 3026 cpite
410 2955 464 3008 in
491 2953 574 3007 die
596 2948 1098 3022 divitiarumlEccli.
1129 2948 1217 3004 18.
1244 2947 1359 3018 25).
1391 2946 1496 3002 Sed
1528 2945 1613 3000 hic
1640 2943 1859 3015 quidem

251 3044 424 3102 semel
445 3053 748 3113 corruptus,
773 3057 879 3097 non
908 3040 1213 3096 considerat
1233 3038 1486 3104 humana,
1515 3037 1610 3092 sed
1642 3045 1862 3108 propter

254 3137 471 3196 felicem
503 3150 682 3192 rerum
725 3149 1035 3190 successum
1067 3148 1129 3188 ea
1169 3147 1291 3188 esse
1336 3127 1634 3187 immobilia
1669 3130 1862 3185 existi-

255 3240 370 3287 mat
401 3247 416 3284 :
443 3229 588 3300 quod
611 3235 698 3284 est
725 3237 982 3283 extremae.
1004 3225 1244 3280 stultitia:
1273 3212 1329 3279 et
1353 3222 1682 3292 corruptela:
1705 3236 1865 3300 argu-

257 3330 524 3387 mentum,
556 3331 612 3375 et
635 3320 848 3376 occasio
878 3317 1152 3373 interitus:
1173 3315 1252 3372 Ne
1279 3316 1467 3372 beatos
1486 3314 1746 3390 existima
1767 3329 1862 3370 eos

255 3419 348 3490 qui
384 3423 512 3472 sunt
545 3414 760 3478 divites,
806 3427 904 3469 eos
932 3413 1023 3482 qui
1053 3411 1272 3466 vincunt
1311 3409 1592 3474 inimicos,
1637 3421 1733 3462 eos
1771 3407 1862 3477 qui

257 3519 548 3584 propterea
591 3506 898 3563 laudantur.
953 3503 1142 3576 Magna
1180 3512 1308 3558 sunt
1350 3503 1468 3558 inec
1511 3500 1764 3558 barathra
1810 3510 1866 3556 et

258 3601 588 3675 prascipitia,,
627 3615 746 3671 quae
773 3598 1019 3653 homines
1049 3599 1291 3652 incautos
1315 3595 1383 3649 ad
1412 3595 1584 3665 ipsum
1615 3595 1861 3664 impieta-

263 3696 331 3749 tis
355 3691 674 3765 profundunt
701 3689 981 3761 dejiciunt.
1027 3689 1082 3743 7.
1106 3685 1265 3758 Cujus
1292 3703 1346 3741 os
1379 3686 1736 3766 maledictione
1758 3685 1868 3755 ple-

261 3805 384 3843 num
408 3795 504 3853 est,
529 3794 576 3840 et
603 3783 966 3848 amaritudine,
998 3790 1045 3834 et
1072 3780 1212 3833 dolo.
1239 3778 1348 3834 Sub
1377 3779 1552 3850 lingua
1578 3780 1692 3846 eius
1722 3778 1868 3832 labor

261 3890 310 3935 et
340 3881 504 3936 dolor.
551 3876 705 3932 Alius
727 3918 742 3944 ,
781 3873 972 3929 Inutile
999 3873 1098 3946 (α).
1145 3874 1199 3929 8.
1225 3872 1378 3928 Sedet
1421 3874 1474 3926 in
1516 3873 1716 3927 insidiis
1751 3888 1867 3926 cum

261 3970 501 4026 diritibus
536 3969 591 4022 in
623 3966 868 4030 occultis,
909 3974 964 4018 ut
1006 3964 1277 4033 interﬁciat
1307 3964 1644 4018 innocentem.
1692 3963 1864 4028 Alius,

268 4062 530 4117 lnsidians
554 4061 695 4130 apud
717 4059 884 4114 aulas.
931 4058 985 4115 9.
1020 4056 1170 4112 Oculi
1189 4059 1299 4128 ejus
1327 4059 1379 4111 in
1407 4075 1684 4128 pauperem
1709 4061 1871 4129 respi-

259 4156 423 4211 ciunt.
473 4151 760 4207 lusidiatur
792 4152 851 4217 in
895 4151 1192 4205 abscondito
1237 4151 1383 4220 quasi
1429 4152 1507 4204 leo
1536 4152 1588 4204 in
1628 4151 1871 4221 spelunca

264 4262 382 4301 sua.
433 4244 615 4307 Alius,
663 4243 823 4312 Quasi
868 4244 921 4296 in
957 4253 1098 4312 septo
1137 4258 1248 4295 suo.
1313 4240 1599 4295 lnsidiatur
1623 4253 1676 4296 ut
1701 4245 1871 4314 rapiat

266 4351 565 4406 pauperem,
583 4345 639 4388 ut
662 4335 830 4404 rapiat
857 4351 1149 4404 pauperem,
1175 4333 1296 4387 dum
1309 4334 1520 4386 attrahit
1541 4351 1673 4387 eum.
1696 4335 1868 4400 Alius,

263 4429 333 4483 lu
373 4427 620 4481 tractione
662 4427 791 4495 eius.
845 4426 932 4480 10.
959 4422 1026 4478 1η
1067 4425 1246 4495 laqueo
1281 4442 1375 4480 suo
1410 4425 1697 4479 humiliabit
1733 4444 1868 4480 eum.

210 4545 214 4548 ~
267 4522 421 4576 Alius
440 4563 454 4585 ,
487 4518 551 4572 In
575 4535 782 4590 sagena.
823 4518 1099 4573 Inclinabit
1124 4535 1179 4572 se
1205 4529 1251 4572 et
1284 4519 1462 4585 cadet,
1492 4537 1606 4572 cum
1636 4522 1872 4574 dominu-

269 4626 351 4666 tus
386 4612 538 4682 fuerit
568 4627 857 4681 pauperem.
904 4611 1086 4674 Alius,
1120 4609 1426 4681 Confractus
1455 4620 1623 4663 autem
1644 4612 1874 4680 inﬂecte-

271 4715 375 4768 tur,
404 4718 520 4756 cum
547 4703 590 4756 is
610 4702 812 4756 irruerit
835 4719 951 4756 cum
982 4701 1197 4773 fortibus
1224 4703 1329 4758 suis
1362 4704 1413 4756 in
1439 4704 1737 4758 imbecillos.

345 4796 626 4863 Corruptor
660 4794 854 4864 judicis
898 4795 1012 4864 fure
1047 4795 1209 4863 pejor.
1238 4825 1309 4834 —-—
1340 4794 1528 4849 Vidisti
1556 4811 1680 4850 eum
1710 4797 1874 4850 etiam

270 4884 523 4939 etinctum
555 4898 675 4938 csse
715 4885 1002 4938 immanem
1044 4885 1324 4938 belluam?
1368 4885 1501 4953 Eum
1551 4887 1696 4940 cnim
1744 4897 1878 4941 taut-

272 4993 434 5045 quam
464 4976 630 5032 feram
659 4976 971 5030 describens
1005 4978 1263 5046 propheta
1284 5019 1298 5042 ,
1331 4979 1405 5032 ita
1426 4978 1493 5032 de
1518 4997 1585 5034 eo
1618 4981 1876 5050 loquitur,

274 5068 464 5132 dolos,
514 5065 760 5137 fraudes,
795 5066 1013 5121 insidias
1054 5068 1360 5124 traducens.
1416 5071 1554 5136 Quid
1594 5088 1660 5126 eo
1703 5082 1881 5142 potest

274 5177 396 5215 esse
427 5158 674 5216 miserius
698 5201 713 5224 ,
741 5159 1189 5230 quid.pauperius
1213 5203 1226 5225 ,
1270 5176 1392 5215 cum
1437 5163 1689 5231 pauperis
1719 5173 1879 5234 egeat

279 5249 561 5323 pecuniis?
589 5251 739 5306 llunc
761 5266 921 5320 ergo,
959 5252 1076 5316 die,
1105 5267 1309 5321 quaeso,
1343 5254 1584 5309 dicemus
1621 5255 1880 5311 divitem?

282 5343 423 5412 Ergo
465 5342 625 5396 etiam
670 5341 841 5396 furem
891 5351 946 5396 et
989 5358 1263 5397 murorum
1311 5344 1646 5401 effossorem.
1702 5348 1876 5414 Absit,

283 5433 474 5504 inquit.
521 5432 657 5500 Quid
685 5434 828 5489 enim
857 5435 902 5489 si
945 5435 1056 5488 fora
1087 5451 1192 5489 non
1222 5435 1495 5506 perfodit?
1546 5440 1673 5510 quid
1701 5440 1746 5494 si
1773 5456 1880 5495 non

282 5538 445 5584 noctu
471 5527 800 5597 aggreditur,
828 5526 922 5583 sed
949 5543 1068 5584 cum
1097 5529 1224 5584 dolo
1244 5529 1442 5599 judicis
1475 5530 1653 5588 lumen
1681 5533 1886 5589 exstin-

309 5659 320 5670 ·
354 5643 424 5705 (a)
462 5642 567 5690 Vox
599 5640 765 5692 inutile
792 5641 1093 5705 (ᾲνωφελές).
1115 5652 1193 5692 est
1214 5642 1427 5704 Aquilia.
1457 5641 1603 5698 Infra,
1629 5643 1705 5692 ha!
1725 5657 1894 5705 voces,

290 5701 533 5773 insidians
561 5705 700 5773 apud
754 5701 896 5753 aulas
926 5701 1215 5773 ’(ἐνεδρεύων
1257 5701 1391 5773 sape
1437 5707 1521 5760 τὰς
1567 5705 1734 5764 αὐλάς)
1778 5701 1894 5773 sunt

289 5764 607 5824 Symmachi.’
625 5768 744 5825 Quae
765 5764 1048 5827 sequuntur
1069 5764 1524 5828 interpretationes
1549 5781 1762 5828 quorum
1789 5767 1893 5818 sint

292 5832 550 5896 ignoratur
581 5841 591 5875 :
613 5828 1029 5896 sed-postrema,
1075 5833 1354 5892 eonjraclus
1395 5836 1558 5880 autem
1602 5831 1659 5888 (ὁ
1781 5832 1892 5878 (Ωα-

292 5891 458 5950 σσιείς),
494 5897 569 5940 est
597 5891 811 5952 Aquila}.

1390 337 1758 403 EXPOSITIO
1797 334 1862 392 IN
1903 327 2233 391 PSALMUM
2272 325 2365 384 iX.

1943 440 2102 515 guit?
2126 438 2255 512 quid
2283 439 2431 496 enim
2465 436 2511 492 si
2548 449 2657 492 non
2692 433 3090 492 dormientibus
3111 473 3125 495 ,
3155 429 3252 506 sed
3285 428 3559 500 vigilanti.-

1944 535 2047 592 bus
2074 531 2326 588 omnibus
2355 528 2546 584 irruit?
2590 527 2690 583 Hic
2731 537 2814 582 est
2853 527 2999 581 enim
3037 522 3423 594 impudentior.
3478 519 3562 575 Es

1949 625 2156 698 furibus
2178 623 2324 681 enim
2350 623 2499 692 leges
2519 635 2615 677 eos
2643 621 2860 692 gravius
2901 619 3164 690 puniunt,
3203 615 3296 687 qui
3328 612 3562 668 interdiu

1948 716 2219 774 furantur.
2268 714 2462 771 Vidisti
2492 712 2902 785 paupertatem?
2932 710 3112 767 vidisti
3139 707 3565 765 crudelitatem?

1949 813 2362 882 Paupertatem,
2391 809 2535 881 quod
2575 809 2715 864 bona
2741 806 2993 878 pauperis
3019 802 3412 874 concupiscat“:
3441 814 3558 857 cru-

1947 904 2224 962 delitatem
2251 917 2382 957 vero
2401 943 2419 970 ,
2452 900 2597 972 quod
2629 914 2734 955 nec
2758 899 3066 954 calamitate
3095 895 3316 968 quidem
3344 893 3556 965 frango.

1952 1007 2073 1071 tur,
2116 995 2211 1052 sed
2236 994 2391 1065 Cujus
2420 992 2668 1049 misereri
2692 1034 2706 1055 ,
2749 1000 2803 1046 et
2831 991 2917 1045 cui
2940 988 3231 1045 subvenire
3255 985 3562 1058 oportebat,

1943 1081 2320 1158 paupertatem
2339 1084 2629 1156 Opprimat.
2648 1081 2769 1150 Nec
2779 1093 2957 1137 tamen
2974 1081 3092 1135 huic
3117 1079 3277 1134 faciet
3306 1079 3530 1148 impune
3557 1091 3590 1132 ι·

1949 1176 2046 1232 sed
2076 1174 2292 1247 quando
2315 1173 2687 1245 ‘pmvalnerit,
2716 1171 2934 1244 quando
2958 1171 3061 1229 sibi
3082 1171 3229 1226 visus
3259 1169 3424 1226 fuerit
3449 1183 3574 1234 esse

1956 1266 2240 1337 superior,
2284 1265 2501 1336 quando
2543 1268 2632 1322 se:
2648 1263 2849 1338 putarit
2892 1276 3016 1336 esse
3063 1259 3568 1332 inexpugnabilem,

1955 1368 2080 1413 tunc
2109 1357 2308 1428 peribit
2337 1373 2351 1410 :
2381 1365 2440 1410 ut
2480 1364 2536 1411 et
2565 1355 2655 1411 Dei
2678 1354 2926 1410 videatur
2953 1353 3203 1409 vincendi
3231 1351 3485 1416 facilitas,
3515 1361 3572 1408 et

1959 1465 2253 1520 pauperum
2286 1449 2542 1520 patientia
2568 1490 2585 1515 ,
2625 1457 2684 1504 et
2721 1447 2883 1520 hujus
2907 1446 3216 1518 corrigendi
3253 1435 3570 1510 difﬁcultas,

1953 1551 2011 1596 et
2033 1541 2128 1596 Dei
2172 1541 2409 1596 lenitatis
2450 1539 2758 1596 tolerantia.
2810 1539 3109 1609 Pmpterea
3149 1555 3255 1594 non
3283 1554 3315 1594 e
3341 1538 3575 1609 vestigio

1953 1632 2199 1703 sequitur
2219 1632 2452 1702 justitia,
2485 1631 2596 1688 Deo
2617 1647 2725 1703 per.
2744 1632 3066 1704 patientiam
3088 1621 3320 1687 vocante
3347 1639 3473 1686 eum
3498 1630 3571 1685 ad

1958 1724 2337 1794 paenitentiam
2367 1741 2379 1775 :
2412 1723 2510 1779 sed
2550 1724 2768 1795 quando
2797 1722 2935 1778 nihil
2967 1721 3234 1778 lucrifacit
3269 1722 3492 1778 lenitate
3517 1733 3574 1777 ct

1957 1817 2232 1886 patientia,
2259 1825 2389 1873 tunc
2403 1832 2528 1873 eum
2552 1833 2649 1888 per
2674 1817 2997 1889 supplicium
3014 1816 3288 1874 admonet.
3315 1816 3382 1873 ili
3398 1818 3572 1884 enim,

1955 1908 2047 1976 qui
2089 1907 2286 1978 injuria
2321 1908 2502 1964 allecti
2543 1917 2706 1976 sunt,
2747 1907 2886 1963 nihil
2925 1907 3038 1964 laesi
3077 1916 3237 1974 sunt;
3279 1907 3378 1964 sed
3405 1907 3571 1964 etiam

1957 1999 2210 2055 meliores
2254 2008 2312 2054 et
2364 1999 2628 2055 clariores
2679 1997 2976 2055 afﬂictione
3030 1997 3158 2053 facti
3213 2009 3383 2055 sunt:
3429 1999 3576 2054 Deus

1957 2100 2139 2147 autem
2168 2106 2321 2146 suam
2347 2091 2585 2151 ostendit
2609 2091 2947 2163 patientiam,
2986 2100 3043 2146 ut
3064 2091 3153 2162 qui
3178 2091 3496 2147 sustinuerit
3521 2102 3578 2147 at

1961 2183 2305 2250 toleraverit=,
2336 2192 2392 2239 et
2429 2197 2553 2238 cum
2587 2183 2842 2254 patientia
2891 2184 3227 2253 potentiam,
3269 2192 3326 2238 et
3367 2183 3444 2238 rei
3482 2198 3579 2254 κιο

1959 2275 2146 2330 renda:
2190 2275 2499 2331 facultatem
2532 2292 2546 2329 :
2576 2274 2720 2346 quod
2764 2274 2982 2346 quando
3019 2276 3067 2330 is
3095 2283 3240 2330 esset
3268 2275 3452 2346 seipse
3481 2291 3580 2346 po-

1963 2367 2181 2435 tentior,
2215 2377 2344 2424 tunc
2371 2370 2633 2438 temporis
2659 2369 2835 2440 ipsum
2865 2378 3088 2438 superat
3121 2386 3135 2422 :
3169 2368 3264 2424 hio
3293 2384 3423 2424 vero
3450 2384 3575 2425 cum

1961 2451 2252 2516 mansisset
2276 2460 2676 2527 incmcudatus,
2701 2461 2950 2516 ultimum
2978 2460 3072 2515 dat
3097 2476 3152 2514 st.
3169 2460 3442 2531 )plieium.
3464 2460 3580 2516 lloc

1962 2562 2141 2620 autem
2169 2567 2274 2607 non
2306 2567 2494 2622 parum
2526 2550 2740 2608 confert
2761 2552 2832 2607 ad
2857 2552 3208 2623 corrigendos
3234 2566 3329 2608 eos
3348 2593 3365 2619 ,
3397 2554 3500 2623 qui.
3520 2553 3574 2608 in

1963 2643 2127 2699 rebus
2150 2646 2403 2700 secundis
2428 2655 2730 2701 versantur.

2039 2730 2128 2797 Η..
2157 2729 2237 2785 Ne
2261 2744 2390 2802 ergo
2410 2730 2628 2801 quando
2652 2731 2849 2785 viceris
2878 2729 3128 2787 inimicos
3144 2774 3158 2798 ,
3188 2739 3246 2786 ct
3271 2732 3450 2787 omnia
3483 2731 3580 2793 tibi

1965 2821 2202 2876 secunda
2243 2820 2462 2890 fuerint,
2499 2823 2745 2878 confidas
2770 2823 3017 2894 improbe
3046 2824 3273 2891 vivens,
3313 2823 3412 2880 sed
3453 2831 3581 2881 tunc

1964 2916 2137 2987 magis
2158 2916 2536 2986 pertimescas.
2561 2919 2800 2988 Augetur
2828 2917 2971 2972 enim
2996 2916 3220 2985 vitium,
3251 2918 3454 2972 tollitur
3487 2919 3584 2974 tibi

1963 3007 2209 3066 defensio
2231 3051 2247 3077 ,
2279 3010 2590 3082 praeciditur
2616 3020 2674 3066 et
2701 3008 2946 3066 aufertur
2970 3011 3147 3078 venia,
3191 3012 3238 3066 si
3267 2998 3442 3068 maius
3468 3016 3599 3069 tna—'

1967 3117 2120 3158 neas.
2174 3104 2260 3158 il.
2289 3101 2438 3158 Dixit
2463 3103 2598 3159 enim
2637 3104 2689 3158 in
2717 3105 2873 3159 corde
2904 3121 3001 3160 suo.
3022 3121 3042 3159 :
3072 3104 3282 3160 Oblitus.
3298 3116 3375 3162 est
3404 3106 3584 3173 Deus;

1966 3196 2144 3250 avertit
2164 3195 2348 3265 faciem
2377 3211 2560 3261 suam,
2596 3213 2662 3251 ne
2684 3198 2850 3252 videat
2875 3197 3128 3267 inﬂuant.
3165 3197 3381 3254 Yidein
3409 3216 3586 3272 quatt-

1969 3296 2082 3342 tum
2112 3286 2425 3342 barathrum
2455 3288 2773 3359 perditionis
2798 3287 3108 3356 descendit,
3131 3291 3307 3360 qualia
3332 3289 3586 3363 dogmata

1966 3379 2203 3450 colligit,
2231 3395 2351 3451 quae
2376 3389 2595 3452 propter
2625 3381 3013 3450 impudentiam
3039 3382 3258 3453 quidem
3288 3401 3394 3438 non
3423 3384 3589 3442 audet

1971 3463 2190 3540 clicrre,
2219 3489 2281 3529 ea
2311 3483 2494 3529 autem
2521 3475 2665 3545 apud
2693 3490 2753 3530 se
2783 3486 2998 3543 versat,
3042 3470 3289 3548 pugnans
3331 3494 3590 3541 cumse-

1972 3567 2153 3631 ritate,
2175 3575 2232 3622 et
2256 3582 2378 3637 qua:
2405 3577 2533 3622 sunt
2556 3569 2672 3623 sole
2700 3553 2967 3634 clariora,
3000 3579 3222 3639 propter
3247 3571 3445 3625 mentis
3475 3585 3591 3626 sum

1973 3658 2264 3712 orbitatem
2315 3657 2668 3713 adutnhrans.
2724 3657 2812 3712 12.
2856 3657 3126 3730 Exsurge,
3176 3659 3398 3715 Domine
3447 3660 3592 3721 Deus

1971 3767 2116 3804 meus
2141 3793 2156 3814 ,
2199 3751 2453 3804 excitetur
2478 3766 2663 3804 manus
2688 3759 2796 3804 tua.
2827 3748 2913 3803 Ne
2940 3751 3256 3806 obliviscaris
3280 3768 3587 3824 pauperum.

1972 3842 2148 3909 Alius,
2182 3841 2373 3897 Exulto
2399 3859 2608 3895 manum
2637 3852 2798 3896 tuam.
2849 3844 2935 3897 13.
2972 3841 3197 3913 Propter
3221 3845 3348 3915 quid
3371 3832 3599 3900 irritavit

1973 3934 2163 4004 impius
2195 3932 2399 3988 Deum?
2437 3933 2579 3988 Dixit
2601 3935 2736 3988 enim
2759 3935 2814 4005 in
2841 3933 2998 3989 corde
3020 3951 3115 3989 suo
3148 3950 3168 3989 :
3201 3934 3326 3990 Non
3345 3938 3586 4008 requiret.

1975 4025 2063 4079 N.
2088 4023 2258 4079 .Vides
2293 4017 2535 4094 quoniam
2563 4036 2619 4078 tu
2665 4025 2889 4079 laborem
2918 4035 2963 4080 et
3004 4029 3232 4098 furorem
3268 4028 3590 4097 consideras,

1974 4127 2029 4172 ut
2059 4117 2236 4172 tradas
2264 4134 2379 4171 eum
2408 4118 2463 4171 in
2497 4135 2678 4172 manus
2710 4127 2845 4187 tuas.
2897 4119 3052 4194 Alius
3075 4161 3090 4186 ,
3134 4116 3354 4185 Vidisti,
3386 4122 3507 4192 quia
3535 4132 3590 4177 tu

1975 4211 2200 4265 laborem
2234 4220 2280 4264 et
2317 4210 2639 4264 iracundiam
2669 4209 2998 4282 inspectalis,
3019 4219 3074 4264 ut
3102 4211 3190 4266 des
3209 4212 3264 4266 in
3293 4228 3449 4273 mima
3477 4225 3588 4270 tua.

1976 4303 2150 4370 Alius,
2179 4302 2245 4359 Ut
2272 4303 2457 4357 dentur
2483 4305 2538 4358 in
2562 4321 2746 4356 manus
2777 4314 2911 4358 tuas.
2946 4303 3164 4375 Iniquus
3213 4303 3430 4377 quidem
3475 4307 3594 4363 haec

1977 4394 2134 4458 dicit,
2174 4405 2394 4464 raptor,
2432 4409 2660 4461 avarus,
2691 4405 2879 4466 utpote
2917 4397 3006 4466 qni
3047 4391 3154 4452 non
3207 4397 3303 4454 det
3349 4413 3538 4469 patnas
3574 4417 3592 4459 :

1981 4487 2240 4558 prOpheta
2265 4497 2442 4542 autem
2483 4487 2602 4557 ejus
2641 4496 2893 4541 evertens
2942 4487 3190 4558 dogmata
3212 4528 3228 4554 ,
3271 4488 3342 4550 de
3374 4491 3464 4546 Dei
3499 4507 3592 4561 pa—

1981 4584 2165 4638 tientia
2195 4582 2373 4651 ample
2402 4582 2657 4651 loquitur.
2689 4580 2786 4636 llle
2816 4581 2960 4635 enim
2987 4581 3119 4640 dicit
3149 4599 3162 4635 :
3192 4582 3382 4641 Avertit
3406 4586 3590 4655 faciem

1979 4691 2146 4741 suam,
2176 4673 2424 4728 neuideat
2451 4673 2506 4726 in
2527 4673 2682 4741 finem
2713 4689 2732 4727 :
2763 4671 2848 4727 hic
2862 4682 3046 4728 autem
3068 4686 3256 4728 contra
3284 4693 3296 4727 :
3330 4675 3396 4732 Et
3419 4677 3590 4743 vides,

1981 4777 2037 4822 et
2062 4766 2408 4833 consideras,
2457 4775 2511 4822 et
2547 4781 2608 4822 es
2653 4765 2861 4836 patiens
2884 4806 2900 4832 ,
2938 4765 3111 4821 donec
3137 4767 3173 4821 ii
3202 4769 3500 4826 ceciderint
3540 4771 3592 4825 in

1983 4873 2175 4914 manus
2203 4868 2340 4913 tuas.
2387 4857 2526 4927 Quid
2554 4867 2636 4912 est
2657 4899 2673 4926 ,
2719 4857 2894 4912 Donec
2932 4857 3117 4911 dentur
3149 4860 3201 4913 in
3230 4875 3412 4916 manus
3439 4867 3596 4917 tuas?

1986 4951 2128 5005 Dixit
2174 4966 2324 5004 more
2369 4948 2608 5009 humano
2640 4966 2654 5001 :
2691 4949 2792 5004 hoc
2834 4959 3014 5005 autem
3051 4949 3152 5004 sibi
3190 4954 3303 5008 vult
3337 4971 3349 5006 :
3379 4952 3594 5023 Exspe-

1983 5055 2118 5109 ctas,
2147 5043 2377 5108 toleras,
2417 5051 2478 5097 ut
2506 5041 2700 5113 insigni
2728 5042 3009 5103 tradantur
3040 5043 3389 5114 improbitati.
3437 5047 3595 5104 Pote-

1988 5152 2074 5191 ras
2099 5137 2243 5191 enim
2266 5135 2359 5191 vel
2387 5151 2415 5188 a
2446 5137 2708 5206 principio
2734 5150 2830 5192 eos
2848 5145 3095 5192 evertere
3125 5140 3474 5214 etsubigerc,
3498 5145 3594 5198 sed

1987 5230 2308 5283 immensum
2335 5235 2420 5282 est
2451 5228 2669 5298 pelagus
2711 5236 2816 5283 tute
2865 5229 3200 5289 tolerantitn.
3249 5232 3513 5298 videntis,
3545 5245 3598 5290 et

1989 5339 2094 5377 non
2138 5322 2542 5392 pet-sequentis,
2590 5321 2684 5377 sed
2713 5323 3076 5391 exspectantis
3100 5339 3194 5380 eos
3223 5321 3288 5378 ad
3323 5327 3596 5396 paeniten-

1992 5415 2138 5467 tiam.
2194 5412 2348 5479 Quod
2379 5414 2424 5467 si
2453 5413 2638 5467 nolunt
2663 5453 2678 5479 ,
2731 5421 2857 5468 tunc
2891 5415 3083 5486 punis,
3112 5418 3331 5489 quando
3362 5417 3493 5472 nihil
3524 5421 3598 5472 lu-

1991 5515 2211 5560 erantur
2235 5521 2300 5558 ex
2334 5516 2419 5558 tua
2449 5503 2726 5577 patientia.
2778 5505 2932 5571 Quod
2963 5505 3109 5560 enim
3134 5523 3381 5577 magnam
3407 5509 3602 5566 habent

1994 5598 2256 5650 rationem
2275 5611 2460 5649 eorum
2489 5595 2577 5665 qui
2610 5594 2803 5664 injuria
2825 5595 3154 5663 :tllieiuntur,
3184 5599 3305 5652 audi
3329 5603 3604 5670 quomodo

1996 5707 2089 5758 per
2115 5707 2198 5756 ea,
2231 5705 2351 5760 qtae
2379 5698 2708 5758 sequuntur,
2741 5690 3045 5743 continuat.
3095 5689 3210 5744 Tibi
3239 5685 3507 5747 derelictus
3534 5704 3605 5749 est

1997 5797 2212 5852 pauper.
2243 5781 2476 5844 orphano
2508 5789 2560 5834 tu
2589 5779 2730 5848 fuisti
2760 5781 2988 5852 adjutor.
3018 5782 3202 5849 Alius,
3229 5782 3307 5837 Tu
3335 5789 3500 5857 {actus
3529 5803 3599 5843 es.
