4068 6426
535 356 635 416 159

530 492 715 555 Alitis,
748 489 827 545 Tu
855 489 974 545 eris.
1009 486 1168 556 Quod
1186 478 1367 542 autem
1393 481 1557 550 dicit,
1604 480 1710 537 tale
1736 485 1820 534 est
1850 497 1864 532 :
1895 477 2007 534 [loc
2037 486 2123 533 est

528 597 666 654 opus
717 588 864 635 tuum
884 617 901 647 ,
942 576 1044 634 hoc
1071 585 1153 630 est
1177 574 1416 630 ofﬁcium
1447 581 1597 626 tuum
1624 567 1918 642 egregium.
1966 563 2122 635 Quod

528 680 850 748 suumerat,
882 684 988 726 non
1008 657 1209 729 omisit,
1242 681 1349 722 non
1371 662 1622 735 prodidit.
1653 657 2117 733 Quemadmodum

528 767 674 823 enim
693 772 780 822 est
804 761 1026 819 artiﬁcis
1058 755 1332 814 aediﬁcare
1354 798 1370 822 ,
1415 764 1472 812 et
1513 751 1887 824 gubernatoris
1927 763 2119 805 navem

527 857 780 928 dirigere,
809 864 866 909 et
884 854 1016 909 solis
1042 850 1345 907 illuminare
1371 865 1386 902 :
1418 849 1491 902 ita
1518 847 1679 904 etiam
1713 854 1862 900 tuum
1888 850 1973 898 est
1995 841 2122 896 sub-

528 951 713 1005 venire
737 945 993 1018 orphanls
1013 984 1028 1009 ,
1052 955 1277 1023 manum.
1296 937 1538 1011 prmbere
1565 935 1906 1007 pauperibus.
1949 932 2119 989 Nemo
2167 1004 2170 1006 _

480 1050 486 1056 '
523 1049 610 1101 est
629 1038 812 1112 quisic
834 1034 1024 1094 eorum
1048 1047 1236 1093 curam
1261 1038 1432 1102 gerat,
1459 1028 1555 1086 sed
1581 1038 1635 1083 tu
1650 1027 1817 1082 solus.
1844 1023 1961 1081 Hoc
1975 1024 2118 1080 enim

525 1129 790 1201 signiﬁes“
833 1126 962 1186 illud
983 1167 998 1193 ,
1045 1122 1330 1180 Deretictus
1353 1129 1450 1175 est.
1498 1118 1705 1179 Nullus.
1736 1115 1928 1187 inquit,
1957 1113 2117 1181 alius,

522 1223 621 1285 sed
651 1231 708 1277 tn
736 1236 882 1276 satus
908 1217 1272 1288 'orphanorum
1292 1221 1364 1268 et
1401 1225 1692 1283 pauperum
1737 1217 1920 1263 curam
1945 1205 2112 1277 geris.

472 1372 474 1375 ,
531 1315 620 1375 i5.
649 1313 861 1369 Coutere
885 1298 1147 1365 brachium
1184 1305 1460 1376 peccatoris
1483 1310 1531 1357 et
1567 1300 1800 1370 maligni.
1851 1297 2118 1364 Qumretur

526 1416 784 1477 precatum
813 1403 951 1458 illius
975 1409 1022 1456 et
1061 1416 1162 1457 non
1191 1396 1472 1452 invenietur
1501 1403 1710 1464 prapter
1744 1389 1895 1444 illud.
1915 1403 1921 1406 ‘
1939 1387 2112 1451 Alius,

528 1475 799 1564 Qumratnr
823 1492 1058 1564 impietas
1083 1490 1245 1559 ipsius
1266 1527 1282 1551 ,
1311 1495 1367 1541 ut
1391 1500 1494 1539 non
1517 1483 1804 1537 inveniatur
1829 1479 1956 1550 ipse.
1997 1475 2121 1549 Non

523 1589 638 1642 vult
662 1593 995 1656 peccatorem
1024 1580 1271 1635 absolute
1299 1575 1541 1641 conteri,
1582 1574 1676 1626 sed
1705 1571 1844 1624 vires
1863 1609 1879 1637 ,
1925 1578 2114 1638 poten-

527 1678 676 1742 tiatn,
700 1685 756 1730 et
771 1675 888 1744 ejus
912 1669 1265 1741 improbitatis
1280 1667 1518 1722 fomitem
1539 1680 1553 1718 :
1581 1661 1774 1718 deinde
1793 1670 1945 1731 rogat
1963 1659 2114 1714 illum

525 1782 714 1824 eorum
740 1780 861 1836 qua:
897 1761 1022 1818 fecit
1049 1760 1274 1837 reddere
1305 1757 1570 1812 rationem
1593 1796 1610 1820 ,
1641 1762 1696 1809 et
1721 1749 2011 1808 ostendens
2035 1749 2117 1803 in-

519 1859 676 1930 juria
701 1853 1119 1926 magnitudinem
1141 1892 1156 1915 ,
1182 1838 1313 1906 dicit
1341 1867 1356 1904 :
1387 1847 1447 1904 Si
1472 1846 1576 1902 hoc
1607 1843 1830 1910 fecerit,
1871 1857 1941 1897 ne
1967 1851 2116 1898 stare

523 1947 739 2021 quidem
765 1946 977 2017 poterit,
1009 1958 1110 1998 nec
1126 1939 1434 2020 apparebit,
1471 1936 1567 1993 sed
1605 1934 1821 2006 peribit,
1852 1931 2109 1998 interibit,

522 2018 779 2097 radicitus
816 2035 1109 2099 delebitur,
1142 2032 1208 2087 iis
1235 2018 1355 2102 qua:
1393 2026 1521 2083 fecit
1563 2024 1903 2082 examinatis.
1944 2021 2114 2077 Nemo

524 2145 654 2202 ergo
673 2129 954 2184 orbitatem
971 2117 1190 2190 deﬂeat,
1215 2135 1376 2176 nemo
1399 2125 1785 2189 paupertatem.
1823 2115 1940 2182 Quo
1967 2115 2112 2169 cnim

522 2239 584 2279 ea
608 2222 811 2291 majora
843 2218 1058 2284 fuerint,
1088 2230 1156 2270 eo
1182 2214 1351 2284 magis
1378 2227 1503 2267 eum
1535 2211 1678 2266 Deus
1703 2209 1902 2264 auxilio
1924 2207 2111 2278 digna-

523 2315 683 2369 bitur.
714 2311 882 2366 Nemo
906 2307 976 2364 de
1003 2316 1268 2378 potestate
1295 2305 1396 2359 sibi
1428 2301 1706 2374 magniﬁce
1739 2300 1983 2371 placeat,
2016 2314 2115 2354 nec

524 2408 860 2459 intumescat.
881 2400 1058 2456 Locus
1081 2397 1224 2453 enim
1256 2405 1339 2452 est
1364 2393 1598 2450 lubricus
1619 2402 1672 2447 et
1702 2406 1960 2463 praeceps,
1987 2404 2113 2446 eos-

520 2509 626 2565 que
649 2493 741 2564 qui
768 2505 875 2545 non
895 2487 1176 2546 attendunt
1201 2484 1450 2542 facillime
1473 2482 1753 2538 subvertit.
1807 2479 1896 2536 l6.
1931 2478 2109 2534 Domi-

521 2601 627 2644 nus
666 2581 893 2654 regnabit
933 2581 987 2634 in
1030 2588 1274 2634 (sternunt
1315 2583 1364 2631 et
1403 2575 1458 2630 in
1503 2572 1747 2629 stantium
1771 2571 1964 2627 secuti.
2015 2570 2134 2626 llic-

523 2672 917 2749 responde't'iis
957 2673 1048 2746 qui
1094 2671 1472 2744 perturbantur
1504 2681 1572 2723 eo
1616 2664 1761 2737 quod
1803 2673 2112 2735 peccatores

521 2788 628 2830 non
677 2770 854 2828 statim
906 2781 1092 2838 pmnas
1143 2762 1412 2821 dederint.
1465 2759 1603 2830 Quid
1653 2758 1848 2814 times?
1902 2758 2106 2828 inquit;

519 2862 648 2932 quid
689 2858 982 2917 formidas?
1027 2857 1162 2913 Num
1197 2854 1362 2926 jndex
1389 2862 1471 2907 est
1512 2849 1934 2920 temporaneus'!
1981 2861 2108 2904 num

522 2957 682 3017 liuent
725 2951 888 3006 habet
935 2963 1161 3020 regnum
1206 2944 1357 3018 ejus?
1402 2944 1515 3000 Etsi
1542 2943 1686 2998 enim
1714 2955 1857 2996 nunc
1885 2954 1992 2995 non
2019 2940 2111 2994 det

520 3058 709 3117 pinnas
742 3043 817 3115 (a)
851 3041 963 3116 [qui
1002 3040 1196 3104 invasit
1222 3038 1521 3104 dominum,
1543 3036 1634 3105 qui
1662 3045 1744 3090 est
1766 3041 1987 3104 raptor,
2015 3032 2109 3102 qui

516 3131 754 3209 avarus],
783 3133 1003 3190 omnino
1035 3142 1210 3187 tamen
1234 3129 1404 3186 dabit.
1434 3129 1609 3183 Manet
1628 3127 1771 3184 enim
1797 3128 1888 3197 qui
1915 3124 2102 3195 exigit,

517 3235 569 3281 ct
587 3235 773 3297 regnat
799 3234 1072 3295 perpetuo.
1103 3220 1362 3288 Peribitis,
1384 3227 1575 3291 gentes,
1600 3219 1662 3271 de
1683 3226 1814 3272 terra
1835 3217 1993 3269 illius.
2021 3217 2106 3270 i7.
2144 3249 2146 3251 ›

516 3316 842 3371 Dcsideristtu
876 3327 1157 3388 pauperum
1197 3311 1449 3366 exaudiui
1472 3351 1488 3374 ,
1539 3308 1802 3366 Domine:
1845 3323 2108 3378 praepara-

518 3417 705 3470 tiouetn
733 3410 902 3468 cordis
919 3424 1094 3466 eorum
1117 3406 1312 3461 audivit
1335 3405 1474 3460 auris
1499 3415 1607 3458 tua.
1638 3403 1816 3468 Alius,
1852 3399 2102 3472 Proposi-

517 3519 625 3561 tum
645 3505 812 3561 cordis
842 3518 1017 3580 eorum
1041 3499 1236 3554 audivit
1261 3499 1402 3552 auris
1429 3507 1536 3550 tua.
1566 3495 1717 3550 Alius
1735 3536 1752 3561 ,
1779 3492 2106 3563 Proparabis

515 3599 672 3655 corda
697 3612 869 3652 eorum
896 3583 955 3649 ut
973 3591 1202 3648 attendat
1225 3591 1366 3644 auris
1392 3599 1499 3642 tua.
1531 3587 1618 3644 l8.
1642 3585 1888 3640 Judicare
1906 3583 2106 3655 pupillo

515 3701 562 3747 et
602 3688 819 3752 humili;
865 3695 920 3740 ut
957 3701 1062 3740 non
1099 3690 1324 3753 apponat
1357 3681 1494 3734 ultra
1521 3678 1854 3748 magniﬁcare
1879 3692 1933 3731 se
1957 3677 2107 3728 homo

512 3797 666 3850 super
690 3788 895 3833 terram.
926 3774 1099 3841 Alius,
1125 3771 1193 3829 Ut
1210 3771 1413 3844 judices
1439 3769 1692 3842 pupillum
1712 3776 1759 3822 et
1787 3780 2104 3837 oppressum.

588 3872 674 3930 Ea:
705 3871 890 3927 divitiis
919 3867 1051 3924 male
1095 3866 1252 3937 partis
1279 3862 1438 3918 mala.
1465 3891 1538 3903 --
1579 3859 1746 3937 Vides
1789 3856 2104 3937 prophetam

514 3965 880 4040 improborum
902 3935 1159 4029 majorem
1174 3969 1357 4012 curam
1380 3951 1615 4025 gerere?
1637 3935 1731 4006 Est
1747 3950 1890 4006 enim
1913 3935 2103 4005 eorum

515 4056 748 4120 maxime
774 4052 917 4108 male
945 4049 1074 4119 pati.
1105 4047 1154 4104 ls
1182 4046 1323 4105 enim
1364 4044 1454 4120 qui
1493 4042 1689 4114 injuria
1717 4041 1981 4106 afﬁcitur,
2008 4054 2102 4094 ac-

513 4148 644 4219 cipit
671 4145 922 4200 damnum
943 4141 1182 4213 pecunia:
1214 4156 1228 4192 :
1257 4139 1346 4204 ille
1370 4118 1547 4191 autem
1577 4145 1821 4191 versatur
1848 4134 1900 4187 in
1923 4123 2101 4186 rerum

513 4241 870 4302 maximarum
901 4232 1155 4305 periculo.
1187 4230 1326 4298 Quid
1347 4240 1458 4283 tum
1483 4228 1653 4293 enim,
1679 4227 1724 4281 si
1748 4241 1852 4282 non
1869 4225 2104 4280 sentiunt

515 4330 907 4403 mgritudiuem,
938 4333 1042 4397 qua
1073 4312 1372 4380 vexantur!
1404 4320 1478 4377 Eo
1503 4319 1672 4390 magis
1697 4317 1894 4373 crescit
1917 4329 2101 4371 eorum

514 4436 724 4494 stupor,
753 4429 809 4476 et
835 4435 901 4474 eo
923 4416 1137 4472 nomine
1164 4413 1333 4484 magis
1360 4419 1572 4480 oportet
1595 4423 1784 4464 eorum
1813 4407 2053 4461 misereri
2084 4422 2099 4460 :
2141 4437 2144 4439 λ

515 4519 622 4574 hoc
647 4509 970 4584 imperfecte
1001 4507 1194 4563 mentis
1219 4511 1321 4560 est.
1366 4501 1500 4557 Nam
1527 4499 1678 4572 pueri
1706 4499 1869 4553 etiam
1896 4497 2104 4552 terribi-

516 4611 647 4678 lium
695 4603 898 4662 nullam
940 4599 1141 4656 ducunt
1182 4595 1475 4658 rationem;
1525 4591 1623 4648 sed
1665 4604 1812 4661 saepe
1847 4590 2006 4643 etiam
2050 4589 2101 4641 in

528 4671 712 4762 ignem
731 4703 923 4744 manus
940 4684 1441 4750 immittuntJarvas
1458 4689 1643 4736 autem
1665 4677 1859 4732 inanes
1877 4671 2112 4729 videndo

529 4784 946 4858 pertimescunt.
980 4780 1080 4845 llis
1105 4787 1233 4836 sunt
1259 4775 1408 4832 avari
1435 4775 1663 4839 similes,
1696 4773 1787 4843 qui
1814 4777 2110 4841 pauperta-

535 4894 646 4938 tem
679 4881 898 4953 quidem
930 4887 1204 4941 verentur,
1234 4889 1359 4946 qua:
1386 4887 1492 4927 non
1522 4871 1685 4926 modo
1711 4867 1967 4923 terribilis
1999 4880 2111 4920 non

533 4990 640 5042 est,
671 4979 764 5033 sed
799 4975 1212 5032 fundamentum
1244 4969 1426 5041 potius
1454 4976 1540 5024 est
1567 4963 1881 5023 securitatis
1921 4979 1934 5014 :
1968 4961 2115 5032 inju-

538 5085 653 5136 stas
686 5085 864 5129 autem
896 5071 1134 5136 divitias,
1167 5077 1220 5124 et
1245 5068 1548 5123 alienorum
1580 5064 1850 5118 bonorum
1881 5059 2117 5120 invasio-

542 5187 665 5227 netn
695 5171 850 5224 multi
881 5167 1109 5232 faciunt,
1144 5165 1289 5235 quod
1314 5170 1398 5218 est
1422 5161 1616 5232 quovis
1645 5159 1767 5230 igne
1797 5157 2115 5212 terribilius.

543 5269 774 5338 Semper
792 5265 939 5320 enim
970 5264 1172 5317 malum
1194 5269 1277 5316 est
1304 5258 1551 5319 avaritia,
1582 5255 1648 5310 Ut
1671 5271 1736 5310 ea
1763 5269 1888 5326 ergo
1908 5253 2119 5308 exscin-

543 5363 728 5426 datur,
786 5369 1002 5427 semper
1055 5361 1214 5422 rogat
1267 5351 1546 5422 propheta,
1600 5347 1837 5407 minans,
1891 5353 2118 5406 terrens,

1179 353 1237 407 ὃ.
1275 349 1556 408 JOANNlS
1588 339 2072 410 ClliiYSOSTOHI
2111 339 2426 406 AliClllEP.
2464 346 2998 406 CONSTANTINOP.

3726 349 3826 405 M0

2231 457 2443 527 adjutor
2471 472 2521 519 et
2552 461 2742 518 vindex
2769 478 2956 520 eorum
2979 506 2994 531 ,
3035 464 3124 534 qui
3164 465 3353 535 injuria
3381 461 3694 518 afﬁtiuntur
3720 483 3732 515 :
3767 474 3832 526 ut

2227 559 2283 605 et
2323 549 2379 605 hi
2421 553 2729 622 respirent,
2781 554 2856 610 illi
2897 570 3026 610 vero
3063 558 3416 626 corrigantur.
3469 554 3644 609 Nemo
3687 568 3819 623 ergo

2227 656 2391 720 opum
2415 653 2472 699 et
2498 643 2803 701 facultatum
2832 644 3046 716 cupiam
3080 654 3448 716 persequatur.
3493 645 3654 699 Multa
3687 646 3816 698 hinc

2227 734 2369 790 mala
2392 734 2636 791 oriuntur
2672 735 2738 790 iis
2760 736 2848 807 qui
2889 753 2994 792 non
3018 737 3330 802 attendunt,
3359 721 3665 807 arrogantia
3687 777 3703 795 .
3733 751 3828 788 so-

2197 825 2446 891 cordia,
2490 827 2687 882 invidia
2713 869 2728 893 ,
2765 842 2901 882 rana
2946 819 3145 899 gloria,
3179 836 3235 884 et
3257 825 3361 882 alia
3391 828 3561 883 multo
3591 826 3677 880 his
3705 841 3826 880 ma-

2221 917 2360 988 jora.
2386 916 2491 975 Sed
2509 927 2567 972 ut
2586 917 2657 972 ab
2680 917 2763 972 his
2782 917 3030 974 omnibus
3052 919 3206 973 malis
3227 918 3549 984 liberemini,
3574 916 3822 972 radicem

2224 1007 2525 1064 exscindite
2550 1028 2566 1065 :
2595 1006 2644 1064 si
2672 1009 2814 1063 enim
2857 1024 2921 1064 ea
2959 1017 3065 1065 uolt
3107 1019 3360 1073 maneat,
3408 1007 3544 1062 mala
3574 1008 3828 1077 germina

2225 1113 2330 1154 non
2360 1098 2640 1170 pullulant.
2692 1099 2758 1153 Et
2787 1098 2908 1154 ideo
2937 1099 3053 1155 hazc
3077 1099 3218 1154 dicta
3246 1108 3391 1161 sunt,
3418 1114 3526 1153 non
3553 1099 3731 1154 solum
3764 1106 3829 1152 ut

2221 1187 2537 1255 audiamus,
2587 1188 2684 1244 sed
2727 1188 3372 1261 etiamut'corrigamur,
3415 1199 3470 1244 et
3510 1189 3737 1244 multam
3768 1187 3827 1242 iu

2221 1280 2435 1336 Christo
2459 1279 2587 1336 Jesu
2613 1280 2860 1336 virtutem
2886 1280 3244 1337 exhibeamus
3271 1298 3284 1334 :
3310 1281 3396 1336 cui
3431 1279 3602 1354 gloria
3633 1289 3692 1335 et
3719 1280 3827 1334 im-

2222 1373 2425 1442 perium
2452 1372 2505 1426 in
2530 1371 2726 1426 smcbla
2751 1372 3093 1426 saeculorum.
3122 1373 3316 1426 Amen.

2542 1504 2907 1562 EXPOSITIO
2949 1505 3014 1561 ΙΝ
3057 1505 3380 1563 PSALSIUM
3419 1506 3488 1562 Χ.

2220 1639 2287 1694 In
2325 1641 2479 1710 ﬁnem
2525 1639 2710 1698 David.
2758 1640 2929 1705 Alius,
2973 1638 3323 1712 Triumphalis
3372 1637 3580 1694 Davidi.
3630 1640 3813 1705 Alius,

2783 1730 3019 1786 Victor-ite
3035 1732 3250 1786 auctori.

2295 1850 2343 1904 ί.
2375 1849 2443 1903 In
2469 1847 2687 1903 Domino
2710 1846 2945 1917 conﬁdo;
2971 1844 3224 1918 quomodo
3252 1844 3429 1898 dicetis
3452 1846 3638 1898 anima
3657 1860 3786 1898 mea
3802 1860 3822 1899 :

2223 1939 2551 2009 Transmigra
2588 1939 2642 1993 in
2690 1947 2885 1993 montes
2926 1939 3056 1992 sicut
3095 1937 3314 2007 passer!
3341 1936 3512 2001 Alius,
3543 1934 3728 1991 Transi
3757 1937 3815 1990 in

2219 2040 2413 2085 montes
2444 2031 2574 2084 sicut
2614 2045 2808 2099 passer.
2840 2029 3014 2094 Alius,
3048 2026 3429 2082 Transmovere.
3462 2025 3517 2080 3.
3553 2024 3819 2090 Quoniam

2217 2141 2331 2179 ecce
2357 2132 2638 2195 peccatores
2687 2120 3010 2185 intenderunt
3043 2136 3250 2187 arcum.
3263 2126 3569 2189 paraverunt
3598 2118 3822 2188 sagittas

2220 2233 2337 2272 suas
2378 2217 2433 2270 in
2471 2215 2728 2285 pharetra,
2767 2222 2824 2267 ut
2861 2213 3097 2283 sagittent
3123 2212 3177 2264 in
3205 2209 3416 2265 obscuro
3443 2218 3608 2263 rectos
3635 2210 3816 2265 corde.

2219 2310 2386 2373 Alius,
2415 2305 2576 2374 Quasi
2598 2306 2667 2359 in-
2678 2303 2914 2375 caiigine.
2949 2303 3200 2371 Quoniam
3221 2317 3333 2373 qua:
3358 2312 3413 2354 tu
3439 2301 3697 2371 perfecisti
3721 2301 3820 2355 dc-

2217 2408 2532 2457 struxerunt.
2561 2398 2732 2462 Alius,
2757 2396 3009 2462 Quoniam
3032 2396 3165 2464 leges
3190 2393 3451 2447 dissoluta:
3476 2401 3614 2445 sunt.
3639 2393 3816 2454 Alius,

2221 2493 2472 2560 Quoniam
2496 2490 2740 2545 doctrinae
2767 2496 3104 2542 conterentur.
3143 2485 3344 2555 Magnae
3371 2491 3499 2539 sunt
3525 2484 3670 2538 vires
3682 2486 3818 2553 ‘spei

2215 2584 2270 2638 in
2300 2582 2605 2647 Dominum,
2633 2577 2940 2650 praesidium
2982 2575 3127 2646 quod
3171 2589 3279 2631 non
3327 2582 3506 2644 potest
3543 2577 3817 2645 superari,

2215 2682 2404 2746 portus
2456 2671 2807 2741 tranquillus,
2863 2670 3029 2723 turris
3079 2683 3200 2738 quae
3253 2667 3440 2737 nequit
3488 2668 3816 2737 expugnari,

2215 2783 2364 2824 arma
2408 2765 2787 2837 insuperabilia
2814 2765 2855 2826 ¹,
2882 2763 3025 2817 vires
3055 2761 3268 2816 invicta:
3289 2802 3302 2824 ,
3335 2769 3391 2815 et
3418 2774 3539 2830 qua:
3571 2759 3624 2813 in
3651 2761 3821 2814 rebus

2214 2858 2543 2916 difﬁcillimis
2569 2865 2625 2913 et
2653 2854 3079 2926 impeditissimis
3120 2851 3324 2908 exitum
3370 2850 3670 2905 inveniunt.
3710 2850 3820 2906 Per

2214 2967 2333 3006 eam
2354 2951 2588 3006 inermes
2607 2955 2862 3011 armatos,
2892 2953 2947 3001 et
2963 2944 3212 3000 mulieres
3229 2942 3374 2996 viros
3388 2950 3781 3012 superaverunt
3802 2961 3816 2997 :

2213 3053 2266 3099 et
2287 3042 2438 3114 pueri
2468 3041 2534 3095 iis
2551 3039 2644 3110 qui
2665 3036 2720 3092 in
2745 3037 2908 3092 rebus
2927 3033 3132 3090 bellicis
3159 3032 3438 3112 exercitati
3469 3029 3701 3099 fuerant,
3732 3030 3820 3084 fa-

2213 3109 2316 3190 cile
2357 3109 2661 3203 superiores
2697 3126 2864 3185 fuere.
2890 3123 3030 3195 Quid
3069 3126 3264 3180 mirum
3306 3109 3486 3178 autem
3533 3122 3582 3177 si
3629 3123 3819 3179 hostes

2213 3226 2480 3287 vicerunt,
2530 3219 2744 3292 quando
2793 3220 2967 3288 ipsum
3019 3203 3232 3286 quoque
3281 3213 3541 3269 mundum
3587 3228 3819 3292 supera-

2212 3316 2385 3372 runt?
2424 3291 2701 3370 Elementa
2734 3311 2877 3366 enim
2905 3307 3176 3379 propriam
3213 3304 3512 3377 ignorantia
3540 3291 3814 3371 naturam,

2210 3407 2278 3464 ad
2310 3406 2362 3462 id
2389 3402 2532 3476 quod
2567 3413 2696 3458 erat
2738 3401 2842 3455 illis
2873 3399 3024 3466 utile,
3057 3406 3258 3452 mutata
3287 3403 3432 3459 sunt,
3464 3403 3516 3449 ct
3543 3392 3673 3448 fera:
3697 3397 3814 3447 non

2211 3508 2366 3556 erant
2408 3496 2638 3568 amplius
2687 3492 2837 3559 forte,
2885 3505 2988 3546 nec
3034 3489 3244 3552 fornas’,
3291 3485 3482 3542 fornax
3527 3485 3695 3554 (Dan.
3727 3483 3811 3556 5).

2209 3581 2400 3648 Omnia
2441 3589 2586 3643 enim
2619 3592 2912 3666 commutat
2952 3595 3077 3650 spes
3120 3579 3172 3633 in
3205 3579 3394 3633 Deum.
3424 3577 3626 3640 Dentes
3653 3587 3814 3632 erant

2213 3681 2376 3746 acuti,
2404 3688 2664 3742 etarctus
2693 3689 2903 3738 carcer,
2932 3682 3142 3731 natura:
3180 3669 3517 3734 immanitas,
3549 3675 3606 3722 et
3634 3667 3811 3722 fames

2206 3781 2451 3826 naturam
2484 3769 2700 3826 irritatis
2734 3765 2892 3837 (Dan.
2915 3764 2970 3819 6.
2995 3761 3069 3817 22
3093 3761 3112 3833 )
3148 3777 3162 3813 :
3192 3772 3457 3828 nusquam
3486 3767 3668 3811 autem
3690 3767 3815 3811 erat

2209 3866 2349 3938 quod
2393 3879 2490 3922 eas
2534 3869 2748 3917 arceret
2790 3863 3024 3926 septum,
3060 3865 3116 3910 et
3155 3867 3250 3907 ora
3290 3849 3571 3922 prophetae
3595 3849 3808 3918 corpu-i

2208 3969 2362 4016 erant
2385 3957 2675 4029 proxima:
2711 3951 2806 4007 scd
2852 3963 2978 4020 spes
3023 3947 3077 4002 in
3123 3945 3475 4022 Deum,'qu;c
3504 3950 3590 3996 est
3613 3941 3810 4010 quovis

2208 4057 2360 4130 freno
2382 4050 2674 4124 potentior,
2703 4048 2758 4100 in
2780 4059 2873 4099 ora
2901 4057 3084 4098 earum
3116 4041 3328 4094 irruens
3349 4078 3363 4104 ,
3394 4023 3489 4092 eas
3515 4043 3665 4091 retro
3691 4044 3808 4089 tra-

2210 4125 2390 4201 hebat.
2421 4141 2625 4198 Eadem
2648 4139 2764 4208 ipse
2787 4150 3000 4206 quoque
3026 4131 3459 4204 philoSOphatus,
3491 4126 3708 4183 dicebat
3737 4125 3808 4182 iis

2207 4235 2301 4308 qui
2324 4249 2447 4292 eum
2467 4230 2730 4302 jubebant
2753 4226 2990 4296 effugere
3011 4263 3027 4287 ,
3057 4231 3112 4278 et
3143 4237 3208 4276 ex
3241 4221 3483 4274 locorum
3509 4217 3676 4272 tutela
3702 4216 3807 4271 sibi

2207 4305 2441 4382 salutem
2471 4333 2661 4393 parare
2684 4335 2704 4372 ε
2730 4315 2798 4371 In
2827 4313 3044 4369 Domino
3073 4310 3277 4380 conﬁdo
3303 4326 3322 4374 ;
3349 4305 3604 4379 quomodo
3625 4306 3808 4360 dicetis

2206 4418 2393 4472 animus
2420 4409 2583 4466 mete?
2605 4407 2742 4477 Quid
2780 4403 2966 4460 dicis?
3010 4403 3147 4458 Eum
3189 4399 3280 4470 qui
3324 4408 3410 4454 est
3448 4396 3597 4452 orbis
3643 4403 3806 4451 terim

2207 4507 2467 4565 Dominus
2485 4542 2504 4570 ,
2534 4501 2704 4556 habeo
2731 4497 3031 4567 adjutorem
3061 4512 3074 4548 :
3117 4508 3240 4548 eum
3266 4490 3357 4562 qui
3387 4489 3584 4558 ubique
3622 4487 3806 4541 omnia

2208 4601 2362 4657 facile
2391 4594 2599 4668 peragit
2619 4591 2794 4648 habeo
2822 4587 3036 4649 tlucem,
3067 4594 3122 4641 et
3146 4598 3179 4638 a
3213 4581 3455 4654 partibus
3484 4578 3621 4634 meis
3647 4587 3806 4632 stan-

2209 4703 2354 4748 tcm:
2385 4697 2442 4745 et
2477 4700 2565 4742 me
2605 4683 2773 4740 mittis
2818 4677 2887 4734 ad
2931 4671 3597 4737 terram'iubabitabilem,
3637 4678 3696 4723 et
3736 4684 3806 4724 ex

2207 4781 2495 4841 solitudine
2542 4776 2850 4834 cautionem
2886 4765 3220 4839 comparas?
3260 4764 3500 4835 Majusne
3537 4762 3702 4817 fuerit
3735 4776 3809 4816 ex

2209 4875 2498 4934 solitudine
2533 4869 2816 4932 auxilium,
2863 4877 3024 4935 quam
3051 4876 3119 4916 ex
3154 4874 3246 4926 eo,
3273 4859 3365 4929 qui
3403 4854 3583 4912 omnia
3626 4842 3821 4924 potest:

2208 4987 2367 5044 quam
2403 4965 2654 5023 facillime
2681 4973 2712 5045 ί.
2729 4960 2831 5015 Job
2855 4957 2946 5014 42.
2970 4956 3006 5010 2
3029 4954 3087 5027 )2
3135 4943 3274 5018 Quid
3313 4963 3404 5005 me
3425 4945 3600 5019 probe
3627 4959 3810 4999 arma-

2211 5037 2343 5130 tum,
2375 5071 2648 5129 tamquam
2675 5038 2876 5110 nudum
2920 5059 2975 5104 et
3022 5041 3412 5119 inerment,_ad
3457 5040 3638 5111 fugam
3664 5037 3808 5092 inci-

2211 5170 2314 5222 tas,
2344 5164 2398 5210 et
2438 5149 2818 5219 transmigrare
2851 5143 3010 5214 jubes
3033 5140 3056 5193 2
3079 5139 3292 5209 Ergone
3316 5151 3439 5192 eum
3466 5130 3682 5204 quidem
3711 5130 3805 5202 qui

2211 5248 2368 5304 habet
2388 5241 2704 5302 exercitum,
2729 5235 3006 5303 muriSque
3030 5240 3086 5286 et
3115 5230 3281 5299 armis
3304 5227 3540 5282 munitus
3564 5233 3668 5290 est,
3691 5239 3820 5276 non.

2208 5342 2427 5412 jubercs
2471 5335 2653 5405 fugere
2699 5331 2752 5386 in
2794 5328 3093 5390 desertum,
3118 5306 3236 5377 vsed
3263 5318 3521 5374 videreris
3545 5314 3808 5372 ridiculus

548 5407 640 5418 ..η
681 5407 728 5426 -,
786 5407 993 5427 _--_-,-_
1057 5407 1072 5410 ν
1123 5407 1153 5422 υ
1267 5407 1283 5422 ,
1367 5407 1381 5421 ,
1535 5407 1544 5414 .
2208 5407 2224 5412 -

548 5449 721 5503 Deum
742 5461 940 5517 regans
960 5453 1021 5499 ut
1041 5450 1298 5512 exsurgat
1313 5443 1378 5494 ad
1400 5435 1729 5509 puniendum
1750 5435 1907 5488 talem
1927 5432 2122 5488 tuentis
2212 5447 2331 5488 esse
2361 5430 2405 5484 si
2432 5425 2550 5481 hate
2575 5420 2888 5478 consuleres
2921 5435 2934 5470 :
2966 5429 3093 5471 eum
3116 5421 3296 5467 autem
3322 5410 3408 5480 qui
3439 5407 3601 5463 habet
3619 5419 3804 5460 Secum

550 5498 856 5609 stuporen;
878 5536 942 5591 Et
962 5536 1084 5590 ideo
1104 5498 1592 5603 subjungitdicens
1620 5548 1633 5583 ;
1659 5525 1907 5581 Peribitis
1927 5533 2121 5595 gentes,
2211 5522 2357 5578 orbis
2381 5528 2540 5574 terra:
2577 5512 2881 5574 Dominum,
2926 5504 3278 5568 exterminas,
3308 5509 3364 5556 et
3405 5498 3574 5554 mittis
3637 5499 3688 5553 in
3712 5516 3800 5554 cx-

552 5632 617 5684 de
643 5617 781 5684 tet-ra
797 5628 966 5694 illius,
995 5627 1210 5683 minans
1232 5625 1340 5680 illis
1363 5624 1666 5687 interitum,
1688 5628 1742 5675 et
1762 5591 1958 5690 rogans
1981 5627 2038 5672 nt
2057 5617 2127 5674 sit
2212 5615 2408 5678 silium,
2441 5619 2497 5667 et
2532 5606 2691 5679 jubes
2733 5600 3112 5670 transmigrare
3153 5603 3370 5668 propter
3406 5591 3627 5665 bellum,
3661 5591 3804 5662 quod

619 5816 697 5883 (tt)
720 5817 841 5887 Qua
866 5811 1058 5872 uncinis
1081 5812 1376 5875 clauduntur
1399 5811 1450 5860 in
1475 5807 1644 5866 Graeco
1668 5806 1867 5857 desunt.

2279 5774 2294 5804 ι
2331 5775 2413 5821 tite
2435 5775 2596 5824 voces,
2623 5769 2764 5815 anno
2788 5747 3146 5819 insuperabitiu,
3168 5747 3348 5799 desunt
3370 5747 3420 5797 in
3441 5741 3584 5795 savii.
