4068 6446
308 349 403 404 με

307 466 621 530 peccatores
658 450 931 509 inferunt?
957 449 1090 505 Cum
1123 446 1208 503 his
1237 446 1384 502 enim
1425 460 1548 516 quae
1589 442 1732 498 dicta
1762 450 1909 530 sunt,

309 529 428 606 lucc
469 549 632 603 etiam
669 546 770 599 alia
809 557 970 598 causa
1014 549 1119 606 est,
1163 554 1262 594 cur
1302 551 1410 591 non
1441 535 1659 606 fugiam.
1689 529 1916 598 Quando

307 642 455 694 enim
494 639 635 693 Deus
679 634 784 690 fert
831 634 1110 696 auxilium,
1153 639 1208 684 et
1247 637 1560 698 peccatores
1586 633 1713 680 sunt
1737 623 1794 689 ii,
1826 622 1917 692 qui

308 731 507 787 bellum
536 736 752 798 gerunt,
781 723 1054 796 quomodo
1081 736 1189 776 non
1218 720 1375 791 longe
1401 729 1482 774 est
1510 718 1753 772 omnium
1779 716 1917 770 stul—

305 820 570 880 tissimus,
599 817 689 888 qui
734 816 890 886 jubet
937 813 1132 868 imitari
1169 813 1350 865 avium
1381 808 1725 864 timiditatem
1750 808 1774 860 ?
1799 806 1917 862 Non

307 911 626 967 consideras
653 905 924 978 quomodo
949 903 1241 966 exercitus,
1275 902 1367 972 qui
1394 909 1584 955 contra
1612 915 1700 954 me
1729 907 1836 953 stat
1863 899 1919 952 in

312 1004 448 1068 acie,
477 1010 562 1056 est
599 1000 757 1054 vilior
794 997 1036 1052 aranea?
1078 995 1135 1051 Si
1166 995 1312 1050 enim
1341 990 1916 1060 [inperatorisuterreni

313 1093 583 1155 inimicus,
625 1093 945 1160 ubicumque
989 1088 1168 1152 fuerit,
1202 1087 1254 1140 in
1303 1085 1545 1155 periculo
1587 1083 1739 1150 vivit,
1769 1082 1920 1137 timet

310 1195 367 1240 et
390 1184 759 1241 contremiscit
783 1202 796 1238 :
829 1182 997 1237 multo
1024 1181 1193 1251 magis
1223 1179 1316 1234 Dei
1343 1178 1737 1233 universorum.
1765 1177 1908 1244 Quo-

311 1292 546 1346 cumque
583 1277 731 1331 enim
770 1274 999 1340 venerit,
1027 1286 1218 1328 omnes
1248 1271 1410 1334 habet
1439 1269 1712 1334 inimicos,
1759 1277 1921 1337 atque

309 1370 451 1426 adeo
482 1373 656 1439 ipsam
693 1368 861 1425 etiam
898 1375 1224 1422 creaturam.
1261 1361 1728 1432 Quemadmodum
1773 1361 1920 1416 enim

311 1463 520 1517 amicos
543 1462 663 1530 ejus
687 1472 741 1516 et
765 1462 1037 1516 elementa
1065 1467 1120 1514 et
1148 1457 1336 1513 bestia:
1362 1463 1634 1520 metuunt,
1662 1463 1720 1509 et
1743 1453 1920 1508 omnis

311 1562 559 1608 creatura
613 1561 892 1607 reveretur
920 1550 940 1618 (
968 1549 1101 1620 Sap.
1134 1549 1186 1605 5.
1221 1548 1288 1603 l8
1317 1546 1336 1619 )
1369 1566 1383 1601 :
1419 1548 1492 1602 ita
1533 1546 1814 1601 inimicum
1859 1553 1915 1600 et

312 1646 527 1722 hostem
557 1645 700 1700 bello
725 1651 915 1714 petunt
938 1651 991 1700 et
1014 1651 1363 1697 exsecrantur
1385 1639 1470 1695 vel
1503 1639 1618 1710 ipsa
1643 1639 1808 1694 etiam
1837 1638 1923 1692 in-

312 1736 612 1792 sensibilia.
634 1736 699 1790 Et
729 1735 849 1790 ideo
879 1733 1000 1788 illos
1029 1732 1245 1805 quidem
1274 1732 1589 1803 priusquam
1610 1729 1692 1784 vel
1722 1738 1920 1784 terram

314 1834 618 1896 tangerent,
649 1826 779 1882 ferte
799 1824 1172 1891 confecerunt,
1205 1823 1305 1879 hos
1331 1838 1464 1878 vero
1491 1822 1629 1892 ignis
1663 1836 1921 1876 consum-

317 1923 444 1992 psit.
470 1921 539 1974 At
565 1921 762 1975 habent
787 1933 944 1974 arcus
970 1926 1024 1973 et
1043 1918 1369 1988 pharetram,
1398 1924 1453 1972 et
1480 1917 1560 1970 eis
1586 1923 1769 1985 parata
1798 1921 1925 1970 sunt

315 2011 530 2065 omnia:
565 2009 827 2064 Pararttnt
855 2009 1021 2075 enim,
1065 2008 1258 2079 inquit,
1303 2022 1365 2062 ea
1412 2007 1466 2060 in
1503 2007 1752 2075 pharetra
1781 2021 1795 2058 :
1825 2003 1923 2060 scd

315 2101 479 2156 ηυιιω
508 2110 634 2156 sunt
658 2115 844 2156 eorum
877 2099 1045 2163 vires,
1080 2113 1182 2153 nec
1207 2113 1301 2154 eos
1331 2106 1614 2168 propterea
1645 2095 1920 2150 timemus.

314 2193 450 2248 Nam
480 2208 653 2263 neque
679 2193 724 2248 si
749 2190 988 2247 viderem
1013 2190 1317 2260 quempiam
1357 2189 1447 2260 qni
1485 2188 1709 2244 haberet
1737 2201 1922 2242 arcum

315 2283 573 2348 solutum,
609 2283 876 2338 timerem.
901 2281 1038 2350 Quid
1070 2282 1209 2336 enim
1233 2281 1424 2351 juvant
1444 2295 1614 2346 arma,
1640 2280 1685 2334 si
1717 2293 1825 2334 non
1856 2279 1927 2334 sit

316 2373 527 2428 virtus?
557 2374 664 2428 Nec
697 2374 783 2428 hic
823 2389 952 2444 ergo
990 2374 1036 2429 si
1079 2388 1185 2428 non
1226 2373 1366 2428 adsit
1397 2373 1490 2427 Dei
1522 2372 1922 2427 benevolentia.

323 2468 395 2518 At
414 2463 570 2518 dolus
598 2474 833 2529 struunt,
860 2472 1036 2518 etnon
1064 2474 1209 2519 recta
1235 2462 1638 2532 aggrediuntur.
1665 2461 1924 2532 Propter-

313 2569 379 2608 ea
429 2568 524 2608 eos
575 2554 806 2608 maxime
849 2553 1018 2618 rideo,
1068 2552 1211 2622 quod
1253 2553 1508 2622 sagittent
1566 2552 1620 2606 in
1664 2551 1922 2607 tenebris.

315 2644 459 2699 Nihil
501 2643 645 2697 enim
695 2644 1015 2698 imbecillius
1044 2644 1160 2699 viro
1199 2643 1292 2714 qui
1324 2644 1483 2699 struit
1524 2642 1766 2698 insidias.
1806 2642 1926 2697 Non

317 2752 456 2807 opus
484 2737 646 2793 habet
674 2748 732 2793 ut
756 2739 920 2793 armis
944 2739 1173 2794 aliorum
1202 2738 1446 2809 capiatur
1469 2755 1482 2791 :
1517 2737 1611 2792 scd
1639 2737 1782 2791 cadit
1809 2751 1926 2790 ma-

318 2847 390 2884 nu
413 2832 650 2900 propria,
685 2839 739 2885 ct
762 2845 858 2885 sua
883 2830 1050 2900 ipsius
1089 2829 1279 2884 fraude
1325 2829 1607 2884 evertitur.
1633 2826 1769 2895 Quid
1800 2843 1928 2898 ergo

317 2923 488 2991 possit
514 2936 635 2976 esse
661 2937 726 2976 eo
757 2921 1080 2976 imbecillius
1104 2961 1119 2986 ,
1157 2919 1373 2991 quando
1401 2919 1611 2989 capitur
1635 2933 1667 2972 a
1696 2917 1927 2987 propriis

317 3013 844 3068 machinationibus?
893 3012 1026 3067 Cum
1066 3011 1150 3066 his
1198 3019 1378 3066 autem
1424 3024 1712 3081 possumus
1755 3009 1924 3064 etiam

314 3103 460 3158 aliud
489 3103 671 3158 dicere
696 3121 709 3155 :
739 3119 835 3158 eos
876 3118 980 3157 non
1025 3103 1196 3157 solum
1226 3103 1426 3157 bellutn
1450 3086 1642 3171 gerere
1666 3099 1926 3156 adversus

315 3209 411 3249 cos
435 3236 450 3259 ,
479 3193 670 3263 quibus
701 3195 837 3248 Deus
861 3193 964 3248 fert
988 3193 1243 3247 auxilium
1273 3232 1288 3256 ,
1313 3191 1470 3261 idque
1491 3207 1612 3245 cum
1640 3190 1765 3245 dolo
1785 3231 1803 3257 ,
1829 3190 1926 3246 sed

317 3286 482 3340 etiam
520 3285 780 3340 adversus
810 3285 1146 3351 innocentes,
1177 3294 1231 3339 et
1259 3285 1348 3354 qui
1379 3284 1524 3353 ipsos
1554 3283 1697 3338 nulla
1727 3281 1928 3338 all‘ece-

317 3385 442 3431 runt
467 3375 678 3446 injuria.
710 3376 822 3431 Hoc
847 3367 1024 3432 autem
1063 3391 1157 3431 eos
1188 3391 1293 3431 non
1324 3391 1507 3445 parum
1549 3375 1719 3431 reddit
1750 3375 1924 3430 imbe-

318 3470 492 3525 cillos.
521 3469 983 3537 Quemadmodum
1035 3470 1179 3524 enim
1229 3470 1316 3539 qui
1367 3468 1625 3522 adversus
1677 3467 1926 3523 stimulos

316 3560 621 3624 ealcitrant,
666 3559 784 3613 illos
810 3559 1024 3629 quidem
1070 3573 1174 3612 non
1214 3557 1434 3624 la-dunt,
1480 3557 1574 3613 sed
1603 3571 1730 3612 suos
1762 3557 1925 3627 pedes

316 3659 640 3705 cruentant:
675 3651 748 3703 ita
781 3648 836 3703 bi
867 3650 1052 3703 etiam.
1089 3649 1223 3703 Cum
1267 3647 1350 3702 his
1374 3657 1551 3702 autem
1579 3647 1681 3701 alia
1710 3661 1925 3717 quoque

318 3755 482 3796 causa
512 3749 616 3808 est,
648 3756 768 3809 qute
809 3740 936 3795 belli
978 3755 1165 3795 eorum
1215 3741 1355 3794 vires
1397 3740 1611 3810 frangit.
1664 3739 1924 3806 Quaanam

316 3843 496 3888 autem
528 3848 590 3888 ea
623 3834 748 3888 est?
775 3835 828 3888 4.
860 3835 1114 3902 Quoniam
1153 3851 1268 3903 qua:
1311 3834 1581 3904 perfecisti,
1614 3834 1805 3904 inquit,
1837 3835 1926 3887 de-

317 3935 636 3982 struxerunt.
689 3925 841 3993 Qusd
884 3935 1061 3981 autem
1098 3925 1244 3991 dicit,
1281 3935 1365 3980 est
1391 3925 1653 3994 ejusmodi
1681 3944 1692 3978 :
1723 3925 1923 3980 Tecum

316 4017 519 4074 bellum
541 4029 731 4088 gerunt
753 4016 807 4073 et
833 4018 1163 4088 prmliantur,
1198 4018 1368 4086 legem
1403 4027 1545 4072 tuam
1577 4027 1630 4072 et
1658 4029 1923 4087 prmeepta

318 4119 407 4162 tua
459 4108 822 4163 destruentes.
875 4109 1148 4178 Prmcepta
1193 4109 1334 4163 enim
1371 4118 1455 4163 tua
1490 4123 1658 4178 eaque
1687 4108 1922 4177 perfecta

313 4212 580 4255 conamur
607 4201 906 4256 destruere.
951 4200 1049 4256 Vel
1095 4202 1202 4255 hoc
1240 4201 1390 4266 dicit,
1439 4200 1523 4254 vel
1568 4201 1713 4270 quod
1760 4201 1919 4255 etiam

312 4289 424 4343 sint
462 4289 594 4359 legis
643 4300 1085 4361 transgressores.
1131 4290 1248 4346 1am
1286 4305 1414 4346 vero
1456 4291 1558 4345 hoc
1599 4306 1813 4362 quoque
1839 4301 1923 4346 est

315 4396 422 4437 non
453 4398 672 4451 parvum
704 4393 1077 4452 argumentum
1102 4383 1503 4448 imbecillitatis,
1532 4381 1676 4452 quod
1705 4382 1794 4452 qui
1825 4391 1915 4438 tua

314 4484 582 4544 prmcepta
636 4491 740 4529 non
789 4477 1177 4542 wstodierunt,
1211 4476 1264 4530 in
1308 4477 1506 4531 bellum
1556 4475 1916 4545 proficiscun-

316 4577 424 4621 tur.
456 4567 744 4636 Propterea
774 4567 918 4621 enim
946 4575 1000 4620 et
1025 4582 1145 4621 cmn
1177 4566 1338 4620 rectis
1367 4566 1564 4620 bellum
1593 4573 1787 4635 gerunt
1815 4606 1832 4630 ,
1863 4573 1920 4619 et

311 4660 465 4714 dolos
491 4669 739 4723 struunt,
770 4661 1022 4730 quoniam
1051 4670 1136 4713 tua
1163 4667 1428 4728 praecepta
1457 4672 1563 4711 non
1593 4656 1836 4711 audiunt.

380 4750 437 4804 2.
489 4749 776 4819 Postquam
826 4752 987 4820 igitur
1039 4751 1280 4804 narravit
1320 4750 1552 4805 hostium
1581 4738 1922 4804 imbecillita-

313 4850 443 4903 tcm,
489 4855 716 4910 eamque
758 4842 992 4896 ostendit
1022 4856 1128 4895 non
1157 4856 1222 4894 ex
1265 4841 1330 4895 iis
1355 4856 1418 4894 ex
1447 4841 1641 4910 quibus
1666 4841 1775 4906 alii,
1820 4839 1917 4895 sed

310 4945 378 4984 ex
419 4930 486 4984 iis
523 4945 643 4998 qua:
671 4929 772 4984 sibi
814 4931 1211 4985 conveniebant
1241 4932 1368 5000 (non
1396 4932 1538 4984 enim
1567 4929 1718 4993 dixit,
1753 4929 1918 4984 Pecu-

310 5022 560 5076 niasnon
586 5021 803 5082 habent,
834 5037 939 5075 non
963 5023 1230 5089 prassidia,
1251 5036 1351 5077 nec
1377 5021 1576 5086 socios,
1605 5036 1704 5074 nec
1733 5021 1913 5084 urbes,

285 5095 288 5097 l
315 5126 417 5166 nec
445 5111 588 5182 quod
621 5112 728 5164 sint
755 5111 831 5165 rei
863 5112 1111 5165 militaris
1141 5111 1390 5180 imperiti,
1427 5110 1520 5165 sed
1555 5110 1638 5165 bis
1667 5111 1917 5166 omnibus

312 5203 694 5273 pratennissis
724 5213 778 5258 et
808 5203 1121 5272 repudiatis,
1151 5211 1209 5256 ut
1232 5219 1351 5271 qua:
1394 5201 1522 5255 nihil
1561 5211 1762 5266 essent,
1791 5217 1913 5257 cum

309 5294 535 5349 dixisset
586 5308 682 5349 eos
725 5310 846 5350 esse
888 5294 1132 5362 iniquos,
1159 5302 1215 5348 et
1251 5293 1454 5348 bellum
1482 5309 1674 5363 gerere
1700 5308 1820 5346 cum
1850 5293 1915 5347 iis

309 5387 398 5456 qui
449 5370 646 5440 nullam
693 5386 931 5440 fecerant
973 5385 1241 5454 injuriam,
1273 5399 1336 5437 ac
1367 5400 1485 5454 qua:
1531 5385 1624 5438 Dei
1665 5394 1789 5438 sunt
1819 5384 1914 5439 de-

311 5490 519 5536 t‘druere
545 5481 595 5546 ),
631 5489 811 5532 narrat
840 5479 1093 5546 deinceps
1119 5479 1389 5547 justorum
1420 5478 1606 5553 aciem,
1640 5494 1702 5530 ex
1733 5492 1797 5529 eo
1827 5494 1915 5532 os-

312 5573 536 5625 tendens
567 5585 724 5638 quam
758 5571 862 5622 sint
893 5571 1075 5622 hostes
1118 5579 1422 5638 expugnqu
1463 5568 1664 5620 faciles.
1703 5567 1773 5618 Ita
1817 5583 1914 5621 nos

309 5661 467 5716 etiam
496 5663 616 5732 quis
634 5663 702 5714 sit
723 5672 928 5729 puteus,
954 5662 1142 5730 etquis
1169 5661 1486 5722 imbecillus,
1520 5659 1909 5723 cxmninemus,

311 5753 402 5811 sed
434 5771 535 5808 nun
587 5762 803 5825 propter
843 5769 904 5808 ea
934 5754 1164 5808 maxime
1214 5755 1513 5816 timeamus,
1545 5762 1763 5822 propter
1793 5770 1909 5823 qua:

1449 331 1808 390 EXPOSITIO
1847 327 1911 383 lN
1953 325 2271 386 PSALMUM
2313 329 2378 384 X.

3542 334 3641 390 L52

2029 440 2221 495 timent
2247 440 2495 497 homines
2539 441 2772 502 ridiculi.
2805 441 2943 510 Quid
2970 443 3114 498 enim
3145 443 3376 499 dicunt?
3416 443 3510 500 Est
3535 456 3642 501 ter-

2025 533 2214 600 ribilis,
2244 534 2542 604 improbus,
2573 535 2774 607 ingenti
2803 535 3033 606 pecunia
3075 545 3129 591 et
3167 535 3361 605 opibus
3403 538 3637 606 pollens.

2025 626 2319 697 Propterea
2345 642 2468 682 cum
2493 629 2734 683 maxime
2759 627 2931 684 rideo.
2964 628 3090 683 llaec
3117 629 3261 683 enim
3288 639 3414 684 sunt
3438 645 3636 700 genera

2026 717 2425 773 imbecillitatis.
2469 723 2540 772 At
2575 718 2698 784 scit,
2735 718 2926 789 inquit,
2975 718 3198 774 tendere
3225 718 3469 774 insidias.
3501 720 3642 776 Rur—

2026 823 2119 863 sus
2147 809 2276 864 mihi
2295 808 2439 864 aliud
2465 809 2601 865 dicis
2631 826 2800 880 genus
2832 811 3238 867 imbecillitatis.

2098 900 2354 957 For-mula
2378 902 2569 961 Christi
2597 905 2778 976 agonis
2807 905 3039 960 ineundi.
3060 935 3136 946 —
3159 906 3299 973 Quid
3323 914 3407 960 est
3431 921 3558 976 ergo
3587 907 3639 961 in

2027 1011 2189 1052 causa
2216 996 2358 1066 quod
2389 997 2576 1064 multi,
2602 998 2693 1067 qui
2723 998 2858 1053 tales
2883 1007 3046 1065 sunt,
3086 999 3347 1052 vincant?
3377 999 3640 1065 Quoniam

2028 1097 2086 1142 tu
2115 1097 2263 1143 recte
2293 1103 2532 1160 pugnare
2560 1091 2737 1146 neseis
2768 1106 2784 1156 ;
2829 1091 3084 1161 quoniam
3113 1100 3169 1145 tu
3207 1107 3424 1163 quoque
3453 1093 3522 1147 de
3563 1093 3642 1145 eis

2027 1180 2296 1248 decertas,
2325 1198 2391 1238 ex
2419 1183 2614 1252 quibus
2640 1182 2718 1238 illi
2747 1183 2881 1237 ﬁunt
2910 1184 3316 1252 imbecilliores,
3347 1200 3546 1255 nempe
3575 1187 3644 1240 de

2027 1274 2196 1345 gloria
2247 1283 2304 1330 et
2346 1276 2414 1332 de
2462 1277 2718 1346 potentia.
2768 1276 2919 1347 Fuge
2965 1291 3184 1333 causam
3223 1279 3555 1344 certaminis,
3590 1289 3646 1332 et

2029 1369 2136 1422 alio
2174 1369 2334 1424 modo
2377 1369 2476 1425 feri
2501 1384 2597 1425 eos
2623 1371 2714 1441 qui
2742 1379 2793 1425 te
2823 1370 3115 1438 invadunt,
3145 1382 3486 1444 arrogantem
3528 1387 3646 1427 mo-

2029 1461 2307 1516 deratione
2333 1475 2397 1516 ac
2416 1461 2657 1527 lenitate,
2681 1476 2904 1517 avarum
2931 1472 3270 1534 paupertate,
3305 1464 3645 1520 incontinen-

2031 1565 2137 1611 tem
2168 1555 2520 1621 continentia,
2561 1555 2800 1611 invidum
2841 1555 3218 1612 humanitate:
3251 1565 3308 1612 ct
3337 1549 3405 1612 ita
3434 1571 3531 1613 eos
3560 1558 3641 1613 fa-

2029 1648 2135 1704 cile
2161 1649 2369 1706 vinces.
2395 1649 2526 1718 Sed,
2556 1650 2697 1705 sicut
2727 1650 2877 1720 prius
2912 1649 3045 1719 dixi,
3075 1649 3202 1705 dum
3234 1665 3511 1706 narrarem
3539 1651 3643 1705 im-

2029 1741 2374 1797 becillitatem
2402 1741 2663 1808 hostium,
2697 1742 2818 1798 vide
2845 1740 3118 1813 quomodo
3141 1742 3271 1811 justi
3300 1757 3515 1813 quoque
3547 1743 3634 1798 di-

2029 1837 2102 1892 cit
2127 1845 2478 1891 armaturam.
2528 1833 2814 1907 Subjungit
2854 1837 3038 1893 enim:
3080 1834 3265 1891 Justus
3305 1846 3476 1891 autem
3520 1835 3644 1908 quid

2030 1930 2149 2002 fecit
2179 1930 2205 1983 .9
2237 1929 2351 1985 Hoc
2401 1929 2569 1986 dicit:
2623 1930 2759 1989 Cum.
2805 1929 2878 1985 illi
2921 1930 3002 1985 sic
3058 1929 3390 1985 instruerent
3435 1930 3644 1996 aciem,

2030 2024 2229 2092 quaeris
2263 2021 2532 2078 undenam
2575 2037 2634 2077 se
2671 2023 2848 2093 justus
2895 2022 3225 2078 armaverit?
3254 2023 3429 2079 Audi:
3457 2024 3512 2080 5.
3547 2022 3645 2077 Do-

2031 2115 2200 2169 minus
2217 2115 2268 2169 in
2292 2115 2480 2184 templo
2496 2124 2672 2170 sancto
2692 2130 2786 2171 suo
2801 2129 2821 2169 :
2842 2112 3100 2169 Dominus
3118 2115 3171 2168 iu
3195 2114 3322 2170 caelo
3343 2116 3488 2169 sedes
3511 2115 3642 2187 ejus.

2034 2205 2198 2263 Vides
2232 2221 2393 2275 quam
2435 2207 2618 2277 paucis
2663 2206 2781 2278 ejus
2821 2208 3060 2261 narravit
3085 2207 3368 2263 auxilium.
3395 2207 3533 2276 Quid
3567 2207 3646 2263 fee

2031 2299 2170 2354 cerit
2197 2301 2399 2369 rogas?
2426 2298 2506 2354 Ad
2542 2298 2823 2354 Dominum
2864 2298 3106 2371 confugit
3141 2300 3342 2370 quiest
3383 2301 3435 2354 in
3470 2301 3638 2365 (ra-lis,

2032 2389 2123 2459 qui
2173 2399 2258 2443 est
2286 2390 2485 2461 ubique
2514 2407 2774 2461 prmsens.
2831 2391 2952 2447 Non
2999 2407 3184 2447 arcum
3240 2391 3490 2456 intendit,
3543 2409 3646 2452 ncc

2034 2482 2342 2552 pharetram
2384 2484 2592 2552 paravit
2634 2484 2776 2538 sicut
2818 2484 2927 2549 ille,
2964 2499 3064 2539 nec
3089 2487 3261 2540 aciem
3294 2485 3549 2542 instruxit
3588 2489 3642 2542 in

2033 2573 2292 2628 occulto:
2327 2573 2423 2628 sed
2469 2574 2552 2628 his
2591 2575 2841 2630 omnibus
2883 2576 3103 2642 missis,
3161 2589 3314 2645 spem
3369 2578 3422 2630 in
3475 2577 3644 2632 Deum

2032 2671 2219 2720 contra
2261 2679 2451 2721 omnes
2492 2669 2712 2738 objeeit,
2751 2678 2807 2723 et
2845 2683 2968 2723 eum
3019 2669 3125 2724 illis
3180 2669 3433 2739 opposuit
3465 2670 3505 2736 ⁸,
3553 2669 3643 2740 qui

2034 2763 2182 2818 nullo
2217 2764 2411 2820 borum
2443 2763 2677 2834 indiget,
2729 2776 2837 2816 non
2887 2762 3030 2827 loco,
3076 2775 3182 2816 non
3227 2769 3503 2830 tempore,
3538 2775 3648 2815 non

2033 2855 2235 2920 armis,
2281 2870 2389 2909 non
2432 2854 2717 2926 pecuniis,
2776 2852 2870 2907 sed
2919 2852 3037 2906 solo
3090 2861 3223 2907 nutu
3277 2852 3458 2907 omnia
3518 2866 3644 2921 pcr—

2033 2946 2161 3016 agit.
2211 2946 2403 3001 Vidisti
2451 2943 2867 3015 inexpugnabile
2907 2941 3331 3012 expedittunque
3379 2952 3435 2997 et
3489 2941 3646 2999 facile

2032 3037 2328 3092 auxilium?
2359 3035 2511 3090 Oculi
2535 3037 2645 3105 ejus
2672 3037 2724 3088 in
2753 3050 3031 3105 pauperem
3057 3034 3359 3103 respiciunt,
3388 3033 3641 3104 palpebra

2032 3132 2145 3199 ejus
2183 3130 2498 3200 interrogant
2536 3127 2672 3197 ﬁlios
2724 3126 3007 3180 hominum.
3049 3125 3104 3180 6.
3142 3125 3393 3179 Dominus
3423 3126 3649 3180 interro-

2032 3231 2118 3294 gat
2151 3224 2352 3292 justum
2389 3222 2436 3274 et
2485 3219 2719 3290 impium.
2762 3216 2865 3284 Qui
2901 3227 3073 3272 autem
3111 3205 3281 3288 diligit
3304 3218 3648 3285 iniquitatem,

2034 3313 2141 3367 odit
2193 3315 2419 3367 animam
2469 3327 2636 3367 suam.
2692 3310 2846 3365 Alius
2871 3352 2888 3377 ,
2927 3308 3200 3380 Palpebrae
3247 3310 3356 3381 ejus
3409 3308 3650 3380 probant.

2034 3406 2215 3470 Alius,
2243 3404 2491 3460 Dominus
2511 3405 2686 3476 justus
2713 3403 3056 3456 examinator.
3088 3402 3264 3469 Alius,
3297 3401 3329 3455 J
3340 3411 3506 3457 ustum
3533 3419 3652 3474 prc-

2033 3496 2115 3550 bat
2148 3507 2193 3550 ct
2223 3497 2458 3567 impium,
2476 3505 2657 3550 etcum
2685 3495 2772 3565 qui
2793 3504 2934 3548 amat
2959 3495 3156 3564 injusta
3179 3494 3288 3547 odit
3311 3495 3486 3548 anima
3510 3495 3646 3566 ejus.

2033 3584 2207 3656 Alius:
2243 3588 2343 3655 Qui
2371 3597 2509 3642 autat
2537 3587 2864 3659 injustitiam,
2899 3585 3019 3641 odio
3048 3585 3198 3640 habet
3218 3586 3444 3640 animam
3470 3602 3642 3639 suam.

2033 3684 2226 3741 Vidisti
2251 3692 2495 3755 paratum
2527 3682 2835 3754 adjutorem
2857 3722 2872 3748 ,
2903 3688 3211 3752 promptum
3239 3679 3644 3749 opitulatorem,

2031 3779 2233 3850 ubique
2279 3786 2625 3849 praascntem,
2670 3775 2852 3831 omnia
2900 3773 3197 3839 videntem,
3249 3774 3427 3827 omnia
3469 3772 3643 3842 respi-

2031 3873 2260 3927 cientem
2295 3888 2309 3923 :
2341 3869 2496 3938 cujus
2537 3869 2640 3922 hoc
2679 3866 2912 3921 maxime
2939 3878 3134 3919 munus
3169 3873 3272 3930 est,
3319 3864 3419 3918 etsi
3465 3865 3643 3919 nullus

2032 3981 2155 4020 eum
2178 3971 2354 4034 rogat,
2373 3961 2678 4032 providere,
2708 3974 2891 4014 curam
2909 3972 3127 4028 gerere,
3156 3970 3254 4011 eos
3279 3955 3369 4026 qui
3388 3955 3640 4026 injuriam

2031 4059 2235 4113 faciunt
2283 4055 2593 4126 prohibere,
2630 4053 2696 4108 iis
2729 4051 2924 4121 quibus
2968 4049 3027 4104 lit
3070 4047 3262 4117 injuria
3298 4062 3636 4113 succurrere,

2030 4153 2244 4207 iElorum
2271 4159 2420 4204 recte
2449 4147 2585 4201 facta
2617 4143 2974 4209 remunerari,
3003 4141 3087 4196 his
3114 4153 3214 4211 pro
3241 4139 3476 4210 peccatis
3508 4153 3640 4208 sup-

2029 4244 2186 4314 plicia
2214 4242 2457 4313 inﬂigere
2485 4242 2507 4295 ?
2532 4240 2677 4295 Nihil
2704 4254 2834 4310 ergo
2864 4239 3117 4309 ignorat:
3162 4235 3303 4289 oculi
3348 4234 3492 4290 enim
3524 4231 3643 4302 ejus

2029 4337 2215 4392 orbem
2244 4343 2405 4390 terra:
2433 4333 2732 4404 reSpiciunt
2758 4332 2835 4402 (2.
2871 4329 3056 4385 Paral.
3089 4330 3178 4386 l6.
3203 4328 3282 4400 9).
3315 4326 3433 4382 Non
3464 4324 3642 4379 solum

2029 4439 2209 4483 autem
2237 4429 2360 4492 hoc,
2394 4427 2490 4481 sed
2515 4427 2676 4481 etiam
2704 4440 2766 4480 ea
2794 4424 3218 4495 vultco'rrigere.
3253 4422 3322 4477 Et
3351 4420 3472 4475 ideo
3502 4418 3642 4472 alius

2028 4535 2242 4591 quoque
2291 4520 2466 4590 ipsum
2520 4516 2832 4587 significans
2875 4515 3110 4580 dicebat,
3149 4512 3351 4568 Justus.
3383 4511 3441 4568 Si
3495 4511 3640 4567 cuitu

2022 4614 2222 4684 justus,
2251 4627 2358 4666 non
2388 4610 2608 4666 inducet
2656 4610 2708 4664 in
2753 4608 2993 4664 animum
3032 4615 3093 4663 ut
3135 4608 3252 4661 haec
3292 4616 3494 4660 temere
3525 4603 3639 4656 ﬁeri

2025 4707 2322 4777 permittat.
2371 4706 2669 4759 Aversatur
2720 4701 2914 4766 malus,
2959 4699 3143 4757 laudat
3184 4699 3382 4770 justos.
3437 4695 3639 4751 Deinde

2025 4798 2170 4870 quod
2201 4798 2254 4851 in
2281 4797 2449 4868 priori
2482 4795 2697 4851 Psalmo
2733 4795 2968 4861 dicebat,
3007 4792 3300 4848 ostendens
3345 4790 3478 4845 satis
3515 4802 3637 4844 esse

2027 4891 2214 4944 vitium
2246 4889 2313 4944 ad
2346 4889 2492 4958 ipsos
2518 4886 2936 4950 consumendos,
2983 4885 3085 4939 hoc
3127 4884 3217 4940 hic
3241 4883 3404 4938 etiam
3432 4883 3636 4952 signiti-

2027 4996 2157 5036 cans
2188 4980 2502 5050 subjnnxit:
2534 4980 2634 5047 Qui
2659 4989 2828 5032 autem
2867 4988 3006 5032 autat
3031 4977 3362 5047 iujustitiam,
3393 4976 3499 5030 odit
3525 4963 3640 5028 ani-

2025 5089 2162 5125 mam
2206 5087 2371 5126 suam.
2417 5070 2513 5125 Est
2544 5069 2685 5124 enim
2713 5069 2909 5123 anima:
2938 5068 3214 5122 inimicum
3241 5067 3429 5120 vitium
3451 5106 3467 5131 ,
3499 5063 3638 5119 infe-

2024 5175 2189 5230 stum,
2216 5175 2269 5217 et
2299 5162 2657 5233 perniciosum
2687 5175 2893 5231 :quare
2924 5159 3005 5213 vel
3046 5169 3170 5214 ante
3196 5159 3521 5229 supplicium
3545 5157 3634 5212 dat

2026 5270 2206 5324 pmnas
2255 5255 2549 5324 improbus.
2588 5252 2774 5307 Vidisti
2823 5251 3095 5321 quomodo
3137 5249 3372 5321 undique
3398 5249 3637 5304 ostendit

2023 5346 2363 5401 adversarios
2418 5345 2571 5399 facile
2609 5346 2726 5414 capi
2775 5359 2951 5413 posse,
2997 5358 3118 5397 cum
3158 5351 3213 5397 et
3249 5341 3408 5397 talem
3442 5340 3636 5395 habeat

2023 5440 2349 5509 adjutorem,
2379 5447 2432 5492 et
2453 5453 2480 5490 a
2506 5437 2736 5508 propriis
2761 5437 2832 5489 illi
2860 5436 3026 5489 armis
3055 5436 3358 5500 vincantur,
3394 5449 3488 5502 per
3513 5448 3634 5502 qua:

2024 5535 2358 5601 muniuntur,
2385 5548 2478 5602 per
2506 5548 2568 5586 ea
2597 5547 2655 5586 se
2685 5539 3083 5593 consunieates,
3111 5537 3166 5584 et
3190 5528 3396 5598 seipsos
3429 5527 3630 5580 Luden-

2087 5758 2098 5785 ‘
2128 5755 2212 5807 lite
2235 5770 2400 5819 voces,
2420 5763 2462 5808 et
2482 5770 2592 5808 cum
2616 5754 2712 5807 illis
2738 5756 2973 5816 opposuit,
3002 5755 3178 5802 desum
3197 5750 3401 5800 inSavil.
3418 5757 3467 5802 et
3491 5750 3625 5803 Culb.
