4068 6430
494 334 596 392 ιιδ
1162 331 1222 389 S.
1258 327 1539 390 JOANNIS
1574 327 2053 388 CBRYSOSTOMI
2090 327 2408 387 ARCHIEP.
2449 326 2985 387 CONSTANTINOP.
3691 332 3791 386 ιιι

488 450 612 506 tes?
658 447 836 504 vidisti
881 447 1064 504 auxilii
1095 441 1470 510 -_facilitateml
1495 446 1687 518 Neque
1723 444 1868 502 enim
1905 446 2085 514 aliquo

484 541 746 610 cundum,
773 557 875 610 nec
898 542 1221 598 currendum
1248 549 1366 608 est.
1382 556 1491 598 nec
1517 543 1895 598 consumenda:
1926 551 2086 606 pecn-

488 634 616 700 nic,
643 647 767 688 cum
797 632 940 688 Dens
963 632 1036 688 sit
1060 631 1258 702 ubique
1296 645 1556 702 praesens.
1584 641 1640 686 et
1664 629 1842 684 omnia
1885 627 2084 698 videat.

484 722 542 778 ’1.
577 721 730 779 Plut
757 739 913 794 super
935 714 1223 794 peccatores
1255 722 1480 792 laqueos,
1517 720 1650 792 ignis
1685 729 1733 774 et
1760 719 2002 788 sulphur,
2034 726 2086 772 et

485 815 698 884 spiritus
742 814 1107 886 procellarum,
1151 831 1273 887 pars
1305 813 1479 870 colicis
1518 828 1714 867 eorum.
1746 811 1803 889 8.
1828 809 2082 879 Quoniam

486 906 652 970 iustus
691 904 964 972 Daunius,
1013 915 1062 964 et
1097 905 1332 977 justitias
1379 904 1580 975 dilexit,
1632 903 1919 975 a'quitatem
1958 901 2081 956 sidit

481 997 653 1051 uultus
688 997 820 1070 ejus.
872 997 1055 1064 Alius;
1087 994 1246 1053 Pluet
1283 1011 1438 1066 super
1476 995 1677 1064 iniquos
1703 992 1948 1048 carbones
1978 991 2077 1063 (a).

483 1087 1030 1156 Alius,,Rectitsdiass
1054 1087 1239 1142 uidebit
1257 1087 1424 1141 uultus
1444 1101 1636 1149 eam.
1658 1083 1761 1138 hoc
1784 1092 1889 1148 est,
1907 1080 2081 1152 justo-

484 1196 625 1245 rum,
656 1182 742 1238 vel
765 1181 927 1240 etiam
955 1181 1130 1254 ipsius
1143 1179 1259 1236 Dei.
1281 1179 1571 1252 Postquam
1599 1169 1736 1232 dixit
1757 1173 2078 1246 supplicium

480 1271 625 1343 quod
648 1287 717 1329 ex
736 1256 868 1328 vitio
884 1273 1073 1338 oritur,
1093 1271 1343 1342 quoniam
1372 1269 1526 1325 multi
1546 1269 1600 1325 id
1623 1275 1991 1332 contemnunt,
2009 1279 2078 1320 ex

418 1368 421 1371 '
486 1361 638 1434 plaga
662 1376 782 1432 quas
809 1375 1045 1432 superne
1070 1359 1310 1424 infertur.
1332 1369 1566 1416 mentem
1589 1357 1844 1427 deinceps
1873 1356 2077 1426 impro-

484 1451 674 1506 borum
688 1451 943 1517 concutit,
961 1449 1263 1524 emphatiea
1283 1453 1338 1505 e‘t
1351 1465 1466 1506 rem
1486 1449 1820 1520 exprimente
1833 1447 2080 1502 oratione

484 1549 662 1606 utens,
716 1549 772 1603 et
820 1555 914 1612 per
960 1540 1179 1597 nanina
1233 1540 1494 1600 terribilia
1533 1539 1849 1610 procedens.
1895 1535 2076 1608 ignem

480 1633 650 1698 enim,
679 1644 734 1688 et
753 1631 998 1706 sulphur,
1025 1643 1079 1689 et
1107 1633 1357 1707 spiritum
1387 1633 1760 1704 procellarum,
1795 1641 1850 1687 et
1882 1631 2076 1686 carbo-

483 1737 606 1788 nes,
653 1723 844 1794 inquit,
893 1738 1126 1793 superne
1181 1723 1347 1795 pluet,
1389 1723 1682 1779 dictionum
1731 1721 2078 1777 translatione

484 1827 698 1880 [mtuam
729 1812 1126 1880 inevitabilew‘.
1155 1813 1404 1886 supplicii
1434 1812 1820 1878 diversitatem,
1850 1809 2075 1866 feriendi

469 1902 810 1973 facilitatem,
830 1913 888 1961 et
908 1893 1272 1964 consumendi
1289 1905 1393 1960 vim
1417 1905 1604 1960 volens
1629 1903 1934 1959 ostendere.

487 1992 494 1998 ’
551 1996 606 2052 3.
626 1995 765 2066 Quid
792 2005 896 2064 est,
937 1993 1074 2056 Pars
1101 1998 1276 2053 colicis
1299 1998 1512 2053 eorum?
1539 1995 1700 2063 Hac,
1743 1996 1936 2067 inquit,
1987 2003 2074 2052 est

480 2103 603 2144 sors
628 2102 839 2158 eorum,
867 2088 983 2146 lure
1003 2077 1272 2164 possessio
1294 2107 1310 2144 :
1347 2089 1401 2144 in
1439 2103 1508 2145 eo
1533 2088 1905 2153 versabantur,
1933 2088 1984 2141 in
2005 2102 2074 2142 eo

478 2191 884 2238 consumentur.
932 2181 1138 2240 Deinde
1181 2195 1401 2239 causam
1444 2194 1660 2252 quoque
1702 2178 1882 2243 alfert,
1929 2176 2072 2247 quod

477 2271 569 2338 qui
589 2271 768 2327 omnia
797 2271 1014 2343 respicit
1046 2286 1153 2328 non
1182 2273 1457 2344 permittat
1499 2264 1560 2326 ut
1588 2269 1703 2326 ba-c
1729 2269 1946 2338 impune
1974 2269 2070 2322 ab-

478 2368 624 2415 eant.
651 2360 804 2430 Quod
834 2361 972 2418 alius
999 2361 1161 2423 etiam
1190 2362 1320 2418 dicit
1340 2361 1601 2433 propheta
1628 2378 1642 2414 :
1681 2359 1852 2414 Purus
1892 2358 2073 2413 oculus

476 2462 617 2518 tuus,
649 2469 714 2511 nc
751 2453 918 2512 uideat
962 2454 1101 2508 mala
1117 2443 1144 2522 ,I
1161 2464 1210 2509 et
1234 2471 1391 2521 super
1434 2455 1631 2508 labores
1679 2454 1928 2523 respicere
1969 2467 2074 2506 non

479 2544 666 2611 poteris
714 2560 734 2598 :
775 2543 881 2602 hoc
906 2559 1119 2617 quoque
1157 2545 1394 2601 ostendit
1421 2544 1510 2600 hic
1554 2543 1737 2599 dicens
1770 2562 1783 2597 :
1820 2541 2071 2610 Quoniam

471 2634 646 2704 justus
671 2631 940 2700 Dominus,
987 2643 1034 2689 et
1063 2635 1300 2707 justitias
1351 2634 1529 2690 dilexit
1581 2633 1806 2702 (Hahae.
1840 2634 1890 2688 l.
1940 2632 2063 2703 l3).

478 2723 594 2780 lloc
621 2724 711 2782 Dei
728 2732 812 2800 est
828 2724 1106 2790 eximium,
1127 2741 1247 2795 qua:
1262 2727 1405 2794 justa
1428 2733 1553 2780 sunt
1577 2724 1880 2789 admittere,
1905 2725 2071 2794 tequi-

477 2826 640 2875 tatem
673 2817 925 2893 amplecti
952 2835 968 2873 :
997 2832 1245 2891 nec‘qua:
1268 2817 1426 2872 aliter
1448 2817 1600 2883 (iunt,
1625 2832 1874 2887 umquam
1904 2817 2070 2872 susti-

478 2909 677 2965 interit.

542 2998 869 3068 Comparatio
905 3000 1122 3070 passeris
1148 3016 1263 3053 cum
1290 3000 1462 3054 divite.
1490 3029 1561 3040 —
1588 2999 1878 3068 Propterea
1918 2997 2066 3054 Psal-

475 3105 628 3162 mum
649 3086 928 3159 incipiens.
947 3089 1190 3145 dicebat:
1215 3088 1284 3143 In
1305 3088 1526 3144 Domino
1550 3089 1755 3156 con/ide
1776 3106 1794 3154 ;
1815 3091 2067 3162 quomodo

423 3253 425 3257 ι
474 3181 642 3236 dicitis
667 3183 854 3235 animo
897 3196 1021 3236 mea:
1051 3197 1071 3235 :
1095 3179 1423 3252 Transmigra
1466 3181 1523 3234 in
1562 3190 1755 3235 montes
1795 3182 1925 3236 sicut
1951 3198 2071 3252 pas-

473 3275 594 3329 ser?
621 3274 720 3342 Qui
746 3268 891 3329 enim
921 3273 974 3328 in
1002 3274 1162 3328 rebus
1189 3257 1453 3338 terrenis,
1483 3282 1540 3328 et
1564 3273 1630 3328 iis
1669 3289 1791 3344 qua:
1818 3273 1886 3328 ad
1931 3273 2069 3330 hanc

475 3369 637 3422 vitam
666 3367 954 3437 pertinent,
986 3366 1261 3421 conﬁdunt
1282 3406 1297 3427 .
1328 3366 1498 3422 nihilo
1535 3367 1726 3422 melius
1753 3367 2068 3424 afﬁciuntur

479 3473 638 3527 quam
671 3447 858 3527 passer
881 3457 972 3527 qui
1000 3456 1172 3512 fidens
1207 3456 1506 3524 solitudini,
1561 3457 1720 3515 facile
1749 3461 1864 3530 capi
1889 3467 2064 3531 potest

472 3550 542 3604 ab
568 3549 838 3604 onmibus.
885 3548 1030 3604 Talis
1051 3557 1135 3604 est
1161 3548 1253 3618 qui
1268 3559 1447 3620 sperat
1475 3551 1526 3605 in
1556 3551 1828 3621 pecuniis.
1859 3552 2065 3619 Quem-

473 3641 761 3695 admodum
793 3654 977 3710 passcr
999 3650 1053 3696 et
1080 3657 1108 3693 a
1141 3640 1340 3710 pueris,
1361 3650 1417 3696 et
1437 3657 1467 3694 a
1498 3643 1644 3696 visco
1668 3645 1899 3713 capitur,
1930 3659 1961 3698 a
1989 3645 2068 3700 la-

471 3729 647 3801 queis,
679 3740 733 3785 et
757 3731 826 3788 ab
855 3731 978 3787 aliis
1008 3718 1487 3788 innumerabilibus
1515 3749 1531 3786 :
1578 3733 1651 3787 ita
1681 3734 1843 3789 etiam
1869 3720 1960 3806 qui
1985 3746 2068 3791 est

469 3821 643 3884 dives.
670 3829 729 3877 et
759 3836 978 3876 suorum
999 3861 1017 3888 ,
1049 3831 1105 3876 et
1133 3822 1366 3877 hostium
1418 3823 1619 3892 petitur
1654 3823 1861 3879 insidiis
1891 3834 1985 3880 :ct
2011 3827 2062 3880 in

471 3911 676 3981 majore
697 3927 858 3982 quam
880 3912 967 3966 ille
991 3920 1237 3968 versatur
1265 3913 1525 3984 periculo,
1555 3923 1613 3968 ut
1632 3915 1724 3985 qui
1746 3917 1945 3970 multos
1969 3917 2066 3970 lm-

471 4005 617 4069 beat,
642 4005 732 4074 qui
760 4005 960 4059 viscum
985 4003 1260 4070 adhibent,
1287 4013 1342 4059 et
1373 4013 1502 4060 alite
1527 4004 1670 4071 illos,
1699 4006 1867 4060 malas
1908 4008 2064 4076 cupi-

467 4096 698 4161 ditates;
725 4087 914 4166 eatque
959 4109 1175 4164 semper
1211 4097 1634 4166 transmigrator,
1681 4111 1896 4167 semper
1923 4108 2061 4154 tem-

471 4187 586 4258 pori
623 4185 885 4250 serviens,
912 4193 966 4238 et
995 4185 1240 4246 lictorum
1284 4184 1391 4240 iras
1439 4187 1845 4255 pertimescens,
1871 4197 1926 4255 et
1955 4186 2062 4240 lm-

470 4278 736 4348 peratoris
787 4275 1222 4346 indignationem,
1258 4285 1308 4330 et
1339 4275 1676 4330 adulatorum
1719 4276 1958 4342 insidias,
2009 4286 2064 4331 et

470 4370 684 4425 fraudes
725 4370 1056 4433 amicorum;
1103 4379 1159 4423 et
1205 4382 1327 4423 cum
1383 4367 1565 4422 hostes
1620 4368 1892 4432 irrucrint,
1944 4369 2061 4437 plus

468 4477 630 4532 quam
660 4475 850 4516 omnes
890 4460 1278 4528 contremiscit,
1306 4467 1360 4518 et
1384 4473 1506 4514 eum
1535 4471 1619 4514 est
1645 4474 1770 4529 pax,
1816 4459 2059 4529 suspica-

471 4567 558 4612 tur
586 4555 926 4609 insidiatores
955 4571 970 4608 :
1003 4569 1176 4624 neque
1218 4554 1362 4610 enim
1390 4551 1552 4608 habet
1575 4553 1788 4606 divitias
1813 4551 2054 4617 stabiles.

467 4656 525 4702 et
549 4663 667 4716 qua:
691 4645 891 4701 auferri
921 4654 1211 4715 nequeunt.
1248 4643 1372 4699 Ideo
1394 4658 1610 4713 semper
1635 4643 1775 4699 volat
1799 4651 1854 4699 et
1881 4652 2054 4698 trans-

471 4739 685 4807 migrat,
719 4743 931 4791 montes
972 4744 1030 4791 et
1077 4735 1293 4789 deserta
1343 4747 1702 4821 persequens,
1742 4747 1961 4788 versans
2001 4735 2054 4787 in

464 4829 716 4898 caligine,
744 4837 800 4884 et
826 4828 880 4882 in
916 4825 1144 4883 meridie
1168 4839 1383 4882 crassas
1409 4824 1610 4880 habens
1650 4825 1921 4892 tenebras,
1951 4825 2052 4881 do-

466 4922 654 4988 lusque
695 4926 927 4973 struens.
954 4917 1062 4972 Sed
1109 4931 1216 4970 non
1249 4915 1367 4970 talis
1408 4924 1492 4971 est
1528 4913 1722 4986 iustus.
1764 4914 1875 4970 Vite
1916 4917 2050 4970 enim

459 5011 721 5080 instarent
745 5008 1063 5077 resplendent
1091 5008 1254 5061 instar
1271 5007 1399 5062 lucis
1427 5005 1608 5079 (Prov.
1645 5008 1697 5062 ι.
1727 5007 1834 5078 l8).
1865 5007 2052 5078 Neque

463 5101 608 5156 enim
641 5100 858 5154 insidias
881 5114 1091 5169 parare,
1137 5113 1312 5170 neque
1345 5099 1598 5168 iniuriam
1643 5097 1817 5155 facere
1845 5101 2049 5155 consti-

463 5201 638 5259 tmtnt,
665 5191 762 5248 sed
784 5193 1022 5262 quietum
1062 5191 1260 5246 habent
1284 5190 1544 5247 animum.
1571 5190 1649 5244 Illi
1677 5201 1853 5247 autem
1892 5191 2048 5248 dolos

462 5299 675 5354 semper
695 5273 982 5346 struentes,
1010 5297 1222 5352 semper
1246 5291 1376 5338 sunt
1399 5283 1451 5336 in
1478 5291 1624 5338 metu
1650 5293 1704 5336 et
1730 5284 1780 5337 in
1807 5285 2047 5341 tenebris

461 5377 601 5440 sicut
638 5375 895 5441 latrones,
922 5389 1192 5429 murorum
1220 5372 1549 5443 perfossores
1577 5381 1632 5428 et
1660 5371 1889 5429 adulteri
1926 5375 2047 5430 :in-

523 5510 596 5570 (α)
619 5509 673 5559 in
692 5515 872 5561 Graeco.
894 5518 973 5558 tu.
995 5521 1051 5559 hi
1311 5515 1497 5567 ἄνθρακες.
1516 5504 1669 5571 Cujus
1688 5503 1753 5571 sit
1769 5505 1874 5571 hzcc
1896 5512 2045 5555 inter.

462 5566 670 5636 rretatlo
689 5578 846 5620 Gram
871 5566 1134 5633 ignoratur;
1162 5566 1250 5617 Ille
1275 5566 1419 5627 vero,
1446 5567 1667 5631 quisquis
1705 5566 1878 5626 fuerit,
1903 5571 2044 5630 tam

462 5648 830 5703 “cumtum,
850 5638 1080 5703 carbones
1103 5652 1118 5688 :
1139 5653 1232 5688 nec
1244 5637 1632 5703 hirtossentale:
1661 5651 1770 5686 nam
1795 5651 1858 5689 ex
1879 5637 2042 5691 radice

456 5710 558 5770 πῃ
579 5699 908 5770 ἱιιβαρνηωιάί
949 5703 1149 5750 verbum
1185 5701 1337 5750 oritur
1375 5702 1422 5749 iu
1456 5699 1604 5762 biphil
1641 5708 1690 5748 et
1710 5705 1806 5763 rp}:
1831 5715 2042 5755 cinerem

463 5753 714 5840 stimulati.
741 5772 863 5828 Vide
887 5773 1090 5823 chicen
1115 5779 1330 5823 nostrum
1353 5772 1399 5824 iu
1426 5753 1654 5836 "exopta.

2197 445 2369 500 terdiu
2399 445 2586 503 vident
2630 442 2900 518 tenebras,
2928 463 3050 504 cum
3077 451 3145 504 sit
3172 463 3358 506 eorum
3387 448 3568 505 anima
3594 451 3793 504 timore

2190 539 2528 594 conturbata.
2562 538 2843 607 Quomodo
2866 555 2998 613 ergo
3026 553 3262 612 possunt
3293 542 3376 598 ita:
3410 541 3610 598 discuti
3638 552 3792 597 tene-

2189 627 2343 685 brae?
2363 628 2419 685 Si
2460 638 2512 686 te
2537 630 2608 689 ab
2636 629 2721 686 bis
2747 631 2999 687 omnibus
3021 631 3323 704 sejunxeris
3341 673 3359 700 ,
3389 643 3445 688 et
3485 647 3514 686 a
3550 633 3644 688 Dei
3693 646 3795 701 spe

2188 721 2530 791 pependeris,
2562 723 2664 778 etsi
2694 723 2769 778 sis
2811 724 3008 780 millies
3036 734 3304 795 peccator.
3339 725 3596 795 Respicite
3615 724 3791 788 enim,

2187 809 2379 881 inquit,
2407 813 2478 866 ad
2500 815 2736 886 antiquas
2761 816 3132 886 generationes,
3161 828 3205 870 et
3229 816 3392 870 videte
3411 818 3525 887 quis
3551 817 3788 882 speravit

2186 901 2242 956 in
2280 900 2554 957 Dominum
2576 944 2593 969 ,
2623 914 2672 958 et
2698 908 2943 980 confusus
2990 916 3065 961 est
3097 907 3113 938 ¹
3147 905 3338 976 (Et-cli.
3381 905 3437 960 2.
3485 908 3546 963 tl
3573 905 3618 979 ).
3668 905 3794 962 Non

2186 990 2354 1058 dixit,
2378 991 2560 1048 Justus
2594 1012 2606 1049 :
2635 994 2732 1051 sed
2757 1038 2776 1060 ,
2801 994 2928 1062 Quis
2949 997 2975 1051 Υ
3001 996 3113 1058 Etsi
3140 997 3242 1058 sit.
3275 997 3481 1066 inquit,
3507 1009 3792 1067 peccator.

2182 1081 2310 1140 Hoc
2347 1083 2498 1140 enim,
2518 1083 2858 1152 admirabile,
2889 1086 3031 1156 quod
3061 1087 3222 1141 etiam
3263 1094 3580 1157 peccatores
3620 1102 3796 1141 anco-

2184 1187 2301 1228 ram
2348 1171 2488 1229 banc
2516 1184 2798 1240 tenentes,
2847 1186 2974 1231 sunt
3014 1179 3263 1232 omnibus
3312 1178 3788 1249 inexpugnabiles.

2185 1264 2298 1321 lloc
2319 1275 2406 1321 est
2435 1266 2579 1321 enim
2624 1269 2854 1323 maxime
2899 1268 2952 1323 in
2985 1269 3150 1324 Deum
3202 1268 3522 1336 aﬂectionis,
3565 1273 3792 1342 quando

2170 1364 2264 1432 \tot
2291 1357 2447 1414 malis
2469 1373 2759 1428 oppressus
2785 1359 2836 1413 in
2867 1360 2982 1430 ejus
3011 1359 3338 1429 benignitate
3362 1361 3612 1418 habuerit
3639 1361 3780 1417 fidu-

2181 1444 2343 1500 ciam.
2371 1446 2672 1503 Sicuteuim
2691 1450 3006 1506 maledictus
3032 1461 3114 1505 est
3134 1451 3224 1521 qui
3242 1461 3426 1522 sperat
3455 1452 3508 1506 in
3535 1451 3786 1516 homine.

2182 1536 2252 1590 ita
2280 1539 2438 1591 etiam
2465 1536 2653 1594 beatus
2679 1549 2762 1595 est
2791 1542 2881 1610 qui
2924 1550 3109 1610 sperat
3136 1542 3186 1596 in
3230 1540 3344 1599 Deo
3372 1540 3394 1616 (
3413 1540 3528 1598 ler.
3562 1544 3650 1598 l7.
3701 1543 3786 1616 5).

2182 1628 2266 1684 Ab
2290 1629 2538 1683 erunibus
2563 1644 2695 1700 ergo
2723 1641 2778 1686 te
2823 1631 3130 1702 sejungens,
3174 1633 3316 1687 hanc
3340 1643 3465 1689 tene
3493 1650 3786 1694 ancoram.

2183 1717 2325 1773 Deus
2350 1719 2493 1773 enim
2535 1721 2713 1774 omnia
2755 1722 3015 1790 intuetur,
3041 1723 3184 1794 justo
3207 1724 3433 1795 jndieat,
3464 1735 3521 1782 et
3546 1743 3656 1781 non
3690 1744 3787 1784 so-

2179 1809 2288 1864 lum
2314 1810 2540 1879 judicat,
2565 1811 2658 1866 sed
2685 1813 2844 1867 etiam
2869 1813 2938 1869 ad
2965 1829 3101 1883 epus
3123 1813 3340 1870 deducit
3364 1832 3380 1868 :
3404 1826 3459 1871 et
3477 1816 3600 1872 ideo
3621 1827 3781 1886 post-

2179 1915 2337 1970 quam
2359 1902 2494 1956 dixit
2513 1901 2581 1956 de
2610 1904 2969 1973 ejusjustitia,
2997 1906 3233 1962 ostendit
3257 1908 3422 1963 etiam
3451 1909 3783 1980 supplicium

2177 2006 2277 2062 per
2304 1994 2634 2063 ignem,‘per
2660 1996 2948 2070 procellam
2976 2013 2994 2051 :
3024 1996 3127 2053 hoc
3171 2007 3353 2054 autem
3398 1998 3524 2055 facit
3559 2001 3782 2055 illorum

2177 2096 2360 2137 curam
2383 2098 2598 2154 gerens,
2637 2094 2694 2141 et
2724 2101 2818 2155 per
2852 2087 3170 2158 supplicium
3212 2089 3445 2145 reddens
3484 2091 3784 2146 modestio-

2179 2189 2285 2228 res.
2313 2175 2576 2231 Omnibus
2602 2193 2734 2248 ergo
2759 2177 2829 2234 de
2855 2180 3035 2236 causis
3060 2179 3129 2235 ad
3157 2195 3280 2235 eum
3325 2181 3646 2236 accedamus
3663 2222 3682 2242 .
3725 2193 3783 2237 et

2181 2277 2439 2334 perpetuo
2470 2268 2537 2322 ad
2566 2284 2689 2324 eum
2718 2271 3092 2340 respiciamus.
3120 2269 3367 2328 lta'enim
3399 2273 3561 2328 etiam
3593 2277 3778 2330 omnia

2179 2355 2317 2410 bona
2355 2371 2747 2428 consequemur
2784 2359 2836 2413 in
2865 2359 3082 2416 Christo
3106 2359 3232 2416 Jesu
3279 2362 3508 2418 Domino
3561 2374 3777 2432 stostm,

2178 2446 2264 2502 cui
2288 2447 2457 2518 gloria
2489 2449 2542 2503 in
2573 2451 2768 2505 saecula
2799 2452 3146 2510 saeculorum.
3175 2454 3371 2508 Amen.

2498 2601 2861 2663 EXPOSITIO
2904 2605 2972 2662 IN
3001 2602 3328 2665 ΡδΑιιιυιι
3358 2608 3447 2664 XI.

2179 2737 2230 2791 l.
2260 2735 2326 2791 In
2369 2739 2521 2807 ﬁnem
2569 2757 2661 2809 pro
2704 2751 2900 2795 octava.
2945 2741 3128 2804 Alius,
3174 2741 3408 2799 Victoria
3443 2755 3641 2799 auctori
3680 2763 3778 2818 pro

2351 2841 2545 2884 octava.
2576 2830 2832 2887 chnens
2856 2842 3055 2898 autem,
3083 2834 3386 2902 Aseminith,
3415 2835 3605 2906 inquit.

2172 2919 2227 2974 2.
2261 2918 2477 2976 Salvum
2521 2937 2600 2975 me
2643 2926 2749 2994 fac,
2782 2921 3018 2989 Domine,
3050 2927 3293 2994 quoniam
3328 2925 3510 2994 defecit
3533 2938 3773 2995 sanctus,

2242 3014 2483 3085 quoniam
2507 3013 2772 3068 diminuta
2811 3023 2927 3069 sunt
2974 3017 3205 3069 veritates
3238 3033 3271 3070 a
3314 3016 3438 3081 ﬁliis
3483 3017 3774 3074 nontinurn.

2244 3106 2417 3173 Alius,
2448 3105 2702 3171 Quoniam
2733 3109 2987 3161 terminati
3084 3115 3209 3162 sunt
3273 3108 3449 3177 ﬁdeles
3472 3124 3506 3161 α
3530 3110 3654 3178 ﬁliis
3679 3113 3777 3165 Iso-

2246 3216 2438 3254 ιιιιηιιιιι
2446 3240 2459 3252 .

2246 3311 2299 3364 1.
2329 3310 2507 3365 Ardua
2528 3309 2743 3380 quidem
2774 3324 2861 3364 res
2879 3319 2963 3365 est
2989 3310 3177 3375 virtus,
3199 3319 3254 3366 et
3284 3325 3378 3380 per
3405 3325 3467 3364 se
3494 3311 3772 3379 diftleilis;

2173 3403 2404 3458 maxime
2430 3413 2630 3467 autem,
2659 3403 2876 3473 quando
2905 3403 2994 3471 qui
3024 3411 3280 3472 operatur
3302 3418 3426 3459 cum
3454 3417 3646 3475 magna
3671 3405 3775 3460 bo-

2173 3511 2362 3551 norum
2393 3495 2630 3548 virormn
2660 3494 2930 3565 paucitate
2975 3504 3238 3549 versatur.
3283 3493 3434 3550 Sicut
3475 3496 3624 3551 enim
3669 3497 3774 3554 iter

2170 3589 2345 3660 agenti
2371 3588 2521 3642 labor
2538 3596 2622 3651 est
2644 3631 2657 3652 ,
2691 3589 2861 3642 multo
2899 3590 3067 3658 magis
3097 3597 3277 3643 autem
3306 3589 3349 3641 si
3382 3588 3532 3644 solus
3555 3595 3627 3645 sit
3651 3591 3773 3645 via-

2175 3691 2278 3743 tor,
2306 3691 2362 3734 et
2399 3679 2517 3733 sine
2561 3679 2660 3732 vize
2700 3679 2897 3733 comite
2927 3694 2941 3730 :
2975 3679 3044 3732 ita
3073 3679 3161 3734 hic
3198 3678 3382 3734 etiam.
3436 3679 3553 3735 Non
3604 3696 3771 3750 parta

2170 3771 2314 3825 enim
2346 3783 2433 3823 res
2457 3777 2540 3822 est
2576 3767 2800 3822 fratrum
2821 3769 3050 3824 societas
3074 3777 3128 3824 et
3161 3768 3486 3825 adhortatio.
3536 3772 3602 3835 Et
3647 3772 3772 3828 ideo

2169 3859 2295 3913 dicit
2323 3859 2482 3914 etiatn
2515 3857 2729 3926 Paulus,
2752 3858 3138 3914 Considamus
3166 3875 3252 3914 uos
3271 3860 3412 3931 ipsos
3427 3861 3498 3914 ad
3523 3878 3770 3931 provoca-

2170 3950 2352 4004 tionem
2389 3948 2674 4003 dilectionis
2702 3957 2749 4003 et
2783 3949 3032 4003 bonorum
3069 3965 3278 4020 operum
3306 3948 3499 4022 (Hebr.
3533 3953 3619 4006 10.
3645 3951 3764 4023 ει).

2171 4039 2238 4093 Et
2265 4039 2387 4094 ideo
2428 4046 2553 4093 sunt
2597 4038 2682 4094 vel
2732 4038 2967 4094 maxime
3011 4038 3154 4095 beati
3201 4039 3478 4110 judicandi
3530 4053 3764 4108 veteres,

2169 4149 2273 4187 non
2297 4131 2439 4204 quod
2470 4140 2618 4187 recte
2642 4139 2698 4186 et
2741 4147 2810 4186 ex
2834 4132 3031 4188 virtute
3057 4146 3118 4188 se
3143 4133 3416 4203 gesserint
3441 4174 3456 4196 ,
3490 4134 3586 4189 sed
3613 4137 3762 4204 quod

2169 4234 2302 4289 tum,
2329 4239 2450 4279 cum
2480 4237 2670 4293 magna
2701 4231 2847 4278 esset
2865 4222 3078 4278 virtutis
3102 4223 3379 4290 sterilitas,
3413 4233 3470 4279 et
3492 4239 3760 4295 nusquam

2166 4325 2487 4388 apparerent
2512 4316 2603 4386 qui
2643 4331 2705 4372 se
2751 4323 2900 4372 recte
2925 4325 3196 4386 gererent.
3237 4315 3351 4371 Hoc
3393 4331 3524 4387 ergo
3551 4317 3763 4388 signiti-

2166 4424 2294 4464 cans
2319 4423 2532 4479 quoque
2555 4407 2830 4478 Scriptura
2858 4408 3072 4463 dicebat
3097 4426 3110 4462 :
3146 4407 3262 4463 Nec
3275 4411 3474 4479 justus,
3503 4414 3762 4481 perfectus

2165 4503 2215 4555 in
2243 4503 2563 4573 generatione
2587 4517 2681 4555 sna
2710 4497 2860 4570 (Gen.
2889 4499 2944 4556 ϐ.
2975 4499 3066 4569 9).
3113 4499 3407 4568 Propterea
3431 4502 3762 4558 admiramur

2164 4593 2459 4658 Abraham,
2479 4600 2762 4661 propterea
2783 4590 2903 4655 Lot,
2923 4598 3205 4660 propterea
3230 4589 3453 4655 Mosem,
3475 4593 3615 4662 quod
3640 4595 3761 4648 vel-

2165 4684 2238 4738 uti
2275 4686 2327 4738 in
2359 4683 2620 4753 profunda
2643 4692 2800 4738 nocte
2820 4682 2993 4737 stella:
3015 4693 3445 4765 appareretit,.et
3476 4695 3754 4756 tamquam

2162 4791 2300 4831 rosa:
2327 4776 2466 4831 inter
2493 4778 2696 4842 spinas,
2737 4782 2794 4830 et
2831 4788 2961 4831 oves
3000 4775 3142 4830 inter
3181 4775 3338 4845 lupos
3390 4775 3758 4834 innumerabi-

2161 4867 2260 4934 les,
2289 4877 2348 4922 nt
2381 4867 2470 4938 qui
2499 4868 2638 4920 viam
2666 4865 2916 4920 omnibus
2938 4867 3267 4922 contrariam
3318 4867 3754 4937 ingrederentur,

2158 4958 2612 5030 cmptnmqneiter
2632 4955 3344 5026 minime'interrumperent.
3368 4957 3552 5014 Si'be‘c
3576 4961 3752 5028 ipsum

2158 5052 2297 5106 ettim
2319 5060 2404 5105 est
2424 5049 2640 5104 difficile
2666 5049 2718 5102 in
2737 5048 3097 5113 multitudine,
3121 5059 3176 5104 et
3204 5051 3294 5119 qui
3319 5050 3502 5106 multis
3530 5061 3716 5106 contra
3732 5080 3755 5095 -

2158 5143 2292 5197 rium
2337 5143 2438 5195 iter
2493 5139 2911 5210 ingredientibus
2967 5141 3083 5210 ipse
3125 5141 3273 5194 solus
3322 5152 3505 5195 contra
3557 5141 3751 5208 tendit,

2157 5234 2363 5301 magnis
2387 5232 2618 5286 afticitur
2645 5232 2921 5296 molestiis,
2942 5243 2996 5288 et
3017 5234 3061 5286 si
3094 5232 3146 5286 in
3171 5232 3504 5303 navigatiwnc
3532 5244 3614 5288 est
3640 5233 3748 5288 dif-

2157 5326 2312 5390 ficile,
2343 5339 2466 5379 cum
2501 5323 2690 5378 ﬂuctus
2715 5331 2770 5378 ct
2793 5334 2958 5379 tostus
2986 5333 3170 5379 contra
3201 5323 3404 5378 feratur
3426 5365 3441 5387 ,
3474 5340 3662 5380 navem
3695 5325 3748 5379 in

2153 5418 2479 5472 contrarium
2497 5417 2723 5487 dirigere
2753 5435 2766 5470 :
2800 5417 2969 5472 multo
2985 5417 3152 5487 magis
3169 5417 3220 5471 in
3248 5418 3465 5471 virtute.
3491 5417 3744 5485 Propter-

2152 5525 2214 5564 ea
2255 5507 2344 5565 bie
2379 5523 2590 5579 quoque
2610 5507 2810 5578 justus,
2838 5507 3009 5578 utqui
3035 5507 3183 5563 solus
3205 5523 3325 5562 eam
3353 5509 3740 5578 apprehendis-

2217 5702 2230 5730 ι
2263 5698 2313 5761 In
2335 5695 2555 5761 Siracide
2584 5711 2671 5761 seu
2704 5696 3050 5761 Ecclesiastico
3073 5697 3284 5761 legitur,
3311 5695 3422 5761 quis
3449 5695 3646 5760 conﬁdit
3689 5695 3737 5744 in

2158 5755 2393 5809 Domino?
2424 5759 2513 5820 (τίς
2540 5759 2843 5808 ἐνεπίστευσε
2867 5760 3028 5822 Κυρίῳ
3049 5759 3087 5820 ς)

3799 6017 4029 6430 _-J
