4068 6444
287 401 393 458 “5

283 527 390 581 set,
419 514 630 571 eteteris
655 522 843 570 contra
876 512 1240 577 tendentibus.
1267 513 1508 582 confugit
1540 512 1607 567 ad
1633 513 1724 569 Dei
1757 527 1887 583 pro-

282 609 599 676 videntiam,
632 609 857 664 dicens:
916 607 1133 663 Salvum
1184 623 1262 661 me
1292 607 1397 676 fac,
1452 605 1692 661 Domine.
1748 604 1889 659 Nihil

245 681 264 703 "
281 714 414 771 ergo
458 701 545 756 hic
594 700 738 755 aliud
786 715 948 770 quam
997 700 1101 754 hoc
1139 700 1448 770 significat:
1483 699 1728 768 Superna
1758 697 1892 753 mihi

282 806 445 846 manu
473 806 609 861 opus
663 798 767 858 est,
814 791 1018 845 czulesti
1062 804 1184 860 ope,
1218 801 1275 846 et
1318 791 1410 845 illo
1438 790 1620 845 divino
1666 789 1886 844 auxilio.

282 881 418 936 Cum
450 882 591 936 enim
615 881 755 936 viam
783 881 1051 952 ingrediar
1085 881 1336 936 omnibus
1380 885 1728 946 contrariam,
1769 895 1888 934 ma-

280 987 383 1039 gna
413 972 542 1026 mihi
569 983 706 1041 opus
734 981 818 1028 est
848 972 1199 1042 providentia.
1234 971 1304 1028 Et
1326 987 1430 1027 non
1461 971 1633 1027 dixit:
1664 971 1884 1027 Salvum

281 1080 370 1118 me
396 1063 497 1129 fac,
519 1063 774 1132 quoniam
819 1079 925 1117 non
953 1072 1036 1118 est
1059 1075 1276 1118 sanctus
1310 1080 1323 1116 :
1349 1063 1464 1126 sed,
1495 1063 1749 1130 Quoniam
1791 1063 1885 1117 de-

281 1155 400 1225 fecit
428 1165 656 1221 sanctus,
685 1154 980 1210 ostendens
1007 1169 1105 1209 eos
1128 1156 1290 1210 etiam
1313 1155 1403 1224 qui
1431 1163 1605 1220 erant,
1634 1154 1882 1224 periisse,

281 1255 566 1314 postquam
595 1245 820 1300 invaluit
855 1246 1064 1311 vitium,
1097 1256 1152 1302 et
1197 1245 1416 1301 morbus
1442 1249 1686 1315 superior
1714 1246 1885 1302 factus

280 1345 388 1390 est.
422 1336 536 1390 lloc
581 1335 778 1390 Paulus
803 1351 1017 1406 quoque
1045 1335 1197 1392 timet
1223 1330 1410 1391 dicens
1442 1353 1455 1389 :
1492 1335 1712 1391 Nescitis
1750 1336 1886 1407 quod

282 1442 468 1494 parum
497 1426 729 1495 [armenti
759 1435 914 1487 totam
939 1443 1160 1482 massam
1176 1431 1457 1496 'fermentat
1483 1427 1560 1499 (l.
1588 1425 1768 1483 Cor.5.
1791 1425 1886 1497 6)?

281 1517 353 1573 Et
377 1533 563 1572 rursus
595 1536 608 1571 :
655 1518 999 1589 Corrumpunt
1040 1520 1201 1574 bonos
1230 1535 1393 1574 mores
1422 1520 1676 1588 colloquia
1727 1534 1885 1588 prava

282 1607 448 1682 (Ibid.
481 1610 568 1664 15.
593 1609 720 1680 53).
763 1611 900 1678 Quid
948 1621 1032 1666 est
1076 1622 1254 1667 autem
1283 1653 1298 1677 ,
1349 1610 1626 1664 Diminutu:
1654 1620 1771 1664 sunt
1801 1627 1885 1664 ve—

280 1703 499 1757 ritates?
546 1703 724 1758 Multa:
787 1713 914 1760 sunt
973 1705 1246 1759 veritates.
1311 1704 1774 1770 Quemadmodum
1829 1705 1882 1758 in

282 1796 582 1864 coloribus,
610 1805 664 1851 et
686 1798 807 1851 aliis
837 1797 1126 1868 generibus
1149 1840 1164 1865 ,
1194 1797 1296 1852 alia
1324 1796 1538 1867 quidem
1567 1805 1692 1852 sunt
1732 1811 1878 1858 vera.

285 1887 394 1940 alia
423 1886 577 1954 falsa,
609 1896 664 1942 et
701 1897 783 1943 est
809 1904 1044 1958 purpura
1087 1905 1239 1955 vera,
1276 1899 1330 1943 et
1359 1903 1593 1958 purpura
1645 1887 1797 1950 falsa,
1828 1899 1883 1941 et

281 1977 333 2033 in
366 1993 525 2033 croco
547 1979 650 2050 (α),
673 1979 726 2034 in
751 1980 1031 2051 lapidibus,
1060 1981 1112 2035 in
1143 1980 1494 2045 aromatibus,
1517 1988 1570 2035 et
1593 1979 1710 2033 aliis
1733 1980 1880 2049 ejus-

283 2070 428 2125 modi
463 2089 478 2125 :
508 2073 578 2126 ita
609 2074 770 2128 etiam
801 2074 853 2127 in
896 2073 1204 2127 virtutibus.
1237 2071 1450 2127 Veritas
1470 2073 1616 2127 enim
1633 2081 1715 2127 est
1735 2072 1879 2142 quod

277 2178 405 2218 vere
431 2174 515 2218 est
545 2183 558 2218 :
588 2166 924 2221 mendacium
953 2174 1134 2221 autem
1170 2164 1314 2235 quod
1341 2179 1445 2219 non
1467 2173 1572 2220 est.
1613 2163 1877 2232 Quoniam

273 2269 407 2325 ergo
428 2255 544 2310 lucc
569 2257 775 2311 inversa
797 2266 849 2311 et
869 2257 1153 2311 obscurata
1178 2255 1409 2321 fuerant,
1435 2271 1540 2310 non
1565 2255 1707 2326 quod
1725 2268 1877 2311 suam

275 2345 641 2415 perdidissent
685 2350 1063 2413 substantiam,
1091 2348 1186 2403 sed
1216 2348 1360 2419 quod
1383 2348 1452 2403 ab
1481 2347 1789 2402 hominibus
1810 2349 1877 2404 de

274 2439 458 2495 medio
487 2441 696 2496 sublata
742 2441 1009 2496 fuissent:
1044 2450 1325 2512 propterea
1359 2457 1465 2496 non
1495 2440 1632 2494 dixit
1676 2441 1872 2508 solum,

269 2529 560 2586 Diminqu
608 2542 751 2597 sunt,
783 2533 876 2587 sed
922 2533 1139 2603 adjecit,
1183 2533 1227 2586 A
1278 2535 1400 2603 ﬁliis
1447 2534 1731 2599 hominum,
1774 2535 1875 2589 hoe

271 2624 447 2694 ipsum
461 2625 647 2681 volens
667 2625 983 2695 significare.
1004 2626 1294 2683 Considera
1325 2637 1524 2682 autem.
1541 2627 1638 2682 Est
1654 2636 1876 2682 ornatus

268 2729 450 2782 verus,
481 2724 564 2770 est
590 2717 751 2771 etiam
778 2718 962 2772 falsus.
993 2718 1125 2787 Quis
1151 2727 1233 2773 est
1261 2733 1391 2789 ergo
1421 2734 1580 2774 verus
1609 2719 1873 2774 ornatus?

268 2805 371 2872 Qui
396 2816 479 2860 est
506 2807 558 2860 in
588 2807 784 2861 anima.
815 2807 946 2874 Quis
981 2817 1064 2862 est
1091 2817 1270 2864 autem
1311 2809 1516 2864 falsus?
1545 2809 1646 2878 Qui
1680 2817 1769 2864 est
1809 2810 1866 2864 in

267 2911 519 2966 corpore.
554 2897 693 2952 Sunt
716 2898 915 2954 divitia:
937 2914 1100 2962 veras,
1133 2909 1259 2953 sunt
1284 2900 1444 2955 etiam
1473 2898 1642 2955 falsas.
1674 2899 1869 2967 Falsas,

265 2989 619 3056 pecuniarum
645 3007 659 3042 :
709 3005 872 3056 verre,
907 2999 1052 3046 recte
1082 2990 1367 3045 factorum.
1397 2991 1492 3045 Est
1523 2991 1706 3046 laetitia
1756 2991 1873 3046 lucc

265 3077 484 3145 quidem
509 3093 658 3146 vera,
690 3079 776 3133 illa
797 3095 926 3134 vero
955 3080 1106 3146 falsa,
1136 3081 1262 3135 item
1289 3081 1734 3150 pulchritudines,
1772 3097 1871 3151 po-

267 3168 473 3234 tentiae,
520 3178 575 3223 et
619 3169 810 3239 gloria.
851 3171 956 3225 Sed
989 3173 1220 3226 maxima
1253 3187 1374 3242 pars
1415 3172 1714 3238 hominum,
1773 3171 1870 3227 bo-

265 3273 385 3313 rum
423 3260 646 3315 veritate
685 3262 892 3326 relicta,
946 3278 1066 3328 quas
1109 3261 1242 3317 falsa
1291 3272 1416 3318 sunt
1454 3265 1796 3344 persequitur
1852 3282 1865 3318 :

264 3349 406 3405 sicut
445 3352 588 3405 enim
623 3361 706 3406 εει
735 3351 895 3406 homo
926 3367 1085 3407 verus
1129 3364 1183 3408 et
1210 3352 1409 3410 falsus:
1441 3371 1601 3410 verus
1625 3355 1865 3425 quidem,
1900 3346 1904 3348 ⁷

262 3439 356 3508 qui
387 3439 514 3526 vivit
538 3449 592 3493 et
619 3451 904 3509 operatur;
929 3442 1095 3498 falsus
1116 3454 1294 3499 autem
1322 3445 1410 3515 qui
1427 3447 1606 3515 pictus
1631 3455 1717 3501 est
1744 3463 1756 3500 :
1792 3447 1864 3501 ita

263 3529 426 3584 etiam
450 3531 634 3587 videre
670 3549 957 3603 possumus
987 3535 1037 3589 in
1063 3535 1372 3590 virtutibus.

363 3621 440 3676 De
491 3625 662 3679 cordis
715 3625 1033 3696 duplicitate.
1077 3657 1149 3668 -—
1195 3629 1250 3682 5.
1299 3627 1446 3683 Vana
1495 3629 1692 3701 loquuti
1749 3640 1866 3686 sunt

229 3717 609 3788 -unusquisque
659 3720 731 3771 ad
787 3721 1079 3789 proximum
1136 3737 1308 3776 suum.
1369 3720 1531 3776 Labia
1564 3723 1764 3790 dolosa,
1810 3715 1905 3780 in.

262 3811 418 3865 corde
439 3821 485 3864 et
501 3813 651 3864 corde
675 3812 872 3882 loquuti
895 3825 1012 3867 sunt
1032 3815 1189 3869 mala.
1237 3814 1390 3870 Alius
1415 3815 1586 3883 dixit,
1611 3815 1676 3870 In
1715 3819 1870 3873 corde

262 3903 366 3956 alio
391 3903 568 3957 etalio
598 3904 842 3974 loquitur.
873 3905 988 3961 Duo
1019 3905 1108 3962 hic
1133 3906 1262 3961 dicit
1292 3907 1438 3975 vitia,
1469 3918 1525 3963 et
1553 3908 1696 3979 quod
1726 3925 1862 3966 vana

264 3991 473 4061 loquuti
499 3993 628 4059 sint,
658 4004 708 4048 et
737 3994 882 4063 quod
921 3997 1164 4065 proximo
1208 4011 1308 4051 suo
1336 4014 1350 4050 :
1381 3997 1471 4052 vel
1494 4014 1555 4053 ea
1586 4015 1706 4068 qua:
1732 3999 1866 4056 falsa

261 4070 540 4139 sunt‘dicit
568 4099 726 4150 vana,
757 4086 841 4141 vel
872 4101 933 4141 ea
965 4103 1085 4157 quae
1111 4099 1236 4143 sunt
1261 4089 1529 4159 superﬂua
1557 4100 1613 4145 et
1633 4091 1863 4148 inutilia.

262 4173 399 4230 Tale
421 4176 547 4245 quid
571 4177 733 4232 etiam
764 4177 896 4232 dicit
935 4179 1130 4234 Paulus
1161 4197 1174 4231 :
1211 4180 1293 4233 Ne
1317 4183 1598 4236 mentimini
1625 4183 1695 4236 ad
1732 4185 1865 4238 invi-

263 4285 369 4324 cem
398 4269 622 4341 (Coloss.
655 4271 710 4326 5.
759 4269 850 4343 9).
884 4273 952 4327 Et
999 4259 1144 4342 quad
1195 4282 1280 4328 est
1320 4276 1562 4330 omnium
1611 4278 1866 4346 gravissi-

261 4375 430 4423 mum,
459 4374 650 4416 omnes
667 4370 824 4416 erant
851 4365 1110 4433 corrupti.
1146 4364 1212 4417 Et
1259 4365 1380 4419 ideo
1404 4381 1510 4420 non
1562 4368 1717 4434 dixit,
1758 4368 1864 4437 hic,

263 4450 353 4505 vel
382 4451 496 4517 ille,
545 4452 661 4519 sed,
697 4453 1075 4525 Unusquisque.
1120 4455 1307 4526 Neque
1336 4458 1481 4511 enim
1519 4468 1632 4513 erat
1661 4468 1866 4515 tantum

263 4541 475 4607 vitium,
508 4543 648 4611 quod
679 4552 888 4598 nataret
916 4545 968 4598 in
1010 4545 1294 4614 superficie
1321 4564 1336 4600 :
1360 4547 1455 4602 sed
1495 4558 1614 4604 erat
1660 4551 1711 4604 in
1740 4566 1868 4621 pro-

265 4633 452 4701 fundo,
480 4635 611 4688 etin
643 4635 829 4689 corde.
861 4635 930 4689 In
964 4638 1116 4692 corde
1143 4647 1188 4691 et
1228 4639 1280 4692 in
1320 4639 1473 4693 corde
1502 4657 1522 4696 :
1567 4641 1709 4711 quod
1734 4637 1869 4700 alius

265 4727 536 4796 interpres
573 4727 728 4794 dixit,
767 4725 837 4781 In
888 4730 1043 4784 corde
1071 4731 1175 4784 alio
1215 4741 1263 4785 et
1310 4733 1414 4785 alio
1451 4750 1472 4789 :
1503 4732 1707 4791 docens
1747 4751 1869 4792 esse

265 4833 515 4889 magnam
547 4822 600 4875 in
623 4821 790 4876 corde
817 4821 1206 4893 duplicitatem.
1238 4825 1351 4882 lloc
1386 4837 1470 4883 est
1493 4830 1742 4884 omnibus
1767 4829 1868 4883 bo-

264 4910 441 4965 stihus
483 4913 749 4967 acerbius.
800 4912 882 4967 illi
936 4916 1078 4970 enim
1110 4925 1234 4970 sunt
1289 4919 1479 4987 aperti,
1515 4919 1656 4975 unde
1705 4921 1868 4975 etiam

264 5001 423 5058 facile
467 5014 692 5074 possunt
718 5007 895 5061 caveri
924 5023 938 5060 :
971 5007 1024 5062 hi
1056 5023 1184 5064 vero
1211 5024 1334 5064 cum
1368 5011 1531 5066 aliam
1581 5028 1867 5083 personam

264 5109 378 5164 pm
415 5089 697 5162 scierant,
729 5107 784 5152 et
827 5100 935 5154 sint
970 5100 1137 5162 aliud.
1188 5103 1256 5157 ab
1284 5103 1349 5158 iis
1401 5104 1594 5175 quibus
1643 5108 1871 5164 tendunt

264 5185 492 5240 insidias
520 5202 625 5241 non
656 5187 812 5244 facile
852 5189 1365 5263 deprehenduntur,
1396 5197 1564 5252 multo
1593 5199 1871 5270 graviores

264 5277 330 5329 iis
351 5277 441 5346 qui
464 5277 668 5346 gladios
696 5280 1050 5336 abscondunt.
1080 5285 1132 5338 4.
1168 5284 1434 5356 Disperdet
1454 5287 1709 5344 Dominus
1737 5294 1859 5346 uni-

265 5383 410 5422 versa
437 5368 572 5422 labia
601 5371 808 5438 dolosa,
840 5374 1070 5446 linguam
1097 5380 1496 5448 magniloquam,
1528 5382 1581 5436 5.
1612 5383 1699 5453 qui
1727 5385 1872 5439 dixe-

265 5469 386 5514 rant
407 5460 699 5531 :Linguam
724 5470 950 5520 nostram
983 5470 1443 5539 magniﬁcubimus.
1478 5474 1627 5529 Alius
1649 5516 1664 5539 ,
1694 5474 1873 5529 Domi-

270 5552 530 5605 nubimur.
563 5552 728 5608 Labia
769 5567 944 5610 nostra
984 5561 1125 5628 apud
1153 5573 1244 5615 uos
1283 5574 1419 5618 sunt.
1453 5566 1626 5634 Alius,
1675 5567 1873 5622 Adsunt

272 5643 553 5699 nobiscum.
614 5644 740 5712 Quis
770 5660 938 5704 noster
979 5653 1231 5710 Dominus
1257 5659 1380 5711 est?
1426 5659 1598 5728 Alius,
1633 5660 1760 5729 Quis
1782 5679 1876 5717 no-

338 5812 412 5878 (a)
446 5821 528 5866 tlte
549 5829 714 5880 voces,
740 5825 784 5871 et
807 5833 858 5873 tu
877 5833 1038 5888 croco,
1063 5825 1243 5879 desunt
1266 5829 1313 5879 iu
1338 5830 1500 5882 Morel.

1365 393 1728 456 EXPOSITIO
1767 391 1836 452 IN
1875 392 2202 452 PSALMDM
2240 392 2334 448 XI.

3508 399 3606 456 liti

1999 510 2096 565 stri
2120 506 2516 563 dominabitur?
2550 506 2740 563 Vidistt
2784 509 3059 581 quomodo
3081 524 3268 566 eorum
3308 527 3492 568 curam
3512 529 3608 584 ge-

1994 604 2068 658 rit
2088 603 2374 672 propheta,
2403 600 2670 672 quomodo
2689 618 2786 672 pro
2816 603 2896 659 eis
2921 605 3080 660 orat?
3102 603 3288 674 Neque
3309 608 3453 662 enim
3474 621 3612 661 cou-

1996 702 2076 749 tra
2105 694 2250 762 ipsos
2287 702 2391 758 est,
2424 693 2478 748 id
2508 694 2652 764 quod
2682 693 2886 749 dictum
2929 706 3032 761 est,
3078 697 3173 753 sed
3202 712 3300 767 pro
3319 699 3468 768 ipsis.
3502 698 3604 753 Nee

1994 799 2100 854 que
2126 786 2268 840 enim
2296 786 2468 840 oravit
2500 795 2559 840 ut
2589 786 2964 856 perderentur,
2995 789 3090 844 sed
3113 800 3171 844 ut
3199 804 3387 844 eorum
3406 790 3597 846 vitium

1994 874 2062 929 de
2086 875 2264 930 medio
2296 875 2598 931 tolleretur.
2631 876 2748 932 Non
2792 877 2928 932 dixit
2983 880 3152 946 enim,
3207 881 3408 937 Perdet
3461 881 3609 952 ipsos

1992 968 2276 1034 Dominus,
2300 968 2416 1034 sed,
2445 969 2609 1023 Labia
2628 969 2830 1025 dolosa.
3285 1040 3288 1045 _

2061 1058 2116 1112 2.
2152 1057 2277 1113 Non
2312 1061 2492 1126 nostri,
2523 1061 2614 1114 sed
2639 1061 2844 1116 Domini
2863 1080 3057 1118 sumus.
3095 1063 3304 1119 Domini
3330 1065 3606 1137 potentiam

1993 1151 2227 1204 uniuersa
2255 1159 2489 1204 creatura
2517 1153 2783 1222 praedicat.
2810 1183 2886 1194 —
2910 1154 2980 1209 Et
3006 1171 3193 1212 rursus
3225 1172 3332 1211 non
3358 1155 3607 1211 substan-

1991 1240 2140 1306 tiam,
2158 1240 2250 1295 sed
2281 1241 2539 1312 linguam,
2559 1244 2944 1314 arrogantiam,
2974 1244 3221 1301 fraudem
3248 1247 3362 1302 vult
3381 1246 3603 1327 auferri,

1990 1333 2299 1401 superbiam
2327 1334 2590 1388 exscindi.
2626 1334 2861 1390 lrridens
2886 1345 3070 1392 autem
3085 1352 3274 1392 eorum
3296 1338 3603 1405 stultitiam,

1988 1421 2140 1487 dicit,
2165 1421 2328 1476 Labia
2355 1430 2531 1478 nostra
2555 1425 2700 1494 apud
2721 1443 2813 1480 nos
2843 1435 2983 1480 sunt.
3006 1427 3134 1495 Quis
3156 1437 3324 1483 noster
3349 1425 3604 1483 Dom‘inus

1989 1515 2114 1568 est?
2165 1515 2485 1571 lnsanorum
2513 1527 2568 1572 et
2613 1529 2794 1582 mente
2825 1528 3106 1590 captormn
3152 1521 3338 1577 verba.
3370 1521 3439 1576 Et
3481 1522 3603 1578 ideo

1989 1604 2187 1660 Paulus
2209 1622 2364 1663 secus
2381 1623 2542 1678 quam
2569 1609 2604 1663 ii
2626 1609 2875 1680 loquens,
2894 1611 3116 1666 suadet:
3144 1611 3269 1666 Non
3288 1613 3404 1667 estis
3426 1613 3599 1678 vestri,

1987 1698 2150 1766 pretio
2176 1699 2332 1768 empti
2361 1701 2481 1754 estis
2510 1699 2587 1772 (l.
2608 1700 2726 1756 Cor.
2759 1701 2813 1757 6.
2834 1701 2923 1758 19.
2943 1702 3074 1774 20):
3105 1711 3159 1758 ct
3185 1703 3339 1773 jubet
3368 1719 3463 1758 eos
3491 1720 3598 1757 non

1989 1789 2224 1859 sibiipsis
2248 1790 2453 1846 vivere.
2470 1790 2590 1846 Non
2615 1802 2740 1847 sunt
2763 1801 2852 1847 tua
2883 1794 3045 1862 labia,
3066 1794 3164 1850 scd
3184 1794 3394 1849 Domini
3419 1793 3596 1865 (Rom.

1989 1881 2075 1936 M.
2112 1882 2189 1952 7).
2224 1881 2341 1950 Ipse
2368 1883 2510 1938 enim
2538 1899 2600 1938 ea
2633 1885 2778 1951 fecit,
2799 1886 2914 1956 ipse
2935 1885 3268 1953 construxit,
3295 1886 3410 1957 ipse
3434 1886 3596 1939 vitam
3644 1895 3647 1897 ‘

1989 1973 2288 2046 inspiravit.
2319 1975 2388 2029 At
2421 1983 2476 2029 tu
2507 1975 2716 2031 habes?
2751 1976 2858 2032 Sed
2901 1992 3006 2032 non
3046 1977 3228 2032 omnia
3267 1991 3390 2048 qua:
3428 1976 3596 2032 habe-

1985 2078 2133 2128 mus,
2179 2075 2361 2120 nostra
2401 2075 2527 2121 sunt
2568 2084 2580 2120 :
2625 2068 2882 2136 pecunias
2918 2069 3063 2124 enim
3107 2069 3407 2134 habemus,
3459 2083 3595 2139 quas

1983 2155 2071 2210 alii
2125 2157 2266 2226 apud
2316 2172 2416 2212 nos
2461 2158 2862 2228 deposuerunt:
2894 2169 2949 2214 et
2976 2175 3137 2231 agros
3175 2159 3473 2215 conductos
3502 2160 3596 2215 ha-

1983 2246 2192 2313 bemus,
2226 2262 2362 2318 quos
2395 2249 2485 2304 alii
2529 2250 2683 2304 nobis
2723 2250 3012 2306 dederunt.
3056 2252 3134 2306 lta
3169 2251 3286 2307 haec
3305 2253 3469 2307 etiam
3500 2252 3595 2307 tibi

1983 2339 2501 2410 locavithristus,
2547 2357 2652 2396 non
2695 2353 2754 2396 ut
2785 2341 2930 2398 feras
2977 2343 3192 2414 spinas,
3225 2343 3323 2399 scd
3364 2354 3420 2398 ut
3461 2359 3594 2399 cou-

1982 2441 2165 2486 vertas
2191 2433 2398 2487 semina
2430 2433 2495 2487 ad
2526 2432 2577 2488 id
2615 2434 2759 2502 quod
2791 2443 2875 2488 est
2903 2434 3065 2499 utile;
3100 2450 3206 2489 non
3251 2443 3308 2489 ut
3337 2449 3596 2504 arrogan-

1982 2521 2135 2584 tiam,
2168 2539 2272 2575 non
2308 2531 2363 2576 ut
2388 2521 2595 2586 dolum,
2625 2523 2720 2577 sed
2766 2533 2824 2577 ut
2858 2523 3238 2590 humilitatem,
3270 2533 3324 2578 ct
3353 2523 3588 2591 laudem,

1979 2630 2042 2670 ac
2069 2615 2528 2682 benedictionem,
2561 2616 3018 2687 dilectione-mque
3059 2632 3156 2686 per
3181 2632 3242 2672 ea
3285 2615 3594 2686 germinare

1979 2721 2155 2783 cures.
2183 2707 2248 2761 Et
2275 2707 2425 2763 dedit
2446 2709 2657 2774 oculos,
2679 2724 2788 2762 non
2813 2717 2872 2762 ut
2902 2707 3170 2776 impudice
3199 2707 3464 2777 aspicias:
3494 2706 3589 2762 sed

1979 2809 2038 2853 ut
2065 2799 2209 2868 ipsos
2240 2814 2402 2855 ornes
2429 2801 2822 2878 temperantia:
2850 2808 2905 2855 et
2937 2814 3151 2864 manus,
3185 2815 3294 2854 non
3323 2807 3382 2854 ut
3407 2798 3588 2862 ferias,

1978 2892 2072 2946 sed
2103 2902 2162 2946 ut
2187 2895 2588 2965 eleemosynam
2617 2894 2884 2965 largiaris.
2909 2892 3194 2960 Quomodo
3223 2903 3403 2947 autem
3430 2891 3584 2954 dicis,

1978 2979 2141 3035 Labia
2173 2993 2346 3037 nostra
2370 2995 2489 3037 sunt
2519 2985 2660 3052 apud
2702 3001 2815 3050 nos,
2844 2984 3061 3052 quando
3090 2999 3151 3038 ea
3196 2982 3402 3053 peccati
3434 2996 3588 3036 serva

1978 3073 2192 3142 feceris,
2235 3077 2452 3146 quando
2497 3077 2892 3143 fornicationis,
2934 3075 3153 3145 quando
3195 3072 3589 3144 immunditiaa?

1979 3167 2106 3234 Quis
2145 3179 2216 3222 est
2263 3179 2434 3224 noster
2474 3169 2765 3224 Dominus?
2807 3169 2852 3225 Ο
2885 3170 3109 3226 verbum
3161 3169 3521 3225 diabolicum!
3554 3182 3591 3221 ο

1973 3260 2208 3314 animam
2242 3260 2670 3316 da'moniacaml
2720 3262 2902 3328 Vides,
2949 3277 2982 3316 ο
3035 3261 3218 3327 homo,
3274 3261 3586 3316 universam

1973 3360 2276 3412 creaturam
2309 3353 2608 3422 praedicare
2652 3354 2865 3408 Domini
2906 3354 2981 3407 tui
3015 3354 3334 3423 potentiam.
3369 3351 3585 3419 sapien-

1975 3443 2124 3507 tiam,
2155 3458 2366 3510 curam,
2404 3443 2840 3513 providentiam;
2887 3458 3087 3513 corpus
3115 3453 3283 3508 tuum,
3324 3442 3584 3502 animam.

1973 3533 2160 3599 vitam,
2182 3549 2302 3603 quas
2328 3535 2429 3590 sub
2459 3544 2741 3603 aSpectum
2764 3534 2987 3600 cadunt,
3010 3543 3065 3589 et
3089 3549 3211 3604 quae
3233 3548 3338 3588 non
3362 3531 3583 3597 cadunt,

1972 3624 2154 3679 omnia
2183 3626 2574 3696 propemodum
2601 3642 2790 3681 vocem
2818 3626 3118 3682 eminentia
3148 3625 3372 3680 laudare
3403 3632 3588 3695 poten-

1974 3717 2101 3770 tiam
2126 3717 2369 3784 artificis,
2395 3730 2451 3773 et
2475 3717 2611 3773 dicis
2635 3735 2648 3772 :
2684 3716 2812 3783 Quis
2841 3717 3095 3772 Dominus
3123 3726 3294 3772 noster
3318 3716 3430 3771 est?
3473 3715 3587 3770 [loc

1973 3817 2058 3863 est
2098 3809 2316 3877 furoris,
2347 3809 2449 3865 hoc
2493 3811 2752 3881 stuporis,
2788 3811 2893 3866 hoc
2922 3811 3164 3880 corrupti
3211 3810 3398 3865 animi.
3449 3809 3585 3864 Pro-

1971 3909 2158 3971 pterea
2204 3911 2334 3956 sunt
2382 3901 2522 3956 mala
2556 3902 2994 3959 innumerabilia.
3024 3902 3131 3958 Sed
3161 3903 3214 3957 hi
3241 3902 3458 3974 quidem
3505 3901 3585 3956 di-

1973 4003 2132 4048 cunt:
2157 3993 2285 4061 Quis
2311 4003 2382 4048 est
2412 4004 2582 4050 noster
2603 3995 2856 4050 Dominus
2874 3997 2900 4050 .9
2914 3996 3032 4058 ,Alii
3058 3996 3345 4051 Dominum
3368 3995 3584 4065 quidem

1973 4083 2323 4149 confitentur,
2352 4085 2616 4154 judicium
2647 4096 2829 4142 autem
2859 4096 2918 4143 et
2942 4101 3134 4172 pinnas
3162 4087 3465 4158 propositas
3491 4101 3586 4139 au-

1973 4174 2175 4242 ferunt,
2207 4176 2356 4232 brevi
2386 4176 2726 4249 jucunditate
2752 4193 3007 4248 magnum
3039 4177 3141 4232 sibi
3172 4186 3417 4231 ementes
3457 4190 3585 4246 sup-
3683 4235 3690 4241 ε

1973 4266 2214 4335 plicium,
2249 4275 2305 4322 et
2326 4267 2458 4322 dum
2500 4268 2689 4322 volunt
2730 4283 2792 4323 se
2831 4283 3106 4334 recreare,
3137 4266 3280 4338 quod
3323 4267 3588 4338 gehennae

1976 4372 2081 4411 non
2131 4360 2514 4424 meminerint,
2561 4375 2661 4431 per
2708 4359 2852 4415 hanc
2902 4360 3256 4416 securitatem
3300 4367 3589 4429 metusque

1975 4450 2298 4505 vacuitatem
2338 4452 2389 4505 in
2439 4466 2693 4521 magnum
2725 4452 2978 4507 interitus
3023 4466 3082 4506 se
3125 4450 3441 4506 barathrum
3481 4451 3588 4506 im-

1975 4541 2268 4611 prudentes
2295 4534 2608 4598 immittunt.
2636 4544 2700 4597 Et
2722 4543 2844 4598 ideo
2873 4559 3006 4615 rogo
3023 4551 3084 4598 ut
3105 4543 3366 4614 gehennae
3391 4542 3586 4598 memi-

1976 4633 2143 4697 neris,
2161 4632 2227 4687 de
2243 4633 2486 4704 gehenua
2507 4634 2773 4704 loquaris:
2792 4634 2862 4688 ita
2881 4636 3116 4689 animam
3136 4645 3280 4689 tuam
3295 4647 3586 4705 compone,

1977 4723 2366 4794 pulchramque
2393 4740 2456 4779 ac
2471 4725 2726 4780 decoram
2762 4725 2938 4782 effice.
2974 4726 3161 4797 Magna
3204 4726 3349 4780 enim
3395 4726 3590 4781 horum

1975 4814 2264 4868 verborum
2282 4815 2506 4869 utilitas.
2525 4814 2638 4869 Non
2659 4816 2804 4870 enim
2823 4816 2965 4872 Deus
2986 4831 3107 4871 eam
3130 4827 3335 4872 temere
3356 4817 3590 4870 minatus

1977 4914 2082 4971 est,
2098 4915 2258 4976 atque
2273 4905 2616 4960 manifestam
2628 4906 2756 4962 hinc
2770 4908 3033 4963 reddidit:
3049 4907 3144 4963 sed
3166 4907 3217 4963 id
3233 4908 3360 4963 fecit
3373 4917 3588 4964 utmetu

1976 5000 2229 5054 meliores
2255 4999 2527 5056 redderet.
2549 5001 2615 5055 Et
2637 5000 2759 5056 ideo
2780 5002 3029 5058 diabolus
3050 5005 3228 5058 omnia
3254 5001 3380 5057 facit
3401 5011 3456 5057 et
3473 5016 3591 5056 mo-

1979 5091 2140 5160 litur,
2198 5092 2315 5162 ejus
2376 5093 2564 5149 volens
2615 5095 2828 5151 auferre
2885 5097 3226 5150 memoriam.
3288 5095 3410 5150 Noli
3466 5109 3586 5149 eam

1980 5185 2239 5238 memoria
2285 5184 2484 5252 ejicere
2536 5201 2550 5239 :
2603 5199 2706 5240 nec
2754 5185 2939 5241 dicas:
2986 5186 3097 5242 Cur
3147 5203 3235 5242 me
3285 5188 3590 5256 importuna

1978 5274 2212 5330 afficiam
2261 5277 2522 5332 tristitia?
2576 5278 2888 5351 Importuna
2941 5282 3046 5334 crit
3076 5280 3316 5346 tristitia,
3365 5277 3586 5349 quando

1980 5368 2196 5436 angeris
2243 5367 2294 5420 in
2348 5367 2634 5436 gehenna;
2671 5370 2772 5424 hoc
2820 5379 2905 5425 est
2953 5379 3166 5441 tempus
3196 5370 3452 5434 tristitia,
3485 5383 3590 5423 non

1982 5458 2132 5512 illud.
2169 5459 2235 5511 Et
2262 5458 2363 5512 hoc
2388 5459 2628 5515 ostendit
2673 5461 2764 5516 ille
2810 5459 3076 5516 Lazarum
3099 5461 3406 5532 despiciens
3443 5459 3590 5516 dives

1983 5550 2134 5621 (Luc.
2170 5552 2257 5605 16.
2303 5552 2420 5620 ‘23),
2472 5554 2556 5607 cui
2609 5554 2744 5608 nihil
2791 5553 3110 5623 profuerunt
3153 5553 3591 5616 innumerabiles,

1984 5643 2178 5711 quibus
2214 5643 2570 5711 afficiebatur,
2597 5645 2883 5701 molestiae.
2927 5647 2982 5701 Si
3011 5655 3196 5702 autem
3247 5647 3300 5700 in
3355 5655 3598 5716 tempore

1981 5734 2264 5802 doluisset,
2283 5751 2389 5790 non
2418 5752 2480 5792 ea
2515 5753 2704 5808 passus
2732 5748 2883 5797 esset
2904 5756 3025 5810 qua:
3050 5754 3242 5810 passus
3267 5747 3370 5795 est.
3392 5739 3446 5796 6.
3467 5737 3599 5794 Pro-

1983 5845 2093 5902 pter
2121 5831 2374 5886 miseriam
2404 5831 2616 5901 inopum
2654 5842 2701 5886 et
2731 5833 2975 5904 gemitum
3017 5847 3304 5903 pauperum
3343 5845 3480 5887 nunc
3511 5847 3604 5885 ex-
