  <div class='ocr_page' id='page_1' title='image "/cluster/home/n/w/nwhite01/storage/ocr_20150623/55/ien.35556001660828/141.png"; bbox 0 0 4068 6424; ppageno 0'>
   <div class='ocr_carea' id='block_1_1' title="bbox 566 385 665 442">
    <p class='ocr_par' dir='ltr' id='par_1_1' title="bbox 566 385 665 442">
     <span class='ocr_line' id='line_1_1' title="bbox 566 385 665 442; baseline -0.01 -1"><span class='ocrx_word' id='word_1_1' title='bbox 566 385 665 442; x_wconf 79' lang='lat'><strong>“7</strong></span> 
     </span>
    </p>
   </div>
   <div class='ocr_carea' id='block_1_2' title="bbox 555 483 2152 567">
    <p class='ocr_par' dir='ltr' id='par_1_2' title="bbox 555 483 2152 567">
     <span class='ocr_line' id='line_1_2' title="bbox 555 483 2152 567; baseline -0.009 -17"><span class='ocrx_word' id='word_1_2' title='bbox 555 511 786 567; x_wconf 82' lang='lat' dir='ltr'><strong>surgam,</strong></span> <span class='ocrx_word' id='word_1_3' title='bbox 817 493 938 546; x_wconf 84' lang='lat' dir='ltr'><strong>dicit</strong></span> <span class='ocrx_word' id='word_1_4' title='bbox 979 489 1248 546; x_wconf 85' lang='lat' dir='ltr'><strong>Dominus.</strong></span> <span class='ocrx_word' id='word_1_5' title='bbox 1281 485 1478 541; x_wconf 77' lang='lat' dir='ltr'><strong>Ponant</strong></span> <span class='ocrx_word' id='word_1_6' title='bbox 1505 486 1557 539; x_wconf 90' lang='lat' dir='ltr'><strong>in</strong></span> <span class='ocrx_word' id='word_1_7' title='bbox 1582 484 1819 549; x_wconf 88' lang='lat' dir='ltr'><strong>salutari,</strong></span> <span class='ocrx_word' id='word_1_8' title='bbox 1847 483 2152 552; x_wconf 77' lang='lat' dir='ltr'><strong>ﬁducinliter</strong></span> 
     </span>
    </p>
   </div>
   <div class='ocr_carea' id='block_1_3' title="bbox 557 574 2146 658">
    <p class='ocr_par' dir='ltr' id='par_1_3' title="bbox 557 574 2146 658">
     <span class='ocr_line' id='line_1_3' title="bbox 557 574 2146 658; baseline -0.008 -17"><span class='ocrx_word' id='word_1_9' title='bbox 557 603 708 658; x_wconf 73' lang='lat' dir='ltr'><strong>agam</strong></span> <span class='ocrx_word' id='word_1_10' title='bbox 732 589 785 640; x_wconf 89' lang='lat' dir='ltr'><strong>in</strong></span> <span class='ocrx_word' id='word_1_11' title='bbox 813 583 1139 656; x_wconf 62' lang='lat' dir='ltr'><strong>imm-Alius,</strong></span> <span class='ocrx_word' id='word_1_12' title='bbox 1169 580 1409 636; x_wconf 78' lang='lat' dir='ltr'><strong>Statuam</strong></span> <span class='ocrx_word' id='word_1_13' title='bbox 1449 579 1675 632; x_wconf 83' lang='lat' dir='ltr'><strong>salutare</strong></span> <span class='ocrx_word' id='word_1_14' title='bbox 1695 578 2023 646; x_wconf 80' lang='lat' dir='ltr'><strong>conspicuum</strong></span> <span class='ocrx_word' id='word_1_15' title='bbox 2049 574 2146 645; x_wconf 82' lang='grc' dir='ltr'><strong>(α).</strong></span> 
     </span>
    </p>
   </div>
   <div class='ocr_carea' id='block_1_4' title="bbox 633 665 2150 743">
    <p class='ocr_par' dir='ltr' id='par_1_4' title="bbox 633 665 2150 743">
     <span class='ocr_line' id='line_1_4' title="bbox 633 665 2150 743; baseline -0.007 -13"><span class='ocrx_word' id='word_1_16' title='bbox 633 676 932 730; x_wconf 71' lang='lat' dir='ltr'><strong>Adhortatio</strong></span> <span class='ocrx_word' id='word_1_17' title='bbox 957 673 1026 727; x_wconf 90' lang='lat' dir='ltr'><strong>ad</strong></span> <span class='ocrx_word' id='word_1_18' title='bbox 1061 670 1382 743; x_wconf 81' lang='lat' dir='ltr'><strong>patientiam.</strong></span> <span class='ocrx_word' id='word_1_19' title='bbox 1403 698 1474 710; x_wconf 76' lang='grc' dir='ltr'><strong>-ο</strong></span> <span class='ocrx_word' id='word_1_20' title='bbox 1493 668 1650 722; x_wconf 87' lang='lat' dir='ltr'><strong>Disce</strong></span> <span class='ocrx_word' id='word_1_21' title='bbox 1669 675 1864 738; x_wconf 85' lang='lat' dir='ltr'><strong>quanta</strong></span> <span class='ocrx_word' id='word_1_22' title='bbox 1889 667 1957 718; x_wconf 89' lang='lat' dir='ltr'><strong>sit</strong></span> <span class='ocrx_word' id='word_1_23' title='bbox 1981 665 2150 720; x_wconf 84' lang='lat' dir='ltr'><strong>virtus</strong></span> 
     </span>
    </p>
   </div>
   <div class='ocr_carea' id='block_1_5' title="bbox 556 757 2148 834">
    <p class='ocr_par' dir='ltr' id='par_1_5' title="bbox 556 757 2148 834">
     <span class='ocr_line' id='line_1_5' title="bbox 556 757 2148 834; baseline -0.008 -10"><span class='ocrx_word' id='word_1_24' title='bbox 556 767 893 824; x_wconf 71' lang='lat' dir='ltr'><strong>humilitatis.</strong></span> <span class='ocrx_word' id='word_1_25' title='bbox 940 764 1245 834; x_wconf 82' lang='lat' dir='ltr'><strong>Pauperum</strong></span> <span class='ocrx_word' id='word_1_26' title='bbox 1273 769 1357 816; x_wconf 85' lang='lat' dir='ltr'><strong>est</strong></span> <span class='ocrx_word' id='word_1_27' title='bbox 1394 759 1628 830; x_wconf 88' lang='lat' dir='ltr'><strong>potentia</strong></span> <span class='ocrx_word' id='word_1_28' title='bbox 1671 759 2038 828; x_wconf 87' lang='lat' dir='ltr'><strong>(pauperum,</strong></span> <span class='ocrx_word' id='word_1_29' title='bbox 2066 757 2148 812; x_wconf 85' lang='lat' dir='ltr'><strong>iu-</strong></span> 
     </span>
    </p>
   </div>
   <div class='ocr_carea' id='block_1_6' title="bbox 558 846 2148 928">
    <p class='ocr_par' dir='ltr' id='par_1_6' title="bbox 558 846 2148 928">
     <span class='ocr_line' id='line_1_6' title="bbox 558 846 2148 928; baseline -0.006 -16"><span class='ocrx_word' id='word_1_30' title='bbox 558 872 742 928; x_wconf 84' lang='lat' dir='ltr'><strong>quam,</strong></span> <span class='ocrx_word' id='word_1_31' title='bbox 768 870 958 910; x_wconf 87' lang='lat' dir='ltr'><strong>eorum</strong></span> <span class='ocrx_word' id='word_1_32' title='bbox 987 853 1079 924; x_wconf 94' lang='lat' dir='ltr'><strong>qui</strong></span> <span class='ocrx_word' id='word_1_33' title='bbox 1110 860 1240 908; x_wconf 87' lang='lat' dir='ltr'><strong>sunt</strong></span> <span class='ocrx_word' id='word_1_34' title='bbox 1265 851 1481 907; x_wconf 89' lang='lat' dir='ltr'><strong>contriti</strong></span> <span class='ocrx_word' id='word_1_35' title='bbox 1511 848 1733 919; x_wconf 87' lang='lat' dir='ltr'><strong>corde),</strong></span> <span class='ocrx_word' id='word_1_36' title='bbox 1775 855 1860 902; x_wconf 89' lang='lat' dir='ltr'><strong>est</strong></span> <span class='ocrx_word' id='word_1_37' title='bbox 1908 848 1960 902; x_wconf 91' lang='lat' dir='ltr'><strong>iu</strong></span> <span class='ocrx_word' id='word_1_38' title='bbox 1991 846 2148 902; x_wconf 87' lang='lat' dir='ltr'><strong>malis</strong></span> 
     </span>
    </p>
   </div>
   <div class='ocr_carea' id='block_1_7' title="bbox 555 936 2146 1019">
    <p class='ocr_par' dir='ltr' id='par_1_7' title="bbox 555 936 2146 1019">
     <span class='ocr_line' id='line_1_7' title="bbox 555 936 2146 1019; baseline -0.008 -16"><span class='ocrx_word' id='word_1_39' title='bbox 555 945 930 1019; x_wconf 74' lang='lat' dir='ltr'><strong>patrocinium.</strong></span> <span class='ocrx_word' id='word_1_40' title='bbox 976 942 1095 998; x_wconf 81' lang='lat' dir='ltr'><strong>Non</strong></span> <span class='ocrx_word' id='word_1_41' title='bbox 1141 942 1290 998; x_wconf 89' lang='lat' dir='ltr'><strong>enim</strong></span> <span class='ocrx_word' id='word_1_42' title='bbox 1341 941 1527 1006; x_wconf 78' lang='lat' dir='ltr'><strong>vitam,</strong></span> <span class='ocrx_word' id='word_1_43' title='bbox 1577 953 1676 995; x_wconf 91' lang='lat' dir='ltr'><strong>nec</strong></span> <span class='ocrx_word' id='word_1_44' title='bbox 1721 947 2004 1004; x_wconf 78' lang='lat' dir='ltr'><strong>virtutem,</strong></span> <span class='ocrx_word' id='word_1_45' title='bbox 2051 936 2146 992; x_wconf 82' lang='lat' dir='ltr'><strong>sed</strong></span> 
     </span>
    </p>
   </div>
   <div class='ocr_carea' id='block_1_8' title="bbox 557 1029 2146 1106">
    <p class='ocr_par' dir='ltr' id='par_1_8' title="bbox 557 1029 2146 1106">
     <span class='ocr_line' id='line_1_8' title="bbox 557 1029 2146 1106; baseline -0.007 -13"><span class='ocrx_word' id='word_1_46' title='bbox 557 1037 824 1093; x_wconf 90' lang='lat' dir='ltr'><strong>malorum</strong></span> <span class='ocrx_word' id='word_1_47' title='bbox 867 1033 1273 1106; x_wconf 79' lang='lat' dir='ltr'><strong>perpessionem</strong></span> <span class='ocrx_word' id='word_1_48' title='bbox 1301 1031 1431 1086; x_wconf 88' lang='lat' dir='ltr'><strong>dicit</strong></span> <span class='ocrx_word' id='word_1_49' title='bbox 1469 1029 1642 1085; x_wconf 80' lang='lat' dir='ltr'><strong>Deum</strong></span> <span class='ocrx_word' id='word_1_50' title='bbox 1668 1031 1923 1095; x_wconf 88' lang='lat' dir='ltr'><strong>excitare,</strong></span> <span class='ocrx_word' id='word_1_51' title='bbox 1946 1038 2000 1084; x_wconf 89' lang='lat' dir='ltr'><strong>et</strong></span> <span class='ocrx_word' id='word_1_52' title='bbox 2022 1043 2146 1083; x_wconf 89' lang='lat' dir='ltr'><strong>eum</strong></span> 
     </span>
    </p>
   </div>
   <div class='ocr_carea' id='block_1_9' title="bbox 551 1119 2141 1201">
    <p class='ocr_par' dir='ltr' id='par_1_9' title="bbox 551 1119 2141 1201">
     <span class='ocr_line' id='line_1_9' title="bbox 551 1119 2141 1201; baseline -0.006 -17"><span class='ocrx_word' id='word_1_53' title='bbox 551 1128 621 1184; x_wconf 84' lang='lat' dir='ltr'><strong>ad</strong></span> <span class='ocrx_word' id='word_1_54' title='bbox 667 1126 994 1201; x_wconf 84' lang='lat' dir='ltr'><strong>supplicium</strong></span> <span class='ocrx_word' id='word_1_55' title='bbox 1021 1133 1078 1180; x_wconf 91' lang='lat' dir='ltr'><strong>et</strong></span> <span class='ocrx_word' id='word_1_56' title='bbox 1107 1123 1397 1179; x_wconf 77' lang='lat' dir='ltr'><strong>vindictam</strong></span> <span class='ocrx_word' id='word_1_57' title='bbox 1441 1135 1690 1177; x_wconf 80' lang='lat' dir='ltr'><strong>evocare.</strong></span> <span class='ocrx_word' id='word_1_58' title='bbox 1721 1119 1892 1176; x_wconf 83' lang='lat' dir='ltr'><strong>Tanta</strong></span> <span class='ocrx_word' id='word_1_59' title='bbox 1922 1133 2010 1174; x_wconf 89' lang='lat' dir='ltr'><strong>res</strong></span> <span class='ocrx_word' id='word_1_60' title='bbox 2038 1127 2141 1184; x_wconf 86' lang='lat' dir='ltr'><strong>est,</strong></span> 
     </span>
    </p>
   </div>
   <div class='ocr_carea' id='block_1_10' title="bbox 547 1210 2144 1287">
    <p class='ocr_par' dir='ltr' id='par_1_10' title="bbox 547 1210 2144 1287">
     <span class='ocr_line' id='line_1_10' title="bbox 547 1210 2144 1287; baseline -0.007 -13"><span class='ocrx_word' id='word_1_61' title='bbox 547 1220 594 1274; x_wconf 87' lang='lat' dir='ltr'><strong>si</strong></span> <span class='ocrx_word' id='word_1_62' title='bbox 625 1218 718 1275; x_wconf 88' lang='lat' dir='ltr'><strong>tibi</strong></span> <span class='ocrx_word' id='word_1_63' title='bbox 767 1219 861 1273; x_wconf 86' lang='lat' dir='ltr'><strong>flat</strong></span> <span class='ocrx_word' id='word_1_64' title='bbox 902 1216 1127 1287; x_wconf 79' lang='lat' dir='ltr'><strong>injuria,</strong></span> <span class='ocrx_word' id='word_1_65' title='bbox 1173 1229 1294 1270; x_wconf 89' lang='lat' dir='ltr'><strong>eam</strong></span> <span class='ocrx_word' id='word_1_66' title='bbox 1332 1211 1476 1270; x_wconf 86' lang='lat' dir='ltr'><strong>ferre</strong></span> <span class='ocrx_word' id='word_1_67' title='bbox 1517 1211 1642 1267; x_wconf 90' lang='lat' dir='ltr'><strong>forti</strong></span> <span class='ocrx_word' id='word_1_68' title='bbox 1683 1210 1896 1276; x_wconf 86' lang='lat' dir='ltr'><strong>animo;</strong></span> <span class='ocrx_word' id='word_1_69' title='bbox 1943 1220 2144 1264; x_wconf 83' lang='lat' dir='ltr'><strong>tantam</strong></span> 
     </span>
    </p>
   </div>
   <div class='ocr_carea' id='block_1_11' title="bbox 552 1300 2139 1378">
    <p class='ocr_par' dir='ltr' id='par_1_11' title="bbox 552 1300 2139 1378">
     <span class='ocr_line' id='line_1_11' title="bbox 552 1300 2139 1378; baseline -0.008 -14"><span class='ocrx_word' id='word_1_70' title='bbox 552 1311 692 1364; x_wconf 80' lang='lat' dir='ltr'><strong>lleus</strong></span> <span class='ocrx_word' id='word_1_71' title='bbox 723 1324 906 1366; x_wconf 87' lang='lat' dir='ltr'><strong>curam</strong></span> <span class='ocrx_word' id='word_1_72' title='bbox 933 1307 1072 1378; x_wconf 90' lang='lat' dir='ltr'><strong>gerit</strong></span> <span class='ocrx_word' id='word_1_73' title='bbox 1096 1320 1286 1361; x_wconf 87' lang='lat' dir='ltr'><strong>eorum</strong></span> <span class='ocrx_word' id='word_1_74' title='bbox 1328 1304 1419 1374; x_wconf 91' lang='lat' dir='ltr'><strong>qui</strong></span> <span class='ocrx_word' id='word_1_75' title='bbox 1445 1301 1750 1358; x_wconf 83' lang='lat' dir='ltr'><strong>afficiuntur</strong></span> <span class='ocrx_word' id='word_1_76' title='bbox 1770 1300 2139 1356; x_wconf 81' lang='lat' dir='ltr'><strong>contumeliis:</strong></span> 
     </span>
    </p>
   </div>
   <div class='ocr_carea' id='block_1_12' title="bbox 548 1394 2137 1467">
    <p class='ocr_par' dir='ltr' id='par_1_12' title="bbox 548 1394 2137 1467">
     <span class='ocr_line' id='line_1_12' title="bbox 548 1394 2137 1467; baseline -0.007 -14"><span class='ocrx_word' id='word_1_77' title='bbox 548 1399 795 1454; x_wconf 62' lang='lat' dir='ltr'><strong>maxime</strong></span> <span class='ocrx_word' id='word_1_78' title='bbox 834 1397 1166 1466; x_wconf 76' lang='lat' dir='ltr'><strong>defensionis</strong></span> <span class='ocrx_word' id='word_1_79' title='bbox 1207 1396 1326 1451; x_wconf 85' lang='lat' dir='ltr'><strong>loco</strong></span> <span class='ocrx_word' id='word_1_80' title='bbox 1354 1403 1438 1467; x_wconf 78' lang='lat' dir='ltr'><strong>est</strong></span> <span class='ocrx_word' id='word_1_81' title='bbox 1478 1394 1755 1449; x_wconf 71' lang='lat' dir='ltr'><strong>eaLamitss</strong></span> <span class='ocrx_word' id='word_1_82' title='bbox 1781 1399 1837 1447; x_wconf 92' lang='lat' dir='ltr'><strong>et</strong></span> <span class='ocrx_word' id='word_1_83' title='bbox 1880 1403 2137 1446; x_wconf 81' lang='lat' dir='ltr'><strong>a-rumna.</strong></span> 
     </span>
    </p>
   </div>
   <div class='ocr_carea' id='block_1_13' title="bbox 546 1483 2140 1560">
    <p class='ocr_par' dir='ltr' id='par_1_13' title="bbox 546 1483 2140 1560">
     <span class='ocr_line' id='line_1_13' title="bbox 546 1483 2140 1560; baseline -0.005 -17"><span class='ocrx_word' id='word_1_84' title='bbox 546 1489 729 1560; x_wconf 72' lang='lat' dir='ltr'><strong>Magna</strong></span> <span class='ocrx_word' id='word_1_85' title='bbox 768 1497 855 1544; x_wconf 89' lang='lat' dir='ltr'><strong>est</strong></span> <span class='ocrx_word' id='word_1_86' title='bbox 891 1490 972 1544; x_wconf 88' lang='lat' dir='ltr'><strong>vis</strong></span> <span class='ocrx_word' id='word_1_87' title='bbox 1014 1487 1263 1558; x_wconf 73' lang='lat' dir='ltr'><strong>ejulatus,</strong></span> <span class='ocrx_word' id='word_1_88' title='bbox 1292 1502 1412 1557; x_wconf 67' lang='lat' dir='ltr'><strong>qua</strong></span> <span class='ocrx_word' id='word_1_89' title='bbox 1455 1499 1747 1556; x_wconf 82' lang='lat' dir='ltr'><strong>supernum</strong></span> <span class='ocrx_word' id='word_1_90' title='bbox 1770 1483 2140 1547; x_wconf 89' lang='lat' dir='ltr'><strong>evocatauxi-</strong></span> 
     </span>
    </p>
   </div>
   <div class='ocr_carea' id='block_1_14' title="bbox 548 1575 2134 1664">
    <p class='ocr_par' dir='ltr' id='par_1_14' title="bbox 548 1575 2134 1664">
     <span class='ocr_line' id='line_1_14' title="bbox 548 1575 2134 1664; baseline -0.003 -30"><span class='ocrx_word' id='word_1_91' title='bbox 548 1581 697 1635; x_wconf 89' lang='lat' dir='ltr'><strong>lium.</strong></span> <span class='ocrx_word' id='word_1_92' title='bbox 743 1580 974 1645; x_wconf 84' lang='lat' dir='ltr'><strong>Timete,</strong></span> <span class='ocrx_word' id='word_1_93' title='bbox 1017 1582 1339 1652; x_wconf 85' lang='lat' dir='ltr'><strong>quicumque</strong></span> <span class='ocrx_word' id='word_1_94' title='bbox 1379 1593 1644 1650; x_wconf 77' lang='lat' dir='ltr'><strong>pauperes</strong></span> <span class='ocrx_word' id='word_1_95' title='bbox 1671 1577 1863 1648; x_wconf 83' lang='lat' dir='ltr'><strong>injuria</strong></span> <span class='ocrx_word' id='word_1_96' title='bbox 1905 1575 2134 1664; x_wconf 56' lang='lat' dir='ltr'><strong>alucitis.</strong></span> 
     </span>
    </p>
   </div>
   <div class='ocr_carea' id='block_1_15' title="bbox 545 1668 2135 1744">
    <p class='ocr_par' dir='ltr' id='par_1_15' title="bbox 545 1668 2135 1744">
     <span class='ocr_line' id='line_1_15' title="bbox 545 1668 2135 1744; baseline -0.003 -18"><span class='ocrx_word' id='word_1_97' title='bbox 545 1672 765 1728; x_wconf 84' lang='lat' dir='ltr'><strong>llabetis</strong></span> <span class='ocrx_word' id='word_1_98' title='bbox 792 1689 888 1730; x_wconf 87' lang='lat' dir='ltr'><strong>vos</strong></span> <span class='ocrx_word' id='word_1_99' title='bbox 925 1674 1242 1744; x_wconf 87' lang='lat' dir='ltr'><strong>potentiam,</strong></span> <span class='ocrx_word' id='word_1_100' title='bbox 1274 1687 1424 1742; x_wconf 86' lang='lat' dir='ltr'><strong>opes,</strong></span> <span class='ocrx_word' id='word_1_101' title='bbox 1466 1670 1765 1742; x_wconf 87' lang='lat' dir='ltr'><strong>pecuniam,</strong></span> <span class='ocrx_word' id='word_1_102' title='bbox 1805 1679 1862 1725; x_wconf 88' lang='lat' dir='ltr'><strong>et</strong></span> <span class='ocrx_word' id='word_1_103' title='bbox 1897 1668 2135 1740; x_wconf 90' lang='lat' dir='ltr'><strong>judicum</strong></span> 
     </span>
    </p>
   </div>
   <div class='ocr_carea' id='block_1_16' title="bbox 539 1760 2137 1840">
    <p class='ocr_par' dir='ltr' id='par_1_16' title="bbox 539 1760 2137 1840">
     <span class='ocr_line' id='line_1_16' title="bbox 539 1760 2137 1840; baseline -0.003 -22"><span class='ocrx_word' id='word_1_104' title='bbox 539 1765 1006 1824; x_wconf 63' lang='lat' dir='ltr'><strong>benevolentiam:</strong></span> <span class='ocrx_word' id='word_1_105' title='bbox 1045 1765 1140 1840; x_wconf 80' lang='lat' dir='ltr'><strong>sed</strong></span> <span class='ocrx_word' id='word_1_106' title='bbox 1163 1765 1359 1820; x_wconf 85' lang='lat' dir='ltr'><strong>habent</strong></span> <span class='ocrx_word' id='word_1_107' title='bbox 1380 1763 1455 1819; x_wconf 89' lang='lat' dir='ltr'><strong>illi</strong></span> <span class='ocrx_word' id='word_1_108' title='bbox 1485 1779 1643 1821; x_wconf 81' lang='lat' dir='ltr'><strong>arma.</strong></span> <span class='ocrx_word' id='word_1_109' title='bbox 1656 1761 1892 1816; x_wconf 91' lang='lat' dir='ltr'><strong>omnium</strong></span> <span class='ocrx_word' id='word_1_110' title='bbox 1925 1760 2137 1815; x_wconf 87' lang='lat' dir='ltr'><strong>validis-</strong></span> 
     </span>
    </p>
   </div>
   <div class='ocr_carea' id='block_1_17' title="bbox 539 1843 2136 1926">
    <p class='ocr_par' dir='ltr' id='par_1_17' title="bbox 539 1843 2136 1926">
     <span class='ocr_line' id='line_1_17' title="bbox 539 1843 2136 1926; baseline -0.003 -15"><span class='ocrx_word' id='word_1_111' title='bbox 539 1855 696 1921; x_wconf 86' lang='lat' dir='ltr'><strong>sima,</strong></span> <span class='ocrx_word' id='word_1_112' title='bbox 740 1857 933 1921; x_wconf 86' lang='lat' dir='ltr'><strong>luctus,</strong></span> <span class='ocrx_word' id='word_1_113' title='bbox 980 1865 1036 1912; x_wconf 90' lang='lat' dir='ltr'><strong>et</strong></span> <span class='ocrx_word' id='word_1_114' title='bbox 1062 1843 1335 1926; x_wconf 61' lang='lat' dir='ltr'><strong>&#39;ejulatns,</strong></span> <span class='ocrx_word' id='word_1_115' title='bbox 1387 1856 1634 1926; x_wconf 81' lang='lat' dir='ltr'><strong>ipsasque</strong></span> <span class='ocrx_word' id='word_1_116' title='bbox 1682 1853 1903 1924; x_wconf 85' lang='lat' dir='ltr'><strong>injurias</strong></span> <span class='ocrx_word' id='word_1_117' title='bbox 1947 1867 2067 1921; x_wconf 70' lang='lat' dir='ltr'><strong>quas</strong></span> <span class='ocrx_word' id='word_1_118' title='bbox 2103 1865 2136 1906; x_wconf 91' lang='lat' dir='ltr'><strong>e</strong></span> 
     </span>
    </p>
   </div>
   <div class='ocr_carea' id='block_1_18' title="bbox 538 1941 2130 2004">
    <p class='ocr_par' dir='ltr' id='par_1_18' title="bbox 538 1941 2130 2004">
     <span class='ocr_line' id='line_1_18' title="bbox 538 1941 2130 2004; baseline -0.004 -2"><span class='ocrx_word' id='word_1_119' title='bbox 538 1949 686 2003; x_wconf 58' lang='lat' dir='ltr'><strong>cavlis</strong></span> <span class='ocrx_word' id='word_1_120' title='bbox 713 1941 968 2004; x_wconf 77' lang='lat' dir='ltr'><strong>auxilium</strong></span> <span class='ocrx_word' id='word_1_121' title='bbox 990 1947 1286 2003; x_wconf 84' lang='lat' dir='ltr'><strong>attrahunt.</strong></span> <span class='ocrx_word' id='word_1_122' title='bbox 1315 1947 1440 2002; x_wconf 67' lang='lat' dir='ltr'><strong>limo</strong></span> <span class='ocrx_word' id='word_1_123' title='bbox 1461 1960 1609 2001; x_wconf 84' lang='lat' dir='ltr'><strong>arma</strong></span> <span class='ocrx_word' id='word_1_124' title='bbox 1638 1943 1828 2000; x_wconf 84' lang='lat' dir='ltr'><strong>domos</strong></span> <span class='ocrx_word' id='word_1_125' title='bbox 1850 1941 2130 2003; x_wconf 81' lang='lat' dir='ltr'><strong>eﬂ&#39;odiunt,</strong></span> 
     </span>
    </p>
   </div>
   <div class='ocr_carea' id='block_1_19' title="bbox 539 2037 2128 2104">
    <p class='ocr_par' dir='ltr' id='par_1_19' title="bbox 539 2037 2128 2104">
     <span class='ocr_line' id='line_1_19' title="bbox 539 2037 2128 2104; baseline -0.004 -8"><span class='ocrx_word' id='word_1_126' title='bbox 539 2041 656 2096; x_wconf 76' lang='lat' dir='ltr'><strong>haec</strong></span> <span class='ocrx_word' id='word_1_127' title='bbox 702 2040 1048 2098; x_wconf 79' lang='lat' dir='ltr'><strong>fundamenta</strong></span> <span class='ocrx_word' id='word_1_128' title='bbox 1089 2048 1359 2104; x_wconf 85' lang='lat' dir='ltr'><strong>evertunt,</strong></span> <span class='ocrx_word' id='word_1_129' title='bbox 1395 2039 1511 2096; x_wconf 65' lang='lat' dir='ltr'><strong>haec</strong></span> <span class='ocrx_word' id='word_1_130' title='bbox 1551 2038 1797 2095; x_wconf 78' lang='lat' dir='ltr'><strong>civitates</strong></span> <span class='ocrx_word' id='word_1_131' title='bbox 1825 2037 2128 2100; x_wconf 84' lang='lat' dir='ltr'><strong>destruunt,</strong></span> 
     </span>
    </p>
   </div>
   <div class='ocr_carea' id='block_1_20' title="bbox 538 2127 2130 2202">
    <p class='ocr_par' dir='ltr' id='par_1_20' title="bbox 538 2127 2130 2202">
     <span class='ocr_line' id='line_1_20' title="bbox 538 2127 2130 2202; baseline -0.001 -19"><span class='ocrx_word' id='word_1_132' title='bbox 538 2129 652 2186; x_wconf 76' lang='lat' dir='ltr'><strong>lucc</strong></span> <span class='ocrx_word' id='word_1_133' title='bbox 682 2131 915 2201; x_wconf 83' lang='lat' dir='ltr'><strong>integras</strong></span> <span class='ocrx_word' id='word_1_134' title='bbox 957 2141 1146 2202; x_wconf 69' lang='lat' dir='ltr'><strong>gentes</strong></span> <span class='ocrx_word' id='word_1_135' title='bbox 1184 2131 1568 2201; x_wconf 86' lang='lat' dir='ltr'><strong>submergunt;</strong></span> <span class='ocrx_word' id='word_1_136' title='bbox 1611 2130 1842 2200; x_wconf 87' lang='lat' dir='ltr'><strong>gemitus</strong></span> <span class='ocrx_word' id='word_1_137' title='bbox 1887 2127 2009 2184; x_wconf 92' lang='lat' dir='ltr'><strong>dico</strong></span> <span class='ocrx_word' id='word_1_138' title='bbox 2038 2143 2130 2183; x_wconf 85' lang='lat' dir='ltr'><strong>eo-</strong></span> 
     </span>
    </p>
   </div>
   <div class='ocr_carea' id='block_1_21' title="bbox 537 2219 2128 2292">
    <p class='ocr_par' dir='ltr' id='par_1_21' title="bbox 537 2219 2128 2292">
     <span class='ocr_line' id='line_1_21' title="bbox 537 2219 2128 2292; baseline -0.001 -18"><span class='ocrx_word' id='word_1_139' title='bbox 537 2237 677 2286; x_wconf 90' lang='lat' dir='ltr'><strong>rum,</strong></span> <span class='ocrx_word' id='word_1_140' title='bbox 716 2223 808 2292; x_wconf 89' lang='lat' dir='ltr'><strong>qui</strong></span> <span class='ocrx_word' id='word_1_141' title='bbox 850 2221 1154 2277; x_wconf 75' lang='lat' dir='ltr'><strong>afﬁciuntur</strong></span> <span class='ocrx_word' id='word_1_142' title='bbox 1184 2222 1398 2291; x_wconf 81' lang='lat' dir='ltr'><strong>injuria.</strong></span> <span class='ocrx_word' id='word_1_143' title='bbox 1437 2221 1644 2276; x_wconf 87' lang='lat' dir='ltr'><strong>Bonum</strong></span> <span class='ocrx_word' id='word_1_144' title='bbox 1674 2234 1857 2276; x_wconf 89' lang='lat' dir='ltr'><strong>eorum</strong></span> <span class='ocrx_word' id='word_1_145' title='bbox 1891 2219 2128 2274; x_wconf 85' lang='lat' dir='ltr'><strong>animum</strong></span> 
     </span>
    </p>
   </div>
   <div class='ocr_carea' id='block_1_22' title="bbox 538 2309 2134 2382">
    <p class='ocr_par' dir='ltr' id='par_1_22' title="bbox 538 2309 2134 2382">
     <span class='ocr_line' id='line_1_22' title="bbox 538 2309 2134 2382; baseline -0.001 -17"><span class='ocrx_word' id='word_1_146' title='bbox 538 2313 678 2366; x_wconf 82' lang='lat' dir='ltr'><strong>Deus</strong></span> <span class='ocrx_word' id='word_1_147' title='bbox 719 2320 1014 2378; x_wconf 79' lang='lat' dir='ltr'><strong>reveretur,</strong></span> <span class='ocrx_word' id='word_1_148' title='bbox 1043 2310 1258 2382; x_wconf 87' lang='lat' dir='ltr'><strong>quando</strong></span> <span class='ocrx_word' id='word_1_149' title='bbox 1298 2311 1434 2367; x_wconf 89' lang='lat' dir='ltr'><strong>mala</strong></span> <span class='ocrx_word' id='word_1_150' title='bbox 1465 2311 1752 2381; x_wconf 80' lang='lat' dir='ltr'><strong>patientes,</strong></span> <span class='ocrx_word' id='word_1_151' title='bbox 1783 2309 1988 2365; x_wconf 89' lang='lat' dir='ltr'><strong>nullum</strong></span> <span class='ocrx_word' id='word_1_152' title='bbox 2018 2324 2134 2364; x_wconf 87' lang='lat' dir='ltr'><strong>ma-</strong></span> 
     </span>
    </p>
   </div>
   <div class='ocr_carea' id='block_1_23' title="bbox 532 2401 2127 2476">
    <p class='ocr_par' dir='ltr' id='par_1_23' title="bbox 532 2401 2127 2476">
     <span class='ocr_line' id='line_1_23' title="bbox 532 2401 2127 2476; baseline -0.001 -20"><span class='ocrx_word' id='word_1_153' title='bbox 532 2401 642 2457; x_wconf 89' lang='lat' dir='ltr'><strong>lum</strong></span> <span class='ocrx_word' id='word_1_154' title='bbox 673 2402 896 2458; x_wconf 77' lang='lat' dir='ltr'><strong>verbum</strong></span> <span class='ocrx_word' id='word_1_155' title='bbox 938 2405 1234 2474; x_wconf 85' lang='lat' dir='ltr'><strong>proferunt,</strong></span> <span class='ocrx_word' id='word_1_156' title='bbox 1278 2402 1374 2458; x_wconf 90' lang='lat' dir='ltr'><strong>sed</strong></span> <span class='ocrx_word' id='word_1_157' title='bbox 1421 2410 1628 2476; x_wconf 76' lang='lat' dir='ltr'><strong>tantum</strong></span> <span class='ocrx_word' id='word_1_158' title='bbox 1671 2410 1911 2473; x_wconf 89' lang='lat' dir='ltr'><strong>gemunt,</strong></span> <span class='ocrx_word' id='word_1_159' title='bbox 1937 2409 1992 2456; x_wconf 89' lang='lat' dir='ltr'><strong>et</strong></span> <span class='ocrx_word' id='word_1_160' title='bbox 2032 2416 2127 2456; x_wconf 89' lang='lat' dir='ltr'><strong>sua</strong></span> 
     </span>
    </p>
   </div>
   <div class='ocr_carea' id='block_1_24' title="bbox 534 2493 2124 2563">
    <p class='ocr_par' dir='ltr' id='par_1_24' title="bbox 534 2493 2124 2563">
     <span class='ocr_line' id='line_1_24' title="bbox 534 2493 2124 2563; baseline 0.001 -17"><span class='ocrx_word' id='word_1_161' title='bbox 534 2495 672 2550; x_wconf 85' lang='lat' dir='ltr'><strong>mala</strong></span> <span class='ocrx_word' id='word_1_162' title='bbox 701 2493 1004 2563; x_wconf 81' lang='lat' dir='ltr'><strong>deplorant.</strong></span> <span class='ocrx_word' id='word_1_163' title='bbox 1034 2493 1171 2562; x_wconf 87' lang='lat' dir='ltr'><strong>Quid</strong></span> <span class='ocrx_word' id='word_1_164' title='bbox 1200 2503 1287 2551; x_wconf 86' lang='lat' dir='ltr'><strong>est</strong></span> <span class='ocrx_word' id='word_1_165' title='bbox 1311 2503 1510 2558; x_wconf 88' lang='lat' dir='ltr'><strong>autem,</strong></span> <span class='ocrx_word' id='word_1_166' title='bbox 1545 2493 1749 2549; x_wconf 78' lang='lat' dir='ltr'><strong>Ponant</strong></span> <span class='ocrx_word' id='word_1_167' title='bbox 1793 2495 1848 2548; x_wconf 87' lang='lat' dir='ltr'><strong>in</strong></span> <span class='ocrx_word' id='word_1_168' title='bbox 1887 2493 2124 2560; x_wconf 88' lang='lat' dir='ltr'><strong>salutari,</strong></span> 
     </span>
    </p>
   </div>
   <div class='ocr_carea' id='block_1_25' title="bbox 531 2583 2126 2656">
    <p class='ocr_par' dir='ltr' id='par_1_25' title="bbox 531 2583 2126 2656">
     <span class='ocr_line' id='line_1_25' title="bbox 531 2583 2126 2656; baseline 0.003 -21"><span class='ocrx_word' id='word_1_169' title='bbox 531 2583 839 2651; x_wconf 77' lang='lat' dir='ltr'><strong>fiducialiter</strong></span> <span class='ocrx_word' id='word_1_170' title='bbox 874 2599 1026 2655; x_wconf 88' lang='lat' dir='ltr'><strong>agam</strong></span> <span class='ocrx_word' id='word_1_171' title='bbox 1055 2585 1108 2637; x_wconf 91' lang='lat' dir='ltr'><strong>in</strong></span> <span class='ocrx_word' id='word_1_172' title='bbox 1133 2584 1290 2654; x_wconf 74' lang='lat' dir='ltr'><strong>ipso?</strong></span> <span class='ocrx_word' id='word_1_173' title='bbox 1317 2583 1450 2640; x_wconf 86' lang='lat' dir='ltr'><strong>Cum</strong></span> <span class='ocrx_word' id='word_1_174' title='bbox 1481 2583 1695 2651; x_wconf 78' lang='lat' dir='ltr'><strong>ﬁducia,</strong></span> <span class='ocrx_word' id='word_1_175' title='bbox 1721 2585 1913 2656; x_wconf 90' lang='lat' dir='ltr'><strong>inquit,</strong></span> <span class='ocrx_word' id='word_1_176' title='bbox 1942 2594 2126 2652; x_wconf 86' lang='lat' dir='ltr'><strong>aperte</strong></span> 
     </span>
    </p>
   </div>
   <div class='ocr_carea' id='block_1_26' title="bbox 531 2658 2126 2745">
    <p class='ocr_par' dir='ltr' id='par_1_26' title="bbox 531 2658 2126 2745">
     <span class='ocr_line' id='line_1_26' title="bbox 531 2658 2126 2745; baseline 0.001 -18"><span class='ocrx_word' id='word_1_177' title='bbox 531 2683 586 2728; x_wconf 90' lang='lat' dir='ltr'><strong>et</strong></span> <span class='ocrx_word' id='word_1_178' title='bbox 612 2673 897 2730; x_wconf 80' lang='lat' dir='ltr'><strong>manifeste</strong></span> <span class='ocrx_word' id='word_1_179' title='bbox 921 2688 1018 2730; x_wconf 85' lang='lat' dir='ltr'><strong>eos</strong></span> <span class='ocrx_word' id='word_1_180' title='bbox 1045 2672 1355 2740; x_wconf 87' lang='lat' dir='ltr'><strong>defendam,</strong></span> <span class='ocrx_word' id='word_1_181' title='bbox 1392 2683 1449 2730; x_wconf 92' lang='lat' dir='ltr'><strong>ut</strong></span> <span class='ocrx_word' id='word_1_182' title='bbox 1490 2689 1680 2730; x_wconf 88' lang='lat' dir='ltr'><strong>omnes</strong></span> <span class='ocrx_word' id='word_1_183' title='bbox 1705 2658 2025 2745; x_wconf 58' lang='lat' dir='ltr'><strong>intelligant:</strong></span> <span class='ocrx_word' id='word_1_184' title='bbox 2057 2675 2126 2730; x_wconf 83' lang='lat' dir='ltr'><strong>Et</strong></span> 
     </span>
    </p>
   </div>
   <div class='ocr_carea' id='block_1_27' title="bbox 532 2764 2123 2835">
    <p class='ocr_par' dir='ltr' id='par_1_27' title="bbox 532 2764 2123 2835">
     <span class='ocr_line' id='line_1_27' title="bbox 532 2764 2123 2835; baseline 0.001 -19"><span class='ocrx_word' id='word_1_185' title='bbox 532 2764 872 2832; x_wconf 85' lang='lat' dir='ltr'><strong>quandonam</strong></span> <span class='ocrx_word' id='word_1_186' title='bbox 899 2779 1008 2820; x_wconf 89' lang='lat' dir='ltr'><strong>non</strong></span> <span class='ocrx_word' id='word_1_187' title='bbox 1038 2773 1326 2820; x_wconf 77' lang='lat' dir='ltr'><strong>consonat</strong></span> <span class='ocrx_word' id='word_1_188' title='bbox 1361 2779 1458 2820; x_wconf 85' lang='lat' dir='ltr'><strong>eos</strong></span> <span class='ocrx_word' id='word_1_189' title='bbox 1487 2765 1662 2835; x_wconf 80' lang='lat' dir='ltr'><strong>palam</strong></span> <span class='ocrx_word' id='word_1_190' title='bbox 1707 2774 1760 2821; x_wconf 91' lang='lat' dir='ltr'><strong>et</strong></span> <span class='ocrx_word' id='word_1_191' title='bbox 1803 2764 2123 2820; x_wconf 81' lang='lat' dir='ltr'><strong>manifeste?</strong></span> 
     </span>
    </p>
   </div>
   <div class='ocr_carea' id='block_1_28' title="bbox 526 2853 2123 2928">
    <p class='ocr_par' dir='ltr' id='par_1_28' title="bbox 526 2853 2123 2928">
     <span class='ocr_line' id='line_1_28' title="bbox 526 2853 2123 2928; baseline 0.001 -17"><span class='ocrx_word' id='word_1_192' title='bbox 526 2853 936 2926; x_wconf 87' lang='lat' dir='ltr'><strong>Nonnumquam</strong></span> <span class='ocrx_word' id='word_1_193' title='bbox 958 2857 1012 2912; x_wconf 89' lang='lat' dir='ltr'><strong>id</strong></span> <span class='ocrx_word' id='word_1_194' title='bbox 1040 2855 1162 2912; x_wconf 88' lang='lat' dir='ltr'><strong>facit</strong></span> <span class='ocrx_word' id='word_1_195' title='bbox 1185 2872 1295 2912; x_wconf 91' lang='lat' dir='ltr'><strong>non</strong></span> <span class='ocrx_word' id='word_1_196' title='bbox 1326 2855 1626 2921; x_wconf 85' lang='lat' dir='ltr'><strong>manifeste,</strong></span> <span class='ocrx_word' id='word_1_197' title='bbox 1645 2859 1738 2913; x_wconf 89' lang='lat' dir='ltr'><strong>sed</strong></span> <span class='ocrx_word' id='word_1_198' title='bbox 1763 2857 1928 2913; x_wconf 89' lang='lat' dir='ltr'><strong>clam:</strong></span> <span class='ocrx_word' id='word_1_199' title='bbox 1949 2873 2123 2928; x_wconf 88' lang='lat' dir='ltr'><strong>neque</strong></span> 
     </span>
    </p>
   </div>
   <div class='ocr_carea' id='block_1_29' title="bbox 528 2947 2121 3019">
    <p class='ocr_par' dir='ltr' id='par_1_29' title="bbox 528 2947 2121 3019">
     <span class='ocr_line' id='line_1_29' title="bbox 528 2947 2121 3019; baseline 0.001 -18"><span class='ocrx_word' id='word_1_200' title='bbox 528 2947 669 3002; x_wconf 89' lang='lat' dir='ltr'><strong>enim</strong></span> <span class='ocrx_word' id='word_1_201' title='bbox 691 2961 826 3018; x_wconf 86' lang='lat' dir='ltr'><strong>opus</strong></span> <span class='ocrx_word' id='word_1_202' title='bbox 848 2947 1011 3004; x_wconf 83' lang='lat' dir='ltr'><strong>habet</strong></span> <span class='ocrx_word' id='word_1_203' title='bbox 1024 2962 1088 3003; x_wconf 90' lang='lat' dir='ltr'><strong>ea</strong></span> <span class='ocrx_word' id='word_1_204' title='bbox 1103 2963 1224 3018; x_wconf 74' lang='lat' dir='ltr'><strong>quae</strong></span> <span class='ocrx_word' id='word_1_205' title='bbox 1247 2956 1331 3004; x_wconf 88' lang='lat' dir='ltr'><strong>est</strong></span> <span class='ocrx_word' id='word_1_206' title='bbox 1349 2947 1418 3003; x_wconf 88' lang='lat' dir='ltr'><strong>ab</strong></span> <span class='ocrx_word' id='word_1_207' title='bbox 1441 2947 1746 3004; x_wconf 85' lang='lat' dir='ltr'><strong>hominibus</strong></span> <span class='ocrx_word' id='word_1_208' title='bbox 1767 2948 1956 3019; x_wconf 84' lang='lat' dir='ltr'><strong>gloria.</strong></span> <span class='ocrx_word' id='word_1_209' title='bbox 1970 2948 2121 3003; x_wconf 82' lang='lat' dir='ltr'><strong>Nunc</strong></span> 
     </span>
    </p>
   </div>
   <div class='ocr_carea' id='block_1_30' title="bbox 529 3040 2120 3112">
    <p class='ocr_par' dir='ltr' id='par_1_30' title="bbox 529 3040 2120 3112">
     <span class='ocr_line' id='line_1_30' title="bbox 529 3040 2120 3112; baseline 0.003 -20"><span class='ocrx_word' id='word_1_210' title='bbox 529 3046 730 3104; x_wconf 89' lang='lat' dir='ltr'><strong>autem,</strong></span> <span class='ocrx_word' id='word_1_211' title='bbox 746 3041 996 3110; x_wconf 88' lang='lat' dir='ltr'><strong>quoniam</strong></span> <span class='ocrx_word' id='word_1_212' title='bbox 1008 3040 1303 3096; x_wconf 80' lang='lat' dir='ltr'><strong>verisimile</strong></span> <span class='ocrx_word' id='word_1_213' title='bbox 1317 3048 1436 3096; x_wconf 91' lang='lat' dir='ltr'><strong>erat</strong></span> <span class='ocrx_word' id='word_1_214' title='bbox 1446 3041 1690 3096; x_wconf 86' lang='lat' dir='ltr'><strong>inimicos</strong></span> <span class='ocrx_word' id='word_1_215' title='bbox 1708 3041 2120 3112; x_wconf 85' lang='lat' dir='ltr'><strong>irruere,eisqne</strong></span> 
     </span>
    </p>
   </div>
   <div class='ocr_carea' id='block_1_31' title="bbox 537 3126 2117 3201">
    <p class='ocr_par' dir='ltr' id='par_1_31' title="bbox 537 3126 2117 3201">
     <span class='ocr_line' id='line_1_31' title="bbox 537 3126 2117 3201; baseline 0.003 -20"><span class='ocrx_word' id='word_1_216' title='bbox 537 3126 815 3197; x_wconf 86' lang='lat' dir='ltr'><strong>insultare,</strong></span> <span class='ocrx_word' id='word_1_217' title='bbox 832 3137 886 3184; x_wconf 91' lang='lat' dir='ltr'><strong>et</strong></span> <span class='ocrx_word' id='word_1_218' title='bbox 908 3129 1235 3200; x_wconf 79' lang='lat' dir='ltr'><strong>exprobrare</strong></span> <span class='ocrx_word' id='word_1_219' title='bbox 1263 3129 1404 3201; x_wconf 89' lang='lat' dir='ltr'><strong>quod</strong></span> <span class='ocrx_word' id='word_1_220' title='bbox 1423 3130 1587 3185; x_wconf 88' lang='lat' dir='ltr'><strong>Deum</strong></span> <span class='ocrx_word' id='word_1_221' title='bbox 1609 3145 1714 3185; x_wconf 88' lang='lat' dir='ltr'><strong>non</strong></span> <span class='ocrx_word' id='word_1_222' title='bbox 1738 3130 1998 3187; x_wconf 85' lang='lat' dir='ltr'><strong>baberent</strong></span> <span class='ocrx_word' id='word_1_223' title='bbox 2020 3132 2117 3186; x_wconf 87' lang='lat' dir='ltr'><strong>ad-</strong></span> 
     </span>
    </p>
   </div>
   <div class='ocr_carea' id='block_1_32' title="bbox 525 3216 2119 3292">
    <p class='ocr_par' dir='ltr' id='par_1_32' title="bbox 525 3216 2119 3292">
     <span class='ocr_line' id='line_1_32' title="bbox 525 3216 2119 3292; baseline 0.004 -21"><span class='ocrx_word' id='word_1_224' title='bbox 525 3216 782 3286; x_wconf 89' lang='lat' dir='ltr'><strong>jutorem,</strong></span> <span class='ocrx_word' id='word_1_225' title='bbox 823 3228 882 3274; x_wconf 84' lang='lat' dir='ltr'><strong>ut</strong></span> <span class='ocrx_word' id='word_1_226' title='bbox 925 3220 1001 3275; x_wconf 90' lang='lat' dir='ltr'><strong>illi</strong></span> <span class='ocrx_word' id='word_1_227' title='bbox 1037 3234 1252 3292; x_wconf 87' lang='lat' dir='ltr'><strong>quoque</strong></span> <span class='ocrx_word' id='word_1_228' title='bbox 1302 3219 1719 3276; x_wconf 88' lang='lat' dir='ltr'><strong>cmendarentur</strong></span> <span class='ocrx_word' id='word_1_229' title='bbox 1768 3229 1824 3278; x_wconf 92' lang='lat' dir='ltr'><strong>et</strong></span> <span class='ocrx_word' id='word_1_230' title='bbox 1869 3221 2119 3278; x_wconf 84' lang='lat' dir='ltr'><strong>meliores</strong></span> 
     </span>
    </p>
   </div>
   <div class='ocr_carea' id='block_1_33' title="bbox 527 3309 2115 3380">
    <p class='ocr_par' dir='ltr' id='par_1_33' title="bbox 527 3309 2115 3380">
     <span class='ocr_line' id='line_1_33' title="bbox 527 3309 2115 3380; baseline 0.001 -15"><span class='ocrx_word' id='word_1_231' title='bbox 527 3309 736 3376; x_wconf 85' lang='lat' dir='ltr'><strong>flerent,</strong></span> <span class='ocrx_word' id='word_1_232' title='bbox 753 3325 874 3366; x_wconf 87' lang='lat' dir='ltr'><strong>cum</strong></span> <span class='ocrx_word' id='word_1_233' title='bbox 901 3313 1230 3380; x_wconf 75' lang='lat' dir='ltr'><strong>experientia</strong></span> <span class='ocrx_word' id='word_1_234' title='bbox 1258 3311 1576 3367; x_wconf 85' lang='lat' dir='ltr'><strong>didicissent</strong></span> <span class='ocrx_word' id='word_1_235' title='bbox 1600 3311 1810 3368; x_wconf 88' lang='lat' dir='ltr'><strong>Domini</strong></span> <span class='ocrx_word' id='word_1_236' title='bbox 1834 3312 2115 3380; x_wconf 87' lang='lat' dir='ltr'><strong>auxilium,</strong></span> 
     </span>
    </p>
   </div>
   <div class='ocr_carea' id='block_1_34' title="bbox 528 3401 2115 3476">
    <p class='ocr_par' dir='ltr' id='par_1_34' title="bbox 528 3401 2115 3476">
     <span class='ocr_line' id='line_1_34' title="bbox 528 3401 2115 3476; baseline 0 -18"><span class='ocrx_word' id='word_1_237' title='bbox 528 3403 748 3472; x_wconf 82' lang='lat' dir='ltr'><strong>Aperte,</strong></span> <span class='ocrx_word' id='word_1_238' title='bbox 767 3402 956 3473; x_wconf 87' lang='lat' dir='ltr'><strong>inquit,</strong></span> <span class='ocrx_word' id='word_1_239' title='bbox 971 3401 1162 3458; x_wconf 79' lang='lat' dir='ltr'><strong>faciam</strong></span> <span class='ocrx_word' id='word_1_240' title='bbox 1185 3417 1284 3473; x_wconf 88' lang='lat' dir='ltr'><strong>pro</strong></span> <span class='ocrx_word' id='word_1_241' title='bbox 1311 3403 1390 3459; x_wconf 88' lang='lat' dir='ltr'><strong>eis</strong></span> <span class='ocrx_word' id='word_1_242' title='bbox 1406 3404 1653 3461; x_wconf 84' lang='lat' dir='ltr'><strong>salutem.</strong></span> <span class='ocrx_word' id='word_1_243' title='bbox 1675 3404 1728 3459; x_wconf 88' lang='grc'><strong>7.</strong></span> <span class='ocrx_word' id='word_1_244' title='bbox 1756 3403 1974 3476; x_wconf 84' lang='lat' dir='ltr'><strong>Eloquia</strong></span> <span class='ocrx_word' id='word_1_245' title='bbox 2002 3403 2115 3459; x_wconf 86' lang='lat' dir='ltr'><strong>Do-</strong></span> 
     </span>
    </p>
   </div>
   <div class='ocr_carea' id='block_1_35' title="bbox 526 3489 2114 3567">
    <p class='ocr_par' dir='ltr' id='par_1_35' title="bbox 526 3489 2114 3567">
     <span class='ocr_line' id='line_1_35' title="bbox 526 3489 2114 3567; baseline 0.005 -23"><span class='ocrx_word' id='word_1_246' title='bbox 526 3494 672 3558; x_wconf 84' lang='lat' dir='ltr'><strong>mini,</strong></span> <span class='ocrx_word' id='word_1_247' title='bbox 702 3492 904 3563; x_wconf 83' lang='lat' dir='ltr'><strong>eloquia</strong></span> <span class='ocrx_word' id='word_1_248' title='bbox 944 3489 1121 3559; x_wconf 76' lang='lat' dir='ltr'><strong>casta,</strong></span> <span class='ocrx_word' id='word_1_249' title='bbox 1153 3504 1421 3566; x_wconf 81' lang='lat' dir='ltr'><strong>argentum</strong></span> <span class='ocrx_word' id='word_1_250' title='bbox 1465 3495 1583 3566; x_wconf 88' lang='lat' dir='ltr'><strong>igne</strong></span> <span class='ocrx_word' id='word_1_251' title='bbox 1605 3497 1966 3564; x_wconf 68' lang='lat' dir='ltr'><strong>examinatum,</strong></span> <span class='ocrx_word' id='word_1_252' title='bbox 1991 3513 2114 3567; x_wconf 58' lang='lat' dir='ltr'><strong>pro.</strong></span> 
     </span>
    </p>
   </div>
   <div class='ocr_carea' id='block_1_36' title="bbox 525 3581 2117 3660">
    <p class='ocr_par' dir='ltr' id='par_1_36' title="bbox 525 3581 2117 3660">
     <span class='ocr_line' id='line_1_36' title="bbox 525 3581 2117 3660; baseline 0.006 -24"><span class='ocrx_word' id='word_1_253' title='bbox 525 3581 694 3636; x_wconf 79' lang='lat' dir='ltr'><strong>butum</strong></span> <span class='ocrx_word' id='word_1_254' title='bbox 710 3592 875 3637; x_wconf 72' lang='lat' dir='ltr'><strong>terra.</strong></span> <span class='ocrx_word' id='word_1_255' title='bbox 899 3583 1248 3654; x_wconf 85' lang='lat' dir='ltr'><strong>thuomodo</strong></span> <span class='ocrx_word' id='word_1_256' title='bbox 1262 3596 1387 3642; x_wconf 90' lang='lat' dir='ltr'><strong>sunt</strong></span> <span class='ocrx_word' id='word_1_257' title='bbox 1405 3586 1519 3642; x_wconf 65' lang='lat' dir='ltr'><strong>hac</strong></span> <span class='ocrx_word' id='word_1_258' title='bbox 1534 3602 1602 3643; x_wconf 87' lang='lat' dir='ltr'><strong>ex</strong></span> <span class='ocrx_word' id='word_1_259' title='bbox 1620 3587 1686 3643; x_wconf 89' lang='lat' dir='ltr'><strong>iis</strong></span> <span class='ocrx_word' id='word_1_260' title='bbox 1698 3603 1818 3660; x_wconf 71' lang='lat' dir='ltr'><strong>qua:</strong></span> <span class='ocrx_word' id='word_1_261' title='bbox 1834 3589 1976 3645; x_wconf 83' lang='lat' dir='ltr'><strong>dicta</strong></span> <span class='ocrx_word' id='word_1_262' title='bbox 1993 3601 2117 3646; x_wconf 88' lang='lat' dir='ltr'><strong>sunt</strong></span> 
     </span>
    </p>
   </div>
   <div class='ocr_carea' id='block_1_37' title="bbox 524 3673 2112 3747">
    <p class='ocr_par' dir='ltr' id='par_1_37' title="bbox 524 3673 2112 3747">
     <span class='ocr_line' id='line_1_37' title="bbox 524 3673 2112 3747; baseline 0.006 -22"><span class='ocrx_word' id='word_1_263' title='bbox 524 3673 952 3743; x_wconf 73' lang='lat' dir='ltr'><strong>consequentia?</strong></span> <span class='ocrx_word' id='word_1_264' title='bbox 986 3673 1215 3732; x_wconf 87' lang='lat' dir='ltr'><strong>Pulchre</strong></span> <span class='ocrx_word' id='word_1_265' title='bbox 1243 3674 1555 3731; x_wconf 85' lang='lat' dir='ltr'><strong>admodum.</strong></span> <span class='ocrx_word' id='word_1_266' title='bbox 1579 3676 1658 3733; x_wconf 86' lang='lat' dir='ltr'><strong>Ne</strong></span> <span class='ocrx_word' id='word_1_267' title='bbox 1695 3677 1811 3735; x_wconf 61' lang='lat' dir='ltr'><strong>hac</strong></span> <span class='ocrx_word' id='word_1_268' title='bbox 1834 3681 1996 3747; x_wconf 89' lang='lat' dir='ltr'><strong>enim,</strong></span> <span class='ocrx_word' id='word_1_269' title='bbox 2028 3681 2112 3735; x_wconf 87' lang='lat' dir='ltr'><strong>in-</strong></span> 
     </span>
    </p>
   </div>
   <div class='ocr_carea' id='block_1_38' title="bbox 521 3761 2118 3841">
    <p class='ocr_par' dir='ltr' id='par_1_38' title="bbox 521 3761 2118 3841">
     <span class='ocr_line' id='line_1_38' title="bbox 521 3761 2118 3841; baseline 0.008 -26"><span class='ocrx_word' id='word_1_270' title='bbox 521 3761 658 3832; x_wconf 73' lang='lat' dir='ltr'><strong>quit,</strong></span> <span class='ocrx_word' id='word_1_271' title='bbox 676 3763 995 3820; x_wconf 80' lang='lat' dir='ltr'><strong>existimetis</strong></span> <span class='ocrx_word' id='word_1_272' title='bbox 1013 3774 1216 3821; x_wconf 86' lang='lat' dir='ltr'><strong>temere</strong></span> <span class='ocrx_word' id='word_1_273' title='bbox 1234 3766 1377 3821; x_wconf 85' lang='lat' dir='ltr'><strong>dicta</strong></span> <span class='ocrx_word' id='word_1_274' title='bbox 1396 3781 1518 3822; x_wconf 86' lang='lat' dir='ltr'><strong>esse</strong></span> <span class='ocrx_word' id='word_1_275' title='bbox 1543 3767 1833 3840; x_wconf 85' lang='lat' dir='ltr'><strong>inanesque</strong></span> <span class='ocrx_word' id='word_1_276' title='bbox 1856 3779 1911 3826; x_wconf 91' lang='lat' dir='ltr'><strong>et</strong></span> <span class='ocrx_word' id='word_1_277' title='bbox 1929 3785 2118 3841; x_wconf 83' lang='lat' dir='ltr'><strong>super-</strong></span> 
     </span>
    </p>
   </div>
   <div class='ocr_carea' id='block_1_39' title="bbox 523 3856 2112 3930">
    <p class='ocr_par' dir='ltr' id='par_1_39' title="bbox 523 3856 2112 3930">
     <span class='ocr_line' id='line_1_39' title="bbox 523 3856 2112 3930; baseline 0.008 -25"><span class='ocrx_word' id='word_1_278' title='bbox 523 3865 788 3908; x_wconf 83' lang='lat' dir='ltr'><strong>vacaneas</strong></span> <span class='ocrx_word' id='word_1_279' title='bbox 820 3869 940 3911; x_wconf 84' lang='lat' dir='ltr'><strong>esse</strong></span> <span class='ocrx_word' id='word_1_280' title='bbox 981 3856 1156 3911; x_wconf 84' lang='lat' dir='ltr'><strong>minas</strong></span> <span class='ocrx_word' id='word_1_281' title='bbox 1181 3873 1195 3910; x_wconf 88' lang='lat'><strong>:</strong></span> <span class='ocrx_word' id='word_1_282' title='bbox 1222 3865 1348 3913; x_wconf 88' lang='lat' dir='ltr'><strong>sunt</strong></span> <span class='ocrx_word' id='word_1_283' title='bbox 1384 3858 1556 3925; x_wconf 71' lang='lat' dir='ltr'><strong>enim,</strong></span> <span class='ocrx_word' id='word_1_284' title='bbox 1568 3873 1701 3928; x_wconf 87' lang='lat' dir='ltr'><strong>pura</strong></span> <span class='ocrx_word' id='word_1_285' title='bbox 1728 3859 1845 3930; x_wconf 87' lang='lat' dir='ltr'><strong>ejus</strong></span> <span class='ocrx_word' id='word_1_286' title='bbox 1867 3860 2049 3929; x_wconf 84' lang='lat' dir='ltr'><strong>verba,</strong></span> <span class='ocrx_word' id='word_1_287' title='bbox 2082 3877 2112 3917; x_wconf 86' lang='lat' dir='ltr'><strong>a</strong></span> 
     </span>
    </p>
   </div>
   <div class='ocr_carea' id='block_1_40' title="bbox 523 3941 2112 4023">
    <p class='ocr_par' dir='ltr' id='par_1_40' title="bbox 523 3941 2112 4023">
     <span class='ocr_line' id='line_1_40' title="bbox 523 3941 2112 4023; baseline 0.007 -26"><span class='ocrx_word' id='word_1_288' title='bbox 523 3941 805 3998; x_wconf 80' lang='lat' dir='ltr'><strong>mendacio</strong></span> <span class='ocrx_word' id='word_1_289' title='bbox 855 3943 1042 4000; x_wconf 81' lang='lat' dir='ltr'><strong>libera.</strong></span> <span class='ocrx_word' id='word_1_290' title='bbox 1107 3945 1569 4016; x_wconf 85' lang='lat' dir='ltr'><strong>Quemadmodum</strong></span> <span class='ocrx_word' id='word_1_291' title='bbox 1619 3949 1762 4006; x_wconf 90' lang='lat' dir='ltr'><strong>enim</strong></span> <span class='ocrx_word' id='word_1_292' title='bbox 1831 3961 2112 4023; x_wconf 89' lang='lat' dir='ltr'><strong>argentum</strong></span> 
     </span>
    </p>
   </div>
   <div class='ocr_carea' id='block_1_41' title="bbox 524 4033 2111 4109">
    <p class='ocr_par' dir='ltr' id='par_1_41' title="bbox 524 4033 2111 4109">
     <span class='ocr_line' id='line_1_41' title="bbox 524 4033 2111 4109; baseline 0.008 -22"><span class='ocrx_word' id='word_1_293' title='bbox 524 4034 747 4104; x_wconf 77' lang='lat' dir='ltr'><strong>ignitum</strong></span> <span class='ocrx_word' id='word_1_294' title='bbox 774 4035 906 4089; x_wconf 80' lang='lat' dir='ltr'><strong>nihil</strong></span> <span class='ocrx_word' id='word_1_295' title='bbox 933 4033 1094 4092; x_wconf 86' lang='lat' dir='ltr'><strong>habet</strong></span> <span class='ocrx_word' id='word_1_296' title='bbox 1119 4037 1351 4093; x_wconf 87' lang='lat' dir='ltr'><strong>alienum</strong></span> <span class='ocrx_word' id='word_1_297' title='bbox 1374 4047 1430 4094; x_wconf 87' lang='lat' dir='ltr'><strong>et</strong></span> <span class='ocrx_word' id='word_1_298' title='bbox 1453 4038 1835 4109; x_wconf 89' lang='lat' dir='ltr'><strong>adulterinum,</strong></span> <span class='ocrx_word' id='word_1_299' title='bbox 1853 4042 1924 4098; x_wconf 89' lang='lat' dir='ltr'><strong>ita</strong></span> <span class='ocrx_word' id='word_1_300' title='bbox 1949 4043 2111 4099; x_wconf 90' lang='lat' dir='ltr'><strong>etiam</strong></span> 
     </span>
    </p>
   </div>
   <div class='ocr_carea' id='block_1_42' title="bbox 524 4124 2117 4208">
    <p class='ocr_par' dir='ltr' id='par_1_42' title="bbox 524 4124 2117 4208">
     <span class='ocr_line' id='line_1_42' title="bbox 524 4124 2117 4208; baseline 0.008 -28"><span class='ocrx_word' id='word_1_301' title='bbox 524 4124 619 4180; x_wconf 89' lang='lat' dir='ltr'><strong>Dei</strong></span> <span class='ocrx_word' id='word_1_302' title='bbox 650 4125 844 4192; x_wconf 86' lang='lat' dir='ltr'><strong>verba,</strong></span> <span class='ocrx_word' id='word_1_303' title='bbox 875 4141 994 4197; x_wconf 70' lang='lat' dir='ltr'><strong>qua:</strong></span> <span class='ocrx_word' id='word_1_304' title='bbox 1023 4126 1250 4194; x_wconf 86' lang='lat' dir='ltr'><strong>dixerit,</strong></span> <span class='ocrx_word' id='word_1_305' title='bbox 1281 4130 1504 4208; x_wconf 83' lang='lat' dir='ltr'><strong>omnino</strong></span> <span class='ocrx_word' id='word_1_306' title='bbox 1541 4131 1759 4188; x_wconf 88' lang='lat' dir='ltr'><strong>evenire</strong></span> <span class='ocrx_word' id='word_1_307' title='bbox 1785 4143 2016 4203; x_wconf 88' lang='lat' dir='ltr'><strong>oportet.</strong></span> <span class='ocrx_word' id='word_1_308' title='bbox 2044 4134 2117 4192; x_wconf 81' lang='lat' dir='ltr'><strong>Et</strong></span> 
     </span>
    </p>
   </div>
   <div class='ocr_carea' id='block_1_43' title="bbox 522 4210 2112 4294">
    <p class='ocr_par' dir='ltr' id='par_1_43' title="bbox 522 4210 2112 4294">
     <span class='ocr_line' id='line_1_43' title="bbox 522 4210 2112 4294; baseline 0.008 -26"><span class='ocrx_word' id='word_1_309' title='bbox 522 4210 644 4269; x_wconf 82' lang='lat' dir='ltr'><strong>ideo</strong></span> <span class='ocrx_word' id='word_1_310' title='bbox 689 4215 820 4271; x_wconf 89' lang='lat' dir='ltr'><strong>dicit</strong></span> <span class='ocrx_word' id='word_1_311' title='bbox 863 4233 878 4269; x_wconf 88' lang='lat'><strong>:</strong></span> <span class='ocrx_word' id='word_1_312' title='bbox 925 4215 1204 4288; x_wconf 77' lang='lat' dir='ltr'><strong>Argentum</strong></span> <span class='ocrx_word' id='word_1_313' title='bbox 1247 4219 1365 4291; x_wconf 83' lang='lat' dir='ltr'><strong>igne</strong></span> <span class='ocrx_word' id='word_1_314' title='bbox 1411 4223 1758 4276; x_wconf 76' lang='lat' dir='ltr'><strong>mminatum</strong></span> <span class='ocrx_word' id='word_1_315' title='bbox 1780 4263 1796 4290; x_wconf 93' lang='lat'><strong>,</strong></span> <span class='ocrx_word' id='word_1_316' title='bbox 1845 4223 2112 4294; x_wconf 69' lang='lat' dir='ltr'><strong>probatum</strong></span> 
     </span>
    </p>
   </div>
   <div class='ocr_carea' id='block_1_44' title="bbox 522 4305 2111 4379">
    <p class='ocr_par' dir='ltr' id='par_1_44' title="bbox 522 4305 2111 4379">
     <span class='ocr_line' id='line_1_44' title="bbox 522 4305 2111 4379; baseline 0.006 -17"><span class='ocrx_word' id='word_1_317' title='bbox 522 4317 692 4362; x_wconf 72' lang='lat' dir='ltr'><strong>terrm.</strong></span> <span class='ocrx_word' id='word_1_318' title='bbox 719 4307 889 4374; x_wconf 83' lang='lat' dir='ltr'><strong>Alius,</strong></span> <span class='ocrx_word' id='word_1_319' title='bbox 929 4305 1179 4379; x_wconf 79' lang='lat' dir='ltr'><strong>Ignitum,</strong></span> <span class='ocrx_word' id='word_1_320' title='bbox 1210 4310 1391 4365; x_wconf 87' lang='lat' dir='ltr'><strong>cedens</strong></span> <span class='ocrx_word' id='word_1_321' title='bbox 1434 4321 1601 4366; x_wconf 71' lang='lat' dir='ltr'><strong>terra.</strong></span> <span class='ocrx_word' id='word_1_322' title='bbox 1634 4312 1892 4370; x_wconf 67' lang='lat' dir='ltr'><strong>Hebraeus</strong></span> <span class='ocrx_word' id='word_1_323' title='bbox 1932 4325 2111 4372; x_wconf 89' lang='lat' dir='ltr'><strong>autem</strong></span> 
     </span>
    </p>
   </div>
   <div class='ocr_carea' id='block_1_45' title="bbox 527 4399 2108 4480">
    <p class='ocr_par' dir='ltr' id='par_1_45' title="bbox 527 4399 2108 4480">
     <span class='ocr_line' id='line_1_45' title="bbox 527 4399 2108 4480; baseline 0.009 -32"><span class='ocrx_word' id='word_1_324' title='bbox 527 4411 623 4468; x_wconf 86' lang='lat' dir='ltr'><strong>pro</strong></span> <span class='ocrx_word' id='word_1_325' title='bbox 640 4412 707 4453; x_wconf 88' lang='lat' dir='ltr'><strong>eo</strong></span> <span class='ocrx_word' id='word_1_326' title='bbox 730 4399 873 4469; x_wconf 87' lang='lat' dir='ltr'><strong>quod</strong></span> <span class='ocrx_word' id='word_1_327' title='bbox 901 4407 1004 4464; x_wconf 86' lang='lat' dir='ltr'><strong>est,</strong></span> <span class='ocrx_word' id='word_1_328' title='bbox 1032 4400 1230 4456; x_wconf 85' lang='lat' dir='ltr'><strong>cedens</strong></span> <span class='ocrx_word' id='word_1_329' title='bbox 1258 4409 1439 4468; x_wconf 69' lang='lat' dir='ltr'><strong>terrae,</strong></span> <span class='ocrx_word' id='word_1_330' title='bbox 1455 4402 1610 4468; x_wconf 88' lang='lat' dir='ltr'><strong>dixit,</strong></span> <span class='ocrx_word' id='word_1_331' title='bbox 1628 4401 1798 4458; x_wconf 83' lang='lat' dir='ltr'><strong>Banlil</strong></span> <span class='ocrx_word' id='word_1_332' title='bbox 1823 4405 1988 4460; x_wconf 86' lang='lat' dir='ltr'><strong>taares</strong></span> <span class='ocrx_word' id='word_1_333' title='bbox 2008 4407 2108 4480; x_wconf 69' lang='lat' dir='ltr'><strong>(li),</strong></span> 
     </span>
    </p>
   </div>
   <div class='ocr_carea' id='block_1_46' title="bbox 523 4487 2107 4568">
    <p class='ocr_par' dir='ltr' id='par_1_46' title="bbox 523 4487 2107 4568">
     <span class='ocr_line' id='line_1_46' title="bbox 523 4487 2107 4568; baseline 0.007 -28"><span class='ocrx_word' id='word_1_334' title='bbox 523 4487 626 4540; x_wconf 86' lang='lat' dir='ltr'><strong>hoc</strong></span> <span class='ocrx_word' id='word_1_335' title='bbox 644 4495 728 4542; x_wconf 85' lang='lat' dir='ltr'><strong>est</strong></span> <span class='ocrx_word' id='word_1_336' title='bbox 742 4528 756 4548; x_wconf 90' lang='lat'><strong>.</strong></span> <span class='ocrx_word' id='word_1_337' title='bbox 772 4487 968 4555; x_wconf 88' lang='lat' dir='ltr'><strong>fusum,</strong></span> <span class='ocrx_word' id='word_1_338' title='bbox 983 4490 1036 4546; x_wconf 91' lang='lat' dir='ltr'><strong>iu</strong></span> <span class='ocrx_word' id='word_1_339' title='bbox 1064 4499 1260 4547; x_wconf 86' lang='lat' dir='ltr'><strong>terram</strong></span> <span class='ocrx_word' id='word_1_340' title='bbox 1276 4492 1470 4549; x_wconf 80' lang='lat' dir='ltr'><strong>ﬂuens.</strong></span> <span class='ocrx_word' id='word_1_341' title='bbox 1492 4491 1775 4565; x_wconf 85' lang='lat' dir='ltr'><strong>Purgatum</strong></span> <span class='ocrx_word' id='word_1_342' title='bbox 1801 4499 2107 4568; x_wconf 83' lang='lat' dir='ltr'><strong>septuplum.</strong></span> 
     </span>
    </p>
   </div>
   <div class='ocr_carea' id='block_1_47' title="bbox 591 4579 2112 4654">
    <p class='ocr_par' dir='ltr' id='par_1_47' title="bbox 591 4579 2112 4654">
     <span class='ocr_line' id='line_1_47' title="bbox 591 4579 2112 4654; baseline 0.007 -20"><span class='ocrx_word' id='word_1_343' title='bbox 591 4579 646 4634; x_wconf 77' lang='lat'><strong>3.</strong></span> <span class='ocrx_word' id='word_1_344' title='bbox 689 4579 874 4634; x_wconf 85' lang='lat' dir='ltr'><strong>Vidisti</strong></span> <span class='ocrx_word' id='word_1_345' title='bbox 898 4582 1166 4652; x_wconf 88' lang='lat' dir='ltr'><strong>quomodo</strong></span> <span class='ocrx_word' id='word_1_346' title='bbox 1189 4583 1332 4654; x_wconf 90' lang='lat' dir='ltr'><strong>quod</strong></span> <span class='ocrx_word' id='word_1_347' title='bbox 1359 4600 1543 4640; x_wconf 89' lang='lat' dir='ltr'><strong>verum</strong></span> <span class='ocrx_word' id='word_1_348' title='bbox 1569 4595 1674 4653; x_wconf 88' lang='lat' dir='ltr'><strong>est,</strong></span> <span class='ocrx_word' id='word_1_349' title='bbox 1702 4595 1758 4642; x_wconf 91' lang='lat' dir='ltr'><strong>et</strong></span> <span class='ocrx_word' id='word_1_350' title='bbox 1777 4602 1806 4641; x_wconf 92' lang='lat' dir='ltr'><strong>a</strong></span> <span class='ocrx_word' id='word_1_351' title='bbox 1832 4590 2112 4644; x_wconf 83' lang='lat' dir='ltr'><strong>mendacio</strong></span> 
     </span>
    </p>
   </div>
   <div class='ocr_carea' id='block_1_48' title="bbox 518 4670 2112 4743">
    <p class='ocr_par' dir='ltr' id='par_1_48' title="bbox 518 4670 2112 4743">
     <span class='ocr_line' id='line_1_48' title="bbox 518 4670 2112 4743; baseline 0.009 -19"><span class='ocrx_word' id='word_1_352' title='bbox 518 4670 797 4736; x_wconf 87' lang='lat' dir='ltr'><strong>alienum,</strong></span> <span class='ocrx_word' id='word_1_353' title='bbox 847 4688 942 4743; x_wconf 91' lang='lat' dir='ltr'><strong>per</strong></span> <span class='ocrx_word' id='word_1_354' title='bbox 994 4675 1390 4732; x_wconf 83' lang='lat' dir='ltr'><strong>similitudinem</strong></span> <span class='ocrx_word' id='word_1_355' title='bbox 1446 4678 1688 4734; x_wconf 67' lang='lat' dir='ltr'><strong>materiai</strong></span> <span class='ocrx_word' id='word_1_356' title='bbox 1753 4681 2047 4738; x_wconf 80' lang='lat' dir='ltr'><strong>ostenderit</strong></span> <span class='ocrx_word' id='word_1_357' title='bbox 2088 4684 2112 4737; x_wconf 67' lang='grc' dir='ltr'>Υ</span> 
     </span>
    </p>
   </div>
   <div class='ocr_carea' id='block_1_49' title="bbox 531 4763 2109 4840">
    <p class='ocr_par' dir='ltr' id='par_1_49' title="bbox 531 4763 2109 4840">
     <span class='ocr_line' id='line_1_49' title="bbox 531 4763 2109 4840; baseline 0.011 -26"><span class='ocrx_word' id='word_1_358' title='bbox 531 4763 980 4832; x_wconf 86' lang='lat' dir='ltr'><strong>quemadmodum</strong></span> <span class='ocrx_word' id='word_1_359' title='bbox 1016 4766 1159 4822; x_wconf 89' lang='lat' dir='ltr'><strong>enim</strong></span> <span class='ocrx_word' id='word_1_360' title='bbox 1201 4767 1330 4822; x_wconf 90' lang='lat' dir='ltr'><strong>illud</strong></span> <span class='ocrx_word' id='word_1_361' title='bbox 1374 4767 1550 4824; x_wconf 87' lang='lat' dir='ltr'><strong>fusum</strong></span> <span class='ocrx_word' id='word_1_362' title='bbox 1573 4810 1587 4834; x_wconf 92' lang='lat'><strong>,</strong></span> <span class='ocrx_word' id='word_1_363' title='bbox 1619 4770 1840 4840; x_wconf 81' lang='lat' dir='ltr'><strong>ignitum</strong></span> <span class='ocrx_word' id='word_1_364' title='bbox 1861 4813 1878 4839; x_wconf 95' lang='lat'><strong>,</strong></span> <span class='ocrx_word' id='word_1_365' title='bbox 1908 4784 1962 4829; x_wconf 89' lang='lat' dir='ltr'><strong>et</strong></span> <span class='ocrx_word' id='word_1_366' title='bbox 2005 4774 2109 4831; x_wconf 89' lang='lat' dir='ltr'><strong>hoc</strong></span> 
     </span>
    </p>
   </div>
   <div class='ocr_carea' id='block_1_50' title="bbox 521 4856 2110 4928">
    <p class='ocr_par' dir='ltr' id='par_1_50' title="bbox 521 4856 2110 4928">
     <span class='ocr_line' id='line_1_50' title="bbox 521 4856 2110 4928; baseline 0.008 -20"><span class='ocrx_word' id='word_1_367' title='bbox 521 4869 666 4923; x_wconf 71' lang='lat' dir='ltr'><strong>saipo</strong></span> <span class='ocrx_word' id='word_1_368' title='bbox 693 4868 930 4923; x_wconf 85' lang='lat' dir='ltr'><strong>passum,</strong></span> <span class='ocrx_word' id='word_1_369' title='bbox 957 4865 1039 4912; x_wconf 83' lang='lat' dir='ltr'><strong>est</strong></span> <span class='ocrx_word' id='word_1_370' title='bbox 1057 4856 1125 4911; x_wconf 91' lang='lat' dir='ltr'><strong>ab</strong></span> <span class='ocrx_word' id='word_1_371' title='bbox 1152 4856 1324 4912; x_wconf 85' lang='lat' dir='ltr'><strong>aliena</strong></span> <span class='ocrx_word' id='word_1_372' title='bbox 1358 4858 1581 4914; x_wconf 88' lang='lat' dir='ltr'><strong>materia</strong></span> <span class='ocrx_word' id='word_1_373' title='bbox 1604 4859 1858 4928; x_wconf 90' lang='lat' dir='ltr'><strong>alienum,</strong></span> <span class='ocrx_word' id='word_1_374' title='bbox 1885 4878 2110 4920; x_wconf 89' lang='lat' dir='ltr'><strong>accura-</strong></span> 
     </span>
    </p>
   </div>
   <div class='ocr_carea' id='block_1_51' title="bbox 522 4946 2104 5018">
    <p class='ocr_par' dir='ltr' id='par_1_51' title="bbox 522 4946 2104 5018">
     <span class='ocr_line' id='line_1_51' title="bbox 522 4946 2104 5018; baseline 0.008 -20"><span class='ocrx_word' id='word_1_375' title='bbox 522 4946 729 5000; x_wconf 87' lang='lat' dir='ltr'><strong>tissime</strong></span> <span class='ocrx_word' id='word_1_376' title='bbox 750 4954 1029 5016; x_wconf 87' lang='lat' dir='ltr'><strong>purgatum</strong></span> <span class='ocrx_word' id='word_1_377' title='bbox 1061 4964 1075 5000; x_wconf 88' lang='lat'><strong>:</strong></span> <span class='ocrx_word' id='word_1_378' title='bbox 1108 4947 1180 5002; x_wconf 85' lang='lat' dir='ltr'><strong>ita</strong></span> <span class='ocrx_word' id='word_1_379' title='bbox 1203 4948 1362 5003; x_wconf 79' lang='lat' dir='ltr'><strong>etiam</strong></span> <span class='ocrx_word' id='word_1_380' title='bbox 1392 4949 1486 5006; x_wconf 89' lang='lat' dir='ltr'><strong>Dei</strong></span> <span class='ocrx_word' id='word_1_381' title='bbox 1514 4948 1719 5018; x_wconf 85' lang='lat' dir='ltr'><strong>prolata</strong></span> <span class='ocrx_word' id='word_1_382' title='bbox 1746 4955 2028 5009; x_wconf 83' lang='lat' dir='ltr'><strong>sententia.</strong></span> <span class='ocrx_word' id='word_1_383' title='bbox 2051 4956 2104 5011; x_wconf 87' lang='lat'><strong>8.</strong></span> 
     </span>
    </p>
   </div>
   <div class='ocr_carea' id='block_1_52' title="bbox 525 5035 2111 5116">
    <p class='ocr_par' dir='ltr' id='par_1_52' title="bbox 525 5035 2111 5116">
     <span class='ocr_line' id='line_1_52' title="bbox 525 5035 2111 5116; baseline 0.008 -26"><span class='ocrx_word' id='word_1_384' title='bbox 525 5035 630 5101; x_wconf 76' lang='lat' dir='ltr'><strong>Tu,</strong></span> <span class='ocrx_word' id='word_1_385' title='bbox 653 5035 888 5104; x_wconf 78' lang='lat' dir='ltr'><strong>Domine,</strong></span> <span class='ocrx_word' id='word_1_386' title='bbox 912 5039 1130 5095; x_wconf 73' lang='lat' dir='ltr'><strong>seruabis</strong></span> <span class='ocrx_word' id='word_1_387' title='bbox 1157 5057 1268 5105; x_wconf 88' lang='lat' dir='ltr'><strong>nos,</strong></span> <span class='ocrx_word' id='word_1_388' title='bbox 1296 5051 1341 5096; x_wconf 89' lang='lat' dir='ltr'><strong>et</strong></span> <span class='ocrx_word' id='word_1_389' title='bbox 1362 5044 1612 5098; x_wconf 73' lang='lat' dir='ltr'><strong>custodias</strong></span> <span class='ocrx_word' id='word_1_390' title='bbox 1639 5061 1733 5101; x_wconf 89' lang='lat' dir='ltr'><strong>nos</strong></span> <span class='ocrx_word' id='word_1_391' title='bbox 1754 5044 1817 5098; x_wconf 83' lang='lat' dir='ltr'><strong>ab</strong></span> <span class='ocrx_word' id='word_1_392' title='bbox 1845 5045 1942 5099; x_wconf 84' lang='lat' dir='ltr'><strong>hac</strong></span> <span class='ocrx_word' id='word_1_393' title='bbox 1959 5064 2111 5116; x_wconf 87' lang='lat' dir='ltr'><strong>gene-</strong></span> 
     </span>
    </p>
   </div>
   <div class='ocr_carea' id='block_1_53' title="bbox 517 5129 2105 5211">
    <p class='ocr_par' dir='ltr' id='par_1_53' title="bbox 517 5129 2105 5211">
     <span class='ocr_line' id='line_1_53' title="bbox 517 5129 2105 5211; baseline 0.009 -29"><span class='ocrx_word' id='word_1_394' title='bbox 517 5129 715 5184; x_wconf 77' lang='lat' dir='ltr'><strong>ratione</strong></span> <span class='ocrx_word' id='word_1_395' title='bbox 738 5139 790 5185; x_wconf 85' lang='lat' dir='ltr'><strong>et</strong></span> <span class='ocrx_word' id='word_1_396' title='bbox 827 5131 881 5184; x_wconf 86' lang='lat' dir='ltr'><strong>in</strong></span> <span class='ocrx_word' id='word_1_397' title='bbox 921 5134 1182 5187; x_wconf 68' lang='lat' dir='ltr'><strong>saeculum.</strong></span> <span class='ocrx_word' id='word_1_398' title='bbox 1213 5133 1394 5203; x_wconf 84' lang='lat' dir='ltr'><strong>Alius,</strong></span> <span class='ocrx_word' id='word_1_399' title='bbox 1428 5135 1689 5194; x_wconf 85' lang='lat' dir='ltr'><strong>Custodies</strong></span> <span class='ocrx_word' id='word_1_400' title='bbox 1726 5140 1883 5211; x_wconf 84' lang='lat' dir='ltr'><strong>ipsos.</strong></span> <span class='ocrx_word' id='word_1_401' title='bbox 1915 5141 2066 5197; x_wconf 83' lang='lat' dir='ltr'><strong>Alius</strong></span> <span class='ocrx_word' id='word_1_402' title='bbox 2089 5183 2105 5210; x_wconf 96' lang='lat'><strong>,</strong></span> 
     </span>
    </p>
   </div>
   <div class='ocr_carea' id='block_1_54' title="bbox 579 5249 2104 5339">
    <p class='ocr_par' dir='ltr' id='par_1_54' title="bbox 579 5249 2104 5339">
     <span class='ocr_line' id='line_1_54' title="bbox 579 5249 2104 5339; baseline 0.001 0"><span class='ocrx_word' id='word_1_403' title='bbox 579 5264 654 5339; x_wconf 66' lang='lat' dir='ltr'><strong>te)</strong></span> <span class='ocrx_word' id='word_1_404' title='bbox 674 5249 733 5316; x_wconf 64' lang='grc' dir='ltr'><strong>τη</strong></span> <span class='ocrx_word' id='word_1_405' title='bbox 753 5272 933 5339; x_wconf 60' lang='grc' dir='ltr'><strong>τ’-φςον</strong></span> <span class='ocrx_word' id='word_1_406' title='bbox 950 5277 1055 5339; x_wconf 60' lang='grc' dir='ltr'><strong>τεξ-</strong></span> <span class='ocrx_word' id='word_1_407' title='bbox 1452 5276 1565 5339; x_wconf 58' lang='grc' dir='ltr'><strong>ηφο</strong></span> <span class='ocrx_word' id='word_1_408' title='bbox 1587 5273 1928 5339; x_wconf 68' lang='lat' dir='ltr'><strong>interpretatio</strong></span> <span class='ocrx_word' id='word_1_409' title='bbox 1945 5281 2104 5339; x_wconf 68' lang='lat' dir='ltr'><strong>Graeca</strong></span> 
     </span>
    </p>
   </div>
   <div class='ocr_carea' id='block_1_55' title="bbox 517 5327 2106 5456">
    <p class='ocr_par' dir='ltr' id='par_1_55' title="bbox 517 5327 2106 5456">
     <span class='ocr_line' id='line_1_55' title="bbox 517 5327 2106 5456; baseline 0.008 -19"><span class='ocrx_word' id='word_1_410' title='bbox 517 5327 1637 5456; x_wconf 43' lang='lat' dir='ltr'><strong>ﬁﬂmaﬂ‘ui‘é‘d‘ﬂimiiﬂi‘ism’</strong></span> <span class='ocrx_word' id='word_1_411' title='bbox 1660 5327 1805 5397; x_wconf 57' lang='lat'><strong>9““</strong></span> <span class='ocrx_word' id='word_1_412' title='bbox 1827 5338 1878 5385; x_wconf 80' lang='lat'><strong><em>“‘</em></strong></span> <span class='ocrx_word' id='word_1_413' title='bbox 1901 5338 2106 5388; x_wconf 70' lang='grc'><strong>¹¹⁸¹³⁹²³⁰</strong></span> 
     </span>
    </p>
   </div>
   <div class='ocr_carea' id='block_1_56' title="bbox 581 5447 1798 5516">
    <p class='ocr_par' dir='ltr' id='par_1_56' title="bbox 581 5447 1798 5516">
     <span class='ocr_line' id='line_1_56' title="bbox 581 5447 1798 5516; baseline 0.008 -19"><span class='ocrx_word' id='word_1_414' title='bbox 581 5447 655 5516; x_wconf 72' lang='grc' dir='ltr'><strong>(ὑ)</strong></span> <span class='ocrx_word' id='word_1_415' title='bbox 687 5447 948 5516; x_wconf 51' lang='lat' dir='ltr'><strong>locumac,</strong></span> <span class='ocrx_word' id='word_1_416' title='bbox 974 5461 1105 5516; x_wconf 55' lang='lat' dir='ltr'><strong>Mn</strong></span> <span class='ocrx_word' id='word_1_417' title='bbox 1122 5447 1265 5516; x_wconf 55' lang='lat' dir='ltr'><strong>Maps;</strong></span> <span class='ocrx_word' id='word_1_418' title='bbox 1283 5453 1418 5504; x_wconf 89' lang='lat' dir='ltr'><strong>Colb.</strong></span> <span class='ocrx_word' id='word_1_419' title='bbox 1439 5462 1492 5505; x_wconf 90' lang='lat' dir='ltr'><strong>et</strong></span> <span class='ocrx_word' id='word_1_420' title='bbox 1509 5455 1648 5505; x_wconf 83' lang='lat' dir='ltr'><strong>Savil.</strong></span> <span class='ocrx_word' id='word_1_421' title='bbox 1667 5469 1798 5507; x_wconf 66' lang='lat' dir='ltr'><strong>sum</strong></span> 
     </span>
    </p>
   </div>
   <div class='ocr_carea' id='block_1_57' title="bbox 519 5509 2104 5575">
    <p class='ocr_par' dir='ltr' id='par_1_57' title="bbox 519 5509 2104 5575">
     <span class='ocr_line' id='line_1_57' title="bbox 519 5509 2104 5575; baseline 0.009 -19"><span class='ocrx_word' id='word_1_422' title='bbox 519 5521 613 5558; x_wconf 88' lang='lat' dir='ltr'><strong>vox</strong></span> <span class='ocrx_word' id='word_1_423' title='bbox 637 5509 763 5559; x_wconf 84' lang='lat' dir='ltr'><strong>haud</strong></span> <span class='ocrx_word' id='word_1_424' title='bbox 785 5509 1029 5575; x_wconf 20' lang='lat' dir='ltr'><strong>dubiegsic</strong></span> <span class='ocrx_word' id='word_1_425' title='bbox 1051 5509 1278 5575; x_wconf 74' lang='lat' dir='ltr'><strong>legenda,</strong></span> <span class='ocrx_word' id='word_1_426' title='bbox 1295 5528 1444 5575; x_wconf 63' lang='lat' dir='ltr'><strong>mn,</strong></span> <span class='ocrx_word' id='word_1_427' title='bbox 1465 5529 1576 5566; x_wconf 88' lang='lat' dir='ltr'><strong>nam</strong></span> <span class='ocrx_word' id='word_1_428' title='bbox 1598 5519 1647 5566; x_wconf 88' lang='lat' dir='ltr'><strong>in</strong></span> <span class='ocrx_word' id='word_1_429' title='bbox 1670 5509 1994 5569; x_wconf 52' lang='lat' dir='ltr'><strong>Hebraieo&#39;sie</strong></span> <span class='ocrx_word' id='word_1_430' title='bbox 2015 5520 2104 5571; x_wconf 74' lang='lat' dir='ltr'><strong>tn-</strong></span> 
     </span>
    </p>
   </div>
   <div class='ocr_carea' id='block_1_58' title="bbox 518 5569 2100 5675">
    <p class='ocr_par' dir='ltr' id='par_1_58' title="bbox 518 5569 2100 5675">
     <span class='ocr_line' id='line_1_58' title="bbox 518 5569 2100 5675; baseline 0.01 -35"><span class='ocrx_word' id='word_1_431' title='bbox 518 5590 699 5675; x_wconf 69' lang='lat' dir='ltr'><strong>bet_ur_,</strong></span> <span class='ocrx_word' id='word_1_432' title='bbox 717 5569 867 5675; x_wconf 65' lang='grc' dir='ltr'><strong>γπνὺ</strong></span> <span class='ocrx_word' id='word_1_433' title='bbox 1093 5569 1358 5675; x_wconf 63' lang='grc' dir='ltr'>έθᾳιηάιω</span> <span class='ocrx_word' id='word_1_434' title='bbox 1383 5569 1550 5650; x_wconf 78' lang='lat' dir='ltr'><strong>vocem</strong></span> <span class='ocrx_word' id='word_1_435' title='bbox 1571 5601 1643 5651; x_wconf 89' lang='lat' dir='ltr'><strong>sic</strong></span> <span class='ocrx_word' id='word_1_436' title='bbox 1663 5569 2100 5663; x_wconf 86' lang='lat' dir='ltr'><strong>exprimunt</strong></span> 
     </span>
    </p>
   </div>
   <div class='ocr_carea' id='block_1_59' title="bbox 520 5667 2102 5742">
    <p class='ocr_par' dir='ltr' id='par_1_59' title="bbox 520 5667 2102 5742">
     <span class='ocr_line' id='line_1_59' title="bbox 520 5667 2102 5742; baseline 0.009 -25"><span class='ocrx_word' id='word_1_437' title='bbox 520 5674 573 5742; x_wconf 77' lang='lat' dir='ltr'><strong>et</strong></span> <span class='ocrx_word' id='word_1_438' title='bbox 591 5667 860 5737; x_wconf 65' lang='lat' dir='ltr'><strong>Colb.&#39;u.,,</strong></span> <span class='ocrx_word' id='word_1_439' title='bbox 1161 5673 1226 5742; x_wconf 84' lang='lat' dir='ltr'><strong>_In</strong></span> <span class='ocrx_word' id='word_1_440' title='bbox 1253 5677 1585 5742; x_wconf 74' lang='lat' dir='ltr'><strong>antiquissimo</strong></span> <span class='ocrx_word' id='word_1_441' title='bbox 1607 5677 1782 5742; x_wconf 80' lang='lat' dir='ltr'><strong>Codice</strong></span> <span class='ocrx_word' id='word_1_442' title='bbox 1806 5691 1869 5728; x_wconf 84' lang='lat' dir='ltr'><strong>ex</strong></span> <span class='ocrx_word' id='word_1_443' title='bbox 1892 5693 1990 5742; x_wconf 89' lang='lat' dir='ltr'><strong>quo</strong></span> <span class='ocrx_word' id='word_1_444' title='bbox 2010 5694 2102 5731; x_wconf 86' lang='lat' dir='ltr'><strong>ex-</strong></span> 
     </span>
    </p>
   </div>
   <div class='ocr_carea' id='block_1_60' title="bbox 517 5733 2100 5808">
    <p class='ocr_par' dir='ltr' id='par_1_60' title="bbox 517 5733 2100 5808">
     <span class='ocr_line' id='line_1_60' title="bbox 517 5733 2100 5808; baseline 0.009 -29"><span class='ocrx_word' id='word_1_445' title='bbox 517 5733 782 5808; x_wconf 42' lang='lat' dir='ltr'><strong>cerpime</strong></span> <span class='ocrx_word' id='word_1_446' title='bbox 795 5733 1080 5808; x_wconf 68' lang='lat' dir='ltr'><strong>opusculum</strong></span> <span class='ocrx_word' id='word_1_447' title='bbox 1095 5738 1316 5808; x_wconf 67' lang='lat' dir='ltr'><strong>(nigellis</strong></span> <span class='ocrx_word' id='word_1_448' title='bbox 1333 5733 1386 5808; x_wconf 59' lang='lat' dir='ltr'><strong>in&quot;</strong></span> <span class='ocrx_word' id='word_1_449' title='bbox 1402 5738 1562 5788; x_wconf 88' lang='lat' dir='ltr'><strong>fronte</strong></span> <span class='ocrx_word' id='word_1_450' title='bbox 1581 5733 1947 5808; x_wconf 73' lang='lat' dir='ltr'><strong>Hexaplorum&#39;a</strong></span> <span class='ocrx_word' id='word_1_451' title='bbox 1963 5743 2100 5799; x_wconf 86' lang='lat' dir='ltr'><strong>nobis</strong></span> 
     </span>
    </p>
   </div>
   <div class='ocr_carea' id='block_1_61' title="bbox 531 5788 1987 5871">
    <p class='ocr_par' dir='ltr' id='par_1_61' title="bbox 531 5788 1987 5871">
     <span class='ocr_line' id='line_1_61' title="bbox 531 5788 1987 5871; baseline 0.016 -34"><span class='ocrx_word' id='word_1_452' title='bbox 531 5788 719 5854; x_wconf 73' lang='lat' dir='ltr'><strong>\litum,</strong></span> <span class='ocrx_word' id='word_1_453' title='bbox 744 5808 790 5857; x_wconf 87' lang='lat' dir='ltr'><strong>p.</strong></span> <span class='ocrx_word' id='word_1_454' title='bbox 815 5788 895 5852; x_wconf 83' lang='lat' dir='ltr'><strong>8t,</strong></span> <span class='ocrx_word' id='word_1_455' title='bbox 919 5795 1026 5847; x_wconf 70' lang='lat' dir='ltr'><strong>tunc</strong></span> <span class='ocrx_word' id='word_1_456' title='bbox 1049 5809 1140 5846; x_wconf 80' lang='lat' dir='ltr'><strong>vox</strong></span> <span class='ocrx_word' id='word_1_457' title='bbox 1165 5788 1280 5871; x_wconf 49' lang='lat' dir='ltr'><strong>the:</strong></span> <span class='ocrx_word' id='word_1_458' title='bbox 1307 5803 1376 5853; x_wconf 83' lang='lat' dir='ltr'><strong>sic</strong></span> <span class='ocrx_word' id='word_1_459' title='bbox 1396 5809 1559 5854; x_wconf 61' lang='grc' dir='ltr'><strong>(τηεσε</strong></span> <span class='ocrx_word' id='word_1_460' title='bbox 1580 5788 1885 5865; x_wconf 57' lang='lat' dir='ltr'><strong>exprimitur.</strong></span> <span class='ocrx_word' id='word_1_461' title='bbox 1910 5788 1987 5865; x_wconf 58' lang='lat'><strong>4;</strong></span> 
     </span>
    </p>
   </div>
   <div class='ocr_carea' id='block_1_62' title="bbox 1809 5461 2103 5519">
    <p class='ocr_par' dir='ltr' id='par_1_62' title="bbox 1809 5461 2103 5519">
     <span class='ocr_line' id='line_1_62' title="bbox 1809 5461 2103 5519; baseline 0.007 -12"><span class='ocrx_word' id='word_1_462' title='bbox 1809 5470 1934 5519; x_wconf 55' lang='lat' dir='ltr'><strong>tu“.</strong></span> <span class='ocrx_word' id='word_1_463' title='bbox 1950 5461 2103 5509; x_wconf 84' lang='lat' dir='ltr'><strong>Prima</strong></span> 
     </span>
    </p>
   </div>
   <div class='ocr_carea' id='block_1_63' title="bbox 1204 369 3042 432">
    <p class='ocr_par' dir='ltr' id='par_1_63' title="bbox 1204 369 3042 432">
     <span class='ocr_line' id='line_1_63' title="bbox 1204 369 3042 432; baseline -0.003 -2"><span class='ocrx_word' id='word_1_464' title='bbox 1204 376 1259 430; x_wconf 89' lang='lat' dir='ltr'><strong>S.</strong></span> <span class='ocrx_word' id='word_1_465' title='bbox 1299 373 1581 432; x_wconf 68' lang='lat' dir='ltr'><strong>JOANNIS</strong></span> <span class='ocrx_word' id='word_1_466' title='bbox 1617 371 2097 430; x_wconf 71' lang='lat' dir='ltr'><strong>CIIRYSOSTOMI</strong></span> <span class='ocrx_word' id='word_1_467' title='bbox 2139 369 2459 426; x_wconf 80' lang='lat' dir='ltr'><strong>ARCHIEP.</strong></span> <span class='ocrx_word' id='word_1_468' title='bbox 2502 369 3042 429; x_wconf 76' lang='lat' dir='ltr'><strong>CONSTA’NTINOP.</strong></span> 
     </span>
    </p>
   </div>
   <div class='ocr_carea' id='block_1_64' title="bbox 3761 371 3872 430">
    <p class='ocr_par' dir='ltr' id='par_1_64' title="bbox 3761 371 3872 430">
     <span class='ocr_line' id='line_1_64' title="bbox 3761 371 3872 430; baseline 0 -1"><span class='ocrx_word' id='word_1_469' title='bbox 3761 371 3872 430; x_wconf 58' lang='lat' dir='ltr'><strong>Hi</strong></span> 
     </span>
    </p>
   </div>
   <div class='ocr_carea' id='block_1_65' title="bbox 2265 481 3874 554">
    <p class='ocr_par' dir='ltr' id='par_1_65' title="bbox 2265 481 3874 554">
     <span class='ocr_line' id='line_1_65' title="bbox 2265 481 3874 554; baseline 0.002 -16"><span class='ocrx_word' id='word_1_470' title='bbox 2265 481 2526 538; x_wconf 83' lang='lat' dir='ltr'><strong>Custodies</strong></span> <span class='ocrx_word' id='word_1_471' title='bbox 2553 482 2666 548; x_wconf 84' lang='lat' dir='ltr'><strong>ipsa</strong></span> <span class='ocrx_word' id='word_1_472' title='bbox 2685 524 2700 546; x_wconf 91' lang='lat'><strong>,</strong></span> <span class='ocrx_word' id='word_1_473' title='bbox 2730 494 2775 536; x_wconf 90' lang='lat' dir='ltr'><strong>et</strong></span> <span class='ocrx_word' id='word_1_474' title='bbox 2801 483 3114 538; x_wconf 71' lang='lat' dir='ltr'><strong>conservabit</strong></span> <span class='ocrx_word' id='word_1_475' title='bbox 3141 499 3234 538; x_wconf 84' lang='lat' dir='ltr'><strong>nos</strong></span> <span class='ocrx_word' id='word_1_476' title='bbox 3255 483 3316 537; x_wconf 81' lang='lat' dir='ltr'><strong>ab</strong></span> <span class='ocrx_word' id='word_1_477' title='bbox 3344 484 3444 538; x_wconf 80' lang='lat' dir='ltr'><strong>ltac</strong></span> <span class='ocrx_word' id='word_1_478' title='bbox 3467 484 3798 554; x_wconf 72' lang='lat' dir='ltr'><strong>generatione</strong></span> <span class='ocrx_word' id='word_1_479' title='bbox 3820 495 3874 541; x_wconf 77' lang='lat' dir='ltr'><strong>et</strong></span> 
     </span>
    </p>
   </div>
   <div class='ocr_carea' id='block_1_66' title="bbox 2257 574 3869 647">
    <p class='ocr_par' dir='ltr' id='par_1_66' title="bbox 2257 574 3869 647">
     <span class='ocr_line' id='line_1_66' title="bbox 2257 574 3869 647; baseline 0.002 -18"><span class='ocrx_word' id='word_1_480' title='bbox 2257 576 2310 629; x_wconf 88' lang='lat' dir='ltr'><strong>in</strong></span> <span class='ocrx_word' id='word_1_481' title='bbox 2338 576 2596 631; x_wconf 66' lang='lat' dir='ltr'><strong>naculum.</strong></span> <span class='ocrx_word' id='word_1_482' title='bbox 2641 575 2808 639; x_wconf 78' lang='lat' dir='ltr'><strong>Alius,</strong></span> <span class='ocrx_word' id='word_1_483' title='bbox 2832 574 2958 630; x_wconf 84' lang='lat' dir='ltr'><strong>Cum</strong></span> <span class='ocrx_word' id='word_1_484' title='bbox 2987 577 3336 647; x_wconf 80' lang='lat' dir='ltr'><strong>generatione,</strong></span> <span class='ocrx_word' id='word_1_485' title='bbox 3364 593 3479 646; x_wconf 82' lang='lat' dir='ltr'><strong>qua:</strong></span> <span class='ocrx_word' id='word_1_486' title='bbox 3502 587 3578 632; x_wconf 86' lang='lat' dir='ltr'><strong>est</strong></span> <span class='ocrx_word' id='word_1_487' title='bbox 3613 578 3668 631; x_wconf 86' lang='lat' dir='ltr'><strong>in</strong></span> <span class='ocrx_word' id='word_1_488' title='bbox 3695 593 3869 634; x_wconf 56' lang='lat' dir='ltr'><strong>mu-</strong></span> 
     </span>
    </p>
   </div>
   <div class='ocr_carea' id='block_1_67' title="bbox 2256 665 3869 736">
    <p class='ocr_par' dir='ltr' id='par_1_67' title="bbox 2256 665 3869 736">
     <span class='ocr_line' id='line_1_67' title="bbox 2256 665 3869 736; baseline 0.002 -16"><span class='ocrx_word' id='word_1_489' title='bbox 2256 666 2380 720; x_wconf 84' lang='lat' dir='ltr'><strong>lum.</strong></span> <span class='ocrx_word' id='word_1_490' title='bbox 2407 666 2462 722; x_wconf 86' lang='lat'><strong>9.</strong></span> <span class='ocrx_word' id='word_1_491' title='bbox 2493 665 2558 727; x_wconf 83' lang='lat' dir='ltr'><strong>In</strong></span> <span class='ocrx_word' id='word_1_492' title='bbox 2582 666 2791 720; x_wconf 81' lang='lat' dir='ltr'><strong>circuitu</strong></span> <span class='ocrx_word' id='word_1_493' title='bbox 2812 666 2958 736; x_wconf 82' lang='lat' dir='ltr'><strong>impii</strong></span> <span class='ocrx_word' id='word_1_494' title='bbox 2983 666 3267 734; x_wconf 63' lang='lat' dir='ltr'><strong>amqulant.</strong></span> <span class='ocrx_word' id='word_1_495' title='bbox 3290 667 3460 734; x_wconf 80' lang='lat' dir='ltr'><strong>Alius,</strong></span> <span class='ocrx_word' id='word_1_496' title='bbox 3488 667 3869 723; x_wconf 72' lang='lat' dir='ltr'><strong>Ambulabuut.</strong></span> 
     </span>
    </p>
   </div>
   <div class='ocr_carea' id='block_1_68' title="bbox 2256 757 3874 827">
    <p class='ocr_par' dir='ltr' id='par_1_68' title="bbox 2256 757 3874 827">
     <span class='ocr_line' id='line_1_68' title="bbox 2256 757 3874 827; baseline 0.003 -16"><span class='ocrx_word' id='word_1_497' title='bbox 2256 757 2436 821; x_wconf 78' lang='lat' dir='ltr'><strong>Alius,</strong></span> <span class='ocrx_word' id='word_1_498' title='bbox 2467 757 2533 813; x_wconf 87' lang='lat' dir='ltr'><strong>In</strong></span> <span class='ocrx_word' id='word_1_499' title='bbox 2575 758 2792 811; x_wconf 77' lang='lat' dir='ltr'><strong>circuitu</strong></span> <span class='ocrx_word' id='word_1_500' title='bbox 2839 757 3112 827; x_wconf 83' lang='lat' dir='ltr'><strong>impiorum</strong></span> <span class='ocrx_word' id='word_1_501' title='bbox 3166 757 3516 813; x_wconf 71' lang='lat' dir='ltr'><strong>ambulabunt.</strong></span> <span class='ocrx_word' id='word_1_502' title='bbox 3561 759 3874 816; x_wconf 62' lang='lat' dir='ltr'><strong>Secundum</strong></span> 
     </span>
    </p>
   </div>
   <div class='ocr_carea' id='block_1_69' title="bbox 2253 849 3873 921">
    <p class='ocr_par' dir='ltr' id='par_1_69' title="bbox 2253 849 3873 921">
     <span class='ocr_line' id='line_1_69' title="bbox 2253 849 3873 921; baseline 0.004 -20"><span class='ocrx_word' id='word_1_503' title='bbox 2253 849 2571 919; x_wconf 80' lang='lat' dir='ltr'><strong>altitudinem</strong></span> <span class='ocrx_word' id='word_1_504' title='bbox 2612 858 2753 903; x_wconf 87' lang='lat' dir='ltr'><strong>tuam</strong></span> <span class='ocrx_word' id='word_1_505' title='bbox 2789 849 3150 919; x_wconf 82' lang='lat' dir='ltr'><strong>multiplicasti‘</strong></span> <span class='ocrx_word' id='word_1_506' title='bbox 3185 852 3320 920; x_wconf 75' lang='lat' dir='ltr'><strong>ﬁlios</strong></span> <span class='ocrx_word' id='word_1_507' title='bbox 3363 851 3647 907; x_wconf 67' lang='lat' dir='ltr'><strong>hominum.</strong></span> <span class='ocrx_word' id='word_1_508' title='bbox 3680 853 3873 921; x_wconf 69' lang='lat' dir='ltr'><strong>Alius,</strong></span> 
     </span>
    </p>
   </div>
   <div class='ocr_carea' id='block_1_70' title="bbox 2257 939 3872 1013">
    <p class='ocr_par' dir='ltr' id='par_1_70' title="bbox 2257 939 3872 1013">
     <span class='ocr_line' id='line_1_70' title="bbox 2257 939 3872 1013; baseline 0.004 -20"><span class='ocrx_word' id='word_1_509' title='bbox 2257 939 2476 1006; x_wconf 82' lang='lat' dir='ltr'><strong>Quando</strong></span> <span class='ocrx_word' id='word_1_510' title='bbox 2500 941 2707 994; x_wconf 77' lang='lat' dir='ltr'><strong>mltati</strong></span> <span class='ocrx_word' id='word_1_511' title='bbox 2733 943 2923 1013; x_wconf 80' lang='lat' dir='ltr'><strong>fuerint</strong></span> <span class='ocrx_word' id='word_1_512' title='bbox 2951 942 3072 997; x_wconf 73' lang='lat' dir='ltr'><strong>viles</strong></span> <span class='ocrx_word' id='word_1_513' title='bbox 3092 942 3320 1012; x_wconf 66' lang='lat' dir='ltr'><strong>filiorum</strong></span> <span class='ocrx_word' id='word_1_514' title='bbox 3349 943 3632 999; x_wconf 79' lang='lat' dir='ltr'><strong>hominum.</strong></span> <span class='ocrx_word' id='word_1_515' title='bbox 3663 943 3829 1000; x_wconf 80' lang='lat' dir='ltr'><strong>Alius</strong></span> <span class='ocrx_word' id='word_1_516' title='bbox 3853 983 3872 1012; x_wconf 95' lang='lat'><strong>,</strong></span> 
     </span>
    </p>
   </div>
   <div class='ocr_carea' id='block_1_71' title="bbox 2252 1032 3872 1104">
    <p class='ocr_par' dir='ltr' id='par_1_71' title="bbox 2252 1032 3872 1104">
     <span class='ocr_line' id='line_1_71' title="bbox 2252 1032 3872 1104; baseline 0.002 -17"><span class='ocrx_word' id='word_1_517' title='bbox 2252 1032 2546 1088; x_wconf 82' lang='lat' dir='ltr'><strong>Secundum</strong></span> <span class='ocrx_word' id='word_1_518' title='bbox 2574 1034 2892 1087; x_wconf 79' lang='lat' dir='ltr'><strong>altitudinem</strong></span> <span class='ocrx_word' id='word_1_519' title='bbox 2920 1049 3076 1103; x_wconf 78' lang='lat' dir='ltr'><strong>paruo</strong></span> <span class='ocrx_word' id='word_1_520' title='bbox 3102 1035 3256 1104; x_wconf 82' lang='lat' dir='ltr'><strong>empti</strong></span> <span class='ocrx_word' id='word_1_521' title='bbox 3279 1034 3401 1103; x_wconf 75' lang='lat' dir='ltr'><strong>ﬁliis</strong></span> <span class='ocrx_word' id='word_1_522' title='bbox 3428 1034 3717 1089; x_wconf 72' lang='lat' dir='ltr'><strong>honrinunt.</strong></span> <span class='ocrx_word' id='word_1_523' title='bbox 3753 1035 3872 1092; x_wconf 76' lang='lat' dir='ltr'><strong>lle-</strong></span> 
     </span>
    </p>
   </div>
   <div class='ocr_carea' id='block_1_72' title="bbox 2249 1123 3866 1198">
    <p class='ocr_par' dir='ltr' id='par_1_72' title="bbox 2249 1123 3866 1198">
     <span class='ocr_line' id='line_1_72' title="bbox 2249 1123 3866 1198; baseline 0.001 -19"><span class='ocrx_word' id='word_1_524' title='bbox 2249 1123 2428 1180; x_wconf 72' lang='lat' dir='ltr'><strong>bra&#39;eus</strong></span> <span class='ocrx_word' id='word_1_525' title='bbox 2455 1133 2655 1190; x_wconf 73' lang='lat' dir='ltr'><strong>autem,</strong></span> <span class='ocrx_word' id='word_1_526' title='bbox 2689 1125 2879 1180; x_wconf 84' lang='lat' dir='ltr'><strong>Charm</strong></span> <span class='ocrx_word' id='word_1_527' title='bbox 2898 1123 3088 1178; x_wconf 76' lang='grc' dir='ltr'>ιοιιοιΙι</span> <span class='ocrx_word' id='word_1_528' title='bbox 3118 1124 3263 1180; x_wconf 76' lang='lat' dir='ltr'><strong>leone</strong></span> <span class='ocrx_word' id='word_1_529' title='bbox 3285 1124 3454 1179; x_wconf 78' lang='lat' dir='ltr'><strong>Adam</strong></span> <span class='ocrx_word' id='word_1_530' title='bbox 3475 1123 3576 1198; x_wconf 90' lang='lat' dir='ltr'><strong>(a).</strong></span> <span class='ocrx_word' id='word_1_531' title='bbox 3606 1125 3709 1193; x_wconf 82' lang='lat' dir='ltr'><strong>Tu,</strong></span> <span class='ocrx_word' id='word_1_532' title='bbox 3751 1125 3866 1181; x_wconf 89' lang='lat' dir='ltr'><strong>Do-</strong></span> 
     </span>
    </p>
   </div>
   <div class='ocr_carea' id='block_1_73' title="bbox 2249 1217 3870 1284">
    <p class='ocr_par' dir='ltr' id='par_1_73' title="bbox 2249 1217 3870 1284">
     <span class='ocr_line' id='line_1_73' title="bbox 2249 1217 3870 1284; baseline 0.004 -16"><span class='ocrx_word' id='word_1_533' title='bbox 2249 1217 2384 1271; x_wconf 84' lang='lat' dir='ltr'><strong>mine</strong></span> <span class='ocrx_word' id='word_1_534' title='bbox 2401 1259 2415 1281; x_wconf 91' lang='lat'><strong>,</strong></span> <span class='ocrx_word' id='word_1_535' title='bbox 2437 1217 2688 1272; x_wconf 64' lang='lat' dir='ltr'><strong>custodiet</strong></span> <span class='ocrx_word' id='word_1_536' title='bbox 2714 1234 2806 1272; x_wconf 87' lang='lat' dir='ltr'><strong>nos</strong></span> <span class='ocrx_word' id='word_1_537' title='bbox 2822 1258 2838 1284; x_wconf 93' lang='lat'><strong>,</strong></span> <span class='ocrx_word' id='word_1_538' title='bbox 2870 1227 2919 1272; x_wconf 87' lang='lat' dir='ltr'><strong>et</strong></span> <span class='ocrx_word' id='word_1_539' title='bbox 2943 1218 3262 1273; x_wconf 79' lang='lat' dir='ltr'><strong>conseroabis</strong></span> <span class='ocrx_word' id='word_1_540' title='bbox 3289 1235 3398 1274; x_wconf 84' lang='lat' dir='ltr'><strong>nos.</strong></span> <span class='ocrx_word' id='word_1_541' title='bbox 3429 1217 3567 1274; x_wconf 76' lang='lat' dir='ltr'><strong>Vide</strong></span> <span class='ocrx_word' id='word_1_542' title='bbox 3593 1235 3721 1274; x_wconf 89' lang='lat' dir='ltr'><strong>eum</strong></span> <span class='ocrx_word' id='word_1_543' title='bbox 3751 1219 3870 1275; x_wconf 80' lang='lat' dir='ltr'><strong>fre-</strong></span> 
     </span>
    </p>
   </div>
   <div class='ocr_carea' id='block_1_74' title="bbox 2245 1307 3871 1379">
    <p class='ocr_par' dir='ltr' id='par_1_74' title="bbox 2245 1307 3871 1379">
     <span class='ocr_line' id='line_1_74' title="bbox 2245 1307 3871 1379; baseline 0.002 -19"><span class='ocrx_word' id='word_1_544' title='bbox 2245 1317 2493 1376; x_wconf 89' lang='lat' dir='ltr'><strong>quenter,</strong></span> <span class='ocrx_word' id='word_1_545' title='bbox 2524 1307 2633 1363; x_wconf 91' lang='lat' dir='ltr'><strong>imo</strong></span> <span class='ocrx_word' id='word_1_546' title='bbox 2662 1322 2791 1364; x_wconf 89' lang='lat' dir='ltr'><strong>vero</strong></span> <span class='ocrx_word' id='word_1_547' title='bbox 2819 1307 3034 1364; x_wconf 85' lang='lat' dir='ltr'><strong>assidue</strong></span> <span class='ocrx_word' id='word_1_548' title='bbox 3062 1308 3129 1363; x_wconf 90' lang='lat' dir='ltr'><strong>ad</strong></span> <span class='ocrx_word' id='word_1_549' title='bbox 3165 1308 3332 1365; x_wconf 87' lang='lat' dir='ltr'><strong>Deum</strong></span> <span class='ocrx_word' id='word_1_550' title='bbox 3359 1307 3676 1379; x_wconf 72' lang='lat' dir='ltr'><strong>confugere,</strong></span> <span class='ocrx_word' id='word_1_551' title='bbox 3704 1319 3767 1366; x_wconf 88' lang='lat' dir='ltr'><strong>et</strong></span> <span class='ocrx_word' id='word_1_552' title='bbox 3791 1308 3871 1366; x_wconf 78' lang='lat' dir='ltr'><strong>ab</strong></span> 
     </span>
    </p>
   </div>
   <div class='ocr_carea' id='block_1_75' title="bbox 2245 1397 3868 1470">
    <p class='ocr_par' dir='ltr' id='par_1_75' title="bbox 2245 1397 3868 1470">
     <span class='ocr_line' id='line_1_75' title="bbox 2245 1397 3868 1470; baseline 0.004 -19"><span class='ocrx_word' id='word_1_553' title='bbox 2245 1410 2315 1451; x_wconf 86' lang='lat' dir='ltr'><strong>eo</strong></span> <span class='ocrx_word' id='word_1_554' title='bbox 2342 1397 2598 1453; x_wconf 83' lang='lat' dir='ltr'><strong>auxilium</strong></span> <span class='ocrx_word' id='word_1_555' title='bbox 2642 1407 2870 1466; x_wconf 85' lang='lat' dir='ltr'><strong>petere:</strong></span> <span class='ocrx_word' id='word_1_556' title='bbox 2903 1408 2990 1454; x_wconf 88' lang='lat' dir='ltr'><strong>est</strong></span> <span class='ocrx_word' id='word_1_557' title='bbox 3029 1399 3173 1454; x_wconf 90' lang='lat' dir='ltr'><strong>enim</strong></span> <span class='ocrx_word' id='word_1_558' title='bbox 3215 1400 3650 1470; x_wconf 87' lang='lat' dir='ltr'><strong>potentissimum</strong></span> <span class='ocrx_word' id='word_1_559' title='bbox 3700 1402 3868 1457; x_wconf 81' lang='lat' dir='ltr'><strong>auxi-</strong></span> 
     </span>
    </p>
   </div>
   <div class='ocr_carea' id='block_1_76' title="bbox 2244 1487 3860 1563">
    <p class='ocr_par' dir='ltr' id='par_1_76' title="bbox 2244 1487 3860 1563">
     <span class='ocr_line' id='line_1_76' title="bbox 2244 1487 3860 1563; baseline 0.004 -21"><span class='ocrx_word' id='word_1_560' title='bbox 2244 1487 2406 1554; x_wconf 88' lang='lat' dir='ltr'><strong>lium,</strong></span> <span class='ocrx_word' id='word_1_561' title='bbox 2436 1487 2579 1558; x_wconf 86' lang='lat' dir='ltr'><strong>quod</strong></span> <span class='ocrx_word' id='word_1_562' title='bbox 2621 1490 2767 1545; x_wconf 90' lang='lat' dir='ltr'><strong>nullo</strong></span> <span class='ocrx_word' id='word_1_563' title='bbox 2807 1499 3050 1560; x_wconf 87' lang='lat' dir='ltr'><strong>tempore</strong></span> <span class='ocrx_word' id='word_1_564' title='bbox 3092 1491 3514 1563; x_wconf 86' lang='lat' dir='ltr'><strong>interrumpitur.</strong></span> <span class='ocrx_word' id='word_1_565' title='bbox 3565 1489 3729 1548; x_wconf 84' lang='lat' dir='ltr'><strong>Nulla</strong></span> <span class='ocrx_word' id='word_1_566' title='bbox 3770 1508 3860 1559; x_wconf 87' lang='lat' dir='ltr'><strong>re,</strong></span> 
     </span>
    </p>
   </div>
   <div class='ocr_carea' id='block_1_77' title="bbox 2243 1577 3860 1653">
    <p class='ocr_par' dir='ltr' id='par_1_77' title="bbox 2243 1577 3860 1653">
     <span class='ocr_line' id='line_1_77' title="bbox 2243 1577 3860 1653; baseline 0.003 -21"><span class='ocrx_word' id='word_1_567' title='bbox 2243 1577 2450 1647; x_wconf 85' lang='lat' dir='ltr'><strong>inquit,</strong></span> <span class='ocrx_word' id='word_1_568' title='bbox 2480 1579 2712 1636; x_wconf 88' lang='lat' dir='ltr'><strong>humana</strong></span> <span class='ocrx_word' id='word_1_569' title='bbox 2751 1597 2886 1651; x_wconf 90' lang='lat' dir='ltr'><strong>opus</strong></span> <span class='ocrx_word' id='word_1_570' title='bbox 2925 1581 3206 1637; x_wconf 82' lang='lat' dir='ltr'><strong>habemus.</strong></span> <span class='ocrx_word' id='word_1_571' title='bbox 3232 1582 3314 1637; x_wconf 84' lang='lat' dir='ltr'><strong>Tu</strong></span> <span class='ocrx_word' id='word_1_572' title='bbox 3357 1581 3502 1638; x_wconf 88' lang='lat' dir='ltr'><strong>enim</strong></span> <span class='ocrx_word' id='word_1_573' title='bbox 3528 1596 3624 1650; x_wconf 89' lang='lat' dir='ltr'><strong>es,</strong></span> <span class='ocrx_word' id='word_1_574' title='bbox 3652 1582 3860 1653; x_wconf 88' lang='lat' dir='ltr'><strong>inquit,</strong></span> 
     </span>
    </p>
   </div>
   <div class='ocr_carea' id='block_1_78' title="bbox 2241 1671 3860 1742">
    <p class='ocr_par' dir='ltr' id='par_1_78' title="bbox 2241 1671 3860 1742">
     <span class='ocr_line' id='line_1_78' title="bbox 2241 1671 3860 1742; baseline 0.005 -21"><span class='ocrx_word' id='word_1_575' title='bbox 2241 1671 2331 1739; x_wconf 90' lang='lat' dir='ltr'><strong>qui</strong></span> <span class='ocrx_word' id='word_1_576' title='bbox 2356 1681 2619 1742; x_wconf 87' lang='lat' dir='ltr'><strong>perpetuo</strong></span> <span class='ocrx_word' id='word_1_577' title='bbox 2641 1671 2898 1728; x_wconf 82' lang='lat' dir='ltr'><strong>custodis.</strong></span> <span class='ocrx_word' id='word_1_578' title='bbox 2919 1671 3058 1740; x_wconf 86' lang='lat' dir='ltr'><strong>Quid</strong></span> <span class='ocrx_word' id='word_1_579' title='bbox 3085 1680 3167 1728; x_wconf 87' lang='lat' dir='ltr'><strong>est</strong></span> <span class='ocrx_word' id='word_1_580' title='bbox 3184 1680 3384 1737; x_wconf 88' lang='lat' dir='ltr'><strong>autem,</strong></span> <span class='ocrx_word' id='word_1_581' title='bbox 3407 1671 3478 1728; x_wconf 81' lang='lat' dir='ltr'><strong>In</strong></span> <span class='ocrx_word' id='word_1_582' title='bbox 3505 1673 3724 1736; x_wconf 74' lang='lat' dir='ltr'><strong>circuitu</strong></span> <span class='ocrx_word' id='word_1_583' title='bbox 3749 1675 3860 1729; x_wconf 84' lang='lat' dir='ltr'><strong>int-</strong></span> 
     </span>
    </p>
   </div>
   <div class='ocr_carea' id='block_1_79' title="bbox 2244 1760 3859 1835">
    <p class='ocr_par' dir='ltr' id='par_1_79' title="bbox 2244 1760 3859 1835">
     <span class='ocr_line' id='line_1_79' title="bbox 2244 1760 3859 1835; baseline 0.007 -24"><span class='ocrx_word' id='word_1_584' title='bbox 2244 1760 2317 1828; x_wconf 86' lang='lat' dir='ltr'><strong>pii</strong></span> <span class='ocrx_word' id='word_1_585' title='bbox 2354 1760 2660 1815; x_wconf 65' lang='lat' dir='ltr'><strong>articulant!</strong></span> <span class='ocrx_word' id='word_1_586' title='bbox 2685 1761 2992 1817; x_wconf 89' lang='lat' dir='ltr'><strong>Secundum</strong></span> <span class='ocrx_word' id='word_1_587' title='bbox 3017 1761 3368 1834; x_wconf 76' lang='lat' dir='ltr'><strong>Septuaginta</strong></span> <span class='ocrx_word' id='word_1_588' title='bbox 3409 1764 3629 1835; x_wconf 89' lang='lat' dir='ltr'><strong>quidem</strong></span> <span class='ocrx_word' id='word_1_589' title='bbox 3662 1765 3736 1820; x_wconf 85' lang='lat' dir='ltr'><strong>ita</strong></span> <span class='ocrx_word' id='word_1_590' title='bbox 3764 1766 3859 1822; x_wconf 85' lang='lat' dir='ltr'><strong>di-</strong></span> 
     </span>
    </p>
   </div>
   <div class='ocr_carea' id='block_1_80' title="bbox 2241 1851 3858 1923">
    <p class='ocr_par' dir='ltr' id='par_1_80' title="bbox 2241 1851 3858 1923">
     <span class='ocr_line' id='line_1_80' title="bbox 2241 1851 3858 1923; baseline 0.007 -20"><span class='ocrx_word' id='word_1_591' title='bbox 2241 1851 2468 1905; x_wconf 88' lang='lat' dir='ltr'><strong>cendum</strong></span> <span class='ocrx_word' id='word_1_592' title='bbox 2521 1861 2650 1906; x_wconf 87' lang='lat' dir='ltr'><strong>est:</strong></span> <span class='ocrx_word' id='word_1_593' title='bbox 2703 1851 2926 1908; x_wconf 79' lang='lat' dir='ltr'><strong>Etiamsi</strong></span> <span class='ocrx_word' id='word_1_594' title='bbox 2966 1853 3114 1923; x_wconf 89' lang='lat' dir='ltr'><strong>impii</strong></span> <span class='ocrx_word' id='word_1_595' title='bbox 3161 1867 3260 1909; x_wconf 90' lang='lat' dir='ltr'><strong>nos</strong></span> <span class='ocrx_word' id='word_1_596' title='bbox 3300 1854 3651 1911; x_wconf 88' lang='lat' dir='ltr'><strong>circumcirca</strong></span> <span class='ocrx_word' id='word_1_597' title='bbox 3700 1855 3858 1914; x_wconf 84' lang='lat' dir='ltr'><strong>obsi-</strong></span> 
     </span>
    </p>
   </div>
   <div class='ocr_carea' id='block_1_81' title="bbox 2239 1939 3857 2014">
    <p class='ocr_par' dir='ltr' id='par_1_81' title="bbox 2239 1939 3857 2014">
     <span class='ocr_line' id='line_1_81' title="bbox 2239 1939 3857 2014; baseline 0.006 -20"><span class='ocrx_word' id='word_1_598' title='bbox 2239 1939 2578 2006; x_wconf 78' lang='lat' dir='ltr'><strong>deant,niliil</strong></span> <span class='ocrx_word' id='word_1_599' title='bbox 2616 1946 2779 2012; x_wconf 82' lang='lat' dir='ltr'><strong>grave</strong></span> <span class='ocrx_word' id='word_1_600' title='bbox 2807 1942 3070 2012; x_wconf 88' lang='lat' dir='ltr'><strong>patiemur</strong></span> <span class='ocrx_word' id='word_1_601' title='bbox 3095 1958 3110 1994; x_wconf 91' lang='lat'><strong>:</strong></span> <span class='ocrx_word' id='word_1_602' title='bbox 3143 1957 3243 1998; x_wconf 89' lang='lat' dir='ltr'><strong>nos</strong></span> <span class='ocrx_word' id='word_1_603' title='bbox 3267 1943 3411 1999; x_wconf 89' lang='lat' dir='ltr'><strong>enim</strong></span> <span class='ocrx_word' id='word_1_604' title='bbox 3446 1959 3765 2014; x_wconf 83' lang='lat' dir='ltr'><strong>conservas,</strong></span> <span class='ocrx_word' id='word_1_605' title='bbox 3794 1957 3857 2004; x_wconf 87' lang='lat' dir='ltr'><strong>et</strong></span> 
     </span>
    </p>
   </div>
   <div class='ocr_carea' id='block_1_82' title="bbox 2237 2031 3852 2104">
    <p class='ocr_par' dir='ltr' id='par_1_82' title="bbox 2237 2031 3852 2104">
     <span class='ocr_line' id='line_1_82' title="bbox 2237 2031 3852 2104; baseline 0.007 -18"><span class='ocrx_word' id='word_1_606' title='bbox 2237 2031 2466 2096; x_wconf 85' lang='lat' dir='ltr'><strong>extollis,</strong></span> <span class='ocrx_word' id='word_1_607' title='bbox 2494 2033 2774 2104; x_wconf 82' lang='lat' dir='ltr'><strong>clarosque</strong></span> <span class='ocrx_word' id='word_1_608' title='bbox 2799 2043 2854 2089; x_wconf 91' lang='lat' dir='ltr'><strong>et</strong></span> <span class='ocrx_word' id='word_1_609' title='bbox 2878 2034 3114 2090; x_wconf 88' lang='lat' dir='ltr'><strong>illustres</strong></span> <span class='ocrx_word' id='word_1_610' title='bbox 3138 2034 3339 2090; x_wconf 83' lang='lat' dir='ltr'><strong>reddis.</strong></span> <span class='ocrx_word' id='word_1_611' title='bbox 3368 2037 3424 2091; x_wconf 86' lang='lat' dir='ltr'><strong>Si</strong></span> <span class='ocrx_word' id='word_1_612' title='bbox 3450 2037 3616 2093; x_wconf 86' lang='lat' dir='ltr'><strong>alium</strong></span> <span class='ocrx_word' id='word_1_613' title='bbox 3660 2051 3852 2097; x_wconf 84' lang='lat' dir='ltr'><strong>autem</strong></span> 
     </span>
    </p>
   </div>
   <div class='ocr_carea' id='block_1_83' title="bbox 2236 2122 3850 2198">
    <p class='ocr_par' dir='ltr' id='par_1_83' title="bbox 2236 2122 3850 2198">
     <span class='ocr_line' id='line_1_83' title="bbox 2236 2122 3850 2198; baseline 0.006 -22"><span class='ocrx_word' id='word_1_614' title='bbox 2236 2122 2588 2191; x_wconf 87' lang='lat' dir='ltr'><strong>interpretem</strong></span> <span class='ocrx_word' id='word_1_615' title='bbox 2619 2137 2926 2193; x_wconf 85' lang='lat' dir='ltr'><strong>sequamur,</strong></span> <span class='ocrx_word' id='word_1_616' title='bbox 2946 2124 3047 2179; x_wconf 83' lang='lat' dir='ltr'><strong>hoc</strong></span> <span class='ocrx_word' id='word_1_617' title='bbox 3066 2122 3354 2180; x_wconf 89' lang='lat' dir='ltr'><strong>dicendum</strong></span> <span class='ocrx_word' id='word_1_618' title='bbox 3385 2134 3471 2182; x_wconf 88' lang='lat' dir='ltr'><strong>est</strong></span> <span class='ocrx_word' id='word_1_619' title='bbox 3498 2146 3512 2179; x_wconf 86' lang='lat'><strong>:</strong></span> <span class='ocrx_word' id='word_1_620' title='bbox 3543 2128 3700 2198; x_wconf 91' lang='lat' dir='ltr'><strong>lmpii</strong></span> <span class='ocrx_word' id='word_1_621' title='bbox 3743 2146 3850 2186; x_wconf 80' lang='lat' dir='ltr'><strong>ex-</strong></span> 
     </span>
    </p>
   </div>
   <div class='ocr_carea' id='block_1_84' title="bbox 2237 2215 3846 2286">
    <p class='ocr_par' dir='ltr' id='par_1_84' title="bbox 2237 2215 3846 2286">
     <span class='ocr_line' id='line_1_84' title="bbox 2237 2215 3846 2286; baseline 0.006 -18"><span class='ocrx_word' id='word_1_622' title='bbox 2237 2215 2537 2279; x_wconf 90' lang='lat' dir='ltr'><strong>trudentur,</strong></span> <span class='ocrx_word' id='word_1_623' title='bbox 2554 2215 2772 2286; x_wconf 86' lang='lat' dir='ltr'><strong>quando</strong></span> <span class='ocrx_word' id='word_1_624' title='bbox 2796 2215 2930 2270; x_wconf 79' lang='lat' dir='ltr'><strong>viles</strong></span> <span class='ocrx_word' id='word_1_625' title='bbox 2955 2232 3020 2272; x_wconf 89' lang='lat' dir='ltr'><strong>ex</strong></span> <span class='ocrx_word' id='word_1_626' title='bbox 3052 2216 3171 2272; x_wconf 88' lang='lat' dir='ltr'><strong>filiis</strong></span> <span class='ocrx_word' id='word_1_627' title='bbox 3192 2217 3466 2275; x_wconf 89' lang='lat' dir='ltr'><strong>hominum</strong></span> <span class='ocrx_word' id='word_1_628' title='bbox 3492 2221 3846 2280; x_wconf 87' lang='lat' dir='ltr'><strong>exaltaveris.</strong></span> 
     </span>
    </p>
   </div>
   <div class='ocr_carea' id='block_1_85' title="bbox 2236 2303 3850 2378">
    <p class='ocr_par' dir='ltr' id='par_1_85' title="bbox 2236 2303 3850 2378">
     <span class='ocr_line' id='line_1_85' title="bbox 2236 2303 3850 2378; baseline 0.006 -19"><span class='ocrx_word' id='word_1_629' title='bbox 2236 2303 2351 2364; x_wconf 83' lang='lat' dir='ltr'><strong>lloc</strong></span> <span class='ocrx_word' id='word_1_630' title='bbox 2375 2312 2504 2366; x_wconf 73' lang='lat' dir='ltr'><strong>est:</strong></span> <span class='ocrx_word' id='word_1_631' title='bbox 2533 2305 2758 2374; x_wconf 86' lang='lat' dir='ltr'><strong>Quando</strong></span> <span class='ocrx_word' id='word_1_632' title='bbox 2783 2321 2878 2360; x_wconf 88' lang='lat' dir='ltr'><strong>nos</strong></span> <span class='ocrx_word' id='word_1_633' title='bbox 2901 2307 2991 2377; x_wconf 90' lang='lat' dir='ltr'><strong>qui</strong></span> <span class='ocrx_word' id='word_1_634' title='bbox 3016 2307 3150 2377; x_wconf 89' lang='lat' dir='ltr'><strong>viles</strong></span> <span class='ocrx_word' id='word_1_635' title='bbox 3176 2320 3489 2378; x_wconf 88' lang='lat' dir='ltr'><strong>reputamur</strong></span> <span class='ocrx_word' id='word_1_636' title='bbox 3514 2319 3571 2366; x_wconf 89' lang='lat' dir='ltr'><strong>et</strong></span> <span class='ocrx_word' id='word_1_637' title='bbox 3597 2321 3850 2368; x_wconf 83' lang='lat' dir='ltr'><strong>contem-</strong></span> 
     </span>
    </p>
   </div>
   <div class='ocr_carea' id='block_1_86' title="bbox 2235 2396 3847 2473">
    <p class='ocr_par' dir='ltr' id='par_1_86' title="bbox 2235 2396 3847 2473">
     <span class='ocr_line' id='line_1_86' title="bbox 2235 2396 3847 2473; baseline 0.007 -22"><span class='ocrx_word' id='word_1_638' title='bbox 2235 2398 2332 2468; x_wconf 90' lang='lat' dir='ltr'><strong>pti,</strong></span> <span class='ocrx_word' id='word_1_639' title='bbox 2367 2396 2673 2453; x_wconf 88' lang='lat' dir='ltr'><strong>humiliatos</strong></span> <span class='ocrx_word' id='word_1_640' title='bbox 2701 2399 2869 2469; x_wconf 89' lang='lat' dir='ltr'><strong>gloria</strong></span> <span class='ocrx_word' id='word_1_641' title='bbox 2897 2398 3143 2454; x_wconf 80' lang='lat' dir='ltr'><strong>aﬂ&#39;eceris</strong></span> <span class='ocrx_word' id='word_1_642' title='bbox 3167 2441 3182 2466; x_wconf 92' lang='lat'><strong>,</strong></span> <span class='ocrx_word' id='word_1_643' title='bbox 3209 2401 3461 2472; x_wconf 87' lang='lat' dir='ltr'><strong>sejunges</strong></span> <span class='ocrx_word' id='word_1_644' title='bbox 3488 2401 3638 2473; x_wconf 83' lang='lat' dir='ltr'><strong>ipsos</strong></span> <span class='ocrx_word' id='word_1_645' title='bbox 3663 2414 3720 2460; x_wconf 87' lang='lat' dir='ltr'><strong>et</strong></span> <span class='ocrx_word' id='word_1_646' title='bbox 3743 2420 3847 2462; x_wconf 61' lang='lat' dir='ltr'><strong>ex.</strong></span> 
     </span>
    </p>
   </div>
   <div class='ocr_carea' id='block_1_87' title="bbox 2233 2488 3849 2560">
    <p class='ocr_par' dir='ltr' id='par_1_87' title="bbox 2233 2488 3849 2560">
     <span class='ocr_line' id='line_1_87' title="bbox 2233 2488 3849 2560; baseline 0.006 -18"><span class='ocrx_word' id='word_1_647' title='bbox 2233 2488 2425 2560; x_wconf 81' lang='lat' dir='ltr'><strong>pelles.</strong></span> <span class='ocrx_word' id='word_1_648' title='bbox 2456 2489 2596 2558; x_wconf 87' lang='lat' dir='ltr'><strong>Quid</strong></span> <span class='ocrx_word' id='word_1_649' title='bbox 2618 2499 2701 2546; x_wconf 86' lang='lat' dir='ltr'><strong>est</strong></span> <span class='ocrx_word' id='word_1_650' title='bbox 2722 2498 2898 2545; x_wconf 88' lang='lat' dir='ltr'><strong>autem</strong></span> <span class='ocrx_word' id='word_1_651' title='bbox 2917 2532 2932 2556; x_wconf 92' lang='lat'><strong>,</strong></span> <span class='ocrx_word' id='word_1_652' title='bbox 2963 2489 3259 2546; x_wconf 86' lang='lat' dir='ltr'><strong>Secundum</strong></span> <span class='ocrx_word' id='word_1_653' title='bbox 3295 2492 3618 2548; x_wconf 80' lang='lat' dir='ltr'><strong>altitudinem</strong></span> <span class='ocrx_word' id='word_1_654' title='bbox 3653 2505 3797 2550; x_wconf 71' lang='lat' dir='ltr'><strong>tum</strong></span> <span class='ocrx_word' id='word_1_655' title='bbox 3817 2496 3849 2551; x_wconf 70' lang='grc' dir='ltr'><strong>Ρ</strong></span> 
     </span>
    </p>
   </div>
   <div class='ocr_carea' id='block_1_88' title="bbox 2232 2578 3839 2654">
    <p class='ocr_par' dir='ltr' id='par_1_88' title="bbox 2232 2578 3839 2654">
     <span class='ocr_line' id='line_1_88' title="bbox 2232 2578 3839 2654; baseline 0.006 -21"><span class='ocrx_word' id='word_1_656' title='bbox 2232 2578 2339 2634; x_wconf 82' lang='lat' dir='ltr'><strong>Pro</strong></span> <span class='ocrx_word' id='word_1_657' title='bbox 2367 2586 2437 2635; x_wconf 85' lang='lat' dir='ltr'><strong>eo&#39;</strong></span> <span class='ocrx_word' id='word_1_658' title='bbox 2468 2579 2612 2651; x_wconf 89' lang='lat' dir='ltr'><strong>quod</strong></span> <span class='ocrx_word' id='word_1_659' title='bbox 2650 2588 2734 2636; x_wconf 86' lang='lat' dir='ltr'><strong>est</strong></span> <span class='ocrx_word' id='word_1_660' title='bbox 2756 2621 2771 2646; x_wconf 91' lang='lat'><strong>,</strong></span> <span class='ocrx_word' id='word_1_661' title='bbox 2801 2580 3007 2636; x_wconf 90' lang='lat' dir='ltr'><strong>similes</strong></span> <span class='ocrx_word' id='word_1_662' title='bbox 3032 2582 3107 2636; x_wconf 92' lang='lat' dir='ltr'><strong>tui</strong></span> <span class='ocrx_word' id='word_1_663' title='bbox 3133 2579 3356 2638; x_wconf 79' lang='lat' dir='ltr'><strong>effecisti</strong></span> <span class='ocrx_word' id='word_1_664' title='bbox 3375 2623 3392 2649; x_wconf 91' lang='lat'><strong>,</strong></span> <span class='ocrx_word' id='word_1_665' title='bbox 3421 2591 3690 2654; x_wconf 88' lang='lat' dir='ltr'><strong>quatenus</strong></span> <span class='ocrx_word' id='word_1_666' title='bbox 3720 2587 3839 2643; x_wconf 83' lang='lat' dir='ltr'><strong>fieri</strong></span> 
     </span>
    </p>
   </div>
   <div class='ocr_carea' id='block_1_89' title="bbox 2231 2670 3836 2747">
    <p class='ocr_par' dir='ltr' id='par_1_89' title="bbox 2231 2670 3836 2747">
     <span class='ocr_line' id='line_1_89' title="bbox 2231 2670 3836 2747; baseline 0.005 -23"><span class='ocrx_word' id='word_1_667' title='bbox 2231 2679 2407 2740; x_wconf 88' lang='lat' dir='ltr'><strong>potest</strong></span> <span class='ocrx_word' id='word_1_668' title='bbox 2435 2681 2493 2725; x_wconf 92' lang='lat' dir='ltr'><strong>ut</strong></span> <span class='ocrx_word' id='word_1_669' title='bbox 2535 2673 2697 2726; x_wconf 89' lang='lat' dir='ltr'><strong>homo</strong></span> <span class='ocrx_word' id='word_1_670' title='bbox 2724 2671 2795 2726; x_wconf 86' lang='lat' dir='ltr'><strong>sit</strong></span> <span class='ocrx_word' id='word_1_671' title='bbox 2825 2671 3015 2727; x_wconf 87' lang='lat' dir='ltr'><strong>similis</strong></span> <span class='ocrx_word' id='word_1_672' title='bbox 3044 2689 3058 2725; x_wconf 93' lang='lat'><strong>:</strong></span> <span class='ocrx_word' id='word_1_673' title='bbox 3093 2670 3368 2728; x_wconf 76' lang='lat' dir='ltr'><strong>Faciamus</strong></span> <span class='ocrx_word' id='word_1_674' title='bbox 3410 2675 3554 2730; x_wconf 90' lang='lat' dir='ltr'><strong>enim</strong></span> <span class='ocrx_word' id='word_1_675' title='bbox 3575 2717 3592 2742; x_wconf 92' lang='lat'><strong>,</strong></span> <span class='ocrx_word' id='word_1_676' title='bbox 3619 2676 3799 2747; x_wconf 87' lang='lat' dir='ltr'><strong>inquit</strong></span> <span class='ocrx_word' id='word_1_677' title='bbox 3817 2720 3836 2744; x_wconf 92' lang='lat'><strong>,</strong></span> 
     </span>
    </p>
   </div>
   <div class='ocr_carea' id='block_1_90' title="bbox 2230 2747 3836 2838">
    <p class='ocr_par' dir='ltr' id='par_1_90' title="bbox 2230 2747 3836 2838">
     <span class='ocr_line' id='line_1_90' title="bbox 2230 2747 3836 2838; baseline 0.007 -24"><span class='ocrx_word' id='word_1_678' title='bbox 2230 2761 2485 2816; x_wconf 76' lang='lat' dir='ltr'><strong>hominem</strong></span> <span class='ocrx_word' id='word_1_679' title='bbox 2511 2763 2583 2816; x_wconf 91' lang='lat' dir='ltr'><strong>ad</strong></span> <span class='ocrx_word' id='word_1_680' title='bbox 2623 2762 2896 2835; x_wconf 85' lang='lat' dir='ltr'><strong>imaginem</strong></span> <span class='ocrx_word' id='word_1_681' title='bbox 2919 2773 2968 2817; x_wconf 86' lang='lat' dir='ltr'><strong>et</strong></span> <span class='ocrx_word' id='word_1_682' title='bbox 2994 2747 3378 2820; x_wconf 75' lang='lat' dir='ltr'><strong>similitudinem</strong></span> <span class='ocrx_word' id='word_1_683' title='bbox 3404 2775 3632 2821; x_wconf 76' lang='lat' dir='ltr'><strong>nostram</strong></span> <span class='ocrx_word' id='word_1_684' title='bbox 3661 2765 3836 2838; x_wconf 76' lang='lat' dir='ltr'><strong>(Gen.</strong></span> 
     </span>
    </p>
   </div>
   <div class='ocr_carea' id='block_1_91' title="bbox 2228 2852 3832 2926">
    <p class='ocr_par' dir='ltr' id='par_1_91' title="bbox 2228 2852 3832 2926">
     <span class='ocr_line' id='line_1_91' title="bbox 2228 2852 3832 2926; baseline 0.005 -18"><span class='ocrx_word' id='word_1_685' title='bbox 2228 2854 2282 2908; x_wconf 72' lang='grc' dir='ltr'>ι.</span> <span class='ocrx_word' id='word_1_686' title='bbox 2309 2852 2424 2924; x_wconf 73' lang='lat'><strong>26).</strong></span> <span class='ocrx_word' id='word_1_687' title='bbox 2448 2854 2602 2923; x_wconf 90' lang='lat' dir='ltr'><strong>Quod</strong></span> <span class='ocrx_word' id='word_1_688' title='bbox 2631 2855 2745 2926; x_wconf 87' lang='lat' dir='ltr'><strong>ipse</strong></span> <span class='ocrx_word' id='word_1_689' title='bbox 2772 2857 2915 2911; x_wconf 88' lang='lat' dir='ltr'><strong>enim</strong></span> <span class='ocrx_word' id='word_1_690' title='bbox 2941 2864 3026 2912; x_wconf 89' lang='lat' dir='ltr'><strong>est</strong></span> <span class='ocrx_word' id='word_1_691' title='bbox 3055 2855 3107 2910; x_wconf 88' lang='lat' dir='ltr'><strong>in</strong></span> <span class='ocrx_word' id='word_1_692' title='bbox 3132 2857 3287 2925; x_wconf 68' lang='lat' dir='ltr'><strong>caelo,</strong></span> <span class='ocrx_word' id='word_1_693' title='bbox 3313 2857 3414 2914; x_wconf 89' lang='lat' dir='ltr'><strong>hoc</strong></span> <span class='ocrx_word' id='word_1_694' title='bbox 3441 2872 3540 2915; x_wconf 87' lang='lat' dir='ltr'><strong>nos</strong></span> <span class='ocrx_word' id='word_1_695' title='bbox 3569 2859 3624 2913; x_wconf 88' lang='lat' dir='ltr'><strong>in</strong></span> <span class='ocrx_word' id='word_1_696' title='bbox 3647 2868 3790 2916; x_wconf 87' lang='lat' dir='ltr'><strong>terra</strong></span> <span class='ocrx_word' id='word_1_697' title='bbox 3813 2876 3832 2915; x_wconf 75' lang='grc' dir='ltr'><strong>ε</strong></span> 
     </span>
    </p>
   </div>
   <div class='ocr_carea' id='block_1_92' title="bbox 2228 2946 3835 3019">
    <p class='ocr_par' dir='ltr' id='par_1_92' title="bbox 2228 2946 3835 3019">
     <span class='ocr_line' id='line_1_92' title="bbox 2228 2946 3835 3019; baseline 0.006 -22"><span class='ocrx_word' id='word_1_698' title='bbox 2228 2953 2282 2998; x_wconf 89' lang='lat' dir='ltr'><strong>et</strong></span> <span class='ocrx_word' id='word_1_699' title='bbox 2309 2946 2758 3014; x_wconf 84' lang='lat' dir='ltr'><strong>quemadmodum</strong></span> <span class='ocrx_word' id='word_1_700' title='bbox 2789 2959 3023 3018; x_wconf 88' lang='lat' dir='ltr'><strong>superne</strong></span> <span class='ocrx_word' id='word_1_701' title='bbox 3052 2947 3230 3002; x_wconf 88' lang='lat' dir='ltr'><strong>nullus</strong></span> <span class='ocrx_word' id='word_1_702' title='bbox 3257 2956 3340 3003; x_wconf 85' lang='lat' dir='ltr'><strong>est</strong></span> <span class='ocrx_word' id='word_1_703' title='bbox 3364 2963 3431 3004; x_wconf 88' lang='lat' dir='ltr'><strong>eo</strong></span> <span class='ocrx_word' id='word_1_704' title='bbox 3457 2953 3727 3019; x_wconf 87' lang='lat' dir='ltr'><strong>superior,</strong></span> <span class='ocrx_word' id='word_1_705' title='bbox 3761 2951 3835 3007; x_wconf 86' lang='lat' dir='ltr'><strong>ita</strong></span> 
     </span>
    </p>
   </div>
   <div class='ocr_carea' id='block_1_93' title="bbox 2226 3037 3833 3110">
    <p class='ocr_par' dir='ltr' id='par_1_93' title="bbox 2226 3037 3833 3110">
     <span class='ocr_line' id='line_1_93' title="bbox 2226 3037 3833 3110; baseline 0.005 -20"><span class='ocrx_word' id='word_1_706' title='bbox 2226 3037 2404 3092; x_wconf 87' lang='lat' dir='ltr'><strong>nullus</strong></span> <span class='ocrx_word' id='word_1_707' title='bbox 2425 3038 2479 3093; x_wconf 91' lang='lat' dir='ltr'><strong>in</strong></span> <span class='ocrx_word' id='word_1_708' title='bbox 2502 3049 2644 3094; x_wconf 86' lang='lat' dir='ltr'><strong>terra</strong></span> <span class='ocrx_word' id='word_1_709' title='bbox 2669 3047 2753 3094; x_wconf 89' lang='lat' dir='ltr'><strong>est</strong></span> <span class='ocrx_word' id='word_1_710' title='bbox 2783 3039 2908 3095; x_wconf 86' lang='lat' dir='ltr'><strong>huic</strong></span> <span class='ocrx_word' id='word_1_711' title='bbox 2930 3039 3147 3096; x_wconf 88' lang='lat' dir='ltr'><strong>animali</strong></span> <span class='ocrx_word' id='word_1_712' title='bbox 3168 3039 3362 3095; x_wconf 89' lang='lat' dir='ltr'><strong>virtute</strong></span> <span class='ocrx_word' id='word_1_713' title='bbox 3385 3040 3595 3096; x_wconf 80' lang='lat' dir='ltr'><strong>similis.</strong></span> <span class='ocrx_word' id='word_1_714' title='bbox 3625 3040 3833 3110; x_wconf 75' lang='lat' dir='ltr'><strong>Estote,</strong></span> 
     </span>
    </p>
   </div>
   <div class='ocr_carea' id='block_1_94' title="bbox 2225 3126 3831 3202">
    <p class='ocr_par' dir='ltr' id='par_1_94' title="bbox 2225 3126 3831 3202">
     <span class='ocr_line' id='line_1_94' title="bbox 2225 3126 3831 3202; baseline 0.005 -21"><span class='ocrx_word' id='word_1_715' title='bbox 2225 3126 2418 3198; x_wconf 87' lang='lat' dir='ltr'><strong>inquit,</strong></span> <span class='ocrx_word' id='word_1_716' title='bbox 2449 3127 2640 3202; x_wconf 79' lang='lat' dir='ltr'><strong>similes</strong></span> <span class='ocrx_word' id='word_1_717' title='bbox 2670 3128 2841 3185; x_wconf 85' lang='lat' dir='ltr'><strong>Patris</strong></span> <span class='ocrx_word' id='word_1_718' title='bbox 2864 3129 3034 3196; x_wconf 78' lang='lat' dir='ltr'><strong>uestri,</strong></span> <span class='ocrx_word' id='word_1_719' title='bbox 3064 3129 3152 3200; x_wconf 88' lang='lat' dir='ltr'><strong>qui</strong></span> <span class='ocrx_word' id='word_1_720' title='bbox 3177 3140 3253 3184; x_wconf 87' lang='lat' dir='ltr'><strong>est</strong></span> <span class='ocrx_word' id='word_1_721' title='bbox 3277 3130 3332 3184; x_wconf 87' lang='lat' dir='ltr'><strong>in</strong></span> <span class='ocrx_word' id='word_1_722' title='bbox 3359 3131 3497 3186; x_wconf 75' lang='lat' dir='ltr'><strong>cclis</strong></span> <span class='ocrx_word' id='word_1_723' title='bbox 3523 3130 3743 3202; x_wconf 65' lang='lat' dir='ltr'><strong>(Matth.</strong></span> <span class='ocrx_word' id='word_1_724' title='bbox 3771 3134 3831 3189; x_wconf 79' lang='lat'><strong>5.</strong></span> 
     </span>
    </p>
   </div>
   <div class='ocr_carea' id='block_1_95' title="bbox 2223 3197 3835 3292">
    <p class='ocr_par' dir='ltr' id='par_1_95' title="bbox 2223 3197 3835 3292">
     <span class='ocr_line' id='line_1_95' title="bbox 2223 3197 3835 3292; baseline 0.004 -19"><span class='ocrx_word' id='word_1_725' title='bbox 2223 3197 2341 3290; x_wconf 59' lang='lat' dir='ltr'><strong>i3).</strong></span> <span class='ocrx_word' id='word_1_726' title='bbox 2378 3197 2680 3287; x_wconf 59' lang='lat' dir='ltr'><strong>Quinctiam</strong></span> <span class='ocrx_word' id='word_1_727' title='bbox 2720 3221 2954 3277; x_wconf 89' lang='lat' dir='ltr'><strong>nominis</strong></span> <span class='ocrx_word' id='word_1_728' title='bbox 2979 3197 3190 3292; x_wconf 82' lang='lat' dir='ltr'><strong>quoque</strong></span> <span class='ocrx_word' id='word_1_729' title='bbox 3225 3221 3306 3276; x_wconf 90' lang='lat' dir='ltr'><strong>sui</strong></span> <span class='ocrx_word' id='word_1_730' title='bbox 3335 3237 3434 3278; x_wconf 90' lang='lat' dir='ltr'><strong>nos</strong></span> <span class='ocrx_word' id='word_1_731' title='bbox 3456 3197 3581 3277; x_wconf 83' lang='lat' dir='ltr'><strong>fecit</strong></span> <span class='ocrx_word' id='word_1_732' title='bbox 3611 3223 3835 3292; x_wconf 83' lang='lat' dir='ltr'><strong>partici-</strong></span> 
     </span>
    </p>
   </div>
   <div class='ocr_carea' id='block_1_96' title="bbox 2227 3307 3834 3382">
    <p class='ocr_par' dir='ltr' id='par_1_96' title="bbox 2227 3307 3834 3382">
     <span class='ocr_line' id='line_1_96' title="bbox 2227 3307 3834 3382; baseline 0.005 -20"><span class='ocrx_word' id='word_1_733' title='bbox 2227 3323 2324 3378; x_wconf 85' lang='lat' dir='ltr'><strong>pes</strong></span> <span class='ocrx_word' id='word_1_734' title='bbox 2355 3327 2367 3363; x_wconf 83' lang='lat'><em>;</em></span> <span class='ocrx_word' id='word_1_735' title='bbox 2399 3307 2510 3379; x_wconf 79' lang='lat' dir='ltr'><strong>Ego</strong></span> <span class='ocrx_word' id='word_1_736' title='bbox 2533 3311 2664 3378; x_wconf 74' lang='lat' dir='ltr'><strong>dixi,</strong></span> <span class='ocrx_word' id='word_1_737' title='bbox 2699 3311 2888 3382; x_wconf 89' lang='lat' dir='ltr'><strong>inquit,</strong></span> <span class='ocrx_word' id='word_1_738' title='bbox 2917 3311 3005 3366; x_wconf 85' lang='lat' dir='ltr'><strong>Dii</strong></span> <span class='ocrx_word' id='word_1_739' title='bbox 3043 3313 3181 3375; x_wconf 91' lang='lat' dir='ltr'><strong>estis,</strong></span> <span class='ocrx_word' id='word_1_740' title='bbox 3213 3321 3260 3365; x_wconf 92' lang='lat' dir='ltr'><strong>et</strong></span> <span class='ocrx_word' id='word_1_741' title='bbox 3286 3313 3381 3381; x_wconf 81' lang='lat' dir='ltr'><strong>filii</strong></span> <span class='ocrx_word' id='word_1_742' title='bbox 3410 3311 3616 3368; x_wconf 70' lang='lat' dir='ltr'><strong>Excelsa&quot;</strong></span> <span class='ocrx_word' id='word_1_743' title='bbox 3653 3307 3834 3370; x_wconf 82' lang='lat' dir='ltr'><strong>omnes</strong></span> 
     </span>
    </p>
   </div>
   <div class='ocr_carea' id='block_1_97' title="bbox 2223 3397 3831 3474">
    <p class='ocr_par' dir='ltr' id='par_1_97' title="bbox 2223 3397 3831 3474">
     <span class='ocr_line' id='line_1_97' title="bbox 2223 3397 3831 3474; baseline 0.006 -22"><span class='ocrx_word' id='word_1_744' title='bbox 2223 3397 2395 3466; x_wconf 85' lang='lat' dir='ltr'><strong>(Psal.</strong></span> <span class='ocrx_word' id='word_1_745' title='bbox 2427 3400 2515 3456; x_wconf 90' lang='lat'><strong>8|.</strong></span> <span class='ocrx_word' id='word_1_746' title='bbox 2548 3401 2628 3474; x_wconf 94' lang='lat'><strong>6).</strong></span> <span class='ocrx_word' id='word_1_747' title='bbox 2655 3401 2722 3456; x_wconf 84' lang='lat' dir='ltr'><strong>Et</strong></span> <span class='ocrx_word' id='word_1_748' title='bbox 2755 3417 2973 3470; x_wconf 89' lang='lat' dir='ltr'><strong>rursus,</strong></span> <span class='ocrx_word' id='word_1_749' title='bbox 3001 3401 3248 3458; x_wconf 83' lang='lat' dir='ltr'><strong>Constitui</strong></span> <span class='ocrx_word' id='word_1_750' title='bbox 3273 3413 3321 3457; x_wconf 92' lang='lat' dir='ltr'><strong>te</strong></span> <span class='ocrx_word' id='word_1_751' title='bbox 3353 3402 3501 3457; x_wconf 85' lang='lat' dir='ltr'><strong>deum</strong></span> <span class='ocrx_word' id='word_1_752' title='bbox 3532 3401 3831 3461; x_wconf 84' lang='lat' dir='ltr'><strong>Pharaonis</strong></span> 
     </span>
    </p>
   </div>
   <div class='ocr_carea' id='block_1_98' title="bbox 2221 3490 3827 3566">
    <p class='ocr_par' dir='ltr' id='par_1_98' title="bbox 2221 3490 3827 3566">
     <span class='ocr_line' id='line_1_98' title="bbox 2221 3490 3827 3566; baseline 0.004 -21"><span class='ocrx_word' id='word_1_753' title='bbox 2221 3490 2419 3565; x_wconf 70' lang='lat' dir='ltr'><strong>(Exod.</strong></span> <span class='ocrx_word' id='word_1_754' title='bbox 2463 3493 2516 3547; x_wconf 89' lang='grc'><strong>7.</strong></span> <span class='ocrx_word' id='word_1_755' title='bbox 2564 3493 2669 3565; x_wconf 78' lang='grc'><strong>1);</strong></span> <span class='ocrx_word' id='word_1_756' title='bbox 2703 3503 2758 3549; x_wconf 91' lang='lat' dir='ltr'><strong>et</strong></span> <span class='ocrx_word' id='word_1_757' title='bbox 2804 3493 2929 3549; x_wconf 85' lang='lat' dir='ltr'><strong>fecit</strong></span> <span class='ocrx_word' id='word_1_758' title='bbox 2955 3504 3013 3550; x_wconf 91' lang='lat' dir='ltr'><strong>ut</strong></span> <span class='ocrx_word' id='word_1_759' title='bbox 3052 3502 3195 3551; x_wconf 88' lang='lat' dir='ltr'><strong>esset</strong></span> <span class='ocrx_word' id='word_1_760' title='bbox 3232 3493 3407 3566; x_wconf 88' lang='lat' dir='ltr'><strong>opifex</strong></span> <span class='ocrx_word' id='word_1_761' title='bbox 3439 3509 3827 3566; x_wconf 85' lang='lat' dir='ltr'><strong>corporeorunt</strong></span> 
     </span>
    </p>
   </div>
   <div class='ocr_carea' id='block_1_99' title="bbox 2219 3583 3828 3656">
    <p class='ocr_par' dir='ltr' id='par_1_99' title="bbox 2219 3583 3828 3656">
     <span class='ocr_line' id='line_1_99' title="bbox 2219 3583 3828 3656; baseline 0.006 -21"><span class='ocrx_word' id='word_1_762' title='bbox 2219 3590 2272 3636; x_wconf 88' lang='lat' dir='ltr'><strong>et</strong></span> <span class='ocrx_word' id='word_1_763' title='bbox 2314 3583 2769 3654; x_wconf 81' lang='lat' dir='ltr'><strong>incorporeorum.</strong></span> <span class='ocrx_word' id='word_1_764' title='bbox 2799 3585 2863 3640; x_wconf 87' lang='lat' dir='ltr'><strong>Et</strong></span> <span class='ocrx_word' id='word_1_765' title='bbox 2890 3593 3016 3641; x_wconf 86' lang='lat' dir='ltr'><strong>tunc</strong></span> <span class='ocrx_word' id='word_1_766' title='bbox 3039 3585 3252 3656; x_wconf 85' lang='lat' dir='ltr'><strong>quidem</strong></span> <span class='ocrx_word' id='word_1_767' title='bbox 3275 3593 3444 3639; x_wconf 86' lang='lat' dir='ltr'><strong>mutat</strong></span> <span class='ocrx_word' id='word_1_768' title='bbox 3467 3584 3643 3642; x_wconf 72' lang='lat' dir='ltr'><strong>Moses</strong></span> <span class='ocrx_word' id='word_1_769' title='bbox 3671 3601 3828 3644; x_wconf 77' lang='lat' dir='ltr'><strong>cuca-</strong></span> 
     </span>
    </p>
   </div>
   <div class='ocr_carea' id='block_1_100' title="bbox 2222 3665 3828 3736">
    <p class='ocr_par' dir='ltr' id='par_1_100' title="bbox 2222 3665 3828 3736">
     <span class='ocr_line' id='line_1_100' title="bbox 2222 3665 3828 3736; baseline 0.006 -11"><span class='ocrx_word' id='word_1_770' title='bbox 2222 3679 2432 3735; x_wconf 89' lang='lat' dir='ltr'><strong>turam,</strong></span> <span class='ocrx_word' id='word_1_771' title='bbox 2477 3690 2619 3730; x_wconf 87' lang='lat' dir='ltr'><strong>nunc</strong></span> <span class='ocrx_word' id='word_1_772' title='bbox 2659 3665 2838 3731; x_wconf 77' lang='lat' dir='ltr'><strong>autem</strong></span> <span class='ocrx_word' id='word_1_773' title='bbox 2879 3675 2970 3730; x_wconf 89' lang='lat' dir='ltr'><strong>alii</strong></span> <span class='ocrx_word' id='word_1_774' title='bbox 3012 3673 3114 3730; x_wconf 86' lang='lat' dir='ltr'><strong>alia</strong></span> <span class='ocrx_word' id='word_1_775' title='bbox 3152 3675 3421 3732; x_wconf 85' lang='lat' dir='ltr'><strong>elementa</strong></span> <span class='ocrx_word' id='word_1_776' title='bbox 3447 3692 3464 3732; x_wconf 87' lang='lat'><strong>:</strong></span> <span class='ocrx_word' id='word_1_777' title='bbox 3490 3677 3649 3734; x_wconf 75' lang='lat' dir='ltr'><strong>nobis</strong></span> <span class='ocrx_word' id='word_1_778' title='bbox 3692 3695 3828 3736; x_wconf 79' lang='lat' dir='ltr'><strong>vero</strong></span> 
     </span>
    </p>
   </div>
   <div class='ocr_carea' id='block_1_101' title="bbox 2219 3764 3852 3843">
    <p class='ocr_par' dir='ltr' id='par_1_101' title="bbox 2219 3764 3852 3843">
     <span class='ocr_line' id='line_1_101' title="bbox 2219 3764 3852 3843; baseline 0.002 -25"><span class='ocrx_word' id='word_1_779' title='bbox 2219 3764 2476 3834; x_wconf 70' lang='lat' dir='ltr'><strong>praecepit</strong></span> <span class='ocrx_word' id='word_1_780' title='bbox 2504 3779 2600 3820; x_wconf 87' lang='lat' dir='ltr'><strong>nos</strong></span> <span class='ocrx_word' id='word_1_781' title='bbox 2623 3766 2766 3836; x_wconf 86' lang='lat' dir='ltr'><strong>ipsos</strong></span> <span class='ocrx_word' id='word_1_782' title='bbox 2792 3766 2902 3822; x_wconf 90' lang='lat' dir='ltr'><strong>Deo</strong></span> <span class='ocrx_word' id='word_1_783' title='bbox 2927 3765 3185 3836; x_wconf 88' lang='lat' dir='ltr'><strong>templum</strong></span> <span class='ocrx_word' id='word_1_784' title='bbox 3214 3775 3510 3823; x_wconf 89' lang='lat' dir='ltr'><strong>exstruere.</strong></span> <span class='ocrx_word' id='word_1_785' title='bbox 3542 3767 3660 3824; x_wconf 82' lang='lat' dir='ltr'><strong>Etsi</strong></span> <span class='ocrx_word' id='word_1_786' title='bbox 3691 3765 3852 3843; x_wconf 52' lang='lat' dir='ltr'><strong>ergn’</strong></span> 
     </span>
    </p>
   </div>
   <div class='ocr_carea' id='block_1_102' title="bbox 2220 3854 3826 3928">
    <p class='ocr_par' dir='ltr' id='par_1_102' title="bbox 2220 3854 3826 3928">
     <span class='ocr_line' id='line_1_102' title="bbox 2220 3854 3826 3928; baseline 0.006 -21"><span class='ocrx_word' id='word_1_787' title='bbox 2220 3867 2328 3909; x_wconf 88' lang='lat' dir='ltr'><strong>non</strong></span> <span class='ocrx_word' id='word_1_788' title='bbox 2355 3854 2630 3910; x_wconf 86' lang='lat' dir='ltr'><strong>fabriceris</strong></span> <span class='ocrx_word' id='word_1_789' title='bbox 2658 3856 2865 3921; x_wconf 60' lang='lat' dir='ltr'><strong>celum,</strong></span> <span class='ocrx_word' id='word_1_790' title='bbox 2904 3856 2995 3910; x_wconf 90' lang='lat' dir='ltr'><strong>Dei</strong></span> <span class='ocrx_word' id='word_1_791' title='bbox 3024 3861 3206 3910; x_wconf 67' lang='lat' dir='ltr'><strong>tamen”</strong></span> <span class='ocrx_word' id='word_1_792' title='bbox 3232 3858 3489 3928; x_wconf 87' lang='lat' dir='ltr'><strong>templum</strong></span> <span class='ocrx_word' id='word_1_793' title='bbox 3539 3857 3826 3917; x_wconf 78' lang='lat' dir='ltr'><strong>fabricaris</strong></span> 
     </span>
    </p>
   </div>
   <div class='ocr_carea' id='block_1_103' title="bbox 2214 3942 3826 4021">
    <p class='ocr_par' dir='ltr' id='par_1_103' title="bbox 2214 3942 3826 4021">
     <span class='ocr_line' id='line_1_103' title="bbox 2214 3942 3826 4021; baseline 0.007 -23"><span class='ocrx_word' id='word_1_794' title='bbox 2214 3942 2241 4017; x_wconf 63' lang='grc' dir='ltr'>ι(</span> <span class='ocrx_word' id='word_1_795' title='bbox 2263 3944 2316 3999; x_wconf 84' lang='lat' dir='ltr'><strong>l.</strong></span> <span class='ocrx_word' id='word_1_796' title='bbox 2339 3943 2459 3999; x_wconf 84' lang='lat' dir='ltr'><strong>Cor.</strong></span> <span class='ocrx_word' id='word_1_797' title='bbox 2484 3947 2538 4000; x_wconf 87' lang='lat'><strong>6.</strong></span> <span class='ocrx_word' id='word_1_798' title='bbox 2571 3943 2682 4018; x_wconf 88' lang='lat' dir='ltr'><strong>l9).</strong></span> <span class='ocrx_word' id='word_1_799' title='bbox 2723 3945 3013 4016; x_wconf 87' lang='lat' dir='ltr'><strong>Propterea</strong></span> <span class='ocrx_word' id='word_1_800' title='bbox 3057 3945 3202 4002; x_wconf 89' lang='lat' dir='ltr'><strong>enim</strong></span> <span class='ocrx_word' id='word_1_801' title='bbox 3248 3948 3438 4004; x_wconf 63' lang='lat' dir='ltr'><strong>celum</strong></span> <span class='ocrx_word' id='word_1_802' title='bbox 3482 3963 3700 4021; x_wconf 85' lang='lat' dir='ltr'><strong>quoque</strong></span> <span class='ocrx_word' id='word_1_803' title='bbox 3738 3963 3826 4008; x_wconf 69' lang='lat' dir='ltr'><strong>est</strong></span> 
     </span>
    </p>
   </div>
   <div class='ocr_carea' id='block_1_104' title="bbox 2217 4033 3822 4112">
    <p class='ocr_par' dir='ltr' id='par_1_104' title="bbox 2217 4033 3822 4112">
     <span class='ocr_line' id='line_1_104' title="bbox 2217 4033 3822 4112; baseline 0.006 -22"><span class='ocrx_word' id='word_1_804' title='bbox 2217 4033 2554 4104; x_wconf 86' lang='lat' dir='ltr'><strong>splendidum</strong></span> <span class='ocrx_word' id='word_1_805' title='bbox 2579 4075 2595 4101; x_wconf 95' lang='lat'><strong>,</strong></span> <span class='ocrx_word' id='word_1_806' title='bbox 2621 4037 2872 4106; x_wconf 89' lang='lat' dir='ltr'><strong>quoniam</strong></span> <span class='ocrx_word' id='word_1_807' title='bbox 2917 4036 3080 4094; x_wconf 87' lang='lat' dir='ltr'><strong>habet</strong></span> <span class='ocrx_word' id='word_1_808' title='bbox 3118 4038 3286 4094; x_wconf 89' lang='lat' dir='ltr'><strong>Deum</strong></span> <span class='ocrx_word' id='word_1_809' title='bbox 3325 4040 3378 4094; x_wconf 88' lang='lat' dir='ltr'><strong>in</strong></span> <span class='ocrx_word' id='word_1_810' title='bbox 3421 4041 3539 4112; x_wconf 86' lang='lat' dir='ltr'><strong>ipso</strong></span> <span class='ocrx_word' id='word_1_811' title='bbox 3567 4040 3822 4100; x_wconf 78' lang='lat' dir='ltr'><strong>habitan-</strong></span> 
     </span>
    </p>
   </div>
   <div class='ocr_carea' id='block_1_105' title="bbox 2219 4128 3823 4200">
    <p class='ocr_par' dir='ltr' id='par_1_105' title="bbox 2219 4128 3823 4200">
     <span class='ocr_line' id='line_1_105' title="bbox 2219 4128 3823 4200; baseline 0.006 -18"><span class='ocrx_word' id='word_1_812' title='bbox 2219 4134 2324 4182; x_wconf 87' lang='lat' dir='ltr'><strong>tem</strong></span> <span class='ocrx_word' id='word_1_813' title='bbox 2360 4145 2375 4180; x_wconf 90' lang='lat'><strong>:</strong></span> <span class='ocrx_word' id='word_1_814' title='bbox 2404 4128 2513 4182; x_wconf 89' lang='lat' dir='ltr'><strong>imo</strong></span> <span class='ocrx_word' id='word_1_815' title='bbox 2541 4142 2670 4183; x_wconf 89' lang='lat' dir='ltr'><strong>vero</strong></span> <span class='ocrx_word' id='word_1_816' title='bbox 2693 4137 2750 4184; x_wconf 90' lang='lat' dir='ltr'><strong>et</strong></span> <span class='ocrx_word' id='word_1_817' title='bbox 2793 4129 2892 4185; x_wconf 83' lang='lat' dir='ltr'><strong>nos</strong></span> <span class='ocrx_word' id='word_1_818' title='bbox 2925 4144 3024 4200; x_wconf 89' lang='lat' dir='ltr'><strong>per</strong></span> <span class='ocrx_word' id='word_1_819' title='bbox 3056 4129 3350 4185; x_wconf 85' lang='lat' dir='ltr'><strong>Christum.</strong></span> <span class='ocrx_word' id='word_1_820' title='bbox 3395 4130 3823 4191; x_wconf 75' lang='lat' dir='ltr'><strong>Conresttstiltn&#39;il</strong></span> 
     </span>
    </p>
   </div>
   <div class='ocr_carea' id='block_1_106' title="bbox 2217 4212 3820 4298">
    <p class='ocr_par' dir='ltr' id='par_1_106' title="bbox 2217 4212 3820 4298">
     <span class='ocr_line' id='line_1_106' title="bbox 2217 4212 3820 4298; baseline 0.007 -25"><span class='ocrx_word' id='word_1_821' title='bbox 2217 4218 2382 4283; x_wconf 89' lang='lat' dir='ltr'><strong>enim,</strong></span> <span class='ocrx_word' id='word_1_822' title='bbox 2408 4229 2457 4272; x_wconf 91' lang='lat' dir='ltr'><strong>et</strong></span> <span class='ocrx_word' id='word_1_823' title='bbox 2483 4235 2576 4273; x_wconf 87' lang='lat' dir='ltr'><strong>nos</strong></span> <span class='ocrx_word' id='word_1_824' title='bbox 2603 4222 2870 4275; x_wconf 83' lang='lat' dir='ltr'><strong>consedere</strong></span> <span class='ocrx_word' id='word_1_825' title='bbox 2908 4224 3024 4292; x_wconf 85' lang='lat' dir='ltr'><strong>fecit</strong></span> <span class='ocrx_word' id='word_1_826' title='bbox 3051 4224 3104 4277; x_wconf 87' lang='lat' dir='ltr'><strong>in</strong></span> <span class='ocrx_word' id='word_1_827' title='bbox 3130 4223 3323 4285; x_wconf 69' lang='lat' dir='ltr'><strong>dextris</strong></span> <span class='ocrx_word' id='word_1_828' title='bbox 3349 4225 3402 4279; x_wconf 88' lang='lat' dir='ltr'><strong>in</strong></span> <span class='ocrx_word' id='word_1_829' title='bbox 3429 4227 3568 4281; x_wconf 70' lang='lat' dir='ltr'><strong>catis</strong></span> <span class='ocrx_word' id='word_1_830' title='bbox 3594 4212 3820 4298; x_wconf 68' lang='lat' dir='ltr'><strong>(Ephes.</strong></span> 
     </span>
    </p>
   </div>
   <div class='ocr_carea' id='block_1_107' title="bbox 2216 4307 3820 4388">
    <p class='ocr_par' dir='ltr' id='par_1_107' title="bbox 2216 4307 3820 4388">
     <span class='ocr_line' id='line_1_107' title="bbox 2216 4307 3820 4388; baseline 0.01 -27"><span class='ocrx_word' id='word_1_831' title='bbox 2216 4308 2271 4362; x_wconf 77' lang='grc'><strong>2.</strong></span> <span class='ocrx_word' id='word_1_832' title='bbox 2296 4307 2377 4378; x_wconf 88' lang='lat'><strong>6),</strong></span> <span class='ocrx_word' id='word_1_833' title='bbox 2408 4319 2458 4364; x_wconf 90' lang='lat' dir='ltr'><strong>et</strong></span> <span class='ocrx_word' id='word_1_834' title='bbox 2483 4309 2654 4377; x_wconf 88' lang='lat' dir='ltr'><strong>dedit,</strong></span> <span class='ocrx_word' id='word_1_835' title='bbox 2685 4321 2742 4367; x_wconf 93' lang='lat' dir='ltr'><strong>ut</strong></span> <span class='ocrx_word' id='word_1_836' title='bbox 2770 4311 2969 4382; x_wconf 87' lang='lat' dir='ltr'><strong>majora</strong></span> <span class='ocrx_word' id='word_1_837' title='bbox 2998 4312 3301 4371; x_wconf 84' lang='lat' dir='ltr'><strong>faceremus</strong></span> <span class='ocrx_word' id='word_1_838' title='bbox 3324 4315 3410 4383; x_wconf 93' lang='lat' dir='ltr'><strong>iis,</strong></span> <span class='ocrx_word' id='word_1_839' title='bbox 3437 4332 3560 4386; x_wconf 70' lang='lat' dir='ltr'><strong>quae</strong></span> <span class='ocrx_word' id='word_1_840' title='bbox 3589 4319 3705 4388; x_wconf 89' lang='lat' dir='ltr'><strong>ipse</strong></span> <span class='ocrx_word' id='word_1_841' title='bbox 3736 4321 3820 4377; x_wconf 79' lang='lat' dir='ltr'><strong>fe-</strong></span> 
     </span>
    </p>
   </div>
   <div class='ocr_carea' id='block_1_108' title="bbox 2216 4397 3822 4481">
    <p class='ocr_par' dir='ltr' id='par_1_108' title="bbox 2216 4397 3822 4481">
     <span class='ocr_line' id='line_1_108' title="bbox 2216 4397 3822 4481; baseline 0.008 -28"><span class='ocrx_word' id='word_1_842' title='bbox 2216 4397 2308 4453; x_wconf 89' lang='lat' dir='ltr'><strong>cit.</strong></span> <span class='ocrx_word' id='word_1_843' title='bbox 2341 4397 2506 4471; x_wconf 87' lang='lat' dir='ltr'><strong>Signa</strong></span> <span class='ocrx_word' id='word_1_844' title='bbox 2525 4400 2688 4466; x_wconf 68' lang='lat' dir='ltr'><strong>etaim,</strong></span> <span class='ocrx_word' id='word_1_845' title='bbox 2725 4401 3047 4473; x_wconf 79' lang='lat' dir='ltr'><strong>inquit,quts</strong></span> <span class='ocrx_word' id='word_1_846' title='bbox 3067 4420 3162 4476; x_wconf 86' lang='lat' dir='ltr'><strong>ego</strong></span> <span class='ocrx_word' id='word_1_847' title='bbox 3190 4406 3346 4476; x_wconf 86' lang='lat' dir='ltr'><strong>facio,</strong></span> <span class='ocrx_word' id='word_1_848' title='bbox 3373 4406 3482 4474; x_wconf 83' lang='lat' dir='ltr'><strong>ipse</strong></span> <span class='ocrx_word' id='word_1_849' title='bbox 3503 4423 3704 4478; x_wconf 84' lang='lat' dir='ltr'><strong>quoque</strong></span> <span class='ocrx_word' id='word_1_850' title='bbox 3738 4412 3822 4481; x_wconf 79' lang='lat' dir='ltr'><strong>[a-</strong></span> 
     </span>
    </p>
   </div>
   <div class='ocr_carea' id='block_1_109' title="bbox 2215 4489 3812 4564">
    <p class='ocr_par' dir='ltr' id='par_1_109' title="bbox 2215 4489 3812 4564">
     <span class='ocr_line' id='line_1_109' title="bbox 2215 4489 3812 4564; baseline 0.009 -22"><span class='ocrx_word' id='word_1_851' title='bbox 2215 4489 2331 4557; x_wconf 86' lang='lat' dir='ltr'><strong>ciet,</strong></span> <span class='ocrx_word' id='word_1_852' title='bbox 2355 4498 2402 4544; x_wconf 87' lang='lat' dir='ltr'><strong>et</strong></span> <span class='ocrx_word' id='word_1_853' title='bbox 2439 4492 2640 4562; x_wconf 86' lang='lat' dir='ltr'><strong>majora</strong></span> <span class='ocrx_word' id='word_1_854' title='bbox 2678 4492 2758 4546; x_wconf 80' lang='lat' dir='ltr'><strong>Itis</strong></span> <span class='ocrx_word' id='word_1_855' title='bbox 2795 4492 2943 4562; x_wconf 78' lang='lat' dir='ltr'><strong>faciet</strong></span> <span class='ocrx_word' id='word_1_856' title='bbox 2967 4491 3146 4564; x_wconf 82' lang='lat' dir='ltr'><strong>(Joan.</strong></span> <span class='ocrx_word' id='word_1_857' title='bbox 3180 4489 3267 4551; x_wconf 76' lang='grc' dir='ltr'><strong>η.</strong></span> <span class='ocrx_word' id='word_1_858' title='bbox 3297 4495 3412 4559; x_wconf 70' lang='lat' dir='ltr'><strong>l2);</strong></span> <span class='ocrx_word' id='word_1_859' title='bbox 3446 4496 3515 4552; x_wconf 83' lang='lat' dir='ltr'><strong>Et</strong></span> <span class='ocrx_word' id='word_1_860' title='bbox 3551 4499 3605 4553; x_wconf 89' lang='lat' dir='ltr'><strong>in</strong></span> <span class='ocrx_word' id='word_1_861' title='bbox 3629 4497 3812 4558; x_wconf 76' lang='lat' dir='ltr'><strong>Veteci</strong></span> 
     </span>
    </p>
   </div>
   <div class='ocr_carea' id='block_1_110' title="bbox 2216 4577 3818 4660">
    <p class='ocr_par' dir='ltr' id='par_1_110' title="bbox 2216 4577 3818 4660">
     <span class='ocr_line' id='line_1_110' title="bbox 2216 4577 3818 4660; baseline 0.008 -26"><span class='ocrx_word' id='word_1_862' title='bbox 2216 4577 2559 4655; x_wconf 85' lang='lat' dir='ltr'><strong>Testamento</strong></span> <span class='ocrx_word' id='word_1_863' title='bbox 2584 4581 2672 4636; x_wconf 87' lang='lat' dir='ltr'><strong>hic</strong></span> <span class='ocrx_word' id='word_1_864' title='bbox 2695 4581 2909 4652; x_wconf 90' lang='lat' dir='ltr'><strong>quidem</strong></span> <span class='ocrx_word' id='word_1_865' title='bbox 2937 4599 3085 4641; x_wconf 89' lang='lat' dir='ltr'><strong>mare</strong></span> <span class='ocrx_word' id='word_1_866' title='bbox 3107 4587 3332 4640; x_wconf 83' lang='lat' dir='ltr'><strong>mutavit</strong></span> <span class='ocrx_word' id='word_1_867' title='bbox 3354 4584 3549 4658; x_wconf 64' lang='lat' dir='ltr'><strong>(Exod.</strong></span> <span class='ocrx_word' id='word_1_868' title='bbox 3585 4588 3672 4644; x_wconf 65' lang='lat' dir='ltr'><strong>li.</strong></span> <span class='ocrx_word' id='word_1_869' title='bbox 3693 4590 3818 4660; x_wconf 68' lang='lat' dir='ltr'><strong>Si),</strong></span> 
     </span>
    </p>
   </div>
   <div class='ocr_carea' id='block_1_111' title="bbox 2216 4669 3820 4746">
    <p class='ocr_par' dir='ltr' id='par_1_111' title="bbox 2216 4669 3820 4746">
     <span class='ocr_line' id='line_1_111' title="bbox 2216 4669 3820 4746; baseline 0.009 -23"><span class='ocrx_word' id='word_1_870' title='bbox 2216 4669 2308 4725; x_wconf 89' lang='lat' dir='ltr'><strong>ille</strong></span> <span class='ocrx_word' id='word_1_871' title='bbox 2335 4685 2464 4726; x_wconf 78' lang='lat' dir='ltr'><strong>vero</strong></span> <span class='ocrx_word' id='word_1_872' title='bbox 2502 4673 2671 4727; x_wconf 86' lang='lat' dir='ltr'><strong>solem</strong></span> <span class='ocrx_word' id='word_1_873' title='bbox 2715 4674 2962 4739; x_wconf 84' lang='lat' dir='ltr'><strong>frenavit,</strong></span> <span class='ocrx_word' id='word_1_874' title='bbox 2989 4675 3125 4729; x_wconf 89' lang='lat' dir='ltr'><strong>alius</strong></span> <span class='ocrx_word' id='word_1_875' title='bbox 3166 4676 3344 4730; x_wconf 89' lang='lat' dir='ltr'><strong>lunam</strong></span> <span class='ocrx_word' id='word_1_876' title='bbox 3381 4677 3542 4746; x_wconf 87' lang='lat' dir='ltr'><strong>jussit</strong></span> <span class='ocrx_word' id='word_1_877' title='bbox 3593 4695 3820 4737; x_wconf 76' lang='lat' dir='ltr'><strong>manere</strong></span> 
     </span>
    </p>
   </div>
   <div class='ocr_carea' id='block_1_112' title="bbox 2217 4758 3813 4840">
    <p class='ocr_par' dir='ltr' id='par_1_112' title="bbox 2217 4758 3813 4840">
     <span class='ocr_line' id='line_1_112' title="bbox 2217 4758 3813 4840; baseline 0.007 -27"><span class='ocrx_word' id='word_1_878' title='bbox 2217 4758 2401 4829; x_wconf 72' lang='lat' dir='ltr'><strong>(Iosue</strong></span> <span class='ocrx_word' id='word_1_879' title='bbox 2430 4761 2520 4816; x_wconf 77' lang='grc'><strong>10.</strong></span> <span class='ocrx_word' id='word_1_880' title='bbox 2548 4762 2672 4833; x_wconf 73' lang='lat' dir='ltr'><strong>i3),</strong></span> <span class='ocrx_word' id='word_1_881' title='bbox 2697 4762 2832 4816; x_wconf 88' lang='lat' dir='ltr'><strong>alius</strong></span> <span class='ocrx_word' id='word_1_882' title='bbox 2862 4779 3047 4820; x_wconf 88' lang='lat' dir='ltr'><strong>rursus</strong></span> <span class='ocrx_word' id='word_1_883' title='bbox 3089 4765 3142 4818; x_wconf 93' lang='lat' dir='ltr'><strong>in</strong></span> <span class='ocrx_word' id='word_1_884' title='bbox 3188 4779 3250 4819; x_wconf 90' lang='lat' dir='ltr'><strong>se</strong></span> <span class='ocrx_word' id='word_1_885' title='bbox 3287 4764 3467 4830; x_wconf 72' lang='lat' dir='ltr'><strong>radios</strong></span> <span class='ocrx_word' id='word_1_886' title='bbox 3495 4769 3689 4824; x_wconf 83' lang='lat' dir='ltr'><strong>avertit</strong></span> <span class='ocrx_word' id='word_1_887' title='bbox 3715 4772 3738 4840; x_wconf 96' lang='lat'><strong>(</strong></span> <span class='ocrx_word' id='word_1_888' title='bbox 3758 4773 3813 4826; x_wconf 74' lang='grc' dir='ltr'>ι.</span> 
     </span>
    </p>
   </div>
   <div class='ocr_carea' id='block_1_113' title="bbox 2214 4850 3820 4934">
    <p class='ocr_par' dir='ltr' id='par_1_113' title="bbox 2214 4850 3820 4934">
     <span class='ocr_line' id='line_1_113' title="bbox 2214 4850 3820 4934; baseline 0.006 -27"><span class='ocrx_word' id='word_1_889' title='bbox 2214 4850 2343 4921; x_wconf 85' lang='lat' dir='ltr'><strong>Reg.</strong></span> <span class='ocrx_word' id='word_1_890' title='bbox 2383 4851 2475 4908; x_wconf 72' lang='lat'><strong>20.</strong></span> <span class='ocrx_word' id='word_1_891' title='bbox 2514 4853 2605 4924; x_wconf 81' lang='lat' dir='ltr'><strong>ll)</strong></span> <span class='ocrx_word' id='word_1_892' title='bbox 2635 4870 2648 4906; x_wconf 87' lang='lat'><strong>:</strong></span> <span class='ocrx_word' id='word_1_893' title='bbox 2676 4854 2826 4922; x_wconf 90' lang='lat' dir='ltr'><strong>pueri</strong></span> <span class='ocrx_word' id='word_1_894' title='bbox 2855 4865 3036 4910; x_wconf 87' lang='lat' dir='ltr'><strong>autem</strong></span> <span class='ocrx_word' id='word_1_895' title='bbox 3065 4855 3118 4909; x_wconf 93' lang='lat' dir='ltr'><strong>in</strong></span> <span class='ocrx_word' id='word_1_896' title='bbox 3158 4855 3373 4912; x_wconf 80' lang='lat' dir='ltr'><strong>fornace</strong></span> <span class='ocrx_word' id='word_1_897' title='bbox 3397 4858 3650 4915; x_wconf 86' lang='lat' dir='ltr'><strong>elementi</strong></span> <span class='ocrx_word' id='word_1_898' title='bbox 3679 4878 3820 4934; x_wconf 62' lang='lat' dir='ltr'><strong>opus</strong></span> 
     </span>
    </p>
   </div>
   <div class='ocr_carea' id='block_1_114' title="bbox 2211 4942 3816 5018">
    <p class='ocr_par' dir='ltr' id='par_1_114' title="bbox 2211 4942 3816 5018">
     <span class='ocr_line' id='line_1_114' title="bbox 2211 4942 3816 5018; baseline 0.007 -22"><span class='ocrx_word' id='word_1_899' title='bbox 2211 4942 2477 4999; x_wconf 90' lang='lat' dir='ltr'><strong>rationem</strong></span> <span class='ocrx_word' id='word_1_900' title='bbox 2509 4943 2825 5014; x_wconf 87' lang='lat' dir='ltr'><strong>alligarunt,</strong></span> <span class='ocrx_word' id='word_1_901' title='bbox 2854 4953 2910 5000; x_wconf 90' lang='lat' dir='ltr'><strong>et</strong></span> <span class='ocrx_word' id='word_1_902' title='bbox 2946 4944 3162 5001; x_wconf 87' lang='lat' dir='ltr'><strong>flamma</strong></span> <span class='ocrx_word' id='word_1_903' title='bbox 3192 4945 3467 5004; x_wconf 83' lang='lat' dir='ltr'><strong>insaniens</strong></span> <span class='ocrx_word' id='word_1_904' title='bbox 3509 4951 3736 5018; x_wconf 88' lang='lat' dir='ltr'><strong>silebat,</strong></span> <span class='ocrx_word' id='word_1_905' title='bbox 3761 4965 3816 5008; x_wconf 91' lang='lat' dir='ltr'><strong>et</strong></span> 
     </span>
    </p>
   </div>
   <div class='ocr_carea' id='block_1_115' title="bbox 2211 5033 3812 5112">
    <p class='ocr_par' dir='ltr' id='par_1_115' title="bbox 2211 5033 3812 5112">
     <span class='ocr_line' id='line_1_115' title="bbox 2211 5033 3812 5112; baseline 0.008 -25"><span class='ocrx_word' id='word_1_906' title='bbox 2211 5033 2420 5106; x_wconf 86' lang='lat' dir='ltr'><strong>alligata</strong></span> <span class='ocrx_word' id='word_1_907' title='bbox 2458 5035 2706 5091; x_wconf 90' lang='lat' dir='ltr'><strong>sibilabat</strong></span> <span class='ocrx_word' id='word_1_908' title='bbox 2747 5035 2922 5108; x_wconf 87' lang='lat' dir='ltr'><strong>(Dan.</strong></span> <span class='ocrx_word' id='word_1_909' title='bbox 2949 5037 3008 5094; x_wconf 81' lang='lat'><strong>5.</strong></span> <span class='ocrx_word' id='word_1_910' title='bbox 3055 5035 3149 5094; x_wconf 73' lang='lat'><strong>25.</strong></span> <span class='ocrx_word' id='word_1_911' title='bbox 3179 5055 3289 5111; x_wconf 89' lang='lat' dir='ltr'><strong>sqq.</strong></span> <span class='ocrx_word' id='word_1_912' title='bbox 3312 5038 3358 5112; x_wconf 95' lang='lat'><strong>).</strong></span> <span class='ocrx_word' id='word_1_913' title='bbox 3403 5041 3612 5098; x_wconf 89' lang='lat' dir='ltr'><strong>Norunt</strong></span> <span class='ocrx_word' id='word_1_914' title='bbox 3649 5045 3812 5099; x_wconf 85' lang='lat' dir='ltr'><strong>etiam</strong></span> 
     </span>
    </p>
   </div>
   <div class='ocr_carea' id='block_1_116' title="bbox 2212 5123 3812 5204">
    <p class='ocr_par' dir='ltr' id='par_1_116' title="bbox 2212 5123 3812 5204">
     <span class='ocr_line' id='line_1_116' title="bbox 2212 5123 3812 5204; baseline 0.008 -25"><span class='ocrx_word' id='word_1_915' title='bbox 2212 5123 2596 5181; x_wconf 76' lang='lat' dir='ltr'><strong>ferte-revereri</strong></span> <span class='ocrx_word' id='word_1_916' title='bbox 2623 5125 2718 5182; x_wconf 90' lang='lat' dir='ltr'><strong>Dei</strong></span> <span class='ocrx_word' id='word_1_917' title='bbox 2742 5127 2944 5184; x_wconf 87' lang='lat' dir='ltr'><strong>amicos</strong></span> <span class='ocrx_word' id='word_1_918' title='bbox 2970 5127 3136 5200; x_wconf 84' lang='lat' dir='ltr'><strong>(Dan.</strong></span> <span class='ocrx_word' id='word_1_919' title='bbox 3155 5129 3210 5187; x_wconf 89' lang='lat'><strong>6.</strong></span> <span class='ocrx_word' id='word_1_920' title='bbox 3239 5131 3334 5204; x_wconf 74' lang='grc'><strong>22)</strong></span> <span class='ocrx_word' id='word_1_921' title='bbox 3359 5151 3374 5187; x_wconf 86' lang='lat'><strong>:</strong></span> <span class='ocrx_word' id='word_1_922' title='bbox 3405 5141 3458 5187; x_wconf 90' lang='lat' dir='ltr'><strong>et</strong></span> <span class='ocrx_word' id='word_1_923' title='bbox 3489 5133 3615 5190; x_wconf 89' lang='lat' dir='ltr'><strong>licet</strong></span> <span class='ocrx_word' id='word_1_924' title='bbox 3643 5135 3812 5192; x_wconf 84' lang='lat' dir='ltr'><strong>fames</strong></span> 
     </span>
    </p>
   </div>
   <div class='ocr_carea' id='block_1_117' title="bbox 2212 5214 3815 5295">
    <p class='ocr_par' dir='ltr' id='par_1_117' title="bbox 2212 5214 3815 5295">
     <span class='ocr_line' id='line_1_117' title="bbox 2212 5214 3815 5295; baseline 0.009 -27"><span class='ocrx_word' id='word_1_925' title='bbox 2212 5223 2436 5284; x_wconf 89' lang='lat' dir='ltr'><strong>urgeat,</strong></span> <span class='ocrx_word' id='word_1_926' title='bbox 2473 5214 2829 5272; x_wconf 86' lang='lat' dir='ltr'><strong>modestiores</strong></span> <span class='ocrx_word' id='word_1_927' title='bbox 2858 5227 3036 5276; x_wconf 89' lang='lat' dir='ltr'><strong>tamen</strong></span> <span class='ocrx_word' id='word_1_928' title='bbox 3065 5219 3219 5275; x_wconf 87' lang='lat' dir='ltr'><strong>llunt.</strong></span> <span class='ocrx_word' id='word_1_929' title='bbox 3247 5221 3349 5290; x_wconf 87' lang='lat' dir='ltr'><strong>Qui</strong></span> <span class='ocrx_word' id='word_1_930' title='bbox 3392 5232 3516 5277; x_wconf 88' lang='lat' dir='ltr'><strong>sunt</strong></span> <span class='ocrx_word' id='word_1_931' title='bbox 3552 5225 3690 5295; x_wconf 70' lang='lat' dir='ltr'><strong>gula:</strong></span> <span class='ocrx_word' id='word_1_932' title='bbox 3719 5226 3815 5282; x_wconf 85' lang='lat' dir='ltr'><strong>de-</strong></span> 
     </span>
    </p>
   </div>
   <div class='ocr_carea' id='block_1_118' title="bbox 2209 5304 3812 5375">
    <p class='ocr_par' dir='ltr' id='par_1_118' title="bbox 2209 5304 3812 5375">
     <span class='ocr_line' id='line_1_118' title="bbox 2209 5304 3812 5375; baseline 0.011 -17"><span class='ocrx_word' id='word_1_933' title='bbox 2209 5304 2330 5370; x_wconf 87' lang='lat' dir='ltr'><strong>diti,</strong></span> <span class='ocrx_word' id='word_1_934' title='bbox 2357 5315 2703 5362; x_wconf 86' lang='lat' dir='ltr'><strong>revereantur</strong></span> <span class='ocrx_word' id='word_1_935' title='bbox 2727 5305 2961 5366; x_wconf 90' lang='lat' dir='ltr'><strong>ferarum</strong></span> <span class='ocrx_word' id='word_1_936' title='bbox 2990 5309 3385 5369; x_wconf 83' lang='lat' dir='ltr'><strong>abstinentiam.</strong></span> <span class='ocrx_word' id='word_1_937' title='bbox 3413 5313 3621 5374; x_wconf 83' lang='lat' dir='ltr'><strong>Leones</strong></span> <span class='ocrx_word' id='word_1_938' title='bbox 3657 5317 3812 5375; x_wconf 85' lang='lat' dir='ltr'><strong>vide-</strong></span> 
     </span>
    </p>
   </div>
   <div class='ocr_carea' id='block_1_119' title="bbox 2209 5395 3812 5467">
    <p class='ocr_par' dir='ltr' id='par_1_119' title="bbox 2209 5395 3812 5467">
     <span class='ocr_line' id='line_1_119' title="bbox 2209 5395 3812 5467; baseline 0.011 -19"><span class='ocrx_word' id='word_1_939' title='bbox 2209 5403 2336 5449; x_wconf 91' lang='lat' dir='ltr'><strong>runt</strong></span> <span class='ocrx_word' id='word_1_940' title='bbox 2362 5395 2660 5467; x_wconf 87' lang='lat' dir='ltr'><strong>Danielem,</strong></span> <span class='ocrx_word' id='word_1_941' title='bbox 2690 5408 2744 5454; x_wconf 90' lang='lat' dir='ltr'><strong>et</strong></span> <span class='ocrx_word' id='word_1_942' title='bbox 2769 5400 3168 5458; x_wconf 85' lang='lat' dir='ltr'><strong>moderatiores</strong></span> <span class='ocrx_word' id='word_1_943' title='bbox 3186 5401 3359 5460; x_wconf 68' lang='lat' dir='ltr'><strong>edocti</strong></span> <span class='ocrx_word' id='word_1_944' title='bbox 3397 5415 3523 5461; x_wconf 90' lang='lat' dir='ltr'><strong>sunt</strong></span> <span class='ocrx_word' id='word_1_945' title='bbox 3548 5424 3563 5460; x_wconf 92' lang='lat'><strong>:</strong></span> <span class='ocrx_word' id='word_1_946' title='bbox 3595 5423 3694 5464; x_wconf 90' lang='lat' dir='ltr'><strong>uos</strong></span> <span class='ocrx_word' id='word_1_947' title='bbox 3713 5424 3812 5466; x_wconf 83' lang='lat' dir='ltr'><strong>ve-</strong></span> 
     </span>
    </p>
   </div>
   <div class='ocr_carea' id='block_1_120' title="bbox 2208 5488 3808 5566">
    <p class='ocr_par' dir='ltr' id='par_1_120' title="bbox 2208 5488 3808 5566">
     <span class='ocr_line' id='line_1_120' title="bbox 2208 5488 3808 5566; baseline 0.01 -25"><span class='ocrx_word' id='word_1_948' title='bbox 2208 5488 2443 5543; x_wconf 86' lang='lat' dir='ltr'><strong>nientem</strong></span> <span class='ocrx_word' id='word_1_949' title='bbox 2472 5489 2538 5544; x_wconf 91' lang='lat' dir='ltr'><strong>ad</strong></span> <span class='ocrx_word' id='word_1_950' title='bbox 2560 5504 2659 5546; x_wconf 89' lang='lat' dir='ltr'><strong>nos</strong></span> <span class='ocrx_word' id='word_1_951' title='bbox 2683 5488 2878 5546; x_wconf 87' lang='lat' dir='ltr'><strong>Filium</strong></span> <span class='ocrx_word' id='word_1_952' title='bbox 2911 5491 3006 5548; x_wconf 85' lang='lat' dir='ltr'><strong>Dei</strong></span> <span class='ocrx_word' id='word_1_953' title='bbox 3034 5491 3299 5560; x_wconf 86' lang='lat' dir='ltr'><strong>videntes,</strong></span> <span class='ocrx_word' id='word_1_954' title='bbox 3316 5495 3671 5566; x_wconf 83' lang='lat' dir='ltr'><strong>sapientiores</strong></span> <span class='ocrx_word' id='word_1_955' title='bbox 3699 5515 3808 5557; x_wconf 82' lang='lat' dir='ltr'><strong>non</strong></span> 
     </span>
    </p>
   </div>
   <div class='ocr_carea' id='block_1_121' title="bbox 2206 5579 3808 5659">
    <p class='ocr_par' dir='ltr' id='par_1_121' title="bbox 2206 5579 3808 5659">
     <span class='ocr_line' id='line_1_121' title="bbox 2206 5579 3808 5659; baseline 0.009 -23"><span class='ocrx_word' id='word_1_956' title='bbox 2206 5579 2508 5638; x_wconf 87' lang='lat' dir='ltr'><strong>reddimur.</strong></span> <span class='ocrx_word' id='word_1_957' title='bbox 2539 5581 2840 5639; x_wconf 71' lang='lat' dir='ltr'><strong>Ialuerunt</strong></span> <span class='ocrx_word' id='word_1_958' title='bbox 2869 5583 2944 5639; x_wconf 90' lang='lat' dir='ltr'><strong>illi</strong></span> <span class='ocrx_word' id='word_1_959' title='bbox 2969 5583 3112 5642; x_wconf 87' lang='lat' dir='ltr'><strong>fame</strong></span> <span class='ocrx_word' id='word_1_960' title='bbox 3139 5585 3336 5657; x_wconf 88' lang='lat' dir='ltr'><strong>perire,</strong></span> <span class='ocrx_word' id='word_1_961' title='bbox 3364 5603 3524 5659; x_wconf 87' lang='lat' dir='ltr'><strong>quam</strong></span> <span class='ocrx_word' id='word_1_962' title='bbox 3563 5601 3808 5650; x_wconf 85' lang='lat' dir='ltr'><strong>sanctnm</strong></span> 
     </span>
    </p>
   </div>
   <div class='ocr_carea' id='block_1_122' title="bbox 2207 5677 3806 5746">
    <p class='ocr_par' dir='ltr' id='par_1_122' title="bbox 2207 5677 3806 5746">
     <span class='ocr_line' id='line_1_122' title="bbox 2207 5677 3806 5746; baseline 0.008 -16"><span class='ocrx_word' id='word_1_963' title='bbox 2207 5688 2403 5744; x_wconf 87' lang='lat' dir='ltr'><strong>corpus</strong></span> <span class='ocrx_word' id='word_1_964' title='bbox 2428 5684 2647 5746; x_wconf 85' lang='lat' dir='ltr'><strong>tangere</strong></span> <span class='ocrx_word' id='word_1_965' title='bbox 2678 5693 2692 5728; x_wconf 90' lang='lat'><strong>:</strong></span> <span class='ocrx_word' id='word_1_966' title='bbox 2723 5691 2824 5731; x_wconf 89' lang='lat' dir='ltr'><strong>nos</strong></span> <span class='ocrx_word' id='word_1_967' title='bbox 2849 5677 3052 5735; x_wconf 91' lang='lat' dir='ltr'><strong>nudum</strong></span> <span class='ocrx_word' id='word_1_968' title='bbox 3077 5677 3348 5737; x_wconf 86' lang='lat' dir='ltr'><strong>Christum</strong></span> <span class='ocrx_word' id='word_1_969' title='bbox 3371 5692 3427 5738; x_wconf 87' lang='lat' dir='ltr'><strong>et</strong></span> <span class='ocrx_word' id='word_1_970' title='bbox 3454 5680 3597 5742; x_wconf 85' lang='lat' dir='ltr'><strong>fame</strong></span> <span class='ocrx_word' id='word_1_971' title='bbox 3625 5685 3806 5742; x_wconf 78' lang='lat' dir='ltr'><strong>confe-</strong></span> 
     </span>
    </p>
   </div>
   <div class='ocr_carea' id='block_1_123' title="bbox 2270 5797 3494 5879">
    <p class='ocr_par' dir='ltr' id='par_1_123' title="bbox 2270 5797 3494 5879">
     <span class='ocr_line' id='line_1_123' title="bbox 2270 5797 3494 5879; baseline 0.016 -18"><span class='ocrx_word' id='word_1_972' title='bbox 2270 5811 2344 5872; x_wconf 67' lang='grc' dir='ltr'><strong>(αὶ</strong></span> <span class='ocrx_word' id='word_1_973' title='bbox 2379 5811 2534 5864; x_wconf 72' lang='lat' dir='ltr'><strong>Voces</strong></span> <span class='ocrx_word' id='word_1_974' title='bbox 2552 5812 2770 5864; x_wconf 65' lang='lat' dir='ltr'><strong>Hebraeae</strong></span> <span class='ocrx_word' id='word_1_975' title='bbox 2788 5825 2923 5872; x_wconf 75' lang='lat' dir='ltr'><strong>sunt.</strong></span> <span class='ocrx_word' id='word_1_976' title='bbox 2947 5823 3069 5877; x_wconf 76' lang='lat' dir='ltr'><strong>D‘Ttt</strong></span> <span class='ocrx_word' id='word_1_977' title='bbox 3095 5798 3216 5879; x_wconf 56' lang='grc' dir='ltr'><strong>’Σύ</strong></span> <span class='ocrx_word' id='word_1_978' title='bbox 3236 5797 3360 5878; x_wconf 68' lang='grc' dir='ltr'><strong>πὸτ</strong></span> <span class='ocrx_word' id='word_1_979' title='bbox 3382 5827 3494 5878; x_wconf 71' lang='lat' dir='ltr'><strong>D13</strong></span> 
     </span>
    </p>
   </div>
  </div>
