4068 6440
206 387 310 447 H9

197 512 348 559 ctum
374 496 605 556 circuire
637 494 883 553 videntes
902 531 919 557 ,
949 504 1018 545 ne
1046 501 1111 544 ca
1147 485 1362 559 quidem
1391 501 1514 558 qua
1549 492 1676 540 sunt
1718 498 1812 539 su-

198 606 534 666 pervacanea
559 588 900 653 dimittimus,
919 583 1015 641 sed
1030 584 1083 639 in
1102 595 1312 639 summa
1337 594 1518 638 rerum
1538 576 1811 635 afﬂuentia

197 685 473 749 viventes,
522 688 735 737 sanctos
779 675 1126 747 despicimus.
1153 669 1322 728 Terra
1359 684 1547 725 rursus
1586 668 1674 723 alii
1716 667 1811 722 Dei

196 778 377 833 amico
406 782 550 831 tanta
579 770 720 825 dona
738 783 809 825 ex
834 782 932 824 suo
960 765 1080 821 sinu
1111 762 1355 835 protulit,
1382 770 1439 817 et
1468 769 1669 816 tantam
1700 757 1811 813 ler-

198 868 472 931 tilitatem,
498 870 754 934 quantam
786 870 1076 928 numquam
1121 864 1278 911 antea
1307 851 1451 927 (Job.
1478 850 1569 907 42.
1603 850 1717 922 10).
1745 850 1811 906 Et

194 957 329 1031 quid
373 954 586 1011 miraris
608 992 624 1018 ,
657 952 703 1007 si
741 950 842 1021 ipsi
871 955 1026 1004 erant
1051 944 1392 1001 venerabiles
1414 984 1430 1009 ,
1460 956 1585 998 cum
1632 948 1813 997 vestes

196 1063 409 1115 eorum,
436 1052 496 1102 et
515 1044 722 1100 umbrae
744 1038 1103 1103 daemonibus,
1135 1037 1292 1092 morti
1319 1044 1376 1090 et
1400 1033 1602 1088 morbis
1628 1040 1813 1089 essent

192 1138 567 1201 formidabiles
597 1137 754 1208 (Act.
784 1135 875 1190 l9.
909 1132 999 1188 tl.
1034 1130 1123 1186 te.
1152 1136 1211 1184 et
1249 1128 1304 1184 5.
1341 1126 1465 1197 l5)?
1505 1125 1810 1194 Quinetiam

198 1232 373 1305 angeli
398 1244 614 1303 quoque
659 1225 879 1301 reveriti.
904 1231 1052 1290 sunt,
1080 1229 1137 1277 et
1163 1219 1445 1290 insigniter
1474 1217 1811 1273 honorarunt

193 1324 446 1381 homines
476 1320 634 1392 (Gen.
667 1319 757 1376 18.
788 1319 842 1374 5.
872 1326 919 1372 et
945 1316 1035 1373 19.
1064 1315 1143 1386 3).
1182 1311 1381 1382 Quidni
1408 1312 1551 1366 enim
1578 1309 1811 1365 honora-

192 1423 338 1479 rent,
366 1427 504 1484 quos
533 1413 650 1481 ipse
676 1409 939 1465 Dominus
961 1403 1263 1460 honorabat
1291 1400 1312 1474 (
1339 1400 1511 1456 Exod.
1542 1400 1631 1456 ll.
1666 1399 1758 1469 19)
1785 1399 1810 1453 ?

191 1505 311 1561 Hoc
346 1514 527 1559 autem
559 1501 727 1557 videri
755 1506 936 1571 potest
971 1506 1026 1552 et
1052 1495 1106 1551 in
1149 1494 1301 1551 Novo
1326 1493 1460 1548 etin
1492 1491 1670 1548 Veteri
1700 1491 1809 1548 Te-

190 1604 463 1652 stamento
485 1591 629 1662 (Iud.
658 1590 715 1645 2.
749 1592 800 1646 1.
826 1590 993 1644 Marc.
1021 1587 1109 1642 t6.
1137 1587 1194 1643 5.
1216 1579 1331 1640 Act.
1351 1586 1408 1641 8.
1437 1584 1529 1640 26.
1558 1594 1606 1639 et
1638 1582 1721 1640 t0.
1749 1584 1806 1637 ὅ.

188 1698 239 1743 et
266 1688 354 1743 12.
385 1688 417 1742 7
439 1688 481 1756 ).
525 1686 593 1741 Et
637 1683 758 1739 ideo
790 1681 919 1737 dicit
950 1698 963 1734 :
994 1677 1291 1736 Secundum
1316 1676 1639 1732 altitudinem
1670 1686 1809 1731 tuam

189 1778 546 1849 multiplicasti
573 1777 709 1847 ﬁlios
738 1777 1021 1829 hominum.
1049 1771 1186 1827 Cum
1213 1785 1345 1841 ergo
1372 1769 1807 1827 consideraveri-

184 1891 314 1931 mus
341 1873 561 1930 honoris
587 1869 1031 1942 magnitudinem,
1049 1880 1210 1939 quam
1238 1881 1336 1937 par
1358 1872 1443 1921 est
1469 1862 1808 1934 prmbeamns

189 1982 294 2038 pro
344 1983 408 2024 ea
454 1964 944 2023 remunerationem
965 2002 980 2027 ,
1028 1976 1099 2017 ne
1151 1959 1308 2016 nobis
1360 1957 1578 2013 habitus
1635 1956 1810 2013 honor

188 2058 420 2130 insignis
465 2057 538 2113 sit
580 2055 736 2111 nobis
783 2053 1037 2110 viaticum
1093 2050 1258 2107 futuri
1302 2048 1553 2121 supplicii
1583 2067 1597 2103 :
1626 2062 1657 2102 a
1700 2062 1811 2119 quo

188 2149 396 2206 utinam
423 2150 500 2221 (a)
534 2147 828 2203 liberemur
862 2156 1055 2201 omnes
1097 2151 1154 2200 et
1179 2141 1271 2213 qui
1308 2142 1571 2197 docemus
1612 2140 1713 2196 ista
1753 2148 1809 2195 et

188 2243 284 2314 qui
313 2242 575 2297 discimus
597 2281 614 2306 ,
644 2240 696 2294 iu
722 2237 942 2295 Christo
975 2233 1106 2292 Jesu
1135 2233 1364 2289 Domino
1408 2239 1614 2298 nostro,
1645 2246 1806 2303 quem

187 2332 352 2389 decet
380 2331 557 2387 omnis
583 2329 777 2401 gloria,
811 2328 985 2384 honor
1009 2336 1065 2384 et
1093 2325 1337 2382 adoratio
1374 2325 1429 2379 in
1467 2323 1665 2379 saecula
1706 2337 1810 2377 sa:-

185 2425 461 2484 culorum.
489 2425 685 2479 Amen.

508 2554 869 2614 EXPOSlTIO
909 2552 977 2611 IN
1016 2551 1343 2611 PSALMUM
1382 2550 1497 2607 XII.

187 2698 246 2757 1.
287 2695 359 2753 In
381 2695 539 2767 ﬁnem
563 2693 808 2750 Psalmus
835 2690 1026 2748 David.
1054 2691 1232 2759 Alius,
1268 2689 1376 2746 l’ro
1401 2690 1614 2745 victoria
1645 2688 1807 2741 cunti-

262 2806 382 2846 cttm
406 2786 598 2851 David.
626 2786 804 2854 Alius,
833 2784 903 2840 In
922 2785 1207 2840 victoriam.

191 2922 467 2995 Usquequo
486 2964 502 2989 ,
525 2920 782 2986 Domine,
813 2916 1121 2974 Oblivisceris
1163 2934 1244 2972 me
1288 2916 1345 2970 in
1388 2916 1586 2984 ﬁnem?
1613 2914 1767 2970 Alius
1792 2957 1805 2978 ,

269 3013 598 3072 Oblivisceris
649 3028 729 3066 me
772 3011 993 3083 penitus.
1043 3007 1325 3079 ‘Usqttequo
1385 3009 1569 3061 avertis
1628 3008 1810 3075 [aciem

262 3120 408 3164 tuom
431 3123 465 3161 a
493 3123 572 3161 me
593 3106 619 3160 7
643 3105 818 3169 Alius,
846 3102 1154 3158 Abscondis.

186 3245 244 3302 2.
291 3241 555 3309 Quamdiu
581 3255 769 3310 ponam
796 3235 1013 3292 consilia
1037 3236 1094 3290 in
1120 3236 1297 3289 animo
1318 3250 1431 3288 mea
1447 3235 1473 3289 2
1496 3235 1666 3298 Alius,
1686 3233 1811 3291 Sta.

262 3346 408 3389 tuam
434 3332 727 3388 sententias.
758 3328 975 3383 Dolores
1003 3329 1059 3382 in
1103 3331 1258 3381 corde
1299 3343 1411 3380 meo
1455 3337 1555 3397 per
1595 3327 1730 3379 diem
1761 3338 1810 3379 et

261 3434 481 3480 noctem.
510 3422 687 3486 Alius,
720 3418 1138 3475 Sollicitudinem
1163 3418 1216 3471 in
1242 3417 1548 3487 cogitatione
1569 3434 1680 3471 mea
1720 3434 1811 3485 per

264 3516 426 3571 diem.

263 3649 319 3703 1.
359 3645 476 3703 Non
514 3654 600 3699 est
629 3643 732 3699 hoc
767 3655 992 3714 parvum
1031 3640 1263 3706 bonum,
1295 3639 1499 3695 sentire
1538 3639 1632 3695 Dei
1667 3639 1810 3696 ohli-

188 3742 429 3796 vionem.
478 3736 816 3793 Oblivionem
855 3744 1039 3789 autem
1084 3748 1154 3788 ne
1192 3733 1469 3788 existimes
1510 3747 1633 3787 esse
1675 3731 1807 3786 aﬂ‘c-

186 3843 361 3897 etum,
388 3828 482 3885 sed
509 3826 938 3883 derelictionem.
966 3824 1117 3880 Multi
1142 3832 1290 3881 certe
1313 3824 1509 3895 quibus
1530 3824 1631 3879 hoc
1661 3824 1803 3878 acci-

186 3914 271 3981 dit
292 3922 397 3977 hoc
422 3922 597 3991 ipsum
622 3932 796 3989 neque
817 3925 1035 3982 norunt,
1062 3931 1236 3987 neque
1254 3914 1458 3971 deﬂent
1481 3933 1495 3969 :
1516 3915 1604 3970 hic
1626 3925 1805 3970 autem

190 4014 384 4069 beatus
431 4026 540 4066 non
591 4008 765 4065 solum
812 4007 916 4063 hoc
957 4016 1216 4073 noverat,
1250 4005 1346 4062 sed
1393 4014 1608 4075 tempus
1643 4006 1807 4060 etiam

188 4106 375 4161 animo
404 4101 705 4173 reputabat.
737 4099 872 4156 Illud
912 4100 1059 4173 enim
1098 4097 1404 4168 Usquequo,
1437 4107 1519 4154 est
1565 4100 1686 4165 ejus
1718 4097 1808 4166 qui

190 4208 447 4267 magnum
480 4204 691 4265 tempus
711 4192 949 4249 ostendit
977 4210 991 4245 :
1022 4180 1229 4247 et‘ideo
1254 4190 1418 4246 deﬂet
1443 4205 1507 4246 ac
1537 4192 1699 4262 luget.
1729 4191 1808 4245 'l‘u

188 4299 375 4345 atatem
396 4286 681 4343 considera
707 4286 984 4358 quomodo
1006 4284 1077 4340 de
1097 4284 1242 4339 nulla
1274 4299 1333 4339 re
1358 4293 1593 4347 terrena.
1612 4292 1667 4339 et
1690 4300 1812 4354 qum

196 4382 265 4437 ad
301 4382 445 4461 hanc
481 4381 645 4436 vitam
678 4380 981 4452 pertineat,
1011 4387 1269 4454 angatur,
1298 4392 1405 4431 non
1431 4376 1502 4433 de
1532 4378 1806 4447 pecuniis,

190 4491 299 4530 non
344 4474 417 4528 de
455 4473 624 4543 gloria
652 4514 665 4536 ,
695 4470 791 4527 sed
819 4470 1015 4540 ubique
1058 4469 1125 4524 de
1172 4468 1268 4524 Dei
1312 4467 1711 4524 benevolentia.
1748 4469 1812 4523 Et

188 4567 465 4621 nndenam
487 4563 654 4630 novit,
683 4562 912 4633 inquies,
934 4561 1102 4615 Deum
1123 4572 1243 4615 esse
1264 4559 1347 4615 sui
1373 4559 1639 4615 oblitum?
1665 4560 1812 4627 Quo~

189 4660 338 4715 niam
385 4662 609 4711 noverat
654 4653 820 4708 etiam
859 4650 1075 4722 quando
1117 4650 1476 4715 meminerat,
1529 4659 1584 4706 ct
1624 4660 1812 4720 aperte

189 4750 401 4805 sciebat
425 4745 553 4817 quid
584 4744 655 4800 sit
678 4742 898 4810 oblivio,
924 4742 1050 4811 quid
1076 4741 1338 4797 memoria
1372 4757 1385 4793 :
1419 4756 1526 4797 non
1550 4742 1809 4812 quemad-

192 4840 418 4897 modum
446 4838 635 4907 vnlgus
664 4835 945 4890 hominum
971 4833 1187 4902 quando
1207 4842 1333 4887 sunt
1361 4832 1811 4905 divites,quando

190 4929 337 5002 apud
360 4928 608 4983 homines
629 4925 856 4996 gloriam
886 4931 1266 4993 assequuntur,
1292 4922 1508 4993 quando
1531 4924 1609 4978 eis
1630 4926 1810 4979 ontuia

195 5021 427 5079 leliciter
476 5016 804 5083 succedunt,
842 5014 1060 5087 quando
1102 5014 1323 5069 vincunt
1365 5015 1613 5071 inimicos
1638 5057 1654 5082 ,
1686 5024 1813 5070 tunc

194 5117 513 5175 existimant
566 5114 738 5176 Deum
783 5126 975 5168 eorum
1016 5110 1373 5177 meminisse;
1432 5120 1489 5167 et
1536 5110 1659 5166 ideo
1711 5128 1813 5168 nec

193 5211 396 5277 sciunt,
414 5206 630 5280 quando
659 5207 801 5264 Deus
825 5219 1013 5262 eorum
1044 5203 1411 5262 obliviscatur.
1434 5203 1535 5273 Qui
1564 5204 1710 5260 enim
1738 5205 1809 5260 si-

194 5317 360 5376 gnum
389 5302 665 5357 memoria:
705 5298 993 5363 nesciunt,
1022 5311 1124 5353 nec
1165 5306 1367 5352 norimt
1394 5298 1555 5352 etiam
1598 5298 1811 5369 signum

196 5394 507 5451 oblivionis.
539 5391 596 5449 Si
621 5392 768 5448 enim
814 5406 923 5446 non
969 5397 1168 5445 norunt
1210 5389 1361 5459 signa
1409 5388 1679 5457 amicitiae,
1712 5403 1815 5446 uec

198 5486 601 5545 inimicitiarum
621 5486 783 5543 etiam
806 5484 957 5555 signa
988 5490 1204 5539 norunt.
1233 5481 1521 5538 Multorum
1550 5482 1697 5538 enim
1722 5483 1815 5553 qui

202 5581 321 5639 haec
345 5580 565 5646 habent,
594 5580 732 5636 Deus
759 5576 1116 5642 obliviscitur,
1138 5584 1298 5645 atque
1322 5574 1461 5633 adeo
1483 5590 1672 5633 eorum
1701 5592 1818 5633 ma-

264 5717 341 5781 (a)
364 5714 764 5781 Hec_ad__ﬁnem_
779 5726 939 5781 usque
976 5710 1414 5781 destderanutr__iu
1440 5710 1585 5781 Savil.
1617 5713 1728 5781 sed
1748 5726 1811 5766 ex

203 5772 468 5831 miliariae
481 5776 659 5840 Oidice
675 5772 945 5840 adjicienda
964 5787 1078 5826 esse
1094 5775 1283 5829 monuit
1296 5772 1384 5827 ille
1401 5776 1454 5826 iu
1470 5778 1617 5827 notis.
1638 5776 1816 5830 Eadem

205 5840 462 5905 doxologia
484 5840 610 5905 apud
633 5836 770 5891 Coiﬁ.
795 5840 1063 5901 reperitur.

1325 371 1691 432 EXPOSITIO
1729 370 1796 429 IN
1837 369 2168 428 PSALMUM
2208 372 2331 434 XII.

3439 384 3545 446 ίέιο

1929 484 2073 540 xime
2101 499 2339 547 acorum
2367 494 2548 543 autem
2579 487 2672 559 qui
2703 487 2755 544 in
2786 489 2951 547 rebus
2973 489 3216 546 adversis
3236 501 3543 559 versantur,

1923 590 2072 647 smpe
2090 577 2357 633 meminit.
2378 576 2523 633 Nihil
2540 579 2682 635 enim
2703 579 2843 651 apud
2863 581 3032 638 Deum
3054 597 3210 654 teque
3224 583 3546 640 memoriam

1925 667 2099 737 parit,
2125 676 2295 739 atque
2332 658 2457 725 boni
2488 669 2689 743 aliquid
2722 672 2933 739 lacere,
2964 689 3127 745 quam
3152 689 3277 732 esse
3302 676 3544 732 sobrium

1924 775 1988 817 ac
2017 761 2350 832 vigilantem,
2378 763 2593 820 virtutis
2617 779 2803 821 curam
2829 781 3021 839 gerere
3048 786 3062 823 :
3086 768 3544 840 quemadmodum

1924 854 2059 910 nihil
2096 870 2252 927 aeque
2295 856 2585 913 oblivionis
2610 874 2774 915 causa
2804 869 2918 925 est,
2954 870 3013 917 ut
3053 878 3178 919 esse
3223 863 3278 919 ia
3307 864 3545 936 peccatio

1921 947 2271 1020 avaritiaeque
2314 958 2369 1005 et
2405 950 2612 1021 rapina:
2649 966 2773 1009 esse
2818 951 3084 1009 deditum.
3127 953 3199 1010 Et
3224 963 3279 1010 tu
3319 970 3483 1027 ergo,
3511 973 3545 1011 o

1922 1037 2136 1107 dilecte,
2156 1039 2376 1112 quando
2404 1040 2459 1096 in
2487 1042 2665 1114 aliqua
2708 1043 2875 1101 fueris
2901 1046 3240 1116 calamitate,
3274 1063 3342 1103 ne
3370 1048 3543 1114 dias,

1922 1132 2067 1189 Dens
2097 1135 2200 1190 mei
2230 1134 2431 1216 oblitus
2470 1143 2593 1191 est:
2622 1138 2719 1193 sed
2748 1137 2965 1208 quando
2996 1137 3168 1213 lueris
3196 1138 3253 1196 in
3280 1141 3541 1212 peccatis,

1921 1233 1979 1281 et
2002 1224 2180 1282 omnia
2212 1226 2308 1283 tibi
2338 1227 2570 1284 feliciter
2594 1228 2913 1287 succedunt.
2944 1231 3001 1287 Si
3029 1230 3132 1288 hoc
3155 1233 3302 1289 enim
3341 1248 3546 1303 cogno-

1919 1317 2087 1384 veris,
2125 1333 2156 1373 a
2197 1319 2360 1378 rebus
2398 1322 2558 1379 malis
2587 1323 2811 1395 agendis
2852 1324 2959 1380 cito
2993 1326 3232 1381 recedes.
3266 1324 3545 1397 Usqueqm

1918 1411 2105 1465 avertis
2145 1410 2331 1480 faciem
2358 1422 2500 1468 tuam
2532 1430 2566 1467 α
2595 1413 2721 1468 me?
2747 1413 2860 1469 lloc
2905 1422 2990 1469 est
3031 1417 3267 1473 maxima
3314 1418 3538 1474 oblivio.

1920 1500 2000 1557 Ex
2030 1500 2282 1559 humanis
2310 1502 2454 1560 enim
2485 1503 2671 1576 ﬁguris
2690 1505 2933 1561 ostendit
2960 1505 3056 1562 Dei
3088 1508 3454 1580 Operationes.
3488 1517 3540 1565 «ιι

1918 1596 2038 1667 ejus
2077 1596 2215 1652 iram
2257 1605 2313 1653 et
2352 1597 2614 1654 ultionem
2650 1599 2925 1670 exprimit.
2954 1600 3100 1655 Deus
3139 1611 3319 1657 autem
3351 1616 3541 1656 rursus

1920 1686 2109 1743 faciem
2139 1701 2293 1743 suam
2319 1688 2534 1755 avertit,
2565 1688 2785 1759 quando
2811 1688 3039 1745 facimus
3068 1708 3190 1763 quae
3232 1700 3359 1746 sunt
3395 1692 3538 1746 indi-

1916 1796 2022 1851 gna
2048 1782 2169 1852 ejus
2211 1783 2536 1854 praeceptis:
2569 1781 2789 1849 Quando
2817 1784 2953 1839 enim
2983 1785 3264 1841 mandetis
3284 1827 3299 1851 ,
3334 1786 3534 1856 inquit,

1918 1892 2105 1930 manus
2144 1886 2367 1943 vestras,
2398 1884 2623 1932 avertam
2652 1877 2828 1933 oculos
2865 1893 3005 1932 meos
3046 1893 3081 1931 α
3120 1878 3280 1934 vobis.
3330 1878 3537 1935 Deinde

1917 1982 2076 2023 causa
2103 1966 2485 2040 subjungitur:
2515 1968 2706 2026 Manus
2729 1971 2863 2026 enim
2892 1980 3071 2027 vestrae
3091 1972 3341 2044 sanguine
3372 1954 3549 2042 plenis

1916 2071 2036 2116 sunt
2068 2061 2221 2136 (Issi.
2248 2064 2299 2119 1.
2331 2065 2441 2135 l5).
2471 2064 2598 2120 llmc
2626 2065 2740 2136 ipsa
2775 2073 2958 2121 autem
2986 2065 3285 2131 derelictio,
3321 2076 3378 2121 et
3414 2068 3536 2122 vul-

1920 2164 2007 2210 tus
2041 2155 2289 2221 aversio,
2337 2170 2549 2227 magna:
2576 2166 2661 2213 est
2704 2172 2852 2213 curm
2899 2172 2965 2213 ac
3004 2157 3359 2227 providentia
3389 2176 3403 2213 :
3436 2158 3541 2214 hoc

1917 2257 2098 2308 autem
2126 2246 2285 2315 facit,
2313 2258 2373 2305 ut
2396 2264 2496 2304 nos
2526 2249 2595 2305 ad
2622 2264 2683 2307 se
2708 2250 3086 2307 vehementius
3115 2252 3369 2308 attrahat.
3402 2251 3537 2308 Nam

1917 2341 2081 2396 etiam
2106 2342 2173 2409 is,
2198 2342 2291 2413 qui
2311 2350 2395 2398 est
2425 2342 2617 2399 insano
2643 2357 2830 2399 amore
2857 2353 3069 2414 captus,
3102 2358 3228 2400 eum
3266 2345 3356 2416 qui
3384 2359 3539 2401 ama-

1919 2440 2006 2485 tur
2028 2440 2463 2488 contemnentem
2490 2432 2713 2489 dimittit
2742 2448 2808 2489 ac
2835 2434 3184 2506 derelinquit,
3219 2450 3327 2491 non
3356 2435 3540 2491 animo

1917 2522 2135 2594 quidem
2178 2525 2495 2592 expellens,
2527 2525 2627 2581 sed
2666 2525 2840 2595 ipsum
2872 2526 3060 2583 volens
3100 2526 3167 2582 ad
3200 2542 3260 2584 se
3304 2542 3537 2584 convcr-

1918 2626 2033 2672 tere
2058 2658 2073 2684 ,
2099 2624 2154 2673 et
2180 2618 2281 2674 sibi
2306 2615 2968 2700 conjungere..Postquam
2999 2628 3179 2675 autem
3220 2620 3356 2676 dixit
3380 2636 3541 2677 aver-

1917 2710 2164 2773 sionem,
2205 2709 2337 2766 dicit
2374 2713 2539 2766 etiam
2580 2711 2938 2780 oblivionem,
2970 2722 3026 2769 et
3063 2730 3185 2784 qua:
3222 2714 3325 2770 sibi
3364 2732 3431 2771 ex
3472 2730 3535 2770 ea

1917 2812 2235 2859 evenerunt.
2276 2800 2535 2872 Quisnam
2558 2810 2738 2860 autem
2769 2819 2834 2861 ea
2860 2804 3031 2861 sunt?
3059 2805 3135 2863 Ea
3161 2821 3283 2879 qua:
3309 2807 3538 2881 subjun-

1915 2897 2013 2966 git.
2040 2896 2230 2952 dicens
2253 2937 2269 2963 ,
2304 2897 2567 2964 Quamdiu
2592 2913 2782 2967 ponam
2817 2900 3033 2955 consilia
3068 2917 3103 2954 ι.
3158 2902 3334 2955 anima
3378 2918 3491 2956 mea
3516 2903 3541 2955 ζ’

1917 2989 2385 3057 Quemadmodum
2415 2990 2559 3044 enim
2589 2991 2682 3061 qui
2709 3006 2740 3045 e
2771 3000 2928 3060 portu
2950 3008 3201 3063 egressus
3231 3004 3315 3051 est
3340 2994 3539 3067 ubique

1918 3091 2162 3155 vagatur,
2191 3090 2245 3137 et
2280 3082 2369 3151 qui
2401 3082 2519 3139 luce
2556 3084 2797 3152 privatus
2834 3092 2918 3139 est
2961 3084 3014 3139 in
3046 3086 3228 3140 multis
3264 3084 3490 3143 olfendit
3522 3105 3537 3141 :

1918 3173 1991 3228 ita
2022 3173 2184 3228 etiam
2216 3174 2305 3243 qui
2339 3173 2391 3238 in
2424 3173 2516 3229 Dei
2544 3172 2873 3230 oblivionem
2919 3175 3105 3230 incidit
3125 3217 3138 3240 ,
3164 3177 3346 3243 curis,
3381 3177 3540 3234 solli—

1918 3266 2247 3322 citudinibus
2276 3281 2340 3322 ac
2364 3265 2644 3321 doloribus
2664 3275 2929 3339 perpetuo
2956 3270 3189 3341 angitur.
3217 3270 3331 3327 lloc
3356 3280 3536 3329 autem

1918 3376 2026 3417 non
2056 3375 2247 3432 parum
2292 3358 2505 3416 confert
2546 3360 2614 3415 ad
2658 3361 2827 3416 Deum
2864 3363 3291 3419 eonvertendum
3323 3365 3390 3420 ad
3436 3379 3533 3427 se.

1918 3454 2063 3509 curis
2104 3461 2160 3509 et
2193 3452 2646 3509 sollicitudinibus
2687 3453 2849 3523 angi,
2881 3453 3177 3525 doloreque
3225 3466 3278 3511 et
3320 3457 3537 3513 tristitia

1918 3544 2285 3608 extabescere,
2318 3545 2619 3599 eversionis
2655 3544 2798 3599 illius
2834 3546 3098 3601 rationem
3129 3547 3349 3604 ducere.
3383 3547 3538 3617 Quod

1918 3639 2081 3694 etiam
2115 3638 2313 3693 Paulus
2337 3638 2584 3705 scribens
2613 3637 2679 3693 ad
2710 3637 3021 3695 Corinthios
3059 3638 3191 3694 dicit
3220 3641 3287 3696 de
3316 3640 3535 3711 seipse:

1920 3731 1990 3786 Et
2014 3731 2126 3802 quis
2146 3741 2220 3786 est
2244 3730 2331 3800 qui
2356 3747 2437 3784 me
2460 3730 2639 3784 latitia
2660 3729 2869 3800 alliciat,
2894 3732 2992 3784 nisi
3017 3733 3105 3800 qui
3134 3747 3200 3787 ea:
3225 3748 3306 3786 me
3332 3732 3540 3786 tristitia

1918 3827 2134 3896 afﬁcitur
2161 3825 2237 3879 (2.
2260 3823 2379 3880 Cor.
2404 3823 2464 3878 2.
2487 3823 2587 3893 2)?
2613 3823 2726 3879 Hoc
2744 3828 2889 3885 enim
2917 3840 3023 3878 non
3053 3840 3241 3894 parum
3272 3826 3405 3879 lucri
3431 3836 3536 3889 est,

1919 3933 1952 3969 o
1995 3916 2216 3980 dilecte,
2265 3915 2472 3970 sentire
2511 3913 2607 3978 Dei
2646 3916 3019 3979 aversionem,
3066 3914 3290 3982 dolere,
3324 3916 3536 3971 tristitia

1918 4008 2076 4062 allici.
2121 4005 2197 4061 lta
2233 4004 2377 4060 enim
2424 4005 2598 4076 ipsum
2627 4004 2695 4058 ad
2724 4019 2825 4060 nos
2854 4006 3105 4061 celeriter
3130 4016 3533 4063 convertemus.

1919 4102 1972 4154 3.
2007 4098 2279 4169 Usquequo
2317 4096 2626 4152 exaltabitur
2672 4098 2912 4151 inimicus
2942 4115 3084 4153 meus
3125 4115 3282 4169 super
3323 4099 3454 4153 me.’
3481 4105 3535 4154 4.

1920 4190 2157 4260 Respice,
2186 4190 2375 4244 exaudi
2401 4206 2500 4255 tne,
2535 4188 2753 4243 Domine
2781 4189 2921 4244 Deus
2949 4207 3108 4246 meus.
3138 4189 3389 4246 Illumina
3418 4208 3542 4248 ocu-

1920 4285 1997 4338 los
2026 4299 2164 4338 meos
2184 4323 2198 4347 ,
2232 4300 2295 4337 ne
2324 4298 2568 4352 umquam
2602 4282 2922 4336 obdormiam
2960 4284 3014 4336 in
3053 4293 3233 4338 morte.
3261 4284 3538 4352 Quemado

1920 4373 2138 4429 modum
2180 4375 2324 4429 enim
2370 4388 2492 4427 eum
2534 4374 2730 4429 retinet
2772 4389 2835 4428 ac
2864 4372 3105 4430 defendit
3146 4390 3249 4430 nos
3280 4376 3458 4443 Deus,
3484 4386 3539 4431 et

1920 4478 2080 4522 stata
2117 4467 2294 4531 nobis,
2316 4482 2437 4538 quae
2464 4468 2767 4523 molestiam
2797 4467 3028 4523 afferunt
3056 4468 3215 4540 longe
3245 4469 3533 4525 recedunt:

1921 4559 1991 4613 ita
2018 4558 2181 4613 etiam
2212 4574 2332 4613 eum
2358 4560 2583 4614 recessit
2612 4567 2666 4613 et
2702 4559 2901 4614 oblitus
2935 4569 3041 4625 est,
3068 4561 3248 4615 anima
3274 4562 3537 4633 discerpi-

1922 4661 2028 4719 tur,
2058 4668 2122 4707 ac
2147 4667 2245 4707 cor
2286 4652 2477 4709 dolore
2509 4654 2743 4724 angitur,
2785 4664 2840 4708 et
2871 4657 2961 4725 qui
3006 4666 3206 4711 vexant
3246 4654 3537 4718 insultant.

1920 4754 2158 4816 suntque
2181 4746 2361 4800 omnia
2392 4746 2595 4816 scopuli
2623 4761 2686 4800 ac
2716 4746 3031 4816 praecipitia.
3054 4746 3182 4803 llmc
3206 4758 3388 4804 autem
3430 4753 3539 4809 uti-

1922 4840 2046 4895 liter
2087 4840 2495 4910 permittuntur,
2540 4850 2589 4894 ut
2634 4856 2730 4910 per
2760 4840 2937 4895 omnia
2985 4841 3251 4897 stimulati
3291 4844 3379 4913 qui
3411 4858 3536 4898 sunt

1921 4931 2286 4997 soeordiores,
2320 4933 2510 5000 majori
2539 4930 2718 4987 studio
2747 4932 2972 4988 redeant
3002 4948 3069 4987 eo
3090 4976 3105 4999 ,
3138 4933 3280 4989 unde
3319 4936 3537 4991 excide-

1923 5035 2069 5080 runt.
2104 5025 2319 5080 Erudict
2348 5030 2492 5081 cnim
2519 5066 2534 5090 ,
2570 5025 2762 5095 inquit,
2794 5036 2843 5080 te
2881 5026 3099 5097 defectio
3137 5037 3246 5093 tua,
3276 5037 3324 5082 et
3362 5029 3540 5084 vitium

1923 5129 2067 5172 tuum
2110 5130 2157 5173 te
2194 5118 2463 5191 redorguet
2494 5118 2513 5188 (
2534 5117 2647 5173 Jer.
2672 5117 2876 5189 2.19).
2915 5118 3011 5174 Dei
3053 5120 3236 5193 itaque
3259 5120 3547 5179 derelictio

1923 5222 2008 5268 est
2035 5212 2245 5283 species
2278 5212 2649 5282 providentiae.
2678 5211 2904 5281 Quando
2949 5213 3094 5269 enim
3136 5214 3229 5285 qui
3261 5214 3539 5285 providet,

1923 5313 1978 5359 et
2003 5318 2186 5358 curam
2209 5304 2367 5374 gerit,
2393 5303 2777 5369 contemnitur,
2802 5319 3093 5375 parumper
3115 5305 3338 5361 dimittit
3365 5315 3419 5364 et
3449 5307 3547 5363 de-

1921 5396 2196 5467 relinquit,
2225 5404 2283 5451 ut
2309 5404 2438 5452 tunc
2463 5396 2689 5467 expulsa
2722 5397 2992 5466 socordia,
3029 5399 3368 5470 negligentes
3412 5400 3544 5454 ﬁant

1921 5488 2292 5559 diligentiores
2342 5486 2441 5561 (a).
2494 5488 2763 5559 Respice,
2814 5489 3027 5559 inquit,
3073 5491 3197 5546 vide
3261 5490 3539 5548 inimicum

1923 5599 2142 5652 meum,
2177 5584 2269 5655 qui
2312 5582 2582 5639 exaltatur
2608 5597 2770 5653 supra
2820 5598 2909 5640 me
2943 5602 2957 5638 :
2989 5593 3046 5641 et
3081 5584 3130 5641 si
3174 5600 3283 5642 non
3321 5595 3543 5657 propter

1987 5715 2064 5779 (ι)
2098 5716 2155 5767 In
2180 5717 2287 5784 haec
2310 5716 2463 5784 verba
2486 5716 2861 5784 desiuitpPsalmi
2885 5720 2967 5771 ΧΠ
2989 5717 3243 5784 Expositio
3265 5720 3393 5784 apud
3409 5721 3540 5772 savi-

1926 5778 2076 5847 liutp,
2101 5787 2154 5829 T.
2181 5781 2233 5847 1,
2259 5780 2343 5847 qui
2368 5787 2539 5847 monet
2571 5778 2968 5847 Cndicemsuum
2996 5778 3221 5847 deligere
3257 5778 3539 5847 caeteraque

1926 5843 2217 5895 desiderari.
2249 5839 2341 5892 sed
2374 5839 2533 5891 locum
2572 5842 2838 5903 iutegravit
2860 5857 2889 5896 e
2914 5842 3089 5896 Codice
3114 5841 3377 5896 Barberino
3398 5839 3539 5909 ΤΚΒ,
