4068 6432
575 396 669 451 {Si

571 517 745 558 meam
773 496 1065 559 miseriam,
1095 493 1280 548 saltem
1308 500 1529 561 propter
1556 488 1695 543 illius
1721 486 2076 556 arrogantiam
2104 493 2159 541 et

570 588 873 663 superbiam
909 585 1104 643 exaudi
1144 599 1250 639 me.
1275 582 1344 637 Et
1371 582 1496 652 quid
1528 580 1708 649 petis?
1736 578 1803 634 Ut
1843 590 2027 632 vmcas
2058 575 2160 630 ini-

577 682 782 738 micos?
832 678 977 735 Non
1008 677 1109 732 hoc
1150 674 1301 737 dicit,
1348 671 1464 738 sed,
1498 668 1571 727 Ut
1609 670 1973 724 illumineutur
2017 665 2159 722 ocui'i

572 772 771 838 cordis,
803 779 859 825 ut
879 768 1217 838 expellantur
1242 764 1497 823 tenebrze.
1527 776 1645 829 qua!
1673 770 1797 814 sunt
1820 758 2005 813 offusae
2033 772 2159 828 per-

570 863 764 933 spicaci
795 862 986 915 animae
1032 855 1303 920 facultati,
1345 862 1399 908 et
1426 852 1788 920 intelligentiae
1814 850 2027 905 oculum
2057 848 2159 902 ob-

571 961 871 1012 scurarunt.
920 951 1034 1006 lloc
1078 961 1225 1019 peto,
1266 942 1508 999 litamina
1550 943 1725 997 oculos
1774 957 1932 995 meos.
1964 941 2018 996 5.
2051 937 2157 992 Ne-

571 1046 775 1116 quando
804 1042 940 1097 dicat
966 1042 1203 1096 inimicus
1225 1052 1385 1097 meus,
1411 1048 1532 1089 cum
1563 1049 1649 1087 tne
1668 1032 1867 1087 viderit
1903 1030 2157 1085 deturba-

576 1148 688 1191 tum
718 1135 783 1189 ad
812 1140 1037 1187 mortem
1066 1127 1267 1198 peccati
1300 1143 1314 1180 :
1352 1123 1439 1179 Ita
1468 1124 1713 1195 μναιαιαὶ
1757 1121 1995 1176 adversus
2018 1136 2153 1174 eum.

570 1224 749 1294 ipsum
778 1219 1061 1291 Super-avi;
1089 1216 1229 1286 quod
1258 1214 1503 1270 volebam
1533 1214 1713 1268 videre
1733 1253 1749 1277 ,
1779 1212 1882 1267 hoc
1912 1210 2041 1267 mihi
2070 1224 2161 1265 ac-

569 1315 717 1371 cidit.
744 1312 883 1380 Quid
924 1319 1035 1376 est,
1080 1306 1336 1362 Prcealui
1378 1305 1617 1359 adversus
1652 1319 1765 1357 eum
1785 1302 1812 1357 7
1839 1301 1954 1357 Etsi
1982 1315 2077 1371 per
2097 1313 2159 1355 se

573 1419 679 1459 nou
700 1414 781 1471 est
811 1402 981 1464 fortis,
1004 1407 1188 1455 contra
1218 1412 1307 1453 me
1334 1396 1549 1466 quidem
1575 1405 1722 1449 certe
1740 1402 1826 1449 est
1850 1393 2020 1447 fortis.
2050 1390 2157 1446 No-

573 1504 679 1550 stra
707 1492 886 1549 clades
908 1492 959 1546 ei
986 1488 1142 1546 ati‘ert
1167 1488 1309 1543 vires
1323 1528 1338 1552 ,
1365 1500 1593 1556 eumque
1617 1484 1792 1541 reddit
1810 1492 2081 1556 potentem
2100 1486 2161 1539 ei

574 1587 825 1650 validum,
848 1594 901 1640 et
921 1580 1401 1654 inexpugnabilem.

641 1674 697 1729 2.
723 1672 897 1728 Hostis
922 1673 1150 1727 cladibus
1174 1669 1357 1723 nostris
1380 1666 1545 1721 evadit
1564 1665 2007 1739 [union—Vides
2031 1678 2150 1732 nos,

572 1767 785 1841 quando
814 1779 1117 1837 peccamus,
1146 1779 1251 1818 non
1277 1762 1449 1816 solum
1481 1760 1727 1829 uosipsos
1747 1757 2012 1813 dedecore
2039 1756 2158 1811 affi-

571 1876 715 1922 cere.
744 1859 988 1929 perdere,
1010 1856 1078 1911 ad
1105 1864 1330 1911 mortem
1351 1851 1639 1918 deducere,
1666 1850 1760 1906 sed
1780 1865 1847 1905 eo
1868 1849 2011 1919 quod
2032 1848 2156 1903 victi

570 1966 774 2014 sumus,
803 1949 1045 2004 inimicos
1070 1956 1282 2003 nostros
1300 1944 1504 1999 validos
1529 1951 1877 2013 potentesque
1895 1940 2155 2012 praedica-

573 2058 633 2099 re
664 2061 677 2095 :
706 2056 805 2097 nec
831 2041 931 2096 hoc
956 2038 1153 2105 solum,
1180 2037 1275 2093 sed
1296 2037 1455 2093 etiam
1478 2050 1572 2091 eos
1600 2035 1651 2089 in
1674 2048 1863 2104 magna
1892 2033 2075 2088 laetitia
2100 2039 2158 2088 et

568 2134 921 2191 exsultatione
946 2132 1231 2187 collocare.
1282 2129 1440 2200 Papae
1462 2170 1479 2195 ,
1522 2135 1739 2197 quantae
1764 2135 1849 2181 est
1874 2125 2113 2181 stultitim
2136 2165 2152 2189 ,

572 2226 754 2296 quanti
780 2225 1014 2296 stuporis
1038 2222 1362 2279 adversariis
1385 2220 1643 2276 adversus
1665 2220 1871 2290 seipsos
1898 2218 2038 2275 ferre
2060 2233 2157 2274 auo

568 2317 754 2373 xilium
772 2357 788 2377 .
817 2326 871 2372 et
899 2315 965 2371 iis
982 2355 997 2381 ,
1024 2316 1113 2387 qui
1142 2314 1376 2369 animam
1404 2320 1639 2367 nostram
1663 2310 1974 2367 excruciant
1992 2320 2047 2365 et
2071 2309 2155 2364 af-

570 2409 791 2479 fligunt,
822 2408 1018 2463 laetitia:
1053 2421 1265 2462 causam
1296 2414 1353 2462 et
1376 2401 1743 2461 exsultationis
1765 2402 1991 2458 atl'errel
2019 2400 2157 2457 Vide

568 2507 697 2567 quot
721 2498 973 2553 absurda.
999 2496 1134 2552 Cum
1161 2496 1432 2551 inimicum
1460 2494 1677 2550 vincere
1705 2500 1977 2563 oporteret
2007 2491 2158 2565 (lm-

570 2589 764 2645 beciilae
784 2590 926 2644 enim
957 2591 1105 2657 {astte
1126 2597 1241 2641 sunt
1275 2588 1387 2657 ejus
1414 2589 1622 2656 framea:
1639 2585 1692 2639 in
1721 2584 1872 2652 ﬁnem
1892 2624 1906 2648 ,
1936 2592 1983 2637 et
2007 2583 2155 2652 periit

568 2680 755 2751 impius
776 2677 945 2753 (Psai.
965 2678 1021 2733 9.
1038 2678 1089 2731 7.
1108 2677 1185 2743 ϐ),
1208 2692 1351 2742 cum,
1378 2677 1610 2745 inquam,
1626 2674 1841 2729 vincere
1858 2680 2150 2743 oporteret,

569 2772 869 2837 vincimur;
897 2784 997 2826 nec
1023 2769 1074 2824 id
1100 2770 1291 2834 solum,
1314 2767 1408 2823 sed
1437 2768 1598 2823 etiam
1623 2766 1855 2821 validum
1879 2780 1943 2822 ac
1965 2776 2156 2836 poten-

570 2872 676 2917 tem
707 2860 981 2917 reddimus
1011 2874 1028 2913 :
1059 2874 1155 2915 nec
1181 2874 1416 2928 eousque
1442 2858 1581 2913 sistit
1602 2857 1869 2931 dementia
1896 2865 1951 2913 et
1974 2868 2153 2915 extre-

569 2966 690 3007 mus
729 2952 947 3007 morbus
986 2960 1201 3017 noster,
1240 2947 1335 3004 sed
1372 2963 1491 3019 quae
1527 2949 1576 3003 ei
1619 2950 1779 3005 etiam
1823 2949 2060 3004 laetitiam
2099 2958 2154 3004 et

567 3044 975 3100 exsultationem
1016 3040 1239 3097 afferant
1265 3052 1655 3108 comparamus.
1700 3038 1904 3095 Revera
1938 3048 2021 3095 est
2049 3055 2147 3094 ex-

571 3145 743 3190 trema
770 3134 1022 3199 ebrietas,
1046 3142 1101 3187 et
1122 3145 1387 3187 summum
1415 3128 1610 3183 malum
1639 3138 1932 3199 peccatum.
1962 3128 2152 3183 Exsul-

569 3225 743 3279 tabunt
773 3227 789 3256 ¹
810 3265 826 3290 ,
854 3225 898 3278 si
922 3232 1087 3277 motus
1112 3225 1279 3294 fuero.
1304 3219 1437 3275 Tres
1460 3232 1651 3274 causas
1674 3218 1829 3273 aliert
1853 3218 2108 3289 prepheta
2134 3260 2149 3283 ,

572 3327 632 3372 ut
653 3316 932 3373 Dominum
953 3322 1164 3369 moveat
1182 3320 1494 3381 exoretque,
1517 3320 1576 3365 ut
1594 3310 1863 3380 respiciat,
1886 3310 2151 3365 etfaciem

570 3423 723 3466 suam
764 3413 1071 3469 convertat,
1102 3413 1157 3457 et
1194 3402 1311 3472 ejus
1349 3402 1642 3456 orationem
1685 3400 1934 3456 exaudiat
1964 3418 1979 3454 :
2011 3401 2153 3456 vires

571 3501 905 3557 inimicorum
930 3540 946 3565 ,
976 3506 1031 3552 et
1066 3506 1187 3551 ante
1227 3494 1281 3549 id
1323 3495 1646 3550 erectionem
1684 3502 1740 3549 et
1775 3494 2151 3549 exaltationem

571 3606 786 3656 eorum;
819 3590 1031 3645 tertium
1050 3629 1067 3654 ,
1100 3587 1335 3642 lmtitiam
1363 3594 1415 3641 et
1444 3584 1849 3640 exsultationem
1880 3587 2149 3655 ipsorum,

570 3680 952 3753 propemodum
972 3679 1156 3735 dicens
1174 3695 1189 3731 :
1206 3678 1261 3734 Si
1284 3692 1391 3732 non
1408 3685 1624 3747 propter
1643 3691 1815 3731 meam
1832 3677 2149 3741 orationem,

570 3787 672 3829 nec
698 3780 914 3842 propter
939 3785 1113 3826 meam
1152 3768 1421 3823 miseriam
1448 3761 1726 3823 convertis
1745 3768 1811 3821 ad
1848 3784 1935 3822 me
1964 3767 2151 3823 faciem

571 3876 717 3921 tuam
736 3903 753 3929 ,
783 3862 1038 3926 Domine;
1070 3860 1259 3914 saltem
1290 3866 1506 3929 propter
1535 3857 1869 3937 inimicorum
1894 3872 2151 3928 arrogan-

571 3960 719 4024 tiam,
753 3970 820 4012 eo
846 3954 985 4027 quod
1010 3968 1133 4009 suas
1157 3954 1300 4009 vires
1327 3960 1615 4016 ostentam,
1644 3958 1699 4006 et
1725 3950 1827 4006 sibi
1852 3950 2007 4005 valde
2035 3950 2152 4020 pla-

572 4060 695 4105 cent
719 4065 734 4101 ε
759 4049 1007 4118 quoniam
1038 4046 1170 4100 meis
1194 4045 1350 4099 malis
1376 4043 1659 4109 laetantur,
1689 4050 1744 4097 et
1766 4056 1948 4097 casum
1974 4055 2151 4095 meum

572 4139 815 4196 irrident.
846 4137 1050 4193 Exaudi
1074 4152 1173 4201 me,
1202 4134 1437 4189 illumina
1464 4134 1635 4187 oculos
1660 4148 1815 4187 meos.
1846 4131 2010 4187 Aufer
2024 4145 2152 4201 gra-

571 4246 690 4288 vem
715 4243 960 4286 somnum
988 4228 1040 4281 in
1061 4226 1295 4298 peccatis
1320 4225 1453 4279 meis
1481 4242 1495 4279 :
1521 4239 1627 4295 quo
1650 4223 1854 4294 sopitus
1875 4237 2154 4295 propemo-

572 4322 699 4377 dum
741 4320 809 4375 ad
849 4318 1041 4374 anima!
1081 4325 1307 4371 mortem
1350 4314 1688 4370 dormitando
1716 4313 1976 4370 deductus
2011 4330 2151 4369 sum.

574 4411 631 4467 Si
669 4412 813 4467 enim
857 4424 887 4463 a
928 4409 1211 4464 securitate
1240 4417 1326 4459 tua
1365 4414 1567 4459 tantum
1609 4413 1820 4458 emotus
1857 4401 2047 4470 fuero,
2076 4404 2156 4459 eis

575 4501 756 4557 laetitia
780 4542 796 4567 ,
824 4500 992 4571 gloria
1015 4540 1030 4563 ,
1062 4508 1115 4553 et
1146 4498 1312 4553 virtus
1356 4496 1456 4551 hoc
1488 4510 1615 4552 esse
1647 4496 1985 4551 existimatur
2012 4512 2026 4550 :
2054 4495 2157 4551 hoc

573 4594 787 4649 nomine
812 4607 870 4647 se
891 4592 1091 4661 jactant
1110 4631 1125 4654 ,
1157 4598 1210 4644 et
1236 4589 1335 4643 sibi
1368 4587 1525 4641 valde
1549 4586 1788 4657 placent,
1815 4595 2047 4657 suntque
2073 4588 2156 4641 in-

576 4684 912 4749 tolerabiles;
938 4684 985 4737 si
1010 4691 1185 4735 autem
1208 4679 1275 4735 ad
1303 4688 1527 4734 mortem
1546 4676 1701 4732 fuero
1724 4675 2004 4742 deductus,
2026 4673 2155 4747 quid

573 4777 610 4831 ii
637 4790 740 4829 non
763 4772 1028 4828 fecerint?
1053 4770 1215 4826 Vides
1236 4784 1393 4839 quam
1422 4782 1669 4836 magnum
1696 4766 1951 4823 damnum
1973 4768 2157 4822 existi-

574 4875 685 4919 met
718 4862 971 4932 pr0pheta
994 4900 1011 4927 ,
1040 4868 1095 4915 et
1122 4860 1287 4913 nihilo
1318 4858 1491 4911 minus
1517 4872 1675 4927 quam
1704 4872 1913 4926 pinnam
1944 4872 2007 4911 ac
2031 4872 2159 4927 sup:

572 4956 788 5029 plicium
810 4997 825 5021 ,
854 4967 1190 5010 communem
1230 4951 1498 5005 inimicum
1528 4949 1705 5003 laetitia
1732 4948 1949 5005 afficere
1971 4990 1987 5015 ,
2018 4960 2072 5004 et
2102 4958 2157 5005 ut

578 5052 692 5116 ipse
735 5054 924 5115 potens
966 5044 1317 5110 excelsusque
1357 5039 1629 5105 videatur,
1656 5039 1887 5096 eflicere.
1930 5040 1986 5094 Si
2016 5041 2158 5094 enim

580 5142 695 5191 lucc
736 5151 839 5189 nou
876 5134 1203 5188 existimaret
1243 5132 1379 5185 mala
1418 5133 1648 5183 maxima
1680 5140 1735 5185 et
1764 5130 2154 5194 intolerabilia,

577 5244 682 5281 non
730 5227 842 5279 haec
891 5225 1251 5292 proposuisset
1293 5222 1357 5275 ad
1403 5222 1565 5275 Deum
1609 5220 1959 5289 placandum,
2005 5230 2058 5275 et
2093 5221 2157 5274 ad

579 5321 745 5388 ipsius
785 5316 1209 5371 benevolentiam
1240 5313 1629 5368 attralieudam.
1665 5313 1735 5365 Ita
1766 5316 1923 5367 etiam
1952 5326 2050 5366 uos
2081 5312 2159 5365 fa-

577 5446 625 5493 p.
652 5431 765 5485 5-8,
786 5429 924 5493 unde
947 5427 1109 5493 Morel.
1135 5440 1221 5493 sua
1258 5427 1478 5493 sumpsit.
1520 5431 1625 5471 Post
1649 5423 1914 5493 i_lla__autem
1931 5425 2087 5493 verba
2113 5426 2161 5493 in

577 5486 753 5544 Codice
772 5492 1049 5542 Colbertino
1064 5489 1283 5551 quaedam
1306 5487 1607 5551 adjiciuntur,
1626 5486 1688 5533 ab
1712 5488 1783 5539 iis,
1802 5499 1910 5551 quae
1930 5486 2161 5551 instet-el.

577 5569 667 5617 per
688 5563 812 5601 totas
835 5554 988 5617 ferme
1006 5544 1213 5617 quatuor
1231 5544 1429 5617 paginas
1443 5548 1679 5603 feruntur,
1698 5555 1799 5594 toto
1813 5544 1934 5617 caelo
1950 5548 2160 5617 diversa.

580 5608 671 5663 hoc
698 5624 862 5662 autem
880 5608 1079 5672 hujusce
1105 5608 1287 5659 COIHCIS
1311 5610 1719 5672 additamentum,
1739 5608 1881 5672 quod
1906 5622 2048 5672 unam
2074 5610 2166 5672 cir~

582 5688 701 5725 uter
740 5668 959 5737 paginam
992 5674 1258 5733 (anupleret
1276 5707 1289 5729 ,
1325 5670 1512 5717 videtur
1537 5680 1566 5715 a
1590 5668 1782 5716 librario
1800 5670 2004 5729 quodam
2029 5669 2165 5730 adje-

590 5748 817 5845 winis'ibl.
844 5796 1039 5853 habent,
1075 5792 1365 5844 Tribulautes
1389 5802 1462 5841 me
1484 5786 1799 5840 cxwitabunt.

1281 375 1337 433 S.
1376 374 1659 433 JOANNIS
1695 374 2190 434 CHRYSOSTOMI
2237 371 2557 430 ΑΒΟΗἙΡ.
2599 370 3147 430 CONSTANTINOP.

3760 372 3858 430 151

2269 484 2492 549 ciamus,
2515 493 2570 539 et
2589 485 2990 541 consideremus
3009 494 3067 542 et
3083 484 3474 541 contendamus
3499 500 3572 541 ne
3592 484 3859 541 inimicum

2266 573 2565 635 exaltemus
2582 617 2599 642 ,
2631 590 2698 629 ne
2726 585 2997 645 potentem
3025 576 3281 631 faciamus
3300 618 3316 642 ,
3348 592 3417 631 ne
3445 575 3635 631 laetitia
3659 576 3860 631 afficia-

2266 683 2409 734 mus,
2439 668 2534 724 sed
2563 676 2749 723 contra
2775 677 2829 723 et
2859 668 3134 731 humilem,
3156 678 3208 722 et
3232 667 3519 737 abiectum,
3544 676 3605 723 et
3628 667 3865 723 imbecil.

2266 757 2398 824 lum,
2432 758 2744 829 tristemque
2768 767 2823 812 et
2846 758 3143 813 demissum
3170 758 3477 813 reddamus.
3509 757 3569 814 Si
3595 758 3745 814 enim
3774 774 3865 814 eos

2264 849 2354 918 qui
2382 858 2672 918 peecarunt
2696 890 2713 914 ,
2745 855 2893 904 recte
2918 856 2974 904 et
2994 863 3068 903 ex
3097 850 3294 904 virtute
3321 863 3380 904 se
3408 864 3601 919 gerere
3630 850 3861 914 viderit,

2266 937 2383 993 haec
2419 938 2595 993 omnia
2633 937 2793 992 simul
2822 938 2973 993 fiunt.
3004 936 3061 993 6.
3090 936 3205 1005 Ego
3229 949 3397 993 autem
3428 940 3483 993 in
3510 940 3865 994 misericordia

2264 1038 2354 1082 tua
2379 1028 2594 1099 sperati.
2619 1027 2764 1096 Quid
2792 1043 2921 1099 ergo
2947 1036 3094 1084 recte
3113 1029 3283 1084 fecisti
3305 1038 3363 1083 ut
3387 1038 3560 1098 petas,
3588 1039 3650 1084 ut
3678 1044 3865 1085 rursus

2266 1126 2319 1174 te
2359 1118 2648 1188 respiciat,
2692 1128 2748 1172 ut
2791 1126 2934 1173 tuam
2982 1119 3281 1174 orationem
3323 1118 3615 1186 exaudiat,
3661 1128 3723 1173 ut
3762 1130 3866 1174 tua:

2264 1211 2463 1266 mentis
2492 1210 2631 1265 oculi
2664 1210 3071 1267 illuminentnrf
3110 1210 3376 1267 undenam
3406 1220 3587 1267 autem
3620 1211 3741 1267 haec
3771 1213 3863 1267 tibi

2262 1314 2449 1371 speras
2493 1300 2708 1358 futura?
2751 1302 2939 1359 Dicant
2978 1304 3230 1373 quidem,
3273 1304 3474 1375 inquit,
3504 1305 3633 1369 atii,
3660 1306 3709 1359 si
3735 1307 3863 1376 quid

2262 1394 2471 1462 possint
2509 1394 2691 1450 dicere
2716 1412 2731 1449 :
2762 1410 2862 1466 ego
2898 1404 3077 1452 autem
3109 1411 3276 1451 unum
3304 1398 3418 1451 scio
3442 1439 3458 1464 ,
3491 1414 3661 1453 unum
3692 1398 3819 1454 dico
3842 1441 3860 1467 ,

2262 1499 2479 1541 omnem
2517 1501 2667 1556 spem
2694 1500 2866 1541 meam
2897 1486 2952 1541 in
2983 1487 3073 1541 illo
3099 1486 3313 1542 colloco
3343 1505 3357 1541 :
3387 1487 3517 1543 illud
3547 1489 3683 1544 mihi
3731 1505 3861 1559 pro-

2260 1590 2405 1648 pono
2426 1616 2442 1643 ,
2474 1577 2896 1633 misericordiam
2926 1586 3076 1632 tuam
3099 1617 3116 1644 ,
3154 1585 3301 1632 tuam
3345 1577 3712 1635 clementiam.
3750 1578 3862 1651 Ego

2260 1676 2451 1733 autem,
2479 1667 2671 1737 inquit,
2699 1667 2753 1720 in
2783 1667 3127 1721 misericordia
3149 1677 3240 1721 tua
3258 1670 3478 1735 speravi.
3512 1668 3708 1723 Vidisti
3739 1685 3862 1739 pro-

2258 1757 2437 1827 pheta:
2463 1756 2857 1813 humilitatem?
2885 1758 3061 1812 vidisti
3099 1758 3242 1827 pium
3269 1765 3325 1813 et
3349 1769 3561 1828 gratum
3604 1760 3705 1814 viri
3745 1762 3861 1814 ani-

2260 1850 2447 1903 mum?
2474 1848 2628 1904 Licet
2668 1856 2851 1919 posset
2896 1847 3303 1903 innumerabilia
3352 1864 3381 1901 a
3427 1863 3488 1903 se
3528 1857 3683 1905 recte
3719 1848 3857 1905 facta

2260 1938 2441 1994 dicere
2463 1978 2480 2007 ,
2512 1947 2568 1992 et
2594 1953 2690 2007 per
2714 1953 2779 1994 ea
2809 1938 2976 1995 Deum
3013 1952 3243 1993 exorare
3263 1979 3278 2003 ,
3306 1951 3494 1993 eorum
3524 1938 3659 1993 nihil
3689 1939 3816 1994 dicit
3836 1979 3858 2003 ,

2259 2031 2354 2085 sed
2381 2029 2445 2084 ad
2476 2031 2646 2085 solam
2681 2028 2922 2100 confugit
2949 2029 3045 2085 Dei
3081 2029 3529 2085 misericordiam.
3558 2029 3715 2087 Unde
3741 2031 3854 2086 cla-

2257 2135 2377 2175 rum
2403 2130 2506 2186 est,
2534 2120 2681 2199 illum
2709 2135 2831 2176 cum
2858 2120 2971 2176 hzcc
2992 2120 3141 2185 dicit,
3165 2135 3385 2192 nempe,
3412 2121 3476 2177 Si
3497 2122 3598 2194 feci
3616 2123 3773 2195 illud,
3797 2122 3859 2178 Si

2256 2210 2465 2265 retribui
2489 2198 2745 2284 malaipro
2772 2212 2915 2265 bonis
2944 2210 2964 2283 (
2992 2198 3136 2266 Psul.
3158 2211 3213 2267 7.
3242 2212 3296 2266 6.
3323 2210 3441 2284 5),
3479 2221 3537 2267 et
3574 2228 3700 2283 quze
3736 2224 3859 2270 sunt

2258 2300 2600 2373 ltnjusmodi,
2636 2282 2688 2357 in
2725 2317 2970 2373 magnam
3002 2302 3293 2357 adductum
3327 2282 3708 2360 necessitatem
3745 2305 3857 2361 ha‘c

2257 2392 2439 2447 dicere
2468 2410 2483 2448 :
2511 2408 2630 2462 quae
2659 2393 2703 2448 si
2730 2408 2836 2447 non
2856 2392 3014 2460 adsit,
3037 2392 3170 2448 nihil
3193 2392 3326 2449 dicit
3350 2393 3566 2448 illorum
3585 2436 3600 2459 ,
3629 2396 3729 2450 sed
3760 2397 3858 2449 mi-

2258 2482 2602 2538 sericordiam
2621 2491 2681 2538 et
2702 2482 2797 2539 Dei
2812 2482 3157 2538 clementiam
3180 2498 3278 2553 pro
3298 2485 3442 2538 omni
3465 2483 3856 2554 supplicatione

2258 2574 2525 2643 proponit.
2558 2573 2759 2629 Deinde
2783 2573 3059 2630 confidens
3080 2576 3196 2629 fore
3227 2582 3285 2628 ut
3311 2588 3407 2643 ape
3432 2590 3540 2629 non
3566 2574 3856 2631 frustrare-

2260 2676 2365 2728 tur.
2393 2665 2667 2735 subiunxit
2685 2706 2700 2732 ,
2731 2664 3022 2721 Exsultattit
3043 2682 3133 2721 eor
3158 2682 3326 2721 meum
3346 2668 3402 2721 in
3424 2668 3646 2722 salutari
3674 2679 3784 2723 tuo.

2330 2756 2623 2812 Gratiarum
2648 2760 2781 2813 actia
2808 2769 2928 2815 ante
2954 2759 3273 2828 beneficium.
3300 2788 3374 2800 —
3397 2759 3591 2815 Vidisti
3619 2763 3856 2818 animam

2256 2848 2396 2904 bene
2421 2858 2723 2919 sperantem
2738 2849 2764 2902 ἲ
2790 2849 2967 2917 Petiit,
2988 2857 3044 2905 et
3070 2849 3379 2919 priusquam
3402 2852 3695 2921 acceperit,
3722 2862 3860 2907 tam-

2257 2957 2418 3012 quam
2457 2943 2548 3013 qui
2576 2944 2900 3013 accepisset,
2934 2944 3043 3015 agit
3077 2943 3312 3015 gratias,
3339 2958 3405 2999 ac
3441 2944 3553 3000 Deo
3582 2948 3733 3001 canit
3763 2946 3862 3019 by-

2257 3050 2464 3101 mnmu,
2488 3037 2774 3106 omniaque
2799 3035 2925 3091 facit
2950 3051 3069 3106 qua:
3095 3038 3370 3106 praemissa
3398 3046 3543 3092 sunt.
3573 3037 3858 3094 Undenam

2254 3136 2434 3183 autem
2470 3132 2554 3182 est
2595 3134 2703 3181 tam
2744 3126 2882 3182 bona
2910 3141 3006 3197 spe
3033 3126 3327 3197 praeditus?
3370 3127 3448 3182 Ex
3481 3129 3570 3197 pio
3601 3138 3659 3185 et
3704 3140 3862 3201 grato

2258 3219 2475 3285 animo,
2520 3233 2587 3274 ex
2632 3233 2826 3291 magno
2871 3228 2926 3275 et
2969 3219 3274 3275 vehementi
3313 3221 3491 3276 studio
3531 3222 3857 3291 petitionis:

2256 3309 2457 3364 sciebat
2481 3324 2603 3364 eum
2630 3309 2719 3380 qui
2745 3308 2823 3365 sic
2844 3319 3070 3381 peteret,
3088 3324 3119 3364 a
3142 3310 3255 3366 Deo
3278 3311 3540 3379 exaudiri,
3562 3326 3630 3367 ex
3656 3328 3861 3384 magno

2256 3400 2435 3455 cordis
2463 3400 2644 3455 calore
2666 3408 2721 3456 et
2748 3400 3054 3471 agitatione.
3086 3400 3548 3469 Quemadmodum
3590 3417 3724 3472 ergo
3759 3406 3854 3475 qui

2257 3492 2492 3562 segniter
2513 3502 2564 3547 et
2588 3492 2918 3563 negligenter
2940 3500 3146 3562 petunt,
3172 3492 3334 3546 etiam
3360 3506 3483 3547 cum
3512 3496 3853 3564 acceperint,

2256 3586 2345 3639 vix
2386 3584 2727 3639 donationem
2773 3583 3009 3638 sentiunt
3047 3601 3062 3638 :
3104 3583 3174 3637 ita
3212 3582 3306 3653 qui
3342 3582 3554 3639 intonso
3590 3585 3774 3639 studio
3802 3597 3863 3642 et

2258 3676 2561 3732 vehementi
2583 3674 2745 3730 animi
2764 3675 3105 3731 contentione
3126 3682 3342 3743 petunt,
3359 3673 3519 3729 etiam
3541 3675 3860 3747 priusquam

2256 3769 2600 3839 acceperint,
2631 3782 2696 3823 ex
2720 3781 2917 3836 magna
2952 3775 3005 3821 et
3035 3778 3167 3836 pura
3196 3779 3291 3820 sua
3317 3763 3599 3821 affectione
3632 3768 3862 3835 perinde

2257 3876 2321 3917 ac
2349 3868 2393 3916 st
2419 3860 2773 3929 accepissent,
2798 3858 2999 3914 donum
3026 3856 3288 3922 sentiunt,
3316 3855 3495 3911 divina
3516 3858 3688 3927 gratia
3718 3858 3859 3913 lati-

2258 3954 2384 4007 tiam
2425 3960 2581 4006 antea
2624 3950 2944 4007 immittente
2972 3966 2987 4002 :
3016 3957 3072 4004 et
3100 3955 3384 4019 propterea
3418 3957 3583 4018 agunt
3608 3951 3815 4020 gratias
3839 3992 3857 4018 ,

2256 4052 2312 4099 et
2345 4044 2415 4098 ab
2458 4041 2771 4113 accipiendo
2811 4056 2919 4097 non
2964 4041 3122 4112 longe
3163 4040 3377 4095 absunt.
3430 4038 3723 4096 Emttabit
3767 4059 3861 4097 cor

2255 4152 2421 4190 meum
2444 4140 2499 4189 in
2522 4135 2737 4191 salutari
2765 4143 2869 4189 tuo.
2901 4133 3033 4199 Hoc,
3066 4132 3269 4204 inquit,
3298 4147 3472 4188 meam
3496 4135 3733 4190 animam
3760 4136 3859 4191 la-

2258 4226 2372 4280 titia
2413 4224 2617 4293 aﬂlcit,
2644 4225 2785 4296 quod
2814 4239 2843 4279 a
2884 4232 2937 4280 te
2973 4223 3202 4279 salutem
3242 4231 3597 4293 assequatur;
3641 4224 3859 4283 laetatur

2258 4316 2435 4372 anima
2462 4330 2579 4371 mea
2595 4358 2611 4381 ,
2638 4317 2780 4388 quod
2802 4316 2920 4387 ejus
2944 4316 3019 4371 sis
3037 4317 3205 4372 salus.

2329 4402 2383 4456 ὅ.
2414 4401 2601 4456 Vidisti
2640 4401 3047 4457 exsultationem
3068 4443 3084 4463 .
3116 4411 3172 4456 et
3198 4401 3642 4469 exsultationem;
3672 4404 3859 4459 inimi-

2259 4507 2443 4548 corum
2463 4492 2868 4548 exsultationem
2887 4502 3107 4565 propter
3124 4494 3354 4563 lapsum,
3371 4502 3428 4549 et
3441 4492 3855 4551 exsultationem

2260 4588 2453 4643 animm
2480 4596 2703 4659 propter
2734 4589 3001 4658 propriam
3037 4587 3264 4641 salutem
3282 4587 3307 4639 τ
3349 4587 3439 4657 Illa
3468 4594 3554 4643 est
3578 4588 3812 4656 improbi
3838 4603 3853 4648 ς

2264 4678 2378 4734 haec
2414 4687 2497 4733 est
2518 4692 2716 4733 eorum
2752 4680 2841 4748 qui
2867 4687 3274 4733 conservantur.
3313 4677 3405 4733 illa
3438 4684 3522 4733 cst
3548 4676 3775 4733 exitium
3802 4687 3861 4734 et

2263 4772 2377 4841 ejus
2419 4771 2507 4842 qui
2552 4769 2829 4825 videbatur
2872 4770 3141 4825 exsultare
3164 4809 3181 4833 ,
3212 4776 3269 4824 et
3306 4768 3424 4837 ejus
3457 4776 3680 4837 propter
3713 4769 3856 4838 quod

2262 4862 2596 4928 exsultabat;
2628 4861 2743 4916 haec
2767 4870 2849 4916 est
2874 4860 3017 4915 salus
3042 4870 3095 4914 et
3124 4858 3395 4913 restitutio
3420 4857 3536 4929 ejus
3559 4858 3655 4928 qui
3678 4859 3859 4913 exsul.

2264 4964 2358 5010 tat.
2392 4955 2503 5011 Hac
2526 4970 2654 5025 ergo
2674 4954 3025 5009 exsultatione
3046 4962 3102 5007 et
3127 4952 3305 5006 laetitia
3332 4952 3577 5007 laztemur
3595 4962 3652 5007 et
3672 4953 3859 5007 exsul-

2266 5056 2439 5103 temus
2462 5064 2475 5101 :
2499 5046 2642 5101 illam
2673 5045 2932 5115 fugiamus
2957 5052 3011 5097 et
3034 5058 3363 5097 aversemur.
3388 5030 3613 5096 cantabo
3635 5040 3860 5097 Domino

2264 5141 2347 5209 qui
2372 5140 2502 5193 bona
2528 5138 2697 5191 tribuit
2726 5138 2869 5200 mihi,
2898 5146 2943 5189 et
2970 5135 3187 5205 psallam
3214 5136 3407 5188 nomini
3434 5134 3643 5189 Domini
3666 5136 3862 5190 altissi-

2268 5232 2357 5283 mi.
2406 5229 2803 5284 Monumentum
2830 5267 2845 5290 ,
2877 5226 3082 5294 inquit,
3115 5223 3274 5291 hujus
3314 5223 3561 5279 beneﬁcii
3590 5224 3861 5278 canticum

2271 5320 2494 5375 Domino
2521 5319 2739 5373 offeram
2761 5356 2777 5379 ,
2806 5315 2947 5385 quod
2973 5331 3058 5370 me
3086 5314 3347 5369 beneficio
3372 5313 3613 5369 affecerit
3635 5355 3650 5376 ,
3681 5316 3860 5369 inimi-

2270 5428 2389 5467 cum
2419 5412 2673 5466 humilem
2704 5417 2756 5463 et
2789 5409 3055 5476 abjectum
3080 5407 3375 5461 reddiderit
3400 5450 3413 5475 ,
3442 5407 3861 5477 ignominia‘im-

2274 5506 2531 5573 pleverit,
2580 5500 2900 5555 imbecillum
2954 5498 3291 5562 ostenderit,
3341 5513 3514 5553 meam
3564 5499 3863 5553 exaudierit

2272 5597 2588 5658 orationem,
2620 5594 2671 5645 in
2702 5606 2786 5645 me
2814 5591 3015 5645 vultum
3046 5605 3202 5644 suum
3233 5592 3593 5655 converterit,
3626 5593 3863 5647 discussa

2274 5688 2497 5756 caligine
2524 5694 2578 5739 et
2605 5682 2837 5737 tenebris
2859 5721 2875 5745 ,
2907 5697 3001 5750 per
3024 5698 3159 5751 quas
3189 5683 3257 5736 ad
3284 5695 3510 5739 mortem
3538 5686 3750 5740 ferebar
3777 5706 3786 5739 ε
3817 5701 3860 5739 t'l

2276 5784 2493 5851 propter
2536 5774 2650 5844 ejus
2695 5772 2923 5827 salutare
2974 5772 3291 5841 exsultans,
3338 5782 3607 5845 tamquam
3649 5776 3860 5843 aiiquud
