4068 6430
211 392 311 450 151

207 504 444 562 ἁκουσόν
477 522 602 576 μου.
636 507 748 562 Καὶ
777 507 834 562 τί
870 506 1074 569 αίτεῖς;
1101 499 1388 570 Κρατῆσαι
1419 495 1529 550 τῶν
1553 491 1800 565 έχθρῶνὶ

210 595 290 649 υύ
315 594 473 649 τοῦτό
497 613 685 668 φησιν,
712 595 884 661 ἀλλὰ,
913 590 1252 666 φωτιοθῆναι
1281 586 1408 649 τοὺς
1443 586 1545 655 τῆς
1565 583 1806 655 ξκαρδίας

211 682 548 754 ὀφθαλμοὺς,
577 683 981 755 ἀποδιωχθῆναι
1003 681 1065 734 τὺ
1097 677 1290 739 σκότος
1321 675 1384 728 τὸ
1411 672 1670 744 ὲπιχυθέν
1700 688 1805 741 μου

211 770 292 840 τῷ
321 769 617 841 διορατικῷ
662 771 762 840 τῆς
805 771 1020 842 ψυχῆς,
1064 767 1160 821 καὶ
1204 762 1461 818 σκοτίσαν
1489 761 1580 814 τὸν
1614 760 1806 830 νοητὸν

211 855 513 925 ὀφθαλμόν.
561 855 732 910 Τοῦτο
764 856 922 920 αίτῶ,
971 853 1241 909 Φώτισον
1285 850 1428 916 τοὺς
1462 849 1808 919 ὀφθαλμούς

207 959 352 1011 μου.
376 942 476 1011 Μή
515 954 662 996 ποτε
687 944 829 1011 alam
864 947 898 998 ό
916 941 1130 1012 ἐχθρός
1149 957 1270 1009 μου
1291 977 1306 1002 ,
1340 936 1464 992 ἰδών
1496 953 1563 1007 με
1590 951 1810 989 κατενε-

213 1027 416 1098 χθέντα
433 1031 514 1092 είς
535 1029 626 1084 τὸν
652 1031 751 1102 τῆς
781 1030 1058 1102 ἁμαρτίας
1079 1027 1307 1081 θάνατον
1325 1044 1341 1059 ο
1360 1025 1554 1088 Οὕτως
1577 1036 1603 1065 ι
1625 1025 1804 1092 ισχυ-

214 1131 304 1168 σα
343 1115 493 1184 πρὸς
515 1117 725 1172 αὐτόν.
769 1115 1174 1187 Κατεκράτησα
1203 1114 1370 1170 αὐτοῦ
1389 1154 1403 1178 ,
1453 1114 1591 1184 ὅπερ
1613 1110 1807 1183 ήθελον

218 1202 380 1269 ίδεῖν,
411 1203 605 1272 γέγονέ
635 1223 746 1275 μοι.
791 1206 858 1258 Τί
889 1207 1062 1269 ἐστιν,
1096 1206 1364 1274 Ἷσχυσα
1403 1202 1555 1270 πρὸς
1584 1201 1806 1264 αὐτόν;

218 1288 346 1343 ὀτι
378 1293 427 1343 εί
457 1290 552 1344 καὶ
587 1293 662 1362 μὴ
698 1292 886 1354 ἁπλῶς
919 1291 1137 1362 ἰσχυρός
1162 1293 1339 1354 ἐστιν,
1368 1288 1506 1347 ἀλλὰ
1541 1286 1677 1359 πρὸς
1706 1286 1808 1356 ἐμὲ

217 1377 443 1447 ἰσχυρὸς
475 1379 718 1446 γέγονεν.
755 1377 820 1432 Ἦ
859 1379 1015 1449 ήμῶν
1043 1374 1183 1450 ﬁcta
1232 1379 1384 1448 ίσχὺν
1410 1375 1560 1446 αὐτῷ
1592 1372 1805 1447 περιτί-

215 1463 401 1534 θησιν,
439 1465 660 1538 ίσχυρὸν
692 1467 1005 1537 ἀποφαίνει,
1031 1467 1126 1522 καὶ
1153 1466 1437 1538 κραταιὸν,
1467 1464 1563 1519 καὶ
1596 1464 1806 1517 ἀκατα·

217 1549 486 1622 μάχητον.

292 1699 361 1770 β’.
378 1701 560 1772 Ὁρᾷς,
585 1703 668 1756 ὅτι
699 1704 826 1758 ὅταν
846 1704 1271 1777 ἀμαρτάνωμεν,
1295 1705 1357 1759 οὐ
1395 1705 1555 1776 μόνον
1581 1704 1806 1767 ἑαυτοὺς

213 1790 675 1862 καταισχύνομεν,
710 1792 1043 1863 ἀπόλλυμεν,
1077 1797 1157 1857 είς
1185 1795 1413 1849 θάνατον
1442 1793 1805 1866 ἐμϐάλλομεν,

213 1875 357 1928 ἀλλὰ
392 1879 484 1930 καὶ
513 1880 638 1943 τοὺς
667 1879 896 1950 ἐχθροὺς
927 1883 1223 1951 κραταιούς
1267 1882 1360 1934 καὶ
1413 1879 1705 1942 δυνατοὺς,
1737 1878 1805 1931 δι’

213 1959 294 2017 ῶν
334 1965 645 2038 ἡττήμεθα,
677 1967 1163 2039 ἀνακηρύττομενο
1203 1968 1299 2022 καὶ
1333 1969 1394 2022 οὐ
1425 1969 1586 2040 μόνον
1609 1966 1802 2030 τοῦτο,

211 2050 357 2104 ἀλλά
393 2053 487 2106 καὶ
523 2055 582 2106 ὲν
615 2054 937 2122 ἀγαλλιάσει
970 2058 1064 2109 καὶ
1092 2056 1398 2128 εὐφροσύνῃ
1433 2057 1632 2120 αὐτοὺς
1674 2055 1808 2109 καθ-

217 2140 479 2210 ιστῶμεν.
502 2141 690 2215 Βαύαὶ,
711 2143 884 2211 πόσης
914 2145 1120 2208 ἀνοίας,
1147 2146 1322 2215 πόσης
1344 2144 1727 2216 παραπληξίας
1744 2145 1807 2197 τὸ

211 2229 333 2290 τοῖς
371 2227 648 2300 πολεμίοις
673 2229 794 2283 καθ’
824 2230 1035 2284 ἑαυτῶν
1075 2234 1418 2302 συμμαχεῖν,
1454 2233 1548 2286 καὶ
1575 2234 1690 2294 τοῖς
1714 2231 1807 2283 λυ-

213 2313 388 2368 ποῦσι
427 2316 521 2368 καὶ
566 2315 841 2370 θλίϐουσιν
883 2319 1042 2389 ἡμῶν
1069 2318 1168 2389 τὴν
1206 2319 1384 2390 ψυχὴν
1413 2318 1805 2389 εὐφραίνεσθαι

215 2404 314 2455 καὶ
346 2402 706 2470 ἀγαλλιᾶσθαι
746 2406 1216 2476 παρασκευάζεινί
1263 2408 1403 2476 Ὀρα
1435 2407 1579 2460 πόσα
1606 2407 1803 2461 ἄτοπα.

215 2489 350 2542 Δέον
373 2492 529 2560 νικᾷν
552 2490 643 2545 τὸν
664 2493 856 2562 ἐχθρὸν
881 2492 1290 2562 (Ἡσθένησαν
1311 2494 1420 2564 γὰρ
1444 2497 1503 2548 αἱ
1518 2495 1808 2563 ῥομφαῖαι

213 2579 407 2633 αὑτοῦ
441 2583 529 2646 εἰς
555 2580 747 2648 τέλος,
785 2584 884 2636 καὶ
910 2583 1183 2638 ἀπώλετο
1221 2588 1254 2638 ό
1279 2585 1552 2654 ἀσεϐὴς),
1578 2585 1695 2638 δέον
1725 2603 1806 2638 νι-

217 2670 346 2738 κᾷν.
369 2669 660 2739 ἡττώμεθα
681 2685 694 2698 ·
724 2672 819 2724 καὶ
851 2672 912 2724 οὐ
947 2673 1106 2742 μόνον
1141 2673 1329 2736 τοῦτο,
1369 2674 1504 2726 ἀλλὰ
1536 2675 1630 2726 καὶ
1672 2691 1808 2744 κρα-

214 2763 371 2812 ταιὸν
398 2760 489 2812 καὶ
520 2760 738 2831 ἰσχυρὸν
762 2761 1178 2833 ἀποφαινόμεθα
1196 2777 1209 2791 ·
1238 2764 1332 2817 καὶ
1354 2763 1475 2816 οὐδὲ
1505 2763 1665 2833 μέχρι
1684 2763 1807 2816 τού-

212 2865 314 2901 του
345 2847 561 2902 ἵσταται
589 2852 722 2920 ήμῖν
754 2850 936 2904 καὶτὰ
953 2852 1054 2921 τῆς
1075 2852 1292 2922 μανίας,
1316 2854 1410 2906 καὶ
1432 2851 1500 2905 τὰ
1525 2853 1623 2922 τῆς
1644 2853 1807 2923 ἐσχά-

211 2952 317 3007 της
363 2937 559 3003 νόσου,
588 2937 725 2990 ἀλλὰ
769 2937 863 2992 καὶ
903 2938 972 2992 τὰ
1019 2941 1100 3002 είς
1130 2939 1470 3011 εὐφροσύνην
1517 2939 1681 2993 αὐτοῦ
1713 2943 1808 2996 καὶ

213 3022 545 3091 ἁγαλλίασιν
576 3023 1134 3098 παρασκευαζόμεθα.
1165 3029 1374 3091 Ὄντως
1403 3026 1607 3096 ὲσχάτη
1640 3027 1802 3097 μέθη,

213 3113 312 3166 καὶ
343 3113 514 3167 κακὸν
534 3114 760 3185 ἔσχατον
780 3117 818 3187 ή
836 3117 1104 3189 ἁμαρτία.
1145 3117 1634 3184 Ἀγαλλιάσονται
1653 3120 1680 3159 ι»
1700 3119 1810 3172 ἐὰν

211 3204 516 3259 σαλευθῶ.
540 3206 679 3278 Τρία
706 3205 1053 3278 δικαιώματα
1076 3208 1344 3278 προσάγει
1364 3211 1444 3273 είς
1471 3209 1532 3262 τὸ
1556 3209 1808 3280 δυσωπῆ-

216 3309 310 3345 σαι
339 3295 368 3345 ό
403 3292 695 3365 Προφήτης
731 3293 823 3348 τδν
852 3295 1167 3366 Δεσπότην.
1205 3297 1354 3362 ὅπως
1383 3296 1648 3369 ἐπιϐλέψῃ
1667 3339 1680 3362 ,
1714 3299 1808 3352 καὶ

211 3380 524 3452 ἐπιστρέψῃ
569 3381 630 3435 τὸ
674 3382 968 3453 πρόσωπον
1005 3383 1172 3438 αὐτοῦ
1204 3384 1293 3438 ἐπ’
1325 3385 1488 3440 αὐτὸν
1515 3425 1529 3449 ,
1563 3387 1658 3439 καὶ
1691 3386 1808 3440 είσ-

213 3468 429 3541 σκούσῃ
459 3469 560 3539 τῆς
584 3470 823 3541 δεήσεως
853 3471 1021 3526 αὐτοῦ
1040 3487 1055 3503 ”
1086 3473 1148 3526 τὸ
1173 3475 1373 3545 κράτος
1407 3474 1502 3528 καὶ
1529 3475 1626 3545 τὴν
1656 3476 1808 3545 ἰσχὺν

214 3556 324 3610 τῶν
359 3557 592 3628 ἐχθρῶν,
623 3560 718 3612 καὶ
741 3562 848 3630 πρὸ
875 3562 1067 3615 τούτου
1092 3563 1154 3615 τὸ
1179 3562 1381 3634 ὕψωμα
1408 3564 1501 3618 καὶ
1522 3564 1621 3634 τὴν
1645 3564 1810 3636 ἔπειρε

217 3661 304 3697 σιν
333 3645 535 3708 αὐτῶν,
573 3648 666 3699 καὶ
693 3648 896 3719 τρίτον,
925 3650 1024 3721 τὴν
1049 3649 1389 3722 εὐφροσύνην
1418 3651 1513 3703 καὶ
1544 3651 1809 3718 ἀγαλλία-

219 3748 305 3784 σιν
334 3731 538 3795 αὐτῶν,
572 3735 852 3806 μονονουχὶ
881 3737 1072 3803 λέγων,
1105 3739 1182 3800 ῶς
1219 3737 1281 3792 Εί
1323 3738 1398 3809 μὴ
1424 3738 1512 3791 διά
1543 3739 1640 3810 τὴν
1669 3738 1808 3810 ἐμὴν

214 3820 423 3891 δέησιν,
450 3821 537 3874 διὰ
561 3820 659 3892 τὴν
684 3825 827 3894 ἐμὴν
850 3825 1226 3895 ταλαιπωρίαν
1254 3826 1604 3898 ὲπιστρέφεις
1632 3845 1722 3896 μοι
1749 3829 1810 3882 τὸ

217 3907 511 3976 πρόσωπόν
551 3926 646 3962 σου
666 3949 682 3971 ,
712 3910 916 3982 Κύριε,
964 3911 1079 3965 ἀλλ’
1113 3909 1208 3968 οὖν
1239 3913 1327 3968 διὰ
1353 3913 1452 3986 τὴν
1490 3914 1810 3978 ἀλαζονείαν

217 3995 329 4048 τῶν
361 3996 604 4067 ἐχθρῶν,
652 3997 786 4051 διότι
821 4001 914 4052 ἐπὶ
963 4000 1108 4072 ίσχύῖ
1146 4001 1404 4074 φρονοῦσι
1451 4003 1596 4073 μέγα
1624 4019 1638 4032 ’
1673 4003 1809 4058 διότι

216 4084 566 4154 ὲπιχαίρουσι
593 4087 706 4149 τοῖς
733 4090 923 4152 κακοῖς
945 4105 1070 4158 μου,
1100 4089 1396 4160 ἐπιγελῶσί
1423 4109 1526 4161 μου
1554 4091 1632 4162 τῷ
1663 4091 1811 4145 πτῶ-

221 4188 374 4240 ματι.
404 4172 793 4227 Εὶσιίκουσόν
810 4193 931 4243 μου
951 4215 966 4239 ,
997 4175 1262 4246 φώτισον
1286 4178 1428 4244 τοὺς
1462 4179 1809 4248 ὀφθαλμούς

214 4276 359 4327 μου.
397 4258 599 4328 Ἀφελε
641 4261 732 4313 τὸν
765 4261 936 4330 βαθὺν
967 4262 1134 4316 ὖπνον
1164 4265 1259 4316 ἐπὶ
1287 4267 1406 4328 ταῖς
1431 4267 1593 4336 ἐμαῖς
1623 4267 1806 4338 ἁμαρ-

216 4343 414 4415 τίαις,[
429 4345 551 4416 1‘26]
571 4346 630 4399 δν
643 4349 895 4413 ὑπνώσας
914 4350 1067 4422 παρά
1084 4351 1256 4422 βραχὺ
1271 4353 1408 4424 πρὸς
1422 4353 1512 4407 τὸν
1523 4355 1809 4425 τῆςψυχῆς

217 4432 574 4501 ἀπενύσταξα
625 4435 878 4493 θάνατον.
929 4440 993 4492 El
1036 4440 1145 4511 γὰρ
1195 4441 1355 4512 μόνον
1401 4441 1512 4495 ἀπὸ
1555 4442 1655 4514 τῆς
1709 4446 1809 4516 σῆς

218 4521 525 4590 ἀσφαλείας
567 4523 844 4590 σαλευθῶ,
871 4526 1018 4598 χαρὰ
1050 4527 1253 4593 αὐτοῖς,
1295 4528 1392 4583 καὶ
1431 4532 1808 4603 μεγαλαυχία,

219 4608 315 4660 καὶ
337 4609 494 4678 ἰσχὺς
519 4608 679 4665 τοῦτο
701 4612 984 4683 νομίζεται
1003 4629 1018 4643 ο
1044 4614 1140 4668 κα)⁸
1158 4614 1331 4686 τούτῳ
1363 4617 1508 4687 μέγα
1531 4620 1808 4690 φρονοῦσι,

220 4696 318 4751 καὶ
348 4697 490 4749 είσὶν
509 4697 822 4778 ἀνύποιστοι
837 4715 852 4732 ·
882 4700 950 4754 ἀν
969 4701 1028 4755 δὲ
1051 4702 1132 4766 εις
1156 4701 1385 4758 θάνατον
1408 4706 1737 4778 κατενεχθῶ,
1757 4707 1807 4762 τί

218 4783 322 4836 οὐκ
362 4782 430 4836 ἂν
466 4777 613 4839 οὗτοι
645 4788 966 4858 ποιήσειανς
1017 4789 1180 4861 Ὁρᾷς
1217 4791 1309 4844 τὸν
1335 4790 1655 4865 Προφήτην,
1693 4797 1812 4860 πῶς

220 4870 441 4938 ήγεῖται
486 4871 751 4944 μεγίστην
791 4874 1027 4946 ζημίαν,
1073 4877 1170 4932 καὶ
1215 4879 1367 4933 οὐδὲν
1416 4880 1687 4946 κολάσεως
1715 4886 1812 4938 καὶ⁸

218 4955 495 5026 τιμωρίας
522 4956 765 5021 ἔλαττον,
793 4961 856 5014 τὺ
880 4963 1146 5034 εὐφρᾶναι
1167 4965 1258 5020 τὸν
1287 4966 1465 5022 κοινὸν
1492 4970 1688 5039 ἐχθρὸν
1706 5013 1721 5037 ,
1752 4971 1814 5025 τὸ

224 5041 446 5131 ἰσχυρδν
476 5042 639 5098 αὐτὸν
669 5046 933 5118 ὀφθῆναι,
963 5051 1024 5103 τὸ
1065 5051 1269 5123 ὑψηλὸν
1296 5053 1466 5121 δόξαι.
1502 5057 1564 5111 El
1598 5057 1708 5128 γὰρ
1735 5059 1810 5131 μὴ

222 5130 318 5181 καὶ
344 5130 578 5199 μέγιστα
608 5134 704 5202 καὶ
727 5135 978 5206 ἀφόρητα
1011 5138 1196 5208 ήγεῖτο
1215 5141 1390 5197 ταῦτα
1415 5145 1582 5208 κακὰ,
1615 5147 1716 5200 οὐκ
1745 5130 1812 5202 ἂν

222 5215 366 5306 αὐτὰ
386 5219 753 5289 προύϐάλλετο
778 5223 860 5287 είς
884 5225 1234 5296 παράκλησιν
1255 5228 1349 5284 τοῦ
1373 5230 1532 5299 Θεοῦ,
1554 5234 1648 5287 καὶ
1677 5236 1816 5306 πρὸς

220 5301 726 5393 τὺ-ὲπισπάσασθαι
753 5311 854 5380 τὴν
879 5310 1163 5382 εὐμένειαν
1183 5316 1374 5372 αὐτοῦ.
1391 5318 1549 5375 Οὕτω
1572 5301 1815 5393 ποιῶμεν

222 5389 320 5479 καὶ
339 5391 516 5479 Ῠήμετς
538 5431 553 5458 ,
580 5397 677 5450 καὶ
715 5398 1033 5471 σκοπῶμεν,
1074 5402 1168 5457 καὶ
1196 5403 1594 5479 ἀγωνιζώμεθα
1619 5449 1634 5472 ,
1663 5389 1810 5476 ὅπως

224 5476 302 5570 μή
327 5477 634 5570 ὑψῶσωμεν
659 5485 752 5538 τὸν
772 5487 988 5559 ἐχθρὸν,
1012 5491 1162 5555 ὅπως
1186 5492 1262 5564 μὴ
1285 5476 1506 5567 ίσχυρδν
1525 5497 1810 5570 δείξωμεν,

219 5565 370 5631 ὅπως
396 5567 474 5639 μὴ
494 5569 876 5646 εὐφράνωμεν,
900 5577 1038 5632 ἀλλά
1063 5579 1396 5650 τούναντίον,
1415 5565 1514 5640 καὶ
1534 5565 1810 5656 ταπείνὺν,

281 5733 308 5789 ξι
337 5728 505 5783 οὕτως
530 5727 677 5778 deest
709 5731 758 5780 in
793 5708 916 5783 odit.
946 5735 1176 5789 Romam.

278 5788 310 5830 δ
338 5789 462 5838 Bibl.
497 5792 542 5840 οἱ
565 5791 796 5852 θλίϐοντες
815 5811 872 5853 με
895 5797 1062 5858 ἀγαλλ.

1373 375 1748 440 EXPOSITIO
1784 373 1855 432 ΙΝ
1897 371 2228 429 PSALMUM
2273 369 2386 428 XII.

3401 365 3507 422 152

1912 486 2008 539 καὶ
2036 484 2484 555 ὲξουθενημένον,
2508 480 2604 536 καὶ
2627 479 2853 549 ἀσθενῆ,
2883 477 2977 532 καὶ
2999 478 3242 549 κατηφῆ,
3271 475 3362 529 καὶ
3385 493 3513 530 σκυ-

1909 571 2129 644 θρωπὸν
2152 568 2541 642 ἐργασώμεθά.
2571 571 2669 622 "Av
2697 568 2804 639 γὰρ
2831 563 3231 638 κατορθοῦντας
3256 563 3352 616 ἴδοι
3383 564 3506 628 τοὺς

1907 658 2345 730 ἁμαρτάνοντας,
2383 657 2563 712 πάντα
2597 656 2717 726 ἃμα
2753 655 2926 708 ταῦτα
2975 655 3208 723 γίνεται.
3251 651 3402 721 Ἐγὼ
3436 650 3508 704 δὲ

1911 747 2008 802 ἐπὶ
2033 745 2114 812 τῷ
2131 745 2288 800 ἐλέει
2311 760 2430 801 σου
2452 743 2708 813 ἤλπισα.
2727 744 2794 797 Τί
2816 738 2910 797 οὗν
2932 740 3308 814 κατορθώσας,
3330 739 3508 792 ταῦτα

1907 836 2109 898 αἰτεῖς,
2149 833 2438 904 ἐπιϐλέψαι
2477 833 2640 887 πάλιν
2686 834 2768 895 είς
2808 831 2890 894 σὲ,
2924 828 3248 885 εἰσακοῦσαι
3279 845 3374 881 σου
3403 827 3509 897 τῆς

1907 922 2167 993 δεήσεως,
2219 920 2557 992 φωτισθῆναί
2597 937 2693 974 σου
2724 919 2824 989 τῆς
2863 917 3105 980 διανοίας
3145 917 3274 979 τοὺς
3304 913 3508 985 ὀφθαλ-

1912 1009 2088 1082 μούς;
2113 1009 2277 1064 πόθεν
2309 1011 2368 1064 δέ
2391 1027 2472 1064 σοι
2494 1009 2701 1075 ταῦτας
2736 1009 2799 1062 Οἱ
2833 1007 2935 1079 μὲν
2959 1007 3131 1072 ἄλλοι,
3155 1007 3343 1077 φησὶν,
3370 1005 3426 1058 εί¹
3451 1020 3506 1056 τι

1910 1098 2006 1152 καὶ
2026 1099 2202 1152 εἰπεῖν
2227 1097 2420 1168 ἔχοιεν,
2443 1097 2756 1166 λεγέτωσαν
2773 1112 2788 1128 ο
2812 1094 2926 1164 ἐγὼ
2945 1094 3002 1148 δὲ
3025 1093 3083 1147 ἓν
3101 1091 3239 1157 οἶδα,
3257 1092 3316 1145 ἓν
3337 1091 3506 1160 λέγω,

1909 1187 2029 1239 ἐκεῖ
2077 1203 2174 1259 μου
2204 1187 2381 1240 πᾶσαν
2413 1187 2627 1257 ἦρτησα
2658 1185 2756 1256 τὴν
2786 1182 3011 1247 ἐλπίδα,
3045 1183 3225 1235 ἐκεῖνο
3259 1179 3504 1251 προόάλ-

1908 1273 2096 1344 λομαι,
2121 1270 2184 1326 τὸ
2212 1271 2358 1337 ἔλεός
2389 1289 2505 1335 σου,
2532 1271 2630 1345 τήν
2657 1269 3070 1342 φιλανθρωπίαν
3094 1286 3212 1323 σου.
3249 1266 3392 1337 Ἐγὼ
3413 1266 3504 1328 δὲ.

1911 1360 2098 1432 φησὶν,
2137 1359 2236 1414 ἐπί
2269 1358 2351 1426 τῷ
2393 1360 2550 1415 ἐλέει
2597 1376 2715 1413 σου
2757 1357 3012 1428 ἤλπισα.
3049 1351 3208 1420 Εἶδες
3247 1372 3506 1409 ταπεινο-

1910 1448 2188 1520 φροσύνην
2233 1449 2556 1523 Προφήτου;
2613 1445 2753 1512 εἶδες
2797 1445 3222 1518 εὐγνωμοσύνην
3268 1445 3506 1516 ἀνδρός;

1908 1539 2103 1593 Καίτοι
2135 1540 2306 1611 μυρία
2349 1537 2754 1611 κατορθώματα
2783 1536 2943 1608 ἔχων.
2974 1535 3070 1590 καὶ
3111 1534 3178 1588 δι’
3208 1533 3390 1588 αὐτῶν
3418 1533 3508 1586 δυο

1908 1626 2144 1694 νάμενος
2173 1626 2495 1696 δυσωπῆσαι
2526 1626 2619 1678 τὸν
2667 1623 2834 1685 Θεὸν,
2879 1623 3032 1676 οὐδὲν
3081 1621 3290 1674 τούτων
3319 1621 3505 1688 λέγει,

1909 1715 2025 1770 ἀλλ’
2054 1716 2148 1768 ἐπὶ
2187 1717 2350 1786 μόνον
2377 1716 2438 1769 τὸ
2467 1715 2616 1779 ἔλεος
2647 1713 2742 1768 τοῦ
2776 1711 2914 1768 Θεοῦ
2953 1710 3315 1781 καταφεύγει.
3341 1710 3506 1763 Ὥστε

1908 1804 2068 1875 δῆλον
2097 1805 2180 1858 ὅτι
2219 1803 2316 1857 καὶ
2360 1805 2451 1857 ὅτε
2481 1802 2657 1857 ταῦτα
2692 1801 2863 1871 λέγει,
2897 1801 2974 1864 ὡς
3013 1800 3097 1863 τὸ,
3141 1802 3211 1854 Εἰ
3241 1799 3509 1866 ἐποίησα

1909 1891 2109 1957 τοῦτο,
2138 1894 2209 1946 El
2237 1890 2655 1952 ἀνταπέδωκα,
2690 1891 2785 1944 καὶ
2813 1889 2884 1944 τὰ
2911 1889 3162 1950 τοιαῦτα,
3196 1889 3276 1947 είς
3303 1886 3508 1957 πολλὴν

1909 1984 2160 2051 ἀνάγκην
2197 1981 2293 2034 τοῦ
2335 1983 2511 2034 εἰπεῖν
2549 1978 2809 2051 ἐμπεσὼν
2833 2019 2849 2041 ,
2882 1977 3058 2031 ταῦτα
3102 1977 3286 2045 λέγει·
3329 1973 3398 2048 ἦς
3429 1976 3507 2046 μὴ

1909 2068 2198 2141 παρούσης
2231 2068 2387 2122 οὐδὲν
2435 2068 2664 2122 ἐκείνων
2712 2066 2904 2137 φησὶν,
2935 2064 3074 2119 ἀλλά
3115 2064 3178 2118 τὸ
3226 2064 3376 2127 ἕλεος
3411 2064 3508 2117 καὶ

1908 2159 2008 2228 τὴν
2059 2157 2476 2228 φιλανθρωπίαν
2515 2155 2609 2209 τοῦ
2644 2154 2780 2208 Θεοῦ
2823 2154 2945 2209 ἀντὶ
2989 2152 3173 2222 πάσης
3222 2151 3511 2222 ίκετηρίας-

1909 2227 2298 2316 προσάλλεται.
2323 2239 2457 2298 Εἶτα
2482 2241 2781 2306 πεποιθὼς,
2799 2244 2882 2297 ὃτι
2914 2243 3013 2312 τῆς
3046 2241 3259 2304 ἐλπίδος
3279 2241 3340 2293 οὐ
3369 2241 3503 2310 ψευ-

1911 2333 2193 2402 σθήσεται,
2219 2332 2418 2400 ἐπάγει
2435 2350 2448 2362 ·
2483 2331 2932 2401 Ἀγαλλιάσεται
2958 2331 2996 2399 ἡ
3025 2328 3238 2399 καρδία
3256 2346 3379 2398 μου
3405 2327 3508 2382 ἐπὶ

1908 2419 1989 2485 τῷ
2018 2421 2290 2487 σωτηρίῳ
2318 2436 2457 2474 σου.

1979 2522 2134 2589 Εἶδες
2163 2526 2423 2581 εὐέλπιδα
2463 2524 2678 2597 ψυχήν;
2722 2526 2953 2597 ’ᾘτησε,
2991 2524 3084 2577 καί
3111 2527 3244 2595 πρὶν
3277 2524 3309 2594 ἦ
3342 2522 3504 2594 λάθῃ,

1929 2615 2004 2680 ὼς
2033 2614 2214 2667 λαϐὼν
2249 2615 2578 2684 εὐχαριστεῖ,
2617 2615 2713 2666 καὶ
2751 2613 2867 2684 ᾄδει
2905 2611 2983 2682 τῷ
3020 2613 3160 2683 Θεῷ,
3206 2614 3298 2666 καὶ
3327 2611 3508 2665 πάντα

1908 2706 1977 2759 τὰ
2023 2706 2392 2776 προειληφότα
2424 2704 2839 2773 διαπράττεται.
2884 2701 3056 2757 Πόθεν
3103 2702 3162 2757 δὲ
3213 2699 3389 2762 οὓτως
3437 2696 3506 2771 ἦν

1909 2793 2160 2858 εὖελπιςς
2216 2791 2348 2844 Ἀπὸ
2396 2791 2599 2860 πολλῆς
2643 2790 3101 2860 εὐγνωμοσύνης,
3149 2788 3259 2843 ἀπὸ
3304 2789 3507 2859 πολλῆς

1911 2880 2152 2948 σπουδῆς
2203 2881 2302 2948 τῆς
2358 2880 2488 2952 περὶ
2552 2878 2652 2948 τὴν
2711 2879 2955 2948 αἴτησιν·
3018 2877 3136 2948 ᾔδει
3197 2879 3280 2931 ὅτι
3331 2876 3508 2939 οὕτως

1910 2969 2234 3037 αἰτουμένου
2289 2967 2423 3030 Θεὸς
2484 2966 2795 3033 είσακούει,
2851 2968 2962 3020 ἀπὸ
3022 2966 3226 3037 πολλῆς
3283 2969 3383 3036 τῆς
3449 2969 3508 3020 ὲν

1909 3059 1976 3128 τῇ
2039 3055 2237 3126 καρδίᾳ
2288 3055 2498 3125 θέρμης
2551 3056 2647 3108 καὶ
2683 3057 2975 3125 κινήσεως.
3038 3055 3255 3126 ’Ὠσπερ
3310 3051 3406 3109 οὖν
3459 3055 3507 3107 οί

1908 3143 2135 3215 νωθρῶς
2176 3144 2272 3196 καὶ
2321 3143 2670 3215 παρειμένως
2715 3143 3050 3214 αἰτούμενοι,
3099 3145 3197 3196 καὶ
3229 3143 3507 3206 λαϐόντες,

1913 3232 2068 3304 μόλις
2097 3233 2196 3302 τῆς
2236 3233 2448 3302 δωρεᾶς
2487 3233 2942 3287 ὲπαισθάνονται·
2973 3231 3150 3295 οὕτως
3187 3234 3237 3285 οί
3285 3250 3510 3285 συνεπι-

1909 3319 2186 3392 τεταμένῃ
2223 3321 2507 3392 προθυμίᾳ
2555 3320 2652 3374 καὶ
2687 3319 2892 3390 σπουδῇ
2926 3321 3027 3392 τὴν
3062 3321 3279 3390 αἴτησιν
3324 3318 3512 3373 ποιού-

1915 3427 2088 3480 μενοι,
2117 3410 2214 3462 καὶ
2239 3409 2346 3478 πρὸ
2376 3408 2472 3462 τοῦ
2502 3409 2708 3472 λαϐεῖν,
2735 3408 2844 3461 ἀπὸ
2865 3407 2966 3479 τῆς
2997 3407 3120 3462 κατ’
3143 3409 3343 3472 αὐτοὺς
3375 3425 3509 3476 σφοι

1909 3498 2042 3569 δρᾶς
2063 3499 2161 3551 καὶ
2190 3496 2440 3567 καθαρᾶς
2461 3496 2778 3560 διαθέσεως,
2798 3495 2874 3559 ὡς
2900 3495 3178 3560 λαϐόντες,
3202 3496 3388 3567 ἔχουσι
3415 3496 3510 3549 τοῦ

1909 3587 2083 3658 δώρου
2116 3587 2487 3656 συναίσθησιν,
2515 3585 2619 3655 τῆς
2647 3586 2799 3649 θείας
2830 3585 3015 3648 αὐτοῖς
3043 3584 3267 3656 χάριτος
3292 3585 3392 3656 τὴν
3421 3586 3513 3637 εὐ-

1911 3676 2186 3746 φροσύνην
2207 3674 2616 3746 προεντιθείσης
2637 3691 2650 3704 ·
2685 3675 2781 3728 καὶ
2803 3673 3190 3746 εὐχαριστοῦσι
3215 3673 3305 3727 διὰ
3331 3674 3511 3734 τοῦτο,

1912 3766 2006 3819 καὶ
2030 3765 2125 3818 τοῦ
2142 3764 2330 3818 λαὸεῖν
2354 3764 2524 3832 ἐγγὺς
2550 3762 2979 3834 καθεστήκασιν.
2999 3761 3453 3832 Ἀταλλιὰσεται
3473 3764 3510 3831 ἡ

1912 3853 2127 3922 καρδία
2150 3871 2272 3922 μου
2299 3852 2398 3906 ἐπί
2433 3852 2514 3918 τῷ
2542 3853 2815 3920 σωτηρίῳ
2837 3866 2976 3908 σου.
3008 3849 3206 3917 Τοῦτο,
3233 3852 3388 3922 φησὶ,
3411 3850 3515 3921 τὴν

1912 3941 2052 4013 ὲμὴν
2090 3941 2378 4010 εὐφραίνει
2406 3939 2606 4011 ψυχὴν,
2649 3939 2715 3993 τὸ
2763 3938 2914 4007 παρὰ
2960 3937 3056 3991 σοῦ
3087 3938 3186 4009 τῆς
3233 3938 3511 4009 σωτηρίας

1913 4032 2095 4101 τυχεῖν
2115 4047 2130 4062 ο
2155 4029 2256 4102 τὴν
2287 4029 2467 4101 ψυχὴν
2507 4028 2815 4102 εὐφραίνει,
2845 4028 2932 4081 ὅτι
2967 4027 3177 4098 ταύτης
3218 4024 3270 4081 εἴ
3309 4029 3374 4083 σύ
3401 4046 3511 4081 σω-

1913 4118 2102 4188 τηρία.

1983 4230 2054 4291 γ’.
2086 4218 2242 4286 Εἶδες
2285 4221 2634 4290 ἀγαλλίασιν,
2668 4222 2764 4276 καὶ
2797 4222 3154 4291 ἀγαλλίασιν;
3186 4220 3512 4289 ἀγαλλίατιν

1912 4310 2126 4383 ἐχθρῶν
2142 4312 2235 4364 ἐπὶ
2261 4310 2542 4381 πτώματι,
2557 4311 2653 4366 καὶ
2681 4311 3010 4379 ἀγαλλίασιν
3034 4310 3214 4382 ψυχῆς
3237 4311 3331 4364 ἐπὶ
3354 4308 3512 4382 [19.7]

1912 4401 2092 4472 οἰκείᾳ
2126 4400 2404 4470 σωτηρίᾳ;
2440 4400 2656 4472 Ἐκείνη
2681 4398 3064 4471 τοῦᾘονηροῦ,
3095 4398 3237 4470 αῦτη
3267 4399 3374 4452 τῶν
3403 4416 3512 4452 σω-

1914 4488 2184 4560 ζομένων.
2233 4488 2448 4558 Ἐκείνη
2478 4488 2625 4558 λύμη
2657 4489 2753 4542 καὶ
2781 4487 2877 4541 τοῦ
2920 4488 3205 4552 δοκοῦντος
3250 4486 3515 4558 ἀγαλλιᾶ-

1915 4577 2060 4641 σθαι,
2102 4578 2199 4632 καὶ
2243 4578 2329 4645 ἐφ’
2361 4569 2406 4644 ᾧ
2437 4576 2735 4644 ήγαλλιᾶτο
2755 4593 2767 4606 ·
2799 4574 2938 4647 αῦτη
2976 4576 3222 4648 σωτηρία
3253 4576 3349 4628 καὶ
3381 4576 3513 4630 ἀνά-

1913 4668 2109 4738 κλησις
2157 4665 2253 4720 τοῦ
2305 4666 2738 4738 ἀγαλλιωμένου.
2780 4666 3000 4737 Ταύτην
3048 4667 3150 4737 τὴν
3191 4665 3514 4734 ἀγαλλίασιν

1915 4753 2012 4807 καὶ
2062 4751 2405 4824 εὐφροσύνην
2437 4751 2834 4822 εὐφρανθῶμεν
2876 4753 2975 4806 καὶ
3019 4753 3512 4824 ἀγαλλιασῶμεθα,

1916 4841 2134 4910 ἐκείνην
2159 4841 2217 4894 δὲ
2238 4841 2522 4911 φύγωμεν,
2554 4841 2648 4895 καὶ
2685 4840 3087 4912 βδελυξῶμεθα.
3111 4844 3266 4912 Ι’ᾼσω
3289 4841 3370 4908 τῷ
3397 4846 3517 4897 Κυ-

1907 4929 2023 4998 ρίῳ
2062 4927 2144 4994 τῷ
2180 4928 2648 4999 εὐεργετήσαντι
2671 4946 2769 4998 με,
2799 4928 2901 4982 καὶ
2924 4929 3105 4999 ψαλῶ
3142 4929 3222 4996 τῷ
3269 4932 3517 5000 ὀνόματι

1915 5019 2141 5087 Κυρίου
2171 5019 2278 5073 τοῦ
2309 5020 2600 5088 ὑψίστου.
2636 5019 3015 5090 Μνημόσυνον,
3047 5019 3202 5090 φησὶ,
3234 5019 3336 5088 τῆς
3362 5019 3516 5088 εὐτρ-

1917 5106 2107 5176 γεσίας
2134 5106 2339 5177 ταύτης
2391 5107 2534 5178 ᾠδὴν
2564 5108 2823 5178 ἀναθήσω
2869 5107 2948 5178 τῷ
2984 5107 3198 5180 Κυρίῳ,
3235 5107 3318 5160 ὅτι
3351 5108 3516 5177 εὐηρ-

1916 5195 2118 5268 γέτησέ
2152 5215 2242 5268 με,
2286 5197 2622 5251 ἐταπείνωσε
2654 5197 2746 5250 τὸν
2796 5195 3010 5267 ἐχθρὸν,
3035 5195 3300 5267 αἰσχύνης
3347 5197 3515 5266 ἐπλή-

1920 5299 2133 5352 ρωσεν,
2192 5283 2393 5354 ἀσθενῆ
2442 5284 2776 5356 ὲπήλεγξεν,
2813 5285 3104 5355 είσήκουσε
3139 5284 3236 5355 τῆς
3276 5283 3516 5354 δεήσεως

1921 5387 2046 5441 μου,
2085 5372 2389 5442 ἐπέστρεψε
2421 5388 2440 5410 ·
2472 5373 2533 5426 τὸ
2579 5373 2873 5443 πρόσωπον
2918 5371 3086 5426 αὐτοῦ
3120 5371 3206 5424 ἐπ’
3251 5371 3372 5441 ἐμὲ,
3417 5372 3518 5440 τὴν

1917 5459 2088 5530 ἀχλὺν
2117 5461 2212 5514 καὶ
2241 5459 2334 5514 τὸν
2363 5459 2550 5530 ζόφον,
2583 5461 2650 5514 δι’
2675 5453 2752 5515 ὧν
2778 5461 2916 5532 πρὸς
2948 5459 3041 5514 τὸν
3068 5459 3298 5513 θάνατον
3325 5459 3518 5529 ἐφερό-

1921 5565 2052 5618 μην,
2079 5547 2470 5613 διασκεδάσας·
2505 5551 2602 5604 καὶ
2633 5550 2728 5602 ἐπὶ
2757 5550 2838 5622 τῷ
2869 5549 3126 5621 σωτηρίῳ
3141 5546 3309 5602 αὐτοῦ
3341 5547 3517 5614 ἀγαλοο

1917 5634 2207 5708 λιώμενος,
2223 5635 2416 5705 ῶσπερ
2443 5654 2498 5690 τι
2529 5639 2796 5709 μνημεῖον
2822 5636 3233 5704 ἀνεξάλειπτον,
3253 5633 3354 5708 τήν
3372 5633 3516 5707 ᾠδήν

1988 5820 2010 5850 τ
2033 5816 2180 5870 Savil.
2209 5818 2409 5882 conjici!
2430 5818 2673 5884 ἐπέτρεψε.
