4068 6436
582 363 713 437 tos,

579 478 784 547 ταύτην
828 476 935 528 τῶν
977 479 1058 539 ei;
1101 477 1198 546 ἐμὲ
1256 478 1715 553 εὐεργετημάτων
1748 484 2068 555 ἀνατίθημι.
2104 486 2165 539 οὐ

577 560 676 613 νῦν
714 560 876 628 μόνον
926 560 1068 631 ᾄδων
1104 561 1277 631 αὐτὴν
1300 601 1315 622 ,
1366 565 1463 616 καὶ
1515 566 1809 619 ἀνελίσσων
1857 570 1970 630 τοῖς
2022 567 2166 636 λογι-

578 647 738 714 σμοῖς
770 644 870 708 τὰς
904 644 1248 713 εὐεργεσίας,
1280 636 1542 701 ἀλλὰκαὶ
1576 650 1656 706 εἰς
1684 649 1777 701 τὸν
1810 649 1939 718 ἑξῆς
1971 650 2165 719 χρόνον

576 726 693 797 ᾷσω
721 727 813 780 καὶ
837 726 991 794 ψαλῶ
1014 726 1094 796 τῷ
1115 728 1340 798 ὀνόματι
1368 729 1593 799 Κυρίου,
1630 731 1985 799 ἀνεπίληστον
2011 733 2067 783 ἐν
2100 734 2161 802 τῇ

574 811 721 879 ψυχῇ
762 809 1078 880 περιφέρων
1110 810 1209 879 τῆς
1240 811 1554 882 εὐεργεσίας
1587 812 1649 864 τὸ
1675 813 1922 881 μέγεθος.
1966 814 2029 865 'H
2053 830 2165 867 τοι·

575 891 717 961 αὕτη
740 892 919 947 τοίνυν
943 892 1091 962 ψυχὴ
1124 892 1185 943 οὐ
1223 892 1382 961 μόνον
1409 896 1598 956 κακοῖς
1630 896 1943 965 ἐμπαρεῖσα
1972 893 2160 964 ῥύεται

577 975 771 1045 ῥαδίως
798 974 906 1027 τῶν
936 973 1142 1036 κακῶν,
1185 972 1322 1025 ἀλλᾶ
1366 975 1458 1026 καὶ
1508 976 1890 1048 ἀσφαλεστέρα
1926 976 2157 1043 γίνεται,

574 1061 656 1120 εἰς
684 1060 744 1111 τὸ
776 1056 976 1128 μηκέτι
998 1059 1110 1119 τοῖς
1135 1056 1346 1124 ὁμοίοις
1372 1061 1709 1125 περιπεσεῖν.
1734 1059 1901 1111 Ὅταν
1932 1058 2042 1129 γὰρ
2068 1060 2161 1112 ἐπὶ

578 1141 799 1211 μνήμης
837 1140 925 1192 ἀεὶ
972 1138 1113 1208 φέρῃ
1141 1137 1241 1206 τὴν
1273 1138 1612 1208 εὐεργεσῖαν.
1648 1137 1804 1208 δῆλον
1832 1140 1914 1192 ὅτι
1962 1142 2053 1193 καὶ
2090 1140 2159 1193 τὰ

571 1224 807 1294 δυσχερῆ
843 1223 935 1275 ἐπὶ
966 1224 1187 1292 μνήμης
1217 1221 1353 1291 ἔχει,
1371 1215 1446 1275 ὧν
1470 1222 1845 1289 ἀπαλλαγεῖσα
1873 1222 2031 1293 ἔτυχε
2060 1224 2158 1294 τῆς

572 1306 911 1376 εὐεργεσίας.
949 1305 1129 1374 Ἔχων
1175 1305 1231 1357 δὲ
1276 1305 1371 1358 καὶ
1415 1305 1512 1373 τὴν
1545 1306 1765 1375 μνήμην
1802 1306 1909 1359 τῶν
1946 1305 2154 1371 κακῶν,

573 1388 949 1457 ἀναλογίζεται
966 1380 1262 1458 ἐπιμελῶς,
1290 1388 1453 1440 πόθεν
1474 1387 1644 1440 ταῦτα
1667 1388 1960 1443 συνέπεσεν
1982 1389 2152 1460 αὐτῷ,

573 1473 666 1525 καὶ
697 1471 785 1525 διὰ
809 1472 970 1525 ποίαν
1014 1471 1193 1523 αίτίαν
1234 1472 1315 1534 εἰς
1346 1470 1407 1522 τὸ
1440 1469 1682 1523 τοιοῦτον
1722 1470 2019 1541 συνηνέχθη
2056 1488 2157 1526 κα-

572 1554 668 1606 κόν
692 1570 704 1582 ·
744 1554 835 1607 καὶ
870 1551 1329 1622 ἀναλογιζόμενος
1357 1550 1542 1606 λοιπὸν
1566 1551 1793 1622 τειχίζει
1818 1553 2154 1623 πανταχόθεν

571 1638 785 1700 ἑαυτὸν,
808 1636 893 1689 ἵνα
926 1635 1001 1706 μὴ
1016 1636 1109 1689 ἐπὶ
1132 1637 1232 1699 τὰς
1249 1635 1443 1706 ὁμοίας
1472 1636 1795 1708 περιενεχθῇ
1827 1636 2115 1709 συμφοράς
2135 1652 2149 1668 ⁸

571 1718 714 1772 οὕτω
736 1735 797 1771 τε
825 1718 1014 1771 λοιπὸν
1042 1718 1132 1771 τὸν
1162 1718 1357 1772 ἑαυτοῦ
1381 1718 1495 1787 βίον
1523 1718 1705 1781 καλῶς
1735 1719 2033 1789 ῥυθμίζων,
2060 1718 2154 1772 καὶ

574 1802 936 1870 παιδαγωγῶν
959 1841 974 1863 ,
1025 1803 1121 1855 καὶ
1156 1802 1233 1872 τῷ
1268 1803 1558 1874 ῥυσαμένῳ
1597 1801 1796 1873 πολλὴν
1833 1803 2157 1871 ἀνομολογεῖ

569 1886 669 1956 τὴν
695 1887 853 1953 χάριν
870 1901 885 1915 ο
918 1884 1108 1954 ὥσπερ
1135 1880 1262 1954 εὗρε
1292 1883 1518 1953 ρύστην,
1545 1883 1688 1936 οὕτω
1707 1886 1803 1936 κα)⁸
1824 1885 2045 1952 φύλακα
2067 1884 2153 1938 διὰ

572 1970 769 2030 παντὸς
796 1965 942 2036 ἔχειν
973 1966 1031 2018 ὲν
1059 1969 1171 2030 τοῖς
1202 1967 1487 2037 μέλλουσιν
1510 1968 1913 2039 ἐξαιτούμενος.
1932 1968 2153 2040 Ταύτην

571 2048 903 2120 ζηλώσωμεν
934 2049 1029 2102 καὶ
1060 2050 1239 2119 ἡμεῖς,
1270 2048 1373 2102 κᾶν
1398 2066 1507 2103 τινι
1538 2050 1945 2121 παρασυρῶμεν
1975 2054 2154 2122 ἀμαρ-

572 2134 807 2205 τήματι,
844 2131 1051 2199 ταχέως
1100 2131 1495 2202 ἀνανήψωμεν,
1553 2132 1646 2186 καὶ.
1694 2132 2049 2204 ποιησώμεθα
2092 2135 2155 2188 τὸ

571 2214 774 2285 πτῶμα
822 2214 1094 2284 πρόφασιν
1126 2214 1446 2283 ἀσφαλείας,
1484 2215 1578 2268 κα)⁵
1627 2216 1883 2286 ἀφορμήν
1919 2215 2014 2268 τοῦ
2046 2234 2151 2287 μη-

570 2299 687 2352 κέτι
722 2298 1076 2367 ἁμαρτάνειν.
1104 2296 1228 2361 Πῶς
1260 2293 1354 2351 οὖν
1376 2290 1659 2370 ποιήσεις
1690 2299 1874 2369 Ἔχεις
1900 2297 2154 2352 διδάσκα-

569 2382 659 2434 λον
684 2381 775 2433 τὸν
802 2378 981 2431 Δαυϊδ.
1004 2379 1319 2449 ’Ἢμαρτεςς
1347 2381 1439 2451 Μή
1462 2380 1731 2452 νυστάξῃς
1759 2382 1851 2433 ἐπὶ
1877 2384 1942 2451 τῇ
1971 2381 2155 2451 ἀμαρ-

569 2465 678 2536 τίᾳ,
700 2463 834 2515 ἀλλά
865 2462 1181 2533 διαναστηθι
1198 2479 1211 2492 ·
1250 2464 1506 2534 ἐννόησον
1536 2464 1753 2527 αὐτίκα,
1778 2464 1860 2515 ὅτι
1885 2464 2155 2534 ἀπέστρε-

568 2548 669 2616 ψεν
700 2549 728 2600 ὀ
758 2545 888 2607 Θεὸς
908 2546 969 2597 τὸ
1000 2544 1289 2615 πρόσωπον
1315 2546 1424 2599 ἀπὸ
1451 2546 1569 2612 σοῦ,
1588 2547 1669 2600 δτι
1702 2544 1997 2600 ἐπελάθετο
2023 2562 2116 2598 σου
2138 2563 2151 2577 ·

569 2626 689 2683 εἶτα
729 2630 984 2693 κλαῦσον,
1020 2628 1295 2695 στέναξον,
1327 2628 1517 2681 λοῦσον
1551 2628 1674 2681 καθ’
1704 2628 1944 2697 ἑκάστην
1983 2627 2154 2681 νύκτα

1296 367 1355 420 5.
1395 368 1681 424 JOANNIS
1716 372 2202 428 CllliYSUSTOMl
2238 376 2555 435 ARCHIEP.
2594 378 3136 440 CUNS'IA‘NTINOP.

2264 507 2385 558 μου
2419 497 2506 557 είς
2541 492 2715 558 τέλος
2734 510 2753 557 ;
2785 494 2897 561 ἕως
2938 497 3085 551 πότε
3112 499 3517 569 ἀποστρέφεις
3558 499 3629 553 τὸ
3664 506 3856 571 πρόσει

2268 579 2434 626 ωπόν
2464 592 2580 629 σου
2612 576 2712 629 ἀπ’
2740 578 2886 643 ἐμοῦ
2903 595 2922 640 ;
2941 580 3077 632 Elui:
3099 580 3174 651 μὴ
3199 584 3265 652 τῇ
3288 581 3537 653 γλώσσῃ,
3557 582 3701 636 ἀλλά
3722 586 3854 641 πολὺ

2274 655 2531 726 πρότερον
2559 658 2625 727 τῇ
2662 659 2887 730 καρδίᾳ·
2930 662 3053 715 εἰπὲ
3091 664 3186 717 καὶ
3220 664 3289 717 τά
3327 663 3466 717 ἀλλα
3502 664 3858 734 δικαιώματα

2267 737 2360 789 τοῦ
2390 740 2569 792 Δαυῖδ.
2599 740 2767 793 Ὅταν
2799 744 2960 813 εἴπῃς
2989 744 3188 811 πάντα,
3226 745 3443 799 ἕλπισον
3481 748 3578 798 ἐπὶ
3610 748 3674 799 τὸ
3706 748 3859 812 ἕλεος

2266 820 2451 885 αὐτοῦ,
2501 823 2739 884 ἕλπισον,
2774 825 2848 895 μὴ
2886 825 3193 897 διακριθῇς.
3232 828 3293 881 '0
3330 829 3441 897 γὰρ
3470 827 3856 899 διακρινόμε-

2264 917 2392 967 νος,
2420 904 2603 973 φησὶν,
2633 905 2793 959 ἔοικε
2813 908 3073 962 κλύδωνι
3102 909 3422 977 θαλάσσης
3448 910 3857 980 ἀνεμιζομένῳ

2264 985 2365 1037 καί
2384 984 2757 1055 ῥιπιζομένῳ.
2780 992 2836 1043 Μ
2843 989 2876 1056 ὴ
2902 990 3011 1059 γὰρ
3036 989 3265 1051 οἰέσθω.
3292 992 3479 1063 φησὶν,
3501 996 3536 1046 ὁ
3558 993 3853 1060 τοιοῦτος,

2262 1064 2353 1118 ὅτι
2386 1068 2648 1136 λήψεται
2694 1086 2749 1121 τι
2784 1073 2942 1136 παρὰ
2981 1072 3151 1125 Θεοῦ.
3192 1072 3363 1140 Ἀνὴρ
3400 1074 3511 1143 γὰρ
3555 1074 3850 1143 δίψυχος,

2261 1148 2673 1217 ἀκατάστατος
2693 1152 2764 1204 ἐν
2783 1152 3006 1219 πάσαις
3026 1154 3155 1219 ταῖς
3175 1154 3339 1221 ὁδοῖς
3356 1156 3565 1211 αὑτοῦ.
3585 1157 3853 1210 Ἔλπισον

2260 1226 2354 1282 οὖν
2386 1231 2480 1284 ἐπὶ
2506 1230 2657 1304 [128]
2688 1233 2750 1286 τὸ
2784 1233 2931 1298 ἕλεος
2966 1235 3155 1298 αὐτοῦ,
3194 1237 3361 1308 μηδὲν
3394 1236 3725 1308 διακριθεὶς,
3758 1239 3853 1293 καὶ

2258 1312 2422 1385 τεύξῃ
2466 1316 2682 1378 πάντως
2738 1316 2838 1386 τῆς
2887 1317 3194 1387 αίτήσεως’
3239 1317 3417 1389 τυχὼν
3465 1319 3523 1371 δὲ
3576 1320 3655 1391 μὴ
3713 1321 3849 1391 γένῃ

2257 1396 2531 1467 ἀγνώμων
2572 1399 2700 1469 περὶ
2729 1399 2821 1453 τὸν
2856 1400 3176 1470 εὐεργέτην,
3215 1403 3306 1453 καὶ
3345 1402 3667 1473 ἀχάριστος,
3708 1404 3851 1457 ἀλλά

2258 1478 2484 1550 ποίησον
2530 1484 2792 1551 μνημεῖον
2830 1482 2927 1553 τῆς
2976 1482 3318 1552 εὐεργεσίας,
3352 1486 3447 1536 καὶ
3476 1485 3680 1548 ἀνάθες
3712 1484 3851 1539 αὐτὸ

2258 1560 2579 1631 εὐχάριστον
2611 1562 2687 1633 τῷ
2714 1565 2958 1637 Δεσπότῃ
2987 1564 3151 1635 ᾠδήν.
3187 1566 3350 1628 Ἴσως
3384 1566 3548 1629 αὐτὸς
3571 1568 3674 1619 οὐκ
3696 1564 3849 1630 οἶδας

2259 1644 2531 1698 συνθεῖναι
2551 1659 2567 1675 ⁸
2596 1645 2929 1715 συγκάλεσον
2953 1648 3079 1710 τοὺς
3104 1648 3363 1717 πένητας.
3392 1649 3486 1702 καὶ
3512 1649 3719 1719 χρῆσαι
3749 1651 3849 1713 τὰς

2253 1726 2505 1796 γλώσσας
2530 1727 2731 1792 αὐτῶν,
2768 1730 2863 1782 καὶ
2900 1728 2983 1782 σοὶ
3014 1730 3454 1801 παρασκεύασον.
3492 1729 3567 1785 Εὖ
3608 1733 3719 1785 ῐσθι
3762 1734 3848 1787 ὅτι

2255 1808 2389 1879 ήδίω
2407 1810 2506 1879 τῆς
2530 1810 2821 1882 Δαυῑδικῆς
2848 1810 2995 1882 ᾠδῆς
3022 1812 3228 1883 ταύτην
3266 1812 3581 1878 ἀκούσεται,
3605 1815 3675 1885 ήν
3703 1814 3847 1886 ὑπὲρ

2257 1891 2350 1944 σοῦ
2377 1892 2571 1946 ἐκεῖνοι
2608 1893 3027 1964 μελῳδήσουσιν.
3058 1896 3271 1968 ’Ὥσπερ
3297 1897 3404 1968 γὰρ
3438 1899 3472 1965 ή
3502 1897 3614 1949 ἀπὸ
3651 1897 3846 1965 διαφό-

2259 1989 2366 2042 ρων
2385 1975 2592 2045 χορδῶν
2619 1975 2719 2047 τῆς
2749 1979 2883 2048 μονή
2893 1993 3016 2048 ρους
3038 1976 3189 2047 ήδιον
3219 1978 3376 2048 μέλος
3403 1978 3676 2038 ἀποτελεῖ,
3700 1978 3848 2032 οὕτω

2254 2060 2350 2112 καὶ
2376 2060 2411 2131 ή
2441 2059 2549 2113 τῶν
2581 2062 2831 2131 πενήτων
2863 2062 2929 2115 ἐκ
2962 2061 3236 2131 διαφόρων
3282 2056 3448 2124 οὖσα,
3476 2060 3556 2131 τῷ
3583 2062 3831 2115 είσακούα

2254 2159 2367 2195 οντι
2417 2142 2515 2213 τῆς
2544 2143 2727 2211 φωνῆς
2761 2144 2869 2196 τῶν
2902 2146 3149 2213 πενήτων
3185 2142 3306 2213 Θεῷ
3344 2141 3441 2214 ήδύ
3481 2159 3536 2195 τι
3577 2144 3676 2195 καὶ
3710 2146 3841 2215 ὲρά-

2235 2242 2415 2295 ,σμιον
2436 2226 2651 2296 ήχήσει.
2677 2226 2879 2298 Στῆσον
2914 2225 3123 2296 σεαυτῷ
3150 2226 3246 2279 καὶ⁸
3273 2224 3390 2295 Θεῷ
3426 2225 3673 2279 τοιοῦτον
3706 2244 3843 2299 μνη-

2260 2310 2429 2379 μεῖον,
2462 2308 2610 2378 αὐτῷ
2646 2310 2744 2379 μὲν
2787 2308 3088 2380 ὑπόμνημα
3130 2311 3231 2379 τῆς
3258 2308 3612 2379 εὐεργεσίας,
3657 2308 3845 2380 σαυτῷ

2255 2390 2313 2443 δὲ
2368 2390 2642 2455 ἀπόδειξιν
2690 2391 2788 2461 τῆς
2833 2391 3218 2461 εὐχαριστίας,
3258 2391 3356 2461 τῆς
3388 2391 3841 2463 εὐγνωμοσύνης,

2256 2473 2522 2542 σύμϐολον
2546 2476 2645 2544 τῆς
2671 2473 2951 2545 διηνεκοῦς
2982 2477 3230 2544 μνήμης,
3265 2473 3333 2544 ήν
3366 2472 3660 2544 ἐγκάρδιον
3701 2474 3843 2545 ἔχων

2256 2557 2367 2621 ἀεὶ,
2404 2556 2703 2610 κατεύθυνέ
2744 2574 2836 2610 σου
2876 2559 2969 2610 τὸν
3006 2557 3144 2627 βίονο
3176 2556 3374 2625 μᾶλλον
3398 2555 3454 2608 δὲ
3494 2556 3844 2611 κατευθύνω-

2258 2655 2379 2709 μεν,
2404 2639 2492 2693 ῐνα
2528 2638 2815 2709 γενώμεθα
2844 2640 2938 2691 καὶ
2966 2639 3065 2708 τῆς
3090 2637 3301 2691 ἐκεῖθεν
3333 2638 3473 2704 ἄξιοι
3502 2638 3843 2709 κληρουχίας

568 2713 668 2784 τὴν
699 2711 884 2782 κλίνην
912 2728 1007 2763 σου
1039 2711 1290 2780 δάκρυσι,
1320 2710 1671 2779 ἀποπήδησον
1702 2709 1812 2763 ἀπὸ
1840 2710 1948 2763 τῶν
1983 2711 2153 2779 ἐργα-

569 2794 813 2865 ζομένων
846 2794 945 2862 τὴν
965 2793 1215 2863 ἀνομίαν.
1240 2793 1351 2846 Καὶ
1378 2793 1553 2845 ταῦτα
1585 2792 1691 2863 γὰρ
1723 2791 2026 2861 μαθήματα
2059 2791 2153 2845 τοῦ

569 2874 906 2930 Δαυῖδ.Είπὲ
942 2876 1059 2944 μετ’
1086 2873 1281 2928 αὑτοῦ·
1302 2875 1451 2941 Ἕως
1479 2874 1645 2943 πότε,
1664 2874 1860 2942 Κύριε,
1887 2872 2153 2942 ἐπιλήσῃ

2254 2723 2625 2790 τῶνάγαθῶν,
2655 2725 2712 2775 ἐν
2737 2720 2959 2793 Χριστῷ
2994 2720 3165 2791 Ἰησοῦ
3194 2721 3272 2791 τῷ
3295 2720 3485 2792 Κυρίῳ
3516 2721 3703 2792 ἡμῶν,
3733 2716 3781 2789 ᾧ
3807 2725 3842 2792 ή

2254 2806 2378 2871 δόξα
2394 2806 2486 2858 καὶ
2504 2806 2564 2858 τὸ
2586 2806 2782 2876 κράτος
2800 2807 2879 2868 είς
2897 2804 3024 2867 τούς
3042 2804 3245 2867 αἰῶνας
3264 2803 3371 2857 τῶν
3390 2802 3625 2858 αἰώνων.
3643 2804 3840 2876 ’Δμήνο

1985 3139 2374 3149 ..._.._—-_—_

573 3126 3795 3172 ξεν-..Μ

694 3251 1054 3315 MONITUM
1098 3250 1177 3309 IN
1220 3247 1783 3308 EXPOSIT-IONEM
1828 3245 1972 3305 SEU
2014 3244 2394 3305 HOMILIAM
2436 3228 2964 3304 CHRYSOSTOMI
3014 3239 3094 3299 IN
3137 3237 3503 3299 PSALMUM
3542 3238 3701 3299 XLI.

634 3374 691 3429 In
722 3375 863 3428 hanc
892 3371 1322 3441 Expositionem,
1367 3371 1483 3424 sive
1534 3369 1854 3432 Homiliam,
1892 3384 2021 3424 nam
2054 3384 2182 3424 vere
2225 3366 2461 3422 Homilia
2509 3374 2615 3427 est,
2649 3366 2766 3419 haec
2808 3371 2960 3418 notat
3010 3360 3250 3416 Savilius
3281 3379 3294 3414 :
3333 3378 3353 3412 ι
3386 3358 3622 3413 Homilia
3656 3369 3744 3414 est
3774 3359 3846 3415 ad

569 3466 832 3537 populum
867 3465 1033 3528 dicta,
1070 3465 1124 3519 in
1157 3464 1484 3534 principium
1513 3465 1715 3521 Psalmi
1748 3467 1836 3533 Η,
1864 3480 1973 3520 non
2000 3472 2258 3533 perpetua
2282 3462 2452 3518 totius
2474 3459 2677 3516 Psalmi
2707 3457 2976 3529 expositio
3005 3474 3019 3510 :
3052 3470 3151 3509 nec
3179 3454 3481 3524 quidquam
3510 3453 3677 3507 habet
3703 3453 3848 3506 ὐπο-

570 3558 933 3630 emporium,
967 3568 1064 3613 aut
1089 3558 1267 3613 simile
1298 3566 1619 3613 eaetcrarum
1656 3577 1669 3614 :
1704 3558 1842 3613 adde
1875 3557 2116 3611 habitam
2146 3569 2269 3610 esse
2302 3554 2445 3608 hanc
2477 3560 2601 3620 post
2628 3552 2791 3606 aliam
2826 3550 2893 3605 de
2930 3546 3347 3601 Melchisedeco.
3380 3543 3513 3597 Eam
3544 3543 3747 3597 damus
3776 3559 3846 3597 ex

567 3654 671 3707 title
700 3653 931 3706 duorum
959 3650 1245 3718 Codicum,
1275 3652 1329 3706 in
1362 3667 1595 3721 quorum
1621 3652 1791 3706 altero
1820 3649 2092 3719 reperitur
2134 3648 2277 3701 inter
2320 3645 2614 3717 διαφόρους
2646 3652 2701 3697 et
2734 3642 3076 3710 singulares;
3110 3648 3276 3703 recte,
3311 3652 3418 3691 non
3463 3645 3526 3691 ut
3558 3636 3615 3689 in
3639 3635 3848 3690 Codice

564 3747 736 3797 a’tero
760 3744 970 3798 exteris
1001 3743 1055 3797 in
1092 3742 1343 3799 Psalmos
1369 3742 1784 3798 commentariis
1813 3742 2146 3811 interjeeta.»
2180 3737 2531 3806 Exploratum
2562 3744 2706 3790 certe
2735 3741 2821 3789 est
2849 3733 2990 3787 hanc
3018 3729 3296 3786 homiliatu
3322 3744 3432 3783 non
3467 3728 3747 3797 pertinere
3774 3726 3848 3781 ad

564 3835 942 3901 Expositiones
973 3835 1025 3890 in
1056 3834 1328 3897 Psalmos,
1364 3835 1458 3891 sed
1489 3850 1615 3890 esse
1638 3834 1901 3889 moralem
1937 3831 2397 3894 adhortationem,
2440 3835 2761 3897 argumento
2788 3825 3080 3892 desumpta
3112 3837 3179 3878 ex
3210 3820 3480 3890 principio
3507 3818 3714 3874 Psalmi
3747 3818 3846 3871 H.

635 3924 757 3991 Quo
790 3934 970 3981 autem
1005 3934 1241 3995 tempore
1273 3923 1457 3979 habita
1490 3923 1676 3987 fuerit,
1708 3926 1825 3993 ipse
1851 3921 2278 3993 Chrysostomus
2308 3933 2409 3972 nec
2446 3916 2682 3973 obscure
2719 3913 2926 3969 indicat
2959 3912 3115 3967 initio
3149 3928 3164 3966 :
3209 3909 3311 3965 Vos
3343 3909 3556 3980 quidem
3577 3947 3593 3971 ,
3639 3907 3846 3977 inquit,

564 4034 658 4070 nos
687 4034 851 4087 nuper
879 4018 1316 4084 admirabamini,
1340 4019 1552 4088 quando
1592 4017 1748 4072 verba
1789 4016 2011 4085 fecimus
2040 4014 2105 4067 de
2142 4009 2490 4067 Melchisedec
2511 4052 2527 4077 ,
2562 4018 2775 4079 propter
2810 4021 2993 4059 eorum
3030 4019 3147 4074 qua:
3186 4002 3331 4056 dicta
3372 4009 3498 4055 sunt
3542 3998 3853 4069 longitudi-

562 4124 680 4161 nem
712 4123 730 4161 :
770 4126 862 4180 ego
888 4122 1065 4165 autem
1094 4127 1182 4165 vos
1209 4111 1522 4164 admirabar
1552 4118 1769 4178 propter
1798 4117 2023 4161 vestram
2071 4106 2130 4158 in
2168 4102 2432 4157 audiendo
2462 4102 2806 4156 attentionem
2839 4106 2888 4153 et
2928 4095 3268 4166 sapientiam,
3301 4103 3352 4149 et
3381 4093 3520 4163 quod
3553 4107 3676 4145 cum
3715 4107 3851 4160 pro-

561 4203 725 4256 lixior
746 4219 801 4257 se
831 4203 1106 4258 obtulisset
1141 4205 1335 4268 oratio,
1372 4218 1466 4257 nos
1498 4202 1569 4256 ad
1603 4202 1762 4271 ﬁnem
1792 4214 1954 4268 usque
1989 4197 2254 4252 consecuti
2305 4197 2451 4250 estis.
2515 4192 2578 4248 Et
2612 4190 2937 4263 quibusdam
2966 4187 3305 4258 interpositis
3334 4202 3350 4240 :
3384 4185 3851 4252 Quemadmodum

564 4307 688 4361 ergo
725 4302 847 4346 tunc
878 4293 1138 4358 dicebam,
1161 4292 1302 4362 quod
1324 4292 1451 4346 dum
1482 4292 1595 4360 ιιιρὶ
1634 4305 1839 4361 gregem
1876 4289 2158 4351 invadunt,
2189 4285 2376 4340 relicta
2416 4283 2624 4354 ﬁstula,
2660 4282 2883 4353 fundam
2918 4282 2974 4335 in
3018 4295 3235 4334 manum
3280 4287 3499 4333 sumunt
3546 4287 3792 4348 pastores
3826 4294 3849 4333 :

562 4386 643 4439 ita
674 4400 834 4451 nunc,
863 4386 988 4439 dum
1026 4386 1163 4455 festa
1195 4383 1509 4438 Iudaeorum
1538 4383 1927 4453 prclerirrunt,
1960 4382 2049 4451 qui
2074 4389 2199 4435 sunt
2227 4377 2475 4450 quibusve
2515 4376 2651 4447 lupis
2688 4375 3048 4440 immaniores,
3079 4372 3267 4427 relicta
3305 4386 3491 4425 rursus
3519 4368 3692 4439 funda
3711 4408 3728 4433 ,
3760 4385 3849 4425 re-

563 4480 781 4533 deamus
812 4481 882 4534 ad
916 4479 1177 4547 ﬁstulam.
1212 4477 1312 4534 Hic
1334 4476 1486 4534 vides
1512 4477 1656 4533 hanc
1678 4476 1733 4530 in
1759 4474 2035 4531 Psalmum
2070 4474 2134 4530 41
2169 4473 2457 4530 Homiliam
2489 4481 2620 4527 tunc
2649 4468 2890 4525 habitam
2926 4468 3119 4533 fuisse,
3164 4482 3292 4522 cum
3334 4467 3404 4521 dc
3445 4464 3848 4520 Melchisedeco

564 4574 737 4628 multa
765 4573 1014 4639 dixisset,
1048 4580 1103 4627 et
1131 4570 1397 4631 Homilias
1422 4578 1613 4626 contra
1636 4566 1856 4624 Iudaeos
1884 4568 2288 4638 complevisset.
2320 4566 2483 4621 Multa
2514 4573 2696 4620 autem
2742 4565 2811 4620 de
2854 4562 3253 4619 Melchisedeeo
3302 4560 3443 4617 dixit
3494 4559 3551 4614 in
3601 4558 3847 4616 Homilia

565 4674 757 4719 contra
786 4664 1006 4719 Judzeos
1044 4664 1296 4733 septima,
1321 4678 1442 4733 qua:
1462 4671 1548 4719 est
1580 4659 1881 4731 penultima
1907 4659 2054 4715 illius
2078 4660 2383 4729 argumenti
2416 4673 2430 4711 :
2469 4657 2671 4728 illaque
2712 4656 2856 4710 inter
2902 4656 3094 4726 longas
3140 4653 3417 4709 orationes
3460 4650 3848 4722 Chrysostomi

566 4758 782 4812 censeri
812 4757 1010 4824 debet;
1043 4756 1256 4826 longior
1288 4764 1471 4810 tamen
1494 4762 1582 4809 est
1610 4764 1803 4809 octava
1831 4759 1888 4807 et
1917 4751 2129 4817 ultima,
2166 4751 2262 4807 sed
2308 4751 2363 4806 in
2394 4765 2457 4806 ea
2490 4749 2627 4805 nihil
2661 4748 2729 4804 de
2763 4746 3175 4812 Melchisedeco,
3206 4747 3352 4801 unde
3390 4744 3531 4801 forte
3567 4744 3846 4815 conjicere

3359 3143 3445 3144 κη
3599 3143 3616 3144 κ

571 4851 733 4905 liceat
763 4850 903 4906 hanc
932 4852 985 4905 in
1018 4850 1221 4907 Psalm.
1253 4850 1317 4904 ιιι
1357 4848 1650 4905 Hontiliam
1688 4848 1925 4903 habitam
1967 4846 2140 4903 fuisse
2175 4847 2370 4902 diebus
2415 4845 2703 4915 septimam
2750 4843 2897 4897 inter
2940 4850 2994 4895 et
3029 4848 3277 4895 octavam
3321 4838 3843 4898 intercurrentibus.

568 4939 721 4998 Licet
742 4945 886 4998 enim
921 4944 1036 4997 haec
1061 4942 1113 4996 in
1139 4942 1416 4997 Psalmum
1452 4940 1513 4995 41
1546 4939 1691 4995 facta
1711 4939 1945 5003 dicatur,
1970 4954 2093 4993 cum
2137 4938 2278 4994 festa
2305 4936 2619 4991 Judazorum
2664 4934 3090 5001 praeteriissent;
3139 4947 3262 5003 quas
3300 4931 3514 4988 scilicet
3538 4931 3679 4988 festa
3713 4948 3841 4989 cum

566 5041 781 5110 jejunio
813 5032 1229 5095 celebrabantur
1263 5055 1277 5094 :
1310 5046 1367 5091 at
1395 5043 1586 5092 octava
1619 5036 1781 5092 etiam
1813 5036 1907 5090 illa
1934 5045 2126 5092 contra
2151 5033 2371 5090 Iudaeos
2393 5031 2629 5087 Humilia
2656 5040 2782 5101 post
2815 5029 2951 5085 festa
2984 5029 3261 5100 etjejunia
3297 5028 3614 5086 Iudaeorum
3652 5029 3843 5087 habita

566 5135 771 5191 dicitur
806 5132 1004 5188 initio:
1038 5130 1325 5202 Παρῆλθεν
1357 5128 1511 5204 [l29]
1544 5132 1579 5201 ή
1612 5130 1837 5201 νηστεία
1868 5128 1975 5185 τῶν
2008 5129 2156 5182 ’ἰουδι

2258 5144 2277 5181 ν
2304 5144 2319 5180 :
2346 5135 2403 5182 et
2431 5126 2580 5180 illam
2607 5133 2731 5195 post
2759 5124 2899 5177 hanc
2926 5122 2979 5176 in
3015 5122 3075 5176 «il
3110 5120 3391 5176 Psalmum
3430 5122 3633 5178 dictam
3668 5120 3746 5176 fui
3781 5137 3845 5179 se

569 5226 766 5281 suadet
797 5224 1239 5297 Chrysostomns,
1267 5238 1392 5278 eum
1421 5225 1498 5278 ait
1530 5237 1591 5279 se
1621 5237 1816 5293 nuper,
1844 5222 1897 5276 id
1944 5230 2063 5285 est,
2102 5230 2162 5276 ut
2204 5219 2454 5286 videtur,
2494 5218 2549 5273 in
2597 5225 2875 5289 postrema
2915 5215 3211 5278 concione,
3264 5215 3483 5284 longam
3531 5213 3843 5269 orationem

570 5320 828 5381 texuisse,
858 5325 914 5372 et
940 5315 1007 5372 de
1037 5314 1437 5371 Melehisedeco
1461 5316 1638 5371 multa
1661 5314 1889 5379 dixisse,
1933 5313 2079 5382 quod
2122 5328 2257 5370 sane
2298 5312 2535 5384 pertinet
2576 5309 2643 5365 ad
2685 5310 2968 5379 septimam
3012 5316 3206 5362 contra
3247 5303 3487 5362 Judmos.
3536 5307 3677 5363 Cum
3713 5321 3844 5362 vere

579 5420 765 5481 postea
796 5425 855 5466 se
880 5418 1031 5471 tunc.
1059 5408 1205 5474 τότε,
1244 5408 1551 5479 exemplum
1580 5405 1817 5478 pastoris
1844 5405 2095 5460 attulisse
2123 5405 2274 5472 dicit,
2302 5404 2396 5476 qui
2424 5404 2614 5473 lupum
2646 5401 2861 5464 videns,
2893 5399 3069 5471 posita
3100 5398 3303 5463 ﬁstula,
3341 5397 3565 5455 fundam
3601 5398 3843 5469 accipit:

588 5506 717 5560 illud
751 5515 875 5558 tunc
903 5503 1175 5572 intelligas
1198 5502 1266 5557 de
1288 5510 1400 5557 tota
1432 5512 1623 5557 contra
1650 5499 1869 5556 Judaaos
1903 5500 2327 5565 concertatione,
2368 5513 2491 5568 quae
2520 5511 2646 5551 eum
2684 5494 2797 5565 jam
2831 5503 3017 5548 coorta
3050 5492 3245 5547 fuisset
3272 5506 3418 5547 anno
3454 5491 3579 5557 586,
3610 5492 3664 5545 in
3702 5491 3844 5546 festo

572 5598 909 5659 .Iudzeorum,
942 5594 1088 5650 circa
1111 5608 1354 5649 mensem
1391 5591 1789 5663 Septembrem,
1821 5603 1931 5659 quo
1967 5597 2213 5656 tempore
2240 5595 2349 5641 tres
2376 5587 2588 5658 priores
2620 5594 2808 5640 contra
2834 5582 3053 5641 Judzeos
3102 5582 3400 5639 conciones
3434 5582 3627 5637 habuit
3657 5582 3841 5656 Chry-

573 5698 873 5753 sostomus,
898 5686 1061 5742 etiam
1088 5700 1235 5741 anno
1270 5686 1519 5755 sequenti
1553 5682 1661 5739 587
1680 5682 2007 5737 ’recurrente
2037 5678 2227 5733 eodem
2261 5678 2419 5746 festo,
2450 5681 2631 5735 denuo
2660 5689 2835 5749 coepta
2866 5677 2986 5745 fuit,
3016 5692 3142 5734 eum
3176 5682 3402 5733 exteras
3433 5676 3682 5745 quinque
3709 5691 3844 5732 con-

575 5794 658 5839 tra
691 5780 911 5837 Iudaeos
938 5778 1194 5836 bomilias
1221 5776 1381 5835 dixit.
1415 5776 1469 5832 In
1496 5785 1691 5849 quarta
1737 5773 1925 5848 igitur,
1968 5771 2128 5831 initio
2166 5773 2393 5832 secundi
2421 5774 2569 5845 belli,
2596 5772 2677 5829 sic
2708 5772 2998 5830 classicum
3034 5786 3230 5828 cauere
3257 5768 3836 5839 videturﬁbrysostoo
