4068 6430
255 358 360 416 153

250 481 660 530 monumentum
706 473 994 532 indelebile
1017 516 1032 541 ,
1066 474 1170 530 hoc
1210 477 1476 532 canticum
1521 478 1639 548 ejus
1679 479 1732 534 in
1777 496 1864 537 me

250 565 638 620 beneﬁciorum
668 565 882 631 dedico,
916 581 1021 620 non
1053 581 1193 621 nunc
1223 567 1396 622 solum
1426 567 1528 623 hoc
1553 583 1777 637 canens,
1807 581 1864 627 et

254 656 515 712 beneﬁcia
544 658 662 726 ejus
700 656 841 725 apud
870 673 957 711 me
995 666 1176 712 mente
1207 673 1428 713 versans
1448 700 1462 722 ,
1490 659 1586 715 sed
1617 661 1777 716 etiam
1808 662 1860 716 in

252 758 530 816 posterum
567 749 798 802 cantabo
835 758 890 804 et
930 749 1152 819 psallam
1192 750 1397 803 nomini
1431 750 1680 817 Domini,
1712 753 1864 808 nulla

248 852 506 906 umquam
536 837 806 892 oblivione
831 831 1112 893 delendam
1146 839 1392 894 beneficii
1433 840 1858 910 magnitudinem

247 929 433 984 animo
457 927 863 985 circumferens.
923 929 1066 984 Talis
1094 945 1224 999 ergo
1263 930 1441 984 anima
1470 932 1624 985 malis
1656 932 1858 987 irretita

249 1034 359 1074 non
389 1019 566 1073 solum
589 1033 620 1072 a
646 1019 804 1074 malis
839 1018 1100 1074 liberatur
1125 1061 1141 1085 ,
1171 1019 1264 1076 sed
1294 1025 1456 1076 etiam
1482 1020 1542 1075 lit
1567 1021 1732 1078 tutior
1754 1063 1769 1087 ,
1802 1033 1862 1078 ut

250 1124 358 1163 non
385 1109 615 1178 amplius
640 1109 694 1163 in
733 1109 928 1164 similia
956 1109 1176 1164 incidat.
1223 1111 1452 1178 Quando
1478 1112 1622 1167 enim
1652 1113 1861 1168 beneﬂ-

247 1202 392 1255 cium
422 1216 638 1270 semper
664 1199 824 1256 habet
850 1200 903 1254 in
931 1202 1188 1256 memoria
1207 1242 1221 1266 ,
1250 1203 1456 1257 clarum
1485 1212 1570 1258 est
1595 1218 1713 1258 eam
1747 1219 1859 1258 ma-

246 1291 424 1346 lorum
451 1306 666 1362 quoque
689 1291 984 1356 recordari,
1012 1306 1047 1345 a
1067 1292 1263 1362 quibus
1287 1292 1507 1348 liberata
1535 1293 1856 1350 beneﬁcium

248 1381 352 1438 fuit
391 1393 744 1454 consequuta.
790 1383 929 1438 Cum
969 1392 1150 1440 autem
1194 1385 1460 1441 maiorum
1502 1387 1855 1456 recordetur,

245 1474 538 1545 diligenter
555 1475 698 1544 apud
718 1487 774 1531 se
805 1484 1032 1546 reputat,
1058 1475 1326 1532 undenam
1346 1492 1417 1534 ea-
1431 1477 1532 1534 sibi
1553 1480 1856 1547 evenerint,

244 1574 300 1619 et
332 1572 556 1636 propter
578 1579 741 1635 quam
762 1578 983 1621 causam
1015 1565 1070 1620 in
1106 1574 1309 1622 tantum
1339 1569 1540 1622 malum
1571 1568 1731 1639 fuerit
1757 1569 1856 1624 tie-

246 1655 458 1709 turbata
491 1674 504 1710 :
534 1664 590 1710 et
627 1655 881 1728 deinceps
923 1657 976 1712 id
1016 1667 1274 1727 reputans
1296 1699 1312 1724 ,
1345 1660 1579 1730 seipsam
1619 1661 1858 1729 undique

245 1747 442 1811 munit,
468 1761 538 1802 ne
561 1747 616 1801 in
646 1747 783 1803 tales
804 1747 1012 1803 recidat
1029 1748 1400 1814 calamitates;
1425 1759 1481 1805 et
1505 1749 1578 1806 ita
1599 1750 1858 1822 deinceps

239 1853 398 1893 suam
431 1839 597 1894 vitam
639 1848 785 1895 recte
810 1854 1143 1910 componens
1167 1849 1225 1896 et
1254 1841 1559 1909 instituens,
1591 1843 1642 1898 ei
1665 1845 1758 1915 qui
1787 1844 1854 1898 li-

241 1929 454 1984 beravit
492 1945 716 2001 magnas
748 1932 859 2002 agit
885 1932 1086 2003 gratias
1114 1950 1128 1985 :
1164 1934 1621 2004 quemadmodum
1652 1936 1857 1992 invenit

248 2019 595 2078 liberatorem
621 2063 638 2089 ,
669 2023 739 2077 ita
776 2026 938 2080 etiam
978 2024 1257 2082 custodem
1293 2026 1350 2082 in
1383 2027 1618 2104 futurum
1653 2027 1858 2086 habere

241 2111 544 2182 postulans.
568 2111 717 2168 Hanc
742 2130 840 2169 nos
864 2131 1079 2186 quoque
1099 2116 1391 2183 imitemur,
1415 2127 1470 2174 et
1488 2119 1534 2173 si
1560 2119 1612 2173 iu
1637 2119 1853 2190 aliquod

242 2210 524 2268 peccatum
555 2202 900 2260 inciderinth
923 2247 938 2271 ,
971 2207 1041 2261 ad
1070 2221 1172 2262 nos
1200 2207 1311 2262 cito
1339 2208 1623 2264 redeamus
1646 2250 1662 2274 ,
1692 2220 1747 2266 et
1772 2209 1854 2265 ia-

239 2291 450 2346 ciamus
476 2303 534 2347 ut
559 2293 738 2364 lapsus
767 2297 837 2351 sit
864 2311 1024 2356 causa
1049 2298 1388 2365 securitatis,
1419 2309 1473 2355 et
1500 2301 1714 2357 occasio
1742 2316 1852 2357 non

237 2381 471 2450 amplius
493 2386 770 2451 peccandi.
795 2386 1081 2456 Quomodo
1098 2405 1231 2460 ergo
1252 2389 1455 2447 facies?
1481 2391 1660 2450 Habes
1687 2395 1852 2450 David

239 2486 649 2546 praeceptorem.
684 2481 1014 2538 Peeeavisti?
1036 2483 1114 2538 Ne
1139 2485 1376 2540 dormias
1401 2486 1454 2540 in
1483 2496 1724 2557 peccato,
1753 2488 1852 2543 sed

236 2582 470 2639 exsurge
495 2612 509 2636 ,
540 2581 597 2626 et
631 2573 813 2629 statim
845 2575 983 2644 apud
1017 2583 1068 2630 te
1096 2576 1270 2646 cogita
1303 2577 1468 2631 Deum
1509 2593 1538 2631 a
1571 2590 1624 2634 te
1659 2577 1850 2635 faciem

235 2661 518 2726 avertisse.
549 2664 622 2717 tui
649 2663 880 2719 oblitum
909 2681 1035 2722 esse
1063 2684 1077 2721 :
1105 2666 1302 2722 deinde
1330 2668 1500 2736 plora,
1531 2669 1848 2738 ingemisce.

233 2753 355 2808 lava
387 2769 482 2823 per
508 2755 744 2826 singulas
770 2765 959 2813 noctes
995 2757 1193 2813 lectum
1235 2767 1383 2813 tuum
1422 2759 1710 2831 lacrymis,
1741 2762 1850 2816 cito

233 2845 432 2900 recede
473 2846 542 2902 ab
584 2847 652 2900 iis
689 2849 778 2918 qui
823 2859 1117 2919 operantur
1159 2851 1516 2921 iniquitatem.
1561 2852 1693 2907 Nam
1734 2854 1850 2910 haec

231 2952 452 3006 quoque
476 2947 605 2993 sunt
633 2939 848 2994 Davidis
873 2950 1163 3011 praecepta.
1191 2943 1284 2996 Dic
1309 2959 1429 2997 cum
1455 2944 1572 3013 ipso
1601 2961 1612 2996 :
1646 2943 1849 3011 Usque-

1242 383 1604 441 EXPOSITIO
1659 391 1723 446 ΙΝ
1763 388 2092 449 ΡΒΑωΙυΜ
2133 388 2269 444 κω.
2304 409 2375 423 —-
2403 381 2738 437 MONITUM.

3483 384 3588 441 liii

1970 485 2154 553 facient
2181 496 2320 543 tuam
2345 505 2377 543 a
2405 506 2486 544 me
2510 489 2686 562 (Psal.
2710 491 2764 549 ϐ.
2793 492 2844 546 7.
2869 493 2970 564 8)?
2998 493 3095 552 Dic
3125 510 3231 552 non
3258 496 3459 570 lingua,
3487 499 3587 557 sed

1966 583 2130 636 corde
2172 581 2341 637 multo
2377 593 2505 639 ante
2537 603 2552 640 :
2587 583 2676 640 dic
2697 585 2831 642 alias
2870 586 3036 643 David
3071 605 3289 661 quoque
3313 593 3575 651 rationes.

1965 672 2202 739 Quando
2231 673 2436 731 dixeris
2473 678 2654 735 omnia
2679 720 2695 746 ,
2725 693 2883 749 spera
2923 681 2977 734 in
3020 682 3391 739 misericordia
3419 685 3540 754 ejus
3561 727 3594 755 ,,

1965 779 2122 832 spera
2146 807 2171 833 ,
2196 781 2264 822 ne
2292 767 2646 825 hacsitaveris.
2681 770 2784 837 Qui
2813 771 2949 826 enim
2986 773 3186 828 [imitat
3207 817 3222 843 ,
3257 775 3467 845 inquit,
3508 788 3592 834 est

1969 856 2148 910 similis
2177 858 2330 913 undce
2356 861 2532 927 maris,
2559 877 2675 931 qua:
2692 872 2838 917 vento
2868 865 3118 919 excitatur
3147 867 3462 938 et-agitatur.
3501 867 3595 924 Ns-

1965 965 2085 1020 ergo
2119 951 2366 1005 existimet
2393 954 2480 1024 qui
2509 965 2582 1008 est
2610 954 2861 1025 ejusmodi
2878 997 2893 1016 ,
2921 973 2977 1011 se
3003 958 3203 1027 aliquid
3227 976 3260 1014 a
3289 958 3400 1014 Deo
3429 978 3584 1017 acce-

1968 1054 2198 1114 pturum.
2233 1041 2324 1098 Vir
2343 1045 2476 1099 enim
2497 1045 2696 1115 duplici
2713 1050 2887 1114 corde,
2910 1059 2984 1104 est
3004 1051 3255 1108 instabilis
3275 1053 3330 1107 in
3349 1054 3589 1108 omnibus

1965 1136 2056 1186 viis
2082 1134 2190 1188 suis
2243 1133 2264 1206 (
2281 1132 2463 1190 Iacob.
2499 1137 2551 1191 i.
2581 1137 2739 1208 6-8).
2776 1136 2943 1208 Spera
2975 1155 3104 1211 ergo
3134 1141 3188 1198 in
3218 1141 3336 1213 ejus
3362 1143 3588 1200 miseri-

1963 1222 2146 1278 cordia
2166 1265 2183 1293 ,
2212 1224 2344 1279 nihil
2371 1225 2626 1282 hesitans
2646 1269 2662 1295 ,
2695 1239 2749 1284 et
2780 1230 3108 1300 postulatum
3135 1234 3368 1289 omnino
3381 1249 3583 1292 conse-

1964 1315 2180 1384 queris;
2211 1325 2495 1386 postquam
2534 1326 2719 1374 autem
2757 1331 3124 1392 consequutus
3163 1323 3330 1380 fueris
3352 1366 3372 1393 ,
3401 1339 3469 1382 ne
3507 1328 3587 1384 sis

1965 1406 2207 1475 ingratus
2234 1407 2287 1461 in
2315 1406 2718 1465 benefactorem
2739 1452 2754 1477 ,
2784 1411 2880 1466 sed
2911 1410 2998 1467 fac
3021 1424 3435 1475 monumentum
3464 1417 3588 1487 ejus

1965 1496 2252 1565 beneficii,
2283 1507 2339 1554 et
2381 1514 2481 1570 pro
2525 1501 2822 1571 gratiarum
2872 1503 3085 1561 actione
3125 1504 3357 1563 Domino
3390 1508 3582 1568 dedica

1961 1590 2250 1647 canticum.
2292 1592 2410 1648 Non
2439 1603 2592 1662 potes
2620 1595 2736 1664 ipse
2764 1594 2906 1653 forte
2939 1612 3268 1667 componere
3299 1621 3312 1658 :
3342 1616 3581 1658 convoca

1959 1691 2247 1754 pauperes,
2264 1698 2453 1740 eorum
2475 1685 2683 1756 linguas
2702 1687 3045 1745 commodata
3063 1691 3270 1760 accipe,
3287 1699 3346 1748 et
3359 1692 3455 1750 tibi
3476 1709 3572 1750 eas

1961 1787 2233 1843 compara.
2260 1773 2380 1831 Scis
2400 1790 2523 1831 eum
2548 1779 2820 1834 lubentius
2842 1779 2895 1834 id
2916 1780 3246 1848 auditurum,
3271 1799 3432 1855 quam
3452 1799 3583 1839 cau-

1961 1867 2127 1922 ticum
2157 1867 2470 1924 Davidicum
2491 1912 2506 1937 ,
2536 1870 2682 1941 quod
2710 1869 2788 1927 illi
2818 1888 2914 1943 pro
2944 1881 2996 1930 le
3021 1876 3338 1931 cecinerim.
3370 1875 3576 1945 Quem-

1962 1957 2252 2015 admodum
2279 1959 2425 2014 enim
2449 1962 2591 2031 quod
2613 1977 2679 2016 ex
2709 1961 2938 2018 diversis
2962 1974 3048 2020 est
3068 1966 3289 2022 chordis
3317 1969 3585 2024 constitu-

1961 2057 2074 2103 tum
2099 2089 2116 2115 ,
2137 2049 2512 2119 iucundiorem
2542 2053 2740 2107 emittit
2767 2054 3190 2111 modulationem
3209 2100 3224 2122 ,
3250 2072 3410 2128 quam
3436 2058 3584 2129 quod

1961 2155 2026 2195 ex
2059 2141 2214 2195 unica
2248 2157 2264 2194 :
2296 2141 2367 2196 ita
2397 2139 2564 2197 e'tiam
2594 2143 2736 2214 quod
2767 2154 2942 2200 estex
2968 2146 3200 2203 diversis
3226 2149 3581 2218 pauperibus,

1963 2232 2074 2286 Deo
2103 2232 2194 2301 qui
2227 2232 2384 2289 audit
2411 2249 2597 2289 vocem
2642 2249 2938 2304 pauperum
2960 2277 2975 2302 ,
3003 2237 3303 2307 jucundum
3332 2238 3462 2309 quid
3494 2255 3581 2295 re-

1958 2327 2174 2382 sonabit
2209 2336 2265 2382 et
2292 2326 2540 2382 amabile.
2583 2328 2741 2397 Erige
2773 2329 2865 2383 tibi
2908 2329 3011 2401 ipsi
3043 2340 3096 2386 et
3130 2331 3240 2386 Deo
3271 2331 3582 2402 hujusmodi

1958 2427 2368 2474 monumentum
2413 2436 2426 2471 :
2470 2419 2520 2474 ei
2565 2419 2782 2490 quidem
2831 2433 3241 2478 monumentum
3288 2425 3575 2487 beneficii;

1959 2510 2055 2566 tibi
2083 2525 2210 2566 vero
2235 2510 2602 2566 ostensionem
2630 2513 2923 2582 gratiarum
2952 2517 3180 2570 actionis
3199 2559 3215 2584 ,
3249 2520 3384 2588 grati
3411 2521 3579 2574 animi

1957 2611 2012 2657 et
2061 2604 2318 2657 memoris
2342 2644 2357 2665 .
2387 2603 2598 2674 signum
2647 2615 2921 2674 perpetua:
2966 2609 3244 2663 memoriae
3271 2650 3286 2674 ,
3319 2626 3481 2680 quam
3524 2611 3579 2666 iu

1956 2693 2121 2748 corde
2164 2709 2380 2764 semper
2421 2693 2624 2749 habens
2656 2695 2873 2749 inﬁxam
2900 2738 2914 2760 ,
2946 2699 3159 2770 corrige
3193 2709 3336 2754 tuam
3367 2703 3530 2755 vitam
3563 2718 3577 2754 :

1957 2785 2067 2838 imo
2094 2800 2225 2840 vero
2264 2785 2599 2856 corrigamus
2624 2827 2638 2849 ,
2674 2796 2732 2839 ut
2760 2788 2928 2842 simus
2969 2788 3113 2859 digni
3149 2791 3446 2846 hereditate
3477 2792 3578 2848 ho-

1957 2891 2148 2930 norum
2175 2892 2296 2946 qua:
2321 2875 2434 2931 illic
2461 2888 2604 2940 sunt,
2632 2877 2683 2931 in
2709 2877 2923 2932 Christo
2951 2879 3077 2935 Jesu
3108 2882 3338 2939 Domino
3365 2896 3572 2950 nostro,

1955 2968 2041 3022 cui
2070 2967 2238 3038 gloria
2267 2974 2323 3022 et
2350 2967 2633 3036 imperium
2666 2968 2721 3022 in
2748 2969 2946 3024 sazcula
2978 2972 3323 3030 seculorum.
3355 2977 3551 3030 Amen.

231 3042 356 3094 quo,
386 3026 628 3095 Domine,
645 3029 951 3086 oblivisceris
978 3048 1056 3085 me
1079 3033 1132 3085 in
1160 3032 1315 3100 ﬁnem
1332 3033 1358 3086 .7
1382 3049 1640 3103 usquequo
1667 3036 1848 3087 avertis

265 3182 3554 3220 ὢ

261 3295 390 3335 mus
425 3303 436 3334 ;
478 3278 685 3333 Rursus
711 3277 952 3347 infelices
985 3277 1092 3341 illi,
1125 3277 1541 3348 mortaliumque
1567 3277 1806 3331 omnium
1831 3275 2120 3330 miserrimi
2147 3274 2326 3329 Judaei
2358 3274 2664 3344 jejunaturi
2698 3285 2823 3330 sunt
2853 3293 2871 3330 :
2905 3293 3096 3332 rursus
3129 3277 3336 3332 Christi
3363 3294 3575 3349 gregem

263 3381 571 3434 muniamus
605 3392 810 3431 necesse
841 3385 940 3429 est.
972 3374 1415 3443 Quandoquidem
1439 3383 1489 3430 et
1518 3384 1782 3445 pastores,
1805 3373 2064 3444 quamdiu
2090 3373 2254 3426 noxia
2288 3373 2457 3427 bestia
2491 3372 2716 3428 molesta
2746 3390 2850 3427 non
2876 3384 2978 3437 est,
3004 3373 3104 3428 sub
3132 3377 3308 3430 ilicem
3341 3386 3437 3429 aut
3471 3393 3572 3445 po-
3606 3425 3614 3435 ,

261 3474 450 3542 pulum
483 3473 736 3542 porrecti,
775 3469 959 3540 ﬁstula
991 3478 1214 3531 canunt,
1245 3472 1475 3523 sinentes
1513 3486 1629 3524 oves
1657 3468 1818 3522 libere
1848 3484 1945 3537 pro
1977 3483 2074 3521 suo
2103 3467 2374 3520 arbitratu
2416 3484 2633 3536 pascere
2657 3484 2676 3522 :
2707 3483 2886 3523 verum
2927 3468 3092 3523 simul
3125 3479 3284 3540 atque
3313 3470 3576 3523 senserint

263 3571 517 3625 alicunde
547 3570 796 3638 luporum
826 3569 1181 3621 incursionem
1215 3567 1514 3631 imminere,
1547 3581 1692 3629 mox,
1717 3565 1931 3634 objecta
1953 3563 2163 3633 ﬁstula,
2193 3564 2418 3633 fundam
2445 3566 2738 3635 arripiunt,
2772 3574 2822 3620 et
2845 3568 3040 3620 emisso
3066 3567 3300 3630 calamo,
3340 3567 3574 3636 fustibus

259 3679 310 3720 et
343 3669 495 3720 saxis
528 3666 810 3719 obarmant
837 3681 971 3729 sese,
995 3679 1194 3734 proque
1221 3664 1348 3717 ovili
1371 3663 1738 3728 consistentes,
1764 3679 1954 3730 magno
1987 3661 2242 3725 clamore,
2280 3663 2580 3733 ingentique
2607 3662 2820 3715 ululatu
2856 3663 3231 3732 vociferantes,
3271 3665 3577 3735 frequenter

261 3764 376 3831 ipso
405 3761 642 3815 clamore
677 3761 869 3829 feram,
901 3761 1212 3829 priusquam
1246 3761 1530 3828 irrumpat,
1571 3758 1814 3828 abigunt.
1848 3756 2008 3813 Hunc
2042 3758 2232 3827 utique
2278 3757 2463 3812 locum
2515 3757 2738 3828 respicit
2773 3756 3206 3830 Chrysostomus
3239 3774 3366 3814 cum
3416 3758 3574 3815 initio

262 3859 436 3927 hujus
462 3857 518 3912 in
546 3855 832 3912 Psaimum
861 3856 923 3911 4i
961 3854 1206 3910 homiliaz
1234 3870 1292 3909 se
1321 3855 1560 3924 pastoris
1589 3854 1904 3922 exemplum
1938 3853 2197 3909 attulisse
2227 3853 2384 3908 dicit.

333 3954 478 4009 llinc
531 3953 696 4022 igitur
754 3945 966 4007 inieras
1013 3965 1162 4003 anno
1204 3948 1304 4003 587
1359 3948 1600 4002 habitam
1651 3946 1826 4002 fuisse
1871 3947 2013 4002 hanc
2053 3947 2404 4009 concionem,
2431 3954 2484 4000 et
2531 3944 2778 4014 quidem,
2807 3954 2868 4000 ut
2904 3947 3142 4012 videtur,
3171 3956 3295 4016 post
3326 3961 3572 4003 mensem

262 4047 304 4103 ὃ
339 4046 644 4117 ptembrem
671 4062 683 4097 :
717 4056 829 4113 qua
856 4044 924 4096 de
953 4057 1013 4096 re
1040 4041 1162 4096 vide
1186 4039 1454 4095 Monitum
1486 4049 1736 4094 nostrum
1766 4039 1835 4093 ad
1872 4039 2141 4095 Homilias
2169 4047 2363 4096 contra
2397 4036 2642 4102 Judmos,
2665 4035 2828 4093 Tom.
2861 4040 2915 4104 l,
2949 4053 3004 4109 p.
3043 4036 3172 4094 585.
3203 4037 3358 4095 Licet
3388 4048 3573 4096 autem

257 4151 416 4198 extra
458 4139 656 4194 seriem
690 4135 1111 4208 Espositiouum
1143 4134 1200 4188 in
1230 4132 1487 4188 Psalmos
1514 4131 1790 4202 principio
1821 4131 1999 4201 posita
2036 4131 2208 4187 fuisse
2233 4131 2506 4195 videatur,
2542 4129 2673 4200 quia
2707 4140 2891 4185 tamen
2921 4130 2978 4184 in
3019 4129 3226 4187 Gracsis
3257 4131 3430 4188 Editis
3452 4148 3575 4188 oui-

259 4240 430 4294 nibus
457 4244 514 4292 et
546 4237 601 4292 in
630 4232 964 4304 quibusdam
997 4233 1140 4286 Mss.
1169 4231 1318 4285 hunc
1349 4229 1530 4284 locum
1560 4228 1797 4295 obtinet,
1827 4243 1952 4283 eam
1981 4229 2104 4284 loco
2131 4243 2354 4283 movere
2392 4227 2572 4282 visum
2602 4241 2710 4281 non
2752 4236 2858 4282 est.

332 4327 452 4384 iam
490 4342 606 4382 rem
641 4325 917 4380 diliicilem
948 4332 1007 4379 et
1028 4336 1320 4392 operosam
1371 4319 1764 4391 aggrediamur
1795 4329 2050 4390 oportet;
2084 4335 2282 4389 nempe
2311 4319 2677 4391 quatrendum
2726 4318 2795 4373 de
2827 4317 3140 4390 signiﬁcatu
3176 4333 3376 4374 vocum
3427 4321 3573 4374 ὑπα-

256 4421 468 4483 κούειν,
497 4419 739 4488 ὑπακοή.
775 4415 1140 4487 ὑποψάλλειν,
1158 4416 1317 4486 queis
1345 4430 1490 4483 saepe
1518 4415 1693 4470 utitur
1721 4413 1778 4470 in
1821 4414 1855 4469 h

1972 4413 2202 4468 homilia
2252 4412 2736 4484 Chrysostomus:
2780 4409 3058 4481 interpres
3109 4427 3240 4467 vero
3285 4428 3574 4483 perperam

257 4532 480 4587 semper
504 4514 784 4586 exprimit.
819 4511 910 4580 Sic
942 4513 1108 4582 paulo
1136 4519 1262 4582 post
1293 4511 1512 4566 initium
1539 4528 1554 4564 :
1585 4509 1691 4575 τὴν
1721 4511 1855 4580 mea,

1987 4510 2162 4580 αὐτὴν
2191 4508 2287 4564 τοῦ
2318 4509 2488 4564 Δαυὶδ
2517 4508 3049 4581 μεταχειριζὸμενοι,
3079 4511 3176 4562 καὶ
3201 4509 3301 4582 τὴν
3325 4511 3574 4582 ὑπακοὴν

260 4623 340 4682 εἰς
372 4615 541 4688 μέσον
563 4615 812 4683 ἄγοντες,
844 4611 911 4682 ἢν
939 4609 1180 4673 ἅπαντες
1210 4610 1572 4681 ὑπεψάλαμεν
1617 4611 1882 4681 τήμερον.
1931 4608 2028 4671 Τίς
2082 4605 2180 4662 οὖν
2231 4609 2383 4662 ἐστιν
2434 4609 2468 4678 ἡ
2523 4608 2776 4676 ὑπακοής
2823 4607 2923 4661 ⁸ον
2969 4609 3174 4679 τρόπον
3230 4609 3483 4662 ἐπιποθεῖ
3537 4610 3571 4679 ἡ

260 4705 460 4778 [iach
489 4708 583 4760 ἐπὶ
610 4705 714 4769 τὰς
745 4703 930 4774 πηγὰς
963 4703 1073 4757 τῶν
1106 4702 1338 4770 ὑδάτων,
1370 4701 1548 4766 οὕτως
1577 4702 1833 4755 ἐπιποθεῖ
1859 4704 1894 4773 ἡ
1925 4701 2073 4770 ψυχή
2104 4717 2206 4770 μου
2241 4701 2381 4772 πρὸς
2412 4701 2503 4766 σὲ,
2541 4702 2571 4755 ὁ
2609 4700 2744 4764 Θεός
2778 4718 2790 4753 :
2828 4710 2884 4756 et
2928 4709 3119 4768 postea
3155 4720 3168 4754 :
3216 4701 3314 4754 καὶ
3343 4701 3434 4774 μὴ
3481 4699 3572 4754 δια

266 4801 530 4874 ῥημάτων
559 4799 756 4870 μόνον,
786 4796 924 4850 ἀλλὰ
955 4795 1050 4850 καὶ
1077 4794 1144 4848 δι’
1177 4795 1359 4850 αὐτῶν
1394 4795 1504 4849 τῶν
1533 4795 1714 4865 ἔργων
1742 4793 1952 4864 ταύτην
1995 4790 2329 4862 summm
2363 4793 2462 4864 τὴν
2491 4793 2745 4865 ὑπακοήν
2779 4810 2795 4847 :
2841 4803 2897 4849 et
2933 4792 3074 4848 infra
3105 4811 3120 4847 :
3151 4792 3280 4847 ἀλλ’
3310 4793 3399 4847 ἴνα
3440 4793 3571 4846 ὅταν

257 4895 595 4967 ὐποψάλλῃς,
631 4892 902 4963 συνθήκας
929 4889 1070 4944 εἶναι
1099 4890 1329 4961 νομίσῃς
1358 4891 1459 4962 τὴν
1490 4891 1765 4958 ὑπακοήν.

329 4993 465 5046 item
496 5008 647 5044 num.
685 4988 760 5042 ϐε
794 4989 856 5042 ού
886 4988 996 5059 γὰρ
1032 4988 1097 5058 δὴ
1133 4987 1295 5058 μόνον
1325 4989 1435 5042 ἀπὸ
1462 4989 1564 5058 τῆς
1599 4991 1849 5059 ὑπακοῆς
1876 4988 2086 5060 ταύτης
2116 4989 2266 5041 εστιν
2308 4987 2438 5041 ἰδεῖν
2477 4988 2645 5040 αὑτοῦ
2681 4987 2745 5040 τδ
2785 4987 3022 5058 φίλτρον
3041 4988 3137 5040 καὶ
3164 4987 3274 5040 ἀπὸ
3306 4986 3416 5040 τῶν
3445 4987 3576 5056 ἑξῆς

261 5088 527 5160 ῥημάτων
559 5103 572 5140 :
605 5096 663 5140 et
693 5100 848 5139 num.
879 5085 910 5138 7
948 5099 963 5138 :
1006 5085 1082 5157 μὴ
1111 5086 1295 5139 τοίνυν
1325 5085 1513 5149 ἁπλῶς
1542 5086 1781 5140 ενταῦθα
1811 5085 2095 5154 εἰσίωμεν,
2131 5084 2269 5155 μηδὲ
2299 5084 2401 5148 τὰς
2431 5084 2684 5147 annos;
2713 5085 3103 5153 ἁφωσιωμένοι
3149 5084 3520 5154 ὑπακούωμεν
3557 5097 3570 5133 :

255 5195 312 5239 ct
341 5183 524 5238 infra:
560 5183 658 5247 τὰς
709 5181 962 5246 ύπακοὰς
1011 5182 1174 5252 μόνον
1215 5181 1550 5253 διατήρησόν
1601 5199 1693 5251 μοι
1721 5182 1832 5234 τῶν
1873 5181 2126 5253 ψαλμῶν,
2159 5181 2228 5244 ἃς
2269 5179 2508 5234 ἐνταῦθα
2551 5178 2906 5249 ὑποψαλλεις,
2948 5181 3048 5251 οὐχ
3083 5180 3253 5245 ἅπαξ,
3285 5181 3348 5232 οὐ
3377 5180 3480 5244 δὶς,
3508 5181 3571 5232 ού

254 5281 400 5351 τρδς,
436 5277 572 5331 ἀλλὰ
608 5280 700 5332 καὶ
731 5277 1016 5340 πολλάκις,
1048 5287 1155 5332 etc.
1197 5275 1367 5331 Paulo
1403 5286 1528 5344 post
1558 5288 1740 5331 autem
1773 5294 1789 5330 :
1821 5295 1850 5330 ο

1966 5277 2110 5347 αὕτη
2144 5278 2202 5330 δὲ
2244 5278 2427 5347 μόνον,
2459 5276 2598 5330 ἀλλὰ
2639 5278 2734 5330 καὶ
2781 5277 2990 5346 ἑκάστη
3029 5278 3248 5349 ὑπακοὴ
3273 5279 3367 5330 τὸν
3404 5276 3572 5329 αὑτὸν

255 5374 391 5443 ἡμῖν
420 5369 715 5440 παρέξεται
750 5368 1003 5433 πλοῦτον,
1039 5367 1144 5422 κᾶν
1179 5368 1343 5440 εἴπῃς
1369 5369 1554 5437 πάλιν,
1578 5369 1872 5440 Μακάριος
1911 5370 2054 5441 ἀνὴρ
2077 5371 2106 5423 ὁ
2138 5369 2478 5442 φοϐούμενος
2509 5371 2605 5423 τὸν
2639 5369 2869 5440 Κύριον.
2907 5371 2964 5424 in
2996 5371 3103 5424 line
3134 5378 3317 5424 autem
3346 5385 3360 5422 :
3395 5369 3490 5458 ἶνα
3511 5368 3570 5422 δὲ

261 5469 338 5538 μὴ
366 5467 662 5538 μακρύνων
695 5467 788 5521 τὸν
816 5467 978 5535 λόγον
1001 5465 1140 5531 δόξω
1166 5465 1408 5537 ἐνοχλεῖν
1452 5469 1568 5531 τοῖς
1599 5467 2082 5538 φιλοπνωτέροις,
2117 5467 2438 5521 καταλιπὼν
2481 5469 2725 5538 ἑκάστην
2767 5467 3018 5536 ἐκλέγειν
3043 5466 3315 5540 ὑπακοὴν,
3347 5467 3442 5520 καὶ
3467 5466 3570 5535 τὴν

255 5557 692 5628 ἐναποκειμένην
719 5558 858 5628 αὐτῇ
891 5556 1124 5628 δύναμιν
1151 5557 1552 5628 διερευνᾶσθαι,
1581 5557 1819 5612 ἐνταῦθα
1851 5558 2146 5612 καταλύσω
2165 5559 2259 5612 τὸν
2277 5559 2462 5629 λόγον,
2491 5561 2679 5613 ἐκεῖνα
2705 5561 3049 5629 παραινέσας
3074 5559 3230 5630 ὑμῶν
3257 5562 3323 5630 τῇ
3351 5560 3569 5630 ἀγάπῃ,

262 5653 338 5722 μὴ
372 5651 560 5714 ἁπλῶς
595 5651 830 5705 ἐνταῦθα
866 5652 1130 5720 εἰσιέναι,
1159 5652 1276 5706 ἀλλ’
1315 5651 1509 5719 ὥσπερ
1555 5655 1905 5725 μαργαρίτας
1948 5654 2051 5718 τὰς
2099 5654 2348 5718 ύπακοάς
2384 5652 2764 5724 λαμϐάνοντας
2810 5653 3092 5722 διατηρεῖν
3113 5693 3128 5714 ,
3178 5653 3275 5706 καὶ
3310 5652 3566 5723 μελετᾷν.

331 5747 489 5820 Apud
519 5747 857 5803 Methodium
889 5750 1016 5804 item
1049 5750 1102 5803 in
1136 5748 1408 5804 Convivio
1437 5751 1735 5821 virginum,
1761 5766 1817 5821 p.

1962 5798 1964 5804 ι
2005 5771 2018 5806 :
2058 5753 2159 5820 τὴν
2200 5752 2415 5805 Θέκλαν
2460 5749 2634 5820 μέσην
2673 5749 2773 5820 μὲν
2820 5749 2932 5802 τῶν
2973 5747 3284 5817 παρθένων,
3329 5748 3456 5817 ἔψη,
3503 5748 3570 5799 ἐκ

259 5842 450 5910 δεξιῶν
487 5843 543 5897 δὲ
576 5842 674 5914 τῆς
699 5842 904 5914 ἀρετῆς
935 5844 1144 5899 στᾶσαν
1182 5845 1426 5916 κοσμίως
1457 5844 1700 5914 ψάλλειν*
1727 5844 1825 5910 τὰς
1856 5843 1914 5898 δὲ
1941 5844 2131 5909 λοιπὰς
2159 5847 2218 5900 ἐν
2247 5844 2433 5916 κύκλῳ
2463 5842 2714 5914 καθάπερ
2742 5843 2799 5897 ἐν
2825 5840 2985 5914 χοροῦ
3020 5843 3262 5913 σχήματι
3290 5842 3567 5906 συστάσας
