4068 6432
548 363 645 424 Ιῖὗ
1232 364 1290 421 S.
1326 364 1618 425 JOANNIS
1650 365 2141 427 CHRYSOSTOMI
2182 361 2504 424 ARCHIEP.
2543 355 3099 420 CONSTANTINOP.
3711 357 3821 414 158

535 483 836 538 ὑπακούειν
868 483 1029 557 αὐτῇ,
1065 475 1373 552 respondere
1399 484 1501 539 illi.
1540 483 1637 541 ιιιο
1666 501 1831 543 sensu
1861 487 2024 541 etiam
2059 486 2099 540 t'r

2209 482 2359 538 nam
2394 495 2496 536 usu
2524 477 2671 534 venit
2693 475 2815 531 Job.
2853 474 2940 539 14,
2968 473 3059 536 15,
3100 469 3191 527 ubi
3238 485 3345 526 us
3398 469 3655 527 habent:
3697 464 3824 526 εἶτα

533 578 809 644 καλέσεις,
833 579 947 649 ἐγὼ
965 578 1024 633 δέ
1054 596 1137 633 σοι
1163 580 1567 652 ὑπακούσομαι,
1600 581 1693 637 ubi
1728 580 1977 653 Vulgata,
2024 580 2099 636 Vo

2209 580 2250 634 is
2280 594 2385 642 me,
2414 586 2463 631 et
2484 590 2578 644 ego
2608 568 2930 639 respondebo
2959 569 3077 621 tibi.

605 672 765 728 Clare
798 671 1160 739 Athanasius,
1183 673 1443 744 Apologia
1478 674 1546 729 de
1568 672 1696 744 fuga
1728 687 1851 740 sua,
1880 690 1934 743 p.
1970 672 2077 728 534

2209 670 2450 733 ιθεσθεὶς
2472 668 2566 722 ἐπὶ
2586 664 2683 718 τοῦ
2704 664 2925 735 Θρόνου,
2948 660 3289 731 προέτρεπον
3313 658 3408 711 τὸν
3436 658 3540 729 μὲν
3562 657 3827 713 διάκονον

532 762 933 834 ἀναγινώσκειν
964 765 1201 837 ψαλμόνο
1232 766 1360 829 τοὺς
1381 765 1437 818 δὲ
1471 763 1636 828 λαοὺς
1662 764 1984 829 ὑπακούειν,
2014 764 2099 817 '01

2209 764 2247 825 Ec
2276 761 2368 815 τὸν
2401 758 2575 812 αἰῶνα
2604 754 2664 809 τὸ
2692 755 2841 817 ἔλεος
2862 752 3031 807 αὐτοῦ
3057 772 3070 806 :
3106 750 3173 805 In
3216 752 3405 807 throno
3454 750 3645 805 sedeas
3675 766 3827 818 prc-

533 862 647 928 cepi
673 860 902 915 diacono
936 870 998 915 ut
1042 860 1322 914 Psalmum
1368 859 1580 930 legeret,
1618 859 1911 927 populoque
1952 869 2010 913 ut
2052 855 2427 926 responderet:
2461 850 2730 919 Quoniam
2772 847 2830 901 in
2878 856 3133 901 (sternunt
3178 843 3550 899 misericordia
3583 842 3725 910 ejus.
3758 837 3832 895 ει

532 954 774 1027 Epistula
803 954 870 1010 ad
899 953 1277 1010 Marcellinum
1304 954 1582 1019 comitem,
1624 968 1679 1023 p.
1707 953 1812 1007 998
1838 969 1852 1006 :
1880 952 2099 1021 θέλειςᾴ

2209 959 2311 1005 ιειν
2343 946 2591 1016 ὑπακοὴν
2618 944 2849 1014 ἔχουσαν
2877 942 2938 996 τὸ
2976 939 3291 1011 ἀλληλούια,
3336 939 3427 993 Vis
3456 938 3693 1007 psallere
3721 936 3829 1007 lig-

529 1068 726 1120 pacoen
758 1050 1037 1105 habentem
1067 1051 1289 1105 alleluia
1314 1066 1335 1103 :
1368 1050 1443 1104 ibi
1479 1063 1611 1106 vero
1634 1048 1884 1104 Psalmos
1922 1047 2099 1103 indica

2210 1047 2304 1111 04,
2355 1043 2478 1107 105,
2523 1041 2648 1106 106,
2698 1038 2976 1105 110,111,
3018 1037 3142 1098 112,
3193 1034 3319 1098 115,
3369 1032 3498 1098 lli,
3531 1031 3659 1097 115,
3697 1029 3829 1096 118,

534 1146 658 1211 iss,
690 1145 815 1217 N6,
847 1147 967 1211 147,
999 1146 1273 1213 148,149,
1317 1146 1443 1201 150.

605 1240 688 1296 Ex
729 1243 883 1298 hisce
909 1242 1239 1299 testimoniis
1273 1242 1443 1312 liquet
1473 1241 1771 1295 ὑπακούειν
1798 1250 1852 1296 et
1886 1241 2099 1312 ὑποψάλ

2209 1258 2219 1290 ν
2254 1237 2585 1309 signiﬁcare,
2621 1233 2872 1289 recitanti
2907 1229 3242 1299 respondere,
3278 1224 3364 1281 vel
3388 1222 3604 1278 canenti
3647 1220 3834 1275 sucei-

538 1354 698 1404 nere;
724 1348 889 1408 tque
915 1338 1053 1393 adeo
1076 1339 1326 1411 ὑπακοήν
1355 1353 1478 1395 esse
1508 1354 1837 1407 responsum,
1869 1337 1955 1393 vel
1977 1336 2366 1406 responsionem
2390 1350 2408 1389 :
2436 1340 2629 1388 contra
2655 1344 2823 1400 quam
2850 1328 3014 1381 vertit
3045 1323 3354 1379 Gentianus
3382 1312 3831 1411 Hervetustqui

536 1448 564 1483 a
610 1429 777 1485 verbo
800 1406 1009 1484 audire
1068 1406 1291 1499 semper
1333 1433 1839 1502 interpretationem
1880 1437 2091 1501 petens,
2143 1428 2448 1484 sententias
2495 1424 2833 1497 pessumdat.
2882 1421 3086 1475 Contra
3132 1431 3297 1487 quam
3348 1413 3514 1468 etiam
3569 1406 3835 1502 intelligit

536 1521 752 1577 Gnarus
781 1520 837 1575 in
874 1519 1214 1592 Euchologio
1257 1536 1313 1591 p.
1361 1521 1451 1586 57,
1482 1499 1595 1577 ἰιιιί
1630 1499 1896 1593 ὑπακοήν-
1917 1522 2082 1575 vertit
2131 1520 2484 1583 auditionem,
2519 1528 2856 1587 quamquam
2901 1509 3267 1567 subdubitans
3301 1506 3587 1559 variorum
3633 1499 3835 1555 eﬂ'erat

535 1614 859 1671 sententias.
884 1615 1053 1687 igitur
1072 1617 1370 1671 ὑπακούειν
1407 1624 1463 1672 et
1488 1616 1821 1687 ὑποψάλλειν
1858 1615 2099 1673 dicebam

2209 1614 2433 1683 opulus,
2476 1627 2601 1668 cum
2630 1610 2713 1666 vel
2741 1609 2973 1664 diacono
3006 1606 3090 1661 vel
3130 1601 3516 1660 sacerdotibus
3541 1597 3630 1653 vel
3666 1594 3834 1652 cleri-

537 1714 617 1767 cis
652 1712 1075 1782 praecinentibus
1103 1713 1439 1781 succinebat,
1479 1713 1564 1769 vel
1598 1712 1958 1769 recitantibus
1982 1709 2379 1780 respondebat;
2405 1707 2621 1778 ὑπακοή
2660 1721 2791 1760 vero
2830 1701 2983 1775 [150]
3026 1700 3159 1756 illud
3196 1700 3374 1769 ipsum
3418 1694 3568 1765 quod
3603 1708 3839 1762 respon-

535 1806 804 1881 debatur;
839 1809 1076 1880 exempli
1108 1824 1297 1874 causa,
1324 1811 1423 1864 Ὃν
1448 1809 1651 1880 τρόπον
1693 1808 1947 1863 ἐπιποθεί
1988 1808 2021 1877 ή
2062 1806 2099 1860 ἑ]

2209 1823 2297 1871 ος,
2340 1814 2448 1861 etc.
2495 1800 2956 1869 Quemadmodum
3007 1800 3272 1853 desiderat
3312 1810 3493 1849 cervus
3536 1791 3608 1843 ad
3654 1792 3834 1862 fontes

535 1915 822 1969 aquarum,
854 1900 933 1953 ita
966 1899 1235 1954 desiderat
1264 1901 1447 1953 anima
1480 1915 1593 1953 mea
1621 1898 1692 1952 ad
1722 1908 1789 1964 te,
1822 1898 1984 1964 Deus,
2015 1898 2132 1951 haec
2163 1905 2283 1951 erat
2310 1896 2528 1966 ὑπακοή
2565 1908 2661 1950 seu
2697 1892 3022 1962 responsio;
3056 1890 3177 1944 alia:
3212 1888 3340 1942 item
3375 1884 3621 1940 ὑπακοαί
3646 1891 3831 1947 erant,

557 1994 3819 2028 Μ

1026 2164 1090 2219 IN
1121 2162 1444 2220 PSALMUM
1473 2161 1613 2217 XLI.

531 2300 972 2368 Quemadmodum
1015 2298 1268 2352 desiderat
1308 2312 1483 2349 cervus
1531 2294 1600 2348 ad
1650 2296 1816 2365 fontes
1863 2306 2115 2361 aquarum

604 2401 675 2449 (υ.
696 2394 772 2465 9).
797 2392 859 2448 Et
879 2406 1109 2462 quanam
1134 2389 1201 2446 de
1221 2404 1378 2444 causa
1398 2385 1642 2441 Psalmus
1664 2386 1717 2440 in
1739 2385 1901 2441 vitam
1942 2383 2117 2439 intro-

596 2486 790 2542 ductus
815 2486 1024 2539 canitur
1053 2497 1173 2538 cum
1197 2481 1429 2536 cantico.
1458 2478 1527 2533 Et
1555 2478 1623 2534 de
1650 2478 1748 2533 Dei
1793 2478 2012 2533 lenitate
2052 2491 2116 2532 ac

598 2575 869 2645 patientia.

594 2714 647 2767 1.
683 2711 788 2767 Vos
832 2710 1046 2781 quidem
1077 2725 1175 2765 nos
1202 2724 1376 2780 nuper
1407 2704 1841 2771 admirahamini,
1897 2703 2112 2775 quando

519 2806 680 2863 verba
709 2804 933 2863 fecimus
955 2806 1023 2861 de
1054 2801 1447 2857 Melchisedech
1481 2800 1578 2872 (η),
1605 2809 1825 2871 propter
1871 2813 2057 2853 eorum
2091 2837 2108 2864 ,

515 2912 637 2967 quae
665 2897 805 2952 dicta
835 2902 980 2960 sunt,
1015 2894 1401 2964 longitudinem
1438 2911 1452 2947 :
1484 2908 1585 2963 ego
1610 2901 1786 2945 autem
1814 2906 1910 2945 νινε
1936 2890 2107 2943 admi-

516 2990 675 3043 rabar
728 2996 945 3059 propter
976 2994 1212 3041 vestram
1260 2984 1314 3038 in
1364 2981 1632 3037 audiendo
1670 2982 2020 3036 attentionem
2052 2988 2107 3033 et

514 3080 852 3150 sapientiam,
892 3087 947 3133 et
973 3077 1115 3149 quod
1138 3091 1259 3131 cum
1290 3075 1549 3145 prolixior
1568 3090 1626 3128 se
1668 3074 1951 3128 obtulisset
1977 3087 2102 3127 ora-

517 3171 614 3238 tio,
647 3184 746 3226 nos
772 3170 837 3224 ad
877 3169 1038 3224 tinem
1072 3181 1238 3237 usque
1262 3164 1578 3234 consequuti
1605 3165 1757 3227 estis,
1783 3177 2107 3234 quamquam

517 3277 624 3314 non
652 3260 826 3314 solum
854 3265 971 3313 erat
1020 3257 1175 3325 longa
1202 3256 1407 3321 oratio,
1465 3254 1560 3309 sed
1590 3268 1834 3324 magnam
1864 3254 2024 3308 etiam
2053 3256 2106 3306 in

514 3366 574 3406 se
615 3350 842 3404 habebat
874 3347 1263 3403 difﬁcultatem.
1307 3346 1414 3403 Sed
1454 3360 1627 3414 neque
1653 3345 1951 3415 longitudo,
2006 3360 2108 3399 nec

515 3444 593 3497 rei
633 3440 923 3497 difﬁcultas
968 3439 1096 3494 vicit
1124 3448 1357 3493 vestram
1399 3436 1560 3491 animi
1591 3436 1943 3491 alacritatem.
1993 3436 2107 3505 Age

511 3548 642 3604 ergo
692 3546 784 3588 vos
819 3545 916 3601 pro
960 3529 1052 3584 illo
1106 3528 1289 3584 labore
1338 3542 1766 3591 remuneremur,
1822 3525 2103 3581 dilucidius

514 3624 673 3679 hodie
690 3623 963 3679 vobiscum
993 3620 1381 3690 colloquentes.
1401 3620 1582 3689 Neque
1611 3619 1755 3674 enim
1784 3626 1866 3672 est
1890 3632 2103 3686 semper

510 3712 871 3769 intendendus
891 3710 1198 3767 auditorum
1227 3710 1435 3763 animus
1460 3725 1475 3773 ;
1506 3708 1675 3763 facile
1700 3707 1845 3761 enim
1873 3707 2103 3761 disrum-

510 3806 689 3873 pitur:
724 3817 824 3857 nec
852 3816 1037 3857 rursus
1066 3815 1285 3871 semper
1338 3798 1709 3873 remittendus
1732 3813 1798 3851 ac
1854 3797 2101 3851 relaxan-

508 3900 645 3961 dus;
673 3894 798 3949 hinc
823 3895 964 3949 enim
992 3882 1179 3948 rursus
1231 3891 1756 3947 redditumotiosior.
1792 3889 1916 3944 Ideo
1942 3899 2099 3944 uten-

506 3990 636 4043 dum
674 3996 761 4042 est
804 3986 952 4041 vario
1000 3985 1224 4041 docendi
1277 3998 1473 4055 genere
1520 4001 1534 4038 :
1584 3992 1639 4038 et
1682 3997 1825 4037 nunc
1870 3983 2093 4053 quidem

505 4080 858 4149 populariori,
884 4087 939 4134 et
960 4077 1031 4133 ad
1060 4077 1427 4133 delectandam
1457 4075 1773 4132 concionem
1788 4089 2099 4129 accommo-

507 4170 704 4225 datiori
730 4170 973 4225 oratione
1002 4168 1260 4223 utendum
1286 4175 1406 4231 est,
1431 4182 1571 4221 nunc
1600 4176 1776 4221 autem
1808 4166 2025 4233 acriori,
2043 4174 2100 4221 et

507 4261 575 4314 ad
625 4258 1053 4314 contendendum
1081 4258 1298 4327 aptiori.
1329 4256 1789 4323 Quemadmodum
1814 4272 1944 4326 ergo
1972 4266 2099 4311 tunc

509 4349 787 4416 dicebam,
840 4348 979 4419 quod
1010 4347 1135 4402 dum
1180 4348 1291 4416 lupi
1338 4362 1552 4417 gregem
1584 4345 1864 4410 invadunt,
1910 4347 2096 4402 relicta

512 4442 709 4504 ﬁstula,
743 4440 957 4494 fundam
987 4439 1040 4493 in
1072 4453 1289 4492 manum
1312 4447 1530 4491 sumunt
1552 4446 1793 4506 pastores
1818 4455 1831 4490 :
1862 4438 1931 4491 ita
1956 4453 2096 4493 nunc

505 4539 631 4591 dum
662 4535 793 4591 festa
822 4534 1127 4590 Judarorum
1164 4533 1560 4603 praeterierunt,
1593 4531 1682 4601 qui
1713 4540 1840 4585 sunt
1872 4532 2091 4601 quibus-

506 4629 589 4682 vis
628 4625 770 4696 lupis
831 4624 1197 4689 humaniores,
1230 4623 1414 4678 relicta
1450 4637 1636 4677 rursns
1681 4622 1862 4688 funda,
1903 4623 2095 4678 redea-

504 4735 624 4775 mus
650 4719 717 4773 ad
745 4717 975 4772 ﬁstulam
1000 4734 1014 4771 :
1046 4724 1100 4769 et
1128 4731 1159 4769 a
1183 4715 1598 4770 contentiosiore
1625 4714 1840 4770 dicendi
1895 4730 2095 4785 genere

504 4818 801 4874 cessantes,
832 4808 1007 4878 aliqua
1051 4807 1155 4861 alia
1180 4806 1447 4875 apertiora
1475 4807 1848 4875 aggrediamur
1869 4845 1884 4872 ,
1928 4807 2094 4876 ipsius

506 4902 674 4958 David
693 4902 952 4957 citharam
976 4901 1027 4955 in
1050 4915 1266 4954 manum
1282 4906 1581 4966 sumentes,
1608 4909 1662 4954 et
1680 4914 1998 4969 responsum
2018 4898 2091 4971 (b)

566 5080 640 5143 (a)
674 5078 809 5143 Circa
825 5079 931 5129 haec
951 5078 1105 5129 verba
1127 5076 1240 5127 vide
1258 5077 1501 5126 uouitum.

568 5137 640 5252 ab)
677 5141 732 5190 In
752 5148 943 5199 Graeco,
967 5150 1154 5199 buxeis,
1178 5151 1323 5201 quam
1357 5150 1528 5187 vocem
1558 5137 1818 5186 chtianus
1852 5142 2097 5185 Hervetus

568 5218 575 5251 I
600 5220 630 5252 e
654 5203 821 5252 vertit.
844 5214 954 5252 aure
974 5199 1144 5251 audita
1164 5207 1293 5250 sunt.
1310 5198 1465 5252 Igitur
1498 5208 1683 5248 ιιωιιιν
1707 5205 1758 5247 et
1779 5208 1998 5252 διαψάλλιιν
2020 5197 2096 5245 di-

498 5197 632 5255 male
654 5203 821 5261 vertit,
844 5197 954 5261 quia
974 5197 1144 5251 audita
1164 5197 1293 5250 sunt.
1310 5198 1465 5260 Igitur
1498 5208 1683 5261 ιιι-ιφςιιιν
1707 5205 1758 5247 et
1779 5208 1998 5261 tum“.
2020 5197 2096 5261 dif

498 5267 706 5326 rebatur
728 5259 951 5326 populus,
976 5275 1115 5326 cum,
1151 5261 1242 5326 vel,
1260 5259 1492 5326 Diacono,
1511 5260 1599 5326 vel
1626 5259 1987 5326 sacerdotibus,
2014 5259 2096 5308 vel

498 5324 697 5376 clericis
719 5320 1417 5387 précinentibus'succineba‘t,
1446 5320 1524 5370 vel
1556 5322 1872 5387 recitantibus
1892 5332 2097 5387 respou-

497 5389 680 5446 tlehat;
702 5381 843 5445 {aut
864 5397 983 5434 vero
1021 5382 1141 5432 illud
1178 5386 1335 5446 ipsum
1361 5389 1468 5446 erat
1498 5383 1626 5445 quod
1663 5381 2052 5446 restiondebatnr
2079 5394 2092 5430 :

500 5424 652 5436 .....,...
705 5424 843 5445 ...η
874 5424 981 5434 ,νη
1022 5424 1141 5432 .......
1179 5424 1335 5446 -,,.,....-
1364 5424 1467 5432 --η
1500 5424 1626 5445 η---
1663 5424 2042 5442 --Ἵππη--.η
2079 5424 2091 5430 ,

500 5451 573 5497 sic
594 5450 643 5498 in
666 5424 775 5497 loco
794 5446 1042 5510 quembie
1079 5454 1392 5502 annotamus,
1418 5445 1523 5493 haec
1542 5456 1555 5492 :
1576 5442 1985 5502 Quemadmodum
2010 5442 2096 5491 dc-

503 5509 685 5559 siderat
705 5507 959 5572 cerrmsad
985 5507 1132 5562 fontes
1154 5517 1408 5569 aquarum,
1434 5512 1550 5560 etc.,
1578 5513 1716 5572 erant
1738 5513 1879 5561 ιωωή
1897 5517 2095 5572 seqre-

492 5584 519 5619 s
532 5574 716 5630 pensio.
740 5572 862 5621 Aliae
881 5570 1000 5618 item
1024 5574 1166 5617 erant
1180 5562 1447 5630 Μέθη
1469 5566 1815 5630 responsiones
1833 5562 2095 5630 ._videlicet

492 5623 811 5692 Athanasius,
834 5630 899 5692 de
923 5637 1049 5692 Fuga
1072 5641 1159 5677 sua
1183 5642 1293 5691 pag.
1318 5628 1427 5692 βω,
1444 5628 1515 5692 sic
1536 5623 1687 5676 habet
1712 5640 1725 5675 τ
1751 5634 1805 5673 In
1825 5623 1996 5692 throno
2018 5638 2093 5675 se-

492 5690 624 5743 dens
661 5690 871 5755 prtcccpi
913 5685 1121 5755 Didqono
1148 5685 1197 5755 ui
1225 5685 1462 5755 psalmum
1498 5687 1709 5755 legeret,
1747 5685 2018 5755 populoque
2044 5693 2095 5736 ut

492 5748 858 5814 responderet:
884 5751 1109 5814 quoniam
1142 5749 1192 5797 in
1226 5748 1461 5813 srecutum
1496 5748 1831 5814 misericm'dut
1869 5749 2023 5814 ejus;
2042 5756 2095 5797 et

490 5809 712 5879 hpistola
738 5814 797 5864 ad
830 5809 1147 5864 ttatcellinum
1172 5809 1417 5868 comitem,
1440 5820 1485 5868 ρ.
1511 5811 1602 5861 9'38
1674 5814 1751 5861 ri,-
1772 5811 1982 5875 pmttme
2010 5812 2093 5875 by.

2236 2160 2289 2216 in
2345 2161 2579 2218 medium
2611 2165 2960 2231 adducentes,
2994 2168 3134 2237 quod
3182 2182 3373 2223 omnes
3401 2169 3563 2225 hodie
3592 2171 3833 2227 succini-

2227 2268 2367 2309 mus.
2398 2256 2679 2321 Quodnam
2713 2259 2871 2328 igitur
2897 2274 3212 2328 reSponsum
3241 2261 3264 2314 ‘l
3291 2260 3347 2315 2.
3382 2261 3834 2329 Quemadmodum

2224 2343 2478 2399 desiderat
2506 2362 2678 2402 cervus
2702 2350 2771 2402 ad
2817 2349 2981 2419 fontes
3019 2367 3290 2420 aquarum,
3322 2352 3393 2407 ita
3422 2354 3683 2409 desiderat
3706 2357 3831 2410 ani-

2223 2451 2309 2489 ma
2334 2454 2445 2491 mea
2475 2440 2544 2491 ad
2566 2449 2633 2507 te,
2656 2440 2818 2495 Deus.

2292 2526 2508 2583 Musicaz
2531 2530 2638 2597 vis;
2661 2530 2859 2587 Psalmi
2877 2550 2967 2586 cur
2990 2535 3202 2598 inventi;
3229 2534 3573 2591 Psallendam
3603 2555 3722 2592 cum
3744 2539 3828 2594 iss-

2220 2616 2516 2689 telligentia.
2550 2651 2617 2662 --
2646 2622 2757 2676 lmo
2794 2639 2921 2678 vero
2946 2626 3175 2693 primum
3200 2636 3284 2682 est
3337 2630 3707 2685 necessarium
3734 2630 3824 2685 di-

2217 2722 2362 2777 cere,
2393 2728 2622 2783 quanam
2646 2714 2715 2769 de
2736 2730 2896 2770 causa
2921 2717 3168 2772 Psalmus
3188 2718 3241 2772 in
3268 2728 3508 2774 nostram
3542 2722 3707 2775 vitam
3736 2732 3823 2778 est

2219 2804 2581 2868 introductus,
2614 2815 2667 2860 et
2688 2821 2809 2861 cum
2831 2808 3042 2862 cantico
3066 2810 3299 2864 maxime
3321 2811 3435 2865 haec
3461 2810 3666 2867 dicitur
3692 2828 3822 2882 pro-

2219 2897 2419 2967 phctia.
2448 2898 2690 2966 Quanam
2721 2914 2853 2968 ergo
2896 2898 2963 2953 de
2988 2914 3148 2954 causa
3181 2900 3390 2957 dicatdr
3418 2915 3541 2957 cum
3574 2905 3815 2972 cantico,

2215 2990 2361 3043 audi.
2385 2990 2518 3045 Cum
2553 2991 2691 3045 Deus
2722 2992 2944 3047 vidisset
2973 2992 3169 3048 multos
3195 2992 3443 3050 homines
3470 3010 3595 3051 esse
3624 3011 3819 3053 socor-

2214 3080 2417 3149 diorcs,
2448 3098 2546 3137 nec
2574 3082 2641 3137 ad
2672 3084 2896 3154 legenda
2927 3086 3223 3155 spiritualia
3242 3087 3505 3165 lubenter
3524 3090 3814 3159 accedere,

2216 3187 2317 3227 nec
2345 3174 2435 3243 qui
2466 3174 2518 3228 in
2554 3189 2621 3230 eo
2668 3176 2877 3244 capitur
2903 3175 3140 3232 laborem
3172 3179 3423 3245 tolerare,
3479 3181 3671 3237 volens
3698 3198 3817 3253 gra-

2215 3265 2405 3318 tiorem
2433 3265 2667 3321 laborem
2687 3266 2923 3332 efﬁcere,
2941 3266 3163 3338 ejusque
3178 3284 3396 3324 sensum
3421 3272 3809 3340 prmsciudcre,

2212 3355 2497 3411 admiscuit
2545 3357 2840 3428 prophetiae
2893 3358 3219 3425 melodiam,
3268 3368 3328 3415 ut
3364 3366 3554 3416 omnes
3612 3365 3812 3420 cantici

2211 3444 2578 3501 modulatione
2602 3447 2849 3502 delectati
2875 3489 2890 3513 ,
2920 3462 3042 3503 cum
3084 3464 3279 3519 magna
3322 3451 3485 3506 animi
3515 3453 3810 3511 alacritate

2208 3554 2393 3594 sacros
2412 3539 2713 3610 ei'hymnos
2739 3541 3007 3597 emittant.
3038 3540 3183 3597 Nihil
3209 3544 3352 3598 enim
3373 3546 3607 3600 animam
3649 3564 3810 3618 reque

2209 3628 2388 3698 erigit,
2434 3632 2736 3705 alatamque
2765 3631 3161 3701 quodammodo
3202 3634 3383 3699 efﬁcit,
3416 3644 3577 3705 atque
3597 3650 3629 3689 a
3660 3644 3806 3694 terra

2208 3720 2420 3784 liberat,
2453 3730 2509 3776 et
2532 3723 2764 3777 exsolvit
2790 3738 2822 3777 a
2850 3723 3083 3778 vinculis
3106 3724 3365 3795 corporis,
3398 3740 3695 3796 amoreque
3715 3743 3808 3783 sa-

2208 3813 2423 3881 pientiae
2447 3813 2633 3880 afﬁcit,
2662 3823 2717 3871 et
2755 3823 2814 3869 ut
2848 3830 2938 3871 res
2978 3831 3169 3872 omnes
3195 3817 3264 3872 ad
3298 3816 3439 3873 hanc
3466 3818 3632 3872 vitam
3672 3835 3807 3890 per-

2210 3904 2442 3959 tinentes
2472 3904 2712 3971 irrideat,
2747 3905 2976 3976 perﬁcit,
3008 3918 3060 3962 ut
3083 3921 3275 3965 cantus
3306 3909 3715 3978 modulationis,
3748 3922 3807 3967 et

2205 3996 2440 4051 divinum
2468 3998 2735 4052 canticum
2777 4013 3002 4053 numero
3025 4002 3402 4070 compositum.
3435 4000 3626 4055 Nostra
3651 4011 3802 4057 certa

2204 4096 2391 4141 natura
2414 4103 2584 4157 usque
2613 4090 2749 4143 adeo
2773 4089 3069 4144 delectatur
3106 4092 3326 4145 canticis
3346 4100 3401 4146 et
3424 4092 3758 4148 carminibus
3782 4133 3801 4157 ,

2203 4188 2265 4232 ut
2293 4179 2377 4234 vel
2398 4179 2629 4235 infantes
2654 4182 2723 4237 ab
2751 4181 3003 4236 uberibus
3034 4182 3352 4251 pendentes,
3380 4184 3424 4237 si
3452 4182 3619 4238 ﬁeant
3642 4193 3698 4239 et
3722 4185 3805 4239 af-

2203 4269 2491 4335 ﬂictentur,
2518 4286 2581 4326 ea
2608 4272 2817 4327 ratione
2868 4272 3168 4342 sopiantur.
3214 4272 3465 4329 Nutrices
3491 4286 3639 4332 certe
3676 4294 3803 4348 qua:

2202 4378 2297 4418 eos
2332 4372 2544 4433 gestant
2572 4364 2625 4418 in
2663 4365 2823 4431 ulnis,
2852 4380 2995 4435 saepe
3014 4366 3277 4422 abeuntes
3302 4376 3357 4422 et
3385 4368 3699 4435 redeuntes,
3745 4382 3803 4428 et

2202 4455 2445 4523 quoniam
2472 4456 2695 4525 puerilia
2722 4458 2801 4512 eis
2827 4458 3066 4510 carmina
3109 4456 3483 4523 decantantes,
3512 4461 3800 4530 supercilia

2200 4561 2387 4601 eorum
2440 4548 2511 4602 ita
2542 4550 2775 4617 sopiunt.
2808 4549 3069 4615 Quocirca
3117 4563 3261 4620 saepe
3295 4566 3509 4621 quoque
3562 4554 3798 4612 viatores

2202 4640 2429 4695 meridie
2475 4652 2696 4711 agentes
2717 4642 2915 4712 jugalia
2944 4642 3197 4697 animalia
3229 4643 3332 4699 hoc
3362 4644 3564 4700 iaciunt
3589 4660 3796 4702 canen-

2199 4738 2303 4796 tes,
2336 4732 2548 4787 itineris
2568 4733 2866 4786 molestiam
2900 4732 3005 4787 illis
3032 4734 3255 4788 canticis
3284 4735 3652 4790 consolantes.
3683 4736 3798 4793 Nec

2199 4824 2369 4876 solum
2397 4825 2649 4892 viatores,
2682 4824 2776 4878 sed
2810 4825 2972 4880 etiam
3021 4824 3268 4896 agricolae
3293 4842 3424 4881 uvas
3451 4827 3503 4881 in
3537 4829 3793 4901 torculari

2199 4917 2489 4979 ca'cautes,
2515 4915 2929 4981 vindemiantes,
2975 4927 3030 4973 et
3070 4918 3207 4972 vites
3246 4917 3508 4987 colentes,
3536 4928 3594 4973 et
3618 4920 3793 4990 quod-

2198 5021 2428 5076 cumque
2476 5008 2619 5061 aliud
2647 5023 2781 5077 Opus
2826 5007 3102 5072 facientes,
3135 5023 3281 5078 saepe
3304 5019 3540 5063 cantant.
3594 5009 3786 5066 Nauke

2198 5114 2411 5169 quoque
2467 5113 2647 5154 remos
2680 5099 3015 5169 impellentes
3056 5100 3158 5154 hoc
3216 5100 3438 5156 faciunt.
3493 5100 3615 5156 Jam
3669 5118 3798 5157 vero

2198 5192 2453 5247 mulieres
2476 5206 2689 5261 quoque
2720 5200 2985 5260 texentes,
3013 5200 3069 5248 et
3110 5192 3331 5247 confusa
3369 5193 3599 5248 stamina
3632 5196 3785 5252 radio

2196 5388 2386 5438 pacoen
2416 5373 2665 5438 habentem
2701 5372 2900 5438 alleluia
2922 5387 2945 5438 _:
2968 5374 3038 5424 ibi
3063 5387 3182 5424 vero
3204 5372 3416 5438 psalmos
3445 5374 3621 5426 indicat
3667 5376 3760 5426 tut
3778 5412 3795 5437 ,

2200 5434 2308 5493 103,
2336 5437 2442 5508 ὶρϐ,
2474 5437 2577 5493 llo,
2608 5434 2871 5508 et.simile§
3054 5436 3286 5508 esemplu
3301 5442 3466 5507 autem
3488 5438 3677 5508 patebit
3698 5434 3798 5508 quo

2198 5507 2339 5562 pacto
2362 5500 2439 5547 ha:
2462 5499 2809 5562 responsiones
2835 5497 3040 5562 fierent.
3072 5497 3304 5546 Diaconus
3326 5500 3434 5547 sive
3455 5498 3695 5561 quispiam
3717 5497 3796 5546 in-

2196 5558 2407 5621 cipiebat
2432 5571 2443 5582 '
2465 5558 2877 5621 Quemadmodum
2900 5558 3147 5610 desiderat
3181 5571 3380 5621 cervus,
3404 5558 3498 5608 etc'.
3526 5558 3797 5621 ttépetchat

2198 5618 2350 5689 primo
2373 5618 2581 5689 papulas
2599 5621 2728 5689 hunc
2742 5634 2965 5689 versum,
2986 5618 3414 5689 quemadmodum,
3435 5627 3531 5669 etc.
3554 5618 3797 5689 verget-st

2198 5682 2431 5733 Diacouus
2456 5696 2467 5731 :
2496 5682 2647 5732 Siticit
2669 5682 2835 5733 anima
2856 5696 2983 5742 mea,
3010 5689 3109 5731 etc.
3136 5682 3658 5744 Resumchatpopulus
3681 5695 3793 5731 vcr-

2196 5759 2332 5804 sum,
2354 5744 2765 5806 Quemadmodum
2784 5783 2797 5801 ,
2826 5753 2919 5792 etc.
2938 5782 2950 5801 ,
2977 5754 3032 5793 et
3051 5746 3122 5793 sic
3145 5755 3302 5806 usque
3328 5742 3386 5791 ad
3414 5742 3562 5793 linem
3606 5746 3791 5795 Psalutt.

2191 5808 2273 5857 Sic
2295 5806 2537 5868 intelligas
2563 5805 2625 5854 de
2647 5804 2758 5853 aliis
2782 5806 3053 5860 huiusmodi
3076 5804 3491 5869 restmnsimribits.
