4068 6426
227 358 336 417 I55
1357 355 1732 417 EXI’OSITIO
1769 356 1828 415 ιιι

1935 355 2213 415 SALMUI
2252 355 2390 413 XLI.
3444 355 3545 415 156

228 483 291 530 ut
322 474 442 544 ipse
470 487 635 545 supra
660 471 901 542 indicat;
932 470 1276 543 alteriusque
1315 474 1698 544 responsionis
1731 488 1828 545 spe

1935 489 2011 528 Ien
2044 472 2226 538 affert,
2255 486 2473 541 nempe,
2501 470 2795 543 Μακάριος
2832 472 2976 544 ἀνὴρ
3005 473 3034 527 6
3072 472 3415 545 φοϐούμενος
3455 475 3551 528 τὸν

229 567 460 640 Κύριον,
487 566 688 622 Beatus
716 568 798 621 vir
821 564 913 635 qui
941 566 1091 620 timet
1114 564 1447 631 Dominum;
1477 567 1644 622 aliam
1679 566 1809 620 item

1935 567 2091 637 ικοήν
2124 565 2293 620 refert
2330 579 2497 636 supra
2531 564 2893 632 Athanasius,
2921 581 3142 637 nempe,
3170 566 3294 621 Ὀτι
3330 568 3412 630 είς
3455 565 3554 619 τὸν

230 661 410 716 αἰῶνα
430 660 491 715 τὸ
523 661 675 724 ἕλεος
706 658 899 725 αὐτοῦ,
932 658 1199 726 Quoniam
1230 661 1288 714 in
1314 662 1576 716 secutum
1607 661 1828 715 miserior

1935 667 1977 714 Fa
2025 661 2166 731 ejus.
2219 659 2351 718 Haec
2393 661 2560 733 igitur
2603 660 2973 731 respondebat
3015 662 3275 733 populus,
3314 659 3554 716 diacono

232 770 329 815 aut
362 758 648 815 sacerdote
678 758 1109 829 praecinentibus
1137 766 1235 812 aut
1255 758 1602 831 legentibus;
1635 756 1933 828 multaque
1969 770 2125 816 erant
2157 757 2477 829 hujusmodi
2507 756 2752 812 ὑπακοαί
2797 772 2895 813 seu
2931 759 3326 828 responsiones,
3373 752 3557 825 inquit

231 854 685 924 Cbrysostomus.

302 949 422 1005 Jan:
455 950 726 1021 quaeritur
758 949 985 1022 quinam
1020 949 1389 1021 respondendi
1416 952 1614 1007 modus
1636 959 1805 1015 esset,
1832 963 1898 1005 ac
1919 948 2279 1020 quandouam
2312 950 2551 1021 populus
2580 953 2965 1024 responderet.
2991 952 3153 1008 Certe
3176 951 3302 1009 illas
3333 966 3558 1022 respon-

232 1047 419 1100 siones
453 1059 561 1099 non
591 1047 784 1111 semel,
813 1055 908 1101 aut
937 1045 1041 1111 bis,
1068 1056 1165 1100 aut
1188 1055 1291 1112 ter,
1313 1046 1409 1101 sed
1440 1060 1585 1117 saepe
1604 1046 1840 1102 emissas
1864 1061 1896 1101 a
1922 1045 2127 1116 populo
2170 1042 2343 1100 fuisse
2373 1046 2581 1102 diserte
2622 1048 2702 1101 ait
2738 1046 3213 1117 Chrysostomus;
3248 1044 3395 1120 unde
3431 1044 3553 1115 pla-

232 1152 367 1191 num
403 1136 565 1192 fuerit
599 1138 859 1209 populum
887 1138 1199 1193 alternatim
1230 1154 1358 1194 cum
1389 1138 1623 1194 diacono
1670 1138 1755 1194 vel
1813 1138 2101 1195 sacerdote
2142 1138 2390 1196 locutum
2431 1139 2645 1195 fuisse:
2679 1140 3039 1211 quandonam
3087 1147 3275 1193 autem
3310 1139 3547 1208 pepulus

229 1232 534 1286 :lteruaret
558 1245 744 1297 voces,
771 1230 1126 1287 subindicare
1158 1231 1374 1289 videtur
1418 1246 1586 1302 supra
1617 1232 1959 1289 Athanasius
1997 1247 2125 1288 cum
2172 1235 2292 1290 ait:
2336 1233 2401 1288 In
2445 1233 2635 1287 throno
2690 1233 2879 1288 sedens
2931 1232 3162 1301 ρηεσερὶ
3201 1232 3456 1297 diacono,
3491 1240 3552 1285 ut

232 1322 512 1376 l’salmum
542 1323 752 1393 legeret.
781 1323 1080 1394 populoque
1108 1332 1167 1378 ut
1197 1324 1558 1395 responderet,
1594 1324 1867 1392 Quoniam
1896 1326 1954 1380 in
1982 1334 2242 1380 internum
2285 1325 2661 1380 misericordia
2695 1324 2833 1393 ejus.
2874 1321 2982 1378 Ubi
3019 1322 3300 1377 Psalmum
3338 1322 3559 1376 videtur

229 1421 526 1492 designare
558 1419 828 1489 CXXXV,
861 1422 917 1478 in
947 1437 1059 1493 quo
1085 1422 1289 1494 singuli
1328 1438 1524 1480 versus
1552 1424 1816 1480 desinunt
1851 1425 1907 1479 in
1938 1422 2205 1489 Quoniam
2232 1426 2291 1479 in
2324 1433 2581 1479 internum
2623 1422 2998 1476 misericordia
3022 1421 3139 1490 ejus
3168 1436 3187 1474 :
3233 1432 3554 1490 quanquam

230 1528 341 1566 non
366 1513 546 1568 ausim
581 1514 767 1570 dicere
803 1514 947 1570 hanc
985 1516 1239 1586 ὑπακοήν
1274 1515 1407 1572 buic
1438 1516 1543 1573 soli
1589 1515 1815 1573 Psalmo
1858 1517 2158 1585 addictam,
2200 1531 2303 1574 uec
2345 1517 2505 1572 alteri
2552 1530 2820 1587 umquam
2851 1523 3097 1587 aptatam
3128 1512 3302 1570 fuisse
3349 1513 3404 1569 in
3448 1510 3558 1566 illis

227 1606 609 1665 Orientalibus
641 1608 925 1665 Ecclesiis.
1947 1599 1959 1609 ’

303 1700 383 1755 Ex
411 1701 514 1757 hoc
539 1702 833 1758 Athanasii
862 1701 987 1758 loco
1016 1700 1432 1774 deprehendere
1463 1700 1615 1768 licet,
1647 1701 1705 1757 ni
1735 1700 1917 1766 fallor,
1955 1717 2068 1773 quo
2096 1712 2280 1772 pacto,
2307 1716 2530 1772 quoque
2576 1708 2827 1774 tempore
2875 1700 3240 1773 responderet
3291 1697 3553 1769 pepulus.

227 1798 593 1867 eamdemque
632 1799 842 1867 pluries
881 1797 1298 1869 responsionem
1332 1807 1623 1871 repeteret.
1664 1798 1736 1855 Ut
1768 1809 1953 1855 autem
2000 1815 2093 1856 res
2132 1801 2388 1868 exemplo
2426 1800 2717 1864 doceatur,
2764 1800 2942 1871 ipsam
2987 1799 3274 1871 ὑπακοήν,
3309 1798 3429 1855 sive
3470 1817 3557 1853 re-

226 1894 591 1964 sponsionem.
622 1909 653 1949 a
678 1894 1075 1967 Chrysostomo
1103 1904 1470 1952 memoratam
1504 1897 1819 1967 saepiusque
1852 1896 2074 1951 allatam
2118 1895 2175 1949 in
2216 1896 2458 1951 medium
2494 1896 2857 1951 adducemus.
2912 1894 3191 1951 Diaconus
3243 1893 3360 1950 sive
3398 1895 3558 1963 quis-

228 1992 376 2059 piam
408 1990 549 2047 alius
578 1990 878 2063 incipiebat
908 2012 922 2049 :
953 1994 1053 2046 Ὃν
1078 1994 1283 2065 τρόπον
1315 1993 1575 2049 ιπιποθεῖ
1598 1996 1632 2065 ἡ
1661 1992 1828 2063 ελαφο

1935 1995 1985 2048 τὶ
2023 1992 2127 2057 τάς
2166 1992 2504 2064 πηγὰς-τῶν
2549 1992 2792 2059 ὑδάτων,
2827 1990 3004 2055 οὕτως
3040 1990 3300 2046 ἐπιποθεῖ
3331 1992 3364 2063 ἠ
3403 1990 3553 2065 ψυχή

231 2102 339 2156 μου
370 2084 508 2154 πρὸς
543 2083 625 2150 σὲ,
658 2084 688 2137 ὁ
718 2084 855 2151 Θεός
882 2100 898 2138 :
939 2084 1407 2152 Quemadmodum
1434 2085 1703 2141 desiderat
1728 2102 1911 2141 cervus
1939 2087 2009 2141 ad
2042 2088 2213 2157 fontes
2244 2104 2531 2157 aquarum,
2562 2088 2641 2140 ita
2673 2087 2944 2141 desiderat
2995 2086 3180 2139 anima
3224 2100 3341 2138 mea
3372 2084 3444 2137 ad
3480 2093 3553 2149 te,

234 2180 397 2235 Deus.
436 2178 737 2251 Repetebat
757 2182 941 2253 primo
970 2183 1205 2253 populus
1228 2183 1378 2237 hunc
1408 2196 1651 2247 versum,
1686 2184 1788 2236 Ὃν
1811 2199 1828 2234 σι

1935 2199 2039 2247 ιον,
2070 2192 2177 2238 etc.
2210 2182 2480 2253 Pergebat
2524 2182 2836 2237 diaconus:
2873 2179 3170 2253 Ἐδίψησεν
3207 2180 3241 2250 ή
3267 2177 3414 2248 ψυχή
3449 2192 3556 2247 μου

232 2277 371 2346 πρὸς
395 2276 485 2331 τὸν
511 2277 649 2332 Θεὸν
675 2278 770 2333 τὸν
798 2277 1002 2343 ζῶντα*
1039 2280 1173 2333 πότε
1202 2279 1309 2347 ἔξω
1338 2280 1434 2335 καὶ
1460 2279 1785 2352 ὀφθήσομαι
1815 2298 1828 2315 ι

1937 2279 2221 2351 προσώπῳ
2268 2280 2365 2333 τοῦ
2419 2278 2601 2335 Θεοῦε
2646 2278 2830 2335 Sitivit
2878 2280 3064 2334 anima
3117 2294 3237 2333 mea
3283 2277 3357 2330 ad
3382 2273 3554 2329 Deum

229 2373 429 2436 uiuum.
453 2383 559 2429 etc.
590 2373 928 2432 Resumebat
959 2376 1195 2446 populus
1228 2392 1475 2443 versum,
1514 2380 1613 2433 ’ον
1638 2379 1828 2449 τρόποι

1935 2379 2145 2443 τιποθεῖ,
2174 2387 2230 2433 et
2261 2379 2344 2433 sic
2390 2390 2569 2448 usque
2603 2378 2671 2433 ad
2718 2379 2882 2433 linem
2925 2376 3168 2439 Psalmi;
3216 2377 3291 2431 ita
3340 2383 3405 2430 ut
3442 2388 3556 2429 non

232 2470 430 2533 semel,
460 2478 557 2525 aut
581 2471 689 2535 bis,
715 2478 812 2526 aut
842 2481 944 2559 ter,
971 2473 1089 2539 sed,
1125 2482 1185 2528 ut
1215 2474 1293 2528 ait
1331 2490 1500 2545 supra
1536 2475 2005 2547 Chrysostomus,
2048 2475 2255 2546 pluries
2293 2476 2411 2530 haec
2451 2474 2674 2547 ὑπακοή
2732 2489 2829 2529 seu
2882 2473 3156 2542 responsio
3187 2470 3552 2542 proferretur.

236 2563 304 2617 Et
334 2561 416 2615 sic
446 2560 719 2633 intelligas
755 2562 825 2618 de
854 2562 980 2618 aliis
1010 2563 1329 2631 hujusmodi
1358 2566 1855 2635 responsionibus;
1902 2567 2054 2621 verbi
2100 2582 2291 2633 causa,
2346 2564 2545 2621 Beatus
2590 2568 2671 2622 vir
2713 2568 2805 2631 qui
2844 2566 2993 2621 timet
3045 2566 3340 2620 Dominum
3368 2579 3387 2617 :
3431 2578 3557 2635 quae

230 2663 362 2726 post
386 2655 857 2725 singulos-versus
884 2670 914 2710 a
945 2656 1159 2726 popqu
1181 2657 1553 2727 repetebatur.
1600 2657 1776 2727 igitur
1806 2658 2114 2712 ὑπακούειν
2158 2668 2245 2715 est
2285 2659 2623 2727 respondere,
2668 2657 2765 2712 illo
2805 2673 3004 2729 nempe
3056 2655 3269 2712 modo:
3310 2654 3554 2724 ὑπακοή,

230 2746 545 2813 responsio;
568 2744 904 2815 ὑποψάλλειν
926 2756 1111 2801 autem
1147 2756 1234 2803 est
1255 2749 1549 2812 succinerc,
1577 2749 1805 2819 quando

1935 2750 2094 2806 ulmus
2126 2750 2246 2822 μετ’
2275 2750 2442 2822 ᾠδῆς,
2470 2766 2592 2805 cum
2617 2760 2780 2804 cantu
2801 2790 2818 2815 ,
2868 2759 2930 2804 ut
2967 2749 3047 2805 ait
3093 2747 3556 2819 Chrysostomus,

230 2840 533 2909 profertur.
567 2839 901 2895 Ἐπακούειν
934 2842 1101 2896 etiam
1123 2842 1381 2899 eumdem
1410 2842 1713 2913 aliquando
1740 2842 2111 2915 signiﬁcatum
2140 2844 2346 2899 habere
2375 2844 2741 2915 probavimus
2775 2844 2831 2898 in
2855 2841 3220 2899 Onomastico
3244 2841 3314 2897 ad
3343 2841 3554 2897 calcem

229 2936 475 3004 Operum
508 2935 815 2991 Athanasii.

622 3156 735 3213 ΕΙΣ
776 3156 914 3213 TON
950 3158 1069 3214 MA’
1104 3157 1432 3214 ‘PAAMON.

289 3251 405 3306 Ὃν
434 3250 662 3320 τρόπον
696 3248 974 3304 ἐπιποθεῖ
1010 3250 1050 3317 ἡ
1081 3250 1312 3320 ἔλαφος
1354 3248 1454 3303 ἐπὶ
1484 3248 1594 3315 τὰς
1630 3248 1829 3320 πηγὰς

304 3323 425 3377 τῶν
457 3318 713 3376 ὖδάτων.
750 3338 769 3371 s
803 3320 916 3372 Kal
969 3320 1138 3384 τίνος
1181 3318 1360 3386 χάριν
1388 3322 1423 3373 ό
1455 3319 1703 3388 ψαλμὸς
1724 3322 1827 3388 ⁸εἰς·

304 3394 414 3447 τὸν
438 3392 586 3455 βίον
622 3390 990 3457 είσενεχθείς
1013 3392 1142 3458 μετ’
1169 3388 1333 3455 ᾠδῆς
1362 3386 1686 3458 emerat.
1711 3386 1829 3442 Kal

304 3462 440 3531 περὶ
469 3460 581 3529 τῆς
609 3458 719 3513 τοῦ
759 3459 910 3514 Θεοῦ
935 3459 1369 3529 μακροθυμίας.

305 3565 376 3613 α’.
418 3558 606 3627 Ὑμεῖς
643 3555 744 3627 μὲν
778 3557 931 3626 ἡμᾶς
967 3556 1313 3625 ἐθαυμάζετε
1352 3554 1577 3627 πρώην,
1604 3555 1697 3608 ὅτε
1733 3553 1829 3608 τὸν

230 3644 364 3716 περὶ
382 3641 480 3695 τοῦ
506 3640 845 3710 Μελχισεδὲκ
863 3641 1203 3711 ἐκινήσαμεν
1228 3640 1411 3709 λόγον,
1439 3640 1541 3693 ἐπὶ
1558 3638 1633 3708 τῷ
1662 3640 1826 3709 μήκει

228 3728 342 3781 τῶν
370 3725 703 3796 εἰρημένων·
739 3721 854 3791 ἐγὼ
888 3722 948 3775 δὲ
984 3723 1133 3793 ὑμᾶς
1163 3722 1479 3795 ἐθαύμαζον
1507 3723 1603 3774 ἐπὶ
1630 3725 1699 3793 τῇ
1728 3722 1829 3791 τῆς

234 3808 554 3881 ἀκροάσεως
582 3805 863 3877 προθυμίᾳ
900 3821 961 3858 τε
990 3806 1086 3859 καὶ
1121 3806 1361 3871 συνέσει,
1392 3806 1489 3859 καὶ
1513 3805 1595 3858 δτι
1626 3820 1832 3874 μακρο-

228 3894 397 3965 τέρου
426 3890 521 3945 τοῦ
560 3891 723 3959 λόγου
751 3889 1135 3961 προελθόντος,
1161 3890 1324 3961 μέχρι
1352 3889 1544 3952 τέλους
1573 3905 1827 3959 παρηκο-

230 3978 541 4048 λουθήσατε
586 3978 754 4045 ἡμῖν’
800 3974 979 4029 καίτοι
1008 3991 1075 4043 γε
1130 3975 1191 4027 ού
1243 3974 1457 4045 μακρὸς
1501 3968 1569 4044 ἦν
1599 3974 1628 4025 ὁ
1671 3970 1830 4038 λόγος

234 4062 421 4131 μόνον,
458 4058 598 4111 ἀλλά
626 4058 723 4111 καὶ
759 4057 1082 4127 δυσχέρειαν
1119 4052 1233 4127 εἶχε
1268 4055 1495 4125 πολλήν.
1529 4053 1670 4107 Ἀλλ’
1702 4052 1829 4107 οὔτε

228 4144 295 4197 τὸ
322 4144 517 4214 μῆκος,
539 4139 661 4194 οὔτε
690 4142 723 4211 ἠ
750 4140 1008 4193 δυσκολία
1030 4139 1133 4210 τὴν,
1163 4140 1440 4210 ὑμετέραν
1470 4136 1667 4209 ηλεγξε
1697 4153 1832 4207 προ-

231 4226 455 4297 θυμίαν.
473 4225 611 4296 Φέρε
633 4219 726 4277 οὖν
757 4224 887 4294 ὑμῖν
913 4223 1151 4294 ἀμοιϐὴν
1176 4221 1468 4292 ἀποδῶμεν
1500 4221 1712 4275 ἐκείνου
1732 4219 1830 4274 τοῦ

232 4309 423 4371 πόνου,
460 4306 803 4375 σαφεστέραν
832 4307 972 4376 πρὸς
1008 4307 1155 4376 ὑμᾶς
1191 4306 1434 4376 τήμερον
1469 4303 1830 4374 ποιησάμενοι

228 4393 334 4463 τὴν
355 4390 765 4455 διάλεξιν.ούδὲ
790 4388 899 4461 γὰρ
929 4389 1223 4443 ἐπιτείνειν
1248 4390 1336 4443 ἀεὶ
1354 4389 1437 4443 δεῖ
1461 4389 1561 4460 τὴν
1587 4389 1829 4442 διάνοιαν

230 4477 343 4532 τῶν
364 4473 652 4548 ἀκροατῶν
670 4473 1089 4545 (διαρῤήγνυται
1105 4475 1216 4543 γὰρ
1240 4474 1497 4544 ταχέως),
1515 4471 1639 4526 οὕτε
1657 4473 1831 4543 χαλᾷν

232 4560 322 4614 ἀεὶ
354 4560 449 4613 καὶ
482 4557 728 4612 ἀνιέναι’
769 4556 867 4609 καλ⁸
905 4557 1016 4627 γάρ
1054 4555 1308 4610 ἐντεῦθεν
1354 4555 1636 4628 ἀργοτέρα
1676 4553 1830 4626 [liii]

232 4642 447 4711 γίνεται
475 4640 658 4695 πάλιν.
682 4637 774 4692 Διὸ
802 4637 1100 4692 ποικίλλειν
1127 4639 1234 4711 χρὴ
1254 4639 1317 4692 τὸ
1342 4639 1445 4709 τῆς
1475 4638 1830 4701 διδασκαλίας

232 4721 395 4789 εἶδος,
422 4724 516 4778 καὶ
538 4722 637 4776 νῦν
672 4722 771 4794 μὲν
793 4722 1361 4793 πανηγυρικωτέρων,
1401 4720 1498 4774 νῦν
1532 4720 1590 4774 δὲ
1622 4721 1829 4790 ἀγωνι-

233 4808 581 4879 στικιιγτέρων
608 4805 879 4861 ἅπτεσθαι
900 4805 1100 4874 λόγων.
1122 4805 1295 4858 ’Ὡσπε
1304 4824 1336 4875 ρ
1357 4798 1451 4857 οὖν
1472 4804 1594 4857 τότε
1619 4803 1829 4873 ἔλεγον,

228 4893 315 4947 ὅτι
341 4894 390 4946 οί
411 4890 693 4961 ποιμένες.
721 4890 832 4943 τῶν
867 4888 1050 4943 λύκων
1074 4890 1341 4943 ἐπιόντων
1371 4891 1439 4961 τῇ
1476 4887 1705 4960 ποίμνῃ,
1728 4890 1831 4959 τὴν

232 4974 473 5045 σύριγγα
516 4973 751 5043 ἀφέντες
774 5012 791 5037 ,
824 4973 922 5043 τὴν
975 4972 1276 5041 σφενδόνην
1311 4971 1826 5042 μεταχειρίζονται’

227 5058 375 5113 οὕτω
410 5056 510 5111 νῦν
552 5056 617 5127 δὴ
650 5055 1041 5126 παρελθουσῶν
1074 5054 1185 5107 τῶν
1226 5054 1430 5125 ἑορτῶν
1462 5054 1573 5108 τῶν
1604 5056 1829 5109 Ἰουδαῖ-

228 5143 367 5207 κῶν,
397 5140 449 5194 οἳ
476 5141 659 5193 λύκων
688 5138 946 5191 ἁπάντων
968 5136 1076 5189 εἰσὶ
1100 5137 1497 5207 χαλεπώτεροι,
1528 5137 1627 5208 τὴν
1669 5155 1831 5207 σφεν-

226 5228 388 5298 δόνην
421 5224 585 5280 πάλιν
627 5224 860 5292 ἀφέντες
882 5259 897 5284 ,
932 5220 1028 5274 ἐπὶ
1066 5222 1168 5293 τὴν
1207 5222 1448 5291 σύριγγα
1478 5222 1827 5293 ὲπανίωμεν·

229 5310 328 5363 καὶ
372 5309 501 5371 τοὺς
540 5304 1086 5376 ἀγωνιστικωτέρους
1131 5304 1556 5368 ἀναπαύσαντες
1611 5304 1827 5372 λόγους,

228 5391 437 5461 ἑτέρων
468 5389 635 5443 τινῶν
682 5387 1041 5458 σαφεστέρων
1086 5385 1396 5455 ἁψώμεθα,
1438 5388 1540 5457 τὴν
1591 5386 1829 5457 κιθάραν

226 5473 403 5543 αὐτὴν
431 5472 528 5526 τοῦ
561 5471 726 5525 Δαυῒδ
755 5469 1287 5542 μεταχειριζόμενοι,
1322 5470 1419 5522 καὶ
1450 5469 1553 5541 τὴν
1580 5469 1829 5541 ὑπακοὴν

228 5561 312 5622 είς
340 5557 510 5627 μέσον
535 5557 785 5623 ἄγοντες.
811 5557 878 5625 ἢν
894 5555 1139 5614 ἅπαντες
1170 5551 1533 5622 ύπεψάλαμεν
1562 5553 1825 5623 τήμερον.

230 5643 332 5703 Τίς
379 5634 475 5692 οὖν
513 5639 660 5691 ἐστιν
697 5640 732 5709 ὴ
777 5636 1027 5707 {smmi};
1079 5636 1184 5688 Ὃν
1215 5635 1441 5701 τρόπον
1486 5634 1763 5690 ἐπιποθεῖ
1786 5636 1826 5704 ἠ

232 5724 463 5791 ἔθαψας
493 5722 591 5774 ἐπὶ
622 5720 729 5785 τὰς
779 5718 979 5788 πηγὰς
1019 5716 1140 5771 τῶν
1167 5716 1423 5785 ὑδάτων,
1464 5718 1655 5787 οὕτως
1693 5719 1824 5775 ἐπι-

235 5806 411 5864 ποθεῖ
432 5808 468 5865 ἠ
498 5807 668 5870 ψυχή
694 5823 809 5869 μου
841 5805 994 5874 .116;-
1012 5804 1109 5871 σὲ,
1130 5806 1160 5858 r.‘
1188 5803 1352 5870 Θεός.

3401 3051 3533 3069 ﬁ

2004 3158 2227 3213 Μᾶλλον
2255 3158 2313 3212 δὲ
2348 3160 2655 3228 ἀναγκαῖον
2692 3161 2870 3213 είπεϊν
2901 3160 3138 3233 πρῶτον,
3166 3162 3312 3227 τίνος
3345 3164 3535 3217 ἕνεκεν

1930 3240 1959 3293 ὁ
1978 3239 2195 3312 ψαλμδς
2216 3243 2297 3306 είς
2321 3242 2416 3295 τὸν
2443 3241 2560 3312 βίον
2590 3244 2968 3314 εἰσενήνεκται
2990 3245 3084 3299 τὸν
3108 3246 3404 3318 ἡμέτερον,
3437 3248 3535 3299 καὶ

1936 3326 2053 3394 μετ’
2074 3325 2220 3395 ᾠδῆς
2252 3326 2490 3396 μάλιστα
2526 3325 2668 3398 αὕτη
2696 3329 2729 3398 ἠ
2760 3330 3074 3399 προφητεία
3101 3329 3343 3398 λέγεται.
3376 3330 3536 3395 Τίνος

1930 3404 2024 3462 οὖν
2046 3407 2235 3461 ἕνεκεν
2267 3409 2487 3477 λέγεται
2528 3410 2648 3480 μετ’
2678 3410 2846 3481 ᾠδῆς,
2873 3412 3130 3467 ἄκουσον·
3163 3413 3403 3477 Πολλοὺς
3422 3414 3536 3468 τῶν

1932 3490 2241 3561 ἀνθρώπων
2275 3491 2512 3545 κατιδὼν
2537 3492 2567 3545 ὁ
2597 3492 2731 3556 Θεὸς
2764 3494 3172 3570 ῥᾳθυμοτέρους
3213 3497 3394 3559 ὄντας,
3436 3500 3535 3552 καὶ

1926 3573 2072 3643 πρὸς
2121 3574 2223 3643 τὴν
2276 3574 2386 3627 τῶν
2440 3576 2834 3644 πνευματικῶν
2880 3577 3195 3646 ἀνάγνωσιν
3252 3580 3535 3653 δυσχερῶς

1932 3655 2180 3724 ἔχοντας.
2215 3658 2311 3710 καὶ
2343 3657 2437 3710 τὸν
2462 3657 2675 3710 ἐκεῖθεν
2703 3660 2801 3728 οὐχ
2837 3660 3008 3728 ἡδέως
3034 3662 3411 3733 ὑπομένοντας
3437 3663 3537 3717 κά-

1935 3755 2129 3808 ματον,
2173 3739 2555 3811 ποθεινότερον
2587 3740 2820 3810 ποιῆσαι
2849 3742 2945 3795 τὸν
2977 3744 3141 3797 πόνον
3182 3744 3531 3816 βουλόμενος,

1932 3821 2145 3874 καὶτοῦ
2168 3823 2420 3892 καμάτου
2441 3822 2542 3893 τὴν
2565 3822 2821 3893 αἴσθησιν
2847 3826 3242 3895 ύποτεμέσθαι,
3266 3827 3534 3898 μελῳδίαν

1931 3903 2160 3975 ἀνέμιξε
2193 3906 2260 3974 τῇ
2305 3906 2643 3977 προφητείᾳ,
2701 3908 2788 3960 ἵνα
2835 3906 2913 3977 τῷ
2948 3908 3142 3979 ῥυθμῷ
3187 3910 3284 3963 τοῦ
3334 3910 3534 3981 μέλους

1930 3985 2428 4058 ψυχαγωγούμενοι
2458 3988 2680 4053 πάντες,
2710 3989 2851 4060 μετὰ
2871 3989 3073 4061 πολλῆς
3099 3992 3199 4063 τῆς
3222 3992 3534 4063 προθυμίας

1931 4071 2060 4131 τοὺς
2107 4071 2288 4141 ἱεροὺς
2315 4072 2719 4142 άναπέμπωσιν
2753 4072 2906 4142 αύτῷ
2938 4072 3163 4143 ὕμνους.
3192 4076 3360 4128 Οὐδὲν
3399 4076 3531 4146 γάρ,

1933 4153 2087 4207 οὐδὲν
2111 4152 2287 4217 οὕτως
2308 4154 2565 4224 ἀνίστησι
2594 4156 2799 4226 ψυχὴν,
2822 4156 2919 4210 καὶ
2943 4158 3158 4226 πτεροϊ,
3181 4159 3276 4210 καὶ
3296 4158 3399 4227 τῆς
3428 4158 3534 4228 γῆς

1934 4236 2299 4299 ἀπαλλάττει,
2339 4238 2573 4291 καὶτῶν
2604 4238 2698 4291 τοῦ
2744 4238 2999 4309 σώματος
3028 4240 3253 4293 ἀπολύει
3290 4241 3533 4311 δεσμῶν,

1935 4320 2032 4373 καὶ
2070 4319 2385 4389 φιλοσοφεῖν
2427 4323 2605 4384 ποιεῖ,
2656 4320 2752 4374 καὶ
2800 4321 3023 4375 πάντων
3071 4323 3383 4393 καταγελᾲν
3424 4325 3533 4379 τῶν

1939 4401 2236 4470 βιωτικῶν,
2272 4402 2349 4464 ὡς
2381 4401 2543 4472 μέλος
2570 4405 2917 4473 συμφωνίας.
2945 4406 3041 4459 καὶ
3078 4405 3272 4477 ῥυθμῷ
3312 4408 3535 4475 συγκεί-

1938 4501 2100 4554 μενον
2126 4484 2269 4537 θεῖον
2301 4480 2477 4555 ᾆσμα.
2506 4484 2666 4539 Οὕτω
2694 4486 2826 4555 γοῦν
2857 4487 3016 4558 ἡμῶν
3046 4490 3075 4558 η
3108 4489 3271 4557 φύσις
3302 4488 3442 4559 πρὸς
3465 4490 3535 4543 τά

1934 4567 2159 4639 ᾄσματα
2200 4568 2299 4622 καὶ
2331 4568 2402 4621 τὰ
2436 4568 2573 4639 μέλη
2605 4569 2779 4639 ἡδέως
2809 4570 2923 4639 ἔχει
2948 4572 3044 4625 καὶ
3070 4573 3309 4636 οἰκείως,
3334 4572 3411 4635 ὠς
3438 4574 3535 4626 καὶ

1932 4652 2003 4705 τὰ
2059 4650 2343 4722 ὑπομάζια
2390 4651 2581 4704 παιδία
2632 4651 3153 4725 κλαυθμυριζόμενα
3199 4655 3295 4708 καὶ
3338 4655 3535 4727 δυσχε-

1936 4735 2213 4806 ραίνοντα,
2251 4733 2396 4787 οὕτω
2425 4733 2945 4805 κατακοιμίζεσθαι.
2975 4739 3042 4790 Δί
3076 4738 3209 4807 γοῦν
3251 4738 3434 4793 τίτθαι
3477 4743 3535 4793 έν

1932 4821 2055 4882 ταῖς
2102 4817 2374 4885 ἀγκάλαις
2413 4818 2557 4873 αύτά
2599 4818 2993 4888 βαστάζουσαι,
3036 4822 3304 4885 πολλάκις
3345 4824 3536 4876 ἀπιού-

1936 4901 2028 4953 σαί
2048 4916 2110 4953 τε
2133 4901 2230 4954 καὶ
2258 4899 2604 4965 έπανιοῦσαι,
2642 4903 2739 4955 καί
2762 4920 2883 4956 τινα
2912 4904 3099 4965 αὐτοῖς
3128 4906 3538 4976 κατεπᾴδουσαι

1933 4982 2157 5054 ᾄσματα
2181 4981 2430 5046 παιδικὰ,
2470 4983 2646 5047 οὕτως
2678 4985 2861 5037 αὐτῶν
2895 4984 2966 5037 τὰ
3000 4985 3247 5058 βλέφαρα
3281 5005 3530 5042 κατακοιο

1936 5067 2179 5138 μίξουσι.
2211 5067 2310 5121 Διὰ
2341 5066 2505 5121 τοῦτο
2534 5068 2627 5121 καὶ
2659 5069 2935 5140 ὁδοιπόροι
2966 5069 3230 5134 πολλάκις
3263 5071 3407 5125 κατὰ
3442 5089 3511 5140 με

1934 5149 2214 5220 σημὸρίαν
2231 5149 2549 5213 ἐλαύνοντες
2564 5151 2862 5219 ὑποζύγια,
2882 5151 3101 5222 ᾅδοντες
3117 5152 3277 5206 τοῦτο
3297 5151 3535 5218 ποιοῦσι,

1932 5232 2032 5303 τὴν
2056 5233 2121 5285 ὲκ
2156 5233 2257 5301 τῆς
2293 5233 2605 5303 ὁδοιπορίας
2628 5236 3010 5305 ταλαιπωρίαν
3049 5238 3169 5299 ταῖς
3198 5236 3364 5307 ᾠδαῖς
3396 5236 3536 5288 ὲκεί-

1932 5332 2055 5379 ναις
2082 5315 2595 5387 παραμυθούμενοι.
2634 5318 2747 5387 Ούχ
2778 5318 3053 5389 ὁδοιπόροι
3083 5318 3142 5372 δὲ
3179 5320 3363 5388 μόνον,
3398 5318 3536 5373 ἀλλά

1932 5400 2028 5451 καὶ
2063 5400 2297 5469 γηπὸνοι
2330 5398 2778 5468 ληνοὸατοῦντες,
2815 5402 2911 5455 καὶ
2947 5404 3282 5472 τρυγῶντες,
3309 5404 3405 5455 καὶ
3431 5405 3526 5473 ἀμο

1935 5482 2135 5546 πέλους
2184 5481 2608 5555 θεραπεύοντες,
2638 5484 2731 5538 καὶ
2761 5483 2892 5539 ἄλλο
2920 5485 3104 5537 ὁτιοῦν
3148 5484 3537 5557 ἐργαζόμενοι,

1933 5565 2197 5629 πολλάκις
2242 5566 2453 5635 ᾄδουσι.
2487 5566 2599 5620 Καὶ
2646 5565 2841 5621 ναῦται
2886 5566 3343 5636 κωπηλατούντες
3378 5567 3535 5621 τοῦτο

1937 5648 2205 5703 ποιοῦσιν.
2231 5647 2372 5719 Ἤδη
2402 5648 2461 5702 δὲ
2492 5650 2589 5702 καὶ
2618 5652 2875 5717 γυναῖκες
2908 5651 3317 5721 ίστουργοῦσαι,
3346 5653 3441 5704 καὶ
3469 5656 3535 5722 τῇ

1935 5731 2151 5801 κερκίδι
2182 5732 2310 5795 τοὺς
2345 5732 2625 5801 στήμονας
2656 5733 3103 5801 συγκεχυμένους
3132 5734 3533 5803 διακρίνουσαι.

1936 5817 2199 5884 πολλάκις
2236 5819 2334 5890 μὲν
2375 5816 2469 5871 καὶ
2510 5816 2637 5871 καθ’
2665 5815 2868 5887 ἑαυτὴν
2905 5815 3139 5885 ἑκάστη,
3178 5816 3440 5883 πολλάκις
3476 5818 3533 5873 δὲ
