4068 6428
244 415 350 471 157

242 530 642 592 discernentes,
674 536 819 594 saepe
839 518 1057 591 quidem
1086 558 1102 583 ,
1136 522 1193 570 et
1217 528 1315 586 per
1343 526 1402 567 se
1428 509 1674 580 singulae,
1708 519 1855 574 sape

246 633 430 676 autem
462 619 622 674 etiam
646 626 837 671 omnes
854 608 1197 666 concorditer
1237 619 1398 660 unam
1420 601 1706 672 quamdam
1735 612 1853 651 me-

252 714 455 770 lodiam
485 709 796 766 concinunt.
843 704 957 759 Hoc
985 710 1166 757 autem
1190 699 1393 753 faciunt
1423 694 1700 758 mulieres,
1742 690 1857 744 via—

257 815 430 869 tores,
455 799 705 872 agricola:
734 805 791 853 et
814 805 1011 861 nautae,
1041 793 1133 863 qui
1160 806 1225 845 ex
1248 804 1411 859 opere
1447 783 1691 840 faciendo
1731 796 1855 837 sus-

254 897 456 969 cipitur
507 894 745 949 laborem
798 898 961 945 cantu
1008 883 1274 941 consolari
1333 881 1617 939 volentes,
1671 883 1857 944 utpote

251 966 380 1044 cum
409 986 609 1049 anima,
643 985 687 1037 si
714 995 932 1038 carmen
954 988 1009 1032 et
1048 976 1317 1031 canticum
1342 969 1591 1035 audierit,
1625 966 1857 1022 molesta

254 1093 315 1139 et
351 1080 590 1136 diflicilia
612 1078 683 1132 sit
710 1074 915 1129 facilius
946 1070 1257 1125 toleratura.
1286 1064 1552 1133 Quoniam
1586 1073 1718 1130 ergo
1751 1058 1855 1112 hoc

255 1188 430 1245 genus
455 1165 830 1227 delectationis
853 1172 936 1218 est
965 1169 1168 1215 nostra:
1189 1157 1383 1211 animae
1408 1152 1566 1206 valde
1595 1151 1856 1233 innatum,

264 1243 340 1322 ne
387 1262 664 1321 daemones
714 1259 911 1313 lasciva
929 1266 996 1311 -et
1031 1251 1334 1309 meretricia
1372 1247 1579 1304 cantica
1608 1243 1858 1300 introdu-

255 1365 466 1419 ceutes,
498 1352 678 1408 omnia
700 1354 1027 1411 everterent,
1063 1343 1312 1398 Psalmos
1339 1339 1485 1394 Deus
1505 1335 1779 1408 opposuit,
1801 1340 1860 1386 ut

255 1463 325 1503 ex
356 1461 418 1500 ea
450 1460 509 1499 re
530 1440 689 1497 simul
716 1445 1004 1507 caperetur
1031 1433 1276 1501 voluptas
1298 1437 1354 1484 et
1384 1427 1605 1483 utilitas.
1657 1425 1732 1479 Ex
1760 1437 1859 1478 ex-

257 1536 429 1592 ternis
472 1533 619 1588 enim
652 1528 876 1585 canticis
906 1525 1188 1587 damnum,
1216 1529 1272 1575 et
1297 1518 1518 1575 exitium
1545 1557 1561 1581 ,
1594 1523 1651 1570 et
1693 1512 1859 1567 multa

251 1627 442 1699 gravia
483 1622 808 1679 invehuntur
838 1637 851 1672 :
883 1633 1006 1671 nam
1040 1630 1164 1670 cum
1195 1627 1317 1683 quae
1337 1619 1463 1665 sunt
1488 1610 1540 1662 in
1570 1606 1655 1661 his
1684 1604 1860 1660 canti-

254 1696 340 1775 cis
370 1716 656 1773 lasciviora
700 1724 754 1767 et
778 1709 1041 1777 iniquiora
1066 1749 1082 1775 ,
1120 1705 1361 1776 partibus
1405 1702 1602 1780 anima:
1640 1696 1860 1752 insede-

257 1811 373 1865 rint
403 1848 419 1872 ,
466 1820 589 1861 eam
618 1800 1030 1858 imbecilliorem
1072 1794 1303 1851 reddunt
1328 1802 1385 1848 et
1416 1790 1721 1845 molliorem
1751 1805 1765 1841 :
1795 1801 1863 1841 ex

258 1898 492 1956 Psalmis
518 1906 698 1951 autem
729 1890 1095 1962 spiritualibus
1121 1886 1253 1942 lucri
1278 1884 1495 1956 quidem
1529 1882 1821 1952 plurimum
1844 1920 1859 1943 ,

265 1988 501 2045 maxima
548 1994 729 2040 autem
783 1983 983 2037 utilitas
1033 1977 1363 2048 insignisque
1392 1971 1772 2031 sanctificatio.
1807 1978 1865 2024 ct

257 2080 439 2137 omnis
473 2075 828 2148 philosophia:
858 2072 1071 2129 occasio
1102 2067 1448 2140 processerit,
1474 2079 1598 2120 cum
1625 2071 1682 2118 et
1702 2061 1863 2117 verba

259 2173 498 2228 animam
523 2170 742 2238 expient
760 2210 775 2233 ,
805 2176 862 2221 et
894 2174 1114 2221 sanctus
1138 2160 1369 2231 Spiritus
1397 2158 1450 2214 in
1474 2156 1718 2212 canentis
1754 2154 1871 2208 ani-

259 2280 406 2320 mam
446 2262 695 2317 celeriter
738 2258 969 2313 advolet.
1020 2253 1175 2322 Quod
1227 2254 1371 2307 enim
1400 2250 1490 2320 qui
1526 2256 1864 2304 canuntcum

261 2356 613 2425 intelligentia
640 2393 657 2417 ,
686 2359 882 2404 vocent
906 2347 1137 2416 Spiritus
1180 2344 1432 2413 gratiam,
1463 2336 1587 2394 audi
1615 2338 1745 2409 quid
1777 2337 1863 2391 di-

262 2457 356 2502 cat
386 2446 582 2501 Paulus
609 2462 623 2497 :
656 2440 835 2495 Nolite
858 2437 1096 2491 inebriari
1125 2436 1261 2498 vino,
1290 2434 1345 2487 in
1370 2450 1469 2503 quo
1504 2440 1576 2485 est
1607 2429 1818 2485 luxuria
1846 2442 1865 2481 :

261 2540 355 2593 sed
388 2534 675 2604 implemini
727 2530 950 2601 Spiritu.
995 2525 1281 2596 Subjungit
1312 2532 1491 2579 autem
1521 2524 1683 2578 etiam
1714 2536 1868 2591 quie-

264 2646 390 2687 nam
423 2630 492 2683 sit
520 2624 777 2696 implendi
810 2621 947 2675 ratio
972 2639 985 2675 :
1016 2618 1262 2674 Canentes
1300 2626 1347 2671 et
1373 2615 1646 2685 psallentes
1673 2613 1727 2664 in
1755 2627 1869 2664 cor-

265 2723 417 2776 dibus
437 2719 613 2773 vestris
644 2715 862 2769 Domino
888 2710 1109 2783 (Epltes.
1138 2710 1192 2765 5.
1221 2709 1311 2764 18.
1340 2708 1448 2779 19).
1479 2705 1615 2775 Quid
1654 2712 1759 2771 est,
1803 2702 1870 2756 1η

267 2811 505 2868 cordibus
533 2808 709 2863 vestris
729 2806 753 2861 ?
773 2806 910 2860 Cum
942 2801 1314 2871 intelligentia,
1354 2800 1528 2868 inquit
1552 2806 1651 2853 aut
1671 2812 1779 2850 non
1809 2810 1871 2849 os

266 2905 511 2977 quidem,
564 2900 755 2971 inquit,
782 2896 945 2952 verba
977 2895 1252 2965 loquatur,
1304 2905 1459 2946 mens
1498 2899 1676 2945 autem
1718 2898 1871 2942 extra

266 3003 513 3050 versetur
562 2990 799 3060 undique
844 3000 1041 3058 vagans
1074 3002 1088 3039 :
1119 2982 1216 3039 sed
1268 2990 1328 3037 ut
1359 2982 1536 3052 lingua
1583 2979 1653 3035 ab
1681 2979 1869 3034 anima

268 3084 537 3141 audiatur.

343 3176 401 3230 2.
428 3173 781 3231 Conviviorum
829 3170 1047 3233 cantica.
1099 3165 1271 3222 Simili
1328 3164 1548 3236 probat,
1592 3163 1655 3217 ab
1709 3162 1876 3234 epulis

272 3272 560 3341 gratiarum
587 3267 834 3321 actionem
862 3261 1195 3318 reddendam.
1225 3289 1299 3300 —
1325 3259 1395 3313 Et
1421 3258 1876 3329 quemadmodum

276 3364 366 3417 ubi
391 3369 478 3417 est
503 3373 718 3415 omnum
742 3397 755 3421 ,
788 3372 853 3411 eo
884 3353 1033 3425 porci
1049 3360 1411 3409 concurrunt:
1440 3350 1528 3405 ubi
1554 3359 1731 3404 autem
1754 3359 1881 3403 sunt

276 3461 521 3509 aromata
573 3459 630 3506 et
673 3448 906 3514 suffitus,
930 3460 1062 3517 apes
1091 3445 1197 3499 illic
1225 3443 1467 3498 habitant
1495 3460 1507 3496 :
1538 3442 1608 3496 ita
1638 3442 1725 3497 ubi
1756 3448 1882 3495 sunt

274 3545 495 3613 quidem
523 3539 825 3597 meretricia
851 3538 1080 3602 cantica,
1115 3537 1222 3591 illic
1246 3543 1646 3605 congregantur
1671 3534 1879 3587 daemo-

277 3651 376 3692 nes
405 3653 421 3690 :
452 3634 540 3689 ubi
565 3641 745 3688 autem
770 3630 978 3686 cantica
1004 3627 1323 3698 spiritualia,
1354 3627 1480 3680 illuc
1511 3626 1727 3680 advolat
1758 3625 1871 3693 Spi-

276 3730 414 3783 ritus
442 3726 633 3797 gratia,
665 3740 786 3795 qua:
812 3738 873 3777 os
901 3720 1203 3777 sanctificat
1222 3731 1279 3776 et
1294 3720 1551 3774 animam.
1582 3720 1710 3775 Haec
1735 3718 1879 3783 dico,

278 3837 390 3876 non
421 3825 482 3873 ut
509 3833 603 3872 vos
635 3825 841 3870 tantum
894 3813 1122 3868 laudetis
1142 3853 1157 3877 ,
1200 3812 1293 3867 sed
1325 3821 1383 3866 ut
1432 3811 1574 3866 ﬁlios
1600 3820 1654 3867 et
1681 3826 1882 3866 uxores

277 3912 520 3967 doceatis
550 3910 671 3965 talia
701 3916 920 3964 cantare
968 3906 1198 3970 cantica,
1226 3920 1332 3958 non
1360 3906 1533 3959 solum
1565 3905 1618 3958 in
1650 3902 1885 3958 texendo

279 4006 459 4060 aliove
486 4018 653 4074 opere
684 4000 952 4065 faciendo,
984 3999 1082 4054 sed
1135 3998 1373 4053 maxime
1416 3998 1468 4051 in
1500 4012 1710 4052 mensa.
1750 3994 1884 4052 Cum

280 4098 427 4154 enim
448 4094 714 4160 diabolus,
747 4091 1112 4164 utplurimum
1164 4088 1451 4145 insidietur
1490 4089 1544 4143 in
1575 4088 1839 4144 conviviis
1868 4129 1885 4155 ,

280 4187 558 4245 ebrietatis
584 4228 600 4252 ,
649 4185 899 4257 ingluviei
927 4226 944 4251 ,
997 4185 1246 4253 risusque
1301 4180 1523 4251 profusi,
1568 4188 1625 4237 et
1673 4182 1886 4237 remissi

282 4278 450 4333 animi
479 4277 682 4332 auxilio
712 4285 894 4330 utatur
922 4292 937 4328 :
969 4282 1103 4328 tunc
1145 4272 1380 4327 maxime
1405 4278 1624 4341 oportet
1660 4280 1717 4326 et
1761 4280 1888 4326 ante

282 4384 556 4436 mensam,
588 4375 646 4423 et
674 4374 797 4438 post
824 4380 1070 4421 mensam
1097 4404 1115 4431 ,
1168 4378 1229 4419 se
1280 4362 1494 4418 munire
1545 4362 1887 4417 Psalmorum

284 4461 561 4533 praesidio,
593 4468 650 4514 et
676 4458 836 4513 simul
864 4470 988 4512 cum
1022 4470 1192 4510 uxore
1216 4469 1280 4508 ac
1311 4452 1498 4508 liberis
1529 4463 1813 4523 surgentes
1857 4467 1887 4505 a

283 4551 559 4618 convivio,
594 4550 825 4622 hymnos
850 4561 1038 4603 sacros
1072 4548 1182 4602 Deo
1216 4560 1437 4602 canere.
1473 4544 1529 4600 Si
1558 4547 1707 4600 enim
1754 4544 1892 4600 Pau—

284 4643 392 4708 lus,
423 4644 510 4699 cui
538 4640 893 4698 intolerabilia
920 4637 1129 4707 ﬂagella
1161 4636 1549 4702 imminebant,
1579 4650 1702 4691 cum
1744 4635 1890 4706 ligno

285 4737 533 4807 alligatus
560 4734 613 4788 in
654 4747 874 4788 carcere
925 4730 1216 4795 habitaret,
1257 4728 1436 4784 media
1461 4735 1641 4794 nocte,
1671 4726 1889 4798 quando

288 4837 376 4883 est
400 4824 652 4881 omnibus
681 4837 904 4877 somnus
925 4819 1372 4891 jucundissimus,
1405 4834 1528 4873 cum
1561 4817 1674 4873 Sila
1714 4818 1885 4873 Deum

288 4927 551 4990 perpetuo
578 4916 849 4979 laudabat,
870 4925 927 4970 et
949 4930 1048 4969 nec
1075 4914 1249 4981 locus,
1277 4929 1377 4969 nec
1402 4923 1635 4983 tempus,
1655 4927 1759 4968 nec
1780 4914 1893 4968 sol-

287 5010 616 5076 licitudines,
650 5024 749 5065 nec
772 5009 948 5063 somni
982 5007 1245 5080 tyrannis,
1279 5021 1379 5062 nec
1400 5007 1478 5061 illi
1507 5008 1720 5063 labores
1744 5048 1759 5071 ,
1793 5023 1895 5063 nec

288 5104 533 5167 dolores,
563 5116 663 5156 nec
689 5101 980 5170 quidquam
1022 5098 1170 5153 aliud
1201 5114 1322 5153 eum
1354 5100 1531 5170 coegit
1563 5099 1893 5153 modulatio-

288 5212 415 5252 nem
455 5194 601 5249 illam
650 5195 1011 5250 intermittere
1039 5194 1188 5263 (Act.
1233 5193 1321 5247 16.
1344 5193 1441 5261 25)
1473 5211 1487 5248 :
1521 5194 1690 5247 multo
1723 5193 1894 5265 magis

290 5306 412 5356 nos,
435 5289 523 5361 qui
542 5288 781 5359 jucunde
810 5287 1067 5346 vivimus.
1098 5296 1155 5342 ct
1187 5287 1282 5342 Dei
1322 5285 1478 5341 bonis
1510 5284 1760 5351 fruimur,
1798 5288 1895 5358 by-

290 5396 448 5437 mnos
467 5422 483 5444 ,
511 5380 707 5449 quibus
738 5380 851 5435 Deo
874 5380 1064 5449 gratiae
1092 5389 1321 5449 agantur
1339 5419 1353 5442 ,
1381 5387 1597 5449 oportet
1623 5378 1893 5443 emittere,

290 5482 351 5527 ut
377 5471 424 5527 si
447 5472 532 5526 vel
554 5472 813 5536 ebrietas,
844 5472 927 5525 vel
982 5470 1251 5541 ingluvies
1279 5480 1478 5525 nostra
1517 5470 1715 5525 anima:
1740 5479 1898 5539 turpe

290 5571 389 5617 aut
414 5562 708 5617 absurdum
738 5560 867 5629 quid
915 5560 1126 5627 fecerit,
1156 5560 1246 5615 ubi
1279 5559 1519 5631 ingressa
1548 5559 1714 5616 fuerit
1745 5562 1898 5631 psal-

294 5655 515 5720 modia,
576 5654 756 5711 omnia
796 5653 888 5708 illa
925 5653 1068 5707 mala
1122 5662 1177 5709 ct
1208 5653 1450 5723 improba
1490 5654 1713 5709 consilia
1758 5655 1897 5709 resi-

296 5734 450 5792 liam-
481 5739 549 5796 Et
575 5738 1028 5811 quemadmodum
1053 5739 1295 5794 nonnulli
1324 5738 1519 5795 divites
1544 5738 1763 5806 impleta
1786 5737 1900 5791 bal-

292 5847 447 5890 samo
476 5836 700 5909 spongia
720 5851 938 5893 mensas
967 5834 1284 5909 abstergunt
1312 5874 1327 5887 .
1365 5844 1419 5888 ut
1459 5834 1502 5890 si
1532 5850 1593 5890 ex
1622 5832 1757 5889 cibis
1788 5832 1893 5889 ulla

1431 388 1791 450 EXPOSITIO
1831 383 1897 441 IN
1935 384 2263 442 PSALHUM
2291 384 2436 442 XLI.

3478 396 3579 452 158

1973 500 2296 556 remanserit
2314 500 2546 566 macula,
2572 515 2634 555 ea
2657 512 2896 557 extracta
2927 518 3115 573 puram
3140 521 3382 565 mensam
3404 524 3581 568 osten-

1966 594 2096 647 dant
2130 594 2369 649 :itanos
2395 609 2612 665 quoque
2632 593 2889 651 faciamus
2937 612 3037 666 pro
3086 600 3328 656 balsamo
3373 619 3436 661 os
3481 607 3582 661 im-

1968 685 2174 752 plentes
2201 684 2434 739 melodia
2463 685 2724 755 spirituali
2750 705 2762 740 :
2800 698 2860 742 ut
2881 689 2928 743 si
2957 706 3021 744 ex
3054 696 3356 759 saturitate,
3388 697 3491 750 ulla
3524 697 3580 752 in

1965 778 2145 831 anima
2190 777 2399 833 macula
2445 782 2786 846 remanserit,
2832 796 2952 834 eam
3000 798 3095 851 per
3144 785 3286 841 illam
3336 789 3583 843 modula-

1965 868 2167 924 tionem
2195 868 2607 939 abstergamus,
2649 880 2704 926 et
2745 873 2905 927 simul
2948 889 3140 930 omnes
3186 886 3394 935 stantes
3429 880 3582 937 dica~

1965 976 2088 1017 trus
2134 978 2149 1015 :
2199 959 2482 1016 Delectasti
2516 979 2628 1026 nos,
2677 964 2914 1032 Domine,
2962 968 3015 1020 in
3047 970 3248 1037 factura
3287 982 3395 1039 tua,
3446 986 3493 1028 et
3528 978 3584 1032 in

1965 1054 2204 1121 operibus
2248 1070 2492 1108 manuum
2535 1065 2755 1141 tuarum,
2781 1060 3151 1116 exsultabimus
3186 1063 3356 1133 (Psal.
3385 1050 3473 1123 όι.
3498 1069 3583 1141 5).

1968 1144 2097 1200 Post
2125 1144 2479 1213 psalmodiam
2508 1155 2687 1201 autem
2714 1138 2945 1205 addatur
2966 1152 3128 1205 etiam
3151 1156 3344 1223 oratio,
3374 1170 3432 1211 ut
3457 1138 3581 1214 cum

1965 1234 2146 1289 anima
2196 1236 2367 1305 ipsam
2413 1251 2627 1307 quoque
2682 1239 2903 1294 domum
2950 1244 3371 1303 sanctiﬂcemus.
3436 1249 3588 1309 Sicut

1965 1327 2110 1381 enim
2158 1326 2250 1396 qui
2289 1328 2504 1393 mimos,
2558 1336 2614 1383 et
2659 1331 2966 1399 saltatores,
3009 1344 3067 1390 et
3105 1338 3358 1393 mulieres
3401 1356 3585 1397 mere-

1969 1422 2131 1476 trices
2167 1421 2515 1476 introducunt
2542 1422 2595 1476 in
2620 1424 2885 1489 convivia,
2927 1425 3203 1483 dtemones
3229 1439 3284 1486 et
3303 1431 3583 1490 diabolum

1966 1512 2095 1567 illuc
2123 1521 2350 1576 vocant,
2394 1521 2452 1568 et
2480 1513 2672 1569 domos
2697 1529 2823 1570 suas
2848 1517 3073 1587 implent
3101 1520 3255 1577 bellis
3285 1524 3587 1582 innumeris

1970 1602 2119 1674 (hinc
2144 1613 2295 1659 certe
2319 1604 2624 1674 zelotypiaa,
2656 1605 2940 1675 adulteria,
2971 1617 3181 1678 stupra,
3212 1624 3267 1668 et
3291 1615 3395 1670 alia
3425 1618 3586 1671 innu-

1970 1696 2143 1765 mera)
2172 1711 2186 1747 :
2218 1695 2287 1748 ita
2314 1696 2403 1765 qui
2440 1704 2637 1750 vocant
2663 1697 2828 1752 David
2850 1714 2973 1754 cum
3004 1701 3233 1769 cithara,
3259 1704 3402 1762 intus
3430 1707 3590 1764 Chri-

1968 1795 2111 1839 stum
2139 1800 2233 1855 per
2258 1786 2434 1855 ipsum
2477 1796 2691 1842 vocant.
2716 1788 2820 1845 Ubi
2846 1803 3027 1847 autem
3060 1804 3144 1849 est
3164 1794 3434 1865 Christus,
3466 1803 3591 1855 nul-

1972 1878 2056 1933 lus
2084 1878 2296 1933 daemon
2329 1880 2547 1949 quidem
2580 1882 2807 1951 ingredi,
2836 1884 2922 1939 vel
2954 1887 3136 1956 potius
3165 1905 3233 1944 ne
3262 1890 3440 1947 obiter
3462 1894 3586 1962 qui-

1969 1970 2093 2026 dem
2127 1970 2394 2041 inspicere
2422 1988 2585 2029 ausus
2613 1972 2774 2029 fuerit
2805 1994 2819 2030 :
2849 1992 2948 2045 pax
2994 1992 3172 2036 autem
3197 2020 3215 2048 ,
3240 1992 3293 2039 et
3336 1984 3589 2055 dilectio,

1968 2071 2028 2118 et
2072 2063 2253 2116 omnia
2303 2072 2577 2134 tamquam
2618 2081 2683 2120 ex
2729 2065 2968 2123 fontibus
2993 2070 3133 2126 bona
3164 2076 3585 2143 promanabunt.

1973 2157 2051 2213 Illi
2082 2157 2301 2212 domum
2328 2172 2480 2214 suam
2505 2160 2705 2215 faciunt
2732 2161 3037 2231 theatrum;
3094 2174 3148 2220 tu
3191 2169 3478 2225 ecclesiam
3506 2175 3589 2228 fac

1976 2260 2119 2304 tuam
2151 2249 2555 2317 domunculam.
2590 2252 2691 2308 Ubi
2718 2254 2862 2309 enim
2893 2264 2978 2310 est
3004 2259 3265 2327 psalmus,
3315 2272 3369 2316 et
3393 2266 3591 2329 oratio,

1973 2350 2027 2394 et
2052 2340 2251 2396 chorea
2282 2342 2694 2412 prophetarum,
2746 2361 2801 2401 et
2848 2348 2965 2416 pius
3023 2354 3330 2407 canentium
3354 2356 3589 2424 animus,

1977 2447 2082 2486 non
2115 2432 2451 2489 aberraverit
2493 2436 2757 2505 quispiam
2822 2441 2911 2508 qui
2955 2439 3099 2497 hunc
3149 2454 3348 2501 ctutum
3395 2447 3594 2504 dixerit

1974 2522 2281 2576 ecclesiam.
2314 2524 2536 2579 Etiamsi
2570 2529 2673 2580 vim
2699 2528 2988 2585 verborum
3028 2547 3135 2587 non
3174 2538 3409 2601 noveris,
3457 2539 3594 2594 doce

1977 2612 2181 2668 interea
2236 2614 2409 2685 ipsum
2461 2630 2522 2671 os
2569 2618 2732 2673 verba
2771 2619 2975 2677 dicere.
3026 2623 3400 2683 Sanctiﬁcatnr
3442 2632 3591 2686 enim

1977 2706 2138 2759 etiam
2166 2706 2344 2776 lingua
2374 2723 2469 2778 per
2489 2709 2677 2775 verba,
2721 2713 2939 2782 quando
2968 2730 3031 2771 ea
3060 2717 3313 2775 dicuntur
3344 2704 3596 2795 prompto

1976 2806 2030 2851 et
2056 2799 2217 2853 alacri
2244 2800 2445 2855 animo.
2480 2800 2537 2857 Si
2578 2818 2679 2857 nos
2725 2805 2870 2874 ipsos
2911 2807 3298 2867 deduxerimus
3338 2814 3406 2871 ad
3454 2816 3597 2876 hanc

1978 2891 2445 2959 consuetudinem,
2502 2910 2604 2950 nec
2658 2909 2839 2954 nostra
2882 2909 3111 2970 sponte,
3154 2920 3256 2961 nec
3286 2921 3382 2975 per
3406 2924 3597 2965 socor-

1985 2980 2129 3034 diam
2178 2981 2463 3051 pulchrum
2508 2983 2614 3040 hoc
2664 2991 3141 3056 praetermittemus
3191 2996 3596 3067 ministerium,

1982 3087 2132 3128 more
2192 3073 2276 3128 vel
2323 3074 2521 3131 invitos
2574 3092 2674 3132 nos
2746 3092 2977 3151 cogente
3041 3083 3185 3141 hunc
3243 3088 3338 3146 Dei
3393 3092 3599 3149 cultum

1982 3165 2227 3235 quotidie
2275 3180 2555 3238 peragere.
2618 3170 2673 3223 In
2718 3170 2819 3227 hac
2876 3176 3277 3244 modulatione,
3336 3196 3433 3238 seu
3480 3186 3603 3255 quis

1986 3256 2149 3313 fuerit
2176 3261 2329 3314 senio
2362 3260 2661 3329 confectus,
2706 3280 2801 3319 seu
2826 3266 3064 3337 juvenis,
3103 3285 3199 3327 seu
3228 3282 3359 3330 voce
3384 3290 3600 3348 aspera,

1985 3364 2082 3405 seu
2135 3352 2312 3406 omnis
2358 3352 2572 3423 penitus
2618 3359 2826 3413 numeri
2879 3360 3128 3431 ignarus,
3185 3364 3319 3422 nihil
3366 3370 3416 3424 ei
3470 3371 3603 3424 vitio

1986 3440 2222 3496 dabitur.
2273 3443 2428 3510 Quod
2483 3446 2626 3500 enim
2658 3446 2744 3502 hic
2774 3452 3053 3519 qmeritur,
3085 3463 3169 3509 est
3195 3457 3373 3512 sobria
3399 3460 3602 3529 anima,

1988 3549 2143 3589 mens
2172 3536 2418 3605 vigilans,
2451 3554 2546 3592 cor
2574 3552 2976 3609 compunctum,
3016 3546 3191 3603 valida
3220 3551 3377 3616 ratio,
3402 3567 3603 3622 expur-

1989 3638 2108 3697 gata
2148 3630 2501 3684 conscientia.
2548 3631 2603 3686 Si
2650 3632 2765 3688 haec
2815 3634 3055 3704 habens,
3111 3640 3389 3710 ingressus
3440 3640 3607 3701 fueris

1993 3718 2044 3772 in
2091 3730 2335 3774 sanctum
2384 3722 2476 3777 Dei
2514 3721 2774 3789 chorum,
2815 3727 2967 3796 juxta
3014 3729 3191 3797 ipsum
3246 3732 3415 3791 David
3463 3745 3609 3791 stare

1993 3812 2216 3879 poteris.
2280 3812 2376 3867 llic
2425 3829 2530 3868 non
2594 3821 2677 3869 cSt
2728 3830 2864 3886 Opus
2910 3818 3152 3885 cithara,
3206 3838 3382 3894 neque
3428 3829 3610 3882 nervis

1992 3903 2256 3969 extensis,
2304 3919 2479 3973 neque
2519 3906 2745 3975 plectro,
2779 3922 2881 3963 nec
2926 3920 3061 3975 arte,
3107 3927 3207 3969 nec
3238 3916 3362 3970 ullis
3410 3916 3612 3973 instru-

1996 3998 2194 4053 mentis
2227 4016 2240 4052 :
2267 3999 2361 4054 sed
2392 4000 2435 4055 si
2468 4002 2623 4068 velis,
2666 4003 2896 4072 teipsum
2927 4004 3133 4063 efficies
3159 4010 3458 4080 citharam,
3486 4028 3611 4069 cum

1993 4089 2172 4144 carnis
2216 4092 2457 4146 membra
2500 4093 2935 4163 mortificaveris,
2975 4108 3031 4153 et
3067 4100 3265 4157 anima:
3320 4118 3443 4159 cum
3485 4120 3612 4159 cor-

1998 4195 2128 4249 pore
2161 4182 2449 4251 pulcbrum
2488 4194 2811 4240 concentum
2858 4185 3124 4244 eﬂ'eceris.
3191 4190 3419 4260 Quando
3466 4194 3611 4249 enim

1997 4287 2105 4327 non
2151 4274 2486 4343 concupierit
2524 4290 2653 4331 caro
2701 4276 2967 4333 adversus
3013 4278 3271 4349 Spiritum
3316 4282 3512 4353 (Colat.
3556 4287 3613 4342 5.

1998 4364 2114 4432 Π),
2160 4364 2256 4421 sed
2289 4366 2433 4422 illius
2459 4366 2624 4437 jussis
2650 4369 2897 4437 cesserit,
2940 4380 2996 4425 et
3024 4386 3142 4426 eam
3176 4374 3412 4429 tamdem
3441 4376 3615 4433 duxe-

1998 4457 2113 4511 rit1
2162 4458 2215 4513 in
2269 4459 2411 4513 viam
2463 4460 2723 4529 optimam
2755 4470 2813 4517 et
2838 4464 3071 4519 maxime
3094 4465 3487 4533 admirabilem,
3544 4470 3618 4525 ita

2000 4549 2286 4606 melodiam
2316 4550 2519 4607 efficies
2546 4552 2902 4624 spiritualem.
2928 4556 3047 4611 Non
3077 4557 3163 4612 hic
3192 4573 3329 4629 opus
3354 4569 3438 4615 est
3467 4570 3616 4628 artu,

1999 4659 2122 4711 qum
2147 4644 2310 4715 longo
2336 4652 2581 4715 tempore
2612 4646 2890 4716 perficitur
2923 4665 2938 4702 :
2971 4648 3067 4704 sed
3106 4649 3245 4705 bona
3280 4660 3485 4707 tantum
3516 4670 3619 4708 vo-

2001 4733 2225 4800 luntate,
2245 4746 2299 4791 et
2318 4751 2586 4807 generoso
2611 4738 2778 4792 animi
2807 4738 3052 4795 instituto
3078 4756 3216 4811 opus
3241 4753 3346 4809 est,
3374 4760 3439 4801 ac
3467 4746 3618 4802 brevi

2004 4837 2247 4901 tempore
2288 4830 2446 4900 periti
2492 4830 2806 4886 evademus.
2858 4832 2978 4887 Non
3016 4848 3154 4905 opus
3199 4844 3285 4891 est
3335 4838 3478 4905 loco,
3512 4854 3618 4895 non

2002 4937 2138 4992 Opus
2182 4931 2572 4994 est'tempore,
2627 4925 2721 4979 sed
2766 4925 2819 4979 in
2862 4928 3011 4981 omni
3052 4928 3194 4995 loco,
3224 4939 3280 4984 et
3303 4932 3449 4987 omni
3482 4940 3620 4988 tem-

2003 5030 2156 5085 pore,
2189 5015 2316 5070 licet
2355 5024 2539 5071 mente
2565 5031 2781 5074 canere.
2807 5018 2941 5073 Nam
2972 5021 3089 5076 sive
3115 5023 3168 5075 in
3201 5020 3318 5077 foro
3352 5025 3619 5094 ambules,

2005 5109 2120 5163 sive
2146 5107 2250 5163 iter
2272 5107 2616 5178 ingrediaris,
2649 5110 2764 5164 sive
2790 5124 2912 5165 cum
2943 5113 3133 5167 amicis
3162 5115 3466 5182 consideas,
3502 5118 3625 5171 licet

2005 5202 2243 5257 excitare
2265 5203 2533 5268 animum,
2560 5203 2687 5258 licet
2714 5205 2801 5258 vel
2830 5205 3029 5259 tacenti
3053 5205 3307 5262 clamare.
3355 5210 3426 5263 Ita
3458 5211 3621 5265 etiam

2007 5293 2182 5348 Moses
2206 5293 2495 5359 clamabat,
2527 5304 2583 5350 et
2612 5294 2754 5351 Deus
2782 5296 3037 5353 audiebat
3066 5297 3265 5368 (Exod.
3296 5300 3381 5355 Η.
3410 5302 3525 5369 l5).
3560 5304 3625 5357 Et

2007 5389 2051 5441 si
2083 5385 2247 5443 lueris
2274 5387 2482 5458 opifex,
2531 5393 2735 5458 poteris
2763 5389 2815 5444 iu
2843 5390 3059 5446 oflicina
3087 5392 3285 5447 sedens
3312 5405 3367 5448 et
3393 5408 3626 5465 opening

2010 5480 2258 5549 psallere.
2310 5480 2444 5536 Etsi
2472 5481 2628 5537 miles
2657 5482 2753 5550 sis,
2801 5492 2895 5538 aut
2923 5482 3115 5540 sedeas
3140 5486 3193 5538 in
3213 5482 3437 5555 judicio,
3478 5502 3625 5556 gotu-

2010 5576 2088 5626 ris
2112 5572 2214 5629 hoc
2240 5575 2413 5644 ipsum
2446 5575 2645 5632 facere.

2220 5771 2411 5852 Sat-Hii
2438 5776 2921 5852 conjectur1e_'_t_ides_
2954 5779 3293 5849 adhibeatur,
3344 5787 3617 5852 legendum

2012 5837 2129 5897 erit,
2153 5838 2198 5885 in
2225 5837 2440 5887 secunda
2470 5852 2703 5902 persona,
2738 5837 2962 5891 tlttxet'is.
