4068 6438
531 356 637 415 159

601 472 655 527 5.
699 468 926 525 Gemitus
945 467 1154 538 spiritus
1175 467 1288 536 quis
1311 466 1395 520 sit.
1414 494 1485 505 —
1500 464 1649 520 Licet
1676 464 1835 519 etiam
1874 463 1991 518 sine
2019 476 2113 517 vo-

528 577 592 617 ce
624 562 869 630 psallere,
902 575 1021 615 cum
1051 574 1203 614 mens
1248 560 1390 613 intus
1415 568 1655 613 resonet.
1685 558 1802 613 Non
1840 558 1985 613 enim
2016 557 2113 611 hn-

529 651 762 706 miuibus
790 651 1051 713 canimus,
1078 648 1173 704 sed
1204 649 1342 715 Deo,
1387 649 1477 719 qui
1507 656 1681 717 potest
1710 648 1799 703 vel
1824 646 1989 702 corda
2014 661 2112 701 au-

531 741 667 807 dire,
698 750 751 796 et
777 742 828 795 in
854 742 1045 795 mentis
1068 748 1267 795 nostra:
1289 753 1480 793 arcana
1502 737 1727 807 ingredi.
1761 738 1873 793 Hoc
1900 752 2113 807 quoque

530 832 725 886 Paulus
753 829 1041 885 ostendens
1068 828 1408 897 vociferatur,
1454 828 1675 883 dicens:
1706 826 1829 899 Ipse
1883 828 2111 898 Spiritus

524 919 813 987 interpellat
860 936 951 988 pro
975 919 1116 973 nobis
1138 919 1400 989 gemitibus
1422 918 1861 972 inenarrabilibus.
1885 917 1987 984 Qui
2013 933 2111 969 au-

526 1022 627 1064 tem
650 1020 903 1064 scrutatur
931 1010 1106 1075 corda,
1133 1010 1225 1063 scit
1250 1007 1372 1079 quid
1398 1006 1649 1061 desideret
1676 1008 1902 1078 Spiritus
1924 1048 1941 1073 ,
1970 1006 2108 1076 quod

527 1101 810 1155 secundum
830 1099 993 1154 Deum
1015 1100 1231 1169 postulet
1248 1114 1340 1168 pro
1363 1098 1553 1153 sanctis
1577 1097 1759 1169 (Rom.
1788 1098 1842 1153 8.
1872 1097 1962 1153 26.
1991 1095 2108 1168 27).

524 1193 637 1249 lloc
665 1202 843 1247 autem
873 1191 1103 1255 dicebat,
1151 1205 1257 1246 non
1303 1189 1445 1259 quod
1472 1188 1702 1259 Spiritus
1727 1196 1983 1258 gemeret,
2011 1186 2108 1242 sed

522 1285 665 1354 quod
690 1285 787 1339 viri
815 1284 1140 1354 spirituales,
1182 1282 1275 1352 qui
1307 1281 1507 1336 habent
1531 1280 1669 1334 dona
1715 1279 1944 1350 Spiritus
1968 1318 1985 1345 ,
2014 1294 2110 1347 pro

523 1374 837 1444 propinquis
866 1382 1114 1438 orantes,
1146 1382 1201 1425 et
1224 1369 1643 1440 supplicationes
1678 1367 1985 1434 oﬂerentes,
2007 1366 2109 1423 hoc

523 1466 893 1520 l'acerentcum
909 1463 1321 1533 compunctione
1334 1472 1389 1517 et
1403 1461 1706 1530 gemitibus.
1732 1460 1844 1515 Hoc
1864 1475 1962 1514 nos
1977 1475 2109 1530 quo-

523 1570 624 1622 que
668 1554 956 1619 faciamus,
997 1563 1053 1607 et
1090 1551 1328 1622 quotidie
1368 1552 1535 1606 Deum
1584 1550 1985 1619 iuterpellemus
2013 1565 2108 1619 per

520 1647 754 1716 psalmos
785 1655 840 1700 et
866 1646 1155 1700 orationes.
1183 1643 1263 1699 Ne
1300 1652 1479 1699 autem
1508 1643 1671 1698 verba
1697 1641 1870 1697 solum
1911 1640 2106 1696 offera-

520 1753 659 1802 mus,
692 1736 785 1792 sed
818 1735 987 1806 ipsam
1012 1736 1171 1790 etiam
1201 1734 1434 1789 sciamus
1478 1733 1583 1787 vim
1626 1732 1917 1788 dictionum
1942 1772 1959 1799 ,
2008 1747 2108 1801 agn

520 1828 691 1895 ipsum
711 1827 867 1896 hujus
885 1825 1077 1880 Psalmi
1095 1823 1411 1894 prooemium
1428 1825 1481 1878 in
1500 1822 1734 1878 medium
1755 1821 2105 1877 adducamus.

520 1917 672 1984 Quod
698 1926 781 1973 est
823 1932 952 1987 ergo
980 1915 1340 1985 prommium?
1383 1914 1825 1981 Quemadmodum
1855 1914 2106 1967 desiderat

514 2026 688 2063 cervus
712 2010 779 2062 ad
803 2011 962 2079 fontes
980 2023 1229 2079 aquarum
1246 2048 1262 2073 ,
1307 2007 1380 2060 ita
1405 2006 1659 2060 desiderat
1688 2004 1861 2057 anima
1884 2020 1997 2057 mea
2037 2003 2105 2057 ad

518 2115 586 2167 te,
610 2102 767 2155 Deus.
800 2102 894 2156 Hic
917 2111 1000 2155 est
1019 2114 1138 2155 mos
1164 2098 1476 2165 amantium,
1502 2110 1740 2151 amorem
1758 2095 1970 2150 silentio
1994 2110 2103 2150 non

517 2194 712 2259 celare,
744 2192 842 2249 sed
866 2193 1141 2249 enuntiare
1162 2190 1371 2256 vicinis,
1401 2198 1457 2245 et
1476 2188 1657 2244 dicere
1684 2202 1743 2242 se
1768 2202 1968 2242 amare.
2002 2187 2105 2240 Ar-

516 2284 651 2340 dens
670 2286 812 2341 enim
843 2300 929 2340 res
949 2294 1033 2340 est
1051 2294 1240 2338 natura
1265 2281 1587 2347 dilectionis,
1609 2293 1711 2333 nec
1734 2286 1909 2348 potest
1926 2278 2104 2332 anima

515 2378 800 2443 sustinere,
833 2387 889 2430 ut
912 2391 1028 2431 eam
1055 2375 1270 2430 silentio
1286 2381 1485 2429 teneat.
1512 2373 1579 2427 Et
1606 2372 1725 2427 ideo
1750 2385 1939 2426 amans
1969 2386 2103 2441 quo-

514 2482 621 2537 que
669 2468 864 2521 Paulus
904 2466 1117 2522 dicebat
1162 2465 1452 2521 Corinthiis
1483 2482 1496 2519 :
1525 2462 1596 2518 Os
1642 2473 1871 2517 nostrum
1911 2463 1979 2515 ad
2018 2480 2103 2517 vos

513 2571 746 2628 apertum
772 2568 864 2625 est,
896 2559 1147 2613 Corinthii
1176 2557 1268 2631 (1.
1297 2558 1415 2613 Car.
1444 2556 1499 2612 6.
1535 2556 1623 2625 ll)
1652 2573 1664 2610 :
1697 2557 1799 2611 hoc
1824 2566 1933 2623 est,
1984 2556 2099 2613 Non

516 2664 732 2717 possum
759 2651 1057 2715 continere,
1094 2658 1149 2705 et
1173 2650 1387 2703 silentio
1415 2662 1659 2717 premere
1706 2647 2042 2703 dilectionem
2074 2688 2091 2714 ,

512 2739 605 2793 sed
644 2754 738 2793 vos
764 2753 976 2808 semper
1002 2748 1057 2795 et
1084 2739 1297 2809 ubique,
1321 2746 1376 2793 et
1426 2739 1479 2792 in
1522 2744 1698 2792 mente
1726 2746 1781 2792 et
1820 2738 1874 2791 in
1919 2737 2097 2808 lingua

511 2828 849 2885 circumfero.
885 2829 956 2883 ita
983 2831 1142 2885 etiam
1164 2830 1253 2885 hic
1277 2832 1465 2885 beatus
1493 2830 1662 2884 Deum
1692 2844 1897 2895 amans,
1924 2838 1980 2883 et
2004 2845 2095 2884 aro

510 2920 644 2975 dens
665 2934 868 2985 amore,
896 2936 1003 2976 non
1021 2931 1200 2992 potest
1220 2922 1271 2975 in
1289 2924 1523 2975 animum
1546 2921 1799 2975 inducere
1825 2928 1883 2973 ut
1905 2929 2095 2989 taceat,

510 3011 603 3067 sed
624 3012 907 3081 aliquando
933 3014 1148 3083 quidem
1179 3013 1343 3067 dicit:
1382 3012 1818 3077 Quemadmodum
1845 3012 2099 3067 desiderat

507 3119 681 3156 cervus
701 3104 768 3155 ad
790 3105 951 3172 fontes
967 3120 1233 3171 aquarum,
1253 3105 1326 3156 ita
1346 3104 1594 3156 desiderat
1615 3104 1787 3157 anima
1808 3119 1917 3156 mea
1937 3106 2005 3158 ad
2024 3116 2092 3173 te,

509 3193 665 3249 Deus.
693 3194 990 3264 Aliquando
1017 3204 1197 3250 autem
1220 3194 1377 3260 Deus,
1409 3194 1546 3249 Deus
1569 3213 1730 3261 meus,
1752 3198 1822 3251 ad
1852 3209 1898 3253 te
1924 3200 1988 3252 de
2016 3200 2097 3252 lu-

507 3302 565 3339 ce
583 3286 756 3355 vigilo.
786 3284 957 3340 Sitivit
982 3286 1050 3338 ad
1076 3295 1121 3339 te
1140 3287 1313 3339 anima
1336 3303 1464 3349 mea,
1494 3287 1622 3341 sicut
1652 3298 1785 3341 terra
1810 3290 2090 3357 inaccessa,

505 3377 615 3429 sine
642 3393 795 3447 aqua,
824 3386 871 3430 et
897 3376 1093 3431 deserta
1118 3376 1136 3448 (
1160 3376 1307 3430 Psal.
1331 3376 1418 3431 62.
1446 3376 1518 3450 1).
1543 3377 1615 3432 Ita
1640 3380 1782 3435 enim
1805 3380 1936 3435 dixit
1957 3382 2092 3443 alius

509 3468 789 3534 interpres.
807 3468 1066 3534 Quoniam
1089 3469 1230 3523 enim
1259 3485 1364 3521 non
1392 3478 1569 3538 potest
1592 3472 1830 3525 oratione
1851 3488 2089 3529 amorem

508 3555 813 3622 ostendere,
856 3556 960 3611 huc
987 3567 1041 3612 et
1071 3558 1195 3611 illuc
1220 3558 1331 3613 obit
1359 3574 1603 3628 quaerens
1631 3563 1935 3633 exemplum
1964 3607 1979 3631 ,
2033 3575 2090 3621 ut

508 3645 591 3699 vel
617 3661 678 3698 ea
706 3646 909 3701 ratione
940 3647 1091 3701 nobis
1112 3662 1263 3701 suum
1293 3664 1531 3704 amorem
1559 3651 1778 3719 indicet,
1810 3663 1865 3709 et
1889 3658 2090 3711 amoris

504 3749 603 3789 nos
629 3738 785 3791 faciat
806 3739 1108 3809 participes.
1134 3739 1194 3793 Ei
1217 3755 1344 3805 ergo
1380 3743 1678 3811 credamus,
1710 3753 1764 3800 et
1800 3745 1877 3801 sic
1904 3762 2087 3804 amare

503 3824 826 3883 ediscamus.

572 3921 758 3975 Amare
786 3921 945 3975 Deum
973 3939 1239 3993 possumus
1259 3964 1274 3989 ,
1319 3926 1411 3979 etsi
1448 3942 1551 3980 non
1578 3927 1855 3983 videamus.
1880 3960 1952 3971 —
1976 3930 2086 3987 Nec

503 4014 648 4067 dicat
696 4016 827 4068 mihi
880 4016 1185 4085 quispiam:
1220 4017 1284 4071 Et
1330 4019 1599 4086 quomodo
1644 4033 1857 4088 possunt
1904 4037 2085 4077 amare

504 4104 690 4170 Deum,
717 4121 873 4174 quem
905 4121 1007 4159 non
1040 4106 1239 4161 video?
1267 4108 1459 4163 Multos
1486 4111 1631 4165 enim
1661 4126 1925 4179 amamus,
1958 4115 2083 4170 licet

500 4210 595 4249 eos
621 4212 724 4250 non
773 4197 1080 4264 videamus,
1132 4201 1577 4268 quemadmodum
1622 4204 1823 4259 amicos
1871 4218 2082 4265 nosnos

503 4303 728 4358 peregre
746 4291 1029 4356 profectos,
1047 4291 1128 4343 vel
1152 4291 1309 4353 filios,
1331 4293 1412 4344 vel
1438 4302 1703 4359 parentes,
1734 4296 1813 4349 vel
1832 4308 2080 4366 cognatos

500 4379 866 4433 necessarios:
896 4394 994 4434 nec
1019 4380 1084 4434 ad
1115 4380 1167 4433 id
1195 4382 1359 4435 ullum
1377 4383 1526 4436 affert
1549 4384 1703 4437 nobis
1728 4384 2078 4455 impedimen-

500 4480 609 4521 tum
630 4467 768 4538 quod
796 4484 890 4523 eos
915 4484 1021 4523 non
1044 4468 1338 4535 videamus,
1364 4471 1471 4525 imo
1491 4488 1619 4527 vero
1646 4476 1746 4530 hoc
1776 4476 1944 4546 ipsum
1971 4496 2080 4534 ma-

495 4560 577 4629 gis
604 4560 853 4614 accendit
882 4575 1118 4616 amorem
1140 4602 1155 4628 ,
1206 4571 1260 4616 et
1294 4571 1451 4633 auget
1478 4564 1824 4621 desiderium.
1866 4568 1935 4624 Et
1962 4570 2080 4627 ideo

499 4650 567 4703 de
595 4649 739 4704 Mose
759 4665 970 4719 quoque
994 4651 1181 4706 dicens
1212 4652 1424 4717 Paulus,
1454 4654 1593 4724 quod
1632 4657 1831 4715 relictis
1863 4661 2080 4719 thesau-

498 4740 569 4792 ris
613 4748 667 4793 et
706 4741 917 4809 Opibus,
967 4741 1223 4811 regnique
1270 4742 1529 4809 claritate,
1588 4756 1643 4803 et
1685 4750 1829 4803 omni
1886 4753 1991 4807 alio
2023 4757 2074 4809 in

497 4831 727 4903 Egypto
755 4832 1059 4902 splendore,
1084 4835 1265 4888 maluit
1288 4851 1406 4889 eum
1429 4836 1626 4892 Judmis
1646 4840 1806 4912 afﬂigi
1835 4861 1848 4896 :
1883 4844 2075 4902 deinde

498 4937 595 4976 nos
622 4936 835 4976 causam
861 4922 1079 4987 docens,
1112 4926 1253 4994 quod
1282 4924 1397 4980 haec
1428 4929 1603 4981 omnia
1634 4930 1829 4985 faceret
1857 4946 2075 5004 propter

496 5016 683 5077 Deum,
711 5013 904 5081 adjecit
936 5029 950 5067 :
978 5013 1286 5068 Invisibilcm
1309 5018 1439 5071 enim
1469 5026 1721 5088 tamquam
1758 5024 1931 5079 videns
1955 5044 2071 5083 sus-

492 5106 641 5157 tinuit
688 5105 706 5175 (
736 5104 891 5157 Hebr.
928 5106 1013 5159 il.
1045 5106 1115 5161 25
1140 5137 1167 5147 -
1194 5108 1317 5178 27).
1367 5108 1480 5163 Non
1521 5110 1667 5167 vides
1721 5113 1925 5181 Deum,
1974 5119 2071 5173 sed

492 5197 639 5250 vides
665 5196 781 5264 ejus
809 5205 1100 5262 creaturas,
1130 5198 1278 5253 vides
1302 5199 1416 5266 ejus
1436 5216 1597 5269 opera
1623 5242 1637 5267 ,
1682 5203 1870 5258 escium
1887 5246 1902 5271 ,
1954 5214 2069 5262 ter-

485 5303 625 5352 ram,
656 5297 707 5341 et
738 5303 902 5341 mare.
933 5287 1030 5354 Qui
1059 5298 1231 5343 autem
1262 5289 1451 5361 diligit,
1478 5292 1521 5345 si
1550 5292 1726 5347 dilecti
1758 5309 1891 5365 opus
1920 5295 2069 5355 vide-

490 5378 579 5441 rit,
602 5377 643 5430 si
666 5379 925 5442 calceum,
957 5377 1001 5430 si
1030 5386 1253 5443 vestem,
1281 5379 1325 5433 si
1346 5380 1570 5450 quodvis
1598 5383 1739 5438 aliud
1761 5426 1775 5450 ,
1823 5388 2068 5443 accendi-

489 5478 591 5522 tur.
616 5469 729 5524 Non
759 5472 905 5525 vides
931 5472 1120 5539 Deum,
1143 5473 1239 5529 sed
1259 5474 1404 5529 vides
1424 5475 1541 5545 ejus
1566 5474 1811 5544 famulos,
1839 5482 2061 5549 amicos,

486 5560 651 5624 viros,
682 5562 915 5629 inquam,
946 5573 1183 5630 sanctos,
1213 5573 1269 5621 et
1289 5565 1376 5635 qui
1406 5565 1602 5621 habent
1622 5567 1759 5637 apud
1780 5586 1899 5623 eum
1933 5572 2065 5626 fidu-

486 5652 645 5704 ciam.
680 5654 801 5707 lllos
827 5656 1203 5711 nuncobscrva
1225 5666 1277 5712 et
1304 5657 1440 5721 cole,
1471 5668 1525 5712 ct
1549 5653 1771 5715 habebis
1797 5677 1902 5715 non
1945 5662 2063 5719 leve

484 5740 728 5797 solatium
752 5747 824 5801 tui
855 5747 1124 5806 desiderii.
1171 5750 1377 5807 Etenim
1418 5750 1473 5806 in
1499 5750 1802 5808 hominibus
1830 5770 1933 5810 non
1965 5770 2050 5812 so-

1186 353 1245 412 S.
1282 349 1561 411 JOANNIS
1594 347 2073 407 CHRYSOSTOMI
2116 349 2437 408 ARCHIEP.
2474 351 3013 417 CONSTANTINOP.

3724 366 3828 426 ισο

2225 486 2334 540 lum
2360 497 2572 544 nostros
2599 490 2820 558 amicos,
2846 493 2941 548 sed
2966 510 3062 551 eos
3089 497 3248 553 etiam
3279 498 3373 571 qui
3397 500 3469 557 ab
3493 500 3607 559 illis
3636 519 3825 561 aman-

2223 590 2328 644 tur,
2358 594 2541 634 amare
2559 582 2952 637 consuevimus.
2987 585 3056 640 Et
3079 587 3129 642 si
3150 588 3347 645 dixerit
3373 592 3645 663 quispiam
3673 612 3734 652 ex
3764 599 3826 653 iis

2219 671 2312 738 qui
2335 679 2583 725 amantur
2605 685 2636 724 a
2667 673 2841 740 nobis,
2874 675 3028 732 Hunc
3059 680 3141 734 vel
3175 681 3323 737 illum
3353 683 3518 757 diligo
3538 728 3554 754 ,
3587 698 3646 744 et
3688 686 3735 744 si
3783 692 3830 745 is

2222 759 2485 816 beneflcio
2507 763 2687 832 aliquo
2725 764 2889 821 fuerit
2924 766 3171 834 affectus,
3223 788 3327 843 ego
3364 792 3452 832 me
3494 778 3826 837 beneﬁcium

2218 853 2493 921 accepisse
2521 853 2769 910 existimo
2796 874 2811 911 :
2842 859 3021 913 omnia
3064 860 3290 920 facimus
3318 877 3373 921 et
3410 860 3777 938 procurantes
3804 915 3825 942 ,

2220 949 2279 994 ut
2305 943 2528 1012 perinde
2548 959 2611 999 ac
2634 945 2680 999 si
2705 946 2956 1004 dilectum
2990 951 3314 1021 videremus,
3338 960 3410 1013 ita
3439 975 3604 1018 omne
3624 965 3679 1019 in
3694 980 3823 1022 eum

2218 1032 2457 1128 studium
2496 1038 2859 1128 ostendamus.
2911 1042 3020 1099 Hoc
3061 1047 3233 1116 ipsum
3265 1050 3319 1103 in
3348 1050 3571 1109 Christo
3600 1071 3823 1128 quoque

2218 1126 2483 1220 Wehl?
2503 1126 2676 1220 facere
2702 1147 3009 1200 possumus.
3034 1138 3213 1195 Dixit:
3245 1142 3415 1216 Diligo
3431 1162 3701 1220 pauperes
3724 1126 3744 1207 εν
3767 1163 3825 1210 et

2216 1217 2263 1270 si
2362 1218 2489 1272 boni
2524 1219 2725 1290 aliquid
2757 1228 3081 1295 acceperint,
3121 1233 3346 1301 perinde
3375 1252 3440 1291 ac
3468 1240 3515 1294 si
3540 1217 3675 1311 ipse
3726 1260 3823 1301 re-

2215 1310 2514 1379 cepissem,
2559 1314 2725 1371 reddo
2755 1322 3237 1379 remunerationem
3274 1326 3498 1399 (Matth.
3544 1310 3633 1388 19.
3675 1335 3820 1403 21).

2216 1404 2321 1459 Pro
2345 1406 2424 1461 eis
2450 1407 2695 1464 colendis
2717 1419 2771 1465 et
2793 1411 3140 1471 sublevandis
3177 1418 3313 1474 nihil
3345 1436 3452 1478 non
3502 1422 3780 1483 faciamus
3799 1446 3817 1483 .-

2214 1499 2322 1556 imo
2339 1516 2467 1556 vero
2487 1504 2540 1559 in
2563 1506 2709 1575 ipsos
2725 1524 2915 1567 omnes
2926 1521 3137 1568 nostras
3151 1513 3430 1573 facultates
3445 1517 3816 1591 eﬂ‘undamus,

2213 1592 2494 1649 credentes
2522 1611 2620 1663 per
2657 1598 2803 1667 ipsos
2844 1601 3011 1657 Deum
3047 1606 3213 1661 alere.
3254 1608 3406 1674 Quod
3435 1612 3580 1665 enim
3611 1611 3747 1668 dum
3777 1616 3817 1672 ii

2213 1684 2449 1751 aluntur,
2480 1686 2595 1755 ipse
2616 1688 2811 1753 alitur,
2842 1690 2965 1747 audi
2994 1695 3122 1765 quid
3155 1697 3299 1752 dicat
3336 1698 3586 1757 Christus
3621 1721 3636 1757 :
3669 1704 3820 1761 Εειιο

2211 1775 2423 1829 rientem
2449 1794 2530 1832 me
2553 1780 2765 1846 vidistis,
2789 1782 2980 1854 inquit,
3002 1796 3050 1841 et
3078 1788 3274 1844 aluistis
3296 1806 3316 1845 :
3346 1793 3617 1861 sitientem,
3645 1807 3697 1851 et
3716 1815 3818 1869 ρο-

2212 1876 2319 1921 tum
2343 1868 2553 1925 dedistis
2578 1886 2598 1925 :
2624 1873 2840 1939 nudum,
2873 1884 2920 1929 et
2946 1893 3027 1931 me
3052 1882 3318 1949 aperuistis
3344 1883 3561 1955 (Matth.
3585 1888 3681 1944 25.

2211 1957 2354 2032 36):
2386 1962 2683 2035 multasque
2713 1965 2863 2021 dedit
2889 1968 3043 2024 nobis
3066 1971 3302 2030 rationes
3322 1977 3516 2046 quibus
3532 1982 3815 2051 possimus

2212 2058 2455 2106 nostrum
2482 2054 2642 2109 solari
2673 2056 3022 2114 desiderium.

2278 2141 2517 2198 Amorem
2564 2148 2661 2200 tria
2703 2150 2993 2205 conciliant.
3045 2151 3385 2212 Pulchritudo
3436 2160 3555 2216 Dei.
3581 2194 3658 2205 —
3680 2165 3810 2223 J‘am

2207 2245 2338 2288 vero
2366 2233 2499 2289 alias
2527 2250 2738 2308 quoque
2758 2239 2858 2294 tria
2877 2249 3002 2295 suut
3022 2257 3141 2313 qute
3161 2259 3398 2304 amorem
3423 2251 3566 2321 apud
3594 2268 3694 2310 nos
3720 2259 3810 2313 ef-

2208 2322 2371 2379 ficere
2403 2340 2828 2397 consueverunt,
2872 2332 3045 2388 forma
3071 2340 3334 2407 corporis,
3361 2345 3673 2413 magnitudo
3700 2349 3808 2405 be-

2208 2415 2406 2483 neficii,
2440 2418 2529 2473 vel
2549 2420 2691 2489 quod
2710 2421 2778 2475 ab
2799 2438 2867 2479 eo
2893 2439 3153 2481 amemur.
3200 2428 3632 2506 Unumquodque
3655 2442 3807 2495 enim

2206 2519 2393 2560 eorum
2427 2523 2523 2577 per
2566 2525 2626 2565 se
2673 2522 2851 2579 potest
2896 2515 2949 2568 in
3000 2517 3158 2572 nobis
3203 2534 3442 2577 amorem
3488 2541 3804 2595 procreare.

2204 2597 2319 2652 Etsi
2347 2601 2491 2655 enim
2515 2602 2717 2657 nullum
2745 2604 3061 2664 beneficium
3088 2612 3157 2666 ab
3197 2613 3377 2685 aliquo
3399 2624 3795 2690 acceperimus,

2204 2692 2380 2748 solum
2406 2705 2584 2750 autem
2616 2697 2918 2767 audiamus,
2939 2717 3061 2757 eum
3089 2720 3189 2760 nos
3217 2719 3476 2778 perpetuo
3496 2728 3716 2783 amare,
3745 2728 3806 2772 ut

2203 2786 2292 2854 qui
2321 2803 2421 2843 nos
2445 2789 2624 2845 laudet
2650 2801 2704 2847 et
2727 2793 3045 2861 admiretur,
3068 2798 3117 2852 ei
3148 2799 3431 2857 confestim
3454 2807 3804 2876 conglutina-

2203 2892 2342 2942 mur,
2375 2887 2428 2934 et
2456 2894 2577 2935 eum
2620 2890 2887 2953 tamquam
2937 2886 3333 2947 benefactorem
3379 2894 3699 2967 diligimus:
3745 2904 3802 2959 in

2203 2969 2313 3024 Deo
2341 2980 2517 3026 autem
2549 2988 2653 3028 non
2683 2974 2783 3030 hoc
2806 2978 3000 3045 solum,
3032 2980 3127 3035 sed
3150 2981 3267 3039 haec
3294 2986 3458 3041 etiam
3479 2990 3581 3043 tria
3610 2993 3800 3051 videre

2202 3060 2326 3115 licet
2358 3072 2525 3131 tanta,
2553 3075 2605 3120 et
2629 3076 2736 3121 tam
2778 3069 3002 3140 insignia
3022 3114 3040 3140 ,
3070 3076 3293 3132 utnulla
3318 3092 3380 3133 ea
3409 3083 3578 3149 possit
3618 3087 3801 3156 expli-

2199 3167 2323 3208 care
2348 3157 2539 3210 oratio.
2586 3158 2652 3211 Et
2677 3160 2906 3227 primum
2938 3163 3278 3231 pulchritudo
3314 3170 3455 3225 illius
3482 3172 3655 3229 beatae
3679 3218 3695 3244 ,
3741 3188 3800 3233 et

2198 3245 2266 3299 ab
2291 3246 2505 3302 interitu
2542 3249 2729 3305 aliente
2750 3262 2973 3319 natura,
3004 3271 3092 3311 res
3115 3260 3454 3328 estqumdam
3484 3264 3713 3332 infinita,
3741 3278 3800 3324 et

2196 3340 2340 3395 nulla
2358 3341 2564 3397 ratione
2586 3346 2902 3413 superabilis
2925 3348 2966 3413 ³,
2993 3363 3113 3418 quae
3144 3364 3356 3408 omnem
3382 3356 3603 3412 excedit
3623 3360 3796 3415 ratio-

2196 3445 2339 3495 nem,
2371 3441 2427 3486 et
2453 3447 2665 3489 omnem
2697 3435 2880 3505 elfugit
2916 3441 3311 3509 cogitationem.
3354 3444 3584 3512 Quando
3610 3462 3797 3508 autem

2198 3520 2643 3589 pulchritudinem
2665 3526 2951 3595 audiveris,
2981 3530 3114 3585 nihil
3133 3547 3450 3603 corporeum
3474 3541 3798 3611 suSpiceris,

2194 3630 2227 3669 ο
2246 3614 2459 3680 dilecte,
2489 3617 2582 3671 sed
2606 3620 2832 3688 'gloriam
2854 3624 3139 3691 quamdam
3169 3626 3565 3700 incorporeum,
3594 3644 3649 3689 et
3671 3651 3790 3690 ma-

2192 3710 2550 3779 gnificentiam
2584 3712 2921 3771 ineffabilem.

2261 3802 2315 3856 4.
2364 3802 2512 3858 lianc
2552 3805 2732 3875 itaque
2771 3807 3049 3864 declarans
3088 3812 3347 3882 propheta
3397 3816 3611 3873 dicebat
3654 3836 3668 3872 :
3722 3820 3791 3877 Et

2193 3890 2464 3961 Seraphim
2507 3896 2704 3951 stabant
2752 3900 2804 3952 in
2845 3901 3057 3954 circuitu
3081 3904 3189 3974 ejus
3213 3945 3228 3969 ,
3277 3915 3325 3958 et
3360 3906 3555 3963 duabus
3580 3912 3793 3979 quidem

2191 3984 2367 4051 pennis
2387 3986 2581 4039 vultum
2609 3990 2837 4059 tegebant
2860 4030 2876 4055 ,
2927 3993 3131 4065 duabus,
3160 4010 3275 4050 vero
3321 3998 3547 4069 tegebant
3592 4003 3749 4071 pedes
3770 4048 3786 4071 ,

2189 4071 2387 4127 duabus
2412 4088 2579 4130 autem
2601 4079 2831 4133 volabant
2852 4091 2900 4133 et
2924 4081 3233 4151 clamabant,
3264 4087 3506 4153 Sanctus,
3531 4090 3782 4157 Sanctus,

2189 4163 2411 4221 Sanctus
2438 4166 2590 4237 (lsai.
2623 4172 2675 4223 6.
2702 4169 2757 4223 2.
2785 4170 2839 4243 ὅ)
2861 4211 2877 4237 ,
2920 4188 2986 4228 ex
3024 4186 3241 4245 stupore
3262 4220 3278 4243 ,
3307 4194 3373 4233 ex
3404 4179 3787 4253 admiratione,

2187 4273 2253 4310 cx
2283 4257 2378 4312 illo
2404 4259 2617 4325 decore,
2650 4277 2714 4316 ex
2736 4262 2921 4331 gloria.
2955 4265 3021 4319 Et
3048 4278 3233 4323 rursus
3263 4270 3425 4325 David
3449 4286 3571 4327 cum
3599 4289 3785 4335 mente

2185 4348 2625 4416 apprehendisset
2669 4350 2806 4406 hanc
2836 4353 3005 4422 ipsam
3033 4355 3204 4411 beata:
3248 4360 3385 4416 illius
3416 4373 3621 4417 natura:
3659 4368 3781 4435 pul-

2183 4440 2559 4507 chritudinem,
2582 4451 2631 4498 et
2654 4444 2877 4515 gloriam
2908 4446 3286 4519 obstupuisset,
3317 4453 3526 4509 dicebat
3551 4473 3564 4508 :
3589 4458 3783 4513 Acciu-

2184 4548 2299 4601 gerc
2329 4533 2501 4603 gladio
2532 4546 2617 4588 tuo
2641 4552 2794 4604 super
2818 4537 2983 4605 femur
3014 4549 3177 4607 tuum,
3220 4545 3583 4613 potentissime,
3613 4553 3783 4618 specie

2184 4633 2269 4675 tua
2306 4634 2353 4677 et
2400 4616 2777 4693 pulchritudine
2803 4637 2894 4681 tua
2937 4628 3107 4701 (Paul.
3140 4633 3227 4687 H.
3272 4634 3326 4688 4.
3357 4636 3435 4705 5).
3481 4616 3779 4709 Propterea

2183 4712 2357 4769 Moses
2382 4716 2529 4770 illum
2557 4732 2699 4786 saepe
2725 4720 2973 4789 cupiebat
3000 4721 3198 4787 videre,
3230 4723 3333 4780 hoc
3349 4742 3533 4784 amore
3560 4733 3777 4787 saucia-

2183 4814 2286 4872 tus,
2314 4816 2366 4861 et
2398 4808 2538 4861 illam
2565 4824 2750 4863 amans
2773 4812 2995 4881 gloriam
3023 4812 3219 4883 (Exod.
3246 4818 3335 4872 55.
3368 4820 3476 4889 15).
3508 4820 3777 4888 Quocirca

2180 4898 2391 4954 dicebat
2431 4916 2642 4971 quoque
2673 4900 2949 4973 Philippus
2981 4923 2994 4959 :
3031 4906 3253 4962 Ostende
3286 4911 3429 4965 nobis
3462 4911 3696 4978 Patrem,
3731 4928 3777 4969 ct

2178 4994 2356 5062 sufﬁcit
2399 4993 2540 5047 nobis
2581 4991 2760 5067 (Iaan.
2810 4996 2895 5050 14.
2924 4997 3002 5068 '5).
3054 4996 3148 5053 Vel
3192 5000 3370 5069 potius
3417 5018 3779 5077 quascumque

2177 5084 2468 5140 dixerimus
2487 5128 2501 5149 ,
2530 5102 2598 5141 ne
2626 5102 2847 5156 parvum
2871 5090 3083 5159 quidem
3110 5132 3125 5157 ,
3159 5090 3267 5146 imo
3295 5107 3365 5148 ne
3386 5093 3527 5149 exile
3550 5097 3771 5163 quidem

2176 5178 2455 5247 vestigium
2508 5178 2649 5233 illius
2694 5178 2903 5234 decoris
2946 5181 3239 5249 poterimus
3294 5184 3582 5254 explicare.
3662 5188 3771 5245 Sed

2171 5270 2257 5324 vis
2299 5269 2556 5325 beneﬁcia
2601 5286 2978 5326 enumeremus
3006 5272 3031 5324 ‘t
3080 5271 3159 5327 Ne
3200 5288 3261 5327 ea
3307 5275 3521 5344 quidem
3567 5284 3769 5348 poterit

2172 5360 2344 5417 oratio
2364 5361 2639 5431 consequi.
2667 5360 2733 5415 Et
2756 5361 2875 5417 ideo
2900 5362 3111 5419 dicebat
3138 5363 3333 5419 Paulus
3358 5383 3371 5419 :
3404 5365 3581 5423 Gratia
3598 5381 3766 5425 autem

2172 5452 2392 5507 Domino
2421 5462 2627 5525 prapter
2654 5454 2843 5509 donum
2870 5457 2981 5526 ejus
3010 5456 3348 5512 inenarrabile
3390 5464 3408 5526 (
3435 5458 3491 5513 2.
3538 5460 3658 5515 Cor.
3705 5464 3758 5519 9.

2171 5547 2284 5617 15).
2313 5549 2379 5603 Et
2404 5562 2590 5602 rursus
2618 5566 2631 5602 :
2665 5548 2791 5615 Qua:
2807 5551 2983 5605 oculus
3004 5567 3105 5605 non
3128 5552 3273 5617 vidit,
3302 5562 3350 5607 et
3370 5555 3513 5608 auris
3541 5572 3641 5610 non
3669 5575 3762 5612 au-

2232 5711 2363 5777 ‘__ttm
2387 5721 2562 5777 voces,
2586 5715 2633 5777 et
2660 5709 2793 5761 nulla
2826 5714 3011 5766 ratione
3040 5712 3328 5777 superabilis
3346 5749 3361 5777 ,
3384 5715 3566 5769 desunt
3588 5718 3638 5768 in
3664 5732 3760 5771 uno

2160 5773 2337 5824 (Iudice
2359 5772 2483 5833 apud
2506 5772 2646 5823 savii.
