4068 6430
272 376 385 436 139

339 498 412 564 γ’.
436 488 655 558 Ἔξεστι
693 488 789 542 καὶ
824 486 995 559 χωρὶς
1024 485 1209 555 φωνῆς
1233 483 1481 553 ψάλλειν,
1504 484 1603 554 τῆς
1635 481 1876 543 διανοίας

266 580 416 637 ἔνδον
444 580 704 651 ὴχούσης.
750 578 825 632 Οὐ
879 576 990 647 γάρ
1031 573 1343 646 ἀνθρώποις
1396 574 1695 643 ψάλλομεν,
1738 571 1876 626 ἀλλά

267 668 392 739 Θεῷ
418 667 495 738 τῷ
531 665 816 736 δυναμένῳ
841 665 938 718 καὶ
970 662 1197 734 καρδίας
1238 661 1491 723 ἀκοῦσαι,
1520 660 1617 714 καὶ
1670 660 1752 721 είς
1803 660 1873 712 τὰ

267 754 561 824 ἀπόρρητα
586 754 685 822 τῆς
723 752 963 814 διανοίας
1018 753 1051 818 ή
1062 750 1181 820 μῶν
1236 748 1519 803 εἰσελθεῖν.
1551 747 1662 801 Kal
1698 745 1875 801 ταῦτα

267 840 480 903 Παῦλος
510 839 921 909 ἐνδεικνύμενος
942 836 1062 907 βοᾷ,
1092 836 1289 905 λέγων·
1320 836 1481 891 Αὐτὸ
1520 834 1587 889 τὸ
1629 833 1875 904 Πνεῦμα

265 928 622 997 ἐντυγχάνει
658 926 813 994 ὑπὲρ
832 925 1004 995 ἡμῶν
1033 925 1395 994 στεναγμοῖς
1423 922 1771 989 ἀλαλήτοις.
1810 923 1874 977 '0

265 1012 338 1069 δὲ
368 1013 632 1084 ἐρευνῶν
665 1012 773 1078 τὰς
799 1011 1069 1081 καρδίας,
1113 1008 1238 1066 εϊδε
1260 1011 1320 1066 τί
1347 1011 1414 1065 τὸ
1442 1011 1721 1081 φρόνημα
1765 1010 1874 1065 τοῦ

266 1103 636 1171 Πνεύματος,
659 1101 748 1154 ὅτι
764 1101 914 1154 κατά
936 1099 1084 1155 Θεὸν
1108 1099 1462 1168 ἐντυγχάνει
1489 1099 1645 1167 ὑπὲρ
1667 1098 1871 1170 ἁγίων.

266 1187 441 1241 Τοῦτο
477 1187 534 1240 δέ
557 1187 767 1255 ἔλεγεν,
823 1188 923 1241 οὐκ
965 1186 1154 1257 ἐπειδὴ
1212 1187 1280 1241 τὸ
1307 1186 1532 1257 Πνεῦμα
1561 1186 1871 1251 ἐστέναξεν,

261 1274 388 1327 ἀλλ’
412 1274 601 1343 ἐπειδὴ
629 1275 680 1327 οί
715 1275 1082 1344 πνευματικοὶ
1109 1274 1325 1345 ἄνδρες,
1380 1275 1429 1329 οί
1458 1274 1529 1329 τά
1556 1275 1874 1346 χαρίσματα

265 1358 365 1415 τοῦ
395 1360 713 1431 Πνεύματος
741 1360 979 1431 ἔχοντες,
1013 1361 1155 1434 ὑπὲρ
1181 1361 1291 1415 τῶν
1315 1361 1543 1432 πλησίον
1565 1362 1872 1432 εὐχόμενοι,

268 1447 365 1501 καὶ
393 1448 491 1511 τὰς
522 1447 805 1518 ἱκετηρίας
830 1447 1217 1520 ἀναφέροντες,
1251 1448 1391 1519 μετά
1408 1447 1758 1513 κατανύξεως
1777 1451 1874 1501 καὶ

266 1536 594 1608 στεναγμῶν
631 1537 791 1592 τοῦτο
818 1538 1053 1592 ἐποίουν.
1095 1536 1268 1591 Τοῦτο
1296 1529 1392 1591 καὶ
1415 1540 1581 1608 ήμεῖς
1604 1538 1871 1609 ποιῶμεν,

266 1626 366 1680 καὶ
390 1625 513 1679 καθ’
546 1625 789 1696 ἐκάστην
830 1624 1045 1697 ήμέραν
1080 1624 1500 1696 ἐντυγχάνωμεν
1525 1624 1608 1695 τῷ
1634 1624 1754 1695 Θεῷ
1781 1624 1873 1679 διά

263 1730 328 1767 τε
352 1713 586 1784 ψαλμῶν
614 1714 710 1768 καὶ
731 1713 926 1784 εὐχῶν.
965 1714 1083 1768 Ἵνα
1112 1714 1172 1768 δὲ
1214 1712 1292 1786 μὴ
1318 1713 1389 1768 τά
1443 1714 1666 1785 ῥήματα
1710 1714 1873 1783 μόνον

266 1800 691 1872 προσφέρωμεν,
723 1799 861 1854 ἀλλά
892 1800 993 1870 τήν
1022 1799 1252 1870 δύναμιν
1280 1788 1455 1873 αὐτὴν
1482 1798 1714 1870 είδῶμεν
1761 1799 1873 1854 τῶν

269 1888 508 1958 ῥήσεων,
528 1888 684 1959 φέρε,
706 1888 770 1941 τὸ
806 1888 1093 1959 προοίμιον
1131 1886 1267 1942 αὐτὸ
1293 1887 1391 1942 τοῦ
1420 1885 1641 1957 ψαλμοῦ
1672 1886 1752 1950 είς
1775 1885 1873 1957 μέο

267 1989 365 2027 σον
390 1974 710 2044 ἀγάγωμεν.
734 1974 800 2027 Τί
820 1969 916 2028 οὖν
934 1975 1051 2028 ἐστι
1074 1973 1137 2027 τὸ
1160 1973 1476 2047 προοίμιον,
1512 1971 1627 2028 Ὃν
1646 1973 1874 2042 τρόπον

263 2060 545 2117 ἐπιποθεῖ
559 2060 599 2129 ἡ
614 2061 843 2131 ἔλαφος
866 2060 967 2115 ἐπὶ
999 2060 1109 2128 τὰς
1140 2059 1340 2132 πηγνὺς
1354 2058 1475 2115 τῶν
1496 2059 1754 2124 ὑδάτων,
1771 2059 1874 2115 οῦ-

262 2164 383 2213 τως
396 2146 721 2215 ἐπιποθεῖή
742 2146 914 2225 ψυχή
936 2164 1059 2217 μου
1084 2131 1350 2217 πρὸξ-σὲ,
1367 2150 1402 2202 ό
1428 2147 1597 2213 Θεός.
1616 2145 1872 2201 Τοιοῦτον

262 2233 377 2286 τῶν
414 2233 663 2305 ἐρώντων
688 2233 751 2286 τὸ
784 2232 923 2298 έθος,
954 2234 1030 2305 μὴ
1059 2234 1315 2305 κατέχειν
1364 2236 1492 2306 σιγῇ
1542 2234 1637 2288 τὸν
1668 2233 1869 2307 ἔρωτα,

264 2320 383 2373 ἀλλ’
401 2321 482 2385 είς
500 2321 627 2385 τοὺς
654 2320 881 2392 πλησίον
904 2321 1182 2392 ἐκφέρειν,
1203 2322 1299 2375 καὶ
1324 2321 1504 2390 λέγειν
1527 2322 1610 2375 ὅτι
1631 2320 1871 2391 φιλοῦσι.

262 2407 482 2479 Θερμδν
524 2406 632 2479 γάρ
677 2425 731 2462 τι
778 2409 1015 2479 πρᾶγμα
1045 2408 1144 2478 τῆς
1196 2408 1420 2479 ἀγάπης
1457 2409 1492 2479 ή
1537 2408 1724 2479 φύσις,
1778 2409 1874 2463 καὶ

266 2497 397 2566 σιγῇ
448 2495 663 2563 στέγειν
716 2494 888 2566 αὐτὴν
942 2495 1043 2548 οὐκ
1096 2494 1165 2549 ἂν
1201 2495 1450 2565 ἀνέχοιτο
1489 2496 1524 2565 ή
1567 2494 1737 2566 ψυχή.
1772 2495 1874 2549 Διά

262 2582 428 2636 τοῦτο
453 2584 548 2637 καὶ
582 2582 793 2647 Παῦλος
829 2582 984 2653 ἔλεγε
1016 2580 1323 2653 Κορινθίοις
1357 2582 1550 2652 φιλῶν⁶
1584 2582 1657 2637 Τὸ
1677 2583 1901 2653 στόμαο

262 2668 683 2741 ἠμῶνάνέῳγε
710 2668 862 2737 πρὸς
890 2667 1066 2738 ὑμᾶς,
1094 2666 1715 2737 Κορίνθιοιοτουτέστι,
1740 2668 1873 2721 Στέ-

264 2774 387 2827 γειν
417 2760 514 2812 καὶ⁵
542 2760 669 2829 σιγῇ
700 2757 951 2827 κατέχειν
979 2758 1078 2829 τήν
1105 2758 1327 2830 ἀγάπην
1356 2757 1419 2810 οὐ
1451 2756 1707 2827 δύναμαι,
1736 2755 1874 2811 ἀλλά

263 2845 359 2901 διὰ
398 2844 600 2909 παντὸς
637 2846 806 2916 ὑμᾶς,
854 2845 950 2899 καὶ
1000 2843 1301 2916 πανταχοῦ,
1347 2845 1444 2899 καὶ
1488 2843 1584 2898 ἐπὶ
1614 2844 1717 2915 τῆς
1752 2845 1874 2899 δια-

262 2934 438 2995 νοίας,
475 2933 571 2986 καὶ
606 2933 700 2986 ἐπὶ
736 2932 841 3003 τῆς
885 2932 1134 3003 γλώττης
1180 2931 1485 3003 περιφέρω.
1522 2932 1682 2985 Οὕτω
1724 2930 1821 2985 καὶ
1845 2932 1875 2985 6

268 3020 544 3092 μακάριος
567 3012 725 3084 οὗτος
761 3019 933 3088 φιλῶν
959 3018 1053 3073 τὸν
1080 3019 1234 3083 Θεὸν,
1265 3020 1361 3073 καὶ
1386 3019 1679 3091 καιόμενος
1710 3019 1769 3072 ἐν
1793 3018 1875 3089 τῷ

260 3108 468 3179 φιλεῖν,
523 3108 626 3161 οὐκ
662 3107 915 3177 ἀνέχεται
951 3108 1129 3178 σιγᾷν,
1188 3105 1327 3160 ἀλλά
1353 3108 1484 3161 ποτὲ
1535 3108 1637 3178 μέν
1683 3122 1870 3177 φησιν’

270 3197 386 3249 Ὃν
416 3194 640 3263 τρόπον
668 3192 999 3261 ἐπιποθεῖή
1029 3194 1259 3262 ἔλαφος
1280 3193 1380 3247 ἐπὶ
1398 3192 1508 3261 τὰς
1527 3194 1727 3264 πηγὰς
1754 3193 1877 3251 τῶν

263 3284 527 3347 ὑδάτων,
547 3284 739 3349 οὕτως
760 3282 1039 3337 ἐπιποθεῖ
1067 3285 1107 3352 ἠ
1148 3283 1322 3354 ψυχή
1348 3302 1471 3355 μου
1523 3287 1677 3355 πρὸς
1706 3287 1803 3347 σὲ.
1841 3291 1875 3343 ό

268 3369 435 3433 Θεός·
452 3368 581 3421 ποτὲ
602 3368 681 3421 δέ’
700 3368 754 3420 ’0
778 3367 947 3435 Θεὸς,
968 3370 1001 3422 ό
1032 3370 1329 3439 Θεόςιιου,
1349 3370 1500 3439 πρὸς
1520 3371 1597 3425 σὲ
1613 3372 1871 3441 όρθρίζω.

278 3456 576 3526 Ἔδίύνησέ
604 3472 679 3511 σε
699 3458 739 3526 ἡ
769 3456 941 3526 ψυχή
975 3474 1119 3527 μου,
1153 3459 1235 3524 ὡς
1262 3457 1340 3528 γῆ
1378 3459 1599 3525 ἄϐατος
1631 3462 1732 3514 καί
1771 3460 1876 3516 ἇν-

266 3544 452 3613 υδρος
474 3544 574 3598 καὶ
606 3544 828 3614 ἕρημος
855 3555 903 3597 ι.
933 3543 1090 3598 οὕτω
1120 3546 1230 3617 γὰρ
1258 3546 1446 3617 ἕτερος
1474 3547 1583 3600 τῶν
1608 3549 1876 3619 ἑρμηνευ-

264 3636 375 3686 των
412 3628 582 3687 εἶπεν.
625 3630 843 3703 Ἐπειδὴ
887 3632 997 3703 γὰρ
1023 3631 1166 3703 λόγῳ
1192 3634 1545 3705 παραστῆσαι
1573 3634 1668 3689 τὸν
1694 3635 1874 3707 ἔρωτα

265 3722 369 3776 οὐκ
391 3720 585 3792 ίσχύει,
637 3721 991 3791 περιέρχεται
1043 3722 1221 3792 ζητῶν
1261 3723 1586 3795 ὑπόδειγμα,
1646 3723 1734 3777 ῖνα
1771 3724 1875 3778 κᾶν

265 3809 412 3864 οὕτω
468 3807 531 3862 τὸ
579 3808 803 3878 φίλτρον
847 3810 981 3878 ἡμῖν
1037 3807 1377 3878 ἐνδείξηται,
1426 3810 1522 3863 καὶ
1582 3813 1875 3875 κοινωνοὺς

268 3899 475 3971 ποιήσῃ
502 3896 599 3951 τοῦ
622 3897 845 3969 ἔρωτος.
882 3896 1210 3969 Πειθώμεθα
1236 3898 1420 3953 τοίνυν
1445 3898 1619 3971 αὐτῷ,
1640 3901 1737 3955 καὶ
1769 3900 1875 3973 μά-

269 3985 458 4056 θωμεν
484 3984 657 4048 οὕτως
692 3986 847 4056 ἐρᾷν.

340 4072 452 4126 Kal
484 4075 563 4144 μή
598 4089 687 4143 μοι
717 4072 926 4140 λεγέτω
980 4090 1085 4137 τις·
1113 4073 1225 4127 Kal
1273 4073 1393 4137 πῶς
1435 4072 1673 4147 δύναμαι
1698 4074 1874 4145 φιλεῖν

264 4161 360 4215 τὸν
387 4161 523 4215 Θεὸν
548 4160 608 4214 δν
638 4161 702 4215 οὐ
745 4160 969 4232 βλέπω;
1011 4163 1123 4216 Kal
1150 4162 1261 4233 γάρ
1294 4162 1525 4228 πολλοὺς
1568 4165 1667 4234 οὐχ
1697 4164 1873 4235 ὁρῶν-

264 4266 361 4313 τες
419 4247 703 4319 φιλοῦμεν,
750 4242 866 4303 οἷον
908 4249 1038 4312 τοὺς
1084 4251 1143 4303 ἐν
1176 4249 1458 4322 ἀποδημίᾳ
1491 4250 1876 4321 φίλους.δντας

267 4337 425 4409 ἡμῖν,
446 4336 481 4407 ή
505 4336 700 4399 παῖδας
720 4336 817 4390 καὶ
836 4337 1099 4407 πατέρας,
1122 4336 1155 4408 ἢ
1189 4340 1471 4406 συγγενεῖς
1493 4339 1587 4391 καὶ
1615 4338 1873 4404 οἰκείουςο

268 4423 365 4478 καὶ
392 4424 548 4476 οὐδὲν
574 4423 787 4491 γίνεται
802 4423 1035 4494 κώλυμα
1063 4425 1127 4477 ἐκ
1152 4423 1247 4477 τοῦ
1279 4424 1355 4495 μὴ
1380 4426 1535 4495 όρᾷν,
1583 4424 1701 4478 ἀλλ’
1739 4428 1876 4482 αὐτὸ

264 4510 334 4581 δὴ
362 4509 522 4564 τοῦτο
542 4510 777 4581 μάλιστα
804 4510 1093 4564 ἐκκαίειτὸ
1120 4510 1363 4583 φίλτρον,
1388 4511 1541 4576 αὐξει
1570 4512 1664 4567 τὸν
1685 4514 1870 4571 πόθον.

268 4597 371 4652 Διά
384 4596 545 4652 τοῦτο
577 4599 673 4652 καὶ
703 4599 834 4671 περὶ
852 4598 1133 4662 Μωῦσέως
1164 4600 1339 4667 λέγων
1356 4601 1385 4653 6
1403 4600 1638 4667 Παῦλος,
1666 4602 1749 4655 ὅτι
1776 4620 1876 4657 κα-

265 4684 516 4741 ταλιπὼν
537 4686 868 4757 θησαυροὺς,
886 4688 981 4741 καὶ
1009 4686 1258 4752 πλοῦτον,
1289 4688 1386 4742 καὶ
1411 4688 1688 4759 βασιλείας
1717 4707 1877 4761 περι-

268 4774 520 4841 φάνειαν,
547 4774 645 4826 καὶ
696 4775 797 4843 τὴν
825 4772 994 4843 ἀλλην
1040 4775 1261 4829 ἃπασαν
1292 4774 1655 4847 λαμπρότητα
1684 4776 1783 4849 τὴν
1817 4780 1876 4833 ἐν

268 4861 552 4932 Δίγύπτῳ,
584 4862 761 4914 εἵλετο
800 4862 939 4932 μετά
966 4862 1076 4916 τῶν
1135 4863 1405 4917 Ἰουδαίων
1455 4866 1869 4935 κακουχεῖσθαιο

268 4947 392 5006 εἶτα
428 4952 526 5021 τὴν
558 4951 737 5003 αἰτίαν
762 4952 911 5020 ἡμᾶς
952 4951 1237 5017 διδάσκων,
1291 4953 1375 5005 ὅτι
1399 4952 1464 5024 δή
1485 4952 1659 5006 ταῦτα
1693 4955 1873 5008 πάντα

269 5040 445 5093 ἐποίει
466 5038 554 5092 διὰ
578 5040 671 5092 τὸν
700 5038 858 5103 Θεὸν,
905 5040 1235 5110 προσέθηκεο
1291 5040 1404 5094 Τόν
1449 5041 1562 5110 γὰρ
1615 5042 1875 5110 ἀόρατον

268 5128 352 5193 ὡς
382 5124 536 5195 ὁρῶν
580 5123 902 5195 ἐκαρτέρει.
942 5126 1052 5195 Οὐχ
1083 5128 1216 5198 ὁρᾷς
1248 5128 1342 5180 τὸν
1390 5128 1543 5188 Θεὸν,
1573 5128 1690 5182 ἀλλ’
1720 5128 1871 5202 [155]

266 5216 403 5287 δρᾷς
437 5216 506 5268 τὰ
525 5214 1003 5284 δημιουργήματα,
1038 5216 1169 5286 ὁρᾷς
1203 5215 1368 5269 αὐτοῦ
1395 5218 1465 5269 τά
1504 5217 1661 5288 ἔργα,
1707 5219 1873 5289 οὐρα-

268 5305 382 5362 νὸν,
412 5302 507 5355 καὶ
533 5302 659 5371 γῆν,
688 5302 785 5355 καὶ
820 5301 1107 5355 θάλατταν.
1157 5304 1216 5356 '0
1254 5304 1310 5356 δὲ
1336 5303 1527 5372 φιλῶν,
1560 5304 1662 5357 κᾶν
1710 5305 1871 5376 ἔργον

271 5392 356 5463 ιδῃ
386 5390 482 5443 τοῦ
517 5390 862 5460 φιλουμένου,
892 5389 995 5443 κᾶν
1023 5390 1295 5461 ὑπόδημα,
1345 5392 1449 5444 κάν
1470 5392 1706 5461 ἱμάτιον,
1765 5393 1872 5445 κᾶν

268 5477 449 5531 ὁτιοῦν
476 5477 683 5547 ἕτερον,
723 5476 1184 5548 διαθερμαίνεται.
1230 5477 1342 5547 Οὐχ
1388 5480 1520 5548 ὁρᾷς
1568 5479 1659 5530 τὸν
1715 5477 1869 5539 Θεὸν,

271 5567 386 5619 ἀλλ’
414 5567 546 5637 ὁρᾷς
571 5566 735 5619 αὐτοῦ
756 5568 880 5630 τοὺς
906 5566 1142 5630 οἰκέτας,
1158 5567 1283 5628 τοὺς
1304 5566 1511 5633 φίλους,
1535 5566 1660 5628 τοὺς
1684 5566 1872 5633 ἁγίους

335 5742 361 5769 ⁸
402 5736 487 5795 Ὦς
510 5746 569 5799 γῆ
597 5740 832 5798 ἇδατος...

281 5802 289 5810 ρ
335 5742 361 5769 ⁸
402 5740 569 5799 Ὣςγῆ
597 5740 832 5798 ἇδατος...
883 5742 1075 5803 ἔρημος.
1122 5740 1241 5799 Quis
1267 5741 1521 5802 interpres
1548 5742 1612 5791 ita
1655 5744 1867 5791 verterit

279 5810 522 5865 ιεηοηιυι·

1414 362 1790 425 ΕῚΡΟΞΙΤΙΟ
1828 362 1899 419 ιΝ
1930 356 2273 418 ΡεΑιιιυδι
2320 358 2462 416 XLI.

3479 354 3589 413 £60

1980 478 2183 551 ἄνδρας
2235 479 2384 548 λέγω
2438 477 2534 531 καὶ
2585 475 2899 548 παρρησίαν
2937 473 3181 544 ἔχοντας.
3236 471 3591 545 Θεράπευσον

1979 568 2225 632 ἐκείνους
2239 566 2358 630 νῦν,
2391 568 2488 620 καὶ
2529 564 2676 631 ἐξεις
2693 564 2789 618 τοῦ
2818 562 2986 617 πόθου
3020 560 3379 634 παραμυθίαν
3402 562 3464 615 οὐ
3490 561 3591 633 τὴν

1976 655 2273 726 τυχοῦσαν.
2302 655 2415 708 Kal
2463 652 2575 724 γάρ
2605 654 2693 706 ἐπ’
2726 650 3054 723 ἀνθρώπων,
3081 650 3205 720 οὐχὶ
3246 649 3374 712 τοὺς
3401 650 3590 719 φίλους

1978 744 2139 815 ἡμῶν
2169 743 2351 813 μόνον,
2382 741 2520 796 ἀλλά
2543 741 2640 795 καὶ
2672 740 2801 803 τούς
2825 738 2917 793 ὐπ’
2970 738 3199 791 ἐκείνων
3231 735 3591 806 φιλουμένους

1979 829 2157 901 φιλεῖν
2178 830 2470 900 είὼθαμεν.
2519 826 2643 883 Κάν
2692 828 2821 898 είπῃ
2847 816 2932 891 τις
2983 825 3095 879 τῶν
3132 824 3427 895 ἐρωμένων
3480 824 3592 879 τῶν

1977 918 2286 989 ἡμετέρων,
2313 917 2517 973 ὅτιΤὸν
2543 915 2694 969 δεῖνα
2722 913 2884 983 φιλῶ,
2946 911 3053 966 κᾶν
3079 910 3288 974 ἐκεῖνός
3332 926 3388 963 τι
3439 908 3591 981 πάθῃ

1976 1003 2239 1076 χρηστὸν,
2300 1003 2413 1071 ἐγὼ
2462 1003 2565 1072 τῆς
2623 1000 2949 1073 εὐεργεσίας
3004 997 3305 1053 ἀπολαύειν
3359 994 3589 1067 νομίζω·

1977 1092 2158 1147 πάντα
2181 1091 2447 1161 ποιοῦμεν
2486 1089 2582 1144 καὶ
2639 1086 3171 1161 πραγματευόμεθα,
3206 1084 3399 1155 ὥσπερ
3425 1083 3593 1139 αὐτὸν

1974 1179 2069 1233 τὸν
2104 1178 2381 1251 ἐρώμενον
2405 1178 2662 1249 ὁρῶντες,
2687 1176 2832 1230 οὕτω
2861 1177 3046 1231 πᾶσαν
3080 1175 3210 1245 περὶ
3240 1174 3448 1228 ἐκεῖνον
3471 1177 3593 1227 ἐπι-

1974 1264 2255 1330 δείξασθαι
2290 1266 2550 1336 σπουδήν.
2606 1264 2829 1332 Ἔξεστι
2884 1262 3046 1317 τοῦτο
3066 1260 3289 1316 καὶέπὶ
3331 1259 3428 1314 τοῦ
3452 1261 3592 1332 Χρι-

1977 1351 2105 1405 στοῦ
2136 1352 2485 1423 κατορθῶσαι
2508 1350 2626 1406 νῦν.
2658 1347 2852 1413 Εἶπεν,
2880 1351 2962 1404 ὅτι
2989 1350 3130 1414 Τοὺς
3152 1348 3398 1419 πένητας
3423 1348 3589 1418 φιλῶ·

1975 1441 2078 1507 κάν
2111 1436 2257 1497 οὐτοί
2282 1460 2334 1495 τι
2361 1441 2609 1495 πάθωσιν
2627 1441 2853 1511 ἀγαθὸν,
2882 1439 2959 1502 ὡς
2984 1438 3149 1503 αὐτὸς
3176 1437 3589 1503 ἀπολελαυκὼς,

1974 1528 2150 1592 οὕτως
2200 1528 2507 1599 ἀποδίδωμι
2564 1529 2665 1599 τὴν
2714 1527 2977 1599 ἀμοιϐήν.
3034 1526 3225 1580 Πάντα
3270 1526 3593 1597 ποιήσωμεν

1975 1616 2119 1687 ὑπὲρ
2142 1616 2241 1687 τῆς
2273 1617 2353 1679 είς
2382 1615 2581 1680 αὐτοὺς
2631 1613 2950 1686 θερατωίαςο
2995 1612 3200 1685 μᾶλλον
3236 1612 3294 1667 δὲ
3314 1614 3497 1669 πάντα
3522 1615 3593 1668 τὰ

1974 1704 2104 1757 δντα
2134 1702 2466 1773 κενώσωμεν
2499 1702 2581 1765 είς
2618 1701 2841 1765 αὐτοὺς,
2875 1700 3228 1766 πιστεύοντες
3254 1701 3344 1755 διά
3380 1700 3592 1755 τούτων

1972 1789 2065 1842 τὸν
2092 1788 2227 1844 Θεὸν
2247 1790 2489 1861 τρέφειν.
2526 1789 2652 1843 Ὅτι
2682 1788 2794 1859 γάρ
2839 1787 3006 1853 αὐτὸς
3060 1788 3326 1862 τρέφεται
3378 1788 3592 1842 τούτων

1971 1877 2346 1948 τρεφομένων,
2364 1878 2596 1933 ἀκουσον
2616 1878 2711 1933 τοῦ
2736 1876 2977 1951 Χριστοῦ
3008 1878 3061 1930 τί
3092 1892 3251 1949 φησιο
3280 1874 3591 1931 Πεινῶντὰ

1968 1982 2047 2035 με
2072 1966 2181 2037 γὰρ
2206 1966 2417 2031 είδετε,
2471 1964 2631 2036 φησὶ,
2664 1968 2763 2020 καί
2792 1964 3106 2035 ἐθρέψατε·
3136 1964 3432 2035 διψῶντα,
3486 1966 3588 2018 καὶ

1972 2051 2315 2107 ἐποτίσατε·
2371 2052 2626 2123 γυμνὸν,
2656 2052 2754 2107 καί
2809 2052 3215 2121 περιεδὰλετεο
3258 2053 3356 2107 καὶ
3384 2051 3591 2115 πολλὰς

1973 2140 2107 2212 ήμῖν
2135 2139 2337 2195 ἔδωκεν
2368 2139 2629 2212 ἀφορμὰς
2656 2139 2752 2194 τοῦ
2789 2140 3243 2211 παραμυθεῖσθαι
3295 2140 3390 2195 τὸν
3422 2141 3590 2195 πόθον

1972 2228 2065 2282 τὸν
2094 2227 2265 2299 ήμέτε
2275 2244 2388 2299 ρον.
2980 2224 2989 2245 ”

2049 2316 2261 2380 Ἄλλως
2306 2316 2365 2370 δέ
2410 2315 2505 2371 τὸν
2537 2315 2720 2389 ἔρωτα
2763 2316 2858 2371 τὸν
2900 2317 3034 2388 παρ’
3065 2319 3201 2389 ήμῖν
3241 2316 3371 2390 τρία
3411 2316 3589 2373 ταῦτα

1972 2408 2145 2460 ποιεῖν
2188 2404 2434 2473 εἴωθεν,
2500 2407 2535 2478 ἢ
2600 2404 2876 2476 εὐμορφία
2928 2403 3217 2475 σώματος,
3271 2405 3306 2475 ἢ
3362 2405 3589 2477 εὐεργε-

1976 2493 2101 2559 σίας
2155 2495 2417 2565 μέγεθος,
2464 2494 2500 2567 ἢ
2541 2494 2604 2549 τὸ
2650 2496 2924 2565 φιλεῖσθαι
2964 2498 3098 2567 παρ’
3132 2493 3325 2550 αὐτοῦ.
3365 2495 3589 2550 Τούτων

1975 2580 2084 2653 γὰρ
2152 2580 2385 2635 ἕκαστον
2436 2583 2571 2636 αὐτὸ
2630 2582 2753 2636 καθ’
2822 2583 2985 2637 ἑαυτὸ
3042 2583 3267 2638 δύναται
3332 2583 3589 2653 ἐμποιεῖν

1975 2668 2201 2739 φίλτρον
2225 2670 2379 2741 ἡμῖν.
2407 2670 2527 2724 Κᾶν
2540 2670 2650 2741 γάρ
2677 2670 2845 2742 μηδὲν
2873 2664 3026 2742 ὦμεν
3051 2666 3115 2725 εὐ
3145 2670 3415 2734 παθόντες
3436 2670 3591 2735 παρά

1973 2773 2139 2820 τινος,
2171 2755 2462 2827 ἀκούωμεν
2479 2756 2560 2821 δέ,
2581 2759 2663 2812 ὅτι
2690 2757 2864 2827 φιλῶν
2884 2760 3035 2831 ἡμᾶς
3060 2758 3315 2824 διατελεῖ,
3344 2759 3590 2812 ἐπαινῶν

1973 2844 2148 2914 ἡμᾶς,
2182 2844 2279 2898 καὶ
2324 2844 2660 2914 θαυμάζων,
2698 2844 2904 2909 εὐθέως
2929 2842 3082 2915 αὐτῷ
3132 2842 3587 2915 συγκολλώμεθα,

1974 2932 2072 2985 καὶ
2105 2930 2412 3003 στέργομεν
2442 2932 2520 2995 ὡς
2550 2932 2869 3005 εὐεργέτην·
2918 2932 3015 2987 ἐπὶ
3058 2931 3157 2986 τοῦ
3209 2931 3347 2986 Θεοῦ
3379 2932 3437 2985 δέ
3464 2932 3590 3002 οὐχὶ

1974 3019 2150 3075 ταῦτα
2178 3021 2361 3091 μόνον,
2384 3020 2522 3075 ἀλλά
2553 3020 2739 3075 καὶτά
2765 3020 2895 3093 τρία
2920 3020 3098 3075 ταῦτα
3119 3019 3270 3075 εστιν
3301 3021 3434 3076 ίδεῖν
3465 3021 3588 3092 μεθ’

1976 3107 2290 3179 ὐπερδολῆς
2315 3108 2625 3179 τοσαύτης,
2678 3108 2815 3181 ὅσην
2864 3108 2988 3162 οὐδὲ
3031 3107 3191 3177 λόγος
3233 3108 3589 3179 παραστῆσαι

1975 3195 2283 3267 δυνήσεται.
2330 3196 2444 3250 Kal
2481 3195 2701 3268 πρῶτον
2724 3234 2739 3257 ,
2789 3195 2854 3249 τὸ
2903 3195 3102 3261 κάλλος
3148 3195 3249 3267 τῆς
3306 3196 3590 3267 μακαρίας

1976 3284 2195 3354 ἐκείνης
2222 3283 2318 3337 καὶ
2367 3283 2650 3355 ἀκηράτου
2704 3281 2944 3353 φύσεως,
2981 3282 3064 3337 δτι
3100 3284 3384 3355 ἀμήχανον
3444 3283 3589 3336 οὕτω

1978 3372 2097 3435 πώς
2119 3372 2355 3425 ἐστικαὶ
2381 3372 2598 3443 ἄμαχον
2621 3372 2671 3433 δ,
2704 3371 2801 3426 καὶ
2829 3372 3011 3427 πάντα
3046 3371 3377 3444 ὐπερδαῖνον
3404 3370 3587 3442 λόγον,

1977 3458 2074 3512 καὶ
2104 3460 2285 3512 πᾶσαν
2324 3458 2595 3528 ἐκφεῦγον
2626 3458 2890 3515 διάνοιαν.
2935 3459 3149 3524 Κάλλας
3176 3459 3235 3513 δὲ
3264 3461 3395 3514 ὅταν
3420 3460 3591 3514 ἀκού-

1979 3560 2101 3618 σῃς,
2148 3546 2316 3617 μηδὲν
2349 3547 2667 3617 σωματικὸν
2712 3547 3089 3622 ὑποπτεύσῃς,
3139 3547 3418 3619 ἀγαπητὲ,
3448 3546 3589 3600 ἀλλά

1977 3631 2272 3703 ἀσώματόν
2322 3650 2445 3687 τινα
2497 3634 2659 3697 δόξαν
2714 3636 2811 3690 καὶ
2875 3635 3357 3708 μεγαλοπρέπειαν
3406 3635 3588 3707 ἄφρα-

1978 3736 2126 3775 στον.

2046 3799 2345 3883 δ¹.Ταύτην
2366 3804 2459 3865 οῦν
2479 3812 2510 3865 6
2538 3812 2832 3887 προφήτης
2853 3812 3131 3883 ἐκφαίνων
3160 3812 3337 3883 ἔλεγεο
3366 3813 3482 3868 Καί
3514 3815 3589 3870 τὰ

1975 3900 2276 3970 Σεραφείμ
2292 3900 2688 3965 είστήκεισαν
2716 3902 2927 3967 κύκλῳ
2953 3902 3163 3967 αὐτοῦ,
3198 3902 3299 3957 καί
3327 3901 3456 3969 ταῖς
3472 3904 3589 3971 μὲν

1976 3986 2121 4039 δυσί
2148 3986 2401 4055 πτέρυξι
2417 3986 2882 4041 κατεκάλυπτον
2895 3988 2964 4041 τὸ
2989 3988 3341 4055 πρόσωπον,
3371 3988 3504 4055 ταῖς
3516 3989 3587 4042 δὲ

1976 4072 2122 4127 δυσί
2138 4073 2397 4127 κατεκάλ
2405 4090 2597 4129 υπτον
2608 4074 2755 4141 τοὺς
2770 4074 2984 4141 πόδας,
3005 4073 3139 4142 ταῖς
3151 4074 3222 4128 δὲ
3237 4075 3424 4130 δυσίν
3437 4077 3581 4131 έπέ-

1976 4177 2174 4225 τοντο,
2202 4160 2305 4215 καί
2330 4160 2580 4229 ἔκραζον
2601 4174 2646 4227 ε,
2678 4162 2897 4232 Ἄγιος,
2920 4162 3112 4232 ἅγιος,
3140 4162 3330 4232 ἅγιος.
3353 4162 3465 4217 ἀπὸ
3478 4164 3584 4233 τῆς

1976 4246 2318 4319 ἐκπλήξεως,
2348 4248 2456 4301 ἀπὸ
2481 4247 2578 4301 τοῦ
2608 4247 2909 4319 θαύματος,
2938 4248 3048 4302 ἀπὸ
3096 4250 3200 4319 τῆς
3244 4250 3587 4320 εὐπρεπείας

1977 4334 2217 4406 ἐκείνης,
2277 4335 2388 4389 ἀπὸ
2414 4335 2516 4406 τῆς
2574 4335 2755 4407 δόξης.
2790 4335 2903 4389 Kal
2943 4334 3110 4390 πάλιν
3140 4338 3169 4390 6
3208 4335 3374 4391 Δαυτδ
3415 4354 3589 4391 κατα-

1977 4423 2180 4494 νοήσας
2212 4424 2347 4478 αὐτὸ
2376 4424 2539 4477 τοῦτο
2569 4423 2632 4477 τὸ
2670 4423 2891 4488 κάλλος,
2929 4424 3024 4478 καὶ
3062 4424 3164 4495 τὴν
3188 4422 3347 4490 δόξαν
3380 4424 3588 4479 ἐκπλα·

1977 4510 2097 4578 γεὶς
2142 4510 2238 4581 τῆς
2280 4510 2559 4582 μακαρίας
2590 4511 2811 4583 ἐκείνης
2844 4509 3085 4582 φύσεως,
3121 4510 3311 4580 ελεγεο
3340 4514 3588 4581 Περίζω-

1977 4611 2083 4651 σαι
2111 4597 2229 4665 τὴν
2241 4599 2552 4669 ῥομφαίαν
2562 4612 2682 4653 σου
2702 4598 2802 4653 ἐπὶ
2829 4597 2940 4653 τὸν
2954 4598 3154 4669 μηρόν
3181 4615 3319 4665 σου,
3336 4601 3584 4667 δυνατὲ,

1976 4681 2054 4751 τῇ
2082 4684 2397 4753 ὡραιότητί
2417 4682 2537 4740 σοὺ
2561 4686 2661 4740 καί
2680 4684 2761 4751 τῷ
2782 4686 2998 4740 κάλλει
3018 4702 3160 4741 σου.
3187 4687 3289 4741 Διά
3313 4687 3475 4741 τοῦτο
3493 4691 3586 4742 καὶ

1976 4774 2222 4842 Μωῦσῆς
2272 4774 2543 4846 ἐπεθύμει
2583 4775 2847 4839 πολλάκις
2881 4776 3048 4831 αὐτὸν
3084 4777 3236 4840 ίδεῖν,
3266 4776 3345 4847 τῷ
3374 4777 3587 4847 φίλτρῳ

1974 4861 2207 4931 τρωθεὶς
2240 4860 2438 4931 τούτῳ,
2457 4862 2665 4932 καὶτῆς
2692 4862 2852 4933 δόξης
2872 4863 3091 4935 ἐκείνης
3110 4864 3275 4936 ἐρῶν.
3303 4864 3402 4917 Διά
3427 4864 3587 4918 τοῦτο

1977 4947 2075 5001 καὶ
2099 4947 2368 5012 Φίλιππος
2394 4949 2551 5017 ἔλεγε
2571 4966 2585 4981 ⁸
2620 4948 2835 5013 Δεῖξον
2861 4949 3011 5019 ἡμῖν
3046 4952 3157 5005 τὸν
3188 4949 3443 5019 Πατέρα,
3482 4952 3586 5004 mu

1980 5035 2136 5107 [136]
2165 5036 2341 5105 ἀρκεῖ
2379 5037 2549 5106 ἡμῖν.
2586 5037 2805 5091 Μᾶλλον
2836 5039 2894 5092 δέ
2928 5039 3030 5093 ὅσα
3066 5038 3135 5092 ἂν
3168 5039 3439 5110 εἴπωμεν,
3462 5039 3586 5093 οὐδὲ

1980 5124 2198 5193 μικρὸν,
2229 5125 2350 5178 οὐδὲ
2376 5126 2617 5196 ἀμυδρὸν
2631 5127 2776 5197 ῖχνος
2797 5144 2850 5180 τι
2874 5127 2974 5197 τῆς
2997 5128 3336 5199 εὐπρεπείας
3362 5128 3584 5199 ἐκείνης

1977 5212 2336 5282 παραστῆσαι
2370 5212 2739 5283 δυνησόμεθα.
2770 5214 2934 5267 Ἀλλά
2951 5215 3052 5279 τάς
3080 5216 3402 5286 εὐεργεσίας
3417 5215 3585 5287 βούλῃ

1976 5298 2395 5370 καταλέξωμενς
2438 5301 2582 5353 Ἀλλ’
2630 5302 2753 5355 οὐδέ
2787 5302 2995 5365 ταύτας
3030 5303 3187 5370 λόγος
3226 5304 3583 5372 παραστῆσαι

1975 5385 2287 5456 δυνήσεται.
2321 5390 2419 5442 Διά
2445 5388 2606 5441 τοῦτο
2641 5393 2670 5442 ό
2701 5389 2917 5453 Παῦλος
2950 5390 3102 5457 ἔλεγε
3124 5407 3139 5419 ο
3188 5390 3370 5457 Χάρις
3400 5390 3469 5443 δὲ
3503 5389 3585 5455 τῷ

1976 5476 2174 5541 Κυρίῳ
2203 5477 2299 5529 ἐπὶ
2330 5477 2404 5544 τῇ
2434 5477 2846 5547 ἀνεκδιηγήτῳ
2880 5480 3071 5533 αὑτοῦ
3096 5479 3308 5547 δωρεᾷ.
3342 5481 3447 5532 Kal
3478 5481 3584 5534 πά-

1976 5560 2089 5614 λιν·
2129 5566 2189 5617 ’Ἀ
2241 5566 2552 5634 ὀφθαλμὸς
2605 5569 2718 5619 οὐκ
2749 5562 2893 5628 εἶδε,
2923 5566 3019 5619 καὶ
3052 5562 3161 5632 οὖς
3183 5570 3293 5620 οὐκ
3323 5567 3580 5633 ἤκουσε,

2041 5738 2067 5775 δ
2094 5740 2183 5805 Καὶ
2207 5740 2392 5805 ᾇμαχον
2413 5741 2560 5790 deest
2594 5741 2642 5790 in
2663 5757 2761 5791 uno
2795 5744 2903 5793 cod.
2930 5742 3059 5805 apud
3092 5743 3243 5792 SaVil.

2043 5805 2062 5831 ’³
2092 5804 2141 5851 ιιι
2167 5802 2470 5853 edlliulubus
2504 5806 2597 5851 τῶν
2629 5810 2685 5855 0¹
2708 5802 3061 5867 ἐπέταντοίκαὶ
3091 5805 3344 5867 ἐκέκραγέεά
3374 5802 3576 5867 legitur.
