4068 6434
258 360 360 418 lli!

261 472 387 526 diuit
408 514 423 536 ,
465 481 511 526 et
554 473 605 524 in
639 488 730 526 cor
770 471 989 524 hominis
1035 487 1132 522 non
1174 467 1545 533 ascenderunt,
1588 481 1702 536 qua
1728 464 1868 520 Deus

256 563 574 631 pra'porauit
610 564 673 616 iis
717 565 804 632 qui
849 563 1018 628 ipsum
1045 560 1266 627 diligunt
1300 557 1390 630 (1.
1425 557 1542 612 Cor.
1573 555 1629 612 Ω.
1651 555 1747 628 9).
1803 555 1871 610 Et

264 670 454 711 rursus
481 673 497 708 :
533 653 580 709 0
608 653 829 707 altitudo
855 653 1166 716 divitiarum,
1197 659 1245 704 et
1269 650 1554 722 sapientia,
1581 657 1628 702 et
1645 649 1870 704 scientia:

264 743 380 806 Dei,
415 760 565 814 quam
593 743 944 797 inscrutabilia
972 753 1089 796 sunt
1107 741 1308 812 judicia
1335 743 1466 807 eius,
1491 749 1540 794 et
1559 740 1866 810 impercesti-

261 836 452 909 gabiles
480 837 574 890 uia
610 836 722 906 ejus
761 833 940 902 (Rom.
976 835 1062 888 11.
1094 832 1222 902 55)ε
1272 832 1401 901 Ejus
1445 839 1624 885 autem
1666 829 1718 882 in
1769 843 1867 882 nos

263 942 505 982 artiorem
533 940 779 995 quaenam
806 923 1087 993 explicarit
1114 921 1323 976 oratio?
1361 921 1494 976 Eum
1521 926 1668 973 certe
1693 916 1860 971 admi-

261 1033 391 1073 rans
423 1016 637 1072 dicebat
656 1015 926 1072 Joannes:
959 1014 1048 1068 Sic
1076 1014 1212 1067 enim
1234 1011 1372 1066 Deus
1403 1011 1578 1066 dilexit
1595 1008 1862 1072 mundum,

263 1119 320 1163 ut
354 1107 549 1163 Filium
570 1124 726 1162 suum
749 1107 898 1161 daret
924 1105 1242 1176 unigenitum
1273 1102 1452 1176 (Joan.
1485 1104 1538 1157 5.
1572 1101 1688 1172 16).
1712 1099 1862 1168 Quod

265 1201 310 1255 si
341 1202 424 1256 vis
462 1200 582 1268 ejus
624 1198 786 1253 verba
815 1198 1036 1262 audire,
1070 1204 1127 1250 et
1160 1208 1486 1265 cognoscere
1514 1190 1862 1252 desiderium,

263 1293 384 1346 audi
409 1291 536 1362 quid
558 1291 703 1346 dicat
728 1305 823 1360 per
851 1287 1164 1359 prophetam
1192 1305 1206 1341 :
1242 1285 1505 1356 Numquid
1546 1284 1866 1339 obliviscetur

258 1386 448 1439 mulier
495 1384 721 1439 misereri
764 1394 1002 1444 natorum
1045 1381 1176 1434 uteri
1230 1379 1349 1434 sui!
1400 1377 1553 1444 Quod
1598 1377 1643 1429 si
1690 1390 1865 1428 eorum

260 1477 414 1531 etiam
443 1475 767 1530 obliviscatur
791 1475 992 1538 mulier,
1041 1489 1133 1543 ego
1165 1482 1332 1526 tamen
1359 1487 1460 1525 non
1497 1469 1763 1523 obliviscar
1791 1467 1866 1520 tui

264 1569 416 1639 (lsai.
445 1569 535 1623 49.
579 1567 691 1638 15).
746 1565 814 1621 Et
851 1568 990 1622 sicut
1025 1565 1116 1619 hic
1143 1563 1391 1622 dicebat:
1425 1559 1866 1629 Quemadmodum

262 1662 520 1718 desiderat
537 1678 709 1716 cervus
739 1661 807 1714 ad
830 1663 993 1731 fontes
1017 1673 1291 1730 aquarum,
1321 1656 1394 1710 ita
1417 1654 1670 1710 desiderat
1694 1653 1866 1706 anima

262 1770 376 1807 mea
400 1753 467 1805 ad
490 1761 557 1816 te,
588 1751 757 1806 Deus:
778 1751 850 1804 ita
870 1750 1031 1804 etiam
1049 1747 1178 1803 dicit
1201 1746 1449 1802 Christus
1474 1763 1488 1798 :
1521 1742 1867 1811 Quemadmo-

263 1846 386 1898 dum
413 1850 679 1914 congregat
706 1839 900 1912 gallina
919 1839 1088 1911 pullos
1115 1854 1236 1893 suos
1257 1879 1273 1904 ,
1295 1838 1366 1890 ita
1386 1837 1522 1890 colui
1557 1850 1866 1905 congregare

261 1935 399 2005 ﬁlios
424 1944 631 1998 uestros,
655 1945 702 1987 et
728 1933 962 1987 noluistis
992 1931 1206 2005 (Matth.
1234 1929 1325 1985 25.
1359 1929 1473 1999 57).
1527 1926 1597 1981 Et
1631 1941 1816 1981 rursus
1847 1943 1863 1981 :

262 2025 413 2082 Sicut
456 2025 720 2078 miseretur
773 2033 916 2093 pater
963 2023 1188 2091 ﬁliorum
1233 2036 1476 2085 suorum,
1520 2019 1752 2071 misertus
1795 2026 1865 2070 est

262 2114 514 2169 Dominus
533 2130 705 2168 eorum
729 2114 817 2183 qui
835 2116 1004 2183 ipsum
1043 2113 1220 2165 timent
1249 2108 1423 2181 (Psal.
1466 2108 1590 2164 102.
1637 2106 1750 2178 15).
1801 2108 1867 2161 lit

261 2221 448 2262 rursus
477 2224 490 2260 :
527 2207 779 2272 Quoniam
822 2203 1102 2260 secundum
1139 2202 1461 2256 altitudinem
1498 2200 1612 2256 ειειὶ
1659 2217 1692 2252 a
1730 2211 1866 2253 terra

259 2299 582 2367 conﬁrmavit
605 2297 854 2352 Dominus
883 2296 1282 2352 misericordiam
1305 2311 1450 2350 suam
1471 2309 1624 2365 super
1639 2295 1866 2346 timentes

260 2393 430 2462 ipsum
449 2389 611 2458 (Ibid.
633 2391 802 2460 υ.11).
831 2390 896 2444 Et
918 2386 1370 2459 quemadmodum
1393 2383 1650 2456 propheta
1681 2399 1867 2438 exem-

260 2486 409 2554 plum
476 2482 668 2552 quaerit
725 2489 784 2535 ut
835 2496 994 2536 suum
1038 2478 1287 2534 ostendat
1339 2476 1664 2533 desiderium
1715 2491 1728 2527 :
1792 2475 1864 2528 ita

260 2577 424 2630 etiam
461 2574 598 2629 Deus
625 2573 793 2627 utitur
820 2570 1140 2642 quibusdam
1179 2568 1442 2636 exemplis
1461 2609 1477 2634 ,
1509 2576 1570 2621 ut
1599 2565 1864 2637 signiﬁcet

260 2667 419 2723 nobis
465 2681 618 2721 suum
668 2679 906 2720 amorem
958 2670 1159 2718 nostra:
1221 2662 1430 2716 salutis.
1491 2659 1560 2714 Et
1600 2657 1862 2728 propheta

261 2758 479 2830 quidem
508 2757 644 2811 dixit
670 2770 884 2811 cervam
928 2754 1219 2818 sitientem,
1261 2761 1316 2806 et
1347 2760 1545 2805 terram
1570 2749 1815 2805 adustam
1847 2768 1861 2802 :

264 2855 405 2908 Deus
433 2839 626 2908 autem‘
642 2850 962 2921 gallinarum
983 2851 1035 2903 in
1060 2847 1234 2918 pullos
1255 2849 1556 2912 caritatem,
1579 2856 1633 2900 et
1653 2855 1864 2915 patrum

261 2960 446 3000 curam
471 2960 534 2998 ac
562 2942 997 3007 sollicitudinem,
1025 2951 1080 2996 et
1114 2940 1233 2994 caeli
1269 2954 1298 2992 a
1329 2949 1470 2994 terra
1500 2937 1861 2998 altitudinem.

262 3046 320 3092 et
347 3044 580 3090 matrum
609 3035 812 3088 viscera
836 3074 854 3098 ,
887 3047 996 3086 non
1041 3031 1182 3103 quod
1228 3030 1402 3086 solum
1450 3040 1656 3085 tantum
1695 3037 1860 3092 amet,

260 3135 522 3200 quantum
541 3134 714 3181 mater
732 3124 920 3188 ﬁlium,
948 3122 1044 3179 sed
1060 3123 1311 3193 quoniam
1335 3123 1418 3176 his
1437 3119 1862 3183 deﬁnitionibus,

263 3218 500 3289 regulis,
531 3226 588 3272 et
623 3215 886 3285 exemplis
925 3229 1031 3269 non
1057 3223 1181 3268 sunt
1212 3212 1354 3283 apud
1381 3227 1480 3266 nos
1515 3212 1618 3265 alia
1659 3211 1862 3280 majora

262 3311 412 3380 signa
438 3315 818 3378 etargumenta
836 3305 1106 3360 amicitiae.
1129 3303 1260 3359 Nam
1282 3303 1424 3375 quod
1448 3317 1546 3358 nos
1563 3319 1669 3357 non
1691 3304 1864 3357 solum

263 3408 470 3454 tantum
498 3406 680 3463 amet,
710 3404 966 3468 quantum
1000 3407 1172 3450 mater
1202 3395 1286 3464 pia
1332 3394 1472 3448 ﬁlios
1497 3435 1512 3458 ,
1561 3393 1657 3449 sed
1704 3394 1866 3448 etiam

265 3495 432 3549 multo
461 3493 664 3562 magis,
696 3490 818 3545 audi
855 3489 984 3560 quid
1021 3489 1152 3543 dicit
1191 3507 1203 3541 :
1250 3487 1403 3555 Quod
1440 3489 1486 3540 si
1519 3489 1670 3541 etiam
1708 3487 1866 3540 oblita

265 3588 421 3659 fuerit
444 3596 603 3640 mater
626 3585 855 3653 ﬁliorum
878 3598 1109 3647 suorum,
1140 3598 1232 3652 ego
1263 3591 1430 3636 tamen
1460 3582 1532 3634 tui
1567 3597 1668 3634 non
1691 3580 1869 3634 oblivi-

263 3695 379 3733 scar
407 3676 568 3752 (Isai.
602 3675 692 3731 49.
729 3675 843 3743 15).
896 3673 1010 3729 Hoc
1057 3681 1236 3728 autem
1281 3671 1495 3727 dicebat
1535 3671 1863 3741 signiﬁcans,

263 3785 422 3826 suum
456 3771 510 3825 in
538 3781 638 3823 nos
663 3765 992 3822 desiderium
1031 3779 1154 3820 esse
1195 3763 1344 3818 omni
1385 3764 1608 3818 caritate
1638 3763 1867 3818 naturali

262 3861 559 3918 ardetius.
611 3859 736 3915 Hac
766 3867 945 3913 autem
984 3855 1165 3912 omnia
1191 3854 1335 3924 apud
1362 3858 1591 3924 telpsum
1620 3856 1868 3910 conside-

265 3967 359 4020 ra,
405 3960 463 4008 et
503 3963 742 4004 amorem
785 3948 1159 4003 vehementem
1208 3944 1512 4010 accendes,
1559 3945 1868 4016 claramque

265 4044 537 4100 ﬂammam
583 4042 1015 4114 resplendentem
1057 4039 1296 4096 caritatis
1336 4037 1556 4094 efﬁcies.
1599 4036 1866 4104 Quoniam

262 4151 395 4208 ergo
423 4135 554 4190 nihil
589 4135 729 4205 apud
759 4149 858 4190 nos
905 4133 1151 4189 homines
1196 4146 1351 4202 teque
1389 4131 1530 4186 solet
1571 4128 1869 4184 accendere

263 4229 584 4293 amicitiam,
616 4236 674 4282 ut
712 4227 926 4282 assidue
969 4224 1281 4281 meminisse
1324 4223 1710 4280 beneﬁciorum
1749 4237 1868 4292 qua:

262 4321 576 4391 accepimus
607 4338 620 4374 :
649 4321 752 4374 hoc
776 4320 936 4374 etiam
963 4320 1015 4372 in
1042 4319 1152 4372 Deo
1173 4316 1452 4371 faciamus.

337 4411 590 4480 Beneﬁcia
635 4410 731 4464 Dei
773 4411 828 4463 in
871 4426 983 4465 nos.
1024 4438 1098 4451 —-
1131 4409 1286 4477 Apud
1323 4423 1422 4462 nos
1466 4407 1868 4463 consideremus

263 4517 616 4575 qua‘cumque
644 4501 771 4557 fecit
799 4509 1020 4572 propter
1049 4513 1168 4561 nos,
1193 4500 1366 4570 ipsum
1393 4499 1616 4564 caelum,
1642 4508 1862 4560 terram,

263 4611 435 4662 mare,
461 4609 641 4650 aerem
675 4612 689 4648 :
721 4609 840 4664 qua:
865 4594 916 4647 in
948 4603 1085 4661 terra
1115 4601 1264 4656 sunt,
1292 4591 1535 4652 arbores,
1567 4591 1746 4645 varios
1767 4589 1868 4644 ﬁo-

265 4703 373 4752 res,
392 4687 658 4758 jumenta,
679 4685 886 4755 reptilia
920 4701 934 4736 :
983 4698 1044 4738 ea
1071 4698 1188 4753 qua:
1218 4694 1344 4738 sunt
1373 4683 1425 4735 in
1449 4681 1583 4735 mari
1623 4700 1634 4735 :
1668 4696 1788 4752 qua:
1814 4683 1867 4736 in

263 4793 391 4833 aere
414 4776 592 4832 medio
618 4795 632 4833 :
660 4787 802 4832 astra
832 4791 954 4846 quae
981 4785 1106 4830 sunt
1132 4775 1183 4828 in
1215 4775 1348 4829 czelo
1372 4815 1386 4837 ,
1425 4774 1617 4837 solem,
1665 4772 1866 4836 lunam,

263 4881 319 4925 et
357 4879 414 4923 ut
455 4869 623 4922 semel
665 4868 876 4933 dicam,
927 4867 1107 4922 omnia
1149 4882 1270 4936 qua:
1298 4866 1584 4928 videntur,
1625 4863 1859 4933 fulgura.

265 4973 566 5031 temporum
592 4959 870 5030 pulchrum
899 4959 1145 5013 ordinem
1169 4998 1184 5021 ,
1226 4959 1329 5011 diei
1357 4968 1410 5011 et
1448 4958 1620 5011 noctis
1649 4973 1868 5011 succes-

261 5055 508 5115 sionem,
553 5067 760 5105 annuas
799 5052 1203 5104 conversiones.
1257 5050 1504 5102 Animam
1549 5049 1866 5117 inspiravit,

265 5146 528 5199 rationem
564 5143 818 5207 donavit,
849 5143 1084 5195 maximo
1110 5141 1394 5194 honoravit
1423 5140 1672 5208 imperio.
1727 5139 1869 5194 Misit

262 5236 508 5305 angelos,
537 5235 681 5288 misit
702 5233 1011 5304 prophetas,
1045 5243 1228 5302 postea
1273 5232 1464 5285 Filium
1501 5246 1658 5286 suum
1687 5234 1870 5301 unige-

265 5331 460 5385 nitum.
512 5329 578 5382 Et
623 5339 744 5395 post
785 5327 871 5381 illa
898 5340 1085 5381 rursus
1127 5327 1242 5394 ipse
1275 5341 1490 5396 quoque
1527 5334 1582 5378 et
1611 5341 1704 5393 per
1731 5341 1789 5379 se
1816 5335 1870 5378 et

268 5437 366 5492 per
393 5419 587 5474 Filium
621 5419 954 5488 unigenitum
999 5415 1246 5471 hortatur
1293 5427 1350 5469 ut
1379 5425 1434 5468 tu
1471 5415 1738 5478 serveris;
1770 5428 1872 5469 nec

265 5521 444 5566 cessat
475 5510 668 5564 Paulus
698 5513 751 5564 in
780 5510 1099 5564 hodiernum
1128 5523 1298 5578 usque
1336 5508 1478 5562 diem
1501 5508 1684 5561 dicere
1717 5523 1730 5560 ε
1768 5503 1870 5558 Pro

269 5601 470 5659 Christo
501 5601 749 5671 legatione
774 5601 1058 5673 fungimur,
1107 5616 1288 5669 nempe
1340 5599 1448 5654 Deo
1496 5615 1586 5669 per
1630 5616 1721 5652 nos
1748 5599 1869 5651 lior-

269 5706 424 5758 tante,
453 5694 771 5748 obsecramus
790 5711 880 5764 pro
900 5692 1120 5754 Christo,
1133 5691 1530 5745 reconciliamiui
1543 5689 1650 5744 Deo
1665 5687 1868 5760 (2.Cor.

273 5783 324 5840 ε.
352 5785 470 5842 20).
506 5785 571 5839 Et
597 5799 661 5839 ne
683 5783 766 5838 hic
794 5783 1008 5852 quidem
1040 5782 1303 5847 constitit,
1334 5781 1430 5836 sed
1463 5797 1530 5838 ex
1565 5791 1653 5836 tua
1686 5784 1875 5831 natura

1401 346 1762 408 EXPOSITIO
1797 349 1863 407 IN
1903 348 2226 406 PSALMU.“
2271 348 2403 404 XLI.

3488 353 3590 408 162

1977 473 2228 534 acceptas
2267 465 2531 534 primitias
2570 465 2847 522 Considere
2878 465 2996 536 fecit
3027 482 3182 535 super
3207 482 3406 523 omnem
3443 477 3589 537 prin-

1977 555 2224 626 cipatum,
2261 564 2558 623 potestatem
2583 598 2597 620 ,
2645 565 2694 610 et
2736 555 3090 621 dominatum,
3134 565 3184 609 et
3211 573 3362 610 omne
3405 573 3588 614 nonum

1976 648 2115 719 quod
2137 649 2432 702 nominatur
2460 665 2561 702 non
2591 650 2756 702 solum
2787 649 2840 702 in
2865 647 2962 701 hoc
2986 649 3206 715 seculo,
3238 651 3328 702 sed
3355 651 3508 703 etiam
3535 652 3588 704 in

1974 744 2148 810 futuro
2181 739 2398 813 (Ep/tes.
2442 741 2496 795 1.
2547 739 2663 810 31).
2711 740 2866 796 Nunc
2917 755 3044 796 vere
3087 751 3171 796 est
3220 751 3585 812 opportunum

1973 831 2154 886 dicere
2186 848 2198 884 :
2230 833 2356 897 Quis
2381 833 2616 901 loquetur
2641 833 2894 903 potentias
2936 832 3164 893 Domini,
3196 843 3242 886 et
3273 835 3478 888 auditas
3503 840 3584 903 fa-

1972 927 2069 977 ciet
2107 940 2280 978 omnes
2324 924 2647 978 laudationes
2689 926 2799 995 ejus
2837 923 3014 994 (Psal.
3048 927 3172 982 105.
3205 926 3303 994 2)?
3351 925 3416 980 Et
3460 927 3586 980 illud

1974 1029 2161 1069 rursus
2194 1032 2206 1067 :
2243 1015 2379 1080 Quid
2409 1017 2682 1069 retribuam
2709 1013 2956 1078 Domino,
2987 1034 3080 1084 pro
3101 1016 3335 1070 omnibus
3354 1032 3470 1087 quas
3498 1033 3586 1070 re-

1974 1105 2149 1159 tribuit
2175 1107 2299 1159 mihi
2327 1105 2511 1178 (Psal.
2544 1106 2666 1161 115.
2695 1107 2827 1176 12)?
2874 1105 3010 1174 Quid
3053 1107 3196 1160 enim
3240 1116 3414 1175 potest
3460 1121 3584 1160 cum

1975 1195 2078 1250 hoc
2111 1197 2313 1251 honore
2339 1195 2595 1263 conferri,
2622 1197 2724 1252 nlsi
2748 1197 2964 1267 quando
2986 1198 3236 1267 primitias
3254 1199 3469 1266 generis
3493 1214 3589 1251 no-

1972 1287 2091 1350 stri,
2121 1288 2261 1357 quod
2287 1289 2340 1342 in
2365 1298 2470 1341 tam
2500 1288 2686 1342 multis
2715 1287 2973 1352 oﬁendit,
3006 1288 3148 1357 quod
3192 1288 3480 1356 ignominia
3529 1298 3588 1344 et

1971 1378 2238 1435 dedecore
2267 1390 2348 1435 est
2377 1379 2649 1444 affectum,
2675 1380 2726 1434 in
2758 1389 2905 1434 tanta
2928 1380 3118 1434 sedent
3144 1380 3449 1442 altitudine.
3471 1392 3589 1434 tan-

1974 1480 2136 1542 toque
2188 1474 2394 1528 honore
2443 1489 2586 1528 nunc
2614 1473 2902 1528 fruuntur?
2946 1470 3056 1528 Nec
3106 1489 3238 1528 vero
3280 1477 3588 1529 communia

1971 1566 2148 1621 solum
2173 1565 2457 1629 beneﬁcia,
2486 1565 2582 1621 sed
2612 1566 2773 1620 etiam
2806 1566 3019 1635 propria
3041 1573 3096 1620 ct
3127 1566 3331 1634 privata
3362 1566 3504 1635 apud
3537 1576 3590 1620 te

1973 1667 2184 1726 reputa,
2215 1657 2672 1728 quemadmodum
2714 1657 2760 1712 si
2783 1657 2998 1726 quando
3024 1655 3219 1712 fuisses
3255 1658 3466 1713 delatus
3494 1674 3592 1730 per

1972 1747 2322 1810 calumniam,
2342 1747 2620 1803 absolutus
2643 1762 2794 1802 esses
2821 1748 2890 1802 ah
2917 1750 3268 1802 accusatione
3283 1766 3296 1803 :
3311 1749 3357 1803 si
3375 1750 3591 1819 quando

1971 1854 2095 1894 cum
2123 1838 2298 1893 media
2320 1847 2378 1894 et
2401 1841 2722 1907 intempesta
2745 1847 2904 1893 nocte
2933 1839 3217 1894 incidisses
3241 1839 3299 1894 in
3325 1840 3584 1902 latrones.

1972 1930 2256 2000 eﬁ'ugisses
2306 1931 2519 1986 illorum
2549 1931 2772 1985 insidias
2802 1948 2816 1985 :
2847 1931 2892 1985 si
2923 1930 3146 2002 quando
3174 1947 3240 1986 ex
3267 1931 3467 1988 damno
3494 1935 3588 1988 tibi

1971 2022 2121 2076 illato
2151 2030 2205 2077 te
2230 2023 2632 2092 expedivisses:
2663 2023 2706 2075 si
2735 2036 2858 2077 cum
2882 2023 2934 2077 in
2968 2023 3218 2078 morbum
3246 2037 3465 2094 gravem
3504 2025 3590 2079 in-

1971 2114 2219 2180 cidisses,
2251 2124 2527 2170 recreatus
2555 2129 2727 2170 esses.

2043 2207 2100 2263 5.
2145 2206 2354 2277 Reputa
2385 2221 2507 2276 quas
2537 2221 2637 2275 per
2664 2215 2832 2262 totam
2870 2215 3013 2260 tuam
3046 2208 3211 2261 vitam
3255 2207 3510 2277 accepisti
3559 2225 3591 2263 a

1976 2297 2086 2352 Deo
2134 2298 2420 2363 benellcla,
2472 2300 2693 2352 omnino
2737 2313 2799 2353 ea
2843 2297 3112 2367 permulta
3163 2299 3427 2365 invenies,
3482 2315 3588 2354 non

1974 2390 2152 2446 solum
2175 2392 2228 2446 in
2256 2400 2369 2446 tota
2399 2393 2529 2457 vita,
2564 2391 2660 2446 sed
2692 2390 2775 2445 vel
2806 2391 2856 2444 in
2887 2405 2997 2444 uno
3029 2389 3120 2445 die
3149 2408 3164 2444 :
3193 2392 3237 2444 si
3258 2393 3420 2447 vellet
3446 2391 3588 2446 Dens

1972 2485 2152 2538 omnia
2179 2484 2459 2550 beneﬁcia,
2493 2483 2689 2555 quibus
2714 2497 2814 2537 nos
2846 2482 3090 2553 quotidie
3134 2480 3337 2547 afﬁcit,
3383 2484 3592 2552 impru-

1973 2575 2228 2630 dentibus
2258 2577 2414 2631 nobis
2441 2583 2498 2630 et
2539 2575 2928 2637 nescientibus,
2983 2573 3038 2628 in
3084 2574 3322 2628 medium
3373 2572 3586 2636 aﬁ'erre.

1972 2683 2043 2721 ne
2088 2682 2150 2720 ea
2177 2669 2395 2738 quidem
2448 2681 2770 2722 enumerare
2811 2680 3116 2735 possemus.
3150 2667 3294 2732 Quot
3317 2665 3592 2720 daemones

1973 2758 2221 2814 feruntur
2249 2775 2344 2828 per
2374 2758 2518 2812 hunc
2547 2757 2769 2812 aerem?
2807 2765 2937 2826 quot
2966 2756 3209 2810 adversa:
3257 2758 3592 2826 potestates?

1971 2849 2030 2906 Si
2056 2866 2186 2922 ergo
2207 2852 2285 2906 eis
2308 2851 2484 2905 solum
2517 2850 2856 2920 permitteret
2886 2849 3184 2903 terribilem
3235 2847 3383 2901 illum
3429 2863 3587 2903 suum

1973 2951 2029 2996 et
2055 2942 2382 2996 horrendum
2403 2951 2680 3011 aspectum
2701 2940 2856 2995 nobis
2878 2939 3190 3003 ostendere,
3210 2955 3389 2993 annon
3411 2951 3593 2994 mente

1972 3033 2416 3089 dimoveremur?
2455 3048 2635 3088 annon
2677 3032 3018 3103 periremus?
3043 3046 3225 3086 annon
3254 3033 3478 3086 omnino
3505 3031 3592 3086 in-

1973 3124 2300 3181 teriretnus?
2341 3124 2468 3179 Haac
2494 3125 2674 3180 omnia
2704 3132 3054 3193 reputantes,
3096 3137 3198 3178 nec
3234 3139 3339 3178 non
3369 3133 3587 3193 peccata

1973 3231 2326 3286 quaecumque
2371 3215 2459 3270 vel
2508 3223 2722 3283 sponte,
2755 3214 2842 3269 vel
2873 3213 3165 3269 inscientes
3212 3213 3548 3270 admittimus
3572 3215 3588 3245 ί
3629 3249 3638 3253 ›

1976 3308 2126 3376 (nam
2157 3305 2261 3360 hoc
2285 3321 2498 3375 quoque
2530 3319 2636 3359 non
2666 3314 2750 3359 est
2781 3319 3006 3374 parvum
3037 3304 3394 3374 reputandum
3427 3304 3594 3360 bene-

1976 3396 2177 3464 ﬁcium,
2203 3396 2348 3468 quod
2379 3412 2484 3450 non
2515 3396 2742 3466 singulis
2765 3396 2958 3451 diebus
2984 3398 3124 3451 Deus
3150 3407 3332 3450 nostra
3359 3397 3590 3451 ulcisca-

1977 3500 2065 3544 tur
2104 3488 2347 3559 delicta),
2385 3490 2682 3558 poterimus
2714 3489 2882 3543 Deum
2910 3489 3155 3558 diligere.
3189 3488 3418 3555 Quando
3447 3490 3590 3543 enim

1974 3579 2292 3649 cogitaveris
2323 3587 2454 3648 quot
2487 3588 2700 3647 peccata
2729 3578 2973 3648 quotidie
3015 3579 3335 3641 committis,
3363 3589 3415 3634 et
3462 3589 3596 3648 quot

1975 3672 2198 3742 singulis
2225 3671 2414 3726 diebus
2452 3672 2712 3726 benelicia
2743 3672 2974 3741 accipis,
3005 3680 3205 3743 quanta
3238 3672 3331 3727 Dei
3367 3672 3590 3726 leuitate

1973 3776 2028 3820 et
2051 3766 2341 3821 clementia
2370 3764 2583 3829 frueris,
2615 3776 2670 3821 et
2698 3764 2842 3836 quod
2866 3765 2915 3821 si
2956 3765 3099 3821 Deus
3124 3765 3386 3820 voluisset
3411 3765 3591 3833 quoti-

1972 3859 2062 3913 die
2083 3859 2152 3914 de
2183 3860 2286 3913 tuis
2315 3859 2550 3928 peccatis
2579 3873 2766 3928 ptenas
2791 3872 3006 3911 sumere
3028 3898 3045 3923 ,
3078 3873 3144 3911 ne
3183 3857 3336 3912 brevi
3372 3858 3588 3927 quidem

1976 3959 2218 4020 tempore
2249 3951 2495 4015 vixisses,
2522 3948 2707 4022 (prout
2738 3949 2866 4004 dicit
2893 3948 3153 4018 propheta
3177 3967 3189 4001 :
3216 3947 3277 4002 Si
3300 3950 3592 4018 iniquitates

1974 4045 2334 4109 observaveris,
2380 4041 2632 4107 Domine,
2664 4041 2913 4104 Domine,
2943 4040 3056 4109 quis
3092 4039 3358 4093 sustinebit
3408 4039 3582 4112 [Psal.

1976 4137 2101 4196 129.
2131 4137 2266 4211 5]?)
2297 4136 2346 4192 ei
2392 4151 2517 4206 ages
2554 4136 2775 4205 gratias,
2807 4142 2861 4188 et
2910 4132 3042 4187 nihil
3085 4133 3189 4188 erit
3219 4133 3310 4187 tibi
3337 4149 3498 4204 grave
3527 4149 3592 4189 ac

1976 4229 2262 4284 molestum
2291 4242 2480 4282 eorum
2523 4242 2644 4296 qua:
2687 4224 2983 4280 acciderint
3036 4240 3049 4276 :
3101 4223 3199 4279 sed
3244 4223 3490 4288 videbis,
3537 4235 3592 4281 te

1975 4321 2184 4377 etiamsi
2218 4321 2496 4374 innumera
2525 4319 2683 4387 longe
2708 4320 2955 4387 graviora
2983 4316 3325 4380 accidissent,
3349 4315 3590 4370 nondum

1977 4422 2155 4468 tamen
2185 4412 2398 4467 dedisse
2435 4425 2622 4479 ptenas
2649 4424 2784 4477 quas
2824 4424 3100 4463 tnerueras
3131 4425 3143 4460 :
3175 4417 3229 4461 et
3266 4407 3334 4460 ita
3365 4407 3591 4462 affectus

1977 4520 2229 4576 magnum
2255 4505 2519 4559 accendes
2545 4502 2875 4556 desiderium
2899 4543 2913 4564 ,
2945 4510 2999 4554 et
3029 4501 3230 4570 poteris
3255 4500 3436 4553 dicere
3468 4517 3588 4554 eum

1976 4600 2234 4670 propheta
2269 4617 2282 4651 :
2321 4597 2758 4664 Quemadmodum
2809 4594 3064 4646 desiderat
3110 4608 3281 4646 ceruus
3317 4595 3387 4646 ad
3419 4597 3585 4664 fontes

1974 4707 2260 4759 aquarum,
2303 4692 2374 4742 ita
2413 4687 2666 4742 desiderat
2718 4686 2892 4738 anima
2919 4701 3029 4738 mea
3057 4684 3126 4735 ad
3157 4695 3235 4742 te.
3284 4683 3444 4740 Deus.
3494 4685 3588 4739 Est

1974 4791 2152 4837 autem
2183 4797 2363 4850 operae
2393 4781 2619 4849 pretium
2649 4793 2915 4848 quarere,
2949 4791 3176 4844 quanam
3201 4776 3268 4828 de
3294 4791 3454 4830 causa
3485 4778 3586 4830 hoc

1974 4879 2173 4932 animal
2214 4880 2264 4932 in
2307 4877 2540 4930 medium
2571 4875 2878 4927 adduxerit.
2910 4872 3114 4927 Cervus
3145 4882 3228 4924 est
3256 4872 3582 4926 sitihundus.

1975 4984 2031 5028 et
2055 4973 2175 5027 ideo
2199 4972 2505 5039 frequenter
2532 4969 2701 5022 currit
2723 4966 2789 5020 ad
2819 4965 2998 5020 fontes
3026 4979 3306 5034 aquarum.
3342 4963 3591 5019 El‘ﬁcitnr

1974 5077 2154 5119 autem
2178 5063 2478 5119 sitihundus
2503 5074 2555 5114 et
2577 5079 2604 5112 a
2632 5068 2838 5114 natura.
2868 5069 2921 5112 et
2949 5073 3014 5112 ex
3039 5073 3106 5111 eo
3131 5057 3272 5126 quod
3300 5069 3582 5126 serpentes

1975 5157 2259 5220 comedat,
2292 5167 2345 5210 et
2387 5155 2600 5208 illorum
2632 5155 2805 5206 alatur
2832 5150 3173 5220 corporibus.
3224 5149 3368 5219 Ergo
3397 5160 3450 5202 tu
3484 5148 3586 5203 hoc

1975 5268 2186 5323 quoque
2217 5250 2299 5305 fac
2327 5267 2340 5303 :
2372 5257 2677 5319 serpentem
2707 5247 3092 5316 intelligibilem
3115 5245 3337 5300 comede
3363 5260 3592 5313 :pecca—

1977 5353 2085 5397 tum
2118 5343 2266 5395 humi
2312 5350 2623 5410 prosterue,
2669 5348 2722 5392 et
2749 5338 2952 5406 poteris
2980 5337 3131 5389 sitire
3172 5336 3264 5389 Dei
3292 5335 3582 5389 desiderio.

1975 5431 2437 5502 Quemadmodum
2465 5432 2608 5485 enim
2636 5429 2772 5482 mala
2795 5426 3124 5483 conscientia
3149 5425 3314 5479 efficit
3344 5441 3444 5478 nos
3470 5439 3584 5478 sor-

1974 5529 2151 5595 didos,
2170 5538 2226 5582 et
2252 5525 2469 5580 adducit
2501 5539 2600 5579 nos
2623 5523 2688 5577 ad
2717 5521 3148 5592 desperationem
3175 5535 3188 5570 :
3224 5521 3315 5579 ita.
3337 5518 3382 5570 si
3403 5532 3582 5570 nostra

2039 5664 2056 5685 '
2089 5661 2206 5718 Hic,
2229 5665 2360 5707 teste
2383 5656 2572 5710 Savilio,
2599 5658 2646 5704 in
2671 5653 2850 5718 Cochee
2874 5650 3024 5712 Regio
3047 5651 3196 5718 Paris;
3219 5648 3424 5718 legitur,
3444 5659 3578 5716 gnte-

1987 5708 2386 5786 cumque'suonte.
2408 5708 2611 5784 qmecnn
2632 5728 2721 5779 que
2745 5708 3021 5777 ignorantes
3044 5708 3583 5773 bcneﬁchtucripiin-s,

1981 5788 2026 5832 ct
2044 5792 2235 5846 peccata
2256 5788 2435 5834 nostra.
