4068 6438
559 356 664 413 165

550 484 763 542 peccata
790 470 937 527 humi
961 470 1427 542 prostraverimus,
1449 469 1493 524 si
1516 466 1907 538 improbitatem
1930 484 2134 539 expue-

544 566 871 636 gaverimus,
902 564 1197 635 poterimus
1223 562 1490 631 respiure
1514 560 1583 616 ad
1606 550 1881 631 spirituale
1916 558 2134 615 deside-

546 658 709 725 rium,
756 671 880 712 cum
914 666 1113 726 magna
1140 654 1305 709 animi
1333 652 1608 709 alacritate
1634 652 1801 709 Deum
1827 665 2042 717 vocare,
2077 659 2135 706 et

546 747 1001 805 vehementiorem
1023 761 1264 803 amorem
1281 745 1597 813 accendere,
1620 758 1722 802 nec
1736 744 1916 801 verbis
1934 745 2129 811 solum,

546 838 642 894 sed
668 838 828 893 etiam
858 836 1011 894 factis
1039 836 1142 892 hoc
1168 852 1486 907 responsum
1505 834 1805 891 succinere.
1846 834 2132 905 Propterea

545 934 689 985 enim
735 930 972 1000 psalmos
1015 929 1168 984 nobis
1196 929 1392 984 cecinit
1437 927 1525 983 ille
1566 927 1793 992 beatus,
1824 922 1910 981 vel
1956 928 2129 997 potius

543 1020 714 1090 gratia
743 1019 973 1088 Spiritus
994 1058 1012 1084 ,
1063 1033 1169 1073 non
1213 1028 1272 1072 ut
1294 1018 1456 1073 verba
1483 1025 1685 1073 tantum
1714 1018 1989 1083 dicamus,
2032 1015 2130 1072 sed

545 1125 642 1166 eos
669 1108 823 1165 factis
847 1124 1060 1179 quoque
1090 1107 1429 1165 meditemur.
1476 1108 1554 1165 Ne
1589 1123 1719 1179 ergo
1761 1108 2038 1163 existimes
2079 1116 2132 1164 te

545 1208 824 1269 propterea
850 1198 955 1254 huc
975 1199 1203 1270 ingredi,
1232 1207 1292 1254 ut
1314 1199 1474 1254 verba
1510 1208 1714 1253 tantum
1741 1198 1922 1264 dicas,
1952 1198 2048 1254 sed
2072 1207 2134 1254 ut

544 1289 762 1358 quando
809 1289 1080 1355 succinis,
1129 1302 1446 1359 responsum
1495 1288 1625 1345 illud
1671 1298 1823 1360 pacta
1864 1301 2129 1345 conventa

544 1394 667 1435 esse
690 1380 983 1435 arbitreris.
1008 1378 1232 1447 Quando
1250 1380 1392 1435 enim
1420 1379 1623 1435 dixeris
1649 1396 1664 1435 :
1694 1379 2131 1447 Quemadmodum

542 1471 796 1527 desident
823 1487 997 1526 cervus
1023 1472 1093 1526 ad
1117 1471 1283 1539 fontes
1304 1487 1574 1542 aquarum,
1596 1472 1670 1525 ita
1688 1471 1938 1526 desiderat
1957 1472 2132 1527 animo

540 1578 656 1618 mea
679 1564 749 1617 ad
768 1572 839 1628 te,
865 1561 1006 1617 Deus
1033 1578 1053 1617 :
1089 1578 1210 1617 cum
1238 1562 1349 1619 Deo
1390 1571 1600 1632 pactum
1639 1561 1839 1628 fecisti,
1869 1563 2131 1635 scripsisti

542 1654 899 1727 syngrapham
924 1655 1126 1726 absque
1149 1652 1341 1709 charta
1373 1663 1431 1710 et
1459 1661 1760 1710 atramento
1777 1695 1795 1723 ,
1826 1668 1959 1711 voce
1998 1670 2129 1724 pro-

543 1748 715 1804 fessus
759 1760 812 1803 te
851 1750 1025 1818 ipsum
1066 1748 1288 1818 diligere
1323 1748 1444 1819 plus
1480 1748 1763 1816 omnibus,
1808 1758 1866 1806 et
1904 1748 2038 1805 nihil
2076 1750 2129 1806 ei

544 1837 820 1910 pmfem,
847 1837 1072 1909 ejusque
1097 1852 1281 1895 amore
1306 1837 1516 1894 ardere.
1540 1838 1597 1895 Si
1620 1854 1750 1910 ergo
1781 1855 2030 1911 egressus
2053 1842 2129 1896 vi-

537 1929 685 1985 deris
715 1927 1003 1983 formosam
1039 1926 1272 1999 aliquam
1312 1934 1367 1983 et
1403 1928 1725 1999 impudicam
1763 1930 2041 1987 mulierem
2075 1940 2129 1988 te

542 2020 904 2085 inescantem,
937 2026 995 2073 et
1021 2016 1090 2073 ad
1115 2017 1196 2074 sui
1225 2032 1464 2074 amorem
1492 2019 1847 2091 pellicientem
1871 2061 1887 2087 ,
1915 2021 2003 2078 dic
2026 2022 2075 2077 ei
2108 2039 2123 2076 :

540 2109 658 2166 Non
684 2124 904 2182 possum
932 2116 986 2165 te
1019 2108 1203 2180 sequi,
1232 2123 1356 2165 cum
1383 2109 1493 2166 Deo
1521 2121 1735 2181 pactum
1758 2112 1877 2181 feci,
1905 2122 1962 2169 et
1986 2128 2127 2184 prai-

537 2204 780 2259 seutibus
801 2202 1075 2270 fratribus,
1099 2204 1488 2270 sacerdotibus,
1502 2203 1828 2272 doctoribus,
1852 2206 2129 2276 professus

535 2308 655 2351 sum
684 2302 739 2350 et
765 2295 984 2365 promisi
1010 2309 1107 2365 per
1123 2309 1441 2375 responsum
1467 2296 1625 2364 illud,
1666 2310 1755 2353 me
1781 2311 1905 2353 eum
1940 2297 2012 2353 ita
2041 2299 2128 2354 di.

536 2386 722 2457 ligere,
758 2374 1194 2453 Quemadmodum
1218 2386 1473 2443 desiderat
1498 2404 1675 2445 ceruus
1696 2388 1768 2443 ad
1787 2393 2128 2462 fontesaqu.

533 2493 669 2532 rtnu.
713 2476 914 2533 Vereor
939 2488 1093 2547 pacta
1132 2488 1390 2534 conventa
1416 2480 1750 2551 transgredi,
1790 2480 1936 2537 illum
1963 2497 2125 2539 unum

534 2569 794 2640 deinceps
815 2584 1058 2625 amorem
1085 2569 1332 2625 meditor.
1351 2569 1408 2627 Si
1429 2571 1624 2633 videris
1642 2582 1919 2644 argentum
1936 2574 1989 2629 in
2008 2572 2127 2632 foro

532 2664 694 2718 situm
715 2704 732 2729 ,
761 2670 852 2717 aut
877 2670 1054 2718 vestes
1077 2676 1266 2719 aureas
1282 2705 1298 2731 ,
1325 2662 1461 2718 alios
1497 2664 1731 2734 gloriose
1769 2665 2080 2723 incedentes
2102 2709 2119 2734 ,

532 2749 760 2820 stipatos
785 2748 1009 2814 famulis,
1041 2756 1095 2803 et
1122 2748 1379 2804 habentes
1402 2763 1570 2819 equos
1594 2748 1759 2806 frenis
1790 2752 2026 2818 auratis,
2054 2768 2124 2809 ne

534 2847 587 2895 te
611 2847 823 2895 moveat
848 2838 935 2893 illa
963 2853 1181 2910 pompa,
1207 2838 1311 2895 sed.
1335 2836 1427 2893 tibi
1452 2854 1637 2895 rursus
1665 2854 1823 2910 cane,
1836 2851 1891 2897 et
1914 2842 2003 2897 dic
2017 2852 2123 2898 tua:

530 2933 724 2985 anima:
756 2947 769 2983 :
799 2929 967 2985 Paulo
993 2939 1119 2985 ante
1138 2929 1433 2986 cecinimus
1457 2968 1475 2997 ,
1524 2930 1961 2997 Quemadmodum
1984 2934 2123 2988 desi-

528 3026 676 3078 derat
707 3038 884 3076 cereus
928 3021 997 3074 ad
1035 3026 1198 3090 fontes
1232 3038 1515 3091 aquarum,
1553 3024 1629 3078 ita
1668 3024 1917 3079 desiderat
1949 3027 2122 3081 animo

532 3130 644 3168 mea
669 3114 741 3166 ad
767 3122 833 3178 te,
864 3112 1040 3176 Data;
1063 3122 1120 3169 et
1141 3112 1284 3184 quod
1311 3114 1568 3184 scriptum
1596 3121 1679 3170 est
1693 3114 1848 3171 nobis
1871 3115 2121 3173 attribui-

530 3218 672 3271 mus,
704 3204 865 3274 idque
888 3214 1127 3259 nostrum
1157 3219 1279 3262 esse
1303 3205 1544 3261 fecimus.
1566 3205 1710 3262 Nihil
1726 3222 1855 3278 ergo
1877 3224 2121 3267 amemus

524 3310 717 3356 eoi-tim
745 3310 873 3364 qua:-
893 3294 959 3348 ad
990 3294 1126 3350 hanc
1150 3295 1311 3349 vitam
1339 3297 1625 3366 pertinent,
1651 3305 1709 3353 ut
1727 3297 1819 3354 ille
1838 3314 1993 3354 amor
2018 3315 2119 3356 no-

528 3384 610 3440 bis
639 3397 803 3453 purus
830 3391 1043 3438 maneat
1066 3391 1122 3438 et
1143 3383 1370 3454 integer,
1397 3392 1452 3440 et
1475 3400 1544 3440 ne
1581 3384 1784 3442 divisus
1829 3386 1921 3442 flat
1947 3388 2117 3445 imbe-

526 3477 717 3531 cillior.
742 3475 835 3532 llas
860 3475 1055 3529 divitiae
1073 3489 1263 3531 omnes
1281 3476 1515 3543 divitias,
1542 3491 1756 3533 omnem
1782 3478 2116 3549 thesaurum,

524 3580 740 3621 omnem
761 3565 1006 3636 gloriam,
1035 3580 1251 3621 omnem
1270 3568 1738 3635 existimationem,
1764 3584 1980 3626 omnem
2002 3572 2120 3628 cla-

528 3657 742 3712 ritatem
790 3656 944 3711 nobis
989 3656 1167 3726 largiri
1217 3665 1489 3726 poterunt.
1530 3657 1635 3713 Eas
1661 3659 2021 3727 obtineamus,
2063 3673 2118 3717 et

522 3742 670 3802 nulla
701 3761 760 3802 re
794 3746 896 3801 alia
926 3746 1223 3817 egebimus.
1251 3746 1310 3802 Si
1334 3748 1478 3803 enim
1507 3748 1597 3818 qui
1643 3749 1785 3819 turpi
1822 3764 2009 3806 amore
2037 3759 2120 3807 te-

524 3848 741 3899 nentur,
760 3846 815 3892 et
829 3836 1056 3907 alicujus
1074 3836 1281 3907 puellae,
1294 3852 1439 3908 saepe
1452 3838 1612 3894 etiam
1630 3837 1906 3907 deformis,
1922 3840 2117 3897 ardore

524 3927 885 3985 incenduntur
907 3968 923 3993 ,
954 3942 1056 3983 nec
1098 3938 1378 3999 parentum
1427 3929 1621 3995 minas,
1674 3944 1774 3986 nec
1818 3932 2113 3988 amicorum

522 4019 800 4085 convicia,
852 4032 954 4074 uec
996 4018 1224 4076 aliorum
1271 4019 1562 4076 multorum
1604 4021 1876 4092 quidpiam
1920 4034 2113 4080 curant

521 4109 1016 4180 reprehensionem,
1059 4110 1156 4167 sed
1199 4110 1268 4167 ad
1316 4112 1460 4167 illam
1503 4121 1772 4185 tamquam
1798 4115 1867 4171 ad
1890 4128 2112 4187 scopum

522 4200 825 4266 tendentes,
855 4210 912 4257 et
936 4200 1158 4259 domum
1175 4202 1498 4273 despiciunt,
1526 4214 1582 4260 et
1599 4214 1879 4275 paternam
1898 4207 2116 4265 heredi.

519 4299 684 4346 tatem
709 4333 726 4358 ,
773 4292 1002 4362 gloriam
1055 4300 1113 4348 et
1168 4294 1655 4362 existimationem,
1711 4301 2113 4372 amicorumque

516 4380 923 4439 adhortationes
968 4392 1358 4452 contemnunt,
1399 4387 1731 4444 aestimantes
1776 4404 1836 4445 se
1864 4406 2109 4463 magnam

520 4473 720 4528 habere
742 4474 886 4529 circa
915 4473 1034 4531 haec
1058 4476 1237 4531 omnia
1264 4478 1707 4543 consolationem,
1736 4481 1779 4535 si
1805 4482 1944 4559 apud
1972 4485 2111 4539 ami-

517 4577 638 4618 cam
670 4572 873 4619 tantum
904 4566 956 4621 in
1001 4568 1174 4638 pretio
1198 4576 1257 4623 et
1282 4568 1490 4624 honore
1532 4567 1751 4638 fuerint,
1800 4572 1925 4629 licet
1965 4575 2109 4644 vilis,

519 4654 747 4720 famosa,
778 4664 838 4711 et
863 4670 1217 4729 quascumque
1244 4673 1307 4713 ea
1327 4657 1526 4715 fuerit:
1558 4660 1651 4731 qui
1680 4662 1845 4718 Deum
1866 4674 1925 4718 ut
1950 4680 2113 4735 opor-

520 4752 598 4799 tet
622 4744 867 4815 diligunt,
897 4748 1201 4803 sentientne
1221 4765 1471 4819 umquam
1495 4767 1616 4821 quae
1640 4763 1767 4808 sunt
1787 4754 1927 4810 inter
1947 4757 2113 4814 homi-

520 4852 619 4893 nes
642 4846 733 4891 aut
760 4838 1037 4907 praeclara,
1065 4851 1157 4895 aut
1177 4842 1441 4897 molesta?
1463 4843 1573 4899 Nec
1592 4848 1871 4914 praesentis
1891 4850 2109 4919 quidem

518 4928 642 4982 vita:
669 4944 915 4999 pompam
937 4931 1358 5000 apprehendent,
1390 4942 1449 4988 ut
1475 4936 1565 5004 qui
1593 4935 1659 4990 ad
1690 4937 1837 4992 illum
1868 4953 2107 4996 amorem

515 5018 830 5087 dirigantur,
861 5020 956 5074 sed
977 5036 1189 5076 omnem
1217 5022 1467 5079 ridebunt
1489 5029 1920 5096 prosperitatem,
1938 5040 1991 5085 et
2021 5048 2107 5088 res

514 5126 703 5165 omnes
731 5112 983 5168 adversas
1008 5124 1353 5171 contennrcnt
1376 5157 1392 5183 ,
1431 5128 1487 5171 ut
1513 5122 1601 5189 qui
1632 5122 1739 5174 sint
1768 5122 1966 5192 alligati
2013 5124 2106 5179 Dei

514 5202 820 5267 desiderio,
853 5213 908 5257 et
952 5205 1080 5258 nihil
1110 5207 1251 5260 aliud
1293 5218 1515 5263 cernant
1561 5221 1915 5283 praeterquam
1961 5216 2105 5269 illum

519 5294 714 5360 solum,
746 5304 797 5349 et
825 5311 947 5349 cum
974 5312 1189 5368 semper
1218 5303 1483 5370 cogitent,
1529 5313 1583 5357 et
1617 5319 1675 5359 se
1714 5321 1834 5361 esse
1860 5309 2106 5365 omnibus

515 5383 779 5440 beatiores
819 5387 1145 5443 existiment.
1202 5390 1353 5446 Licet
1393 5392 1446 5446 in
1488 5404 1838 5465 paupertate,
1884 5398 2009 5455 licet
2052 5403 2103 5455 in

520 5476 831 5545 ignominia,
864 5477 987 5535 licet
1015 5482 1066 5535 in
1099 5483 1341 5549 vinculis,
1376 5485 1498 5541 licet
1530 5487 1580 5541 in
1610 5488 2005 5557 alictionihns,
2036 5496 2103 5547 li-

517 5578 600 5620 cet
624 5572 730 5623 sint
752 5572 801 5623 in
826 5574 1078 5629 extremis
1098 5576 1251 5630 malis
1286 5594 1299 5629 :
1330 5577 1382 5631 in
1410 5580 1659 5635 omnibus
1683 5597 1800 5652 qua:
1832 5584 2106 5651 patiuntur

517 5661 899 5718 existimabunt
927 5682 983 5719 se
997 5666 1230 5723 melioris
1248 5684 1366 5725 esse
1384 5673 1722 5739 conditionis,
1745 5691 1903 5745 quam
1926 5692 2101 5748 reges,

516 5750 882 5811 admirabilem
914 5760 1194 5827 quamdam
1213 5760 1473 5821 habentes
1489 5768 1930 5839 consolationem,
1960 5775 2099 5843 quod

1287 353 1345 411 S.
1383 350 1662 411 JOANNIS
2205 354 2526 414 ARCHIEP.
2566 356 3106 419 CONSTANTINOP.

3743 369 3845 427 161

2246 483 2310 524 ea
2339 471 2607 539 patiantur
2632 482 2851 543 propter
2868 489 2991 529 eum
3019 490 3175 545 quem
3197 474 3442 547 diligunt.

2312 560 2367 617 6.
2390 562 2650 631 Quocirca
2672 564 2866 620 Paulus
2886 582 3120 637 quoque,
3138 583 3258 624 cum
3279 582 3423 627 esset
3444 572 3501 627 in
3519 573 3847 644 quotidianls

2240 653 2536 719 mortibus,
2564 655 2616 709 in
2643 657 2979 725 carceribus,
3008 659 3063 713 in
3093 659 3381 732 naufragiis
3400 704 3414 727 ,
3448 664 3505 719 in
3534 665 3844 722 solitudini-

2240 744 2374 809 bus,
2408 745 2459 799 in
2489 744 2715 816 agellis
2736 786 2753 814 ,
2785 749 2839 803 in
2868 749 3342 809 innumerabilibus
3368 754 3490 811 aliis
3524 757 3841 827 suppliciis,

2240 832 2541 904 gaudebat,
2573 838 2874 894 exsultabat
2896 850 2951 895 et
2973 841 3304 910 gloriabatur
3348 845 3438 913 (2.
3474 844 3593 901 Cor.
3625 847 3717 903 ll.
3746 848 3850 904 23-

2238 924 2342 998 27)
2373 942 2389 982 :
2421 935 2476 981 et
2504 942 2647 998 nunc
2672 928 2887 998 quidem
2918 931 3129 986 dicebat
3162 950 3175 985 :
3206 932 3333 989 Non
3371 936 3537 991 solum
3580 948 3760 992 autem
3798 942 3851 994 in

2238 1030 2329 1085 spe
2368 1017 2545 1085 gloria:
2584 1015 2715 1083 Dei,
2756 1020 2847 1074 sed
2891 1020 3043 1075 etiam
3082 1022 3362 1095 gloriamur
3397 1027 3453 1080 in
3490 1028 3855 1099 aictionibus

2242 1105 2427 1175 (Rom.
2456 1107 2509 1163 5.
2541 1107 2596 1161 2.
2628 1109 2685 1179 3)
2710 1125 2725 1175 ;
2754 1125 2897 1165 nunc
2926 1124 3107 1169 autem
3135 1130 3323 1172 rursus
3349 1132 3367 1172 :
3395 1116 3608 1174 Gaudeo
3635 1122 3693 1175 in
3725 1138 3847 1189 pas-

2235 1194 2483 1264 sionibus,
2508 1206 2558 1251 et
2580 1200 2834 1270 adimpleo
2856 1219 2971 1275 qum
2993 1203 3173 1260 desunt
3200 1208 3546 1279 afictionibus
3570 1210 3771 1267 Christi
3796 1215 3852 1267 in

2236 1303 2390 1344 carne
2417 1306 2528 1343 mea
2556 1288 2775 1360 (Coloss.
2809 1296 2861 1350 l.
2890 1295 3018 1369 2t);
3043 1307 3101 1353 et
3122 1302 3347 1370 gratiam
3368 1317 3487 1359 eam
3518 1319 3633 1360 rem
3658 1318 3850 1375 vocat,

2237 1377 2308 1432 ita
2333 1380 2599 1437 contens
2628 1391 2686 1439 et
2710 1383 2899 1442 dicens
2927 1404 2942 1443 :
2972 1386 3138 1444 Nobis
3170 1392 3242 1445 ita
3273 1394 3432 1463 gratis
3454 1410 3489 1449 a
3515 1394 3723 1452 Christo
3747 1400 3849 1454 do-

2235 1479 2414 1525 natum
2429 1482 2525 1540 est,
2552 1483 2610 1529 ut
2633 1491 2733 1531 non
2754 1477 2917 1532 solum
2933 1480 2989 1533 in
3004 1480 3173 1551 ipsum
3194 1484 3481 1554 credamus,
3503 1487 3596 1541 sed
3613 1500 3670 1542 ut
3690 1490 3853 1545 etiam

2237 1578 2333 1629 pro
2359 1564 2473 1634 ipso
2509 1566 2766 1636 patiamur
2793 1567 3069 1642 (Philipp.
3101 1574 3153 1629 l.
3185 1573 3315 1646 29).
3342 1576 3455 1634 Nos
3483 1594 3703 1651 quoque
3730 1592 3851 1637 stu-

2235 1652 2457 1710 deamus
2494 1670 2617 1713 esse
2656 1658 2847 1714 eodem
2890 1666 3071 1718 animo
3094 1705 3109 1730 ,
3140 1673 3196 1720 et
3222 1681 3411 1723 omnes
3437 1685 3558 1741 quae
3598 1672 3852 1730 incidunt

2236 1745 2511 1802 molestias
2531 1789 2547 1813 ,
2577 1749 2785 1820 placide
2812 1762 2869 1808 et
2899 1752 3144 1813 lubenter
3170 1759 3423 1816 feramus.
3454 1762 3625 1820 Ferre
3656 1774 3849 1822 autem

2236 1837 2565 1905 poterimus,
2594 1839 2641 1895 si
2676 1840 2845 1898 Deum
2869 1844 2944 1899 ita
2970 1848 3362 1918 amaverimus,
3389 1861 3448 1907 ut
3470 1856 3676 1910 amavit
3716 1873 3849 1927 prn-

2236 1928 2416 1999 pheta.
2444 1930 2561 1988 Non
2589 1933 2767 1991 solum
2792 1939 2937 1993 enim
2960 1955 3028 1995 ex
3057 1956 3318 2013 responso
3339 1946 3431 2001 illo
3454 1947 3573 2018 ejus
3596 1964 3849 2007 amorem

2234 2020 2417 2112 videre
2442 2039 2746 2095 possumus,
2768 2030 2861 2085 sed
2889 2032 3050 2087 etiam
3073 2048 3140 2089 ex
3164 2037 3242 2091 eis
3267 2052 3386 2107 qua!
3410 2052 3847 2112 consequuntur.

2232 2109 2368 2166 Cum
2415 2114 2559 2170 enim
2600 2114 2872 2175 dixisset:
2902 2120 3342 2190 Quemadmodum
3380 2109 3638 2187 desiderat
3665 2150 3850 2191 cert-as

2234 2203 2303 2257 ad
2321 2208 2488 2274 fontes
2504 2222 2774 2277 aquarum,
2799 2213 2873 2266 ita
2896 2213 3146 2269 desiderat
3166 2217 3338 2273 animo
3359 2236 3473 2275 mea
3494 2222 3567 2276 ad
3585 2232 3659 2289 te,
3679 2223 3845 2290 Deus,

2233 2295 2508 2366 subjunxit
2529 2299 2712 2357 dicens
2736 2318 2751 2355 :
2772 2302 2827 2358 5.
2854 2301 3025 2359 Sitiait
3047 2306 3220 2361 animo
3243 2325 3355 2363 mea
3378 2313 3449 2364 ad
3464 2310 3635 2368 Deum
3656 2314 3847 2385 fortem

2232 2388 2399 2443 uiuum
2428 2406 2448 2445 :
2469 2392 2675 2462 quando
2708 2394 2906 2450 veniam
2942 2404 2988 2451 et
3023 2399 3279 2470 apparebo
3317 2412 3436 2458 mite
3470 2406 3662 2475 faciem
3699 2405 3848 2463 Dei!

2232 2478 2350 2537 Non
2379 2479 2514 2537 dixit
2540 2500 2555 2539 :
2584 2483 2793 2539 Amavit
2821 2487 3001 2543 anima
3030 2503 3147 2545 mea
3177 2490 3345 2548 Deum
3370 2493 3551 2549 vivum
3573 2534 3592 2562 ,
3620 2510 3804 2567 neque
3824 2540 3841 2563 ,

2234 2569 2429 2627 Dilexit
2466 2574 2643 2629 anima
2690 2590 2809 2632 mea
2851 2577 3018 2634 Deum
3058 2577 3284 2637 vivum:
3316 2582 3413 2639 sed
3438 2592 3497 2639 ut
3522 2586 3847 2645 ostenderet

2229 2658 2499 2731 affectum,
2530 2679 2771 2723 amorem
2811 2667 2955 2724 sitim
2987 2672 3223 2739 vocavit,
3254 2674 3413 2730 ambo
3443 2676 3601 2733 nobis
3625 2679 3844 2751 signiti-

2229 2766 2359 2809 cans
2377 2797 2393 2821 ,
2424 2764 2479 2811 et
2505 2756 2755 2814 ardorem
2784 2761 2986 2817 amoris
3004 2802 3020 2830 ,
3047 2772 3104 2819 et
3123 2764 3367 2835 ejusdem
3395 2772 3842 2839 perpetuitatem.

2229 2843 2693 2912 Quemadmodum
2721 2851 2864 2906 enim
2891 2852 2982 2923 qui
3012 2854 3228 2921 sitiunt,
3256 2872 3365 2912 non
3394 2856 3499 2915 hoc
3527 2858 3585 2915 in
3613 2875 3727 2917 uno
3751 2863 3846 2919 die
3946 2898 3951 2901 -

2230 2936 2523 3020 patiuntur,
2548 2948 2605 2994 et
2630 2939 2857 3008 duobus,
2890 2952 2946 2999 et
2971 2944 3162 3013 tribus,
3189 2947 3285 3002 sed
3324 2962 3421 3019 per
3446 2958 3614 3035 totam
3645 2953 3841 3018 vitam.

2228 3026 2298 3083 ad
2338 3026 2445 3084 hoc
2472 3016 2573 3085 nos
2595 3028 2825 3088 ducente
2850 3042 3038 3089 natura
3069 3052 3086 3090 :
3114 3037 3185 3092 ita
3212 3016 3376 3094 etiam
3406 3019 3596 3098 beatus
3624 3042 3717 3100 ille
3741 3086 3758 3111 ,
3786 3016 3845 3101 ct

2226 3132 2417 3175 omnes
2444 3121 2638 3190 sancti,
2666 3137 2777 3178 non
2800 3139 2909 3179 uno
2933 3125 3107 3182 solum
3136 3126 3224 3184 die
3252 3128 3467 3186 fuerunt
3489 3133 3545 3187 in
3570 3148 3844 3206 compun-

2224 3211 2405 3267 ctione
2426 3250 2443 3278 ,
2473 3211 2614 3268 sicut
2635 3213 2791 3270 multi
2817 3214 3062 3274 homines
3083 3258 3100 3285 ,
3128 3234 3230 3276 nec
3258 3220 3502 3289 duobus,
3531 3239 3636 3283 nec
3662 3226 3843 3283 tribus

2226 3302 2368 3375 (hoc
2394 3304 2538 3359 enim
2565 3319 2674 3361 non
2699 3317 2844 3363 esset
2871 3307 3202 3382 mirandum)
3222 3353 3240 3376 ,
3270 3311 3368 3369 sed
3394 3315 3613 3373 assidue
3640 3327 3698 3375 et
3723 3319 3843 3376 sin-

2224 3398 2363 3467 gulis
2399 3398 2590 3454 diehus
2622 3400 2871 3472 religiose
2898 3416 3082 3460 amare
3108 3407 3526 3481 perseverabant
3545 3449 3562 3475 ,
3591 3420 3649 3467 et
3676 3426 3839 3470 amo-

2224 3504 2337 3544 rem
2368 3490 2651 3562 augebant.
2682 3492 2835 3559 Quod
2865 3494 3081 3564 quidem
3119 3498 3236 3568 ipse
3270 3514 3486 3571 quoque
3519 3503 3840 3575 signicans

2223 3579 2434 3636 diccbat
2466 3599 2479 3635 :
2510 3580 2683 3638 Sitioit
2725 3584 2898 3639 animo
2934 3602 3046 3641 mea
3083 3586 3153 3642 ad
3193 3586 3361 3645 Deum
3399 3593 3585 3663 fortem
3622 3595 3832 3664 uiuum,

2222 3671 2381 3726 simul
2421 3682 2476 3727 et
2510 3687 2725 3729 causam
2755 3676 2943 3732 volens
2978 3677 3161 3736 dicere
3182 3722 3198 3746 ,
3226 3690 3285 3736 ut
3322 3696 3418 3753 per
3448 3692 3503 3739 te
3536 3686 3788 3742 ostendat
3815 3729 3836 3755 ,

2221 3762 2495 3832 quomodo
2522 3766 2644 3836 quis
2671 3766 2840 3822 Deum
2870 3770 2951 3825 sic
2976 3785 3159 3828 amare
3200 3775 3388 3844 possit.
3417 3776 3531 3833 lioc
3554 3780 3701 3834 enim
3731 3782 3836 3837 de-

2220 3853 2441 3908 claravit
2462 3870 2562 3925 per
2585 3871 2646 3911 ea
2671 3873 2792 3928 qua:
2817 3870 3134 3931 sequuntur,
3162 3878 3284 3919 cum
3310 3865 3446 3922 dixit
3471 3885 3486 3921 :
3513 3868 3694 3924 Sitiait
3717 3875 3838 3927 ani-

2220 3962 2306 3999 ma
2336 3963 2448 4002 mea
2471 3948 2541 4002 od
2568 3947 2735 4004 Deum
2756 3992 2772 4017 ,
2799 3961 2855 4007 et
2882 3953 3153 4025 subjungit
3188 3955 3367 4032 Vivum
3388 3975 3407 4013 :
3433 3962 3835 4033 propemodum

2220 4036 2452 4094 suadens
2472 4047 2531 4093 et
2558 4040 2859 4097 vociferans
2891 4044 3142 4102 omnibus
3175 4049 3266 4118 qui
3313 4051 3476 4107 rebus
3515 4053 3677 4123 hujus
3700 4056 3833 4114 vita

2219 4124 2431 4182 inhiant
2456 4144 2471 4183 :
2493 4127 2632 4196 Quid
2659 4130 2712 4186 in
2736 4146 2962 4203 corpora
2989 4135 3270 4193 insanitis?
3288 4139 3415 4209 quid
3439 4156 3667 4212 corpora
3686 4161 3835 4202 ama-

2222 4214 2330 4271 tis?
2356 4217 2482 4287 quid
2523 4219 2748 4289 gloriam
2777 4221 3095 4280 desideratis
3113 4226 3139 4280 2
3160 4227 3288 4299 quid
3316 4233 3701 4304 concupiscitis
3726 4253 3831 4291 vu-

2222 4305 2514 4377 luptatem?
2558 4310 2699 4367 Nihil
2733 4327 2921 4369 eorum
2958 4327 3140 4374 manet
3164 4328 3218 4374 et
3243 4320 3372 4376 vivit
3398 4334 3692 4395 perpetuo,
3727 4329 3829 4384 sed

2217 4399 2412 4456 difuit
2437 4409 2492 4457 et
2518 4404 2784 4472 praeterit,
2812 4419 2867 4463 et
2892 4417 2977 4464 est
3004 4411 3192 4467 umbra
3218 4413 3459 4483 inanius,
3490 4419 3830 4492 somniisque

2218 4489 2462 4550 fallacius
2485 4536 2500 4560 ,
2533 4507 2597 4549 ac
2620 4497 2778 4553 citius
2805 4514 2965 4568 quam
2994 4502 3143 4557 verni
3184 4502 3347 4562 ores
3373 4489 3750 4582 corrumpitur
3767 4524 3829 4570 et

2217 4580 2419 4637 interit.
2450 4583 2643 4650 Quidni
2673 4587 2816 4643 enim
2846 4588 3005 4645 citius
3028 4593 3301 4664 corrumpi
3340 4595 3516 4654 dicam
3552 4580 3610 4655 et
3646 4600 3827 4658 inter-

2216 4670 2297 4729 ire
2315 4714 2330 4739 ,
2359 4688 2482 4729 cum
2510 4675 2616 4731 alia
2643 4678 2859 4747 quidem
2899 4695 3001 4737 nos
3036 4683 3344 4755 relinquant
3370 4688 3531 4745 simul
3557 4704 3683 4747 cum
3714 4693 3825 4749 vita

2216 4764 2489 4832 prasenti,
2510 4766 2614 4821 alia
2637 4769 2797 4824 etiam
2823 4780 2950 4827 ante
2968 4771 3369 4833 dissolvantur?
3392 4776 3599 4837 incerta
3618 4794 3705 4839 est
3730 4800 3826 4841 co-

2216 4869 2336 4910 rum
2367 4858 2659 4927 possessio,
2694 4859 2957 4919 instabilis
2981 4879 3169 4923 eorum
3198 4884 3327 4925 usus
3351 4878 3407 4926 et
3430 4872 3631 4943 fruitio,
3658 4878 3823 4939 velox

2212 4955 2299 4999 est
2323 4947 2550 5001 mutatio
2577 4965 2591 5002 :
2621 4950 2673 5004 in
2700 4950 2813 5006 Deo
2837 4964 3016 5010 autem
3042 4957 3170 5013 nihil
3196 4968 3281 5014 est
3302 4960 3586 5031 ejusmodi,
3614 4968 3711 5023 sed
3744 4972 3826 5026 vi-

2212 5038 2292 5091 vit
2314 5038 2530 5108 quidem
2562 5050 2619 5096 et
2646 5053 2826 5100 manet
2850 5058 3109 5117 perpetuo
3132 5091 3148 5114 ,
3186 5052 3384 5109 nullam
3426 5059 3779 5117 mutationem
3807 5104 3825 5128 ,

2217 5142 2314 5184 nec
2352 5129 2516 5185 ullam
2556 5136 2960 5191 conversionem
3003 5141 3320 5212 suscipiens.
3350 5144 3577 5204 Caducis
3602 5165 3734 5222 ergo
3765 5164 3823 5209 ct

2214 5223 2604 5277 momentaneis
2628 5225 2831 5281 relictis
2850 5269 2865 5293 ,
2894 5243 3015 5283 eum
3042 5232 3131 5300 qui
3162 5243 3246 5289 est
3273 5246 3508 5293 notemus
3534 5251 3589 5294 et
3616 5256 3818 5312 perpe.

2213 5320 2336 5367 tuus
2363 5329 2623 5371 amemus.
2656 5316 2840 5389 Neque
2866 5322 3008 5375 enim
3041 5323 3154 5379 eri
3192 5337 3402 5395 potest,
3436 5340 3493 5384 ut
3530 5334 3619 5403 qui
3662 5335 3815 5392 illum

2212 5414 2375 5471 amat,
2408 5404 2613 5474 pudore
2642 5423 2891 5478 umquam
2922 5412 3225 5471 afciatur:
3255 5417 3368 5473 eri
3404 5435 3510 5475 non
3552 5432 3730 5491 potest
3760 5436 3817 5483 ut

2211 5497 2280 5552 ab
2306 5514 2372 5553 eo
2398 5502 2607 5557 excidat
2634 5520 2646 5554 :
2677 5505 2789 5559 fieri
2818 5522 2925 5563 non
2958 5519 3217 5578 potest'ut
3238 5527 3305 5568 eo
3328 5529 3485 5584 quem
3514 5530 3679 5586 amat,
3713 5526 3811 5580 de.

2213 5590 2487 5646 stituatur.
2518 5591 2616 5662 Qui
2641 5605 2784 5650 amat
2810 5601 3064 5669 pecunias
3086 5644 3101 5667 ,
3127 5603 3213 5658 vel
3252 5616 3425 5661 morte
3453 5608 3769 5665 adveniente
3791 5654 3808 5677 ,

2214 5685 2294 5737 vel
2324 5685 2486 5739 etiam
2515 5694 2639 5741 ante
2668 5700 2896 5745 mortem
2927 5693 3159 5750 nudatur
3188 5696 3253 5751 iis
3279 5713 3399 5769 qua:
3421 5700 3710 5758 desiderat.
3746 5704 3804 5759 Ei

2213 5786 2426 5841 quoque
2462 5780 2550 5850 qui
2595 5792 2910 5850 prtesentcm
2938 5795 3079 5840 amat
3116 5787 3372 5860 gloriam,
3404 5794 3633 5867 idipsum
3667 5810 3810 5867 saepe
