4068 6440
243 404 355 464 ηδ

241 512 458 573 accidit.
490 511 784 582 Corporum
825 516 1006 562 autem
1053 499 1393 577 pulchritudo
1417 515 1564 571 saepe
1593 499 1659 554 iis
1683 540 1697 564 ,
1726 512 1858 568 quas

244 605 501 679 praedicta
544 613 669 659 sunt
693 646 708 669 ,
747 600 918 657 multo
959 600 1117 656 cilius
1157 594 1560 667 exstinguitur:
1590 604 1646 648 et
1672 589 1853 647 omnia

242 713 367 769 qua:
399 697 467 753 ad
496 697 631 752 hanc
657 694 817 749 vitam
837 732 855 761 ,
881 700 940 747 ut
965 689 1135 746 semel
1162 687 1337 744 dicam
1356 727 1372 753 ,
1400 684 1699 757 pertinent,
1728 690 1856 739 sunt

242 790 446 848 caduca
472 800 531 845 et
560 797 951 850 momentanea,
978 798 1043 839 ac
1068 782 1380 853 priusquam
1406 779 1585 834 adsint
1606 786 1663 833 et
1690 790 1855 847 appa-

245 893 432 949 reaut,
479 882 719 953 protinus
758 879 1025 935 resiliunt.
1071 875 1441 946 Spiritualium
1483 880 1662 927 autem
1700 884 1856 925 amor

244 985 434 1030 contra
460 988 523 1029 se
551 972 732 1034 habet,
762 970 977 1026 assidue
1007 968 1153 1039 viget
1175 975 1230 1023 et
1257 965 1429 1031 lloret,
1461 979 1567 1019 non
1596 962 1856 1018 novitse-

245 1066 394 1121 nium
416 1105 432 1130 ,
465 1078 574 1118 non
611 1062 835 1131 suscipit
870 1068 1230 1125 vetustatem,
1262 1070 1365 1112 nec
1399 1055 1493 1111 ulli
1534 1051 1852 1117 mutationi,

245 1155 625 1221 conversioni,
654 1164 710 1210 et
748 1153 1063 1224 ignorantiae
1109 1149 1407 1206 futurorum
1441 1157 1525 1203 est
1551 1146 1851 1210 obnoxius;

248 1247 342 1302 sed
384 1246 473 1301 bic
511 1244 671 1301 etiam
703 1242 861 1310 juvat
891 1256 987 1298 eos
1024 1240 1113 1311 qui
1156 1238 1465 1309 possident,
1495 1250 1591 1292 eos
1621 1234 1855 1305 undique

247 1336 452 1402 vallat,
474 1348 674 1404 eosque
694 1332 789 1404 qui
821 1347 891 1388 ex
932 1332 1041 1385 vita
1071 1328 1432 1390 excesserint,
1462 1341 1567 1381 non
1598 1324 1851 1391 dimittit,

247 1426 347 1483 sed
375 1440 477 1481 una
505 1440 626 1480 cum
656 1424 762 1479 illis
789 1422 1178 1494 peregrinatur,
1208 1428 1263 1475 et
1293 1434 1395 1474 una
1422 1433 1545 1473 cum
1576 1416 1679 1472 illis
1706 1432 1857 1471 rece-

245 1518 359 1584 dit,
388 1528 445 1575 et
472 1518 600 1588 ipsis
625 1515 977 1571 luminaribus
998 1528 1097 1570 eos
1126 1513 1303 1569 reddit
1345 1512 1435 1566 illo
1461 1512 1549 1566 die
1573 1510 1852 1565 clariores.

246 1610 382 1679 Qua:
429 1609 646 1680 quidem
693 1609 872 1663 sciens
912 1621 1126 1677 quoque
1176 1605 1365 1658 beatus
1410 1602 1616 1667 David,
1662 1602 1713 1655 iu
1760 1600 1856 1655 1)νί

248 1715 437 1756 amore
467 1697 867 1775 perseveravit,
897 1692 1242 1763 amoremque
1271 1694 1414 1747 intus
1430 1692 1717 1747 continuere
1748 1705 1855 1744 non

246 1792 534 1859 sustinuit,
565 1790 658 1845 sed
684 1788 1023 1844 audientibus
1048 1787 1194 1841 omni
1225 1787 1433 1840 ratione
1461 1785 1639 1856 ignem
1668 1794 1856 1839 osten-

244 1883 379 1938 dere
398 1880 692 1945 contendit,
716 1894 823 1950 quo
845 1880 986 1933 intus
1006 1877 1251 1933 ardebat.
1276 1875 1410 1931 Cum
1431 1876 1576 1931 enim
1598 1874 1853 1930 dixisset:

246 1972 422 2028 Sitieit
449 1971 622 2025 anima
658 1987 770 2024 mea
798 1968 866 2023 ad
897 1968 1065 2023 Deum
1091 1972 1273 2041 fortem
1299 1968 1467 2021 vivunt
1491 2009 1504 2030 ,
1534 1964 1850 2034 subjunxit:

250 2063 474 2131 Quando
501 2062 697 2117 ueniam
723 2071 771 2115 et
795 2061 1055 2131 apparebo
1080 2070 1198 2113 ante
1219 2060 1401 2129 faciem
1434 2057 1576 2111 Dei?
1604 2057 1734 2111 Vide
1760 2071 1853 2111 ar-

242 2154 460 2209 dentem
488 2153 781 2219 hominem,
811 2152 935 2207 vide
968 2151 1377 2206 inﬂammatum.
1406 2150 1594 2205 Sciens
1622 2149 1763 2204 enim
1795 2163 1856 2203 se

245 2264 370 2303 cum
400 2248 523 2303 hinc
548 2248 855 2313 recesserit,
885 2261 1008 2301 eum
1038 2261 1159 2300 esse
1193 2245 1453 2309 visurum,
1486 2258 1553 2297 ne
1578 2251 1853 2312 exspectat

242 2338 465 2410 quidem
505 2337 815 2394 dilationem
845 2354 861 2392 :
892 2352 1205 2408 moramque
1236 2351 1341 2390 non
1387 2336 1610 2403 patitur,
1640 2333 1735 2388 sed
1769 2335 1856 2389 hic

244 2431 403 2486 nobis
428 2431 672 2500 spiritum
699 2429 936 2485 ostendit
963 2429 1336 2498 apostolicum.
1367 2426 1579 2481 Etenim
1609 2425 1697 2481 ille
1721 2441 1855 2495 quo-

241 2538 349 2593 que
390 2521 773 2593 ingemiscebat
811 2529 1029 2591 propter
1058 2519 1462 2574 diuturnitatem
1508 2517 1664 2589 hujus
1694 2533 1851 2588 perc-

239 2613 581 2685 grinatiunis.
624 2612 861 2681 ldipsutn
900 2611 1021 2666 huic
1060 2626 1273 2682 qucque
1314 2610 1582 2664 usuvenit.
1626 2608 1692 2663 Et
1732 2607 1853 2662 ideo

241 2704 488 2769 dicebat,
532 2702 749 2769 Quando
788 2703 983 2756 veniam
1011 2712 1059 2757 et
1086 2700 1343 2773 apparebo
1378 2711 1496 2756 ante
1532 2702 1714 2770 facient
1752 2697 1852 2753 Dei

242 2796 340 2870 (2.
374 2796 487 2851 Car.
599 2795 636 2849 2
655 2794 675 2867 )
694 2797 719 2846 ‘1
748 2795 816 2849 Et
840 2795 886 2849 si
920 2805 1064 2850 esset
1090 2794 1305 2864 quidem
1351 2794 1590 2862 privatus
1616 2792 1810 2861 aliquis
1830 2829 1847 2855 ,

242 2888 565 2958 humilisqtte
594 2897 648 2943 et
671 2888 914 2955 abjeetus
934 2929 949 2954 ,
980 2896 1035 2941 et
1062 2886 1249 2941 vivens
1277 2886 1328 2941 in
1359 2893 1701 2955 paupertate,
1733 2898 1847 2938 ma-

238 2994 405 3053 gnum
440 2979 655 3049 quidem
696 2988 839 3034 esset
883 2978 968 3034 vel
1006 2978 1083 3033 sic
1113 2979 1274 3032 vitam
1315 2983 1636 3049 praesentem
1660 2986 1850 3032 conte—

237 3085 467 3128 tnnere:
501 3069 595 3125 sed
634 3086 739 3124 non
777 3079 924 3125 esset
964 3067 1035 3124 ita
1079 3085 1330 3140 magnum
1354 3110 1369 3134 ,
1399 3077 1458 3122 nt
1495 3083 1637 3122 nunc
1665 3082 1847 3136 regem

236 3164 425 3219 videre
451 3164 612 3217 tantis
641 3163 908 3218 fruentem
935 3162 1144 3218 deliciis
1163 3202 1177 3226 ,
1207 3171 1475 3230 tantmquc
1500 3161 1686 3232 gloria:
1713 3175 1848 3215 con-

232 3268 464 3318 sortem,
490 3255 907 3311 innumerabiles
929 3255 1178 3310 victorias
1198 3264 1614 3325 consequutnm,
1641 3255 1693 3309 in
1721 3255 1849 3307 mul-

236 3348 309 3403 tis
332 3347 491 3403 bellis
518 3346 777 3402 victorem
802 3348 951 3401 omni
976 3362 1040 3401 ex
1068 3356 1222 3417 parte
1247 3347 1471 3412 clarum,
1504 3348 1768 3417 insignem
1794 3356 1849 3401 et

234 3440 538 3505 illustrem;
570 3442 685 3495 bare
727 3440 906 3495 omnia
939 3441 1194 3506 irridere,
1231 3441 1474 3506 divilias,
1505 3441 1764 3510 gloriam,
1794 3452 1847 3496 et

228 3546 426 3587 omnes
452 3530 711 3597 delicias,
741 3531 807 3586 ad
835 3531 1009 3586 futura
1039 3541 1217 3586 autem
1248 3533 1489 3603 aspirare
1513 3544 1569 3587 et
1593 3533 1800 3589 inhiare
1826 3552 1840 3589 :

231 3621 338 3677 hoc
362 3630 447 3678 est
470 3622 646 3693 magni
670 3622 946 3693 cujusdam
973 3632 1026 3678 et
1048 3622 1246 3678 excelsi
1271 3624 1454 3687 animi,
1487 3624 1589 3679 hoc
1613 3635 1698 3680 est
1724 3626 1843 3679 ani-

231 3729 338 3770 mae
366 3730 486 3785 qua:
516 3724 728 3770 tenetur
768 3716 949 3772 studio
985 3716 1294 3788 sapientiai,
1323 3726 1375 3772 et
1412 3716 1617 3773 curlcsti
1656 3733 1844 3774 amore

230 3822 360 3863 vere
388 3818 545 3878 capta
570 3819 673 3864 est.

304 3903 358 3955 7.
387 3901 525 3957 Eum
552 3917 649 3957 nos
673 3918 889 3974 quoque
920 3904 1226 3965 imitemur,
1256 3920 1324 3960 ne
1359 3906 1641 3976 praesentia
1669 3906 1841 3962 admi-

228 4006 431 4057 remur,
465 4003 525 4047 ut
559 3994 887 4049 admiremur
923 3994 1099 4049 futura
1135 4013 1148 4050 :
1178 3997 1260 4051 vel
1298 3998 1476 4065 potius
1508 3997 1842 4054 admiremur

226 4084 436 4148 futura,
466 4101 535 4141 ne
571 4086 902 4142 admiremur
938 4089 1243 4157 praesentia.
1278 4089 1334 4145 Si
1362 4089 1507 4144 enim
1535 4090 1587 4145 in
1615 4090 1721 4146 illis
1745 4106 1840 4146 co-

225 4178 460 4249 gitandis
488 4190 744 4251 perpetuo
770 4196 1070 4247 versemur,
1097 4192 1151 4236 et
1176 4198 1400 4253 regnum
1426 4184 1705 4249 ctelorum,
1737 4184 1840 4239 im-

226 4270 607 4326 mortalitatem
632 4312 647 4335 ,
692 4272 852 4327 vitam
892 4289 1013 4343 qua:
1042 4286 1329 4344 numquam
1358 4274 1601 4342 desinet,
1630 4275 1835 4332 ducen-

223 4361 351 4417 dam
401 4377 523 4418 eum
572 4363 778 4434 angelis
824 4365 1123 4431 choream,
1170 4365 1403 4421 futuram
1448 4381 1573 4423 cum
1618 4367 1836 4423 Clu-isto

220 4455 712 4522 conversationem,
739 4456 966 4528 gloriam
996 4459 1141 4513 illam
1167 4474 1288 4530 qua
1317 4475 1608 4529 numquam
1652 4462 1835 4517 interit

218 4554 317 4601 aut
336 4547 728 4618 corrumpitur;
754 4548 916 4604 vitam
938 4560 1118 4606 autem
1142 4551 1208 4604 ab
1229 4552 1373 4605 omni
1397 4552 1584 4608 dolore
1607 4553 1831 4610 liberam

220 4636 365 4708 apud
394 4652 497 4693 nos
523 4637 669 4708 ipsos
692 4639 1121 4704 consideremus,
1150 4652 1206 4697 et
1232 4642 1373 4713 quod
1404 4644 1674 4717 lacrymre,
1702 4661 1831 4718 pro-

220 4730 340 4793 bra,
372 4729 675 4794 maledicta,
702 4746 870 4797 mors,
903 4732 1138 4798 tristitia,
1171 4734 1343 4799 labor,
1373 4746 1645 4805 senectus,
1679 4755 1827 4792 mur-

218 4820 342 4887 hus,
376 4822 658 4891 agritudo,
688 4837 979 4894 paupertas
1004 4832 1059 4879 et
1088 4826 1375 4888 calumnia,
1410 4827 1659 4893 viduitas,
1700 4846 1827 4901 pre-

215 4924 401 4967 catum
423 4922 479 4968 et
501 4914 903 4982 condemnatio,
931 4932 1087 4985 ptem
1115 4930 1166 4973 et
1194 4920 1533 4989 supplicium,
1558 4934 1612 4976 et
1635 4924 1676 4976 si
1700 4924 1825 4994 quid

216 5014 304 5057 est
345 5003 487 5059 aliud
524 5005 575 5059 in
617 5006 721 5059 vita
762 5010 1012 5075 pncsmiti
1048 5010 1331 5064 molestum
1356 5019 1415 5065 et
1446 5012 1699 5067 acerbum
1722 5057 1734 5073 .
1762 5030 1824 5068 ea

212 5094 399 5148 Omnia
433 5096 653 5164 eapnlsa
699 5106 823 5150 sunt
855 5116 868 5150 :
904 5099 1022 5153 loco
1062 5111 1242 5155 autem
1283 5116 1471 5156 eorum
1524 5104 1823 5158 introdm-ta

212 5194 347 5240 sunt
388 5204 506 5256 pax,
542 5190 754 5254 lenitas,
797 5193 1175 5255 mansuetudo,
1209 5194 1445 5261 dilectio,
1477 5196 1681 5263 lietitia,
1713 5201 1826 5267 glu—

212 5281 293 5336 ria
314 5322 332 5347 ,
362 5283 554 5347 honor,
584 5284 859 5352 splendor,
894 5296 943 5340 et
972 5287 1111 5354 alia,
1140 5304 1260 5357 qum-
1290 5304 1358 5343 ne
1398 5301 1578 5359 posset
1607 5293 1821 5361 quidem

211 5374 391 5428 oratio
426 5378 700 5448 consequi,
734 5378 865 5432 nihil
912 5394 1010 5433 nos
1040 5396 1216 5435 rerum
1246 5384 1424 5453 capiet
1452 5388 1820 5455 pra-sentium,

211 5464 312 5519 sed
364 5466 658 5535 poterimus
705 5485 806 5525 nos
848 5486 1061 5542 quoque
1109 5473 1289 5530 dicere
1341 5491 1461 5528 cum
1519 5477 1819 5545 proxiheta,

213 5554 436 5622 Quando
461 5558 657 5611 veniant
685 5568 734 5613 et
762 5563 1019 5632 apparebo
1048 5574 1167 5618 ante
1191 5566 1373 5634 facient
1396 5564 1537 5620 Dei?
1561 5579 1615 5623 et
1647 5572 1715 5623 ita
1742 5572 1823 5625 af—

211 5648 383 5702 fectos
410 5664 509 5704 nec
534 5667 621 5705 res
642 5652 938 5722 splendida:
964 5664 1019 5709 et
1044 5656 1295 5712 secunda:
1323 5674 1421 5712 nos
1443 5657 1691 5727 ederent,
1719 5678 1820 5717 nec

213 5737 508 5797 insolentes
532 5741 807 5811 efficient;
840 5760 939 5802 nec
966 5762 1086 5818 qua:
1116 5756 1242 5803 sunt
1270 5750 1493 5806 molesta
1526 5765 1587 5806 ac
1611 5755 1815 5822 gravia,

211 5831 428 5891 "latitia
454 5833 688 5892 allicient
713 5853 726 5901 ;
760 5852 868 5893 non
910 5839 1105 5895 invidia
1128 5881 1140 5905 ,
1179 5856 1284 5897 non
1310 5858 1443 5896 vana
1472 5842 1638 5914 gloria
1663 5886 1675 5913 ,
1708 5860 1815 5903 non

1376 382 1739 445 EXPOSITIO
1776 379 1844 439 IN
1882 378 2209 440 PSALMUM
2249 382 2388 440 XLI.

3474 380 3578 435 ιω

1962 493 2162 566 aliquid
2183 496 2330 552 aliud
2355 512 2454 553 nos
2480 511 2731 568 umquam
2756 497 2960 553 efferet.
2985 497 3063 552 Nc
3084 496 3193 551 huc
3211 510 3343 565 ergo
3370 506 3577 550 tenuere

1962 586 2346 659 ingrediantur.
2373 604 2549 660 neque
2571 606 2827 661 reSponsa
2850 590 3217 662 perfunctorie
3237 590 3573 657 emittamus,

1961 679 2056 735 sed
2082 694 2146 735 ea
2175 693 2272 750 pro
2308 678 2502 736 baculo
2538 692 2817 738 sumentes
2845 681 3205 752 egrediamur.
3237 679 3448 737 Sufﬁcit
3474 696 3574 735 au-

1962 777 2068 825 tem
2100 770 2466 842 unusquisque
2493 786 2683 828 versus
2708 782 2765 828 ut
2789 772 2945 828 nobis
2969 780 3251 842 comparet
3282 771 3574 842 plurimum

1964 859 2339 931 philosophiae,
2373 871 2432 917 ut
2459 863 2693 934 corrigat
2718 863 3028 934 dogmatum
3062 864 3408 929 sententiam,
3437 872 3495 918 et
3520 874 3577 916 nt

1960 952 2149 1007 κήτει-ιιι
2177 955 2467 1010 maximam
2489 955 2612 1009 vita:
2639 956 2922 1012 utilitatem
2951 973 2965 1009 :
2992 966 3047 1012 et
3067 956 3114 1012 si
3143 971 3577 1026 unamquamque

1960 1042 2248 1100 dictionem
2271 1055 2459 1114 exacte
2480 1055 2902 1117 perscrutemur,
2924 1046 3215 1104 admodum
3237 1047 3430 1103 uberes
3453 1048 3577 1103 imle

1960 1132 2169 1189 fructus
2188 1135 2527 1206 colligemus.
2553 1136 2742 1208 Neque
2768 1139 2911 1193 enim
2939 1148 3330 1209 paupertatem,
3355 1154 3459 1195 nec
3483 1156 3580 1194 ne-

1960 1225 2140 1295 gotia,
2173 1240 2275 1282 nec
2318 1227 2624 1283 tarditatem
2666 1227 2756 1284 hic
2792 1245 2932 1300 opus
2971 1240 3056 1286 est
3100 1244 3418 1301 pranexere.
3465 1231 3577 1287 Etsi

1961 1317 2106 1372 enim
2134 1318 2208 1373 sis
2235 1306 2457 1389 pauper,
2481 1330 2534 1375 et
2560 1330 2779 1391 propter
2801 1331 3171 1392 paupertatem
3193 1322 3347 1378 libris
3367 1338 3577 1388 careas,

1961 1412 2045 1467 vel
2082 1412 2249 1468 libros
2282 1412 2503 1484 quidem
2540 1412 2744 1470 habeas
2767 1458 2782 1481 ,
2823 1431 2931 1471 non
2977 1424 3229 1487 suppetat
3270 1432 3450 1471 autem
3485 1417 3579 1471 tibi

1962 1505 2129 1559 otium
2153 1547 2167 1571 ,
2201 1505 2332 1561 mihi
2374 1516 2578 1562 tantum
2623 1524 2885 1580 responsa
2933 1510 3268 1565 Psalmoruin
3308 1512 3576 1575 observa,

1963 1612 2083 1667 qua:
2111 1596 2538 1654 hicsuccinuisti
2568 1614 2674 1654 non
2703 1601 2892 1667 semel,
2923 1616 3032 1656 non
3068 1603 3171 1668 bis,
3209 1618 3315 1656 non
3350 1613 3451 1668 ter,
3482 1603 3607 1673 Sed.

1960 1701 2109 1756 saepe
2130 1728 2149 1755 ,
2180 1696 2238 1743 et
2262 1704 2329 1743 ex
2357 1704 2424 1744 eo
2455 1704 2700 1760 magnam
2732 1692 2914 1762 capies
2951 1693 3405 1750 consolationem.
3450 1693 3582 1750 Vide

1961 1796 2093 1851 ergo
2120 1791 2379 1851 quantum
2425 1783 2579 1838 nobis
2615 1784 2929 1840 thesaurum
2971 1789 3244 1856 aperuerit
3282 1787 3366 1842 vel
3406 1788 3582 1857 ipsum

1962 1886 2305 1940 responsum.
2334 1872 2444 1928 Nec
2471 1872 2602 1928 mihi
2635 1872 2779 1930 dicat
2809 1876 3074 1946 quispiam
3094 1917 3111 1942 ,
3143 1883 3283 1932 Ante
3311 1878 3580 1950 interpre-

1965 1961 2221 2016 tationem
2267 1963 2576 2018 nesciebam
2616 1964 2743 2034 quid
2784 1966 3011 2023 valeret.
3072 1966 3204 2022 Nam
3250 1968 3412 2023 etiam
3452 1978 3584 2025 ante

1961 2052 2461 2123 interpretationem
2499 2058 2646 2111 omni
2690 2067 2933 2127 tempore
2968 2075 2996 2112 a
3040 2060 3258 2116 volente
3288 2070 3582 2133 utcumque

1960 2146 2198 2200 animum
2228 2146 2485 2203 adhibere
2516 2149 2654 2204 bene
2694 2160 2870 2218 po:e.-t
2898 2152 3120 2223 intelligi
3149 2168 3496 2224 responsum.
3524 2156 3582 2211 Si

1960 2240 2103 2293 enim
2148 2239 2376 2310 teipsum
2418 2242 2759 2298 solummodo
2786 2244 3037 2299 docueris
3064 2247 3246 2302 dicere
3272 2290 3285 2311 ,
3318 2249 3579 2315 Quemad-

1960 2330 2167 2384 modum
2197 2331 2452 2387 desiderat
2481 2351 2657 2389 cervus
2681 2337 2750 2389 ad
2773 2340 2937 2408 fontes
2963 2355 3215 2407 aquarum
3234 2382 3248 2403 ,
3273 2341 3346 2393 ita
3376 2341 3581 2393 deside-

1958 2430 2040 2474 rat
2067 2421 2240 2475 anima
2267 2439 2377 2477 mea
2401 2425 2470 2477 ad
2496 2434 2562 2492 te,
2595 2423 2735 2482 Deus
2760 2443 2781 2481 :
2800 2427 2955 2482 sitirit
2980 2429 3151 2482 anima
3182 2446 3294 2483 utea
3316 2431 3385 2483 ad
3415 2429 3579 2485 Dt'ttm

1958 2510 2141 2579 fortem
2172 2514 2341 2568 vivunt
2373 2533 2389 2569 :
2420 2518 2626 2587 quando
2664 2520 2861 2573 auiam
2894 2530 2940 2574 ct
2966 2520 3227 2591 apparebo
3256 2532 3376 2578 ante
3396 2523 3579 2592 [aciem

1959 2602 2103 2658 Dei?
2132 2605 2183 2659 id
2222 2608 2301 2660 vel
2345 2620 2469 2662 ante
2516 2610 3016 2679 interpretationem
3061 2612 3335 2669 suffecerit
3376 2616 3470 2671 tibi
3512 2617 3579 2672 ad

1959 2711 2176 2753 omnem
2208 2699 2652 2755 intruducendam
2694 2702 3110 2773 philosomiiam.
3143 2705 3328 2777 Neque
3358 2707 3459 2761 boe
3486 2727 3578 2762 su-

1958 2788 2094 2856 lum,
2122 2789 2216 2845 sed
2246 2791 2406 2845 etiam
2434 2794 2857 2864 unumquodque
2888 2812 3207 2866 responsum
3235 2799 3455 2856 easdem
3484 2819 3572 2855 nu-

1959 2880 2039 2935 bis
2065 2883 2423 2953 suppeditabit
2455 2885 2690 2941 divitias.
2720 2886 2852 2941 Nam
2882 2891 2924 2944 si
2956 2905 3146 2946 rursus
3171 2892 3374 2947 dixeris
3401 2911 3414 2945 :
3446 2891 3577 2947 Bea-

1954 2983 2037 3028 tus
2069 2977 2145 3029 vir
2166 2976 2252 3045 qui
2283 2978 2419 3032 timet
2450 2977 2726 3032 Dominum
2757 2981 2776 3051 (
2799 2979 2941 3037 Paul.
2976 2984 3101 3038 lll.
3136 2983 3188 3055 l)
3216 3002 3227 3037 :
3258 2996 3313 3039 et
3339 2987 3577 3056 potueris

1954 3066 2097 3123 scire
2125 3067 2381 3137 quidnam
2420 3070 2489 3123 sit
2529 3069 2579 3124 id
2622 3072 2764 3141 quod
2807 3072 2984 3128 dicis:
3016 3090 3124 3130 non
3159 3075 3381 3132 divitem
3406 3119 3424 3145 ,
3467 3094 3575 3133 non

1955 3158 2276 3228 principem,
2308 3176 2413 3214 non
2435 3159 2757 3227 formosum,
2785 3179 2891 3220 non
2917 3181 3042 3220 eum
3067 3167 3158 3239 qui
3183 3169 3323 3224 valet
3348 3170 3571 3234 viribus,

1955 3264 2062 3303 non
2092 3264 2213 3304 eum
2242 3250 2332 3320 qui
2364 3251 2507 3305 ardes
2536 3253 2779 3321 possidet
2808 3256 3123 3325 magnilicas
3146 3298 3163 3322 ,
3198 3273 3304 3312 non
3331 3274 3456 3315 eum
3483 3262 3573 3332 qui

1952 3343 2090 3412 gerit
2115 3345 2479 3412 magistratus,
2512 3362 2617 3399 non
2644 3361 2767 3400 eum
2796 3348 2888 3417 qui
2918 3349 2967 3403 in
2999 3351 3144 3421 regia
3175 3352 3428 3420 nutritur,
3455 3355 3573 3409 nul-

1953 3435 2062 3489 lum
2089 3434 2323 3505 denique
2350 3437 2511 3491 alium
2538 3480 2553 3505 ,
2586 3439 2687 3493 nisi
2721 3456 2841 3493 cum
2872 3441 2963 3511 qui
2991 3452 3074 3497 est
3108 3444 3229 3512 pius
3257 3462 3319 3500 ac
3348 3447 3570 3519 religio-

1951 3541 2044 3580 sus
2067 3567 2083 3591 ,
2113 3527 2201 3597 qui
2231 3528 2409 3582 studio
2440 3530 2720 3599 sapientia:
2760 3542 2974 3587 tenetur
2993 3576 3007 3601 ,
3036 3537 3125 3606 qni
3167 3537 3333 3592 Deum
3377 3540 3527 3596 timet
3554 3583 3568 3606 ,

1950 3618 2168 3674 beatum
2198 3619 2363 3675 duces
2388 3662 2403 3684 ,
2432 3636 2539 3676 non
2567 3622 2743 3678 solum
2784 3634 3006 3696 propter
3035 3626 3209 3682 futura
3232 3672 3245 3695 ,
3276 3631 3373 3686 sed
3404 3633 3567 3689 etiam

1947 3722 2174 3781 promer
2202 3714 2508 3784 praesentia.
2538 3714 2672 3770 Nam
2704 3717 2865 3772 etiam
2896 3719 2947 3773 in
2981 3720 3083 3777 hac
3108 3723 3211 3776 vita
3240 3722 3329 3779 hic
3353 3741 3570 3797 quoque

1947 3813 2032 3859 est
2058 3804 2152 3859 illo
2181 3806 2471 3875 potentior.
2509 3805 2643 3861 Nam
2675 3809 2721 3864 si
2754 3812 2974 3866 morbus
3002 3814 3326 3886 quandoque
3357 3819 3565 3874 invase-

1948 3894 2036 3957 rit,
2063 3894 2157 3950 ille
2182 3896 2396 3967 quidem
2428 3898 2647 3953 indutus
2672 3915 2906 3973 purpura
2938 3903 3073 3959 nihil
3101 3922 3129 3959 a
3159 3908 3484 3966 satellitibus
3508 3924 3566 3967 ct

1945 3988 2179 4057 superbo
2212 3989 2303 4043 illo
2330 3991 2583 4046 exteriori
2618 4005 2877 4063 apparatu
2917 3996 3139 4066 juvatur
3173 3999 3240 4054 ad
3277 4002 3560 4058 solandam

1944 4081 2323 4151 :egritudinent
2343 4126 2358 4150 ,
2391 4084 2486 4140 sed
2515 4086 2853 4147 domcszicis.
2900 4094 3245 4161 parentibus,
3275 4098 3561 4155 omnibus-

1943 4187 2050 4242 que
2079 4176 2451 4244 prmsentibus,
2482 4187 2537 4232 et
2559 4180 2739 4235 aureis
2764 4182 3004 4237 vestibus
3031 4201 3195 4253 super
3216 4204 3338 4244 eum
3370 4194 3561 4262 positis

1943 4276 2105 4337 atque
2144 4268 2462 4336 substratis,
2500 4271 2644 4341 jacet
2682 4274 2772 4329 ille
2801 4276 2997 4331 ardens
3032 4280 3196 4335 veluti
3233 4282 3285 4336 in
3320 4283 3561 4344 fornace.

1942 4357 2041 4426 Qui
2074 4368 2155 4413 est
2184 4371 2362 4415 autem
2394 4363 2512 4430 pius
2532 4406 2546 4427 ,
2577 4374 2632 4417 et
2671 4366 2835 4419 Deum
2868 4368 3048 4431 timet,
3079 4386 3187 4425 non
3229 4384 3417 4443 patre,
3449 4394 3555 4431 non

1942 4466 2131 4517 servo,
2164 4469 2270 4505 non
2312 4454 2422 4507 ullo
2464 4455 2574 4510 alio
2620 4472 2920 4526 prasente,
2959 4471 3241 4533 postquam
3274 4466 3326 4520 in
3364 4469 3553 4524 cadunt

1940 4558 2048 4598 non
2080 4560 2257 4615 saepe,
2286 4546 2379 4599 sed
2412 4546 2492 4601 bis
2516 4560 2566 4604 et
2599 4559 2681 4603 ter
2711 4554 2984 4622 suiSpexit,
3009 4570 3230 4612 onmem
3270 4558 3414 4612 illam
3444 4561 3557 4616 for-

1940 4652 2125 4691 nacem
2157 4639 2434 4694 exstinxit.
2469 4639 2583 4696 Hoc
2606 4643 2770 4698 etiam
2810 4646 3006 4701 viderit
3037 4650 3304 4719 quispiam
3336 4656 3553 4710 evenire

1937 4731 1993 4786 in
2022 4732 2185 4789 rebus
2206 4734 2480 4803 adversis,
2512 4744 2568 4790 et
2606 4736 2659 4790 in
2690 4739 2939 4794 omnibus
2962 4756 3082 4811 qua:
3111 4742 3385 4814 inopinato
3406 4750 3549 4803 acci-

1935 4826 2103 4893 dunt,
2128 4841 2224 4882 eos
2257 4828 2472 4898 quidem
2500 4830 2592 4899 qui
2628 4829 2831 4885 divitiis
2867 4830 3130 4901 afﬂuunt,
3159 4837 3399 4908 clarique
3426 4854 3550 4894 sunt

1934 4930 1989 4974 et
2011 4920 2266 4989 insignes,
2292 4920 2498 4974 turbari
2524 4938 2537 4974 :
2561 4936 2656 4977 eos
2682 4938 2860 4978 au'em
2884 4926 2971 4994 qui
2996 4935 3122 4981 sunt
3150 4928 3241 4997 pii,
3268 4942 3321 4985 et
3346 4932 3549 5002 Sapicw

1936 5012 2024 5064 tite
2066 5010 2329 5076 studiosi,
2359 5013 2539 5066 omnia
2580 5012 2722 5068 ferre
2754 5015 2907 5070 facile
2933 5024 2985 5071 et
3014 5018 3244 5088 placide.
3268 5022 3387 5078 Jain
3421 5041 3551 5080 veru

1933 5112 2060 5157 ante
2088 5117 2150 5158 ea
2182 5104 2385 5169 omnia,
2415 5106 2459 5158 si
2490 5104 2619 5160 nihil
2643 5121 2806 5176 grave
2831 5112 3094 5178 evenerit,
3121 5112 3243 5181 ejus
3261 5116 3350 5186 qui
3381 5117 3547 5173 Deum

1934 5197 2085 5251 timet
2113 5199 2444 5253 conscientia
2472 5209 2556 5255 est
2584 5208 2639 5255 et
2664 5200 2852 5271 majori
2884 5212 2939 5256 et
2966 5204 3248 5261 sineeriori
3277 5210 3547 5281 voluptate

1933 5290 2125 5358 plena,
2157 5306 2315 5359 quam
2356 5291 2537 5346 divitis
2578 5293 2780 5348 anima.
2817 5296 2911 5351 ille
2950 5298 3133 5362 enim,
3174 5301 3277 5355 etsi
3317 5316 3547 5360 emerim

1929 5384 2054 5440 cibo
2091 5383 2362 5453 fruatur‘,
2403 5387 2619 5456 gravius
2658 5386 2950 5443 afflictatur
2980 5392 3231 5448 omnibus
3269 5399 3359 5467 qui
3402 5397 3545 5453 liniue

1931 5486 2214 5544 vexantur,
2241 5478 2368 5533 dum
2391 5495 2483 5533 sua
2514 5480 2653 5534 mala
2682 5481 2733 5534 in
2763 5483 3078 5538 meritoriam
3108 5487 3325 5560 redigit,
3345 5500 3543 5549 etcum

1929 5570 2068 5624 mala
2099 5570 2227 5624 vivit
2268 5572 2597 5643 conscientia
2629 5590 2641 5626 :
2680 5573 2769 5628 hic
2809 5584 2991 5631 autem
3016 5619 3033 5643 ,
3072 5578 3198 5634 licet
3237 5586 3547 5639 necessario

1929 5663 2187 5717 alimento
2214 5672 2430 5731 careat,
2458 5664 2561 5718 erit
2590 5667 2949 5737 tranquilliori
2982 5679 3038 5724 et
3076 5670 3324 5727 alacriori
3358 5674 3540 5731 animo

1930 5771 2088 5827 quam
2113 5756 2144 5809 ii
2168 5754 2260 5825 qui
2288 5754 2536 5810 fruuntur
2558 5757 2809 5814 omnibus
2831 5758 3062 5825 deliciis,
3088 5772 3139 5815 ut
3169 5765 3258 5833 qui
3287 5764 3423 5820 bona
3446 5779 3543 5836 ειῑα

1994 5853 2010 5882 ⁸
2049 5855 2292 5900 ttervelus
2318 5862 2330 5897 :
2365 5847 2454 5899 etsi
2470 5854 2676 5900 attenta
2699 5849 2941 5913 rolnptatc
2960 5851 3176 5916 fruatur.
