4068 6428
551 399 648 452 167

550 513 740 575 alatur,
764 518 819 567 et
840 524 1054 567 suorum
1080 516 1224 562 recte
1251 504 1506 562 factorum
1534 498 1990 557 retnuncrationes
2009 509 2141 565 quo-

551 605 677 661 tidie
701 611 996 674 exspectet.
1021 601 1123 657 Sed
1156 615 1221 654 nu
1252 595 1475 667 longiori
1506 604 1658 667 utens
1682 591 1924 647 oratione
1951 587 2131 641 videar

549 695 743 750 atl‘erre
771 694 1065 747 molestiam
1088 731 1102 754 ,
1132 689 1438 759 relinquens
1466 685 1528 738 iis
1557 686 1643 754 qui
1681 689 1806 738 sunt
1834 680 1987 750 paqu
2016 687 2130 730 stu-

550 787 813 844 diosiores
835 782 1113 854 legendum
1145 776 1556 849 unumquodque
1580 787 1915 843 reSponsum,
1939 780 1991 824 et
2015 782 2133 838 qua:

554 883 606 935 in
632 895 699 936 eo
721 880 818 933 sita
851 887 952 942 est,
985 874 1322 930 scrutandum
1354 872 1478 934 vim,
1503 867 1587 922 hic
1613 868 1788 921 ﬁniant
1813 865 2127 926 orationem,

552 973 641 1027 illa
681 970 913 1027 suadens
954 979 1146 1023 vestrae
1185 961 1492 1026 dilectioni,
1533 969 1590 1013 ut
1635 973 1740 1012 non
1782 956 1903 1010 hinc
1942 954 2132 1008 [rustra

552 1059 900 1134 egrediamini
923 1098 941 1126 ,
971 1057 1064 1113 sed
1096 1068 1349 1124 responsa
1394 1063 1660 1122 tamquam
1701 1045 2012 1115 margaritas
2042 1059 2132 1098 su-

555 1165 784 1220 montes,
813 1168 875 1208 ea
903 1152 1046 1207 domi
1073 1156 1325 1219 perpetuo
1349 1143 1677 1201 conservetis
1707 1152 1761 1194 et
1786 1134 2129 1199 meditemini,

553 1247 844 1317 amicisque
869 1252 921 1299 et
949 1241 1201 1296 uxoribus
1227 1254 1286 1293 ea
1318 1235 1496 1290 omnia
1521 1232 1708 1286 dicatis
1732 1247 1744 1282 :
1770 1237 1823 1282 et
1847 1228 1890 1282 si
1915 1226 2018 1282 ulla
2043 1237 2137 1278 vos

559 1346 716 1393 vexet
737 1316 898 1390 animi
930 1328 1277 1403 perturbatio,
1304 1327 1348 1382 si
1370 1324 1630 1380 excitetur
1654 1317 1937 1388 cupiditas,
1961 1317 2004 1370 si
2037 1316 2132 1378 ira,

555 1439 649 1487 aut
669 1428 870 1501 qumvis
899 1425 998 1478 alia
1024 1437 1053 1476 a
1086 1420 1292 1476 ratione
1316 1418 1486 1472 aliena
1521 1410 1848 1486 perturbatio
1873 1451 1888 1475 ,
1913 1425 1972 1462 ea
2001 1407 2135 1459 assi-

556 1523 661 1577 due
689 1499 900 1574 icanatis
929 1531 943 1569 :
971 1522 1027 1569 ut
1056 1522 1110 1568 et
1144 1513 1199 1565 in
1243 1509 1343 1564 hae
1376 1509 1480 1564 vita
1526 1519 1714 1575 magna
1760 1499 2138 1570 tranquillitate

558 1613 815 1677 fruamur,
844 1617 898 1663 et
921 1609 973 1662 in
1006 1609 1178 1660 futura
1201 1607 1305 1658 vita
1335 1603 1469 1657 bona
1497 1608 1697 1654 mterna
1727 1607 2134 1664 consequamur,

554 1704 726 1776 gratia
759 1714 813 1756 et
852 1699 1176 1770 benignitate
1202 1693 1411 1750 Domini
1445 1690 1610 1748 nostri
1639 1689 1764 1746 Jesu
1790 1686 2019 1751 Chrisd,
2047 1698 2140 1753 per

557 1774 715 1866 quem
747 1805 801 1849 et
827 1807 946 1847 cum
977 1805 1082 1861 quo
1122 1788 1261 1844 Patri
1293 1796 1345 1840 et
1381 1793 1565 1839 sancto
1592 1779 1810 1851 Spiritui
1837 1778 1906 1832 sit
1931 1774 2096 1846 gloria
2121 1815 2137 1840 ,

561 1885 839 1954 imperium
865 1923 881 1948 ,
914 1883 1112 1945 honor,
1139 1893 1276 1932 nunc
1305 1885 1357 1931 ct
1385 1888 1628 1943 semper,
1655 1880 1708 1925 et
1735 1871 1786 1924 in
1817 1867 2006 1922 saecula
2037 1880 2140 1919 sa:-

558 1979 815 2032 culorum.
852 1977 890 2029 Λ
900 1989 1040 2029 men.

988 2101 1051 2160 IN
1081 2097 1400 2156 PSALMUM
1425 2095 1585 2151 XLlll
1620 2093 1714 2163 (τι).

917 2219 966 2272 1.
1009 2214 1242 2269 Victoria
1275 2213 1464 2265 auctori
1496 2211 1616 2279 ﬁliis
1641 2206 1785 2261 Core.

557 2327 613 2387 9.
645 2332 798 2396 Deus,
825 2327 1029 2385 auribus
1049 2327 1229 2383 nostris
1253 2324 1554 2385 audiuimus,
1575 2330 1738 2390 patres
1759 2318 1915 2372 nostri
1940 2332 2141 2370 mutuu-

631 2428 880 2479 tt'ut'eruttt
926 2419 1064 2474 nobis
1102 2434 1228 2488 Opus
1266 2415 1400 2485 quod
1432 2420 1667 2482 aperatus
1693 2426 1742 2462 es
1778 2410 1830 2462 in
1854 2409 2026 2461 diebus
2058 2421 2145 2459 eo-

629 2534 768 2582 rum,
797 2525 845 2571 et
882 2515 937 2568 in
982 2511 1155 2566 diebus
1199 2507 1439 2576 antiquis.
1483 2504 1634 2558 Alius
1672 2502 1934 2569 interpres
1963 2498 2054 2563 ait,
2079 2496 2148 2549 In

632 2609 804 2666 diebus
835 2603 1100 2677 prioribus.
1124 2600 1293 2666 Alius,
1321 2596 1386 2652 In
1415 2595 1587 2649 diebus
1612 2593 1673 2646 ab
1704 2592 1864 2645 initio.

637 2748 687 2802 l.
719 2744 871 2800 Hunc
907 2736 1173 2794 Psalmum
1218 2731 1344 2787 dicit
1390 2725 1647 2798 propheta
1683 2739 1786 2778 non
1828 2738 1888 2776 ex
1923 2734 2148 2791 persona

559 2837 796 2911 propria,
836 2830 929 2888 sed
965 2844 1030 2884 ex
1069 2840 1292 2898 persona
1342 2818 1794 2879 Maceabmorum,
1843 2828 2063 2868 narrans
2099 2821 2154 2866 et

562 2902 858 3000 praedicens
899 2936 1015 2993 qua:
1056 2917 1228 2973 futura
1272 2923 1426 2969 erant
1471 2912 1523 2966 in
1568 2909 1659 2963 illo
1685 2918 1946 2975 tempore.
1995 2902 2152 2958 Tales

567 3020 712 3077 enim
754 3025 879 3073 sunt
927 3011 1197 3084 propheta:
1239 3027 1253 3062 :
1303 3006 1478 3061 omnia
1524 3011 1760 3071 tempora
1813 3004 2149 3068 percurrunt,

570 3110 872 3185 praesentia,
921 3103 1208 3180 pmterita,
1256 3098 1448 3154 futura.
1489 3096 1713 3164 Quinam
1749 3099 1871 3146 sunt
1895 3099 2070 3146 autem
2098 3088 2152 3144 iti

567 3181 871 3264 Maccabei,
900 3195 1130 3268 quidque
1168 3190 1308 3262 passi
1352 3196 1494 3254 sunt,
1526 3194 1580 3240 et
1605 3181 1730 3254 quid
1770 3182 2028 3246 fecerunt,
2061 3193 2156 3234 ne—

568 3294 858 3350 cessarium
891 3298 975 3342 est
1006 3286 1231 3356 primum
1261 3272 1459 3342 dicere,
1516 3284 1572 3331 nt
1617 3274 1724 3330 sint
1751 3272 2013 3342 apertiora
2039 3285 2157 3339 qua:

571 3387 625 3444 in
657 3388 970 3453 argumento
1017 3376 1285 3432 dicuntur.
1327 3370 1366 3426 li
1394 3368 1555 3431 enim,
1602 3380 1723 3420 cum
1753 3361 2036 3417 invasisset
2060 3359 2157 3414 Ju-

574 3451 741 3531 tltcaui
770 3467 1082 3533 Antiochus,
1109 3464 1198 3536 qui
1222 3463 1396 3518 dictus
1431 3467 1514 3514 cst
1546 3455 1865 3527 Epiphanes,
1898 3461 1950 3506 et
1977 3451 2156 3505 omnia

572 3569 902 3622 devastassct
936 3568 990 3615 et
1014 3557 1210 3613 multos
1246 3553 1334 3624 qui
1374 3561 1498 3606 tunc
1539 3556 1711 3613 erant,
1740 3560 1769 3599 a
1801 3545 1982 3613 patriis
2012 3542 2161 3597 insti-

576 3659 699 3712 tutis
728 3654 935 3711 resilire
973 3649 1256 3719 cot-gisset,
1303 3647 1709 3714 permanserunt
1754 3637 1902 3692 illaasi
1947 3635 2014 3690 ab
2059 3635 2162 3689 illis

578 3743 1041 3814 mutationibus“.
1073 3738 1302 3795 Maccab.
1333 3737 1383 3790 l.
1412 3735 1492 3788 ll.
1518 3730 1676 3802 sqq.):
1704 3739 1755 3782 et
1776 3727 1985 3799 quando
2004 3741 2163 3795 grave

575 3837 788 3909 quidem
820 3837 1014 3890 bellum
1056 3827 1351 3899 ingruebat,
1383 3838 1486 3878 nec
1508 3819 1793 3891 quidquam
1823 3825 2063 3886 poterant
2089 3815 2164 3870 fa-

581 3908 699 3985 cere
750 3925 892 3997 quod
938 3921 1232 3992 prodesset,
1277 3931 1334 3971 se
1371 3911 1785 3980 abscondebam.
1813 3908 1964 3975 Quod
2003 3909 2162 3963 etiam

580 4023 817 4076 fecerunt
839 4015 1079 4086 apostoli.
1111 4012 1223 4066 Non
1249 4010 1388 4064 enim
1418 4019 1630 4075 semper
1655 4009 1946 4073 praesentes
1967 4001 2016 4054 in
2055 4015 2167 4054 me-

579 4114 663 4166 dia
691 4109 958 4164 irruebant
986 4102 1237 4175 pericula,
1265 4099 1358 4154 sed
1395 4109 1789 4164 nonnumquam
1830 4101 1884 4146 et
1909 4092 2166 4162 fugientes

580 4215 634 4257 et.
665 4203 887 4256 latentes
904 4196 1184 4252 cedebant.
1215 4192 1500 4260 Postquam
1527 4196 1702 4241 autem
1733 4200 1919 4254 parum
1946 4185 2168 4254 respirao

583 4301 789 4358 reraul,
821 4299 1085 4360 tamquam
1114 4283 1359 4357 generosi
1386 4279 1596 4352 quidam
1637 4276 1868 4332 lcunculi
1895 4291 1956 4329 ex
2001 4275 2168 4330 antris

581 4385 909 4447 exsilientes,
940 4391 992 4436 et
1018 4395 1048 4435 e
1087 4376 1304 4433 latebris
1347 4382 1700 4442 emergentes,
1733 4369 2034 4423 statuebant
2063 4384 2167 4422 non

583 4492 643 4532 se
670 4475 898 4547 amplius
924 4471 1068 4527 solos
1091 4480 1325 4531 servare,
1349 4463 1441 4520 sed
1463 4462 1619 4516 etiam
1643 4460 1794 4525 alios,
1819 4469 2171 4529 quotcumque

587 4576 805 4638 possent
835 4583 850 4620 :
876 4572 932 4620 et
954 4563 1223 4619 civitatem
1256 4566 1310 4613 et
1338 4556 1608 4626 regionem
1635 4567 1845 4607 omnem
1889 4552 2168 4615 obeuntes,

585 4662 914 4732 collegerunt
936 4655 1527 4728 (ptotquotinreuerunt
1561 4647 1735 4702 adhuc
1771 4660 1930 4702 sanos
1959 4657 2010 4700 et
2041 4645 2176 4700 inte-

588 4769 712 4826 gros
747 4771 762 4809 :
793 4762 848 4808 et
888 4751 1082 4805 multos
1129 4747 1289 4803 etiam
1332 4744 1420 4815 qui
1466 4741 1796 4804 laborabant,
1849 4750 1904 4793 et
1939 4739 2173 4806 corrupti

588 4856 760 4911 erant,
803 4846 854 4899 in
903 4851 1096 4897 statum
1135 4838 1413 4910 pristinum
1463 4835 1802 4905 redegerunt,
1832 4832 1911 4888 eis
1959 4847 2176 4900 persua-

589 4941 798 5005 dentes,
831 4936 1002 4993 redire
1030 4933 1097 4988 ad
1144 4932 1314 5004 legem
1363 4928 1607 5000 patriam.
1645 4926 1812 4980 Deum
1858 4924 1999 4978 enim
2028 4923 2175 4977 dice-

592 5031 720 5085 bant
746 5043 866 5084 esse
897 5026 1180 5096 benignum
1208 5030 1262 5078 et
1284 5020 1622 5081 clementem,
1665 5029 1764 5070 nec
1787 5029 2036 5084 umquam
2059 5013 2177 5066 adi-

594 5136 740 5177 mere
765 5119 1014 5184 salutem,
1053 5131 1172 5187 quae
1213 5111 1566 5179 proficiscitur
1592 5123 1655 5163 ex
1686 5107 2014 5177 poenitentia.
2054 5105 2178 5160 Haec

593 5222 771 5266 autem
791 5210 1047 5272 dicentes,
1069 5206 1368 5261 habuerunt
1386 5201 1649 5257 delectum
1674 5197 1885 5252 fortium
1917 5198 2174 5249 virorum.

595 5304 710 5361 Non
738 5302 879 5359 enim
910 5315 1008 5371 pro
1033 5297 1305 5359 uxoribus,
1336 5294 1519 5350 liberis
1549 5300 1603 5346 et
1629 5289 1855 5353 ancillis,
1887 5287 2177 5359 patriaeque

593 5395 872 5451 eversione
912 5400 965 5447 et
1003 5389 1325 5461 captivitate,
1358 5383 1450 5440 sed
1482 5397 1577 5455 pro
1603 5382 1718 5453 lege
1743 5392 1797 5435 et
1823 5381 1987 5450 patria
2013 5395 2178 5448 repu.

597 5489 733 5545 bliea
771 5484 1075 5557 pugnabant
1101 5499 1114 5534 :
1145 5494 1328 5536 eorum
1365 5486 1541 5530 autem
1579 5474 1684 5528 dux
1715 5481 1830 5528 erat
1859 5472 2018 5526 Deus.
2046 5469 2178 5525 Cum

591 5593 726 5648 ergo
750 5578 926 5634 aciem.
940 5573 1249 5645 dirigerent,
1271 5578 1324 5625 et
1341 5568 1580 5639 proprias
1605 5572 1933 5635 exponerent
1954 5563 2175 5626 animas,

654 5761 736 5823 (α)
773 5760 830 5823 lu
853 5759 981 5823 inme
1007 5755 1334 5823 _P_salnutm_et
1347 5754 1397 5803 in
1416 5756 1687 5823 sequcptes
1722 5749 1900 5800 utimur
1924 5743 2182 5798 Calietbus

600 5812 759 5886 negib
789 5821 903 5872 l06it
929 5830 978 5870 ct
1001 5819 1137 5878 2329,
1164 5812 1515 5868 et-Colbertiuo
1543 5812 1615 5863 to.

1267 393 1322 447 5.
1362 382 1639 446 ιοΑΝκιδ
1677 376 2151 440 ειιηῒεοςτολιι
2197 373 2513 431 AllClllEl".
2543 368 3075 429 CONSTANTINOP.

3731 368 3834 427 168

2245 490 2534 547 fundebant
2574 489 2926 554 adversarios,
2968 502 3072 542 non
3115 483 3278 540 armis
3308 483 3554 544 ﬁdentes,
3588 482 3684 538 sed
3717 483 3833 538 loco

2239 582 2413 636 omnis
2428 591 2708 636 armatura:
2729 594 2914 650 pugnzc
2935 592 3150 633 causam
3175 574 3421 630 sufﬁcere
3438 573 3718 630 ducentes.
3752 576 3830 630 Ad

2239 672 2434 725 bellum
2466 682 2639 724 autent
2670 680 2879 733 euntes,
2913 684 3016 722 non
3048 667 3334 738 tragoedias
3359 666 3694 730 excitabant,
3726 681 3831 722 non

2240 777 2419 830 paeana
2450 761 2730 826 canebant,
2755 760 2890 813 sicut
2911 758 3149 813 nonnulli
3179 758 3370 812 faciunt
3391 773 3406 821 ;
3430 772 3535 810 non
3560 757 3830 812 adscisce-

2242 852 2360 905 bant
2387 852 2644 915 tibicines,
2677 861 2733 904 ut
2764 850 2822 904 fit
2852 849 2901 902 iu
2929 849 3046 902 aliis
3073 847 3267 902 castris
3299 862 3313 902 :
3345 847 3438 902 sed
3482 846 3575 900 Dei
3602 861 3836 916 superne

2239 942 2491 996 auxilium
2525 941 2860 1001 invocabant,
2887 949 2938 993 ut
2975 939 3206 1002 adesset,
3235 952 3389 1007 opem
3422 936 3610 1002 ferret,
3642 947 3696 990 et
3723 953 3836 991 ma-

2241 1050 2365 1086 nutn
2399 1034 2679 1103 prmberet,
2725 1041 2939 1101 propter
2975 1045 3133 1099 quem
3176 1028 3374 1084 bellum
3418 1028 3702 1098 gerebant,
3739 1041 3837 1097 pro

2239 1124 2392 1192 eujus
2433 1123 2596 1193 gloria
2651 1122 3014 1176 decertabant.
3064 1120 3350 1174 Videamus
3397 1133 3524 1188 ergo
3563 1119 3690 1188 quid
3723 1117 3837 1171 hate.

2241 1227 2412 1270 castra
2448 1217 2536 1270 Dei
2566 1219 2867 1280 loquantur,
2895 1232 3013 1285 qua:
3051 1223 3174 1267 sunt
3203 1213 3463 1284 spirituali
3499 1214 3703 1265 munita
3744 1227 3838 1266 au-

2243 1309 2386 1370 xilio,
2415 1323 2534 1363 cum
2567 1317 2688 1362 Sunt
2720 1307 2903 1362 hostes
2943 1321 3275 1377 aggressum.
3313 1303 3468 1369 Deus,
3506 1305 3714 1357 auribus
3740 1319 3835 1356 no-

2240 1401 2356 1454 stris
2387 1400 2693 1453 audivimus.
2735 1399 2867 1465 Quia
2905 1398 3044 1452 enim
3091 1396 3335 1450 nonnulli
3381 1410 3566 1449 eorum
3595 1397 3836 1464 quicum

2243 1490 2372 1560 ipsis
2405 1489 2612 1544 stabant
2649 1490 2701 1543 in
2744 1488 2878 1553 acie,
2908 1487 3152 1542 Antiochi
3192 1485 3608 1547 multitudinem,
3640 1488 3839 1539 instru-

2244 1588 2386 1635 ctam
2426 1579 2615 1645 aciem,
2665 1589 2718 1633 et
2740 1580 3016 1633 victoriam
3048 1576 3326 1642 videntes,
3367 1575 3616 1644 quodque
3658 1574 3836 1629 omnia

2243 1671 2415 1741 primo
2452 1671 2650 1740 impetu
2688 1670 2953 1739 cepisset,
3002 1668 3377 1737 prepriamque
3421 1665 3840 1720 imbecillitatem

2245 1773 2297 1818 et
2327 1764 2642 1832 paucitatem
2684 1761 3112 1824 Considerantes,
3151 1759 3426 1814 molliores
3463 1769 3616 1812 erant
3647 1767 3703 1812 et
3742 1758 3841 1810 im.

2248 1857 2547 1910 hecilliores
2582 1873 2594 1907 :
2634 1870 2820 1909 eorum
2866 1855 3073 1907 animos
3113 1853 3433 1921 spiritusque
3479 1852 3755 1916 excitans,
3793 1860 3844 1904 et

2246 1948 2534 2002 ostendens
2558 1947 2608 2000 in
2639 1947 2728 2000 Dei
2755 1946 2913 2000 ductu
2943 1945 3250 1998 universum
3289 1943 3447 1997 situm
3474 1957 3617 2006 esse,
3641 1951 3696 1997 et
3723 1942 3844 1996 alas-

2246 2055 2348 2108 que
2377 2039 2634 2104 exereitu,
2658 2039 2700 2092 si
2732 2038 2776 2091 is
2794 2053 2949 2106 opcnt
2979 2036 3130 2102 ferat,
3165 2050 3322 2106 posse
3350 2035 3520 2104 parari
3543 2035 3840 2096 victoriam,

2248 2129 2415 2182 instar
2459 2128 2779 2198 precationis
2831 2129 3179 2196 compositam
3216 2132 3520 2180 suasionem
3558 2135 3613 2179 et
3642 2125 3843 2180 exher-

2251 2219 2501 2272 tationem
2533 2218 2689 2273 eﬂcrt
2729 2218 2793 2272 ad
2825 2218 3236 2281 commilitones,
3267 2226 3323 2271 et
3371 2217 3536 2270 Deum
3568 2216 3845 2285 alloquens

2248 2323 2342 2364 eos
2369 2310 2720 2378 promptiores
2760 2306 2934 2362 reddit
2959 2316 3014 2361 et
3050 2307 3358 2361 alacriores.
3402 2304 3516 2360 Non
3546 2314 3631 2359 est
3669 2316 3845 2359 autem

2253 2399 2367 2452 hate
2408 2414 2563 2468 parva
2603 2415 2726 2469 pars
2765 2398 3170 2452 adhortationis.
3217 2397 3399 2466 Neque
3443 2397 3585 2452 enim
3637 2407 3842 2450 tantum

2253 2492 2442 2545 virium
2477 2491 2747 2546 habuisset
2794 2490 2858 2544 ad
2907 2505 3001 2545 cos
3041 2504 3298 2544 conversa
3349 2489 3541 2552 oratio,
3594 2488 3734 2542 sicut
3782 2487 3849 2540 ail

2250 2584 2423 2639 Deum
2454 2581 2673 2636 directa.
2705 2582 2772 2636 Et
2802 2581 2921 2636 ideo
2951 2581 3247 2651 procedens
3273 2578 3412 2632 dixit
3441 2595 3459 2632 :
3489 2577 3612 2633 Non
3661 2579 3713 2632 in
3740 2578 3852 2648 glu-

2245 2673 2338 2726 dio
2363 2690 2456 2728 suo
2485 2673 2811 2744 possederunt
2841 2682 3046 2736 terram,
3078 2679 3126 2724 et
3159 2669 3366 2723 dextera
3391 2685 3564 2722 eorum
3607 2686 3710 2722 non
3749 2671 3855 2721 sal-

2253 2766 2386 2818 uauit
2423 2781 2506 2818 eos
2543 2761 2610 2834 (υ.
2643 2764 2720 2834 ι).
2754 2763 2865 2817 Hoc
2889 2771 2971 2818 est
2999 2761 3141 2816 enim
3183 2760 3299 2830 ejus
3335 2761 3418 2828 qui
3448 2772 3542 2813 eos
3570 2768 3782 2813 recreat
3804 2769 3857 2812 et

2256 2856 2446 2920 reficit,
2480 2855 2568 2924 qui
2597 2866 2718 2909 sunt
2749 2854 2980 2908 molliori
3011 2861 3064 2908 et
3098 2851 3434 2906 imbecilliori
3463 2851 3644 2904 animo
3674 2851 3740 2904 ad
3776 2849 3858 2902 la-

2260 2946 2416 3002 bores
2446 2945 2832 3016 suscipieudos,
2853 2946 2941 3016 qui
2966 2943 3504 3014 qumruntvicloriam
3528 2958 3590 2997 ex
3620 2943 3854 2997 humana

2259 3052 2438 3093 rerum
2464 3039 2622 3092 serie.
2648 3037 2832 3091 Omnis
2862 3050 2988 3106 ergo
3017 3036 3130 3090 lucc
3156 3034 3393 3105 precatio
3432 3042 3511 3087 est
3551 3032 3616 3088 ad
3658 3034 3859 3088 milites

2259 3129 2579 3194 adhortatio,
2604 3145 2724 3200 qua:
2749 3127 2900 3198 jubet
2928 3126 3106 3182 omnia
3138 3127 3191 3180 in
3226 3127 3388 3181 Deum
3417 3125 3710 3194 conjicere,
3744 3136 3856 3180 sta-

2261 3231 2516 3292 tuereque
2542 3237 2607 3277 ex
2637 3236 2732 3290 spe
2765 3220 2816 3274 in
2842 3221 2989 3274 illum
3018 3219 3250 3290 pendere
3276 3218 3576 3272 victoriam.
3621 3221 3736 3272 Cur
3757 3233 3859 3272 au-

2265 3319 2371 3367 tem
2403 3327 2506 3368 non
2529 3312 2667 3366 dixit
2687 3311 2948 3377 absolute,
2978 3309 3309 3371 Audivimus,
3337 3307 3453 3371 sed,
3481 3306 3690 3361 Nostris
3715 3309 3858 3361 auri-

2259 3405 2352 3459 bus
2382 3403 2703 3457 audiuimus?
2727 3403 2965 3470 Quanam
3007 3402 3148 3454 enim
3179 3401 3278 3452 alia
3307 3398 3544 3468 corporis
3581 3407 3734 3467 parte
3762 3415 3860 3452 au-

2264 3498 2444 3554 ditur?
2485 3496 2748 3566 Numqnid
2797 3511 2917 3566 quae
2961 3494 3210 3548 dicuntur
3249 3506 3374 3544 sunt
3417 3491 3864 3560 supervacanea?

2267 3591 2457 3644 Absit:
2489 3588 2583 3642 sed
2639 3588 2724 3642 hic
2766 3596 2847 3640 est
2899 3599 3016 3639 mos
3066 3581 3368 3637 communis
3421 3580 3723 3647 hominum,
3774 3582 3864 3652 qui

2267 3681 2481 3752 quando
2502 3681 2675 3750 aliqua
2705 3685 2940 3741 narrant,
2969 3676 3035 3729 de
3055 3675 3246 3745 quibus
3274 3682 3397 3727 sunt
3422 3672 3547 3726 facti
3577 3673 3861 3737 certiores,

2269 3783 2321 3829 et
2350 3788 2436 3828 res
2467 3786 2683 3842 magnas
2711 3779 2766 3824 et
2796 3768 2970 3838 magni
3001 3766 3252 3837 ponderis
3283 3764 3539 3829 referunt,
3576 3765 3641 3818 iis
3667 3766 3864 3834 quibus

2270 3882 2330 3922 ea
2354 3881 2456 3920 non
2483 3876 2605 3920 sunt
2635 3877 2801 3934 usque
2829 3861 2962 3916 adeo
2981 3871 3147 3924 certa,
3172 3873 3329 3912 aures
3351 3872 3563 3927 semper
3585 3857 3863 3925 adjiciunt,

2270 3960 2508 4014 dicentes
2537 3974 2595 4012 se
2619 3955 2838 4012 auribus
2868 3952 3153 4007 audivissr.
3201 3950 3314 4005 Non
3359 3950 3412 4003 in
3449 3951 3547 4003 hac
3573 3959 3754 4004 autem
3780 3965 3871 4006 so-

2273 4050 2377 4105 lum
2409 4049 2638 4112 actione,
2667 4046 2758 4102 sed
2785 4046 2944 4100 etiam
2975 4045 3026 4098 in
3051 4042 3170 4097 aliis
3202 4041 3301 4095 hoc
3331 4042 3504 4109 ipsum
3531 4040 3706 4095 facere
3735 4055 3868 4096 con-

2273 4142 2562 4202 suevimus,
2595 4146 2807 4193 nostros
2847 4136 3082 4205 ipsorum
3113 4147 3301 4185 sensus
3327 4130 3682 4200 producentcs
3705 4131 3757 4184 in
3788 4140 3868 4186 te-

2273 4234 2603 4291 stimonium.
2649 4231 2742 4285 Est
2779 4243 2906 4298 ergo
2938 4241 3120 4281 eorum
3149 4225 3240 4294 qui
3280 4224 3460 4277 volunt
3509 4223 3666 4277 fidem
3697 4222 3871 4278 facere

2274 4326 2525 4388 auditori,
2558 4337 2713 4378 aures
2740 4321 3044 4390 adjungerc.
3080 4317 3211 4372 Nam
3245 4316 3296 4371 in
3323 4315 3494 4370 oculis
3519 4317 3704 4380 etiam,
3735 4326 3789 4370 et
3817 4316 3866 4370 in

2277 4418 2519 4472 manibus
2549 4414 2652 4470 hoc
2678 4415 2846 4483 ipsum
2870 4411 3110 4473 facimus,
3142 4417 3200 4463 ut
3220 4406 3437 4478 quando
3456 4404 3687 4460 dicimus
3715 4423 3727 4458 :
3756 4406 3868 4461 Ma-

2277 4509 2431 4563 nibus
2482 4505 2677 4560 nostris
2725 4502 3074 4572 palpavitnus.
3119 4498 3372 4552 Dicebant
3419 4496 3546 4550 item
3592 4497 3820 4566 apostoli
3858 4515 3869 4548 :

2283 4600 2408 4667 Quae
2436 4598 2663 4652 viderunt
2692 4594 2824 4648 oculi
2862 4593 3041 4654 nostri,
3085 4601 3130 4643 et
3163 4605 3343 4643 manus
3376 4597 3565 4642 nostra:
3589 4598 3872 4644 contrecta-

2277 4701 2450 4746 verttnt
2480 4691 2553 4762 (l.
2585 4687 2740 4742 Joan.
2780 4695 2828 4741 1.
2865 4685 2938 4757 l).
2963 4684 3096 4739 Vide
3124 4692 3300 4738 autem
3330 4697 3515 4736 eorum
3545 4682 3631 4736 vel
3657 4682 3783 4737 hinc
3808 4698 3870 4737 cx

2280 4786 2538 4856 prooemio
2562 4783 2831 4841 virtutem,
2860 4778 2947 4848 qui
2976 4793 3096 4833 cum
3121 4785 3196 4831 tot
3223 4784 3276 4830 et
3298 4783 3440 4830 tanta
3468 4783 3684 4844 propter
3708 4775 3874 4829 Dc-uu

2281 4879 2417 4949 passi
2447 4885 2650 4940 essent,
2671 4888 2698 4927 a
2722 4873 2886 4942 patria
2919 4879 2972 4924 et
2997 4870 3239 4924 libertate
3268 4865 3610 4925 excidissent.
3642 4865 3877 4934 pericula

2281 4968 2552 5030 adiisscnt,
2596 4965 2683 5019 alii
2713 4972 2888 5016 autem
2929 4961 2978 5014 in
3006 4958 3178 5027 fugam
3207 4955 3332 5022 acti,
3365 4963 3573 5009 montes
3595 4963 3652 5009 et
3690 4955 3878 5009 solitu-

2281 5061 2433 5115 dines
2477 5061 2942 5130 perscquercntur,
2995 5050 3126 5105 nihil
3176 5063 3363 5103 eorum
3411 5048 3622 5102 interim
3669 5046 3877 5112 dicunt,

2284 5150 2549 5213 videlicet,
2579 5135 2689 5200 Hoc
2718 5153 2773 5199 et
2801 5143 2926 5197 illud
2958 5141 3096 5212 passi
3127 5154 3315 5195 sumus
3341 5148 3553 5210 propter
3583 5148 3654 5202 te,
3683 5137 3752 5193 da
3784 5154 3880 5192 no-

2285 5243 2366 5297 bis
2390 5241 2682 5296 auxilium:
2717 5235 2809 5290 sed
2853 5245 3120 5304 tamquam
3173 5232 3287 5286 haec
3330 5232 3409 5284 eis
3447 5231 3718 5293 deessent,
3761 5245 3880 5299 qua:

2280 5334 2400 5402 jure
2425 5330 2614 5385 afferre
2646 5335 2878 5398 possent,
2915 5340 3013 5380 nec
3061 5323 3306 5378 fiduciam
3339 5336 3401 5376 ex
3444 5320 3555 5374 suis
3603 5319 3757 5375 factis
3790 5324 3877 5374 ha-

2286 5427 2490 5489 berent,
2537 5423 2601 5476 ad
2640 5437 2704 5474 ea
2735 5437 2849 5491 qua!
2894 5419 3033 5474 Deus
3071 5416 3362 5486 majoribus
3403 5415 3613 5468 illorum
3655 5417 3878 5479 fecerat,

2285 5515 2614 5585 confugiunt.
2643 5513 2750 5568 Eos
2777 5511 2918 5566 enim
2955 5510 3044 5582 qui
3075 5508 3321 5563 fiduciam
3351 5522 3458 5560 non
3501 5505 3719 5570 habent,
3767 5506 3879 5560 hare

2287 5608 2594 5662 facerenon
2623 5614 2705 5658 est
2735 5603 3054 5665 mirandum,
3103 5614 3226 5655 cum
3275 5599 3419 5668 ipsos
3462 5596 3529 5651 ad
3575 5597 3676 5651 hoc
3707 5597 3878 5653 trahat

2288 5701 2578 5757 necessitas
2608 5716 2620 5752 :
2649 5712 2770 5752 cum
2801 5706 2978 5752 autem
3021 5695 3117 5763 illi,
3149 5695 3239 5766 qui
3266 5691 3515 5763 quoniam
3548 5701 3693 5746 recte
3740 5693 3876 5745 fece-

2291 5802 2436 5855 runt,
2468 5789 2744 5862 magnifice
2782 5789 2924 5859 loqui
2971 5796 3216 5860 possunt,
3263 5784 3441 5839 nolunt
3471 5800 3534 5839 ex
3567 5785 3629 5840 iis
3656 5787 3878 5854 servari,

4053 2295 4057 2398 ι

4053 3799 4057 4054 ι
