4068 6442
278 413 389 472 169

279 529 381 586 sed
411 543 478 589 ex
509 527 603 582 Dei
648 523 994 596 benignitate,
1027 535 1131 592 qua
1169 518 1225 574 in
1267 525 1448 589 patres
1475 520 1752 580 usus'est,
1792 511 1900 566 hoc

280 631 370 679 est
396 634 649 692 magnam
675 623 1049 688 argumentum
1067 624 1255 669 eorum
1277 605 1596 666 humilitatis
1616 621 1636 658 :
1667 600 1898 674 prompti

283 721 472 769 mm
498 720 554 768 et
578 709 772 764 alacris
797 710 882 764 sui
910 705 1072 760 animi
1102 719 1210 759 non
1246 714 1472 774 parvam
1521 698 1649 754 hinc
1687 707 1904 767 quoque

284 820 506 864 cauam
533 808 794 859 Mount
825 797 1036 856 Snilicit
1060 797 1204 853 enim
1236 793 1332 851 Dei
1360 792 1445 848 vel
1470 789 1588 847 sola
1613 785 1906 860 appellatio

272 897 362 954 ad
383 894 720 969 proﬂiganda
745 892 887 949 bella
919 892 1221 947 innumera.

367 989 424 1045 3.
459 985 644 1042 Patres
666 985 817 1057 ,Μ
835 985 918 1040 sui
941 990 1232 1039 monentur.
1254 978 1608 1035 Historiarum
1635 989 1902 1031 manus

287 1080 506 1136 utilitas.
534 1107 608 1120 —
633 1095 657 1132 ι
690 1076 876 1133 Patres
902 1073 1064 1130 nostri
1086 1072 1514 1128 annuntiaverunt
1544 1066 1708 1122 nobis.
1737 1082 1759 1118 ι
1793 1063 1907 1120 Au-

288 1173 432 1241 dite,
443 1180 706 1246 quotquot
729 1170 962 1225 ﬁliorum
987 1165 1188 1221 nullam
1211 1177 1394 1221 curam
1412 1161 1598 1234 geritis
1621 1178 1634 1213 :
1654 1157 1903 1230 quicum-

287 1281 396 1339 que
423 1280 520 1322 eos
564 1261 804 1319 carmina
849 1258 1114 1317 diabolica
1163 1263 1421 1314 canentes
1461 1251 1730 1334 toleratis,
1769 1263 1902 1304 con-

290 1356 532 1413 temnitis
555 1370 686 1412 vero
713 1353 924 1411 divinas
960 1348 1320 1406 narrationes.
1351 1344 1474 1402 Sed
1501 1359 1609 1400 non
1653 1340 1707 1397 hi
1753 1340 1901 1412 ejus-

289 1449 460 1515 modi,
489 1447 586 1502 sed
626 1447 679 1502 in
727 1442 1127 1501 narrationibus
1178 1439 1558 1512 prmeiarorum
1600 1434 1698 1491 Dei
1738 1432 1906 1490 faeto-

289 1555 410 1596 rnm
439 1541 600 1595 vitam
639 1536 856 1594 assidue
902 1533 1325 1600 consumebant;
1363 1538 1425 1587 et
1453 1528 1651 1599 duplex
1696 1528 1903 1583 lucrum

291 1632 582 1689 faciebant.
626 1628 763 1686 Nam
814 1636 868 1685 cl
914 1627 1006 1700 qui
1055 1626 1321 1685 beneﬁcio
1360 1623 1538 1680 adacti
1568 1629 1744 1686 erant,
1774 1619 1903 1676 dum

290 1723 679 1780 beneﬁciorum
723 1720 1158 1783 recordarentur,
1191 1717 1454 1773 meliores
1472 1713 1775 1771 evadebant
1805 1730 1820 1767 :
1850 1718 1908 1768 et

293 1815 387 1886 qui
425 1830 492 1871 ex
524 1813 629 1869 illis
670 1812 774 1868 orti
812 1818 988 1875 erant,
1020 1826 1126 1867 non
1173 1813 1396 1881 parvum
1446 1807 1544 1863 Dei
1584 1805 1907 1877 cognitionis

282 1914 672 1978 argumentum
699 1903 988 1959 sumebant
1013 1917 1085 1958 ex
1123 1900 1209 1956 his
1246 1897 1666 1963 narrationibus,
1693 1904 1748 1952 ct
1773 1893 1909 1950 inci-

294 1999 546 2054 tabuntur
570 1995 638 2052 ad
664 1993 975 2051 imitandam
1000 1993 1274 2058 virtutem.
1301 1989 1396 2046 Eis
1433 1989 1578 2045 enim
1605 1986 1728 2043 libri
1752 1993 1911 2041 erant

293 2103 388 2146 ora
415 2103 628 2154 eorum,
657 2088 748 2158 qui
777 2087 924 2155 ipsos
965 2092 1291 2157 genueram,
1331 2079 1616 2152 omnisque
1643 2078 1831 2135 schola
1853 2086 1910 2134 et

292 2180 476 2237 omnis
501 2178 730 2236 diatriba
766 2177 868 2234 has
891 2177 1126 2234 habebat
1152 2175 1511 2241 narrationes,
1542 2171 1739 2244 quibus
1774 2170 1908 2227 nihil

292 2278 413 2330 erat
435 2271 746 2344 jucundius,
785 2269 936 2326 nihil.
957 2269 1161 2325 utilius.
1214 2267 1272 2325 Si
1315 2265 1462 2323 enim
1504 2280 1687 2322 rerum
1732 2263 1908 2319 solum

293 2365 656 2429 narrationes,
686 2360 1020 2434 fabiusque,
1037 2367 1095 2418 et
1120 2358 1370 2430 ﬁgmenta
1397 2357 1576 2413 solent
1598 2371 1744 2427 stupe
1767 2353 1910 2411 mul-

296 2467 382 2512 tos
407 2453 673 2512 consolari
717 2451 994 2508 auditores
1021 2468 1037 2506 :
1078 2449 1250 2506 uiuite
1285 2448 1460 2521 magis
1497 2447 1618 2505 lucc
1641 2462 1764 2519 qua:
1787 2460 1908 2502 ma-

295 2563 460 2619 gnam
487 2545 845 2603 ostendebant
881 2541 1317 2610 beneficentiam,
1344 2540 1662 2613 potentiam,
1689 2538 1910 2610 sapien-

294 2639 448 2703 tiam,
495 2642 797 2714 curam,»
829 2649 943 2695 una
964 2647 1088 2690 cum
1113 2632 1396 2704 voluptate
1423 2629 1724 2687 auditon
1763 2629 1912 2685 exci-

298 2730 521 2793 tabant,
551 2736 609 2783 et
632 2727 918 2784 meliorem
942 2723 1270 2804 reddebant.
1301 2721 1410 2791 Qui
1441 2720 1591 2780 enim
1623 2721 1756 2778 dum
1781 2720 1912 2778 hac.

298 2829 604 2893 agerentur
613 2820 628 2875 i
637 2817 1009 2884 nterfuerant,
1021 2822 1080 2874 et
1092 2815 1218 2873 visu
1234 2821 1594 2889 exceperant,
1607 2827 1672 2871 ea
1683 2812 1912 2870 anditui.

299 2912 620 2975 tradebant,
642 2914 699 2967 et
724 2909 795 2966 ad
822 2908 983 2966 ﬁdem
1012 2906 1323 2965 faciendam
1351 2921 1463 2963 non
1481 2906 1670 2963 minus
1685 2905 1909 2963 valebat

298 3005 724 3074 anditus,quam
739 3003 918 3060 visos.
929 3000 1053 3057 Non
1071 3000 1257 3056 minus
1272 2999 1419 3056 enim
1433 2999 1736 3056 credebant
1752 2999 1790 3054 ii
1807 2997 1904 3070 qui

297 3113 413 3154 non
442 3096 762 3160 adfuerant,
787 3109 890 3151 nec
916 3095 1198 3158 viderant,
1220 3106 1391 3164 quam
1415 3092 1458 3147 ii
1487 3091 1582 3162 qui
1612 3091 1908 3147 adfuerant

295 3197 356 3245 et
377 3189 634 3245 viderant
670 3209 683 3243 :
724 3189 834 3245 hoc
864 3201 1092 3258 quoque
1113 3200 1212 3242 eos
1246 3199 1358 3241 non
1389 3199 1586 3257 parum
1611 3184 1912 3240 exercebat

298 3281 368 3334 azl
389 3280 575 3336 ﬁdem.
605 3279 911 3335 Videamus
932 3284 1119 3333 autem
1149 3277 1246 3348 qui
1267 3277 1572 3339 narrarint,
1597 3285 1653 3332 et
1680 3289 1810 3330 num
1835 3274 1911 3330 si-

298 3372 449 3426 milis
487 3369 802 3440 argumenti
835 3365 1222 3424 meminerint.
1261 3365 1366 3434 Qui
1395 3368 1548 3424 cnim
1581 3375 1668 3423 est
1699 3366 1911 3438 aliquid

299 3472 621 3533 rogaturus,
640 3470 694 3517 et
715 3460 1054 3532 postulatum
1073 3466 1500 3524 consecuturus,
1531 3475 1596 3516 ex
1627 3459 1753 3514 data
1787 3459 1919 3515 aliis

299 3555 478 3627 gratia
511 3569 636 3610 cum
658 3559 879 3624 oportet
910 3559 1095 3622 petere
1116 3551 1340 3607 similia.
1359 3550 1520 3619 Quod
1548 3559 1734 3607 autem
1760 3551 1911 3614 dico,

299 3658 387 3706 est
417 3647 730 3718 ejusmodi:
759 3645 896 3718 petit
919 3645 1124 3715 aliquis
1150 3638 1394 3700 famulus
1419 3660 1449 3699 ει
1477 3644 1641 3700 nobis
1666 3645 1874 3701 donum
1894 3663 1914 3702 :

301 3742 349 3798 si
369 3740 679 3797 ostenderit
698 3739 868 3796 alium
889 3754 1114 3812 quoque
1136 3739 1189 3794 id
1205 3738 1512 3809 accepisse,
1527 3739 1824 3793 maximam
1837 3738 1916 3794 ai-

302 3834 411 3889 lert
434 3831 734 3898 rationem,
760 3847 863 3888 cur
887 3832 940 3888 id
960 3831 1157 3888 debeat
1173 3831 1448 3903 accipere,
1477 3831 1584 3888 nisi
1600 3831 1916 3901 exemplum

301 3923 470 3979 laedat
501 3919 838 3994 diﬁ'crentia.
874 3921 1250 3979 Diﬁ‘erentiam
1287 3930 1473 3978 autem
1505 3922 1633 3978 dico
1663 3937 1918 3996 persona:

302 4019 391 4074 vel
425 4022 527 4074 rei.
555 4016 612 4072 Si
626 4017 776 4073 enim
807 4018 900 4090 qui
922 4017 1303 4088 accepit,talis
1321 4017 1415 4101 sit,
1430 4017 1616 4088 qualis
1633 4017 1729 4088 qui
1756 4017 1914 4088 petit,

300 4117 356 4165 et
389 4111 442 4165 id
464 4109 612 4181 quod
637 4110 864 4179 petitur,
887 4110 1094 4172 simile,
1114 4116 1226 4166 stat
1248 4110 1560 4181 exemplum
1581 4127 1594 4164 :
1619 4111 1705 4165 sin
1728 4120 1912 4166 autem

303 4201 398 4258 ille
423 4201 648 4275 quidem
675 4201 804 4272 jure
833 4201 1081 4273 accepit,
1097 4201 1189 4256 hic
1222 4210 1407 4273 autem
1440 4218 1550 4257 non
1586 4202 1800 4266 itidem,
1824 4217 1918 4274 po-

304 4297 609 4353 atulatione
621 4295 820 4366 majori
838 4297 1119 4366 eritopus.
1139 4281 1380 4354 Necesse
1391 4305 1478 4353 est
1498 4304 1680 4351 autem
1698 4295 1752 4350 id
1765 4297 1916 4367 quod

305 4389 436 4444 dico
450 4387 806 4443 manifestum
823 4387 1007 4446 facere
1022 4405 1090 4446 ex
1105 4388 1751 4460 Scriptnris.Chananata
1766 4393 1917 4460 post-

305 4496 476 4551 quam
503 4479 834 4544 audiit,Non
853 4491 932 4536 est
955 4482 1150 4538 bonum
1169 4483 1410 4552 accipere
1435 4497 1625 4550 panem
1649 4482 1914 4553 ﬁliorum,

306 4585 358 4628 et
393 4571 524 4626 dare
546 4572 790 4639 canibus,
811 4573 945 4629 dicit
973 4593 985 4627 :
1020 4573 1229 4640 Etiam,
1255 4574 1514 4630 Domine:
1531 4591 1657 4630 nam
1673 4586 1722 4631 et
1747 4574 1924 4630 catuli

301 4661 459 4713 edunt
486 4661 550 4714 de
583 4661 736 4716 micis.
759 4677 947 4717 ntenstc
972 4661 1294 4717 dominorum
1323 4680 1530 4719 suorum
1578 4664 1796 4736 (Matth.
1826 4664 1915 4720 i5.

303 4754 398 4808 9-6.
425 4753 541 4824 27).
572 4754 637 4809 Et
663 4753 865 4810 Paulus
889 4770 1076 4812 rursus
1107 4758 1124 4788 ⁸
1154 4756 1418 4823 scribens,
1451 4756 1698 4812 dicebat:
1735 4757 1798 4813 Si
1825 4756 1916 4812 alii

303 4858 484 4902 restrat
528 4848 788 4918 potestatis
827 4861 948 4904 sunt
995 4851 1288 4921 participes,
1322 4852 1483 4906 multo
1513 4852 1676 4923 magis
1720 4868 1813 4905 nos
1838 4852 1914 4921 (l.

304 4939 425 4994 (ἔον.
458 4938 512 4995 9.
548 4939 639 5010 η)
671 4957 683 4993 :
717 4957 786 4996 ex
820 4957 1061 5012 persona:
1091 4942 1392 4999 differentia
1423 4960 1482 5001 se
1509 4945 1782 5016 plusjuris
1814 4945 1915 5001 ha-

303 5034 435 5090 hcre
464 5034 776 5090 ostendens.
824 5036 894 5090 Et
933 5052 1118 5092 rursus
1152 5038 1396 5094 scribens
1424 5038 1490 5092 ad
1521 5039 1915 5105 Philemonem,

299 5125 520 5181 diccbat
554 5143 566 5180 :
597 5126 732 5194 Quia
772 5128 963 5184 uiscera
1003 5141 1296 5186 sanctorum
1345 5134 1694 5203 requieveruut
1732 5143 1915 5207 perte,

304 5221 468 5288 frater
497 5236 516 5271 :
543 5230 747 5291 propter
773 5222 910 5292 quod
939 5224 1154 5277 multum
1192 5226 1434 5292 ﬁducimn
1473 5228 1662 5283 habens
1689 5229 1742 5283 in
1771 5228 1916 5284 Chri-

304 5321 384 5364 sto
424 5308 553 5364 Jcsu
585 5313 874 5382 imperandi
922 5314 1011 5367 tibi
1040 5316 1175 5384 quod
1218 5318 1286 5370 ad
1312 5334 1416 5371 rem
1446 5320 1681 5389 pertinet,
1713 5333 1920 5390 propter

305 5403 572 5457 caritatem
609 5406 772 5476 magis
811 5406 1014 5461 obsecro
1050 5406 1294 5479 (Philem.
1331 5426 1376 5464 υ.
1411 5412 1463 5466 7.
1497 5411 1574 5484 8).
1617 5413 1712 5469 llic
1746 5424 1828 5469 cst
1853 5432 1916 5471 ex

301 5511 458 5566 :rquo
504 5499 830 5568 exemplum.
857 5500 1084 5569 Quando
1112 5503 1253 5556 enim
1284 5503 1489 5573 primus
1529 5504 1804 5577 fuerit-qni
1833 5524 1922 5562 ac-

305 5589 467 5655 cepit,
493 5589 655 5644 veluti
701 5594 988 5662 quamdam
1020 5593 1256 5649 secundo
1303 5595 1518 5664 januam
1549 5599 1741 5665 aperit,
1771 5599 1814 5654 si
1847 5599 1921 5654 si-

304 5680 447 5742 nzilis
476 5681 544 5733 sit
575 5680 662 5750 qui
699 5692 783 5735 est
829 5684 1114 5752 petiturus,
1161 5686 1242 5742 vel
1274 5687 1316 5741 si
1365 5687 1552 5742 eadem
1607 5699 1770 5760 petat.
1805 5691 1922 5747 Non

367 5858 378 5884 ‘
422 5857 476 5907 ln
502 5858 668 5909 Morel.
697 5872 811 5919 vox.
838 5875 1038 5926 rursus,
1061 5863 1220 5918 deest.

1393 393 1757 456 EXPOSITIO
1794 391 1862 450 IN
1899 389 2222 449 ιιελωωι
2262 391 2442 450 XLIII.

3530 396 3560 452 ’ί
3567 394 3644 451 ἳῦ

2018 508 2194 564 solum
2221 517 2516 566 anteme:
2550 508 2641 576 iis,
2674 524 2795 580 quae
2836 510 2961 567 aliis
2989 510 3111 568 data
3155 519 3301 579 sunt,
3343 512 3637 571 sed‘e‘rs'is

2010 599 2175 656 etiam
2203 613 2324 671 qua
2366 599 2421 656 in
2451 613 2556 658 nos
2595 600 2744 672 ipsos
2781 609 2939 658 antea
2984 601 3182 659 collata
3223 612 3369 669 sunt,
3399 604 3458 661 ﬁt
3484 591 3641 674 sape

2011 690 2187 746 valida
2219 691 2510 763 postulatio
2550 710 2565 746 :
2599 691 2746 764 quod
2774 684 3103 752 etiam‘fecit
3137 693 3338 751 Paulus
3379 693 3630 751 scribens

2009 783 2077 839 ad
2106 782 2500 855 Philippenses,
2529 795 2587 841 et
2605 784 2792 842 dicens
2817 804 2830 840 :
2857 785 3115 854 Quoniam
3135 795 3183 842 et
3209 784 3632 843 Thessalonicam

2010 874 2168 928 tentet
2189 884 2238 929 et
2265 873 2450 930 iterum
2490 875 2630 945 quod
2671 875 2801 930 mihi
2843 877 2961 931 usui
3009 877 3242 947 futurum
3285 886 3396 932 erat
3423 878 3635 934 misistis

2013 953 2276 1038 (Philipp.
2300 967 2356 1023 4.
2387 966 2505 1040 16).
2537 967 2606 1025 Et
2633 968 2758 1024 ideo
2787 966 2941 1025 multi
2966 968 3058 1041 qui
3085 968 3269 1025 multis
3293 968 3629 1046 donanthoe

2009 1057 2352 1133 principium,
2382 1073 2452 1114 ne
2478 1057 2531 1114 id
2556 1057 2742 1114 dicant
2774 1059 2934 1116 aliis:
2967 1074 3040 1116 ne
3064 1059 3120 1116 in
3144 1075 3312 1118 unum
3338 1061 3476 1119 facta
3501 1076 3597 1134 gra
3618 1088 3636 1103 --

2011 1149 2106 1216 tia,
2133 1149 2182 1205 ei
2208 1148 2304 1221 qni
2328 1149 2498 1215 dedit,
2531 1150 2731 1207 multos
2759 1152 3019 1222 petitores
3047 1153 3270 1220 excitet,
3299 1161 3485 1225 utpote
3503 1154 3631 1210 cum

2011 1254 2118 1297 non
2166 1242 2336 1311 possit
2381 1242 2773 1316 subterfugtum
2817 1245 3061 1302 invenire
3098 1247 3188 1318 qui
3219 1245 3391 1316 dedit,
3422 1248 3637 1319 quomi-

2011 1348 2115 1389 nus
2142 1333 2237 1390 dct
2256 1333 2395 1388 aliis.
2438 1334 2506 1390 Et
2536 1335 2641 1392 hoc
2664 1335 2885 1407 quidem
2926 1335 3123 1394 merito
3141 1337 3335 1410 jubent
3359 1336 3632 1404 homines,

2010 1432 2070 1479 ut
2115 1424 2206 1496 qui
2253 1423 2434 1480 dando
2486 1424 2623 1482 ﬁant
2661 1428 3059 1500 pauperiores:
3089 1429 3234 1487 Deus
3280 1439 3462 1488 autem
3505 1445 3640 1489 con-

2011 1521 2093 1570 tra
2121 1515 2378 1586 prmdieat
2416 1525 2473 1573 et
2507 1518 2812 1590 proclamat
2844 1533 2911 1576 ea
2947 1535 3068 1590 qua:
3104 1519 3201 1587 dat
3242 1522 3385 1591 aliis,
3428 1531 3487 1578 ut
3513 1523 3637 1580 aliis

2012 1606 2176 1661 etiam
2227 1607 2467 1679 pricbeat
2514 1611 2855 1668 occasionem
2907 1627 3101 1671 rursus
3159 1614 3231 1670 ab
3278 1610 3349 1672 eo
3393 1616 3634 1688 petendi.

2011 1696 2200 1754 Dando
2225 1700 2369 1756 enim
2397 1700 2630 1772 majores
2650 1703 3158 1774 ejusostenduntur
3175 1708 3398 1766 divitiae.
3423 1711 3495 1766 Et
3513 1708 3640 1768 ideo

2011 1789 2145 1847 dicit
2173 1791 2373 1848 Paulus
2407 1811 2422 1849 :
2453 1789 2556 1861 Qui
2584 1795 2725 1852 diues
2753 1806 2830 1852 est
2874 1799 2934 1854 in
2974 1816 3172 1870 omnes,
3215 1809 3263 1858 ct
3287 1819 3446 1876 super
3463 1819 3641 1860 omnes

2010 1882 2304 1940 inuocantes
2331 1900 2447 1940 eum
2469 1885 2648 1960 (Ilum.
2681 1887 2771 1946 £0.
2801 1889 2915 1962 l2).
2958 1891 3151 1949 Vidisti
3199 1911 3395 1951 novam
3441 1911 3639 1969 quam-

2015 1975 2140 2032 dam
2193 1986 2442 2035 naturam
2491 1979 2847 2040 divitiarum?
2891 1985 3024 2041 Eam
3073 1998 3129 2044 tu
3175 2003 3392 2060 quoque
3429 1991 3642 2048 imitare

2014 2072 2488 2143 magniﬁcentiam.
2537 2075 2781 2146 Quando
2812 2080 2958 2136 enim
3004 2096 3138 2153 opes
3192 2083 3458 2156 repositas
3509 2101 3641 2141 con—

2013 2166 2334 2236 sumpseris,
2359 2173 2488 2224 tunc
2517 2167 2662 2240 ipsas
2703 2171 2876 2243 magis
2913 2173 3138 2245 augebis
3168 2191 3184 2232 :
3217 2175 3468 2233 siautem
3499 2176 3643 2235 info—

2014 2256 2183 2328 deris,
2215 2260 2362 2331 ipsas
2401 2271 2531 2319 tunc
2566 2264 2739 2336 magis
2767 2264 3062 2322 diminues.
3091 2267 3159 2323 Et
3197 2267 3328 2341 quid
3355 2271 3551 2327 mirum
3597 2272 3642 2328 si

2017 2347 2122 2404 hoc
2165 2351 2363 2406 accidit
2398 2351 2462 2430 in
2510 2353 2906 2426 spiritualibus,
2957 2372 3080 2414 cum
3130 2356 3237 2415 hoc
3278 2359 3372 2416 ﬁat
3393 2360 3560 2418 etiam
3587 2362 3642 2417 in

2015 2442 2366 2501 carnalibus?
2405 2445 2460 2503 Si
2491 2447 2613 2518 quis
2654 2448 2800 2504 enim
2843 2463 3066 2521 propter
3093 2449 3486 2523 parclmoniam
3529 2454 3636 2510 frn-

2016 2543 2260 2592 mentum
2289 2536 2436 2592 domi
2485 2539 2649 2594 situm
2691 2557 2801 2595 non
2844 2544 3262 2611 consumpserit,
3305 2559 3407 2601 nec
3439 2546 3493 2602 iu
3527 2555 3643 2603 ter-

2017 2640 2134 2682 ram
2159 2626 2375 2699 jecerit,
2419 2629 2471 2685 id
2499 2630 2776 2687 vermibus
2806 2633 3152 2713 exedendum
3191 2635 3352 2692 tradit
3385 2653 3399 2691 :
3430 2638 3514 2694 sin
3542 2655 3642 2696 au-

2021 2729 2127 2776 tem
2151 2720 2492 2793 disperserit,
2514 2723 2774 2796 majorem
2805 2741 3037 2783 messem
3060 2727 3301 2799 colliget.

2091 2813 2146 2870 3.
2191 2813 2420 2871 Diuitunt
2456 2832 2657 2872 summa
2683 2824 2984 2890 paupertas.
3035 2851 3101 2862 ——
3133 2821 3333 2879 Audite
3371 2833 3637 2898 quotquot

2018 2904 2152 2960 estis
2171 2905 2310 2960 tardi
2340 2905 2865 2982 adeleemosynam.
2896 2910 3095 2968 Audite
3123 2912 3216 2984 qui
3244 2913 3397 2971 vobis
3423 2915 3644 2973 divitias

2019 2999 2285 3054 servando
2313 2999 2632 3058 diminuitis.
2679 3005 2875 3062 Audite
2909 3007 3000 3078 qui
3046 3007 3214 3062 nihilo
3241 3009 3439 3066 melius
3463 3010 3641 3068 aﬁ'ecti

2021 3091 2174 3159 estis,
2203 3105 2364 3162 quam
2416 3095 2507 3165 qui
2554 3104 2680 3152 sunt
2730 3097 3052 3155 insomniis
3089 3100 3306 3158 divites.
3337 3101 3471 3172 Quae
3518 3089 3645 3159 sunt

2021 3182 2165 3238 enim
2221 3187 2505 3253 prmsentia
2533 3228 2549 3255 ,
2595 3198 2741 3244 sunt.
2769 3191 2983 3245 somnio
3024 3191 3195 3248 nihilo
3248 3194 3516 3252 meliora:
3547 3199 3643 3253 sed

2020 3274 2479 3345 quemadmodum
2519 3279 2611 3350 qui
2661 3281 2715 3335 in
2769 3284 2998 3339 somniis
3027 3285 3130 3340 sibi
3163 3285 3416 3344 videntur
3441 3287 3653 3352 habere.

2022 3369 2299 3438 pecunias,
2330 3370 2457 3426 licet
2483 3369 2685 3428 fuerint
2724 3375 2890 3444 regia:
2929 3392 3077 3447 gaza:
3103 3377 3327 3446 domini,
3359 3396 3484 3444 cum
3525 3382 3647 3442 dics

2021 3457 2280 3525 illuxerit,
2310 3468 2438 3516 sunt
2460 3463 2702 3518 omnium
2733 3468 3061 3537 pauperrimi
3086 3486 3099 3522 :
3129 3469 3200 3524 ita
3247 3471 3413 3528 etiam
3454 3474 3508 3528 in
3538 3465 3654 3530 vita'

2021 3551 2301 3620 prmsenti,
2333 3552 2422 3623 qui
2453 3553 2587 3610 nihil
2617 3553 2747 3611 illuc
2769 3556 2984 3613 auferre
3006 3561 3263 3630 potuerit,
3287 3571 3374 3618 cst
3403 3565 3644 3620 omnium

2021 3646 2420 3715 pauperrimus,
2453 3647 2577 3703 licet
2597 3649 2777 3705 omnia
2805 3652 3140 3721 possederit;
3177 3655 3228 3709 in
3254 3657 3480 3713 somniis
3499 3659 3644 3716 enim

2021 3736 2194 3792 solum
2221 3737 2373 3793 dives
2395 3738 2512 3794 fuit.
2542 3740 2598 3796 Si
2628 3742 2763 3797 velis
2780 3758 2911 3814 ergo
2932 3745 3060 3799 mihi
3083 3746 3373 3806 ostendere
3395 3747 3642 3814 divitem.

2023 3837 2152 3885 tunc
2201 3829 2331 3885 mihi
2378 3831 2606 3889 ostende
2650 3835 2867 3906 quando
2901 3835 3064 3917 fuerit
3104 3839 3257 3907 dies,
3310 3843 3531 3914 quando
3590 3843 3644 3902 iu

2023 3918 2171 3975 illam
2203 3922 2432 3992 patriam
2459 3926 2892 3984 recesserimus:
2924 3945 3068 3986 llllllc
3099 3940 3279 3988 autem
3309 3949 3417 3991 non
3443 3944 3634 4007 potero

2020 4011 2334 4069 discurrere
2359 4013 2581 4071 divitem
2610 4024 2667 4072 et
2693 4033 3007 4089 pauperem.
3041 4021 3158 4078 Non
3187 4025 3332 4081 enim
3355 4038 3436 4082 est
3462 4044 3644 4085 rerum

2022 4104 2245 4168 veritas,
2276 4106 2370 4162 sed
2405 4109 2582 4177 potius
2601 4121 2735 4166 sunt
2755 4111 2989 4182 jucunda
3017 4125 3072 4171 et
3093 4118 3337 4186 speciosa
3361 4121 3644 4178 vocabula.

2022 4196 2488 4266 Quemadmodum
2517 4201 2662 4258 enim
2691 4205 2936 4262 nonnulli
2960 4209 3238 4278 appellant
3263 4226 3439 4270 eccos
3493 4225 3645 4275 πολνο

2022 4297 2298 4358 ϐλέποντας,
2332 4290 2442 4348 hoc
2481 4302 2584 4361 est,
2624 4296 2854 4352 multum
2883 4298 3147 4365 videntes,
3180 4301 3306 4358 licet
3335 4321 3422 4362 res
3449 4323 3646 4365 nomen

2025 4395 2134 4436 non
2160 4391 2438 4453 sequatur,
2467 4385 2577 4441 imo
2616 4386 2650 4442 ii
2681 4389 2792 4444 sint
2828 4391 3065 4449 maxime
3099 4409 3206 4449 non
3233 4396 3479 4454 videntes
3517 4419 3531 4455 :
3575 4401 3646 4457 ita

2025 4475 2188 4530 etiam
2217 4491 2414 4533 nomen
2441 4479 2667 4536 divitum
2706 4482 2794 4538 hic
2833 4484 2959 4541 dico
2982 4486 3319 4546 circumferri
3341 4507 3531 4551 eorum
3555 4498 3646 4569 qui

2025 4566 2161 4622 nihil
2202 4567 2313 4625 illic
2351 4571 2648 4641 possident.
2676 4574 2904 4644 Quando
2945 4581 3090 4636 cnim
3137 4580 3225 4638 hic
3261 4584 3412 4641 dives
3459 4566 3646 4655 fuerit,

2027 4668 2156 4716 tunc
2180 4675 2304 4716 eum
2334 4665 2447 4719 scio
2477 4667 2710 4723 maxime
2735 4684 2854 4725 esse
2880 4687 3169 4742 pauperem
3205 4693 3218 4730 :
3250 4677 3352 4734 nisi
3381 4681 3527 4738 enim
3558 4699 3648 4740 es-

2026 4764 2110 4809 set
2135 4755 2290 4811 valde
2321 4755 2562 4828 pauper,
2597 4776 2704 4816 non
2739 4763 2898 4819 valde
2939 4764 3253 4824 ditesceret.
3284 4771 3649 4839 Quemadmo-

2027 4844 2153 4900 dum
2178 4847 2322 4903 euim
2352 4864 2575 4919 caecum,
2610 4853 2711 4910 nisi
2743 4856 2964 4912 omnino
2989 4869 3135 4915 esset
3175 4875 3499 4933 cxca‘catus,
3541 4885 3648 4926 non

2027 4939 2394 5009 appellassent
2442 4943 2616 5013 ipsum
2672 4954 3044 5013 πολυελίποντα,
3078 4951 3180 5007 hoc
3230 4963 3349 5022 cst,
3419 4960 3646 5016 multum

2029 5030 2301 5086 videntem
2328 5050 2342 5090 :
2377 5034 2445 5088 ita
2475 5035 2561 5090 hic
2585 5037 2746 5092 ctiam
2773 5041 3070 5108 putandum
3101 5053 3202 5099 est.
3232 5045 3488 5119 Deposita
3517 5067 3647 5122 ergo

2029 5125 2351 5195 deceptione
2382 5131 2681 5198 nominum,
2707 5135 2986 5191 veritatem
3011 5137 3352 5207 arripiamus.
3375 5141 3484 5199 Res
3505 5147 3649 5201 enim

2032 5213 2138 5274 non
2182 5222 2486 5277 consistunt
2532 5224 2583 5279 in
2628 5227 2960 5296 nominibus,
2998 5230 3090 5286 sed
3124 5249 3306 5290 rerum
3351 5247 3536 5293 natura
3567 5243 3646 5296 el-

2033 5314 2182 5386 ﬁngit
2201 5317 2416 5372 nomina
2440 5335 2503 5373 ex
2529 5321 2742 5389 proliria
2769 5322 3088 5380 substantia.
3117 5327 3216 5382 llic
3235 5341 3456 5386 vocatur
3475 5333 3648 5395 dives.

2033 5409 2128 5464 scd
2161 5426 2267 5465 non
2293 5420 2393 5467 est.
2444 5412 2510 5467 Et
2551 5415 2963 5484 quomodonon
3013 5429 3117 5486 cst,
3157 5424 3374 5492 quando
3420 5428 3647 5482 multum

2034 5503 2262 5574 argenti,
2291 5505 2516 5557 mullum
2548 5507 2686 5571 auri,
2720 5507 2927 5578 lapides
2966 5513 3205 5580 pretiosi,
3238 5525 3420 5574 vestes
3441 5533 3645 5583 aurem,

2035 5603 2092 5650 et
2117 5595 2293 5649 omnia
2335 5596 2433 5651 alia
2465 5598 2512 5652 ci
2545 5598 2803 5655 afﬂuunt?
2833 5602 3096 5669 Quoniam
3145 5623 3251 5661 non
3293 5624 3508 5676 aurum,
3552 5626 3654 5667 nec

2037 5697 2238 5755 vestes,
2273 5704 2373 5744 nec
2405 5691 2671 5761 pecunim,
2714 5692 2809 5748 sed
2853 5694 3198 5768 eleemosyna
3241 5697 3366 5756 facit
3406 5700 3649 5758 divitem.

2040 5779 2166 5836 llaec
2185 5781 2328 5835 enim
2361 5791 2486 5837 sunt
2523 5782 2750 5852 fmnum,
2782 5785 2899 5843 hinc
2939 5789 3080 5860 ligna
3123 5799 3177 5846 et
3221 5792 3436 5864 stipula.
3467 5794 3652 5862 Qualis

2043 5873 2205 5941 enim,
2249 5874 2352 5941 dir,
2392 5877 2596 5946 quaso,
2629 5880 2860 5934 vestium
2889 5881 3114 5938 amictus
3145 5883 3294 5940 illum
3321 5891 3384 5945 ad
3417 5889 3651 5944 terribile
