4068 6442
524 377 616 434 171

517 489 650 546 Illud
675 488 901 545 tribunal
932 486 1131 544 nudum
1166 495 1394 544 stantem
1437 487 1648 557 operire
1684 486 1917 555 poterit?
1953 486 2106 555 Quod

521 582 909 648 pertimescens
939 578 1135 634 Paulus
1170 577 1378 632 dicebat
1407 593 1422 632 :
1462 577 1520 632 Si
1551 576 1751 646 quidem
1788 575 1973 638 induti,
2007 593 2107 630 non

517 673 640 723 nudi
666 671 972 737 reperientur
1002 667 1075 739 (Ξ.
1125 667 1244 721 Cor.
1275 667 1327 722 5.
1358 666 1435 739 5).
1465 666 1593 734 Qua:
1625 667 1862 736 pecunia:
1903 681 2025 720 cum
2053 666 2103 718 in

519 762 812 829 periculurn
856 760 1139 814 adductum
1185 769 1434 829 poterunt
1465 757 1740 813 eximere?
1784 757 1872 826 qui
1921 756 2101 810 famuli

520 861 763 919 poterunt
794 849 982 904 adesse
1019 849 1238 904 domino
1264 850 1350 918 qui
1380 846 1711 918 ﬂagellatur?
1733 863 1850 918 qua:
1876 847 2104 901 domus?

519 944 607 1012 qui
639 942 843 1011 lapides
873 941 1128 1010 pretiosi?
1156 955 1276 1010 qua:
1303 940 1489 994 balnea
1521 947 1768 1008 poterunt
1795 938 2103 1007 abstergere

515 1032 703 1088 sordes
729 1044 1002 1100 susceptas
1033 1046 1098 1086 ex
1142 1032 1403 1101 peccatis?
1429 1030 1718 1100 Quousque
1750 1031 1993 1098 vosipsos
2019 1043 2102 1084 se-

512 1122 739 1177 ducitis?
785 1136 1061 1190 quousque
1113 1135 1291 1175 rerum
1346 1121 1622 1175 veritatem
1675 1135 1781 1174 uorr
1833 1118 2052 1172 cernitis
2084 1160 2099 1184 ,

514 1214 609 1268 sed
637 1214 860 1267 somniis
889 1212 1122 1277 inliiatis,
1151 1227 1272 1267 eum
1317 1228 1482 1284 ιιι-ονε
1510 1223 1562 1266 et
1610 1212 1659 1264 in
1694 1211 1894 1265 foribus
1918 1212 1986 1264 sit
2009 1210 2100 1278 ju-

511 1303 752 1358 dicium?
784 1303 888 1360 Sed
935 1312 1267 1359 revertamur
1292 1304 1356 1357 ad
1400 1320 1460 1356 ea
1505 1317 1624 1372 qua:
1651 1313 1771 1356 sunt
1808 1305 2097 1372 protrusita.

515 1395 694 1450 Patres
724 1395 880 1448 nostri
919 1395 1342 1448 annuntiuverunt
1371 1394 1510 1446 nobis
1538 1409 1664 1462 apris
1703 1393 1835 1461 quod
1861 1392 2022 1460 fecisti
2048 1391 2098 1442 in

510 1487 685 1540 diebus
726 1503 917 1551 eorum,
970 1487 1024 1538 in
1075 1486 1249 1540 diebus
1293 1485 1527 1555 antiquis.
1577 1485 1758 1538 Potest
1797 1484 1955 1538 etiam
1999 1482 2100 1537 huc

511 1577 728 1630 verbum
757 1577 892 1630 sumi
919 1576 1230 1646 anagogice.
1265 1576 1375 1629 Etsi
1403 1576 1546 1630 enim
1580 1574 1684 1628 illis
1715 1585 1892 1644 patres
1919 1589 2101 1628 narra-

511 1677 722 1734 vcrunt,
756 1675 930 1722 tamen
963 1667 1117 1722 nobis
1157 1667 1314 1722 etiam
1359 1666 1506 1720 dedit
1543 1665 1634 1720 Dei
1674 1666 1866 1735 gratia,
1900 1675 1955 1717 ut
1981 1679 2099 1733 qua:

507 1759 646 1827 apud
687 1760 806 1812 illos
847 1758 985 1813 facta
1027 1767 1170 1823 sunt,
1211 1773 1304 1827 per
1333 1757 1500 1812 sancti
1542 1757 1770 1826 Spiritus
1812 1757 2097 1811 adventum

473 1851 857 1905 'disccrcrnus.
899 1848 1178 1916 Quomodo
1218 1859 1395 1903 autem
1439 1849 1634 1917 poterit
1673 1848 1933 1916 quispiam
1983 1845 2099 1900 haec

506 1954 721 1993 sumere
765 1938 1089 2009 anagogice?
1137 1938 1190 1993 Si
1236 1954 1296 1992 ea
1341 1937 1516 1992 trahat
1541 1936 1607 1990 ad
1650 1936 1901 2006 przcclara
1945 1949 2096 1990 nova:

504 2031 684 2100 gratia:
715 2027 968 2094 facinora,
997 2029 1136 2099 quod
1178 2029 1230 2084 in
1273 2030 1463 2084 caelum
1492 2028 1681 2085 sublati
1725 2027 1913 2093 simus,
1953 2027 2096 2095 quod

505 2137 671 2192 regno
699 2119 842 2191 (ligni
873 2121 1039 2174 simus
1069 2120 1256 2186 habiti,
1284 2121 1423 2190 quod
1460 2121 1596 2174 Deus
1627 2119 1786 2174 homo
1815 2118 1982 2173 factus
2003 2119 2092 2184 sit,

504 2212 643 2281 quod
675 2210 851 2265 solvat
877 2210 1244 2264 intermvdiam
1269 2213 1410 2284 scpis
1442 2210 1739 2264 maceriam.
1773 2208 1878 2264 Sed
1909 2209 2094 2264 redea-

504 2315 626 2374 rnus
651 2302 718 2356 ad
751 2302 1047 2357 historiam.
1071 2300 1210 2371 Opus
1230 2304 1364 2373 quod
1391 2313 1624 2372 operatus
1649 2319 1699 2356 es
1730 2303 1783 2355 in
1806 2302 1978 2355 diebus
2006 2318 2092 2356 eo-

500 2410 632 2458 rum,
674 2394 726 2448 in
776 2392 950 2447 diebus
987 2394 1222 2463 antiquis.
1263 2394 1505 2452 Meminit
1549 2393 1826 2462 cujusdam
1864 2394 2095 2462 antiqua:

500 2483 840 2554 narrationis,
867 2492 919 2538 et
945 2499 1064 2553 qua:
1112 2484 1364 2552 praeclare
1389 2483 1516 2540 olim
1545 2483 1677 2538 facta
1705 2492 1829 2537 sunt
1857 2481 2091 2542 adducit.

499 2573 563 2628 Et
584 2589 680 2628 cur
701 2589 805 2627 non
835 2572 1064 2641 alicujus
1094 2574 1213 2626 novi
1245 2573 1523 2630 meminit?
1549 2573 1810 2644 Quoniam
1835 2572 1975 2642 apud
1993 2573 2093 2628 ho-

498 2663 670 2719 mines
699 2664 912 2734 quidem
947 2662 1072 2732 jure
1114 2679 1196 2730 ca,
1238 2679 1359 2734 quae
1400 2674 1525 2718 sunt
1551 2678 1741 2719 recens
1781 2674 1917 2728 acta,
1968 2679 2094 2718 nar-

498 2770 678 2810 ramus
703 2774 717 2810 :
747 2765 801 2810 et
817 2771 912 2824 per
937 2769 997 2809 ea
1025 2756 1167 2825 ipsos
1188 2754 1524 2820 attrahimus,
1559 2757 1680 2825 quia
1707 2755 2088 2811 eorumimbe-

496 2847 620 2900 cilla
675 2854 758 2900 est
809 2846 1115 2901 memoria:
1160 2846 1269 2900 Deo
1315 2857 1493 2900 autem
1544 2861 1696 2916 reque
1742 2855 1869 2900 sunt
1913 2847 2094 2902 omnia

495 2936 730 3008 cognita,
758 2946 816 2991 et
852 2947 1056 3002 vetera,
1104 2947 1158 2992 ct
1202 2953 1356 2991 nova.
1387 2936 1520 2990 Ecce
1562 2939 1742 3003 enim,
1794 2938 1996 3006 inquit,
2039 2948 2092 2991 tu

495 3027 771 3096 cognouisti
799 3029 991 3093 omnia,
1021 3028 1291 3081 novissimo
1320 3037 1367 3080 et
1390 3029 1601 3099 antiqua
1631 3025 1802 3100 (Psal.
1857 3027 1977 3085 158.
2010 3027 2087 3100 5),

496 3115 617 3170 Nilil
674 3125 850 3170 autern
899 3116 1064 3174 refert
1114 3133 1182 3172 an
1238 3128 1496 3181 veterem,
1544 3133 1611 3171 an
1668 3131 1857 3172 novam
1906 3134 2088 3173 [μηδι

497 3208 698 3263 tionem
739 3209 859 3277 quis
903 3207 1118 3272 dixerit,
1166 3210 1325 3264 modo
1354 3211 1423 3264 sit
1450 3209 1722 3281 proposito
1741 3212 2086 3267 conveniens.

497 3299 796 3367 Quamnam
862 3313 1040 3356 autem
1094 3301 1205 3355 vult
1265 3303 1534 3372 antiquam
1592 3303 1773 3358 dicere
1828 3306 2091 3358 narratio-

501 3393 674 3449 ncm?
715 3393 1027 3448 Audiamus.
1070 3393 1122 3448 ὅ.
1178 3392 1364 3448 Manus
1414 3405 1498 3447 tua
1539 3407 1708 3466 gentes
1756 3396 2093 3466 disperdidit,

498 3498 546 3540 et
588 3486 827 3555 pluntnsti
873 3503 955 3540 eos
997 3504 1017 3538 :
1062 3486 1282 3556 aﬂlixisti
1324 3488 1572 3556 papulas,
1614 3498 1661 3541 et
1706 3489 1940 3558 expulisti
1984 3505 2092 3548 eos.

497 3575 876 3647 Agrrovistisne
929 3577 1198 3646 quodnam
1255 3576 1448 3631 bellum
1495 3578 1676 3643 dicat,
1720 3595 1876 3648 quam
1921 3579 2089 3634 victo-

504 3669 662 3733 riam,
694 3667 833 3737 qrrod
864 3666 1164 3736 tropa-um?
1195 3681 1398 3736 opusne
1441 3668 1668 3732 habetis,
1701 3678 1758 3723 nt
1788 3669 1837 3723 id
1879 3684 1908 3722 a
1938 3670 2092 3724 nobis

496 3757 834 3814 declaretur?
865 3758 1124 3815 Existimo
1149 3759 1362 3828 quidem
1392 3760 1589 3814 multos
1611 3759 1728 3831 jam.
1765 3761 2092 3820 intellexisse

496 3847 640 3918 quod
669 3848 904 3913 dicitur;
959 3859 1176 3920 propter
1211 3866 1304 3903 eos
1334 3859 1510 3904 autem
1547 3853 1634 3920 qui
1673 3853 1938 3920 ignorant,
1992 3867 2084 3911 ne-

496 3953 649 3993 cesse
677 3939 979 4007 estaliquid
1023 3951 1260 3995 nostrum
1299 3940 1529 3996 addere:
1546 3941 1782 4010 Quorum
1819 3959 1946 4015 ergo
1979 3954 2088 3997 tro-

501 4043 760 4095 patorum,
790 4043 1020 4099 quorum
1062 4029 1354 4085 facinorum
1407 4034 1689 4089 meminit?
1733 4035 1929 4089 Eorum
1970 4051 2090 4104 qua:

500 4123 553 4174 in
603 4119 870 4194 Egypto,
910 4135 1096 4176 eorum
1143 4138 1260 4191 qua:
1308 4124 1358 4177 in
1396 4123 1646 4188 deserto,
1675 4141 1858 4180 eorum
1887 4141 2006 4196 qua:
2038 4127 2088 4180 in

498 4222 642 4267 terra
698 4213 1070 4282 promissionis
1128 4213 1261 4268 facta
1317 4225 1486 4276 sunt.
1539 4216 1622 4270 vel
1682 4217 1856 4286 potius
1903 4233 2089 4273 eorum

496 4319 621 4372 qua:
672 4304 724 4358 in
770 4305 1146 4375 promissione.
1199 4306 1382 4376 Neque
1417 4309 1561 4365 enim
1607 4307 1651 4371 ii,
1686 4311 1774 4377 qui
1811 4323 1875 4364 ex
1925 4309 2093 4380 ligv-

497 4404 591 4464 pto
635 4397 834 4464 egressi
885 4404 1046 4459 sunt,
1088 4408 1446 4464 pervenerunt
1490 4398 1542 4451 in
1594 4398 1953 4463 Palu-stiriam,
1997 4401 2091 4455 sed

495 4502 685 4542 omnes
726 4488 1034 4546 ceciderunt
1065 4489 1114 4542 in
1140 4489 1359 4544 deserto
1385 4490 1403 4560 (
1433 4489 1690 4546 Nam“.
1719 4493 1812 4555 23;
1842 4491 2002 4547 Hebr.
2033 4494 2087 4548 ὅ.

500 4579 631 4648 1⁵1).
660 4578 886 4645 Quando
911 4593 1038 4652 ergo
1066 4581 1155 4653 qui
1201 4597 1264 4634 ex
1322 4582 1428 4635 illis
1483 4582 1590 4636 nati
1641 4592 1785 4645 sunt,
1835 4592 1890 4637 et
1917 4584 2009 4653 qui
2038 4584 2090 4639 in

497 4670 712 4725 deserto
740 4681 864 4725 sunt
898 4671 1146 4734 educati,
1193 4674 1416 4743 ingrcssi
1459 4682 1584 4728 sunt
1620 4675 1670 4728 in
1717 4675 2053 4733 l‘almstinam
2075 4717 2090 4743 ,

501 4759 692 4829 iuqrrit,
716 4761 794 4814 eis
824 4776 931 4814 non
976 4760 1074 4814 fuit
1093 4776 1228 4827 opus
1256 4764 1441 4826 armis,
1471 4764 1560 4818 sed
1586 4765 1666 4818 vel
1697 4766 1812 4833 ipso
1832 4767 1949 4820 solo
1978 4768 2090 4823 cia-

499 4867 652 4906 more
674 4852 834 4906 urbes
863 4863 1156 4922 ceperunt:
1186 4864 1239 4909 et
1264 4871 1383 4908 cum
1413 4855 1704 4912 Jordanem
1729 4860 2088 4928 tmnsiissent,

498 4942 725 5012 primam
756 4943 941 4997 urbem
969 4960 1086 5012 quae
1112 4946 1190 4999 eis
1219 4948 1475 5014 occurrit,
1506 4947 1752 5015 Jericbo,
1782 4951 2094 5011 saltantium

501 5036 679 5103 potius
732 5051 890 5104 quam
938 5035 1245 5091 bellantium
1287 5039 1389 5092 ritu
1441 5041 1721 5095 dii-uerunt
1767 5041 1960 5112 (Iosue
1987 5043 2084 5116 6)..

501 5126 708 5180 Armati
737 5128 879 5181 enim
907 5144 1011 5182 non
1036 5138 1300 5200 tamquam
1330 5133 1394 5185 ad
1424 5148 1674 5202 pugnam,
1704 5135 1797 5192 sed
1822 5146 2087 5209 tamquam

496 5217 566 5273 ad
612 5217 954 5275 festivitatem
1005 5236 1070 5276 ac
1115 5223 1364 5280 eboream
1400 5225 1602 5294 egressi
1660 5237 1823 5296 sunt,
1869 5241 2089 5287 ornatus

512 5311 688 5377 petius
714 5311 919 5380 gratia,
950 5329 1110 5381 quam
1163 5327 1220 5368 ut
1266 5318 1488 5372 tutiores
1530 5329 1711 5374 essent
1739 5362 1754 5384 ,
1795 5312 1958 5376 armis
2004 5325 2087 5378 in-

501 5401 715 5465 structi,
741 5411 796 5457 et
831 5402 999 5458 sacris
1019 5405 1256 5462 vestibus
1284 5408 1453 5462 induti
1483 5450 1497 5473 ,
1523 5420 1574 5464 et
1598 5409 1858 5467 habentes
1883 5412 2090 5470 Levitis

508 5491 600 5560 qui
630 5501 806 5548 castra
835 5495 1208 5562 prmcedcbanl.
1235 5540 1248 5559 .
1278 5514 1459 5553 muros
1497 5501 1800 5557 cinxerunt.
1827 5503 1893 5557 Et
1922 5504 2088 5562 videri

497 5590 706 5652 poterat
743 5587 1102 5653 spectaculum
1134 5588 1469 5654 admirabile.
1495 5601 1550 5646 et
1588 5608 1722 5660 pene
1752 5595 2086 5661 incredibile,

505 5681 586 5728 tot
613 5673 773 5729 millia
803 5678 1070 5731 exercitus
1097 5690 1248 5735 certo
1273 5681 1464 5737 ordine
1510 5692 1566 5738 et
1611 5700 1896 5742 numerose
1939 5687 2087 5743 inec-

498 5762 679 5820 dentis
705 5807 719 5833 ,
751 5767 802 5820 in
856 5766 1066 5822 silentio
1096 5786 1305 5826 summo
1335 5814 1349 5837 ,
1377 5771 1706 5846 honesteque
1736 5793 1797 5831 ac
1842 5776 2038 5834 decore
2067 5819 2082 5846 ,

1229 374 1287 432 3.
1323 373 1602 432 JOANNIS
1640 372 2108 434 CHRYSOSTOMI
2151 374 2469 435 ARCHIEP.
2507 373 3045 432 CONSTANTINOP.

3719 379 3817 435 171

2223 487 2447 558 perinde
2474 502 2540 543 ac
2563 489 2606 544 si
2637 489 2812 544 nullus
2843 490 3075 555 adesset,
3110 504 3228 545 cum
3276 489 3529 548 tubarum
3564 491 3813 565 clangore

2214 591 2270 636 et
2301 581 2663 638 modulatione
2691 582 2870 636 omnia
2899 592 3048 637 recte
3074 584 3325 653 gessisse.
3356 585 3694 642 Erubescant
3721 589 3810 658 qui

2215 672 2603 727 tumultuantur
2632 673 2682 726 in
2710 672 2958 726 ecclesia.
2995 672 3052 728 Si
3097 674 3239 727 t-uirn
3269 675 3355 730 ubi
3397 676 3542 730 tubae
3591 692 3814 732 resona-

2214 762 2358 824 bant,
2397 771 2500 815 tam
2535 762 2756 831 pulcher
2803 771 2922 816 erat
2975 762 3143 825 ordo,
3177 773 3232 817 et
3275 773 3420 819 tanta
3461 767 3811 823 moderatio:

2212 854 2300 907 ubi
2343 853 2479 909 Dens
2521 854 2634 924 ipse
2671 853 2936 922 loquitur,
2966 869 3124 924 quam
3163 857 3371 911 veniam
3417 870 3814 929 aSsrquentur,

2208 943 2300 1014 qui
2333 955 2546 1013 propter
2574 960 2702 999 suos
2723 946 2982 999 tumultus
3014 947 3332 1015 impediunt,
3368 964 3436 1004 ne
3466 965 3590 1017 quae
3620 951 3812 1004 dicun-

2211 1043 2316 1096 tur,
2350 1036 2669 1090 audiantur?
2695 1036 2797 1092 Sed
2827 1051 2943 1096 cur.
2979 1039 3173 1108 inquit,
3207 1055 3310 1092 non
3337 1041 3591 1094 meminit
3618 1056 3810 1097 eorum

2208 1131 2296 1198 qui
2322 1137 2669 1183 excesserunt
2691 1144 2754 1184 ex
2781 1128 3054 1201 Egypto?
3083 1131 3348 1197 Quoniam
3377 1147 3572 1187 omnes
3597 1133 3813 1188 occide-

2208 1232 2368 1287 runt,
2393 1221 2643 1290 quoniam
2698 1236 2881 1291 paruas
2923 1222 3210 1279 dederunt.
3255 1224 3361 1278 Cur
3392 1233 3575 1279 autem
3620 1240 3814 1280 omnes

2210 1311 2530 1377 perierunt?
2558 1312 2690 1377 Quia
2738 1312 2888 1366 valde
2918 1323 3234 1382 pecearunt.
3271 1313 3405 1368 [line
3434 1324 3617 1371 autem
3663 1317 3814 1371 aliud

2204 1415 2418 1471 quoque
2445 1400 2695 1470 providit,
2726 1411 2786 1455 ut
2810 1404 2899 1470 qui
2933 1401 3271 1456 Palaestinam
3313 1414 3466 1458 erant
3491 1408 3815 1476 occupaturi

2211 1497 2353 1550 mala
2383 1511 2506 1565 quas
2548 1501 2705 1549 erant
2735 1496 2788 1548 in
2820 1491 3058 1565 λεωριο
3105 1506 3213 1546 non
3255 1492 3532 1552 viderent,
3580 1506 3806 1546 omnem

2208 1603 2403 1658 nempe
2447 1587 2923 1658 superstitionem,
2962 1599 3182 1640 omnem
3234 1584 3593 1653 impietatem,
3646 1593 3703 1639 et
3747 1590 3809 1638 ut

2207 1678 2760 1749 taiitzeimprobitatis
2784 1679 2995 1732 nullum
3022 1678 3345 1747 magistrum
3368 1677 3644 1730 haberent
3695 1674 3808 1728 Eos

2207 1770 2352 1826 enim
2382 1769 2456 1822 ita
2484 1774 2896 1839 praeoccuparet
2922 1765 3312 1837 Egyptiorum
3342 1763 3721 1830 consuetudo,
3750 1771 3807 1819 et

2206 1882 2306 1923 eos
2331 1867 2403 1920 ita
2429 1876 2671 1936 ceperat,
2709 1872 2920 1936 utpost
2956 1872 3038 1919 tot
3075 1864 3341 1919 miracula
3377 1880 3446 1920 ne
3483 1866 3540 1919 in
3577 1865 3806 1921 deserto

2207 1959 2426 2029 quidem
2459 1973 2594 2029 pure
2611 1958 2822 2012 erroris
2847 1957 3110 2027 reliquias
3132 1957 3532 2026 abstergerent.
3561 1957 3726 2024 Quod
3755 1957 3803 2014 si

2204 2057 2366 2109 etiam
2387 2055 2664 2121 cepissent
2687 2052 3031 2108 Cbauanaeos
3050 2051 3330 2121 prioribus
3349 2051 3660 2106 deteriores
3684 2067 3773 2104 ma
3789 2080 3806 2092 -

2205 2145 2552 2216 gistrus,quo
2587 2159 2695 2198 non
2732 2143 3010 2213 erupisset
3037 2157 3230 2198 eorum
3264 2143 3558 2212 impietas?
3580 2141 3650 2195 Et
3679 2142 3803 2197 ideo

2202 2252 2301 2294 eos
2331 2237 2423 2307 qui
2473 2238 2590 2291 nati
2633 2246 2792 2292 erant
2820 2237 3096 2293 continuit
3141 2237 3195 2291 in
3231 2237 3474 2299 deserto,
3506 2235 3690 2292 donec
3733 2234 3801 2290 ad

2204 2333 2449 2385 virorum
2478 2339 2693 2386 aetatem
2719 2329 3103 2399 pervenissent
3130 2343 3324 2383 eorum
3355 2327 3475 2381 filii.

2274 2421 2329 2476 4.
2373 2418 2496 2474 Haec
2523 2428 2705 2474 autem
2741 2421 3017 2489 loquimur
3041 2434 3148 2474 non
3168 2435 3237 2474 ex
3269 2419 3451 2482 nobis,
3474 2416 3572 2473 sed
3593 2433 3626 2472 e
3648 2417 3798 2473 Scri-

2207 2510 2385 2582 pturis
2426 2510 2773 2578 deprompta.
2807 2507 2944 2562 Nam
2991 2523 3088 2578 per
3136 2507 3483 2563 Ezechielem
3523 2507 3672 2564 Deus
3699 2507 3804 2563 hoc

2205 2602 2383 2674 ipsum
2406 2603 2488 2655 eis
2505 2601 2822 2671 exprobrat,
2843 2599 2990 2668 quod
3014 2615 3138 2653 cum
3167 2614 3263 2654 eos
3283 2604 3336 2654 in
3353 2600 3638 2654 desertum
3667 2600 3804 2655 edn-

2200 2693 2396 2757 xisset,
2414 2701 2471 2748 et
2499 2692 2732 2745 multrnn
2761 2706 2885 2745 cum
2902 2690 2986 2745 eis
3006 2690 3389 2753 disseruisset,
3407 2705 3517 2745 non
3533 2690 3805 2745 audieba-

2199 2795 2289 2841 tur
2317 2784 2535 2856 (Eucti.
2557 2784 2649 2840 20.
2678 2785 2787 2853 l0).
2809 2782 2916 2838 Sed
2935 2797 3042 2852 qua
3059 2782 3130 2838 de
3151 2783 3614 2852 causajussiteos
3631 2783 3807 2838 armis

2201 2878 2378 2941 indui,
2401 2893 2536 2931 cum
2560 2885 2750 2930 essent
2771 2873 3093 2945 aggressuri
3116 2872 3378 2930 Jericho?
3401 2871 3624 2929 Fuisset
3653 2873 3803 2928 enim

2199 2967 2658 3027 admirabiliussi
2680 2968 2782 3021 hoc
2801 2966 3070 3024 fecissent
3083 2967 3127 3020 si
3137 2982 3205 3022 ne
3217 2966 3407 3021 armis.
3427 2949 3660 3020 scilicet
3676 2979 3805 3020 cum

2191 3063 2389 3134 jubeat
2415 3060 2620 3131 aliquid
2650 3061 2951 3114 humanum
2988 3056 3195 3121 facere,
3237 3065 3294 3114 et
3335 3059 3547 3129 aliquid
3595 3059 3810 3114 sensile

2198 3157 2462 3210 auxilium
2493 3155 2766 3223 accipere,
2802 3152 2907 3206 boc
2935 3150 3069 3207 facit
3093 3168 3154 3210 se
3187 3150 3484 3206 demittens
3509 3150 3579 3205 ad
3602 3165 3803 3207 eorum

2196 3245 2809 3312 imbecillitatem.Quid
2830 3245 3291 3315 potueruntenim
3312 3243 3711 3299 armaedicere
3733 3242 3806 3298 ad

2196 3354 2388 3396 muros
2427 3338 2731 3393 diruendas
2760 3338 2782 3392 ?
2810 3337 2944 3407 quid
2978 3352 3108 3392 vero
3141 3337 3366 3407 clangor
3407 3333 3714 3395 tubarum?
3745 3334 3812 3389 Si

2191 3430 2339 3485 enim
2362 3427 2554 3484 fuisset
2570 3428 2773 3482 bellum
2789 3427 3058 3482 adversus
3074 3427 3347 3486 homines,
3359 3423 3557 3478 fuisset
3571 3422 3808 3492 aliquod

2192 3529 2533 3576 momentum
2560 3520 2616 3574 in
2649 3519 2825 3573 armis
2852 3517 3230 3588 reponendum
3263 3533 3286 3569 :-
3309 3515 3394 3570 sin
3419 3523 3606 3569 autem
3635 3522 3806 3569 erant

2191 3627 2396 3669 casura
2421 3611 2647 3669 muenia,
2678 3623 2910 3663 cumam
2949 3608 3122 3663 armis
3155 3604 3505 3660 induuntur?
3537 3603 3660 3660 Sub
3687 3603 3805 3661 Ge-

2191 3705 2368 3761 deone
2395 3717 2615 3774 quoque
2639 3703 2737 3771 qui
2760 3697 2906 3769 capti
2932 3706 3083 3764 sunt,
3107 3707 3268 3752 erant
3303 3698 3546 3767 mquales
3577 3698 3671 3758 iis.
3702 3699 3802 3769 qui

2189 3811 2301 3852 non
2333 3795 2478 3864 capti
2514 3801 2646 3847 sunt
2674 3790 2751 3862 (α)
2783 3808 2797 3843 :
2831 3805 3026 3844 omnes
3057 3789 3205 3843 enim
3249 3787 3522 3842 manifesti
3575 3789 3808 3850 fuerunt

2192 3887 2397 3961 (ludio.
2425 3886 2504 3957 7).
2527 3884 2640 3939 Cur
2657 3897 2792 3953 ergo
2811 3881 2928 3937 haec
2955 3878 3132 3934 liunt?
3161 3877 3226 3934 Ut
3251 3880 3349 3948 qui
3374 3879 3487 3954 hac
3508 3878 3808 3948 jnbcntur.

2189 3980 2260 4036 ad
2288 3980 2449 4034 fidem
2484 3977 2849 4032 deduciintur.
2887 3973 3086 4028 Anima
3129 3972 3280 4026 enim
3315 3986 3440 4041 qua:
3468 3972 3680 4027 coalita
3717 3981 3808 4030 es!

2195 4068 2439 4141 corpori,
2469 4077 2521 4122 et
2548 4067 2974 4135 riiliilzumquam
3001 4064 3142 4117 vidit
3163 4063 3580 4133 incorporeum,
3599 4073 3655 4118 et
3679 4079 3810 4119 sen-

2192 4163 2452 4218 sibilibus
2472 4160 2668 4222 inhiat,
2697 4157 2766 4211 ab
2785 4159 2856 4213 iis
2877 4172 3000 4226 quae
3019 4154 3274 4210 videntur
3289 4152 3359 4207 ad
3384 4168 3449 4207 ea
3470 4168 3597 4222 qua:
3615 4163 3807 4210 mente

2194 4254 2744 4325 comprehenduntur
2774 4251 2972 4306 deduci
3007 4263 3151 4317 epus
3195 4247 3380 4302 habet.
3431 4245 3596 4303 Unde
3629 4249 3804 4301 etiam

2191 4347 2478 4421 prophetis
2507 4347 2577 4401 de
2607 4350 2712 4402 lico
2739 4343 3099 4414 loquentibus
3123 4356 3264 4421 opus
3290 4337 3394 4393 fuit
3427 4339 3802 4395 humanorum

2192 4444 2566 4500 membrorum
2588 4439 2927 4500 meminisse,
2953 4451 3061 4490 non
3088 4448 3149 4489 ut
3171 4434 3318 4488 illam
3344 4445 3598 4487 naturam
3622 4446 3653 4485 a
3679 4446 3806 4488 cor-

2189 4535 2448 4602 ruptione
2474 4540 2529 4587 et
2556 4530 2778 4585 interitu
2813 4530 3047 4583 alienam
3079 4525 3147 4580 ad
3190 4524 3565 4580 membrorum
3594 4523 3806 4594 figrrras

2193 4623 2637 4697 eilingerent,sed
2657 4631 2716 4676 ut
2749 4619 2988 4673 animam
3008 4619 3061 4671 iu
3086 4616 3386 4671 sensilibus
3403 4629 3529 4669 cum
3560 4630 3803 4685 corpore

2193 4720 2488 4778 enutritam
2518 4731 2586 4771 ex
2607 4712 2866 4769 humanis
2883 4726 2945 4764 ea
2965 4711 3228 4765 docerent
3247 4708 3504 4778 dogmata
3525 4722 3648 4777 quae
3669 4717 3807 4764 sunt

2195 4828 2364 4885 supra
2395 4809 2692 4865 hominem.
2720 4805 2990 4872 Quoniam
3015 4818 3147 4874 ergo
3167 4800 3264 4856 Dei
3291 4801 3546 4872 operatio
3577 4810 3665 4856 est
3696 4801 3798 4855 ali—

2195 4908 2324 4979 quid
2361 4904 2507 4976 quod
2540 4899 2974 4972 apprehenditur
2998 4895 3363 4966 intelligentia
3395 4911 3409 4947 :
3443 4893 3643 4962 nequi.
3665 4901 3800 4959 tunc

2194 5006 2374 5062 erant,
2414 5013 2520 5051 non
2547 4993 2859 5053 crederent,
2896 4990 3053 5060 ponit
3073 4988 3239 5042 etiam
3267 4985 3475 5056 aliquid
3504 4986 3796 5041 sensibile.

2197 5091 2253 5148 Si
2291 5091 2435 5146 enim
2465 5088 2701 5143 dixisset
2728 5104 2741 5139 :
2772 5083 2829 5139 ln
2859 5091 3070 5152 septem
3100 5080 3295 5136 diebus
3323 5086 3606 5136 evertetur
3637 5080 3796 5144 urbs.

2193 5186 2352 5241 vobis
2391 5179 2832 5254 quiescentibus,
2867 5185 2922 5232 et
2957 5176 3089 5230 nihil
3125 5173 3457 5230 facientibus
3504 5191 3517 5226 :
3554 5171 3800 5228 fortasse

2195 5277 2353 5334 multi
2391 5289 2503 5328 non
2532 5271 2903 5327 credidissent
2926 5283 3118 5337 ;-nuuc
3147 5275 3329 5321 autem
3374 5265 3492 5319 haec
3522 5271 3795 5334 praecepta

2197 5367 2358 5425 veluti
2376 5364 2651 5439 quoddam
2666 5362 3082 5417 fundamentum
3096 5358 3354 5414 humanae
3365 5357 3534 5412 incuti
3549 5355 3670 5426 subj
3681 5357 3793 5411 icit.

2258 5536 2332 5598 (α)
2363 5533 2493 5607 οτιοᾴ
2516 5536 2590 5607 δῖε
2606 5532 2976 5607 timemus
2995 5532 3124 5595 apud
3144 5530 3793 5607 meaemeae

2181 5591 2548 5661 sunt'aquales
2566 5591 2722 5667 fuisse
2739 5597 2797 5646 iis
2927 5591 3160 5665 non'sunt
3183 5593 3308 5654 capti
3322 5627 3336 5650 ,
3354 5591 3518 5653 lapsus
3539 5591 3797 5661 memorias

2196 5660 2368 5706 Savilio
2393 5673 2507 5706 esse
2544 5658 2752 5706 Videtur.
2789 5665 2846 5706 M1
2881 5673 2899 5706 ι
2934 5669 3055 5706 vero
3092 5656 3173 5706 lue
3202 5667 3298 5704 non
3329 5659 3520 5704 constat
3549 5652 3664 5706 quid
3703 5655 3792 5703 erit

2829 5673 2846 5709 ι

2196 5660 2368 5711 Saviho
2393 5652 2507 5708 esse
2544 5658 2752 5710 videtur.
2789 5652 2899 5709 Mihi
2934 5669 3055 5706 vero
3092 5656 3173 5706 hic
3202 5652 3298 5704 non
3329 5652 3520 5704 constat
3549 5652 3664 5716 quid
3703 5653 3792 5703 siti

2195 5720 2716 5832 :Ielittgbrysoistomus.
2742 5719 2860 5770 Male
2885 5725 3050 5770 autem
3074 5726 3166 5778 tam,
3201 5728 3399 5766 numero
3433 5714 3793 5778 mutilamus

2221 5797 2306 5835 era
2389 5795 2509 5833 ervo
2533 5793 2607 5830 us.
