4068 6434
270 395 375 453 I73

262 507 329 564 Et
380 522 450 564 ne
479 506 530 562 id
575 506 717 579 quod
745 505 941 562 dicitur
982 501 1299 560 existimetis
1348 515 1469 556 esse
1521 491 1888 567 solummodd’l

256 599 648 670 conjecturam,
695 595 819 652 volo
855 596 1009 652 vobis
1051 608 1274 648 narrare
1318 601 1552 646 veterem
1586 588 1862 643 historiam

255 706 382 761 quae
427 689 710 745 conﬁrmat
736 687 876 757 quod
907 685 1153 742 dicimus.
1200 683 1439 738 Naaman
1488 691 1604 737 erat
1647 679 1868 750 quidam

254 780 449 854 Syrus.
499 773 636 836 Eum
683 795 804 834 cum
860 779 1004 848 lepra
1055 777 1360 840 invasisset,
1411 783 1465 829 et
1493 782 1712 844 prOpter
1739 789 1861 830 eum

259 874 510 928 morbum
540 871 906 933 erubesceret,
932 879 989 923 ut
1011 867 1104 939 qui
1134 869 1185 923 in
1213 867 1448 922 maximo
1478 865 1718 936 periculo
1745 880 1866 919 ver-

255 975 490 1030 saretur,
512 964 659 1020 venit
687 965 738 1018 in
771 963 1107 1019 Palmstinam
1133 961 1419 1033 (brevitate
1440 961 1584 1015 enim
1609 959 1862 1013 utendum

255 1054 387 1128 est),
425 1056 614 1111 volens
641 1071 670 1110 a
699 1055 955 1127 propheta
987 1053 1204 1109 liberari
1243 1052 1347 1108 hoe
1374 1052 1534 1107 malo.
1565 1049 1702 1105 tium
1733 1065 1865 1120 ergo

253 1149 516 1212 venisset,
550 1155 606 1204 et
634 1148 685 1202 in
715 1147 810 1200 viri
843 1147 1044 1202 foribus
1069 1145 1420 1209 constitisset,
1453 1144 1663 1200 vocavit
1692 1142 1864 1198 medi-

248 1253 402 1295 cum.
431 1239 525 1295 Ille
549 1248 726 1294 autem
754 1237 1025 1293 exaudivit
1057 1236 1144 1309 (a).
1164 1237 1403 1308 quidem,
1433 1251 1539 1290 non
1569 1244 1746 1290 tamen
1780 1242 1864 1289 est

251 1343 540 1400 egressus,
563 1328 660 1384 sed
683 1339 890 1384 tantum
921 1328 1104 1394 misit,
1129 1327 1328 1398 jubens
1357 1342 1479 1383 eum
1527 1326 1654 1397 tingi
1684 1327 1734 1379 in
1763 1324 1866 1381 ﬁu-

248 1421 344 1476 vio
363 1420 618 1476 Iordane.
645 1419 736 1476 Ille
749 1431 951 1485 autem,
969 1421 1223 1491 quoniam
1246 1429 1362 1475 erat
1388 1421 1504 1475 leve
1528 1419 1859 1484 mandatum,

250 1512 478 1567 multum
530 1512 733 1567 habens
764 1529 826 1567 ex
877 1513 1140 1579 sensibili,
1187 1519 1244 1568 et
1290 1509 1436 1583 quod
1477 1527 1582 1565 non
1634 1509 1866 1565 habebat

248 1621 389 1672 opus
409 1606 626 1661 sublimi
652 1607 994 1677 cogitatione,
1020 1621 1126 1665 non
1149 1605 1396 1661 credidit.
1426 1604 1532 1661 Sed
1561 1603 1685 1674 quid
1709 1601 1863 1657 dicit?

249 1695 369 1768 Ego
395 1696 894 1768 dicebam,quoniam
919 1699 1206 1769 egredietur
1230 1696 1299 1750 ad
1320 1713 1419 1761 me,
1439 1706 1485 1750 et
1512 1698 1731 1766 imponet
1753 1710 1864 1748 ma-

247 1806 376 1843 num
401 1805 565 1855 suam,
596 1799 643 1844 et
668 1789 915 1844 invocabit
959 1789 1120 1844 Deum
1159 1806 1307 1845 suum
1347 1798 1395 1843 et
1426 1787 1618 1842 curabit
1665 1785 1862 1854 leprant

249 1878 328 1953 μ.
365 1878 491 1951 Reg.
515 1880 568 1937 5.
603 1881 716 1951 Il).
756 1881 914 1936 Vides
935 1882 1207 1952 quomodo
1230 1882 1408 1935 anima
1449 1895 1583 1950 Opus
1610 1878 1858 1934 habuerit

247 1985 315 2027 re
365 1971 540 2041 aliqua
594 1972 882 2027 sensibili?
919 1971 1036 2028 Non
1083 1973 1407 2028 exiSIimavit
1454 1971 1597 2026 enim
1649 1971 1859 2040 jussum

249 2063 450 2119 medici
498 2064 768 2128 sufﬁcere,
810 2064 904 2120 sed
957 2080 1116 2119 manu
1165 2078 1299 2133 Opus
1348 2063 1533 2129 luisse,
1561 2062 1704 2132 quod
1745 2071 1863 2117 erat

248 2152 640 2209 imbecillitatis
667 2155 807 2224 ejus,
839 2156 928 2224 qui
954 2154 1263 2210 curabatur.
1293 2155 1464 2210 Porro
1510 2154 1674 2208 multa
1720 2168 1860 2224 quo-

247 2262 357 2319 que
400 2246 501 2301 alia
534 2246 660 2303 hinc
701 2247 856 2302 nobis
901 2248 1204 2304 solvuntur.
1254 2245 1379 2303 Ideo
1423 2246 1669 2302 Christus
1699 2247 1860 2302 etiam

251 2354 363 2394 sum
409 2354 622 2409 semper
650 2339 814 2394 verbo
859 2349 1036 2404 sanat,
1079 2339 1172 2394 sed
1204 2339 1366 2394 etiam
1407 2355 1568 2394 manu
1593 2357 1610 2405 ;
1640 2340 1863 2400 immisit

253 2434 402 2488 enim
451 2447 666 2487 manum
698 2435 752 2486 in
775 2448 836 2486 os
867 2442 923 2487 et
949 2433 1000 2486 iu
1031 2433 1266 2503 linguam
1296 2452 1309 2486 :
1342 2441 1395 2488 et
1421 2433 1614 2487 alicubi
1643 2432 1859 2502 quidem

249 2524 420 2578 verbo
466 2524 607 2593 solo,
653 2525 848 2581 alicubi
901 2534 1081 2581 autem
1135 2525 1412 2580 voluntate
1457 2525 1632 2579 solum
1678 2525 1859 2580 omnia

249 2619 477 2685 faciens,
524 2620 746 2675 curabat
790 2635 888 2676 eos
915 2623 1004 2691 qui
1033 2619 1367 2676 accedebant
1416 2617 1608 2689 (ﬂare.
1653 2619 1706 2672 7.
1738 2617 1856 2690 53).

247 2713 430 2780 Quare
485 2729 615 2783 ergo
677 2714 782 2770 hoc
843 2713 1131 2771 faciebat?
1164 2713 1394 2783 Propter
1440 2713 1860 2769 imbecillitatem

254 2821 445 2861 eorum
473 2806 570 2876 qui
593 2807 938 2862 accedebant.
971 2807 1036 2861 Et
1067 2815 1124 2860 ut
1164 2806 1305 2860 scias
1334 2803 1436 2859 hoc
1459 2803 1660 2860 uictum
1693 2804 1862 2862 fuisse

248 2908 474 2970 propter
501 2913 688 2958 eorum
727 2898 1168 2963 imbecillitatem,
1201 2897 1446 2953 laudabat
1474 2912 1570 2953 eos
1593 2898 1683 2968 qui
1714 2897 1861 2968 ejus-

249 2990 398 3043 modi
436 2989 596 3045 rebus
641 2991 862 3045 miniata
895 3005 1033 3060 opus
1064 2989 1341 3045 haberent.
1373 2991 1538 3044 Amen
1573 2989 1739 3056 enim,
1773 2988 1858 3043 in-

247 3081 386 3148 quit,
434 3083 548 3135 dico
595 3083 752 3148 vobis,
797 3098 900 3135 non
937 3081 1105 3136 int-eui
1153 3090 1348 3134 tantam
1399 3081 1552 3152 ﬁdem
1597 3082 1650 3135 in
1689 3080 1860 3135 Israel

251 3175 448 3245 (.llattlt
501 3175 554 3230 8.
612 3175 700 3246 l0)
735 3175 1211 3245 :qnaudoquidem
1262 3190 1368 3229 non
1422 3174 1584 3229 traxit
1629 3189 1756 3230 eum
1802 3174 1861 3229 in

246 3268 468 3322 domum
495 3282 647 3321 suam
669 3267 933 3330 centurio,
954 3265 1047 3322 sed
1065 3266 1202 3321 dixit
1224 3265 1341 3335 ejus
1352 3265 1559 3335 jussum
1582 3263 1856 3320 sufﬁcere.

249 3359 310 3415 In
345 3358 573 3414 Ezccltia
618 3360 696 3429 (4.
727 3358 837 3430 [leg
887 3357 977 3428 18)
1024 3359 1205 3427 itaque
1233 3357 1365 3412 nihil
1395 3357 1502 3412 tale
1548 3355 1626 3424 ﬁt,
1653 3355 1749 3412 sed
1776 3364 1861 3412 est

247 3449 592 3506 solummodo
619 3449 911 3519 praedictio,
944 3457 998 3503 ct
1027 3448 1158 3503 nilul
1200 3447 1494 3502 humanum
1522 3458 1857 3516 assumptum

247 3556 335 3601 est
367 3563 380 3599 :
411 3555 466 3601 et
491 3545 613 3600 ideo
640 3546 691 3599 in
719 3561 786 3600 eo
811 3560 1048 3615 quoque,
1078 3543 1167 3615 qui
1196 3545 1377 3598 uxoris
1405 3543 1672 3614 zelotypia
1702 3542 1856 3598 labo-

248 3647 353 3701 rat,
381 3638 526 3706 jussa
553 3647 633 3693 est
657 3653 746 3692 res
769 3638 943 3707 aliqua
971 3638 1203 3691 crassior
1227 3635 1322 3707 (b).
1347 3635 1500 3702 Quod
1518 3637 1563 3691 si
1587 3635 1721 3689 Veiis
1744 3635 1860 3690 haec

247 3744 466 3800 quoque
511 3744 727 3790 sumere
755 3730 1045 3800 anagogice
1074 3727 1288 3800 (Omnia
1330 3728 1500 3794 enim,
1529 3727 1720 3800 inquit,
1748 3725 1858 3782 hac

249 3820 307 3874 in
349 3820 514 3891 ﬁgura
544 3820 833 3873 eveniebant
871 3819 974 3874 illis
1000 3835 1021 3875 :
1039 3821 1232 3890 scripta
1255 3827 1372 3874 sunt
1398 3826 1566 3872 autent
1591 3819 1661 3872 ad
1683 3833 1857 3873 corrc-

246 3912 465 3966 stionem
506 3921 752 3977 nostram,
785 3911 853 3964 ad
896 3927 1022 3982 quos
1059 3913 1187 3981 ﬁnes
1209 3911 1514 3966 sculorum
1556 3909 1859 3964 demeruit

248 4004 330 4068 (l.
363 4002 482 4058 Cor.
519 4007 602 4058 to.
639 4004 750 4074 ll),
772 4002 945 4073 cogita
974 4003 1116 4073 apud
1145 4012 1197 4058 te
1220 3998 1457 4072 Optimos
1481 4000 1735 4057 Ecclesia:
1754 3999 1856 4056 do-

250 4108 432 4153 ctores
482 4113 578 4167 pro
621 4099 743 4152 tuba
787 4097 1031 4153 oratione
1071 4104 1282 4152 utentes
1323 4104 1379 4151 et
1423 4094 1854 4152 adversariorum

249 4191 448 4245 tntrnia
477 4189 772 4254 diruentes,
800 4200 854 4244 et
882 4190 1144 4260 populum
1161 4189 1366 4258 integra
1394 4196 1445 4242 et
1471 4187 1704 4259 perfecta
1728 4186 1858 4243 Iesu

244 4292 520 4339 armatura
549 4291 843 4338 armatum.
865 4283 1082 4353 Septem
1130 4290 1310 4337 autem
1354 4283 1563 4337 dierum
1595 4295 1860 4337 numerus

239 4375 354 4447 jam
381 4385 506 4432 ante
528 4375 682 4430 nobis
708 4377 866 4432 solvit
893 4377 1196 4431 sabbatum.
1215 4374 1398 4446 Neque
1425 4376 1567 4430 enim
1590 4374 1858 4445 ejusmodi

247 4467 380 4538 legis
430 4478 694 4535 praecepta
741 4468 1105 4536 principaliter
1150 4467 1272 4523 data
1324 4475 1470 4523 sunt.
1505 4467 1570 4522 Et
1617 4466 1739 4521 ideo
1786 4465 1856 4523 de

241 4557 527 4612 sacriﬁciis
577 4557 795 4627 quidem
841 4557 1016 4613 dicit:
1071 4558 1197 4626 Quis
1239 4559 1372 4614 enim
1436 4575 1495 4613 ea
1543 4559 1799 4629 requisivit
1827 4574 1857 4614 e

243 4651 478 4705 manibus
520 4652 697 4706 vestris
725 4649 879 4721 (Isai.
927 4657 978 4705 l.
1026 4651 1156 4723 i2)?
1199 4651 1267 4706 Et
1309 4667 1538 4708 rursus:
1584 4652 1854 4724 Numquid

241 4753 361 4796 uota
406 4750 453 4796 et
496 4758 674 4797 carnes
716 4755 906 4798 sancta:
947 4743 1179 4814 auferent
1226 4754 1431 4814 peccata
1465 4754 1551 4798 tua
1584 4743 1716 4818 (Jer.
1760 4745 1849 4800 II.

244 4836 381 4905 ιδῃ
413 4834 481 4890 Ει
505 4850 692 4890 rursus
723 4855 736 4890 :
771 4835 1039 4907 Numquid
1065 4837 1255 4890 hostias
1293 4848 1340 4890 et
1369 4837 1624 4905 sacriﬁcia
1663 4837 1850 4891 obtuli-

241 4929 335 4982 stis
365 4929 490 4980 mihi
523 4929 575 4980 in
619 4929 812 4982 deserto
841 4929 1178 5000 quadraginta
1218 4930 1370 4983 anuis
1397 4929 1574 5000 (Amos
1606 4931 1659 4986 5.
1705 4929 1798 5001 25)
1821 4930 1847 4984 ἲ

245 5019 314 5075 Et
340 5034 524 5074 rursus
559 5038 571 5074 :
605 5017 710 5076 Cur
739 5020 863 5072 mihi
893 5018 1049 5086 aﬂ'crs
1089 5021 1208 5074 titus
1233 5037 1296 5074 ex
1341 5019 1502 5086 Saba,
1550 5030 1594 5074 et
1626 5022 1851 5076 (inamo-

240 5128 381 5166 mum
415 5112 478 5164 de
500 5121 631 5165 terra
658 5112 936 5182 longinqua
961 5109 1098 5180 (Jer.
1129 5111 1182 5166 6.
1211 5111 1359 5184 9.0)?
1385 5113 1448 5165 Et
1475 5112 1665 5166 iterum
1700 5130 1713 5167 :
1743 5111 1848 5167 Sa-

237 5203 520 5289 crificium”
533 5213 580 5256 et
608 5203 910 5258 oblationem
942 5205 1147 5258 uoluisti
1178 5204 1351 5276 (Psal.
1386 5205 1475 5260 59.
1506 5206 1581 5274 7).
1616 5206 1682 5260 Et
1725 5222 1847 5260 rur-

303 5335 377 5397 (α)
413 5335 469 5385 In
487 5343 888 5402 Graiugenum...
921 5345 1035 5397 Quae
1066 5339 1267 5402 quidem
1303 5352 1400 5388 vox
1439 5337 1519 5402 hic
1554 5346 1697 5402 recte
1719 5341 1850 5402 verti

239 5403 402 5460 potest
423 5437 437 5456 ,
461 5399 748 5466 exaudivit;
775 5403 951 5466 (nescio
987 5413 1050 5450 an
1085 5399 1258 5460 etiam,
1277 5401 1561 5466 respondit;
1599 5399 1681 5452 vel
1720 5400 1850 5452 forte

240 5467 517 5524 utrumque
528 5462 893 5524 complectitur.

305 5522 376 5583 (b)
399 5522 538 5588 εδδ-ῆι.
565 5537 577 5570 :
603 5522 683 5588 {si
701 5526 951 5588 historiam
972 5525 1220 5586 respiciat.
1235 5524 1602 5588 inquitdoctiss.
1622 5524 1847 5588 Alienus,

454 5586 514 5632 20
537 5625 555 5654 ,·
575 5584 717 5654 plane
743 5580 1464 5654 reiragatttrnctintextus'ipse;
1490 5601 1598 5635 nam
1624 5580 1846 5654 versui,

238 5645 418 5712 dicitur
450 5646 690 5712 accipiant
715 5645 980 5712 canistftun
1004 5647 1208 5712 ﬁcorum
1228 5686 1240 5706 ,
1269 5645 1364 5698 etc'.
1404 5645 1481 5712 sin
1503 5657 1668 5697 autem
1692 5649 1848 5697 histo-

236 5718 357 5756 riam
395 5710 564 5773 innuat
583 5710 632 5758 4.
660 5718 774 5772 Reg.
803 5712 878 5765 19,
909 5711 936 5760 'l
977 5710 1027 5760 et
1067 5712 1157 5759 32.
1185 5712 1248 5759 de
1299 5710 1609 5773 praedictione
1649 5713 1847 5773 quidem

233 5777 462 5819 constare
493 5770 827 5831 videturfsed
869 5787 962 5821 non
998 5774 1120 5822 adeo
1159 5770 1308 5822 clare'
1331 5779 1394 5820 de
1437 5771 1651 5822 t'rcchize
1670 5770 1790 5822 ﬁde.
1816 5787 1838 5816 ι

233 5831 303 5878 At
324 5843 419 5894 ego
440 5845 534 5880 non
557 5834 696 5884 video
720 5836 834 5896 quid
857 5835 986 5884 dubii
1013 5837 1075 5886 de
1103 5837 1311 5885 lcet-him
1337 5835 1430 5885 ﬁde
1459 5837 1586 5884 nasci
1615 5837 1782 5897 Iussit.

1415 383 1780 443 EXPOSlTlO
1819 381 1884 438 IN
1925 379 2249 441 PSALIIUM
2289 382 2472 441 XLIII.

3486 395 3586 452 ιη

1970 512 2101 556 sus:
2131 499 2402 572 Numquid
2430 505 2727 560 holocausta
2768 513 2821 559 et
2843 505 3099 572 sacriﬁcia
3124 505 3227 560 vult
3253 501 3395 560 Deus
3425 504 3465 571 ι,
3485 520 3587 558 an-

1971 612 2092 659 non,
2134 605 2191 650 ut
2232 596 2278 652 ei
2307 597 2572 652 obediatur
2598 597 2675 670 (l.
2708 598 2839 671 Reg.
2874 599 2960 655 l5.
2992 597 3089 670 32)
3111 599 3135 653 l
3161 597 3230 654 Et
3258 612 3446 653 rursus
3475 612 3491 651 :
3523 595 3584 651 Si

1970 687 2213 741 voluisses
2241 687 2575 756 sacriﬁcium,
2603 687 2854 743 dedissent
2881 688 3050 758 (Psal.
3085 689 3174 744 50.
3211 689 3322 759 l8).
3358 687 3427 743 Et
3467 703 3585 741 rur-

1969 793 2060 830 sus
2087 792 2101 830 :
2129 777 2336 831 Auditio
2363 778 2495 832 bona
2521 795 2676 845 supcr
2710 781 3024 847 sacri/icium
3069 778 3088 842 (
3101 780 3151 835 I.
3179 777 3305 851 Reg.
3344 779 3431 834 15.
3461 778 3583 850 22).

1972 871 2036 923 Et
2080 870 2272 925 iterum
2319 869 2454 925 festa
2497 871 2721 940 ejicieus
2767 871 2978 942 inquit:
3015 871 3149 925 Odia
3188 871 3363 933 Itabui,
3417 872 3587 940 repuli

1970 963 2100 1032 festa
2128 971 2316 1019 vestra.
2367 962 2528 1034 Aufer
2553 980 2586 1018 a
2615 979 2695 1017 me
2735 981 2916 1017 sonum
2943 965 3254 1018 canticorum
3285 974 3508 1024 tuorum,
3537 972 3585 1015 et

1967 1061 2171 1108 ccutiat
2195 1070 2502 1124 organorum
2530 1065 2732 1109 tuorum
2760 1072 2861 1109 non
2900 1054 3172 1116 exaudiam
3203 1056 3220 1121 (
3230 1056 3384 1109 Amos
3402 1054 3458 1109 5.
3489 1052 3582 1111 21.

2120 1147 2208 1214 Ει,
2253 1147 2403 1201 Diem
2432 1160 2674 1218 magnum
2720 1166 2820 1202 non
2864 1148 3111 1209 sustineo.
3153 1157 3201 1202 et
3237 1146 3493 1218 jejunium
3536 1156 3595 1200 et

1970 1240 2127 1310 ferias
2169 1241 2276 1294 odit
2313 1242 2487 1294 anima
2516 1256 2628 1295 mea
2677 1239 2826 1312 (Isai.
2865 1243 2917 1295 l.
2974 1241 3064 1295 15.
3101 1239 3213 1310 M).
3258 1239 3323 1293 Et
3350 1252 3536 1293 rursus
3568 1257 3582 1292 :

1973 1333 2094 1388 Non
2123 1343 2196 1388 est
2236 1334 2330 1387 hoc
2350 1333 2611 1406 jejunium
2635 1333 2773 1402 quod
2797 1331 2926 1402 elegi
2953 1330 3105 1404 (Isai.
3145 1331 3236 1388 58.
3270 1330 3344 1400 ὅ).
3378 1329 3582 1384 Rursus

1970 1439 2186 1496 quoque
2229 1425 2442 1480 dicebat
2487 1424 2780 1480 Ezechiel:
2819 1423 2964 1478 Dabo
3009 1423 3146 1477 vobis
3194 1431 3448 1494 pracepta
3477 1437 3580 1474 non

1969 1517 2120 1580 bona,
2165 1517 2217 1570 in
2246 1516 2429 1587 quibus
2472 1534 2574 1571 non
2615 1517 2788 1571 vinetis
2830 1517 2882 1570 in
2921 1516 3048 1586 ipsis
3075 1513 3286 1589 (Ezech.
3318 1513 3412 1569 20.
3457 1511 3578 1582 25).

1971 1609 2047 1665 Ita
2075 1613 2238 1666 etiam
2265 1611 2549 1666 sabbatum
2593 1610 2681 1666 hie
2705 1611 2952 1664 solvitur.
2975 1609 3080 1666 Sed
3107 1625 3206 1665 cur
3245 1609 3376 1664 dicit
3402 1625 3415 1661 :
3455 1607 3583 1677 Quis

1968 1701 2079 1756 Istuc
2108 1703 2362 1769 requisiuit
2390 1701 2454 1755 de
2481 1699 2714 1756 manibus
2739 1701 2914 1755 uestris
2934 1701 2960 1755 .9
3007 1700 3122 1755 lloc
3153 1701 3306 1754 Vobis
3336 1698 3584 1768 relinquo

1969 1796 2289 1852 solvendum
2323 1814 2336 1849 :
2370 1795 2616 1866 poteritis
2639 1801 2824 1850 autem
2855 1794 2981 1848 talia
3025 1793 3288 1855 invenire,
3319 1792 3365 1846 si
3393 1805 3581 1862 puram

1969 1888 2131 1942 vitam
2163 1888 2401 1959 egeritis.

2039 1980 2096 2035 5.
2128 1978 2185 2035 Si
2210 1979 2354 2034 enim
2383 1978 2692 2034 Cornelium
2737 1992 2957 2048 propter
2981 1977 3146 2031 vitam
3187 1976 3445 2046 optimam
3477 1989 3578 2030 vo-

1967 2074 2111 2128 cavit
2140 2072 2190 2137 id
2235 2086 2557 2127 arcanorum
2585 2070 2951 2141 cognitionem
2985 2069 3121 2141 (Act.
3157 2069 3244 2124 10.
3273 2069 3332 2138 ι)
3357 2110 3371 2134 .
3401 2076 3458 2124 et
3481 2085 3581 2123 en-

1968 2162 2228 2226 nnchnm,
2258 2162 2400 2232 quod
2431 2161 2674 2217 studiose
2711 2161 2949 2232 legeret,
2989 2160 3056 2214 ad
3108 2160 3185 2216 rei
3217 2160 3580 2231 cognitionem

1966 2256 2185 2311 deduxit
2217 2257 2354 2326 (.—lct.
2388 2256 2441 2310 8.
2473 2254 2565 2309 27.
2593 2255 2769 2325 sqq.):
2802 2253 2974 2308 multo
3004 2253 3174 2324 magis
3215 2269 3310 2308 vos
3356 2252 3447 2322 qui
3469 2253 3582 2321 jam

1967 2351 2127 2405 ﬁdem
2159 2349 2434 2420 assequuti
2483 2349 2616 2402 estis
2636 2389 2651 2414 ,
2680 2348 2725 2402 si
2753 2357 2956 2403 rectam
2987 2346 3151 2400 vitam
3196 2343 3544 2400 ostenderitis
3564 2385 3579 2408 ,

1968 2442 2183 2497 docebit
2212 2456 2332 2511 qua:
2357 2449 2482 2495 sunt
2521 2439 2908 2495 manifestiora.
2940 2437 3409 2507 Quemadmodum
3434 2437 3580 2492 enim

1966 2536 2073 2589 vita
2107 2533 2380 2588 immunda
2411 2542 2494 2589 est
2524 2533 2913 2603 impedimento
2931 2572 2947 2599 ,
2975 2533 3266 2604 quominus
3287 2547 3348 2588 ea
3374 2547 3580 2603 cogno-

1967 2637 2185 2682 scantur
2219 2628 2300 2699 (ut
2327 2625 2460 2681 dicit
2487 2625 2722 2681 Paulus:
2754 2623 2877 2680 Non
2915 2625 3062 2696 potui
3101 2625 3243 2694 loqui
3281 2625 3420 2678 vobis
3450 2633 3583 2678 tam-

1965 2735 2118 2790 quam
2144 2717 2518 2790 spiritualibus,
2550 2718 2792 2789 quoniam
2815 2717 2930 2772 lites
2957 2726 3076 2772 sunt
3105 2716 3244 2772 nobis
3285 2726 3336 2772 et
3363 2727 3576 2770 conten-

1967 2811 2129 2866 tiones
2167 2808 2188 2884 [
2212 2811 2260 2865 l.
2289 2809 2409 2865 Cor.
2433 2809 2490 2867 3.
2517 2810 2569 2864 1.
2601 2807 2657 2882 3]
2682 2826 2697 2874 ;
2727 2818 2784 2866 et
2821 2823 3009 2865 rursus
3046 2808 3211 2864 Isaias
3240 2827 3256 2864 :
3280 2808 3428 2864 Scire
3473 2809 3581 2862 nias

1967 2917 2107 2956 meas
2132 2899 2494 2956 desiderabant
2516 2941 2532 2965 ,
2561 2909 2615 2953 ut
2642 2901 2868 2971 populus
2885 2901 2976 2970 qui
2989 2897 3108 2970 fecit
3122 2897 3391 2970 justitiam
3415 2893 3574 2968 [lsai.

1965 2991 2056 3048 58.
2089 2990 2148 3066 2]
2170 2991 2189 3063 )
2215 3011 2228 3046 :
2260 2991 2340 3047 sic
2367 2993 2474 3047 vita
2506 2992 2708 3046 munda
2756 3000 2812 3047 et
2840 2991 3114 3062 quaerendi
3142 2991 3379 3046 studium
3420 3005 3582 3044 manu

1965 3085 2189 3141 ducunt.
2223 3084 2448 3152 Qucrite
2492 3084 2674 3151 enim,
2706 3083 2878 3156 inquit
2900 3124 2917 3150 ,
2949 3093 2996 3138 et
3018 3083 3282 3137 invenietis
3306 3080 3460 3152 (Luc.
3485 3082 3578 3136 Il.

1964 3177 2043 3249 9).
2075 3176 2213 3248 Quin
2243 3177 2403 3233 etiam
2433 3178 2686 3247 parabola
2713 3178 2853 3245 ejus,
2879 3176 2971 3248 qui
2998 3177 3132 3246 petit
3161 3189 3329 3246 panes
3351 3175 3421 3229 ah
3445 3175 3582 3228 anxi.

1963 3272 2050 3336 eo,
2101 3271 2191 3341 qui
2239 3269 2348 3339 jam
2402 3268 2744 3334 dormiebat;
2776 3268 2879 3324 hoc
2924 3268 3160 3324 ostendit
3200 3266 3307 3338 (Ib.
3354 3284 3400 3322 υ.
3431 3267 3578 3334 5-8).

1963 3361 2257 3430 Propterea
2287 3360 2543 3416 Salomon
2575 3375 2789 3431 quoque
2809 3360 3060 3430 quoniam
3089 3359 3579 3429 potiitspiritualia,

1964 3469 2027 3509 ea
2055 3455 2214 3509 etiam
2246 3453 2486 3524 accepit,
2530 3468 2652 3522 quae
2706 3467 2813 3506 non
2866 3452 3017 3522 petiit
3070 3453 3149 3519 (5.
3187 3451 3315 3522 Reg.
3365 3451 3418 3505 5.
3463 3452 3578 3521 lt).

1963 3547 2191 3616 Quando
2217 3555 2397 3601 autem
2426 3554 2482 3600 et
2513 3544 2822 3608 assiduitas,
2850 3552 2905 3599 et
2933 3544 3229 3614 spiritualis
3272 3544 3494 3613 petitio,
3526 3552 3581 3597 et

1964 3653 2096 3710 pura
2153 3639 2260 3692 vita
2331 3636 2604 3704 adfuerit,
2655 3637 2831 3707 cogita
2891 3633 3034 3705 apud
3111 3643 3165 3689 te
3214 3646 3413 3705 quanta
3477 3633 3582 3688 erit

1965 3730 2265 3802 accipiendi
2313 3730 2542 3787 facultas
2573 3747 2587 3783 :
2617 3729 2764 3800 atqui
2799 3728 2878 3782 vel
2923 3728 3038 3798 ipsa
3068 3743 3165 3797 per
3193 3742 3253 3782 se
3279 3727 3391 3781 sola
3444 3727 3581 3783 assi-

1963 3822 2145 3882 duitas
2195 3824 2486 3896 plurimum
2527 3821 2700 3895 potuit
2731 3837 2747 3874 :
2775 3819 2909 3875 Dico
2949 3819 3093 3875 enim
3115 3860 3130 3880 .
3162 3819 3334 3889 inquit
3356 3858 3374 3881 ,
3403 3817 3579 3884 vobis,

1961 3919 2057 3973 etsi
2110 3933 2215 3972 non
2275 3926 2544 3987 propterea
2584 3914 2721 3985 quod
2763 3915 2830 3967 sit
2884 3915 2997 3986 ejus
3045 3913 3244 3966 amicus
3295 3911 3341 3965 ei
3401 3911 3574 3976 dabit,

1963 4020 2174 4082 prapter
2209 4007 2578 4078 impudentiam
2625 4016 2792 4059 tamen
2840 4007 2950 4075 ejus
3003 4004 3144 4058 dabit
3195 4003 3242 4058 ei
3294 4002 3450 4072 (Luc.
3487 4003 3576 4056 ll.

1963 4101 2044 4170 8).
2120 4099 2228 4155 Sed
2286 4108 2623 4154 revertamur
2687 4097 2754 4152 ad
2807 4096 3168 4167 propositum.
3233 4095 3379 4165 Opus
3443 4095 3603 4172 quod,

1961 4205 2206 4264 operatus
2226 4209 2281 4246 es
2318 4194 2381 4245 in
2428 4190 2604 4245 diebus
2629 4206 2837 4249 eorum,
2875 4189 2929 4242 in
2968 4187 3147 4241 diebus
3179 4186 3422 4256 antiquis.
3455 4185 3578 4238 Μα-

1962 4303 2060 4341 utts
2132 4295 2219 4339 tua
2291 4294 2462 4356 gentes
2509 4283 2848 4354 disperdidit,
2897 4291 2946 4336 et
3000 4279 3245 4349 plantasti
3290 4295 3394 4336 eos.
3441 4275 3579 4332 Vide

1961 4394 2126 4450 quam
2175 4377 2391 4448 proprie
2431 4374 2668 4430 dictione
2706 4388 2832 4428 usus
2855 4383 2964 4427 cst.
2995 4371 3112 4426 Non
3142 4386 3229 4434 eo,
3261 4369 3453 4440 inquit,
3483 4384 3576 4423 so.

1963 4474 2075 4528 lum
2104 4487 2217 4528 rem
2243 4469 2558 4533 deduxisti,
2585 4476 2643 4523 ut
2670 4466 2752 4521 illi
2786 4467 3002 4537 quidem
3039 4466 3336 4528 vincerent,
3371 4462 3422 4516 hi
3449 4477 3578 4517 vero

1963 4566 2310 4620 vincerentur
2340 4579 2352 4616 :
2381 4561 2474 4617 sed
2519 4559 2699 4616 omnia
2750 4559 2959 4628 longius
3005 4564 3418 4626 processerunt;
3453 4554 3577 4607 licet

1961 4665 2120 4711 antea
2149 4669 2362 4725 quoque
2385 4668 2490 4709 non
2519 4666 2674 4722 teque
2700 4650 3000 4705 certamine
3026 4662 3113 4702 res
3133 4655 3474 4717 gererentur.
3497 4642 3575 4698 illi

1961 4751 2106 4806 enim
2137 4746 2522 4818 possidebant,
2547 4745 2600 4799 hi
2628 4760 2760 4800 vero
2797 4752 2952 4799 erant
2973 4742 3195 4796 advena:
3225 4756 3239 4792 :
3267 4738 3364 4794 sed
3395 4749 3574 4792 tamen

1962 4849 2104 4895 tanta
2137 4839 2272 4895 facta
2297 4848 2381 4894 est
2425 4838 2651 4893 mutatio
2675 4877 2689 4902 ,
2721 4845 2778 4890 ut
2800 4836 2878 4890 illi
2903 4833 3118 4904 quidem
3148 4831 3406 4887 radicitus
3431 4829 3576 4884 evel-

1961 4935 2224 5000 lerentur,
2259 4933 2310 4986 hi
2340 4946 2465 4986 vero
2497 4931 2687 4985 tierent
2711 4929 2861 4983 cives
2886 4935 2939 4982 et
2968 4925 3320 4980 habitatores.
3353 4921 3422 4977 Et
3453 4921 3582 4976 ideo

1959 5025 2028 5080 de
2072 5026 2175 5080 illis
2205 5023 2421 5095 quidem
2467 5022 2632 5076 dicit:
2666 5019 2856 5074 Manus
2886 5029 2974 5072 tua
3017 5026 3189 5089 gentes
3215 5014 3521 5085 disperdidit

1962 5117 2031 5174 de
2058 5113 2262 5172 Iudaeis
2283 5126 2464 5170 autem
2489 5156 2504 5180 ,
2531 5112 2811 5167 Plautavit.
2841 5111 3052 5165 Manum
3096 5118 3276 5162 autem
3305 5105 3435 5161 dicit
3455 5105 3588 5174 ejus

1961 5208 2275 5280 potentiam.
2311 5205 2466 5274 Quod
2503 5205 2546 5260 si
2581 5220 2675 5260 eos
2715 5203 2803 5273 qui
2855 5200 3073 5255 aliunde
3100 5197 3493 5260 adveniebant,
3519 5205 3579 5251 et

1961 5320 2061 5360 nec
2086 5303 2273 5358 urbem
2301 5344 2314 5366 ,
2343 5316 2444 5357 nec
2471 5299 2695 5355 domum
2737 5296 3007 5352 habebant
3031 5295 3086 5350 in
3122 5310 3224 5364 qua
3253 5292 3410 5347 sedes
3439 5290 3570 5361 ﬁge-

1958 5406 2098 5456 rent,
2123 5403 2215 5448 aut
2244 5395 2294 5448 iu
2324 5387 2483 5463 q'uatn
2524 5405 2582 5445 se
2609 5389 2932 5458 reciperent,
2959 5385 3187 5440 reddidit
3219 5393 3323 5437 tam
3349 5383 3456 5438 tito
3477 5396 3578 5452 po-

1961 5486 2219 5542 tentiores
2266 5485 2331 5539 iis
2362 5484 2451 5554 qui
2481 5484 2625 5536 intus
2670 5481 2985 5535 habitabant
3019 5496 3031 5532 :
3063 5477 3231 5531 multo
3272 5475 3439 5546 magis
3468 5486 3580 5525 nos.

1961 5578 2198 5647 paternis
2224 5576 2380 5630 bouis
2410 5575 2612 5645 ejccms
2641 5589 2746 5627 non
2776 5571 3056 5641 despiciet.
3090 5567 3224 5638 Quid
3255 5577 3333 5621 est
3362 5578 3567 5628 autem,

1965 5669 2259 5725 Plantas'i?
2286 5669 2494 5725 FixiSIi.
2530 5664 2680 5734 Quod
2711 5674 2794 5719 cst
2843 5663 2984 5717 enim
3020 5662 3312 5732 plantat-nn
3345 5703 3357 5722 ,
3395 5658 3450 5710 lit
3480 5659 3562 5710 lir-

2026 5833 2041 5863 ‘
2079 5828 2219 5882 (ἴση).
2236 5865 2252 5892 ,
2277 5827 2550 5880 holocausta
2575 5832 2620 5878 ct
2644 5823 2889 5877 columbas
2915 5821 3012 5873 vult
3041 5827 3185 5870 Deus.
