4068 6426
548 377 652 435 175

545 506 689 545 mum
727 498 781 544 et
806 487 1015 543 stabile.
1044 485 1180 554 Quid
1210 486 1383 557 igitur,
1408 485 1510 547 dic,
1542 495 1755 554 qumso,
1789 494 1893 533 non
1928 477 2124 546 migra-

543 583 708 638 runt?
749 596 858 637 non
903 579 1115 636 abducti
1159 588 1284 634 sunt
1316 579 1366 631 in
1400 578 1512 631 loca
1558 576 1729 631 aliena
1756 574 1870 647 (a)?
1901 569 2128 627 Ahdncti

543 683 670 729 sunt
691 684 836 729 certe
858 713 872 736 ,
899 666 992 728 sed
1025 687 1130 726 non
1177 678 1394 741 propter
1432 668 1848 723 imbecillitatem
1896 664 2011 733 ejus
2037 662 2127 732 qui

541 765 941 829 collocaverat,
964 763 1058 818 sed
1091 771 1310 832 propter
1341 759 1526 815 vitium
1571 772 1756 812 eorum
1786 756 1874 825 qui
1909 753 2128 822 plantati

544 867 691 911 sunt.
725 838 832 912 Nisi
877 857 1022 911 enim
1065 869 1184 924 qua:
1227 851 1508 915 fecerant,
1542 848 1770 902 fuissent
1800 848 1878 902 eis
1903 837 2127 912 impedi-

544 960 767 1014 mento,
815 947 945 1002 nihil
999 947 1257 1001 vetuisset
1295 942 1583 1011 quominus
1639 939 1783 994 domi
1831 944 2127 990 manerent.

541 1041 777 1111 Amisisti
802 1039 1035 1106 pOpulos,
1062 1045 1107 1090 et
1135 1035 1374 1104 expulisti
1400 1049 1503 1087 eos.
1527 1031 1776 1086 Nonnulli
1802 1029 1981 1082 dicunt
2016 1026 2132 1081 haec

542 1131 646 1185 dici
674 1130 741 1184 de
768 1128 1052 1200 tEgyptiis:
1085 1127 1212 1181 mihi
1243 1135 1419 1179 autem
1450 1123 1658 1179 videtur
1688 1120 1790 1175 hoc
1810 1134 2022 1189 quoque
2052 1117 2133 1171 di-

543 1230 686 1274 ctum
712 1235 832 1274 esse
859 1219 927 1274 de
959 1218 1226 1290 gentibus.
1259 1218 1389 1272 Nam
1420 1219 1486 1272 de
1528 1216 1634 1270 illis
1662 1228 1873 1284 quoque
1902 1212 2131 1279 sumpsit

543 1312 896 1387 supplicium,
928 1311 980 1365 in
1013 1321 1241 1379 utroque
1276 1323 1426 1364 suam
1469 1305 1759 1361 ostendens
1805 1302 2127 1372 potentiam,

544 1401 597 1456 in
641 1402 882 1458 delendis
907 1401 1115 1456 scilicet
1146 1401 1377 1456 inimicis
1417 1410 1471 1452 et
1511 1400 1622 1452 suis
1646 1392 2047 1451 confirmandis.
2073 1392 2126 1445 4.

544 1491 668 1548 Non
711 1495 843 1548 enim
885 1494 936 1548 in
981 1493 1154 1565 gladio
1195 1509 1286 1546 suo
1338 1489 1662 1560 possederunt
1707 1496 1913 1541 terram.
1947 1485 2128 1550 Alius,

545 1581 670 1638 Non
697 1584 829 1637 enim
855 1584 906 1637 in
931 1600 1047 1638 ense
1074 1600 1166 1638 suo
1197 1581 1520 1652 possederunt
1546 1589 1752 1633 terram.
1777 1576 1844 1630 Et
1871 1575 2132 1629 brachium

543 1691 715 1730 coruus
744 1692 846 1730 non
891 1674 1100 1729 saloabit
1127 1691 1247 1739 eos;
1275 1673 1361 1727 sed
1388 1672 1592 1727 dextera
1638 1680 1724 1723 tua
1748 1711 1762 1735 ,
1797 1679 1840 1723 et
1872 1666 2132 1721 brachium

542 1776 703 1831 tuum,
727 1776 774 1821 et
797 1766 1100 1820 illuminatio
1123 1765 1286 1818 nutus
1313 1765 1406 1819 tui.
1431 1763 1580 1817 Alius
1604 1762 1801 1830 inquit,
1829 1766 1959 1812 Lux.
1986 1757 2126 1824 Quo-

542 1855 679 1909 niam
699 1855 1049 1926 complacuisti
1067 1856 1120 1908 in
1140 1855 1230 1908 eis.
1253 1855 1411 1923 Atqui
1442 1853 1925 1907 vincebantomnes
1942 1846 2130 1901 armati

542 1947 594 2000 in
623 1945 777 2001 bellis
811 1947 1035 2001 :armati
1061 1946 1311 2016 quidem,
1355 1930 1538 1999 verum
1564 1945 1614 1997 id
1647 1959 1750 1997 non
1779 1956 2052 1995 armorum
2079 1939 2128 1992 vi

544 2037 739 2102 flebat,
773 2037 866 2093 sed
895 2037 986 2092 Dei
1014 2038 1244 2104 virtute,
1266 2037 1356 2106 qui
1397 2034 1654 2090 exercitui
1689 2041 1937 2104 praeerat.
1971 2030 2131 2085 Vides

552 2129 825 2198 quomodo
845 2130 962 2183 loco
983 2128 1240 2182 orationis
1266 2127 1468 2181 adtein
1484 2126 1787 2187 consilium,
1812 2122 2043 2177 suadens
2075 2129 2132 2176 ut

543 2220 724 2274 omnia
767 2219 818 2273 in
849 2219 1012 2274 Deum
1040 2217 1361 2289 conjiciant,
1395 2217 1616 2287 ejusque
1652 2215 1876 2269 arbitrio
1905 2215 2128 2284 permit-

544 2309 681 2363 tant?
707 2309 985 2376 Quomodo
1024 2319 1201 2365 autem
1232 2323 1344 2364 rem
1390 2316 1545 2362 vocat
1587 2305 1940 2361 hereditatem
1965 2345 1979 2366 ,
2007 2317 2128 2357 cum

545 2411 745 2471 patres,
763 2403 869 2470 avi,
887 2412 942 2458 et
963 2403 1144 2473 proavi
1167 2413 1366 2458 terram
1397 2416 1502 2455 non
1531 2399 1876 2463 obtinuerint,
1905 2398 1998 2452 sed
2026 2396 2131 2449 alio

539 2501 596 2548 et
620 2494 727 2548 alio
749 2501 987 2562 tempore
1028 2493 1333 2562 consumpti
1361 2491 1511 2546 sint?
1537 2491 1670 2558 Quia
1699 2489 1834 2544 facta
1857 2499 1936 2542 est
1963 2486 2129 2559 patri-

541 2581 642 2637 bus
658 2583 955 2652 promissio.
974 2580 1116 2648 Veni,
1137 2583 1322 2652 inquit,
1344 2581 1396 2634 in
1409 2593 1594 2635 terram
1609 2595 1757 2649 quam
1771 2577 1857 2630 tibi
1868 2575 2129 2631 ostendero

545 2671 698 2741 (Gen.
749 2673 837 2729 l2.
876 2675 949 2743 l);
979 2681 1053 2737 et,
1087 2673 1228 2728 Dabo
1274 2671 1362 2727 tibi
1387 2683 1593 2735 terram,
1625 2681 1671 2724 et
1694 2669 1870 2726 seniini
1897 2684 1981 2721 tuo
2015 2666 2127 2740 (Ib.

542 2765 630 2820 13.
663 2763 770 2837 15).
797 2764 934 2818 Cum
971 2773 1147 2819 autem
1187 2763 1409 2818 dixisset
1437 2761 1716 2817 dexteram
1747 2769 1800 2814 et
1822 2759 2122 2822 brachium,

539 2857 790 2923 quoniam
819 2855 975 2925 paulo
991 2855 1264 2910 crassiora
1293 2854 1453 2909 verba
1478 2851 1812 2918 memoravit,
1841 2849 1963 2904 vide
1987 2863 2124 2919 quo-

541 2945 703 3002 modo
749 2946 943 3001 attollit
983 2947 1282 3002 orationem
1304 2988 1317 3009 ,
1347 2959 1534 3000 rursus
1580 2944 1904 3013 subjungcns
1930 2982 1943 3004 ,
1974 2950 2030 2995 et
2048 2941 2132 2994 di-

541 3052 670 3093 cens
702 3056 716 3091 :
753 3036 816 3091 Et
844 3038 1148 3091 illuminatio
1193 3038 1363 3091 vultus
1413 3037 1525 3100 tui,
1565 3036 1666 3090 hoc
1690 3044 1806 3096 est,
1847 3030 2124 3098 defensio,

543 3128 898 3198 providentia.
932 3127 1081 3184 Velle
1107 3129 1249 3184 enim
1272 3137 1328 3183 et
1359 3128 1548 3182 adesse
1576 3126 1678 3180 illis
1698 3126 1873 3180 solum
1898 3123 2120 3179 δυσί-(ξοδ

543 3220 631 3274 rit.
664 3218 866 3274 Deinde
907 3219 1066 3274 etiam
1095 3232 1312 3274 causam
1346 3235 1360 3272 :
1397 3219 1651 3284 Quoniam
1693 3216 2043 3287 complacuisti
2074 3215 2129 3268 in

543 3313 615 3370 eis
638 3329 656 3368 :
683 3314 784 3368 hoc
811 3323 915 3386 est,
931 3312 1192 3380 Quoniam
1223 3312 1458 3367 dilexisti
1486 3328 1600 3375 eos,
1620 3312 1870 3382 quoniam
1893 3308 2126 3364 voluisti.

545 3404 655 3458 lles
706 3397 888 3474 itaque
909 3419 1028 3473 quze
1061 3403 1289 3465 lit-bant,
1318 3411 1470 3456 erant
1496 3403 1682 3472 gratiae
1705 3441 1720 3467 ,
1749 3418 1854 3455 non
1885 3410 2028 3456 recte
2054 3399 2132 3454 fa-

544 3508 784 3560 ctorum,
826 3511 924 3550 nec
953 3496 1003 3551 id
1049 3512 1117 3551 ex
1153 3497 1363 3564 propria
1404 3496 1601 3549 virtute
1645 3494 1916 3564 assequuti
1965 3501 2087 3547 sunt
2113 3533 2126 3555 ,

545 3585 638 3640 sed
667 3603 730 3640 ex
755 3585 848 3641 Dei
881 3586 1226 3655 benignitate.
1256 3587 1310 3639 5.
1337 3584 1411 3638 Tu
1438 3602 1488 3638 es
1511 3585 1619 3656 ipse
1643 3602 1732 3639 rea:
1758 3602 1898 3639 meus
1923 3595 1968 3638 et
1990 3582 2129 3637 Deus

545 3694 687 3730 meus
706 3719 720 3742 ,
744 3678 826 3747 qui
853 3677 1066 3732 mandas
1091 3677 1282 3730 salutes
1306 3674 1488 3731 Iacob.
1516 3677 1666 3732 Alius
1688 3719 1701 3740 ,
1728 3675 1923 3729 Mando
1952 3675 2016 3728 de
2040 3692 2130 3728 sa-

547 3767 652 3820 lute
679 3765 856 3822 Jacob.
886 3769 950 3822 Et
973 3783 1217 3838 quasnam
1242 3776 1329 3823 est
1351 3768 1464 3823 huic
1490 3767 1915 3837 consequentia?
1942 3765 2130 3836 Magna

544 3857 757 3926 quidem
779 3873 900 3912 cum
929 3857 993 3912 iis
1019 3874 1137 3928 quae
1161 3858 1301 3914 dicta
1329 3870 1471 3913 sunt.
1495 3857 1648 3926 Quod
1681 3859 1821 3913 enim
1850 3857 2019 3921 dicit,
2049 3865 2134 3912 est

546 3947 810 4016 ejusmodi
839 3966 854 4003 :
878 3947 986 4004 Nos
1012 3949 1204 4004 abillis
1231 3950 1765 4021 originem‘duximus
1790 3969 1803 4004 :
1827 3959 1880 4005 et
1908 3959 1961 4003 tu
1990 3949 2133 4004 Deus

549 4039 643 4096 ille
667 4041 782 4110 ipse
802 4055 884 4108 es,
915 4042 1003 4112 qui
1025 4050 1080 4099 et
1102 4052 1228 4098 tunc
1256 4052 1312 4097 et
1337 4058 1479 4097 nunc
1516 4043 1604 4099 illa
1628 4041 1818 4097 fecisti.
1851 4040 2132 4098 Undenam

546 4145 676 4201 ergo
703 4142 788 4186 est
829 4140 970 4186 tanta
999 4132 1257 4187 mutatio?
1283 4131 1397 4187 Non
1426 4134 1568 4188 enim
1619 4131 1758 4187 alius
1800 4132 2012 4203 quidem
2045 4132 2135 4188 ille

548 4223 711 4286 licus,
741 4229 796 4276 tu
817 4222 971 4288 alius,
1003 4222 1102 4278 sed
1124 4233 1179 4276 tu
1210 4222 1350 4292 idem
1378 4225 1502 4292 ipse
1521 4239 1599 4279 es.

618 4313 674 4368 Β.
703 4311 884 4383 Neque
907 4328 1034 4370 vero
1061 4329 1246 4368 rursus
1274 4323 1330 4367 tu
1359 4313 1572 4384 quidem
1594 4329 1674 4378 es,
1695 4329 1795 4383 ego
1818 4328 1948 4369 vero
1972 4314 2135 4368 alium

550 4402 715 4457 lienm
743 4404 871 4459 mihi
894 4403 1162 4472 adscribo,
1180 4402 1378 4459 sed'Tu
1402 4420 1560 4459 esrea:
1585 4421 1723 4459 meus
1748 4416 1792 4459 et
1815 4405 1947 4459 Deus
1973 4422 2128 4460 meus.

551 4494 634 4549 Ab
657 4496 880 4566 imperio
912 4505 1002 4550 tuo
1022 4511 1127 4552 non
1156 4497 1483 4561 resiluimus,
1513 4498 1674 4551 alium
1705 4496 1898 4553 ducem
1922 4514 2026 4552 non
2056 4499 2139 4552 iu-

550 4587 886 4658 scripsimus.
933 4590 1032 4657 Qui
1073 4591 1291 4645 mandas
1329 4591 1520 4645 salutes
1547 4589 1710 4644 Iacob
1743 4605 1763 4643 :
1788 4589 1890 4645 hoc
1924 4600 2037 4655 est,
2075 4592 2138 4645 Et

554 4679 693 4734 Deus
739 4679 877 4734 idem
900 4721 916 4746 ,
947 4689 1000 4736 et
1029 4680 1215 4736 eadem
1245 4689 1327 4736 est
1346 4681 1703 4752 providentia.
1735 4680 2018 4736 Uudenam
2050 4692 2136 4736 est

550 4787 680 4844 ergo
703 4787 883 4828 rerum
912 4774 1157 4829 mutatio?
1181 4773 1318 4843 Quid
1342 4784 1423 4828 est
1451 4789 1601 4844 ergo,
1629 4775 1728 4842 Qui
1757 4777 1972 4830 mandas
1993 4777 2016 4830 ?
2036 4776 2139 4842 Qui

551 4865 810 4935 praecipit,
844 4867 930 4936 qui
955 4865 1107 4937 jubet
1129 4875 1184 4921 ut
1209 4866 1377 4922 Jacob
1403 4875 1668 4922 servetur.
1699 4868 1795 4922 llic
1826 4884 2012 4922 rursus
2041 4884 2135 4924 Os-

551 4956 722 5011 tendit
766 4958 954 5012 anxilii
1002 4957 1339 5026 facilitatem,
1370 4969 1426 5014 et
1468 4961 1752 5014 maximam
1792 4971 2132 5039 pptestatcm.

548 5047 655 5103 Sed
688 5062 858 5116 neque
883 5049 1085 5118 proavi,
1122 5065 1314 5119 nempe
1329 5049 1513 5115 Jacoh,
1546 5051 1662 5104 sine
1683 5065 1838 5105 causa
1872 5052 2132 5119 meminit,

550 5139 644 5195 sed
676 5149 728 5194 ut
759 5155 975 5194 causam
1007 5155 1156 5196 suam
1188 5141 1358 5212 magis
1382 5143 1589 5210 probet,
1621 5143 1740 5212 ejus
1763 5143 2010 5196 virtutem
2037 5144 2135 5197 ad-

550 5231 716 5294 ducit,
747 5233 939 5287 volens
968 5232 1069 5286 sibi
1102 5234 1267 5288 Deum
1312 5233 1538 5289 reddere
1579 5235 1888 5304 propilittm.
1914 5234 1964 5289 6.
1997 5233 2060 5288 In
2091 5247 2138 5288 te

549 5324 779 5380 inimicos
799 5336 1003 5381 nostros
1029 5325 1378 5381 ventilabimus
1402 5341 1579 5380 cornu.
1608 5327 1671 5380 Et
1704 5337 1757 5380 tu
1787 5326 1927 5381 idem
1951 5341 2030 5392 es,
2057 5331 2136 5380 in-

552 5417 688 5487 quit,
719 5426 774 5474 et
801 5418 1132 5488 providentia
1163 5418 1386 5483 eadem,
1415 5429 1467 5473 et
1491 5432 1588 5473 nos
1611 5429 1794 5474 nostra
1817 5417 1909 5471 tibi
1940 5417 2136 5472 adscri-

549 5507 742 5575 bimus,
775 5518 831 5564 et
845 5510 1045 5566 eisdem
1073 5511 1238 5565 armis
1256 5511 1333 5565 usi
1359 5525 1561 5566 sumus.
1588 5509 1702 5565 Hoc
1726 5510 1868 5566 enim
1901 5511 2000 5565 sibi
2026 5512 2136 5566 vult

546 5601 675 5656 illud
709 5616 725 5659 :
753 5601 820 5656 In
847 5613 894 5657 te
919 5602 1146 5659 inimicos
1170 5612 1368 5660 nostros
1391 5604 1741 5660 oentilabimus
1770 5621 1950 5661 cornu.
1983 5607 2134 5661 Alius

605 5734 678 5808 (ᾳ)
711 5735 793 5786 llic
817 5743 867 5807 et
891 5734 1011 5808 infra
1035 5737 1257 5808 qundam
1288 5736 1495 5791 deerant
1535 5741 1582 5790 in
1623 5745 1762 5791 textu
1804 5738 1962 5790 \torcl.
1987 5776 1999 5803 ,
2023 5753 2133 5804 qua:

541 5808 604 5844 es
631 5803 952 5859 )tauuserijvtis
975 5803 1197 5850 restituta
1220 5807 1349 5851 sunt.

1257 371 1296 428 S
1352 365 1630 427 JOANNIS
1664 356 2144 422 CHRYSOSTOSII
2187 355 2499 414 AliCﬂlEP.
2541 355 3074 416 CONSTANTINOP.
3738 357 3832 415 171

2239 483 2416 527 autem
2451 472 2580 527 dicit
2609 492 2622 527 :
2655 471 2757 528 Eos
2782 476 2868 542 qui
2909 490 3002 528 nos
3031 474 3252 544 afﬂigunt
3279 489 3439 526 cornu
3492 484 3737 540 petemus.
3771 472 3833 527 Et

2233 571 2286 620 in
2332 570 2536 622 nomine
2575 579 2659 622 tuo
2708 585 3005 636 spernemus
3047 569 3368 638 insurgentes
3397 571 3450 622 in
3495 569 3831 628 ιιω.οΑιὶιιε.

2234 657 2671 713 Conculcab'imus.
2705 658 2863 727 Quid,
2893 659 3088 730 inquit,
3120 659 3262 720 dico,
3295 658 3359 712 In
3391 659 3466 712 te?
3501 657 3592 711 Vel
3630 671 3820 712 nomen

2233 759 2380 806 tuum
2410 751 2580 805 solum
2612 753 2860 805 invocare
2881 750 3080 805 sufﬁcit
3106 749 3170 803 ad
3203 751 3382 805 omnia
3419 751 3643 820 egregie
3674 765 3824 818 pem-

2234 843 2427 914 gonda.
2452 841 2566 896 Non
2596 843 2728 896 dixit
2755 843 2919 905 enim,
2941 841 3247 906 Vineemus,
3274 841 3377 905 vel,
3401 840 3797 910 Superabimus
3821 859 3832 870 -

2233 937 2349 1001 sed,
2385 934 2550 989 Nihili
2576 935 2816 988 ducemus
2842 977 2856 999 ,
2884 950 2982 990 nec
3009 949 3104 989 eos
3120 950 3244 990 esse
3269 934 3470 1004 aliquid
3503 936 3831 1004 putabimus.

2238 1029 2348 1082 lloc
2377 1028 2524 1082 enim
2555 1027 2654 1081 sibi
2689 1027 2801 1081 vnlt
2835 1026 2966 1081 illud
2993 1045 3006 1078 :
3036 1026 3098 1080 In
3125 1037 3170 1080 te
3193 1027 3423 1080 inimicos
3449 1036 3657 1080 nostros
3688 1027 3837 1078 venti-

2234 1119 2448 1173 labimus
2468 1160 2482 1181 ,
2506 1128 2551 1171 et
2580 1119 2632 1171 in
2659 1119 2864 1171 nomine
2891 1128 2976 1171 tuo
3004 1117 3135 1171 nihil
3159 1119 3401 1172 ducemus
3448 1119 3770 1187 insurgentes
3790 1118 3838 1168 in

2235 1226 2346 1264 nos.
2391 1211 2504 1265 Non
2535 1211 2676 1265 enim
2704 1211 3129 1265 existimabimus
3169 1225 3263 1264 eos
3302 1225 3420 1264 esse
3460 1210 3692 1278 aliquid,
3736 1226 3833 1262 nec

2237 1301 2672 1369 prrterrebimur,
2703 1300 2799 1356 sed
2839 1308 3106 1369 tamquam
3137 1301 3226 1368 qui
3258 1299 3406 1352 nihili
3437 1298 3691 1353 honiines
3721 1316 3836 1368 per-

2235 1407 2545 1463 sequemur.
2591 1392 2742 1460 Quod
2793 1391 3109 1463 signiﬁcans
3152 1392 3287 1445 alius
3327 1391 3630 1458 interpres,
3661 1392 3838 1449 dixit:

2233 1481 2653 1538 Conculcabimus
2681 1499 2817 1552 :per
2861 1484 2967 1538 vim
3023 1492 3228 1552 partam
3281 1483 3567 1536 victoriam
3593 1522 3611 1548 ,
3643 1484 3842 1536 instru-

2235 1584 2375 1628 ctam
2419 1573 2625 1643 absque
2665 1574 2961 1630 certamine
3003 1575 3213 1638 aciem,
3249 1587 3478 1644 pugnam
3531 1574 3653 1626 sine
3695 1582 3840 1628 metu

2235 1666 2541 1720 ostendens.
2573 1666 2625 1718 7.
2671 1663 2792 1719 Non
2829 1666 2964 1719 enim
2993 1665 3045 1718 in
3073 1681 3194 1719 arcu
3235 1681 3344 1718 meo
3371 1663 3604 1732 sperabo.
3641 1665 3800 1719 Alius
3825 1707 3840 1729 ,

2235 1754 2523 1824 Conﬁdam.
2555 1754 2622 1811 Et
2658 1757 2862 1826 gladius
2903 1773 3043 1812 meus
3063 1773 3164 1810 non
3193 1757 3404 1811 salsabit
3447 1773 3543 1810 me.
3581 1757 3648 1811 Et
3676 1772 3844 1824 quare

2237 1848 2319 1902 his
2351 1865 2476 1904 usus
2501 1850 2598 1903 es?
2626 1865 2722 1904 cur
2749 1859 2928 1905 autem
2949 1851 3198 1915 armaris,
3224 1857 3280 1903 et
3303 1865 3486 1902 arcum
3513 1859 3568 1903 et
3594 1849 3840 1918 gladium

2240 1943 2485 1997 tractas?
2512 1943 2776 2010 Quoniam
2805 1943 2873 1997 ita
2923 1942 3084 2011 jussit
3128 1942 3268 1997 Deus
3313 1951 3519 2006 noster,
3549 1951 3839 2011 proliterea

2235 2035 2317 2090 eis
2355 2050 2481 2089 usus
2517 2051 2638 2090 sum
2671 2053 2683 2088 :
2710 2036 3016 2090 universum
3048 2045 3229 2088 autem
3259 2035 3310 2087 in
3335 2048 3459 2088 eum
3483 2033 3720 2102 coniicio
3740 2076 3756 2102 ,
3786 2044 3841 2089 et

2235 2125 2353 2194 ejus
2393 2126 2618 2180 arbitrio
2649 2128 2923 2195 permitto.
2960 2126 3032 2180 Ita
3087 2125 3422 2181 docebantur
3455 2125 3668 2180 bellare
3717 2141 3838 2179 cuiu

2238 2215 2475 2272 inimicis
2521 2217 2903 2282 sensibililms,
2954 2232 3190 2286 superno
3239 2216 3444 2271 auxilio
3501 2217 3740 2272 "inniti:
3769 2219 3838 2271 ita

2236 2306 2397 2359 etiam
2419 2321 2538 2360 cum
2562 2307 2925 2376 spiritualibus
2953 2306 3201 2360 inimicis.
3230 2306 3310 2360 Tu
3337 2320 3587 2376 quoque,
3620 2308 3838 2377 quando

2235 2396 2490 2451 adversus
2512 2395 2780 2450 diabolum
2813 2396 3008 2450 bellum
3029 2397 3194 2467 geris,
3221 2395 3310 2451 dic
3330 2397 3401 2450 ita
3433 2396 3597 2452 :Non
3626 2397 3840 2452 confido

2238 2491 2373 2544 meis
2403 2489 2600 2553 armis;
2631 2488 2733 2544 hoc
2773 2498 2855 2544 est
2878 2531 2891 2549 ,
2922 2505 3026 2542 non
3050 2504 3185 2543 mea:
3209 2490 3414 2555 virtuti,
3444 2504 3545 2544 nec
3576 2505 3715 2544 mea:
3755 2491 3840 2558 ju-

2237 2582 2414 2646 stitiae,
2444 2581 2535 2634 sed
2559 2580 2651 2635 Dei
2676 2579 3077 2635 misericordia}.
3106 2579 3178 2634 Ita
3195 2580 3354 2634 etiam
3373 2580 3588 2636 direbat
3616 2581 3836 2638 Daniel:

2239 2669 2362 2725 Non
2401 2672 2453 2725 in
2493 2673 2708 2742 justitiis
2733 2672 2916 2725 nostris
2945 2671 3308 2739 prosternimus
3344 2673 3722 2726 miserationem
3753 2690 3844 2727 no-

2237 2773 2396 2817 stram
2423 2772 2540 2816 ante
2567 2773 2614 2816 te
2637 2761 2797 2833 (Dan.
2814 2763 2866 2817 9.
2894 2763 3005 2832 l8).
3025 2765 3077 2818 8.
3105 2762 3330 2817 Salvasti
3357 2765 3488 2816 enim
3520 2780 3612 2818 nos
3633 2765 3699 2818 de
3715 2766 3840 2835 αρε.

2237 2853 2462 2923 gentibus
2513 2868 2605 2906 nos
2626 2895 2640 2918 ,
2673 2861 2720 2906 et
2764 2853 2988 2907 odientes
3026 2869 3118 2907 nos
3148 2853 3444 2924 confudisti.
3476 2854 3630 2908 Alitis
3654 2896 3672 2922 ,
3709 2857 3841 2920 Quia

2236 2945 2448 2998 servasti
2473 2961 2583 2998 nos.
2614 2944 2750 3013 Quid
2777 2959 2912 3014 opus
2950 2955 3031 2999 est
3055 2985 3070 3010 ,
3101 2946 3306 3016 inquit,
3335 2947 3515 3002 dicere
3541 2957 3723 3002 vetera
3743 2992 3758 3016 ,
3790 2961 3841 3004 et

2236 3049 2356 3104 qua:
2401 3035 2534 3089 facta
2581 3047 2707 3090 sunt
2733 3051 2763 3090 a
2794 3036 3115 3106 majoribus?
3140 3036 3268 3104 Nos,
3303 3039 3505 3108 inquit,
3540 3039 3641 3108 ipsi
3674 3040 3841 3097 hahe-

2241 3140 2358 3179 mus
2386 3125 2551 3179 multa
2584 3127 2804 3196 pignora
2833 3127 3181 3195 providentia:
3203 3169 3218 3192 ,
3251 3137 3306 3182 et
3325 3129 3562 3199 gloriosa
3595 3141 3797 3203 tropa-a
3821 3175 3838 3199 ,

2242 3216 2652 3287 frequentesque
2677 3259 2692 3284 ,
2722 3216 3066 3273 admirabiles
3094 3226 3147 3273 et
3194 3219 3540 3274 incredibiles
3589 3222 3843 3278 \‘iClorias

2240 3321 2555 3362 enumerare
2585 3323 2888 3376 possumus.
2932 3308 3219 3379 Propterea
3267 3312 3410 3365 enim
3433 3312 3596 3377 dixit,
3637 3311 3844 3385 Confu-

2238 3401 2360 3454 disti
2379 3443 2394 3468 ,
2417 3401 2708 3456 ostendens
2750 3416 2872 3456 eum
2921 3417 3027 3456 non
3051 3403 3222 3457 solum
3269 3419 3367 3458 nos
3415 3404 3676 3461 liberasse
3699 3448 3714 3470 ,
3745 3423 3844 3463 nec

2240 3491 2608 3546 tantummodo
2633 3492 2896 3561 eripuisse
2919 3535 2933 3557 ,
2956 3493 3049 3547 sed
3077 3507 3198 3548 cum
3237 3509 3430 3565 magno
3450 3494 3718 3552 dedecore
3746 3516 3842 3554 co-

2245 3601 2363 3640 rum
2406 3587 2495 3654 qui
2523 3601 2620 3639 nos
2670 3586 3009 3639 invadebant.
3040 3585 3098 3640 9.
3129 3584 3195 3640 In
3233 3585 3344 3641 Deo
3384 3588 3708 3643 laudabimur
3738 3603 3843 3645 tota

2239 3676 2358 3739 die;
2388 3685 2431 3728 et
2459 3676 2510 3729 in
2541 3675 2742 3740 nomine
2771 3685 2858 3730 tuo
2887 3677 3238 3745 conﬁtebimur
3269 3678 3320 3731 in
3354 3678 3622 3734 seculum.

2314 3767 2433 3822 Dies
2459 3783 2551 3838 pro
2574 3769 2690 3822 vita.
2712 3798 2788 3809 —
2814 3769 2966 3823 Alius
3009 3770 3208 3841 inquit,
3239 3769 3400 3824 Deum
3432 3771 3707 3827 laudamus
3739 3785 3844 3829 tota

2241 3860 2341 3914 die.
2365 3860 2593 3915 Victoria
2617 3860 2832 3931 quidem
2855 3902 2870 3926 ,
2900 3862 3107 3932 inquit,
3145 3864 3399 3932 prmtcriit
3423 3904 3440 3929 ,
3473 3864 3628 3919 nobis
3657 3875 3841 3920 ant-em

2242 3964 2418 4008 manet
2455 3953 2744 4024 gratiarum
2789 3954 2949 4008 actio.
2979 3953 3172 4009 Totum
3211 3957 3354 4010 enim
3383 3955 3525 4010 diem
3552 3957 3719 4024 dicit,
3757 3967 3845 4012 lo-

2244 4051 2349 4098 tam
2375 4046 2555 4098 vitam.
2579 4044 2692 4100 Non
2723 4045 2866 4100 enim
2887 4060 3180 4112 cessamus,
3210 4047 3413 4117 inquit,
3441 4057 3589 4102 tuum
3615 4048 3842 4104 laudare

2243 4137 2498 4193 auxilium
2527 4145 2580 4192 et
2621 4137 2714 4191 illo
2739 4137 2976 4205 gloriari.
3016 4137 3143 4191 Huic
3169 4145 3252 4192 est
3292 4147 3470 4192 nostra
3498 4138 3704 4208 gloria,
3741 4139 3846 4196 hoc

2241 4229 2573 4300 gloriationis
2592 4245 2790 4301 genere
2810 4230 2946 4301 apud
2969 4245 3158 4285 omnes
3181 4232 3398 4298 utimur;
3418 4249 3522 4288 non
3540 4234 3683 4304 quod
3713 4239 3845 4291 civi-

2244 4330 2406 4376 tatem
2455 4337 2698 4394 magnam
2741 4321 3034 4378 habeamus
3064 4332 3119 4377 et
3139 4322 3507 4378 admirabilem
3532 4366 3547 4386 ,
3571 4340 3672 4380 nec
3699 4327 3842 4396 quod

2243 4415 2397 4486 primi
2423 4416 2724 4480 vincamus,
2747 4428 2845 4468 nec
2870 4412 3008 4484 quod
3039 4413 3237 4468 viribus
3261 4414 3505 4484 Corporis
3544 4417 3718 4472 simus
3747 4431 3843 4472 Suo

2243 4509 2372 4579 peri-
2397 4522 2484 4563 res
2515 4525 2529 4562 :
2561 4507 2656 4562 sed
2687 4506 2826 4577 quod
2859 4521 3042 4561 verum
3083 4507 3250 4561 Deum
3297 4506 3627 4572 habeamus,
3663 4510 3715 4563 in
3744 4509 3845 4565 hoc

2241 4602 2534 4674 gloriamur
2558 4620 2569 4654 :
2597 4615 2702 4654 non
2734 4601 2906 4655 solmn
2953 4598 3169 4670 quando
3208 4600 3361 4654 nobis
3390 4601 3670 4654 auxiliaris
3694 4644 3710 4669 ,
3743 4602 3841 4658 sed

2244 4693 2401 4747 etiam
2432 4691 2642 4762 quando
2680 4691 2906 4747 deseris.
2945 4691 3055 4746 Hoc
3079 4691 3222 4746 enim
3255 4701 3356 4761 est,
3383 4688 3518 4745 Tota
3547 4691 3631 4745 die
3655 4711 3674 4746 :
3706 4692 3845 4747 sicut

2244 4786 2402 4840 etiam
2431 4785 2553 4838 dicit
2594 4783 2787 4838 Paulus
2815 4802 2830 4836 :
2865 4782 2998 4837 Mihi
3023 4793 3190 4839 autem
3217 4784 3348 4838 absit
3373 4784 3589 4856 gloriari
3613 4827 3628 4849 ,
3661 4787 3765 4840 nisi
3791 4787 3847 4842 in

2244 4894 2390 4931 cruce
2414 4876 2602 4932 Christi
2630 4874 2770 4947 (Gal.
2805 4876 2858 4931 ϐ.
2891 4875 3002 4946 14).
3035 4875 3186 4930 Nulla
3224 4886 3308 4931 est
3330 4876 3473 4931 enim
3495 4917 3511 4940 ,
3538 4877 3686 4932 nulla
3709 4921 3724 4943 ,
3757 4880 3843 4934 in-

2243 4984 2422 5040 quam,
2454 4977 2536 5023 cst
2554 4969 2655 5023 alia
2679 4967 2941 5038 ejusmodi
2964 4968 3156 5036 gloria.
3179 4967 3435 5036 Quocirca
3459 4982 3646 5023 rursus
3673 4957 3844 5024 dicit:

2245 5055 2368 5112 Non
2396 5059 2560 5113 solum
2585 5067 2751 5112 autem
2778 5101 2791 5123 ,
2814 5057 2902 5112 sed
2938 5058 3092 5111 etiam
3118 5051 3392 5130 gloriantes
3430 5059 3483 5111 in
3515 5056 3626 5112 Deo
3655 5058 3842 5127 (llam.

2244 5151 2433 5219 5.“).
2467 5148 2609 5203 Nihil
2638 5148 2779 5204 enim
2827 5157 3001 5218 potest
3042 5149 3272 5204 conferri
3319 5163 3440 5204 cum
3492 5145 3593 5202 hac
3643 5149 3844 5217 gloria.

2245 5242 2409 5296 tione.
2442 5240 2610 5295 Nemo
2637 5254 2764 5310 ergo
2806 5256 2863 5295 se
2885 5241 3045 5309 jactet
3077 5252 3131 5293 et
3159 5239 3418 5308 glorietur
3446 5246 3668 5308 propter
3693 5239 3842 5294 divi-

2245 5332 2364 5394 tias;
2394 5347 2552 5387 nemo
2578 5339 2795 5402 propter
2832 5346 2892 5386 ea
2922 5347 3042 5401 qtae
3073 5331 3138 5384 ad
3181 5331 3318 5384 hanc
3346 5331 3506 5383 vitam
3535 5331 3839 5398 pertinent,

2243 5422 2335 5477 scd
2361 5433 2577 5492 propter
2607 5423 2706 5476 hoc
2725 5421 2918 5486 solum,
2947 5422 3088 5491 quod
3123 5421 3312 5475 habeat
3335 5420 3499 5476 Deum
3529 5421 3840 5481 Dominum.

2243 5517 2354 5572 lloc
2379 5529 2462 5571 cst
2487 5516 2632 5570 omni
2661 5515 2901 5570 libertate
2923 5515 3133 5578 melius,
3162 5514 3261 5568 hoc
3277 5523 3362 5569 est
3385 5513 3514 5584 ipsis
3534 5515 3684 5570 cadis
3709 5533 3838 5586 pne

2243 5609 2491 5662 stantius.
2522 5607 2578 5662 Si
2608 5605 2750 5662 enim
2777 5605 2935 5676 hujus
2966 5605 3051 5659 vel
3079 5604 3219 5658 illius
3245 5619 3365 5658 esse
3411 5603 3514 5658 dici
3539 5648 3551 5667 ,
3575 5607 3842 5676 gloriandi

2243 5699 2578 5755 occasionem
2605 5713 2749 5765 saepe
2775 5698 2952 5752 attulit
2976 5695 3114 5766 apud
3143 5695 3387 5751 homines
3417 5713 3430 5748 :
3463 5698 3637 5768 cogita
3672 5715 3826 5769 quau.

2248 5803 2350 5848 tam
2400 5793 2544 5846 alirrl
2592 5790 2811 5861 gloriam
2869 5790 2958 5843 Dei
3008 5804 3124 5844 csse
3170 5787 3294 5842 dici.
3325 5788 3591 5858 Qtlﬂt‘il'l‘:t
3647 5792 3843 5847 Paulus
