4068 6434
260 360 365 419 ἱἸἹ

262 517 478 577 quoque
508 503 611 557 hoc
638 516 734 571 pro
772 514 963 569 magna
987 497 1245 568 dignitate
1273 494 1474 564 posuit,
1503 492 1690 547 dicens
1721 510 1735 545 :
1772 488 1875 556 Qui

258 604 435 649 autem
481 592 669 649 Christi
709 602 863 657 sunt,
902 606 1108 643 carnem
1158 586 1526 655 cruciﬁxerunt
1570 582 1772 655 (Galut.
1822 583 1876 637 5.

259 688 378 759 24).
414 686 735 757 Diapsalma.
765 683 938 746 Alius,
969 682 1203 751 Semper.
1235 678 1495 733 Hebraeus
1541 686 1721 732 autem
1749 674 1875 729 illud

260 781 344 835 sic
386 778 673 849 exprimit,
708 775 821 833 Sel.
876 775 962 831 10.
996 772 1152 828 Nunc
1193 782 1359 825 autem
1400 768 1635 839 repulisti
1679 784 1802 828 nos,
1831 776 1880 820 et

265 870 549 941 confudisti
573 884 683 921 nos.
711 867 880 933 Alius,
908 863 1129 918 Tametsi
1153 860 1388 933 repulisti
1413 876 1527 913 nos.
1560 858 1741 919 Alius,
1773 855 1879 911 Sed

262 964 335 1017 ad
360 963 467 1016 haec
509 961 751 1029 rejecisti.
791 957 855 1011 Et
883 974 986 1010 non
1034 954 1305 1026 egredieris
1351 951 1493 1007 Deus
1534 951 1588 1004 in
1611 948 1880 1002 virtutibus

264 1055 473 1110 nostris.
508 1053 679 1111 Alius,
716 1049 781 1104 Et
821 1065 923 1103 non
972 1046 1312 1119 progredieris
1355 1045 1408 1098 in
1436 1043 1632 1097 militiis
1662 1040 1873 1094 nostris.

270 1144 560 1215 liepulsam
604 1144 747 1198 enim
778 1140 959 1196 statim
1002 1139 1173 1210 pudor
1217 1136 1478 1206 sequitur,
1530 1142 1587 1188 et
1628 1132 1694 1185 ad
1736 1131 1874 1184 mala

266 1238 516 1310 patienda
542 1251 663 1293 esse
688 1234 940 1289 omnibus
962 1230 1285 1302 expositum.
1316 1228 1550 1282 Virtutes
1579 1234 1760 1279 autem
1787 1222 1874 1277 hic

262 1330 502 1401 appellat
543 1342 730 1384 eorum
771 1326 1073 1387 exercitus,
1121 1312 1553 1392 quandoquidem
1604 1317 1657 1371 in
1688 1315 1767 1370 eis
1793 1322 1877 1368 est

267 1420 414 1489 regis
444 1417 679 1489 polentia
710 1433 724 1468 :
752 1430 875 1470 cum
911 1414 1051 1469 Deus
1090 1409 1193 1467 hoc
1229 1422 1441 1465 summo
1484 1405 1713 1461 consilio
1743 1418 1873 1473 pro-

266 1509 481 1574 viderit,
516 1515 574 1563 ut
598 1515 743 1562 esset
768 1504 870 1559 hoc
900 1502 1146 1572 principi,
1170 1511 1224 1556 et
1250 1501 1314 1555 iis
1351 1500 1439 1569 qui
1471 1498 1589 1565 ejus
1616 1504 1877 1565 reguntur

271 1599 531 1670 imperio,
562 1598 854 1653 vinculum.
885 1595 1019 1649 Nam
1071 1604 1127 1648 et
1152 1608 1245 1648 rex
1290 1592 1355 1645 iis
1408 1604 1545 1659 opus
1585 1587 1745 1642 habet
1783 1586 1871 1656 qui

270 1692 390 1761 ejus
414 1690 580 1760 jussis
602 1695 829 1761 pareant
852 1727 868 1750 ,
893 1696 948 1739 et
979 1686 1033 1739 hi
1055 1699 1120 1739 eo
1143 1683 1231 1753 qui
1264 1682 1366 1736 illis
1394 1680 1578 1751 praesit
1608 1697 1622 1732 :
1653 1688 1708 1733 et
1734 1678 1874 1731 alter

262 1782 489 1837 alterius
534 1780 733 1835 auxilio
775 1778 997 1848 indiget.
1049 1774 1128 1830 Ne
1155 1774 1331 1843 aliqua
1372 1773 1517 1827 enim
1546 1776 1691 1825 esset
1718 1784 1873 1823 arro-

260 1874 465 1946 gantia,
493 1870 671 1927 eﬁ'eeit
696 1870 835 1925 Deus
859 1910 874 1935 ,
909 1878 965 1921 ut
1004 1881 1193 1936 magna
1232 1879 1376 1934 stupe
1417 1862 1598 1932 parvis
1626 1868 1869 1930 egerent.

264 1964 380 2019 liae
422 1962 597 2033 ipsum
642 1960 767 2016 fecit
803 1959 963 2015 etiam
992 1959 1044 2012 in
1087 1956 1248 2011 rebus
1276 1954 1546 2008 inanimis.
1575 1951 1871 2007 Labantem

259 2056 406 2111 enim
436 2054 741 2110 columnam
771 2052 1049 2122 subjectus
1076 2064 1221 2119 smpe
1257 2048 1497 2104 calculus
1526 2045 1733 2101 ﬁrmam
1758 2052 1872 2099 sta-

261 2146 534 2216 bilemque
581 2143 861 2215 przestitit,
889 2151 946 2197 et
972 2141 1240 2211 navigium
1272 2140 1325 2194 in
1356 2153 1463 2209 quo
1488 2135 1871 2208 quamplurimi

258 2247 388 2293 sunt
412 2245 660 2293 vectores
679 2276 695 2304 ,
728 2249 926 2306 parvus
947 2233 1132 2289 clavus
1156 2231 1339 2302 dirigit
1366 2239 1421 2286 et
1443 2231 1635 2285 liberat
1665 2244 1694 2283 a
1730 2228 1873 2298 peri-

257 2328 416 2384 culis.
442 2328 580 2395 Quid
628 2337 712 2382 est
741 2333 919 2381 autem
946 2366 961 2389 ,
996 2322 1218 2378 Tametsi
1242 2322 1477 2389 repulisti
1505 2336 1599 2375 nos
1626 2322 1653 2376 .’
1684 2320 1868 2385 Licet,

259 2419 467 2489 inquit,
500 2428 660 2477 totet
689 2425 835 2470 tanta
868 2414 1009 2485 passi
1053 2415 1221 2469 simus
1241 2453 1259 2474 .
1280 2430 1311 2468 a
1337 2424 1389 2468 te
1419 2428 1525 2467 non
1552 2411 1833 2467 deﬁcimus
1854 2451 1868 2476 ,

259 2521 313 2564 te
341 2508 653 2573 laudantes,
681 2507 851 2578 gloria
878 2506 1215 2569 allicientes,
1260 2503 1393 2558 etin
1442 2512 1495 2559 te
1544 2503 1857 2573 gloriantes.

257 2600 350 2654 ll.
398 2598 630 2652 Auertisti
674 2614 766 2651 nos
810 2606 946 2651 retro
975 2605 1088 2665 post
1117 2596 1347 2649 inimicos
1392 2603 1610 2648 nostros.
1661 2593 1728 2646 Et
1771 2596 1858 2664 qui

256 2691 476 2745 oderunt
515 2705 637 2753 nos,
670 2686 973 2757 diripiebant
1021 2686 1133 2741 sibi.
1164 2686 1338 2751 Alius,
1372 2683 1598 2740 Posuisti
1648 2701 1740 2739 nos
1784 2701 1872 2739 ea:-

256 2794 445 2839 trcmos
490 2782 711 2852 cujusvis
754 2781 966 2834 inimici.
1012 2778 1145 2835 Vide
1185 2779 1457 2850 quomodo
1512 2778 1652 2833 mala
1695 2779 1871 2834 verbis

254 2875 465 2930 extollit
485 2915 500 2938 ,
529 2882 585 2929 et
611 2872 972 2928 calamitatem
1002 2872 1181 2927 verbis
1216 2871 1508 2943 ampliﬁcat
1529 2911 1545 2936 ,
1579 2871 1873 2927 ostendens

255 2979 374 3032 eos,
394 2963 605 3019 etiamsi
634 2970 816 3017 essent
853 2961 1140 3018 admodum
1169 2973 1501 3032 peccatores,
1528 2961 1660 3017 satis
1689 2972 1869 3017 tamen

258 3071 540 3128 pmnarum
569 3054 802 3109 dedisse.

329 3151 385 3204 7.
427 3148 542 3203 Hoc
586 3148 746 3203 etiam
778 3146 1020 3201 iecerunt
1065 3146 1217 3217 pueri
1260 3161 1325 3200 ex
1369 3145 1689 3201 redundanti
1731 3159 1865 3216 qua-

253 3246 379 3301 dam
411 3244 565 3314 capia
592 3244 645 3298 in
680 3242 898 3297 fornace
919 3254 1045 3296 tunc
1073 3249 1330 3295 canentes
1349 3251 1405 3295 et
1424 3239 1667 3295 dicentes
1691 3257 1704 3294 :
1730 3239 1866 3295 Tra-

254 3334 432 3390 didiin
468 3351 560 3388 nos
598 3334 651 3386 in
698 3348 879 3386 manus
920 3330 1242 3385 inimicorum
1282 3339 1572 3384 nostrorum
1617 3331 1867 3400 pessimo-

255 3442 393 3490 rum,
442 3425 1018 3495 prevaricatorumque,
1068 3431 1116 3476 et
1165 3422 1272 3492 regi
1313 3421 1506 3491 injuste
1551 3431 1598 3475 et
1647 3421 1867 3491 pessimo

252 3520 394 3575 ultra
428 3534 630 3573 onmem
668 3527 856 3570 terram
884 3514 1043 3587 (Dan.
1071 3517 1123 3571 5.
1157 3513 1271 3581 52).
1315 3513 1383 3569 Ει
1424 3529 1613 3569 rursus
1642 3513 1865 3569 :Iunni-

253 3609 363 3665 nuli
388 3624 568 3664 sumus
596 3607 711 3678 plus
730 3622 883 3676 quam
909 3621 1082 3660 onmes
1102 3616 1293 3677 gentes,
1318 3621 1592 3676 sumasque
1611 3605 1827 3660 humiles
1847 3608 1862 3639 ¹

252 3703 306 3757 in
328 3701 564 3756 universa
594 3710 729 3753 terra
756 3698 917 3769 (Ibid.
947 3713 998 3752 υ.
1029 3699 1143 3767 57).
1178 3698 1288 3753 lloc
1316 3699 1488 3769 ipsum
1534 3698 1621 3753 hic
1651 3714 1864 3770 quoque

252 3790 541 3862 signiﬁcat,
571 3790 958 3861 propemodum
985 3789 1174 3845 dicens
1201 3806 1214 3843 :
1248 3788 1513 3846 Omnibus
1552 3791 1862 3847 hominibus

253 3883 473 3938 viliores
499 3891 554 3937 et
581 3882 904 3952 abjectiorcs
944 3896 1150 3947 sumus,
1192 3882 1626 3952 quandoquidem
1678 3900 1865 3940 sumus

257 3985 346 4030 tua
378 3972 566 4029 nudati
596 3972 929 4044 providlmtia
963 3991 974 4027 :
1008 3983 1062 4027 et
1093 3989 1193 4027 nec
1222 3988 1462 4043 eouSquc
1487 3975 1700 4043 quidem
1724 3978 1864 4035 mala

256 4075 444 4122 nostra
483 4074 770 4128 steterunt,
799 4066 893 4120 sed
922 4066 1083 4119 etiam
1117 4065 1297 4136 praeda
1320 4065 1445 4122 facti
1471 4083 1656 4124 sumus
1682 4071 1862 4124 inimi-

254 4159 357 4226 cis,
386 4158 477 4229 qui
521 4173 620 4213 nos
660 4172 759 4212 suo
787 4158 1013 4213 arbitrio
1039 4157 1370 4214 dividebant.
1417 4160 1531 4216 Hoc
1569 4162 1714 4217 enim
1761 4164 1861 4218 sibi

256 4251 417 4305 vult:
456 4249 778 4317 Diripiebant
807 4250 1048 4320 sibiipsis,
1084 4250 1137 4305 id
1184 4260 1288 4318 est,
1331 4254 1479 4309 nullo
1522 4257 1858 4325 prohibente.

256 4345 349 4399 η.
380 4344 583 4398 Dedisti
617 4358 709 4399 nos
739 4353 1000 4413 tamquam
1039 4351 1155 4398 oves
1196 4360 1444 4409 escarum,
1478 4357 1527 4401 et
1552 4349 1863 4420 ingentibus

254 4436 537 4507 dispersisti
566 4451 677 4490 nos.
714 4436 883 4502 Alius,
929 4433 1198 4490 Ventilasti
1241 4450 1357 4491 nos.
1389 4438 1528 4505 Quid
1569 4450 1672 4508 est,
1709 4440 1863 4497 Tam-

252 4543 407 4598 quam
427 4541 543 4582 oves
557 4525 825 4579 escarum?
852 4524 910 4580 Id
942 4535 1046 4590 est,
1077 4525 1273 4580 Fecisti
1302 4542 1418 4593 nos,
1457 4529 1649 4600 inquit,
1679 4532 1745 4587 ad
1775 4533 1859 4587 in-

254 4617 559 4673 vadendum
592 4616 897 4677 facillimos,
933 4631 1033 4670 nos
1061 4617 1193 4671 viles
1217 4632 1341 4674 esse
1370 4621 1685 4677 ostendens.
1723 4624 1862 4682 Sunt

255 4710 403 4791 enim
446 4707 645 4778 aliqua:
687 4721 817 4763 oves
863 4707 1257 4777 acquisitiouis,
1306 4725 1425 4780 quae
1463 4721 1590 4767 sunt
1626 4725 1766 4785 aptae
1794 4717 1861 4772 ad

254 4802 629 4874 generandum
657 4817 671 4853 :
701 4812 827 4856 sunt
866 4816 995 4856 vero
1024 4801 1166 4869 alite,
1197 4817 1317 4871 qua:
1363 4814 1584 4875 propter
1623 4810 1858 4879 senium,

254 4892 341 4950 vel
369 4903 591 4964 prepter
611 4894 944 4948 sterilitatem
983 4903 1111 4947 sunt
1142 4902 1348 4948 tantum
1382 4898 1543 4954 utiles
1570 4900 1636 4955 ad
1673 4917 1861 4960 come-

254 4985 516 5043 dendum.
548 4985 614 5041 Et
638 4984 779 5057 quod
817 4993 899 5040 est
923 4985 1349 5053 acerbissimum,
1386 4988 1439 5043 in
1478 5000 1668 5060 gentes
1705 5009 1862 5052 erant

253 5078 517 5148 dispersi;
546 5077 796 5148 quodque
818 5076 925 5131 illis
947 5078 1189 5131 onmium
1222 5081 1597 5150 gravissimum
1621 5097 1759 5151 erat,
1794 5104 1861 5145 ne

254 5170 428 5237 legem
447 5168 664 5241 quidem
681 5177 932 5239 poterant
954 5166 1061 5227 illic
1074 5180 1324 5227 accurate
1338 5186 1554 5237 servare
1565 5186 1618 5231 et
1629 5193 1660 5231 a
1675 5182 1862 5249 patriae

254 5260 562 5330 reipublicae
588 5260 845 5315 institutis
868 5258 1200 5314 exciderant.
1231 5260 1301 5317 Et
1326 5279 1431 5319 non
1461 5266 1514 5321 in
1540 5284 1700 5326 unam
1726 5289 1863 5344 geu-

256 5362 388 5418 tem,
408 5350 504 5406 sed
528 5351 748 5422 ubique,
781 5350 972 5420 inquit,
995 5349 1223 5421 dispersi
1250 5368 1458 5420 sumus,
1479 5359 1547 5415 ad
1579 5379 1741 5419 unum
1769 5382 1862 5421 so-

255 5444 389 5508 lum,
408 5456 604 5511 nempe
622 5442 761 5497 male
780 5441 1110 5512 patiendum,
1130 5446 1299 5513 parati
1318 5463 1331 5499 :
1349 5448 1530 5505 ulcisci
1548 5464 1750 5521 autem,
1772 5469 1863 5514 aut

254 5551 448 5592 ntanus
466 5537 727 5593 extollere
749 5552 856 5592 non
877 5549 1182 5606 possumus.
1204 5538 1315 5593 Hoc
1332 5544 1477 5599 enim
1495 5547 1761 5619 signiﬁcat
1782 5556 1860 5609 si-

222 5670 225 5673 .
254 5628 504 5685 ntiiitudo
517 5628 717 5685 ovium.
735 5629 822 5684 15.
838 5626 1123 5681 Vendidislt'
1135 5635 1383 5702 populum
1401 5648 1541 5695 tuum
1554 5643 1664 5698 sine
1674 5649 1857 5714 pretio.

316 5785 334 5816 ι
372 5790 506 5835 Unus
527 5785 695 5850 habet,
717 5800 879 5854 pauci,
903 5769 1009 5855 pro,
1030 5790 1252 5848 humiles.

1366 351 1730 413 EXPOSITIO
1769 348 1833 405 ΙΝ
1874 347 2198 405 PSALMUM
2237 346 2422 405 XLIII.

3511 348 3613 406 i78

1994 465 2169 533 Alius,
2189 463 2256 518 In
2280 481 2382 518 non
2409 465 2712 519 substantia.
2740 463 2909 531 Alius,
2941 462 3059 518 Non
3082 462 3394 520 substantia.
3424 462 3488 519 Et
3507 481 3612 518 non

1988 557 2089 629 fuit
2110 555 2383 611 multitudo
2404 556 2457 609 in
2482 555 2963 610 commutationibus
2983 556 3192 610 nostris.
3218 555 3395 622 Alius,
3418 552 3485 609 Et
3504 572 3608 609 non

1991 650 2207 703 multum
2226 649 2392 721 fecisti
2412 648 2629 719 pretium
2656 664 2850 703 eorum.
2874 646 3026 716 Quod
3050 655 3230 703 autem
3253 649 3331 703 ait
3353 656 3438 702 est
3462 646 3607 717 ejus-

1990 742 2137 795 modi
2173 737 2193 792 ε’
2220 740 2435 795 videtur
2479 742 2624 795 enim
2665 740 2866 795 dictum
2895 755 3019 796 esse
3057 740 3214 795 valde
3261 741 3552 795 obscurum
3585 758 3601 793 :

1984 832 2080 887 sed
2112 832 2394 896 attendite,
2429 840 2486 886 ut
2512 832 2757 903 psallatis
2792 847 2914 887 cum
2944 832 3315 904 intelligentia.
3350 831 3487 901 Quid
3516 840 3604 886 est

1984 937 2114 993 ergo
2145 923 2288 993 quod
2317 922 2554 978 dicitur?
2584 924 2754 992 Quum
2798 924 2910 978 sint
2940 924 3075 980 viles
3100 935 3158 981 et
3185 925 3380 995 abjccti
3408 936 3602 981 osten—

1984 1014 2081 1081 dit,
2116 1030 2310 1085 nempe
2338 1016 2537 1071 nullius
2561 1016 2720 1086 pretii
2746 1035 2759 1069 :
2791 1026 3063 1087 tamquam
3086 1019 3231 1084 vilis,
3256 1018 3451 1091 inquit,
3478 1039 3603 1092 pre-

1987 1106 2066 1169 tii,
2095 1105 2338 1175 objectos
2370 1111 2425 1161 'et
2450 1107 2879 1162 contemnendos
2921 1124 3020 1163 nos
3049 1108 3318 1166 dimisisti.
3359 1112 3474 1169 lloc
3500 1131 3600 1170 au-

1988 1208 2096 1251 tem
2130 1197 2261 1251 dicit
2286 1212 2437 1253 more
2467 1197 2704 1253 humano
2734 1216 2746 1252 :
2777 1200 3018 1255 solemus
3039 1202 3181 1255 enim
3217 1216 3447 1274 qumque
3477 1208 3602 1261 vilia

1985 1286 2117 1342 dare
2144 1288 2227 1343 vel
2258 1288 2375 1342 sine
2413 1286 2606 1358 pretio.
2639 1287 2770 1356 Quae
2794 1304 2955 1358 porro
2977 1290 3156 1361 magni
3179 1289 3427 1358 facimus,
3459 1311 3523 1351 ea
3555 1296 3602 1352 si

1984 1379 2299 1446 vendamus,
2331 1394 2526 1450 magno
2553 1382 2728 1450 pretio
2756 1380 3037 1435 vendimus
3067 1400 3079 1431 :
3114 1398 3235 1452 quae
3266 1398 3393 1439 vero
3421 1389 3593 1456 parvi,

1979 1483 2040 1524 ea
2070 1469 2155 1524 vel
2190 1469 2379 1540 gratis.
2418 1469 2699 1538 Improbos
2730 1470 2909 1541 itaque
2934 1474 3232 1527 servos-alii
3259 1475 3477 1545 quidem
3512 1477 3600 1533 di-

1980 1559 2146 1614 midio
2172 1560 2365 1629 pretio,
2390 1561 2480 1616 alii
2512 1575 2641 1616 vero
2667 1561 2818 1616 nullo
2851 1572 3074 1631 accepto
3105 1565 3282 1633 pretio
3306 1564 3598 1623 dederunt.

1979 1650 2036 1707 Si
2065 1653 2262 1707 minori
2292 1663 2477 1709 autem
2509 1654 2684 1724 pretio
2711 1655 2924 1712 tradere
2946 1658 3182 1713 ostendit
3209 1676 3370 1729 quam
3396 1662 3467 1716 sit
3494 1664 3602 1720 vile

1977 1743 2119 1813 quod
2159 1743 2446 1799 venditur:
2478 1746 2630 1801 nullo
2661 1746 2788 1801 dato
2814 1749 2990 1818 pretio
3029 1750 3299 1820 accipere,
3350 1753 3447 1808 sed
3478 1753 3600 1810 sine

1977 1836 2171 1905 pretio,
2214 1836 2387 1890 multo
2415 1838 2610 1908 magis.
2662 1837 2778 1894 Hoc
2825 1856 2957 1911 ergo
2984 1840 3115 1897 dicit
3145 1860 3161 1899 :
3194 1843 3427 1900 Perinde
3458 1861 3523 1901 ac
3551 1847 3600 1902 si

1977 1925 2141 1981 homo
2170 1926 2435 1996 quispiam
2460 1929 2623 1983 rebus
2644 1929 2756 1984 suis
2785 1930 2939 1985 cedat
2963 1934 3082 1988 sine
3110 1935 3305 2003 pretio,
3334 1935 3405 1990 ita
3433 1937 3599 1993 etiam

1978 2018 2093 2086 ipse
2129 2033 2226 2072 nos
2269 2026 2543 2089 tamquam
2566 2020 2768 2075 nullius
2810 2025 2965 2092 pretii
2999 2024 3275 2091 dimisisti,
3310 2043 3408 2081 nos
3440 2029 3599 2084 valde

1974 2112 2369 2181 contempsisti.
2398 2113 2511 2168 Hoc
2544 2115 2726 2184 itaque
2751 2117 3018 2186 signiﬁcat
3044 2120 3206 2174 etiam
3239 2136 3338 2191 per
3367 2121 3420 2176 id
3449 2123 3594 2192 quod

1975 2202 2247 2272 aubjungit
2278 2220 2291 2256 :
2326 2202 2392 2257 Et
2433 2205 2656 2275 nonfuit
2700 2207 2981 2262 multitudo
3020 2209 3075 2264 in
3111 2213 3597 2269 commutationibus

1977 2293 2202 2358 nostris;
2246 2292 2351 2349 hoc
2394 2305 2499 2359 est,
2544 2295 2598 2350 ln
2650 2299 2924 2367 emptione
2954 2310 3160 2355 nostra.
3209 2302 3275 2357 Et
3306 2303 3429 2359 ideo
3457 2304 3596 2359 dicit

1975 2386 2133 2453 alius,
2184 2384 2252 2440 In
2286 2388 2660 2458 appretiatione
2700 2400 2899 2459 nostra,
2945 2392 2996 2447 id
3034 2403 3138 2461 est,
3200 2394 3252 2449 in
3285 2394 3597 2452 venditione

1976 2488 2179 2534 nostra.
2230 2480 2469 2535 Pretium
2521 2484 2665 2537 enim
2725 2493 2811 2539 est
2855 2488 3395 2559 perluutatiuzsmpe
3446 2491 3591 2546 enim

1974 2583 2193 2623 servum
2229 2569 2443 2638 damus,
2488 2581 2543 2625 et
2589 2587 2780 2627 aurum
2824 2575 2905 2629 vel
2947 2587 3229 2646 argentum
3272 2581 3591 2651 accipimus.

1976 2661 2065 2715 Μ.
2100 2658 2329 2715 Posuisti
2370 2679 2462 2716 nos
2493 2664 2826 2733 approbrium
2855 2667 3032 2722 vicinis
3058 2670 3270 2735 nostris,
3304 2673 3595 2728 subsanna-

1974 2753 2160 2807 tionem
2189 2763 2232 2807 et
2260 2754 2486 2808 derisum
2515 2756 2576 2809 iis
2605 2760 2694 2828 qui
2723 2757 2777 2811 in
2817 2760 3036 2815 circuitu
3066 2772 3240 2817 nostra
3271 2774 3410 2818 sunt.
3440 2766 3594 2821 Alius

1973 2845 2122 2910 dicit,
2156 2844 2412 2913 Pompam
2442 2848 2505 2902 iis
2546 2850 2633 2920 qui
2661 2851 2712 2902 in
2742 2850 2963 2905 circuitu
2991 2863 3165 2909 nostra
3192 2866 3331 2909 sunt.
3366 2856 3456 2911 £5.
3491 2854 3594 2911 Po-

1972 2937 2117 2991 suisti
2138 2955 2230 2993 nos
2250 2938 2303 2992 in
2330 2940 2631 3009 parabolam
2658 2942 2715 2996 in
2737 2926 3007 3013 gentibus:
3023 2944 3199 3003 Grave
3220 2957 3305 3003 est
3332 2947 3436 3005 hoc
3461 2966 3593 3022 sup-

1972 3030 2190 3099 plicium
2235 3041 2291 3086 et
2335 3032 2700 3100 intolerabile,
2756 3035 2826 3090 ab
2874 3034 3053 3107 impiis
3093 3041 3332 3097 maxime
3378 3043 3590 3112 probris

1971 3120 2134 3188 allici,
2162 3121 2231 3175 ab
2266 3122 2497 3177 inimicis
2529 3122 2648 3179 haec
2678 3126 2809 3196 pati,
2855 3142 2978 3183 esse
3006 3129 3357 3187 circumcirca
3389 3132 3479 3204 qui
3507 3134 3592 3189 in-

1970 3213 2189 3276 sultent,
2214 3224 2268 3268 et
2298 3214 2533 3285 undique
2558 3218 2833 3273 circumiri
2865 3219 2934 3273 ab
2966 3220 3031 3275 iis
3059 3221 3149 3291 qui
3192 3224 3388 3293 probra
3432 3226 3585 3298 inge—

1972 3310 2115 3357 runt.
2153 3304 2291 3370 Quid
2326 3316 2409 3363 est
2450 3315 2634 3362 autem
2678 3308 2929 3377 parabola
2950 3310 2976 3364 ?
3000 3310 3271 3380 Narratio,
3303 3315 3582 3385 probrum.

1970 3396 2144 3451 Erunt
2189 3398 2333 3452 enim
2371 3398 2726 3456 circumcirca
2758 3400 2979 3471 quidam
3016 3405 3286 3472 scelerati,
3320 3409 3586 3480 nulloque

1969 3503 2133 3544 sensu
2164 3490 2394 3560 prmditi,
2422 3493 2513 3563 qui
2541 3509 2647 3548 non
2675 3493 2851 3550 solum
2898 3512 3005 3551 non
3037 3500 3454 3567 miserebantur,
3484 3505 3580 3559 sed

1969 3580 2181 3651 probris
2219 3583 2378 3638 etiam
2424 3594 2480 3638 el
2521 3586 2865 3642 contumeliis
2918 3588 3246 3658 afﬁcit-bant,
3296 3596 3446 3666 quod
3490 3612 3587 3652 eos

1970 3674 2203 3730 maxime
2232 3675 2482 3745 augebat.
2506 3676 2631 3731 Mihi
2659 3687 2839 3734 autem
2870 3680 3082 3737 videtur
3112 3683 3200 3739 bie
3237 3686 3417 3742 dicere
3444 3692 3582 3743 Ara-

1968 3763 2086 3830 bas,
2130 3765 2224 3835 qui
2251 3782 2419 3838 prope
2443 3782 2541 3823 eos
2579 3767 2915 3826 habitabant.
2955 3772 3357 3831 Commotionem
3399 3781 3585 3853 capitis

1965 3857 2018 3911 in
2060 3859 2286 3929 populis.
2328 3858 2503 3926 Alius,
2539 3858 2980 3918 Transmationem
3009 3882 3030 3920 :
3060 3866 3319 3923 llebrteus
3367 3881 3576 3936 autem,

1970 3948 2224 4005 Manoud.
2258 3950 2353 4007 Vel
2400 3951 2506 4007 hoc
2529 3968 2661 4024 ergo
2685 3955 2833 4022 dicit,
2864 3956 3257 4015 Trausmovisti
3310 3976 3448 4028 nos;
3496 3967 3580 4018 vol

1968 4058 2065 4112 per
2104 4052 2313 4113 gestum
2345 4053 2525 4098 motus
2550 4045 2745 4113 capitis
2771 4048 3010 4103 ostendit
3044 4050 3198 4107 valde
3226 4052 3461 4110 laetantis
3498 4056 3581 4110 in-

1967 4134 2273 4189 solentiam.
2300 4136 2388 4191 16.
2422 4135 2549 4191 Tota
2575 4138 2659 4193 die
2697 4141 3002 4196 uerecundia
3030 4159 3141 4198 mea
3165 4156 3345 4201 contra
3374 4163 3455 4201 me
3479 4160 3577 4203 est.

1966 4226 2138 4288 Alius,
2161 4225 2453 4298 Ignominia
2473 4245 2601 4285 mea.
2636 4228 2704 4284 Et
2721 4234 2956 4305 confusio
2981 4236 3135 4306 faciei
3157 4254 3281 4294 mea
3305 4244 3570 4311 coaperuit

1966 4332 2065 4381 me,
2104 4317 2190 4372 l7.
2221 4334 2254 4371 a
2279 4334 2399 4373 voce
2439 4321 2795 4390 exprobrantis
2840 4332 2889 4378 et
2914 4325 3252 4397 obloquentis.
3304 4330 3478 4395 Alius,
3509 4329 3579 4385 Et

1966 4408 2383 4479 blasphemantis.
2412 4412 2457 4465 Α
2484 4415 2619 4483 [acie
2643 4413 2837 4469 inimici
2861 4426 2908 4472 et
2932 4421 3297 4489 persequentis.
3329 4421 3455 4478 ΙΙωο
3482 4437 3580 4479 eos

1966 4500 2135 4569 magis
2156 4516 2316 4571 quam
2348 4503 2612 4573 supplicia
2640 4506 2975 4563 cruciabant.
3005 4509 3139 4578 Quia
3164 4513 3307 4567 enim
3336 4512 3417 4568 eis
3436 4528 3581 4569 sem-

1966 4610 2064 4665 per
2087 4605 2145 4651 et
2165 4596 2382 4654 assidue
2410 4600 2733 4657 eveniebant
2758 4618 2847 4658 res
2873 4605 3147 4673 secundm,
3172 4618 3227 4661 et
3253 4606 3437 4663 hostes
3460 4610 3578 4663 vin-

1965 4690 2181 4758 cebant,
2207 4692 2449 4746 omnium
2484 4703 2611 4749 tunc
2637 4710 2731 4749 ora
2776 4706 2961 4765 aperta
3000 4708 3273 4755 suntcum
3305 4700 3407 4770 ipsi
3434 4704 3579 4757 ceci-

1966 4780 2197 4850 dissent,
2226 4783 2520 4853 alﬁietique
2545 4796 2598 4840 et
2632 4788 2885 4857 prostrati
2916 4798 3138 4845 essent:
3170 4807 3269 4849 nec
3301 4793 3576 4864 reSpirarc

1966 4875 2188 4946 quidem
2219 4884 2492 4945 poterant,
2519 4877 2616 4933 sed
2665 4888 2985 4950 perpetuum
3029 4882 3352 4952 supplicimn
3381 4900 3579 4956 exspe-

1965 4967 2201 5022 ctabant.
2235 4967 2321 5024 l8.
2356 4967 2481 5022 Haec
2504 4970 2676 5023 omnia
2701 4984 2941 5027 venerunt
2980 4991 3135 5045 super
3176 4993 3285 5038 nos,
3317 4968 3412 5033 nec
3433 4979 3578 5034 obliti

1964 5074 2141 5113 sumus
2166 5068 2233 5124 te,
2253 5068 2299 5113 et
2326 5059 2497 5130 inique
2522 5077 2625 5115 non
2645 5062 2839 5134 egimus
2868 5065 2922 5118 in
2945 5075 3243 5121 testamento
3270 5080 3375 5123 tuo.
3401 5069 3576 5135 Alius,

1970 5149 2083 5206 Nec
2118 5152 2355 5222 fraudem
2404 5153 2619 5225 fecimus
2663 5166 2811 5223 pacto
2859 5166 2964 5212 tuo.
3013 5156 3146 5227 Nos,
3207 5161 3398 5232 inquit,
3451 5164 3575 5218 aliis

1964 5246 2235 5300 contraria
2267 5246 2349 5299 via
2372 5245 2597 5317 ingressi
2627 5265 2835 5304 sumus.
2866 5250 2947 5304 Illi
2976 5252 3143 5315 enim,
3165 5264 3454 5326 antequam
3486 5273 3576 5313 res

1965 5336 2091 5389 ullae
2111 5336 2353 5391 adversm
2381 5340 2714 5405 evenissent,
2749 5345 3005 5410 prostrati
3052 5354 3177 5399 sunt
3207 5362 3220 5399 :
3250 5362 3350 5401 nos
3372 5355 3576 5405 ‘autem

1966 5434 2089 5494 post
2112 5441 2201 5481 res
2225 5426 2482 5483 adversas
2504 5445 2802 5501 gravesque
2831 5433 3169 5490 calamitates
3207 5437 3367 5491 ﬁrmo
3392 5449 3447 5494 et
3477 5439 3580 5495 im-

1968 5517 2155 5573 mobili
2177 5520 2360 5573 animo
2389 5521 2754 5576 constitimus.
2787 5522 2915 5577 Haec
2942 5534 3121 5580 autem
3156 5525 3364 5591 dicunt,
3395 5539 3447 5582 ut
3472 5529 3572 5585 bo-

1967 5622 2091 5663 nam
2116 5596 2266 5679 Spetn
2294 5610 2601 5681 concipiant
2636 5612 2723 5682 qui
2752 5627 2874 5668 cum
2903 5616 2981 5670 eis
3010 5626 3135 5671 sunt
3165 5617 3465 5675 hortantes.
3513 5622 3583 5677 Et

1968 5698 2090 5755 ideo
2119 5715 2241 5754 cum
2284 5701 2472 5756 Daniel
2518 5711 2572 5757 et
2621 5712 2730 5759 tres
2759 5706 2911 5776 pueri
2955 5705 3183 5764 dicant:
3218 5711 3574 5780 Peccavimus,

1975 5794 2163 5865 injuste
2201 5795 2411 5867 fecimus
2436 5795 2598 5869 (Dan.
2632 5798 2685 5855 3.
2716 5798 2813 5871 29)
2841 5818 2855 5854 :
2906 5800 2960 5855 lli
2989 5801 3172 5858 dicunt
3201 5822 3215 5858 :
3248 5804 3368 5860 Non
3413 5807 3585 5877 inique
