4068 6434
562 342 667 402 ΠΟ

564 455 752 528 egimus
795 454 847 509 in
894 462 1186 510 testamento
1218 462 1302 508 tuo
1328 468 1348 508 :
1374 452 1797 521 commilitonum
1842 451 2054 506 animos
2089 458 2146 506 et

559 545 780 616 spiritus
825 545 1138 600 excitantes.
1187 542 1243 599 Si
1295 545 1460 609 enim,
1506 544 1696 615 inquit,
1744 542 1974 598 maxima
2006 541 2145 610 passi

559 651 767 703 sumus,
797 647 853 693 et
878 637 947 691 ab
973 637 1053 692 eis
1076 636 1336 707 originem
1362 637 1627 698 ducimus,
1663 636 1750 704 qui
1781 635 1988 705 magnis
2016 633 2147 688 affe-

558 729 630 782 cti
662 737 787 783 sunt
825 728 1118 795 beneﬂciis,
1147 738 1202 784 et
1230 730 1282 783 in
1304 728 1697 784 calamitatibus
1734 728 1953 783 minime
1979 726 2147 782 decli-

562 819 830 884 navimus,
860 834 983 887 spes
1009 828 1092 875 est
1120 820 1274 874 nobis
1312 834 1516 889 magna:
1542 820 1749 873 salutis.

632 910 686 965 8.
727 910 879 978 Quod
914 926 1045 979 ergo
1069 911 1176 967 dixi
1213 927 1241 964 a
1287 911 1564 981 principio,
1610 909 1715 965 hoc
1755 924 1969 980 quoque
2005 923 2145 962 nunc

558 1000 701 1062 dico.
726 1017 821 1057 eos
841 1002 958 1057 vice
979 1002 1299 1072 precationis
1322 1002 1426 1057 illis
1444 1003 1645 1058 addere
1663 1004 1892 1069 animos,
1926 1000 2145 1071 perinde

559 1107 623 1148 ac
648 1095 691 1147 si
722 1095 799 1148 eis
829 1092 1069 1148 dicerem
1108 1112 1122 1147 :
1165 1093 1407 1161 Quanam
1453 1094 1519 1148 de
1562 1108 1721 1148 causa
1761 1108 1911 1161 spem
1958 1092 2143 1147 salutis

558 1182 867 1253 abjecistis‘l
913 1183 1077 1240 Deum
1111 1186 1369 1240 habemus
1407 1186 1496 1255 qui
1533 1200 1628 1239 nos
1656 1185 1898 1240 defendit
1940 1203 1955 1239 :
2006 1195 2060 1241 et
2097 1186 2142 1241 si

563 1276 688 1345 quid
715 1278 1069 1347 peccavimus,
1101 1279 1230 1331 satis
1260 1293 1533 1346 pinnarum
1574 1277 1854 1347 pendimus
1886 1295 1899 1329 :
1942 1280 1992 1332 in
2028 1287 2144 1332 len-

560 1368 845 1421 tationibus
883 1366 1087 1423 fortiter
1110 1369 1408 1423 restitimus
1451 1388 1463 1422 :
1507 1383 1627 1423 eum
1654 1369 1742 1438 qui
1769 1370 1927 1423 etiam
1954 1383 2139 1437 pecca-

558 1469 731 1515 torum
759 1475 972 1529 semper
999 1475 1180 1514 curam
1202 1460 1357 1529 gerit,
1391 1461 1489 1514 viae
1528 1460 1716 1515 ducem
1762 1460 2038 1524 habemus,
2087 1469 2142 1516 et

558 1550 678 1607 ideo
713 1550 885 1604 bonus
929 1550 1107 1605 exitus
1148 1562 1231 1605 est
1280 1550 1432 1604 nobis
1474 1554 1693 1605 omnino
1725 1552 2136 1622 exspectandus.

558 1639 692 1707 Quid
716 1648 800 1694 est
825 1650 1001 1695 autem
1027 1657 1039 1691 :
1073 1638 1193 1693 Non
1216 1640 1386 1710 inique
1406 1642 1615 1711 [animus
1633 1641 1685 1693 in
1706 1652 2000 1695 testamento
2020 1643 2141 1697 tuo!

559 1731 671 1787 lloc
698 1741 801 1795 est,
831 1731 944 1787 Non
987 1732 1165 1801 inique
1200 1747 1297 1787 nos
1339 1733 1599 1799 gessimus
1638 1732 1690 1785 in
1736 1732 1799 1786 iis
1831 1748 1949 1801 quas
1989 1733 2140 1788 nobis

556 1820 757 1876 credita
784 1830 928 1887 sunt,
959 1822 1054 1877 sed
1091 1837 1154 1876 ea
1186 1820 1417 1892 perfecte
1446 1822 1849 1878 custodivimus.
1882 1823 1973 1878 Est
1996 1825 2138 1879 enim

557 1914 782 1967 maxima
812 1913 1079 1980 iniquitas.
1109 1912 1322 1983 quando
1362 1912 1478 1983 quis
1517 1913 1903 1984 transgreditur
1945 1914 2136 1986 legem,

554 2019 671 2073 qum
697 2003 951 2069 vindicat,
978 2019 1097 2072 quae
1126 2019 1229 2057 non
1274 2004 1399 2057 sinit
1439 2012 1493 2056 ut
1522 2004 1605 2057 vel
1638 2019 1666 2057 a
1704 2005 2011 2076 propinquis
2056 2006 2139 2060 iu-

550 2094 689 2165 juria
719 2094 1034 2160 alliciamur,
1065 2105 1119 2150 et
1149 2096 1332 2150 vitium
1362 2097 1635 2165 prohibet;
1680 2100 1892 2168 quando
1918 2099 2035 2169 quis
2056 2106 2141 2155 est

557 2186 797 2255 ingratus
836 2186 889 2239 in
927 2200 1051 2240 cum
1090 2185 1181 2255 qui
1211 2196 1287 2241 tot
1316 2188 1469 2242 nobis
1505 2188 1641 2243 bona
1683 2189 1903 2258 praebet.
1937 2189 2024 2244 l9.
2074 2188 2139 2243 Et

554 2293 653 2332 non
683 2280 881 2333 recessit
904 2288 1041 2333 retro
1060 2295 1148 2333 cor
1166 2290 1411 2334 nostrum.
1444 2280 1612 2347 Alius,
1647 2280 1764 2335 Non
1786 2280 2044 2337 abscessit.
2073 2280 2139 2336 Et

554 2383 654 2422 non
679 2367 941 2422 ἀει-[ἔπαιιὶ
979 2370 1180 2423 semitas
1222 2379 1419 2424 nostras
1466 2387 1498 2423 a
1543 2370 1622 2423 ria
1675 2381 1780 2424 tua.
1821 2371 1994 2437 Alius,
2030 2371 2139 2426 Nec

552 2457 801 2512 inclinata
824 2469 940 2513 sunt
965 2475 1078 2531 quc
1103 2478 1193 2514 nos
1223 2462 1443 2531 erigunt.
1475 2461 1647 2527 Alius,
1684 2461 1748 2514 Et
1780 2479 1879 2516 non
1907 2480 2139 2517 aversum

552 2557 625 2602 est
646 2557 780 2603 retro
804 2565 890 2603 cor
909 2563 1156 2615 nostram,
1184 2568 1275 2604 nec
1299 2551 1615 2605 declinarunt
1640 2568 1837 2623 gressus
1860 2553 2019 2606 nostri
2036 2554 2133 2623 (a).

556 2637 706 2703 Quod
738 2640 882 2706 prius
909 2640 1063 2705 dixit,
1103 2639 1207 2695 hoc
1245 2642 1404 2695 etiam
1442 2641 1527 2697 hic
1556 2641 1705 2706 dicit,
1743 2657 1837 2697 eos
1884 2644 1935 2696 in
1979 2644 2139 2699 tantis

557 2729 820 2784 malorum
856 2728 1104 2785 ﬂuctibus
1144 2747 1211 2785 ne
1254 2732 1516 2785 tantillum
1547 2732 1760 2801 quidem
1794 2733 1970 2803 lapsos
1994 2749 2134 2791 esse.

553 2818 780 2874 Pulchre
818 2830 996 2875 autem
1041 2822 1118 2875 sic
1166 2821 1315 2876 dicit.
1368 2822 1825 2887 Quemadmodum
1864 2826 2005 2880 enim
2052 2828 2137 2883 lex

549 2908 699 2963 ducit
730 2912 779 2963 in
823 2911 1111 2976 anteriora,
1157 2911 1225 2964 ita
1263 2913 1514 2982 iniquitas
1544 2924 1689 2968 retro
1733 2918 1988 2971 transfert
2029 2935 2042 2973 :
2084 2928 2140 2973 et

551 2998 997 3068 quemadmodum
1026 3000 1115 3055 lex
1139 3001 1293 3070 jubet
1316 3014 1459 3058 reeta
1487 3005 1567 3058 via
1612 3005 1836 3076 ingredi,
1876 3009 1945 3063 ita
1975 3011 2134 3065 etiam

553 3092 805 3161 iniquitas
855 3093 1083 3149 traducit
1132 3094 1403 3151 hominem
1443 3097 1495 3151 in
1539 3097 1713 3153 locum
1757 3100 2028 3157 desertum
2082 3113 2137 3159 et

553 3186 907 3242 inacceSSom.
942 3180 1090 3241 Viam
1123 3203 1252 3258 ergo
1288 3188 1373 3244 hic
1400 3188 1531 3245 dicit
1560 3194 1748 3262 legem.
1777 3195 1906 3251 Illud
1930 3208 2130 3267 autem,

553 3275 855 3344 Declinasti,
886 3278 1026 3348 quod
1071 3280 1160 3333 alii
1204 3281 1406 3347 dicunt,
1454 3281 1561 3337 Nec
1595 3286 1836 3340 inclinata
1880 3299 2135 3359 suntquae

553 3385 644 3422 nos
673 3369 889 3439 erigunt,
919 3386 951 3423 a
974 3372 1053 3423 via
1081 3379 1168 3423 tua
1200 3387 1218 3425 :
1249 3371 1504 3428 Hebncus
1530 3375 1677 3443 dicit,
1714 3376 1889 3435 Vatltet
1946 3384 2133 3438 asc/tn-

553 3474 676 3513 renu
703 3460 836 3513 meni
864 3461 1019 3529 oracli
1046 3462 1145 3530 (ὁ).
1173 3461 1226 3517 Si
1258 3465 1377 3533 quis
1410 3477 1588 3521 autem
1620 3469 1746 3523 velit
1778 3473 1927 3542 sequi
1969 3475 2134 3532 inter-

552 3550 905 3619 pretationem
935 3547 1297 3623 Scptuaginta,
1340 3563 1394 3608 et
1437 3572 1541 3610 non
1573 3558 1817 3625 aliorum,
1846 3563 1995 3624 illud.
2029 3566 2130 3621 De-

550 3642 755 3698 clinain
780 3644 984 3698 semitas
1010 3655 1206 3700 nostras
1240 3663 1272 3699 α
1303 3647 1380 3701 via
1428 3658 1534 3713 tua,
1576 3650 1678 3706 hoc
1721 3665 1821 3717 est,
1873 3655 2059 3711 Procul
2100 3675 2129 3715 a

551 3735 751 3803 templo
780 3746 869 3789 tuo
898 3750 994 3789 nos
1018 3735 1316 3803 collocasti,
1340 3748 1396 3791 et
1426 3738 1476 3791 in
1506 3741 1677 3793 aliena
1721 3751 1858 3797 terra
1897 3744 2133 3804 habitare

547 3826 746 3879 curasti
779 3844 791 3878 :
828 3826 971 3897 quod
1006 3841 1111 3880 non
1150 3830 1512 3895 permittebat,
1548 3842 1598 3884 ut
1645 3832 1820 3887 cultus
1849 3850 2132 3907 peragere-

550 3925 654 3971 tur.
695 3917 786 3972 20.
820 3918 1071 3985 Quoniam
1120 3920 1397 3975 Itumiliasli
1441 3939 1534 3977 nos
1578 3925 1630 3977 in
1671 3928 1781 3980 loco
1819 3929 2128 3999 aﬂlictionis.

550 4008 720 4073 Alius,
750 4008 813 4063 In
854 4010 965 4064 loco
1001 4010 1301 4065 inlmbitato.
1331 4014 1476 4069 Alius
1495 4056 1511 4079 ,
1540 4014 1606 4069 In
1633 4017 1743 4070 loco
1773 4017 2027 4074 Sirenum.
2063 4022 2129 4077 Et

550 4100 806 4171 cooperuit
852 4116 945 4154 nos
991 4101 1168 4154 mnbra
1212 4103 1402 4157 mortis.
1455 4105 1624 4173 Alius,
1678 4106 1980 4164 Obstruxisti
2013 4129 2126 4171 nos.

550 4190 675 4244 Ihec
703 4189 833 4243 mihi
861 4205 981 4244 esse
1010 4190 1223 4246 videtur
1248 4194 1550 4258 retributio,
1582 4212 1648 4251 eo
1675 4199 1816 4267 quod
1859 4203 2125 4271 superius,

546 4294 667 4333 cum
695 4280 830 4334 mala
857 4292 1153 4347 narrarent,
1185 4283 1426 4339 dicerent
1457 4302 1470 4341 :
1504 4285 1566 4339 Et
1593 4291 1820 4357 confusio
1840 4290 1989 4361 {aciei
2008 4312 2131 4352 mea:

548 4370 805 4439 cooperuit
830 4386 928 4433 me,
956 4389 986 4425 a
1014 4388 1132 4426 voce
1170 4375 1519 4443 exprobrantis
1546 4386 1591 4430 et
1615 4380 1961 4450 obloquentis:
1993 4386 2131 4453 Quo-

547 4462 680 4513 niam
702 4460 981 4516 Ituntiliasti
1015 4479 1125 4518 nos.

621 4550 812 4607 Umbra
842 4554 1015 4607 mortis
1038 4555 1159 4625 quid
1178 4555 1283 4609 2-
1303 4555 1357 4612 Si
1384 4559 1503 4628 quis
1529 4558 1597 4614 ita
1638 4566 1903 4633 acceperit
1943 4576 2000 4622 ut
2040 4583 2123 4623 re‘

551 4645 751 4698 feratur
775 4643 840 4697 ad
871 4644 1020 4707 illud,
1055 4644 1330 4700 Declinasti
1352 4649 1557 4704 semitas
1578 4662 1775 4708 nostras
1799 4673 1832 4708 a
1860 4658 1940 4711 via
1986 4668 2071 4713 tua
2110 4676 2130 4715 :

550 4734 706 4789 habet
740 4734 825 4789 hic
849 4737 1280 4805 consequentiam
1307 4741 1710 4798 convenientem
1750 4750 1930 4803 sensui
1970 4764 2126 4819 quem

547 4826 797 4881 diximus.
826 4825 1099 4896 Signiﬁcat
1124 4828 1266 4882 enim
1296 4832 1562 4898 quomodo
1592 4851 1685 4890 eos
1710 4852 1738 4889 a
1768 4838 1866 4894 viis
1905 4841 2015 4898 suis
2045 4860 2130 4898 re-

548 4918 776 4990 pulcrit;
808 4919 1031 4989 legibus.
1063 4920 1299 4989 inquam,
1323 4932 1377 4977 ct
1398 4922 1681 4993 institutis;
1707 4944 1907 5001 eosque
1929 4933 1982 4988 in
2010 4933 2125 4991 loca

550 5011 759 5067 deserta
788 5009 1090 5077 abduxerit,
1132 5020 1187 5066 et
1228 5011 1367 5068 inter
1412 5014 1656 5073 inimicos
1690 5019 1972 5079 dimiserit.
2016 5009 2128 5083 lloc

548 5101 691 5157 enim
735 5099 1001 5172 significat
1038 5100 1166 5157 illud
1210 5120 1223 5155 :
1266 5103 1535 5175 (.‘ooperuit
1579 5126 1671 5167 nos
1710 5113 1887 5168 umbra
1916 5118 2127 5182 mortis;

552 5192 781 5263 pericula
802 5192 1005 5256 dicens,
1029 5208 1148 5263 qua:
1169 5204 1397 5251 mortem
1428 5199 1655 5269 pariunt,
1686 5214 1738 5257 et
1763 5206 1956 5274 quibus
1981 5226 2127 5268 mors

548 5297 629 5341 est
656 5286 917 5355 proxima,
949 5302 1054 5355 quo
1093 5301 1253 5344 sensu
1285 5289 1499 5347 dolores
1537 5297 1723 5351 mortis
1750 5306 1803 5353 el
1834 5298 2123 5356 inferorum

551 5388 732 5446 portas
758 5384 912 5430 vocat
938 5374 1232 5447 Scriptura.
1276 5378 1597 5437 lnevitabilia
1630 5395 1807 5443 autem
1834 5405 1955 5446 esse
1990 5395 2122 5447 mala

550 5469 634 5523 hic
664 5483 759 5538 per
800 5467 1040 5523 umbram
1073 5479 1127 5524 ct
1154 5470 1544 5539 eperimeutum
1587 5480 1841 5548 ostendit,
1872 5498 1901 5537 a
1934 5486 2125 5555 quibus

612 5626 683 5691 (τι)
713 5631 822 5673 tunc
836 5625 1171 5688 interpretatio
1193 5635 1269 5691 est
1291 5634 1569 5691 Symmachi.

614 5686 686 5747 (ὁ)
719 5694 827 5759 ημᾶς
846 5686 1167 5759 praetermissa
1184 5686 1385 5759 luere—tu
1409 5695 1635 5753 ltexaplis
1650 5702 1845 5753 nostris.
1863 5705 2125 5759 tiebraicus

540 5759 703 5800 teXtus
720 5751 789 5799 sic
815 5749 983 5811 balzet,
1012 5754 1165 5827 ἾΠἯ
1184 5756 1283 5808 ηπ.)
1300 5758 1470 5809 ηεπικ
1492 5749 1624 5815 «ατη.

1335 336 1390 394 8.
1434 334 1716 394 JOANNIS
1747 328 2219 389 CllRYSOSTUMI
2257 330 2576 389 ABCHIEP.
2617 330 3149 394 CONSTANTlNOP.

3752 345 3849 403 180

2254 463 2355 505 nec
2384 450 2623 521 liberari,
2653 469 2751 510 nec
2774 458 2856 512 vel
2882 460 3164 517 minimum
3187 463 3408 532 quidem
3438 461 3713 533 respirare
3740 480 3844 533 pos

2250 547 2387 597 scut.
2416 543 2507 600 21.
2540 545 2603 601 Si
2621 547 2764 601 obliti
2786 566 2962 606 sumus
2982 569 3163 607 nomen
3184 551 3283 608 Dei
3302 554 3484 620 nostri,
3521 566 3569 608 et
3591 556 3636 609 si
3670 571 3846 627 expan-

2249 635 2416 692 dimas
2445 655 2624 693 manus
2649 652 2847 698 nostras
2869 645 2941 697 ad
2980 648 3129 701 deum
3165 647 3389 701 alienum
3418 664 3438 703 .‘
3466 647 3560 701 Si.
3604 652 3845 718 numquid

2250 725 2387 781 Deus
2416 732 2630 799 rrquiret
2658 732 2793 787 ista?
2819 733 2848 786 Ι
2854 752 2943 803 pse
2982 737 3116 790 enim
3160 738 3296 790 novit
3324 737 3626 793 abscondita
3658 741 3839 797 cordis.

2249 818 2360 873 Hoc
2389 829 2469 875 est
2500 822 2758 876 bonorum
2790 838 3088 886 servorum,
3114 827 3253 883 male
3280 829 3549 899 patientes
3568 833 3843 885 d0:t;intltn

2246 911 2429 965 colere
2455 921 2506 965 et
2534 928 2881 980 perseverare
2916 935 2928 969 :
2969 916 3088 973 haec
3115 928 3243 974 sunt
3268 921 3589 976 documenta
3617 922 3847 993 philoso-

2250 1001 2409 1070 phice.
2444 1003 2541 1057 llic
2571 1004 2730 1059 etiam
2758 1008 2953 1063 docent
2981 1008 3273 1074 auditores,
3305 1028 3412 1067 non
3438 1014 3724 1080 simulare,
3754 1017 3841 1071 sed

2248 1094 2415 1148 Deum
2448 1106 2557 1150 toto
2583 1098 2746 1153 corde
2768 1098 3014 1156 adorare.
3043 1101 3199 1157 Novit
3223 1103 3389 1168 enim,
3415 1106 3609 1176 inquit,
3636 1110 3845 1163 abscon-

2247 1183 2353 1236 dita
2374 1186 2558 1239 cordis.
2579 1184 2706 1242 Hmc
2726 1200 2904 1244 autem
2934 1190 3137 1257 dicunt,
3163 1193 3284 1248 illos
3307 1203 3596 1261 terrentes,
3630 1216 3701 1253 ne
3720 1200 3844 1268 quid

2247 1274 2357 1329 Dco
2389 1277 2657 1347 indignum
2686 1281 2949 1351 cogitent.
2977 1283 3108 1339 Vide
3136 1296 3313 1340 autem
3345 1303 3597 1359 magnum
3634 1291 3846 1346 virtutis

2246 1364 2673 1424 incrementum:
2706 1371 2978 1444 subiungit
3003 1376 3144 1429 enim
3172 1377 3356 1433 dicens
3386 1398 3398 1432 :
3433 1376 3696 1447 Quoniam
3728 1399 3844 1453 pro-

2246 1465 2358 1524 pter
2385 1467 2433 1512 te
2458 1458 2826 1528 mortiﬁcamur
2850 1471 2956 1517 tota
2979 1462 3063 1519 die
3078 1484 3097 1520 :
3119 1468 3356 1521 testimati
3378 1486 3555 1524 sumus
3583 1468 3718 1525 sicut
3737 1486 3849 1528 om

2244 1550 2529 1605 occisionis.
2563 1548 2807 1623 Magnum
2834 1566 2916 1611 est
2954 1557 3097 1612 enim
3128 1575 3345 1615 manere
3376 1557 3465 1616 Dei
3500 1566 3765 1633 cultores,
3796 1575 3849 1623 et

2243 1640 2308 1693 ad
2336 1640 2498 1694 alium
2526 1658 2632 1697 non
2654 1643 2917 1702 defecisse
2946 1665 2959 1701 :
2992 1649 3160 1704 multo
3188 1661 3365 1705 autem
3391 1651 3566 1721 majus
3590 1667 3700 1719 est,
3727 1672 3847 1711 cum

2245 1746 2392 1787 mors
2420 1732 2649 1799 assidue,
2681 1746 2735 1790 ct
2762 1735 3069 1807 quotidiana
3119 1740 3355 1809 pericula
3385 1739 3732 1809 immineant,
3771 1756 3847 1801 ta-

2243 1822 2347 1876 lem
2378 1837 2699 1880 conservare
2725 1825 3086 1883 dilectionem.
3130 1827 3423 1887 Considera
3464 1844 3647 1890 autem
3676 1852 3848 1906 quan-

2245 1923 2355 1968 tum
2387 1917 2456 1969 sit
2478 1932 2647 1987 genus
2678 1914 3052 1989 philosophia),
3082 1937 3203 1977 cum
3247 1924 3362 1994 ipse
3388 1941 3606 1996 quoque
3651 1928 3848 1986 Paulus

2242 2019 2309 2060 eo
2348 2015 2544 2071 utatur,
2593 2009 3006 2077 apostolicorutn
3056 2014 3411 2081 periculorum
3459 2019 3727 2085 procellas
3769 2021 3844 2092 (α)

2242 2109 2566 2154 enumerans
2610 2099 2663 2154 in
2711 2098 2950 2169 Epistula
2988 2102 3055 2157 ad
3100 2103 3372 2161 Romanos
3400 2105 3579 2175 (Rom.
3629 2109 3686 2163 8.
3730 2111 3844 2180 36).

2243 2188 2384 2254 Quot
2408 2206 2535 2261 ergo
2566 2190 2620 2245 hi
2650 2194 2865 2248 coronis
2888 2194 3033 2265 digni
3075 2195 3292 2262 iuerint,
3329 2200 3545 2268 quando
3574 2202 3626 2256 in
3665 2201 3845 2259 Veteri

2243 2278 2590 2336 Testamento
2616 2283 2683 2337 ad
2713 2284 2956 2340 eamdem
2980 2300 3286 2343 mensuram
3317 2292 3694 2359 certaminum,
3728 2310 3846 2363 qua:

2243 2372 2581 2440 suscipienda
2608 2384 2762 2429 erant
2787 2375 2841 2430 in
2874 2376 3042 2444 Novo,
3081 2377 3462 2450 pervenerint?
3501 2384 3656 2450 Quod
3702 2391 3845 2442 uiim

2243 2462 2372 2516 dicit
2398 2463 2611 2531 Paulus,
2646 2465 2883 2531 Quotidie
2906 2471 3095 2524 morior
3121 2470 3196 2531 (l.
3225 2470 3344 2527 Cor.
3376 2476 3459 2529 l5.
3483 2474 3601 2548 51),
3632 2478 3686 2531 lii
3714 2494 3844 2547 quo-

2243 2567 2348 2621 que
2365 2553 2544 2609 dicunt
2566 2598 2582 2621 ,
2616 2572 2719 2611 non
2749 2559 3075 2639 experientia
3093 2601 3109 2627 ,
3140 2577 3238 2617 nec
3266 2576 3491 2630 eventu,
3515 2569 3612 2622 sed
3638 2571 3842 2625 animo.

2243 2642 2420 2709 Quare
2459 2655 2636 2701 autem
2667 2646 2816 2717 dicit,
2848 2645 3064 2720 Propter
3085 2652 3174 2706 te?
3195 2648 3417 2711 Licebat
3446 2654 3622 2721 nobis,
3648 2661 3840 2733 inquit,

2241 2736 2494 2805 delicere,
2526 2754 2555 2794 a
2583 2745 2765 2809 patria:
2813 2743 3122 2812 reipubliczc
3172 2748 3427 2804 institutis
3465 2754 3745 2819 recedere,
3790 2766 3844 2811 et

2243 2838 2387 2885 tutos
2413 2846 2553 2895 esse,
2581 2833 2674 2888 sed
2703 2835 2969 2892 malumus
3003 2839 3142 2895 male
3171 2843 3300 2911 pati,
3325 2854 3373 2896 et
3399 2846 3571 2913 patria
3604 2849 3845 2905 instituta

2242 2938 2483 2991 servare,
2511 2940 2669 2995 quam
2704 2937 2983 2998 postquam
3011 2945 3039 2983 a
3068 2932 3252 3001 patriis
3283 2934 3540 2991 institutis
3568 2942 3844 2997 excideri-

2243 3031 2382 3080 mus,
2418 3017 2470 3072 in
2504 3033 2633 3088 pace
2662 3016 2823 3074 vitam
2852 3037 3033 3092 agere.
3062 3022 3331 3080 £stimati
3360 3043 3538 3083 sanius
3565 3033 3695 3086 sicut
3730 3051 3844 3089 ones

2242 3107 2532 3162 occisionis.
2582 3108 2711 3164 Tam
2761 3110 2936 3177 facile,
2981 3114 3168 3184 inquit,
3213 3131 3312 3170 nos
3355 3118 3691 3177 interimunt.
3747 3126 3845 3183 llic

2239 3212 2416 3258 autem
2465 3207 2698 3263 ostendit
2740 3224 2930 3266 eorum
2970 3216 3452 3273 mansuetudinem.
3504 3220 3612 3277 Sed
3656 3234 3840 3279 tamen

2239 3300 2482 3365 quamvis
2523 3301 2691 3357 simus
2736 3313 2842 3358 tam
2885 3305 3040 3362 facile
3082 3311 3334 3379 expositi,
3371 3311 3529 3369 lirmo
3558 3326 3741 3373 tamen
3787 3330 3843 3375 et

2244 3387 2505 3443 immobili
2534 3393 2717 3448 animo
2748 3410 3146 3463 permanemus.
3187 3400 3284 3457 Hie
3308 3404 3471 3459 etiam
3502 3406 3629 3476 jure
3669 3409 3843 3465 admi-

2239 3480 2402 3531 randa
2432 3488 2514 3534 est
2541 3481 2632 3537 Dei
2664 3488 2918 3552 potentia,
2951 3489 3091 3557 quod
3119 3506 3214 3546 eos
3242 3494 3333 3563 qui
3374 3503 3647 3566 tamquam
3691 3502 3840 3557 occi-

2237 3567 2401 3621 sionis
2429 3584 2559 3625 oves
2594 3582 2748 3628 erant
2774 3577 3025 3647 expositi,
3053 3585 3473 3645 conservaverit.
3504 3598 3561 3640 et
3599 3590 3843 3656 quotidie

2238 3658 2527 3716 morientes
2544 3678 2652 3717 non
2664 3663 2847 3720 siverit
2870 3668 2923 3721 in
2940 3678 3167 3725 mortem
3182 3673 3437 3729 incidere.
3458 3675 3551 3733 23.
3576 3676 3837 3751 Exsurge,

2238 3765 2396 3819 quare
2442 3753 2717 3819 obdormis,
2759 3755 3010 3813 Domine!
3059 3763 3227 3828 Alius,
3265 3763 3435 3831 Quare
3476 3783 3531 3821 es
3576 3778 3842 3840 tamquam

2237 3840 2534 3898 dormiens?
2553 3848 2722 3913 Alius,
2745 3849 3121 3922 Expergiscere.
3143 3856 3310 3921 Alius,
3337 3857 3555 3931 Evigila.
3578 3861 3838 3933 Exsurge,

2236 3942 2284 3984 et
2310 3950 2373 3986 ne
2397 3937 2611 4004 repellas
2638 3939 2690 3992 in
2715 3940 2884 4008 ﬁnem.
2916 3942 3006 3997 24.
3038 3944 3208 4010 Quare
3230 3949 3411 4019 {aciem
3439 3959 3580 4005 tuam
3610 3957 3797 4011 avenis
3814 3956 3842 4008 .’

2236 4024 2407 4089 Alius,
2436 4028 2734 4084 Abscondis.
2766 4031 3087 4091 Oblivisceris
3112 4039 3299 4105 inopia:
3322 4052 3513 4097 nostra
3541 4054 3589 4098 et
3622 4047 3841 4101 tribula-

2235 4116 2385 4171 tionis
2415 4130 2599 4173 nostra:
2616 4123 2641 4175 .9
2668 4124 2841 4190 Alius,
2876 4124 3093 4182 Malitia
3120 4141 3324 4186 nostrtz.
3352 4132 3509 4201 Quod
3535 4145 3719 4192 autem
3751 4140 3837 4194 div

2235 4207 2328 4274 cit,
2363 4218 2446 4263 est
2471 4214 2731 4278 ejusmodi
2771 4232 2784 4267 :
2820 4216 2981 4273 Potes
3010 4220 3149 4275 mala
3176 4223 3387 4280 solvere
3417 4242 3433 4278 :
3475 4241 3655 4297 neque
3687 4233 3834 4286 enim

2237 4311 2453 4369 propter
2480 4311 2621 4356 tuam
2650 4305 3089 4376 imbecillitatem,
3122 4312 3216 4367 sed
3244 4328 3309 4369 ex
3344 4325 3430 4370 tua
3472 4320 3835 4387 permissiune

2236 4390 2351 4446 ha-c
2368 4393 2519 4446 liuut.
2535 4394 2792 4450 Somnum
2815 4397 2900 4452 hic
2915 4399 3043 4454 dicit
3058 4403 3321 4471 quietem;
3340 4411 3831 4476 exsurrectionem,

2236 4485 2672 4555 retributionem;
2704 4489 2895 4547 faciem
2923 4509 3072 4559 vero,
3108 4499 3516 4566 protectiouem,
3539 4503 3832 4571 providen-

2236 4579 2382 4646 tiam,
2411 4598 2615 4649 euram,
2645 4586 2922 4642 auxilium.

2306 4670 2358 4725 9.
2401 4672 2507 4727 Cur
2522 4675 2828 4732 oblivisceris
2851 4679 3041 4749 inopia
3065 4684 3288 4737 nostra?
3312 4682 3447 4740 Vide
3472 4700 3663 4742 rursus
3688 4688 3835 4759 pium

2235 4775 2287 4819 et
2311 4777 2519 4836 gratum
2552 4772 2809 4825 animum.
2842 4771 2959 4828 Non
2986 4773 3140 4841 dixit,
3175 4774 3340 4833 Recte
3377 4776 3677 4846 factorum;
3725 4799 3831 4838 non

2233 4859 2387 4924 dixit,
2422 4862 2598 4916 Animi
2629 4864 2768 4917 lirmi
2813 4874 2869 4918 et
2908 4865 3229 4933 immobilis;
3274 4883 3379 4923 non
3424 4868 3578 4936 dixit,
3618 4873 3832 4929 Anima:

2236 4949 2470 5020 probata:
2494 4952 2548 5007 in
2581 4953 2966 5011 tentatiouibus
3002 4972 3017 5008 :
3059 4957 3153 5011 sed
3187 4959 3405 5029 quando
3441 4960 3663 5032 quidam
3710 4978 3837 5019 sese

2235 5044 2481 5112 purgant,
2512 5044 2597 5098 illa
2623 5054 2858 5116 ponunt;
2888 5047 3103 5118 quando
3123 5060 3301 5105 autent
3333 5060 3522 5122 petunt
3546 5055 3829 5119 auxilium,

2231 5148 2299 5189 ex
2326 5135 2388 5193 iis
2416 5146 2472 5190 ut
2499 5136 2637 5191 salvi
2686 5136 2816 5194 llaut
2857 5141 3148 5210 postulant,
3181 5158 3248 5197 ex
3291 5144 3485 5214 quibus
3512 5146 3548 5199 ii
3576 5147 3668 5216 qui
3706 5160 3831 5205 sunt

2232 5225 2596 5282 condemnati.
2624 5227 2914 5297 Quoniam,
2956 5230 3148 5301 inquit,
3179 5233 3310 5289 satis
3352 5249 3629 5304 pmuarum
3659 5238 3829 5296 dede-

2234 5327 2380 5384 runt,
2407 5319 2658 5389 quoniam
2689 5330 2930 5377 extrema
2963 5325 3105 5395 passi
3133 5335 3277 5381 sunt.
3319 5327 3431 5384 lloc
3475 5332 3640 5385 etiam
3684 5350 3829 5406 sirpe

2296 5533 2369 5609 (εξ)
2403 5539 2453 5583 ιιι
2474 5542 2691 5609 meo
2708 5543 2773 5609 τᾲς
3054 5544 3301 5609 mne
3334 5541 3520 5609 ξαδυκσν·
3546 5544 3662 5609 sese.
3686 5551 3830 5589 Mr

2232 5594 2427 5660 melius,
2450 5608 2559 5645 mea
2577 5596 2779 5660 quidem
2798 5594 3060 5660 sententia,
3103 5602 3435 5660 verterentur,
3458 5597 3828 5660 apestotz’corma

2233 5655 2559 5727 periculorum
2584 5655 2956 5727 _multit_udinem
2986 5671 3009 5727 ,ᾖ
3020 5658 3217 5727 etenim
3248 5655 3552 5727 rostrati-2,
3578 5669 3724 5724 ηςωκ
3758 5666 3821 5727 f3.

2234 5718 2435 5783 miliaris
2454 5727 2530 5769 est
2552 5719 2882 5783 Cbrysostonto
2906 5722 2955 5770 in
3000 5719 3241 5783 Epistolis,
3265 5727 3318 5769 ut
3339 5718 3644 5773 innumeram
3667 5718 3827 5777 multi.

2238 5780 2451 5831 tudinem
2469 5780 2727 5845 signiticet.
