4068 6440
211 473 305 526 ηπ
1388 448 1758 507 i'ZXPOSlTIO
1798 447 1861 504 IN
1904 445 2232 503 PSAIMU.“
2268 444 2453 501 KHV.

210 584 338 639 facit
386 578 605 645 Paulus,
644 584 698 631 et
734 575 823 630 alii
872 571 1169 643 propin-tr.
1204 570 1375 638 Atque
1427 568 1539 619 brrc
1587 565 1639 620 hi
1683 565 1821 619 dicc-

211 676 358 739 hant,
391 688 513 728 cum
542 669 671 725 nihil
697 668 872 722 adhuc
916 665 1118 719 scirent
1149 676 1249 717 nec
1292 661 1361 715 de
1405 660 1670 731 geltenua,
1722 672 1822 713 nec

208 769 277 823 de
304 780 493 837 regno,
526 779 627 818 nec
652 762 815 816 ullam
843 758 1017 812 adhuc
1048 756 1208 810 talem
1236 753 1553 808 didicissent
1580 751 1820 817 philoso-

210 858 415 927 phiam,
449 854 732 922 omniaque
760 850 916 906 facile
941 848 1209 904 ferebant.
1242 844 1331 900 25.
1367 844 1622 910 Quoniam
1647 843 1817 896 lmini-

209 951 334 1003 liata
359 958 432 1002 est
462 948 515 999 in
543 944 745 1013 pulvere
780 943 952 995 anima
984 949 1160 993 nostra
1193 953 1211 991 :
1247 936 1622 1007 conglutinatus
1652 944 1721 989 est
1763 934 1815 993 in

206 1050 344 1092 terra
366 1046 536 1090 vertier
569 1044 757 1087 noster.
786 1031 1047 1099 Quoniam
1081 1028 1222 1083 enim
1251 1027 1384 1082 dixit
1430 1043 1445 1079 :
1493 1025 1817 1080 Oblivisceris

202 1128 395 1196 inopia
424 1137 632 1189 nostra',
660 1124 765 1178 hoc
788 1131 892 1186 est,
914 1118 1244 1186 afﬂictionis,
1270 1117 1400 1172 dicit
1421 1116 1675 1186 deinceps
1698 1131 1816 1186 qum

205 1220 274 1275 sit
305 1218 551 1273 afﬂictio.
599 1216 752 1284 Quod
787 1223 965 1268 autem
1011 1212 1162 1276 dicit,
1207 1210 1311 1265 tale
1355 1218 1442 1265 cst
1490 1227 1503 1263 :
1548 1209 1811 1273 Periurus,

201 1308 407 1365 defessi
438 1323 642 1372 sumus,
671 1306 838 1361 nihilo
860 1304 1069 1360 meliori
1092 1317 1278 1357 sumus
1297 1300 1629 1367 conditione,
1654 1316 1812 1369 quam

205 1402 430 1455 mortui.
462 1399 595 1454 Jure
625 1406 805 1453 autem
834 1397 1029 1452 dixerit
1076 1394 1343 1465 quispiam
1390 1408 1577 1448 eorum
1625 1392 1811 1458 etiam,

201 1496 294 1565 qui
332 1495 493 1549 rebus
542 1491 900 1561 prmsentibus
932 1490 1075 1543 affixi
1113 1498 1271 1553 sunt,
1314 1486 1548 1540 animum
1597 1486 1646 1538 in
1696 1495 1802 1539 ter-

202 1601 319 1639 ram
363 1600 485 1640 esse
534 1581 892 1645 bumiiiatam,
934 1594 1230 1648 eorumque
1260 1578 1345 1647 qui
1375 1576 1517 1646 gul-.1:
1547 1575 1807 1640 serviunt,

197 1687 447 1730 ventrem
477 1688 599 1729 esse
630 1683 785 1727 terra:
813 1670 1215 1743 agglutiuatum.

276 1764 623 1821 Pulcltritudo
648 1764 877 1834 corporis
899 1763 1095 1827 lutum;
1118 1764 1169 1815 in
1192 1762 1560 1833 fornicatores;
1581 1759 1812 1827 pulchri-

199 1858 325 1912 tudo
359 1867 607 1926 quatenus
648 1854 993 1920 admiranda;
1040 1853 1423 1906 matrimonium
1453 1868 1545 1904 cur
1591 1851 1806 1919 pennis-

196 1947 653 2006 sum.—Etenim
695 1948 787 2019 qui
826 1962 1014 2002 amore
1052 1947 1263 2007 vinctus
1310 1953 1547 2011 tenetur,
1592 1952 1647 1998 et
1698 1945 1810 1998 luto

196 2041 391 2106 inhiat,
435 2042 914 2111 incorpore-imque
940 2053 1064 2108 qua;
1097 2039 1149 2093 in
1179 2053 1239 2093 se
1278 2046 1363 2093 est
1390 2037 1696 2093 facultatem
1726 2036 1805 2093 ci-

196 2136 315 2189 neri
346 2135 632 2205 mancipat,
661 2134 781 2203 jure
822 2132 938 2186 lucc
968 2132 1074 2202 pati
1105 2131 1316 2187 dicatur
1349 2129 1447 2202 (a).
1484 2130 1622 2197 Quid
1663 2131 1805 2186 enim

194 2226 343 2280 aliud
374 2237 457 2281 cst
487 2224 827 2295 pulchritudo
868 2223 1132 2293 corporis,
1182 2222 1283 2277 nisi
1331 2222 1503 2293 pulvis
1531 2231 1585 2277 et
1614 2222 1802 2288 lutum,

192 2329 357 2387 atque
386 2318 522 2373 adeo
559 2317 829 2387 quidpiam
867 2316 949 2371 his
984 2317 1145 2370 etiam
1172 2314 1467 2370 deformius
1491 2329 1554 2370 ac
1581 2314 1808 2370 tetrius?

193 2410 351 2478 Quod
380 2411 422 2465 si
452 2409 612 2464 iidem
643 2423 751 2464 non
800 2408 987 2473 habes,
1021 2406 1301 2461 considera
1342 2405 1587 2476 sepulcra
1626 2405 1802 2459 homi-

200 2518 355 2569 num,
388 2511 440 2557 et
469 2501 675 2556 videbis
700 2501 869 2555 lutum
897 2509 950 2554 et
976 2500 1273 2571 pulverem.
1305 2496 1531 2565 Quando
1556 2497 1699 2552 enim
1729 2496 1805 2551 fa-

192 2597 308 2650 cies
335 2596 498 2648 vitam
528 2602 849 2664 praesentem
876 2592 1109 2657 exuerit,
1139 2599 1264 2645 tunc
1302 2598 1525 2661 apparet
1568 2589 1620 2644 id
1660 2589 1805 2661 quod

193 2695 313 2752 est;
359 2686 467 2739 imo
496 2698 623 2739 vero
650 2684 809 2738 etiam
842 2693 967 2737 ante
997 2694 1248 2737 mortem.
1292 2679 1517 2749 Quando
1546 2682 1688 2736 enim
1720 2697 1807 2737 se-

192 2786 389 2833 nectus
447 2775 741 2839 invaserit,
796 2773 1011 2843 quando
1062 2773 1281 2828 morbus
1335 2773 1622 2840 amiserit,
1679 2783 1803 2829 tunc

192 2872 406 2928 videbis
449 2870 575 2941 quid
629 2878 920 2940 appareat;
981 2876 1065 2923 est
1117 2868 1260 2923 enim
1317 2866 1486 2921 lutum
1537 2886 1551 2920 :
1600 2868 1695 2923 sed
1748 2878 1805 2923 ut

190 2964 402 3034 peritus
456 2960 647 3016 artifex
690 2960 773 3016 vel
824 2976 889 3014 ex
943 2960 1032 3013 vili
1087 2967 1141 3013 et
1195 2959 1393 3014 nullius
1436 2960 1592 3030 pretii
1637 2968 1805 3016 mate-

190 3058 272 3113 ria
327 3055 452 3111 fecit
506 3056 774 3125 ingentem
832 3054 963 3108 oriri
1025 3052 1515 3123 pulchritudinem,
1576 3068 1681 3108 non
1748 3062 1805 3108 ut

190 3146 515 3212 fornieeris,
557 3144 649 3200 sed
683 3154 740 3199 ut
782 3145 871 3199 tibi
916 3160 1068 3199 suam
1105 3145 1415 3200 ostenderet
1457 3145 1799 3214 sapientiam.

192 3241 273 3297 Ne
304 3254 434 3311 ergo
472 3238 677 3294 Artifici
712 3238 960 3309 injuriatn
995 3238 1210 3303 feceris,
1253 3253 1353 3294 nec
1377 3238 1497 3309 ejus
1526 3239 1803 3308 sapientia:

191 3350 333 3405 Opus
362 3332 532 3403 stupri
559 3342 612 3387 et
642 3330 992 3400 impudicitia:
1020 3345 1049 3383 a
1079 3339 1132 3386 te
1158 3332 1251 3385 flat
1277 3331 1520 3385 materia.
1552 3330 1801 3385 Formam

188 3439 434 3495 cousque
458 3424 671 3489 mirare,
697 3431 754 3476 ut
775 3422 945 3493 gloria
968 3431 1022 3477 et
1041 3421 1248 3478 honore
1275 3422 1479 3477 aflicias
1498 3422 1757 3477 artificem
1784 3438 1799 3488 ;

192 3522 422 3577 ulterius
447 3530 625 3574 autem
651 3536 717 3575 ne
742 3518 1090 3590 progrediare
1112 3560 1127 3585 ,
1151 3519 1313 3575 animi
1345 3520 1801 3589 perturbationem

189 3613 457 3667 excitans.
493 3612 776 3667 Pulchrum
807 3626 945 3680 opus
974 3629 988 3665 :
1017 3612 1062 3666 is
1090 3626 1219 3682 ergo
1254 3609 1345 3681 qui
1375 3610 1499 3665 fecit
1518 3651 1533 3675 ,
1562 3620 1647 3665 est
1673 3611 1803 3665 ado-

190 3704 430 3769 randus,
464 3719 570 3758 non
614 3703 937 3758 contumelia
980 3702 1317 3759 afﬁciendus.
1364 3704 1419 3759 Si
1460 3704 1621 3774 quis,
1676 3704 1798 3770 dic,

188 3813 378 3868 qnzeso
398 3840 413 3863 ,
440 3812 656 3851 auream
688 3797 916 3866 alicujus
945 3806 1176 3851 statuam
1206 3808 1260 3851 et
1282 3798 1481 3867 regiam
1510 3797 1797 3868 imaginem

190 3904 356 3946 cinno
378 3932 391 3954 ,
422 3899 475 3944 et
500 3888 619 3942 aliis
644 3872 909 3957 ejusmodi
968 3886 1247 3945 fcedaverit
1269 3928 1287 3954 ,
1337 3904 1518 3945 nonne
1556 3888 1799 3944 ultimum

192 3984 354 4038 luerit
378 3981 737 4051 supplicium?
765 3981 818 4035 Si
842 3990 1020 4037 autem
1044 3983 1133 4052 qui
1157 3983 1294 4037 inter
1326 3982 1572 4038 homines
1596 3985 1802 4051 ingrate

188 4086 243 4129 et
264 4076 527 4130 scelerate
558 4088 617 4129 se
645 4074 823 4143 gerit,
859 4073 988 4128 tanti
1017 4088 1141 4129 reus
1162 4084 1242 4129 est
1272 4074 1517 4145 supplicii
1545 4093 1557 4128 :
1586 4075 1675 4146 qui
1709 4076 1801 4131 Dei

189 4183 328 4239 Opus
360 4175 507 4221 tanta
551 4164 730 4222 aliecit
762 4166 1049 4236 ignominia
1072 4207 1088 4232 ,
1121 4166 1247 4235 quid
1280 4166 1495 4221 tandem
1527 4169 1796 4236 patietur:

190 4270 241 4314 ct
266 4260 501 4314 maxime
530 4258 744 4329 quando
772 4260 859 4329 qui
892 4259 1006 4315 bzec
1036 4259 1194 4325 facit,
1230 4258 1389 4314 habet
1415 4262 1675 4315 uxorem?
1722 4261 1802 4316 Ne

191 4353 322 4406 mihi
378 4350 523 4405 enim
579 4350 781 4406 dixeris
831 4360 1034 4406 natura:
1085 4350 1453 4420 cupiditatem.
1510 4350 1800 4423 Propterea

189 4446 334 4501 enim
366 4444 687 4515 permissum
716 4442 812 4498 fuit
844 4443 1267 4508 matrimonium,
1289 4458 1356 4498 ne
1385 4444 1519 4497 ultra
1553 4444 1801 4513 prOprios

192 4536 455 4591 terminos
501 4535 922 4606 progredereris.
979 4534 1113 4591 Vide
1160 4536 1303 4589 enim
1353 4547 1555 4606 quanto
1607 4535 1800 4606 dignus

186 4630 299 4683 eris
351 4627 635 4697 supplicio.
682 4626 816 4681 Nam
849 4627 988 4681 Deus
1018 4637 1123 4681 tua:
1164 4625 1326 4696 quieti
1359 4636 1411 4682 et
1443 4625 1635 4681 honori
1676 4644 1798 4699 pro-

186 4719 388 4789 spexit,
412 4726 470 4772 ut
486 4727 540 4772 et
568 4726 772 4773 natura:
803 4718 1008 4773 rabiem
1034 4732 1129 4787 per
1152 4732 1376 4773 uxorem
1399 4732 1795 4788 compesceres,

189 4820 244 4866 et
269 4810 373 4865 hoc
400 4808 604 4880 absque
636 4809 747 4863 ullo
783 4808 1023 4879 periculo
1050 4808 1251 4863 faceres
1279 4825 1293 4875 ;
1326 4818 1382 4864 et
1411 4808 1480 4863 ab
1510 4810 1655 4864 omni
1689 4823 1800 4863 tur-

190 4902 435 4973 pitudine
461 4911 511 4956 et
542 4900 809 4956 dedecore
841 4900 1167 4954 liberareris.
1199 4899 1277 4954 Tu
1308 4910 1486 4955 autem
1516 4915 1638 4955 eum
1661 4942 1676 4965 ,
1708 4901 1797 4971 qui

190 5004 392 5049 tantam
418 4994 490 5047 tui
512 5008 692 5048 curam
720 4992 884 5062 gerit,
910 5008 973 5046 ex
1000 4990 1315 5045 redundanti
1345 4991 1574 5062 quadam
1597 5003 1648 5047 et
1670 5008 1799 5047 exu-

187 5087 399 5143 beranti
425 5086 575 5154 copia
601 5127 615 5150 ,
654 5086 846 5153 injuria
872 5084 1081 5139 aflicis?
1109 5084 1203 5139 Dic
1228 5084 1369 5138 enim
1395 5084 1525 5139 mihi
1545 5126 1563 5151 ,
1590 5101 1795 5155 qnznso,

191 5179 235 5233 si
257 5177 516 5232 uoluisset
536 5176 649 5245 lege
674 5176 777 5229 lata
808 5184 1045 5231 statuere
1062 5175 1469 5229 matrimonium
1494 5217 1507 5237 ,
1541 5186 1795 5245 quantam

188 5269 331 5332 vim,
382 5276 435 5320 et
473 5276 729 5337 quantum
761 5266 1057 5320 cruciatum
1083 5266 1472 5321 sustinuisses?
1499 5263 1635 5320 Cum
1667 5282 1797 5337 ergo

189 5367 437 5429 oporteat
465 5367 517 5413 te
554 5358 604 5414 ei
635 5358 835 5429 gratias
864 5372 1058 5428 agere,
1090 5368 1147 5414 et
1174 5360 1344 5429 gloria
1374 5375 1497 5413 eum
1543 5360 1759 5415 afﬁcere
1780 5403 1793 5426 ,

187 5449 330 5524 quod
355 5450 448 5505 tibi
475 5451 762 5505 maximam
787 5448 987 5505 laboris
1010 5460 1215 5520 partem
1239 5452 1593 5521 amputaverit
1620 5493 1635 5517 ,
1666 5452 1794 5508 dum

186 5544 283 5598 tibi
316 5557 423 5597 non
469 5543 688 5613 vulgare
717 5542 966 5597 solatium
1011 5543 1369 5612 excogitavit:
1403 5552 1458 5598 tu
1505 5560 1603 5614 per
1644 5560 1796 5600 sum-

190 5653 337 5694 mum
380 5637 568 5705 ingrati
612 5636 776 5689 animi
814 5636 1019 5691 crimen
1062 5652 1183 5691 eum
1225 5637 1547 5692 contumelia
1589 5638 1795 5708 afficis,

189 5744 403 5785 omnem
459 5726 717 5797 pudorem
768 5729 952 5795 exuis,
1001 5730 1259 5784 terminos
1307 5729 1399 5784 tibi
1454 5730 1797 5803 praescriptos

252 5865 333 5930 (a)_
362 5866 441 5915 His
466 5877 663 5927 promus
696 5864 872 5930 similia
896 5868 1010 5917 vide.
1060 5868 1108 5916 in
1134 5869 1277 5929 Epist.
1316 5870 1469 5930 prima
1490 5870 1552 5917 ad
1578 5869 1796 5919 Theodo-

188 5939 298 5978 rum
324 5927 533 5990 lapsine,
555 5934 688 5977 'l‘om.
714 5928 757 5977 ί.

3437 450 3547 507 189.

1938 562 2175 616 transilis
2195 603 2211 629 ,
2244 571 2299 616 et
2328 571 2472 617 tuam
2505 561 2728 632 gloriam
2770 562 2965 632 probro
2996 562 3206 621 officis?
3242 565 3361 621 Non
3389 568 3545 624 audis

1928 654 2149 709 Paulum
2173 663 2227 709 et
2248 669 2389 708 nunc
2412 696 2426 719 ,
2456 663 2512 709 et
2540 655 2591 709 in
2624 654 2803 709 medio
2828 656 3152 713 clamantem
3177 675 3189 712 :
3218 656 3407 730 Fugite
3431 662 3542 730 [or-

1926 747 2232 800 nicationem
2265 739 2342 810 (1.
2367 745 2486 801 Cor.
2512 745 2565 801 6.
2599 746 2731 817 i8)?
2753 746 2846 802 Vel
2878 748 3055 817 potius
3073 748 3347 804 Christum
3374 750 3535 815 audi,

1923 839 2013 909 qui
2040 838 2156 908 ejus
2182 846 2363 893 movet
2386 839 2644 893 animum.
2671 840 2782 894 Cur
2807 841 3040 896 alienam
3069 842 3266 897 ediscis
3295 843 3541 912 pulchri-

1925 930 2200 985 tudinem?
2224 946 2321 985 cur
2344 929 2412 985 de
2440 932 2587 985 vultu
2614 945 2722 986 non
2754 940 2847 985 tuo
2874 933 3085 988 curiose
3115 934 3409 989 scrutaris?
3439 949 3539 990 cur

1923 1020 2082 1076 ferris
2124 1038 2219 1092 per
2241 1023 2580 1094 praecipitia?
2608 1039 2705 1079 cur
2734 1024 2937 1079 retibus
2984 1026 3212 1095 teipsum
3244 1025 3544 1097 illaqueas?

1920 1114 2145 1185 Oppone
2173 1129 2387 1171 murum
2417 1117 2519 1171 tuis
2547 1115 2752 1183 oculis,
2781 1124 2900 1171 tuos
2934 1117 3123 1172 oculos
3148 1118 3405 1186 obstrue,
3437 1120 3543 1174 im-

1924 1220 2060 1274 pone
2088 1205 2263 1274 legem
2295 1206 2400 1261 tuis
2423 1207 2613 1262 oculis.
2643 1206 2782 1262 Audi
2810 1206 3081 1262 Christum
3115 1209 3410 1265 minantem
3435 1250 3449 1275 ,
3484 1220 3541 1265 et

1921 1296 2248 1365 impudicum
2276 1309 2552 1367 aspectum
2594 1307 2864 1369 tamquam
2906 1298 3230 1354 adulterium
3276 1300 3539 1357 condem-

1921 1400 2137 1444 nantem
2170 1387 2384 1457 (Matth.
2410 1392 2463 1447 5.
2489 1391 2607 1460 28).
2639 1391 2777 1459 Quid
2809 1400 2861 1447 te
2883 1392 3304 1463 juvat-voluptas
3324 1436 3338 1463 ,
3370 1410 3540 1466 quau-

1918 1480 1989 1535 do
2008 1496 2068 1536 ea
2090 1499 2324 1539 vermem
2353 1482 2513 1554 parit,
2532 1482 2747 1554 quando
2768 1493 2973 1539 metum
2994 1493 3307 1555 perpetuum
3326 1527 3341 1553 ,
3366 1501 3538 1557 quan-

1917 1573 1989 1627 do
2032 1574 2337 1630 immortale
2366 1574 2416 1629 ei
2458 1575 2547 1645 qui
2593 1573 2780 1630 fecerit
2822 1575 3181 1646 supplicium?
3211 1576 3423 1645 Quanto
3450 1586 3535 1631 est

1919 1666 2109 1720 melius
2122 1666 2250 1721 dum
2270 1675 2573 1721 nostrarum
2596 1667 2977 1737 cogitationum
2994 1668 3101 1723 vim
3122 1684 3411 1739 parumper
3426 1683 3534 1723 sus-

1920 1757 2172 1825 tinemus,
2192 1759 2292 1814 frui
2316 1770 2571 1830 perpetua
2596 1760 2759 1814 animi
2784 1761 3192 1831 tranquillitate,
3218 1776 3380 1832 quam
3406 1761 3534 1816 dum

1918 1851 2137 1907 nefariis
2181 1853 2382 1909 nostris
2423 1852 2805 1923 cupiditatibus
2836 1853 3110 1923 paululum
3158 1854 3532 1924 indulgemus,

1917 1944 2201 2001 immortali
2227 1948 2468 2002 cruciatu
2489 1946 2664 2001 afﬁci?
2690 1947 2740 1999 Ν
2746 1963 2789 2013 e,
2808 1964 2837 2000 ο
2859 1948 2976 2016 ﬁlii,
3000 1964 3063 2001 ne
3078 1948 3148 2000 ita
3164 1948 3392 2017 faciatis.
3414 1946 3535 2001 Non

1917 2038 2047 2097 bona
2073 2046 2147 2092 est
2164 2041 2303 2109 fama
2323 2054 2477 2108 quam
2498 2038 2561 2092 de
2575 2037 2713 2092 vobis
2738 2038 2894 2091 audio
2926 2039 3001 2108 (ι.
3032 2037 3155 2109 Reg.
3180 2038 3237 2092 2.
3267 2038 3381 2108 24).
3409 2039 3536 2093 Scio

1915 2128 1983 2183 ad
2010 2143 2146 2199 quos
2170 2127 2428 2199 dirigatur
2454 2130 2652 2195 oratio,
2684 2144 2788 2183 non
2817 2129 2882 2183 ad
2914 2144 3104 2183 omnes
3131 2147 3143 2182 :
3171 2129 3267 2183 sed
3296 2129 3384 2184 ubi
3410 2129 3528 2183 vul-

1916 2237 2015 2275 nus
2047 2222 2335 2287 iuvenerit,
2371 2221 2478 2276 illic
2508 2221 2958 2276 medicamentum
3000 2220 3240 2277 adhibet.
3271 2220 3382 2276 Cur
3414 2236 3534 2276 ma—

1908 2316 2223 2369 trimonium
2250 2314 2455 2370 violas?
2476 2330 2573 2370 cur
2592 2314 2766 2369 cubile
2791 2314 2983 2384 injuria
3007 2314 3210 2370 officis?
3231 2330 3327 2370 cur
3349 2331 3489 2369 mem
3504 2347 3521 2355 -

1915 2407 2071 2462 brum
2096 2417 2243 2462 tuum
2269 2408 2460 2463 lmdis?
2492 2424 2588 2464 cur
2608 2406 2766 2463 fama:
2794 2417 2900 2463 tute
2926 2408 3193 2462 maculam
3221 2418 3274 2463 et
3298 2408 3529 2478 ignomi-

1914 2498 2055 2552 niam
2104 2499 2305 2553 iuuris?
2338 2499 2604 2554 Exscinde
2649 2498 2814 2553 animi
2857 2498 3352 2569 perturbationem,
3402 2500 3532 2553 tolle

1911 2589 2140 2646 delicias
2168 2592 2216 2661 (Ι
2234 2632 2247 2645 .
2272 2589 2391 2647 Cor.
2416 2591 2469 2647 6.
2500 2592 2631 2664 l5).
2663 2592 2877 2646 Deliciae
2899 2590 3042 2646 enim
3068 2600 3123 2646 et
3145 2590 3381 2647 ebrietas
3409 2602 3533 2645 su;.t

1913 2682 2032 2738 fons
2074 2682 2462 2740 fornicationis.
2506 2682 2562 2741 Si
2590 2684 2755 2738 animi
2788 2682 3105 2739 remissione
3136 2697 3241 2738 non
3276 2684 3442 2738 utaris
3472 2694 3529 2737 ut

1911 2784 2158 2846 oportet,
2190 2776 2243 2831 id
2286 2776 2444 2832 affert
2493 2776 2586 2833 tibi
2635 2775 3005 2831 afﬂic1iouem.
3047 2774 3185 2829 Audi
3224 2774 3351 2845 quid
3382 2778 3527 2846 passi

1910 2871 2016 2924 sint
2039 2869 2301 2938 etJuda-i,
2322 2871 2410 2940 qui
2435 2870 2679 2926 fornicati
2710 2870 2938 2935 fuerant,
2958 2870 3046 2940 qui
3073 2869 3315 2940 corporis
3330 2868 3532 2925 Chrisu

1912 2976 2018 3015 non
2047 2960 2255 3017 fuerant
2278 2962 2565 3032 participes
2588 3001 2603 3028 ,
2632 2962 2721 3033 qui
2744 2960 3039 3031 Spiritualis
3060 2975 3262 3016 mensae
3292 2959 3525 3015 fructmu

1912 3067 2017 3108 non
2064 3063 2437 3124 perceperant.
2471 3053 2582 3108 Nec
2621 3054 2965 3125 fornicamur,
2993 3053 3167 3123 inquit
3187 3094 3201 3118 ,
3230 3053 3361 3107 sicut
3394 3070 3531 3107 non-

1911 3146 2041 3199 nulli
2083 3162 2258 3201 eorum
2305 3146 2545 3217 fornicati
2588 3155 2745 3210 sunt,
2779 3155 2826 3199 et
2856 3145 3144 3199 ceciderunt
3187 3145 3241 3197 in
3293 3160 3396 3199 uno
3447 3146 3529 3198 die

1908 3241 2087 3311 viginti
2112 3241 2211 3293 tria
2241 3241 2404 3295 millia
2436 3240 2513 3314 (i.
2544 3241 2662 3297 Cor.
2694 3241 2783 3297 10.
2813 3242 2892 3313 8).
2920 3241 3011 3297 26.
3048 3240 3285 3311 Exsurge
3304 3283 3317 3306 ,
3341 3238 3529 3295 Domi-

1910 3347 2006 3399 ne,
2040 3331 2229 3403 adjuva
2272 3348 2399 3397 nos,
2446 3343 2495 3387 et
2520 3333 2711 3387 redime
2749 3349 2842 3387 nos
2884 3343 3092 3403 prapter
3135 3348 3317 3387 nomen
3364 3342 3528 3385 tuum.

1910 3421 2063 3477 Alius
2086 3464 2101 3488 ,
2135 3422 2231 3478 Sta
2259 3440 2350 3478 nos
2377 3424 2686 3493 defendens,
2719 3434 2765 3478 et
2790 3424 2950 3478 libera
2981 3441 3074 3478 nos
3103 3433 3307 3495 propter
3332 3426 3530 3477 miseri-

1907 3517 2136 3570 cordiam
2158 3525 2315 3569 tuam.
2344 3516 2478 3573 Vide
2499 3517 2771 3588 quomodo
2792 3517 3175 3573 concluserunt
3190 3517 3489 3573 orationem
3514 3536 3525 3568 :

1910 3618 2032 3675 post
2077 3607 2488 3663 innumerabilia
2530 3625 2648 3679 quae
2674 3608 2744 3663 ab
2772 3609 2852 3663 eis
2881 3617 3029 3663 recte
3054 3618 3107 3663 et
3132 3622 3200 3663 ea
3226 3607 3426 3662 virtute
3452 3607 3534 3659 fa-

1914 3709 1999 3754 cta
2019 3700 2251 3767 fuerant,
2270 3700 2537 3755 undenam
2560 3700 2786 3755 salutem
2805 3700 3018 3771 assequi
3039 3715 3252 3771 aequum
3266 3711 3484 3754 censent
3508 3701 3531 3751 ἲ

1916 3794 1959 3846 Α
1995 3791 2362 3847 misericordia
2382 3834 2396 3858 ,
2426 3808 2457 3847 a
2498 3791 2827 3865 benignitate
2868 3802 2924 3849 et
2952 3793 3238 3849 clementia
3261 3834 3276 3857 ,
3308 3801 3531 3863 propter

1917 3900 2113 3939 nomen
2145 3884 2257 3939 Dei.
2284 3883 2421 3953 Quid
2442 3895 2560 3952 est,
2590 3896 2799 3957 propter
2826 3902 3011 3941 nomen
3040 3887 3225 3941 tuum?
3246 3885 3325 3942 Ne
3352 3887 3525 3956 ipsum

1910 3976 2256 4047 profanetur,
2290 3977 2432 4047 quod
2462 3978 2575 4047 ipse
2606 3978 2765 4033 etiam
2792 3992 2940 4048 δειδρο
2976 3978 3110 4034 dicit
3142 3996 3156 4033 :
3192 3976 3357 4033 Facio
3406 3996 3527 4050 pro-

1909 4078 2021 4139 pter
2052 4084 2234 4122 nomen
2263 4084 2450 4122 meum.
2480 4068 2724 4123 Vidistin‘
2765 4068 3122 4125 humilitatem
3150 4078 3207 4125 et
3236 4070 3523 4125 contritum

1907 4166 2189 4220 animum?
2221 4165 2289 4220 Et
2315 4165 2586 4221 undenam
2614 4174 2803 4234 petunt
2827 4166 3094 4221 salutem?
3120 4167 3167 4220 A
3196 4164 3480 4221 clementia
3508 4208 3521 4225 ,

1906 4274 1935 4312 a
1964 4257 2362 4321 misericordia;
2386 4267 2638 4329 tanquam
2662 4259 2853 4330 quibus
2875 4268 3020 4314 recte
3044 4258 3179 4314 facta
3206 4257 3523 4322 deficerent,

1906 4362 1956 4407 et
1981 4353 2125 4407 nulla
2140 4354 2281 4422 justa
2305 4352 2495 4407 salutis
2521 4367 2681 4407 causa
2706 4359 3021 4421 suppeteret
3042 4391 3057 4415 ,
3085 4350 3209 4405 licet
3237 4360 3312 4405 tot
3334 4361 3389 4405 et
3410 4360 3525 4404 tan-

1908 4453 1957 4499 ta
2005 4444 2241 4514 pericula
2273 4443 2597 4514 laboresque
2623 4453 2903 4513 susceptos
2928 4442 3132 4512 jactare
3163 4450 3387 4513 pOSsent
3406 4484 3420 4508 ,
3455 4442 3522 4496 ad

1908 4538 2076 4593 Deum
2121 4546 2312 4592 cuncta
2359 4536 2688 4592 referebant.
2721 4535 2831 4591 Nos
2860 4550 3074 4607 quoque
3098 4576 3114 4601 ,
3147 4536 3237 4606 qui
3271 4536 3323 4589 in
3353 4537 3522 4606 gratia

1904 4644 2111 4695 sumus,
2137 4627 2549 4691 eosimitemur,
2579 4639 2633 4682 et
2664 4628 2773 4682 Deo
2800 4627 3028 4698 gloriam
3057 4628 3402 4682 omittamus:
3434 4626 3521 4682 cui

1903 4722 2073 4793 gloria
2098 4721 2150 4776 in
2176 4720 2369 4776 smcula
2397 4722 2738 4775 smculorum.
2772 4722 2967 4777 Amen.

2375 4876 2440 4931 IN
2479 4876 2809 4934 PSALMUM
2846 4876 3032 4931 XLlV.

1906 5014 1955 5066 1.
2003 5010 2109 5066 Pro
2138 5012 2368 5079 victoria,
2400 5030 2494 5084 pro
2514 5013 2728 5083 ﬂoribus
2756 5011 2982 5081 ﬁliorum
3020 5012 3169 5068 Core.
3202 5014 3377 5079 Alius,
3420 5008 3517 5066 Vi-

1974 5105 2148 5158 ctoria:
2188 5104 2387 5158 auctori
2415 5104 2492 5175 (a)
2529 5124 2541 5160 :
2567 5114 2776 5176 prapter
2805 5104 2917 5159 lilia
2946 5106 3173 5175 ﬁliorum
3218 5106 3367 5161 Core.
3409 5105 3517 5161 He-

1976 5196 2151 5250 brmus
2182 5211 2301 5265 pro,
2351 5195 2518 5262 Liliis,
2566 5197 2717 5263 dicit,
2771 5198 2834 5251 Al
2858 5200 3107 5253 sosanim.
3154 5198 3519 5270 lntelligentia‘

1977 5289 2229 5341 canticum
2260 5288 2313 5341 in
2341 5289 2601 5343 dilectum.
2650 5290 2824 5356 Alius,
2858 5290 3081 5347 Scienti:
3111 5294 3366 5346 canticum
3391 5308 3513 5362 pro-

1976 5389 2084 5449 pter
2114 5380 2415 5433 amicitiam.
2444 5380 2619 5442 Alius,
2644 5378 2861 5436 Dilectis
2888 5399 2906 5435 :
2938 5381 3199 5437 Hebraeus
3228 5391 3405 5437 autem
3437 5382 3519 5434 di-

1977 5473 2068 5537 cit,
2126 5471 2380 5527 Iditltoth.
2430 5472 2804 5544 Septuaginta,
2852 5473 2919 5528 In
2973 5476 3128 5543 linem
3185 5491 3277 5545 pro
3325 5476 3387 5528 iis
3431 5475 3516 5544 qui

1974 5566 2440 5634 contmutabuntur,
2467 5568 2589 5637 ﬁliis
2606 5565 2759 5635 Core,
2791 5567 2859 5620 ad
2889 5567 3220 5632 intellectum,
3263 5568 3513 5621 canticum

1976 5676 2069 5727 pro
2094 5659 2296 5713 dilecto.

1977 5850 2048 5911 (a)
2081 5850 2163 5899 Gr.
2188 5850 2262 5911 τῷ
2290 5850 2541 5909 νικοποιῷ.
2586 5847 2705 5895 Haec
2729 5841 2881 5894 lectio
2907 5851 2983 5895 est
3010 5842 3225 5907 Aquilae,
3268 5852 3323 5893 ut
3347 5844 3519 5911 videas

1914 5934 1963 5980 iu
1985 5904 2462 5993 ‘liexaplis'nostris.
2492 5904 2639 5985 infra.
2663 5930 2722 5979 At
2744 5928 2978 5986 sosanim,
3009 5904 3159 5977 Hebr.
3191 5904 3513 5978 aucto—5:7.
