4068 6446
1298 394 1356 451 S.
1397 389 1674 449 JO.\N.\IS
1709 382 2183 442 llllltYSOS’l‘Oill
2230 379 2549 437 AllClllEP.
2593 375 3140 435 CONSTANTINOP.
3789 375 3883 430 Hi

2280 494 2418 548 sicut
2434 502 2599 554 vates.
2622 493 2730 548 Illic
2744 493 2888 549 enim
2905 485 3117 564 quando
3133 491 3343 548 theman
3355 490 3594 546 animam
3613 491 3881 558 invaserit,

2282 585 2436 640 orbat
2465 595 2697 642 mentem
2717 601 2780 640 ac
2803 585 3201 655 cegitationem,
3224 593 3276 638 et
3304 588 3570 639 rationem
3613 586 3879 646 obsetu-at.

2282 688 2335 732 ct
2358 679 2427 733 ita
2450 678 2626 733 omnia
2649 679 2724 734 illi
2744 695 2840 735 ore
2862 693 2959 734 suo
2990 679 3298 749 lo1nuutur,
3328 687 3510 734 mente
3535 677 3672 734 nihil
3696 679 3883 734 intelli-

2280 782 2438 844 gente
2453 787 2636 827 eorum
2654 787 2772 842 qua:
2789 773 3100 842 loquuntur,
3125 786 3229 830 non
3244 786 3399 827 secus
3418 787 3483 826 ac
3497 771 3546 826 si
3567 771 3696 852 tibia
3715 773 3882 842 aliqua

2283 866 2567 919 iuanimata
2591 865 2856 935 loquatur.
2879 864 2992 920 Hoc
3022 865 3183 921 etiam
3209 864 3339 920 dixit
3358 865 3556 936 aliquis
3581 879 3776 920 eorum
3800 865 3884 935 qui

2282 967 2404 1011 Sttnl
2418 954 2556 1026 apud
2573 956 2718 1025 ipstts
2728 954 3165 1026 philosophorum
3183 955 3286 1025 (a),
3305 956 3385 1011 his
3400 957 3612 1012 verbis:
3632 956 3888 1022 Quemad-

2282 1047 2486 1102 modum
2505 1048 2543 1101 ii
2565 1047 2654 1118 qui
2672 1065 2914 1119 responsa
2943 1058 3133 1102 canunt
3155 1059 3202 1102 et
3231 1057 3367 1103 vates
3388 1049 3556 1103 multa
3576 1049 3786 1118 quidem
3805 1049 3886 1101 di.

2280 1150 2419 1205 rant,
2435 1154 2608 1193 eorum
2620 1148 2786 1193 autem
2800 1155 2915 1208 qua
2929 1141 3126 1207 dicunt,
3143 1140 3273 1195 nihil
3286 1140 3468 1196 sciunt.
3484 1140 3593 1195 Sed
3609 1155 3718 1195 non
3737 1139 3809 1195 ita
3823 1139 3890 1194 fa-

2279 1231 2351 1285 cit
2381 1240 2601 1286 sanctus
2635 1230 2887 1300 Spiritus,
2933 1230 3031 1286 sed
3070 1232 3329 1300 permittit
3368 1239 3427 1286 ut
3465 1245 3564 1286 cor
3591 1241 3890 1303 cognoscat

2280 1336 2400 1392 qua:
2438 1319 2707 1376 dicuntur.
2751 1319 2806 1376 Si
2852 1322 2996 1376 enim
3043 1335 3150 1376 non
3194 1331 3567 1392 cognosceret,
3609 1321 3887 1392 quomodo

2279 1413 2503 1476 diceret.
2538 1411 2760 1468 Verbum
2792 1413 3022 1469 bonum?
3051 1401 3275 1468 Danaen
3302 1413 3469 1476 enim,
3499 1423 3690 1482 utpote
3717 1414 3889 1469 hostia

2283 1517 2338 1560 et
2370 1505 2641 1572 inimicus,
2656 1519 2792 1561 cum
2822 1505 3098 1561 hominum
3122 1515 3311 1560 natura
3335 1503 3535 1561 bellum
3556 1513 3739 1575 gent:
3767 1504 3890 1576 Spi-

2279 1599 2414 1653 ritus
2447 1607 2626 1653 autem
2667 1605 2907 1662 sanctus,
2948 1605 3009 1652 ut
3050 1595 3142 1667 qui
3189 1595 3355 1652 nostri
3390 1610 3574 1651 curam
3615 1605 3795 1666 gerat,
3835 1603 3889 1650 et

2279 1687 2802 1757 beneﬁcio-alﬁciat,
2830 1687 2882 1744 id
2908 1687 3015 1757 agit
3044 1696 3104 1742 ut
3127 1687 3218 1758 qui
3255 1701 3378 1742 eum
3418 1677 3742 1756 Suscipiunt,
3773 1687 3885 1742 sint

2279 1794 2470 1836 sensus
2499 1780 2807 1850 participes,
2839 1789 2894 1835 ct
2923 1779 3025 1835 illis
3051 1779 3492 1850 intelligentibus,
3512 1780 3735 1834 revelat
3764 1797 3886 1850 qua

2279 1871 2545 1926 dicuntur.
2581 1869 2710 1925 Dico
2736 1888 2828 1943 ego
2859 1887 3012 1942 Opera
3038 1886 3150 1926 mea
3191 1870 3320 1943 regi.
3347 1871 3520 1938 Alius,
3550 1869 3718 1924 Facta
3749 1889 3884 1926 inea.

2279 1961 2536 2030 Quanam
2585 1961 2715 2017 dicit
2756 1963 2958 2032 opera?
3001 1961 3366 2033 Prophetiam.
3411 1961 3882 2030 Quemadmodum

2278 2053 2420 2108 enim
2455 2051 2591 2108 fabri
2614 2053 2788 2108 arrarii
2817 2069 2952 2123 Opus
2977 2065 3062 2110 est
3096 2052 3271 2109 facere
3293 2053 3598 2123 delabi-am,
3622 2065 3681 2110 et
3706 2055 3884 2110 archi-

519 402 696 479 £54.55

523 515 642 592 κθ.
687 509 942 568 Eructauit
981 525 1066 564 cor
1097 522 1266 562 meum
1314 505 1514 560 eet-ltum
1565 504 1768 556 honuni.
1822 495 2171 560 Alius..lrre-

731 601 850 672 psit.
879 600 1047 664 Alius,
1081 599 1280 653 Motum
1308 606 1379 652 est
1408 612 1496 650 car
1524 611 1686 648 meum
1708 591 1853 647 uerbo
1881 592 2028 645 bono.

532 769 546 786 ,
571 728 616 778 ςξ-
651 719 702 772 1.
745 700 1110 770 Testimonium
1129 697 1450 768 inimicorum
1479 712 1682 766 minime
1703 722 2024 782 suspectum;
2054 722 2173 760 crn-

524 851 544 860 -
559 809 740 872 jﬁatio
769 807 1034 878 prophetia
1056 823 1076 873 ;
1101 804 1348 876 propheta
1367 802 1536 869 di/I'ert
1564 814 1689 856 tmte.
1712 832 1786 844 --
1806 801 2006 856 Vellem
2032 813 2173 852 nunc

529 895 1235 963 1;.adessconucs-Judatos
1263 903 1316 949 et
1351 893 1596 965 gentiles,
1639 905 1692 948 et
1722 894 1823 948 hoc
1850 892 1984 947 libro
2012 905 2041 943 a
2085 889 2178 944 ,1η-

523 1001 542 1053 ς
567 1031 585 1052 ,τ
605 989 742 1050 datis
765 997 1002 1059 acet-pte,
1032 987 1294 1042 Psalmutn
1323 986 1391 1040 ita
1430 985 1625 1055 legere.
1651 984 1832 1055 Neque
1857 985 1998 1038 enim
2031 983 2179 1052 igno-

523 1080 744 1146 ..εςπιιίε,
778 1087 831 1133 et
858 1079 909 1132 iu
934 1075 1170 1147 iudiciis,
1204 1085 1257 1131 et
1299 1076 1494 1145 ubique
1520 1083 1644 1129 tunc
1680 1074 1909 1128 maxime
1934 1087 1966 1126 a
2004 1071 2180 1139 suspi-

527 1174 746 1238 .;¢.cjoue
787 1181 1048 1228 remotum
1076 1184 1198 1226 esse
1245 1183 1424 1224 rerum
1467 1167 1850 1227 testimonium.
1883 1162 2096 1238 quando
2123 1160 2174 1216 id

529 1263 758 1329 _,.fertttr
781 1263 850 1318 ab
879 1263 1122 1319 inimicis.
1141 1261 1215 1319 Ut
1242 1260 1348 1317 hoc
1372 1275 1502 1332 ergo
1524 1259 1682 1314 hodie
1707 1273 1918 1330 quoque
1941 1256 2174 1324 eveniat,

525 1357 933 1421 -,.exhibeamus
983 1353 1342 1410 testimonium
1377 1363 1449 1407 es
1497 1349 1696 1414 Veteri,
1728 1359 1783 1404 ut
1825 1359 1881 1403 et
1924 1347 2091 1403 Judazi
2121 1356 2177 1402 et

526 1447 811 1516 -,.gentiles
850 1446 1053 1516 pudore
1096 1443 1432 1500 afﬁciantur:
1461 1440 1629 1498 ,ιιιάπὶ
1660 1439 1886 1512 quidem
1904 1439 2173 1510 Ίοεοιιιιες,

538 1550 640 1596 μοι
689 1555 796 1593 non
848 1536 1242 1608 intelligentes;
1282 1535 1507 1606 gentiles
1549 1548 1676 1588 vero
1716 1533 1958 1588 videntes
2009 1531 2176 1587 libros

547 1633 740 1695 -_.nohis
766 1632 946 1702 optt‘erri
971 1631 1040 1686 ab
1081 1629 1328 1685 inimicis.
1378 1627 1562 1698 Neque
1587 1627 1729 1682 enim
1757 1633 2010 1695 poterunt
2055 1640 2116 1679 ea
2140 1639 2175 1680 a

583 1725 741 1785 nobis
781 1738 906 1781 esse
950 1721 1174 1778 conﬁcta
1220 1720 1424 1786 dicere,
1466 1734 1587 1774 cum
1633 1733 1739 1772 non
1789 1722 1905 1782 nes,
1953 1715 2047 1772 sed
2083 1715 2174 1782 qui

534 1815 853 1890 ,Lhristum
892 1813 1286 1879 crueiﬁxeruut,
1334 1811 1498 1868 libros
1549 1811 1703 1865 nobis
1746 1809 2038 1878 prmbeaut,
2073 1806 2171 1878 qui

529 1941 556 1972 ει
583 1909 654 1964 de
691 1908 808 1977 ejus
855 1895 1112 1973 potestate
1153 1904 1457 1974 loqmmtnr.
1501 1900 1607 1956 Sed
1655 1901 1767 1956 sive
1803 1899 2017 1964 alsunt,
2062 1897 2178 1953 sive

528 2014 714 2060 anon,
744 2012 842 2051 nos
867 2004 1054 2050 nostro
1073 1992 1250 2048 of.icio
1280 1993 1578 2062 fungamur,
1608 2000 1662 2047 et
1690 1991 2061 2060 aggrediamur
2087 1989 2174 2044 in-

539 2084 1046 2156 _;_terpretationem.
1079 2083 1173 2137 llic
1212 2082 1353 2138 enim
1401 2081 1642 2136 l’sahuns
1680 2083 1730 2135 in
1774 2080 2046 2134 Christum
2090 2089 2174 2134 est

565 2176 896 2248 “inscriptus,
925 2182 980 2230 et
1005 2173 1128 2230 ideo
1155 2172 1314 2229 habet
1342 2172 1767 2242 inscriptionem,
1800 2169 1884 2226 In‘
1907 2171 2172 2237 dilectum,

549 2279 660 2338 et,
690 2267 799 2324 Pro
822 2268 885 2324 iis
911 2267 999 2338 qui
1017 2264 1480 2322 contmntabuntur.
1505 2265 1556 2320 ls
1579 2265 1721 2320 enim
1745 2263 1901 2319 nobis
1926 2277 2172 2334 magnam

569 2362 711 2432 tfecit
739 2360 1112 2426 mutationem,
1141 2372 1427 2430 rerumque
1448 2358 1850 2433 conversionem
1890 2371 1956 2412 ac
1988 2355 2174 2411 tradu-

2279 2143 2406 2198 tecti
2449 2141 2670 2198 domum
2717 2142 2913 2212 facere,
2968 2158 3023 2200 et
3061 2144 3277 2199 navium
3311 2141 3647 2204 fabricatoris
3688 2159 3883 2201 navem

2276 2235 2620 2305 compingere
2652 2251 2667 2289 :
2701 2235 2770 2288 ita
2811 2243 2896 2290 est
2924 2235 3087 2290 etiam
3117 2235 3391 2306 prophetzc
3420 2244 3604 2291 texere
3645 2236 3884 2305 prophe-

2279 2325 2426 2380 tiam.
2456 2325 2609 2392 Quod
2638 2325 2780 2381 enim
2806 2324 2909 2380 hoc
2934 2341 3148 2397 quoque
3173 2326 3242 2381 sit
3263 2341 3422 2396 opus,
3450 2327 3575 2381 audi
3605 2325 3880 2382 Christum

2277 2417 2548 2474 dicentem
2587 2417 2657 2474 de
2682 2419 2959 2489 apostolis,
3005 2417 3210 2490 Dignus
3235 2429 3309 2474 cst
3343 2421 3611 2489 operarius
3652 2421 3884 2477 ntere-ede

2279 2523 2375 2563 sua
2409 2505 2560 2581 (Luc.
2593 2507 2680 2564 10.
2715 2508 2789 2581 7).
2825 2508 2890 2564 Ει
2916 2509 3111 2564 Paulus
3138 2525 3154 2563 :
3188 2508 3418 2564 Maxime
3443 2512 3532 2578 qui
3563 2511 3802 2567 laborant
3829 2512 3884 2567 in

2280 2597 2429 2651 uerbo
2447 2607 2496 2651 et
2513 2597 2743 2652 doctrina
2761 2598 2838 2668 (l.
2861 2596 2993 2652 Tim.
3013 2597 3066 2653 5.
3087 2595 3197 2671 l7).
3218 2597 3272 2654 Si
3293 2597 3436 2654 enim
3454 2615 3558 2654 non
3581 2608 3703 2656 erat
3727 2616 3880 2672 opus,

2279 2686 2549 2760 quomodo
2578 2687 2762 2743 habuit
2799 2688 3072 2745 laborent?
3102 2688 3243 2756 Quid
3284 2698 3366 2746 est
3395 2691 3537 2745 enim
3576 2690 3684 2748 hoc
3720 2707 3886 2761 Opere

2281 2777 2662 2849 praestantius?
2688 2779 2814 2850 quid
2851 2795 2977 2835 vero
3001 2779 3228 2835 utilius?
3249 2779 3509 2836 Omnibus
3542 2781 3756 2840 artibus
3780 2796 3890 2836 su—

2279 2870 2497 2927 blimius
2524 2881 2626 2927 est.
2659 2871 2938 2940 Quodnam
2984 2881 3068 2928 est
3096 2887 3225 2942 ergo
3266 2872 3369 2929 hoc
3396 2888 3553 2943 opus,
3583 2874 3731 2941 quod
3769 2875 3884 2944 regi

2282 2961 2450 3017 dicit?
2487 2961 2586 3017 llic
2611 2963 2867 3035 hymnus,
2909 2961 3025 3018 haec
3054 2963 3355 3034 prophetia.
3386 2960 3504 3018 Non
3532 2963 3670 3017 dixit
3694 2974 3885 3019 autem

2281 3053 2493 3107 cuinam
2532 3054 2671 3122 regi,
2702 3053 3007 3125 signiﬁcans
3041 3068 3102 3109 se
3129 3054 3308 3110 dicere
3340 3054 3449 3110 Deo
3485 3055 3886 3110 universorum.

2281 3143 2740 3212 Quemadmodum
2788 3147 2932 3202 enim
2957 3145 3176 3216 quando
3200 3145 3430 3200 dicimus
3469 3160 3654 3216 regem
3685 3145 3882 3201 Persa-

2282 3251 2423 3301 rum,
2451 3251 2557 3292 non
2581 3235 2899 3307 simpliciter
2925 3246 2982 3293 et
3007 3237 3253 3293 absolute
3295 3253 3474 3308 regem
3501 3237 3758 3303 dicimus,
3788 3237 3886 3293 sed

2280 3327 2562 3398 adjieimus
2589 3329 2890 3395 Persarum,
2924 3330 2992 3384 ita
3019 3331 3181 3386 etiam
3229 3329 3604 3385 Armeniorum
3625 3348 3644 3396 ς
3669 3332 3889 3401 quando

2282 3433 2461 3476 autem
2495 3430 2738 3476 nostrum
2767 3419 3017 3488 dicimus,
3066 3435 3172 3476 non
3205 3419 3466 3475 habemus
3511 3436 3648 3490 opus
3677 3421 3887 3476 addita-

2282 3519 2489 3576 utento,
2530 3511 2626 3566 sed
2673 3509 2870 3566 sufﬁcit
2916 3512 3071 3565 nobis
3120 3526 3304 3582 regem
3347 3509 3568 3565 dicere:
3600 3511 3670 3564 ita
3720 3512 3886 3567 etiam

537 2491 545 2500 ι
570 2453 842 2509 ctionem.
872 2451 1017 2508 ilanc
1044 2452 1393 2508 mutationem
1414 2450 1720 2520 signiﬁcans
1743 2462 1955 2518 quoque
1980 2445 2176 2504 Paulus

580 2543 797 2600 dicebat
815 2541 1022 2609 παρειαῖς
1035 2543 1080 2600 si
1089 2559 1190 2614 qua
1205 2541 1260 2597 in
1277 2540 1480 2598 Christo
1495 2554 1624 2594 noua
1637 2548 1872 2594 creatura
1889 2537 1964 2610 (2.
1984 2535 2098 2593 Cor.
2115 2537 2188 2614 5.,

506 2660 507 2663 η
583 2637 699 2706 1⁷1).
729 2635 801 2693 Et
836 2634 958 2692 ideo
984 2651 1092 2691 non
1119 2635 1249 2691 dicit
1285 2635 1338 2689 in
1369 2631 1652 2704 principio,
1682 2631 1823 2686 Dixit
1850 2645 1949 2686 cor
1971 2643 2172 2686 meum.

537 2791 541 2800 1
578 2726 848 2795 Quoniam
880 2725 1022 2781 enim
1050 2739 1236 2780 eorum
1259 2738 1380 2797 quat
1417 2722 1731 2779 dicebantur
1760 2721 1889 2776 nihil
1920 2729 2037 2778 erat
2067 2719 2172 2775 hu-

535 2831 824 2892 }.auanum,
869 2815 964 2872 sed
992 2815 1225 2871 ctelestia
1256 2829 1320 2881 ac
1343 2813 1642 2885 spiritualia
1684 2821 1802 2869 erat
1830 2820 2168 2877 narraturus,

537 2923 755 2981 caque
790 2922 895 2964 non
923 2923 988 2964 ex
1022 2903 1237 2978 propria
1264 2906 1590 2972 inventione,
1617 2905 1712 2961 sed
1743 2920 1806 2960 es
1836 2904 2014 2960 divina
2041 2917 2178 2974 ope-

539 3003 831 3067 _,-ratione,—
858 2999 1208 3056 eructationis
1252 2997 1472 3054 nomine
1500 2997 1604 3053 hoc
1630 2996 1912 3068 signiﬁcat.
1946 2995 2176 3051 Eructa-

549 3139 570 3158 _.
588 3092 1004 3148 mus'enim‘non
1034 3089 1251 3162 quando
1279 3089 1549 3156 volumus,
1572 3087 1665 3144 sed
1695 3087 1836 3144 hunc
1860 3101 2170 3143 sermonem

532 3247 535 3250 _
589 3182 849 3239 habemus
886 3181 1099 3254 quando
1134 3182 1408 3244 volumus.
1455 3195 1687 3252 cumque
1729 3188 1786 3236 et
1830 3180 2078 3247 dicimus,
2121 3184 2179 3235 et

559 3273 929 3345 Hrcprimimus
956 3288 971 3326 :
1001 3271 1384 3328 eructationem
1404 3279 1581 3326 autem
1611 3285 1716 3326 non
1747 3270 1948 3327 itidem.
1975 3268 2180 3327 Osten-

535 3349 720 3442 quens
769 3365 948 3434 itaque
985 3378 1103 3433 qua:
1131 3362 1379 3417 dicuntur
1419 3377 1526 3416 non
1575 3377 1694 3418 esse
1728 3361 1943 3417 humani
1990 3360 2173 3425 studii,

592 3456 687 3536 sed
715 3455 916 3511 divinae
944 3452 1324 3523 inspirationis,
1356 3468 1474 3524 qua:
1502 3468 1625 3509 eum
1655 3455 1926 3518 incitabat,
1963 3461 2178 3508 eructa-

539 3533 542 3538 ’
575 3533 790 3602 ’ἱὶοηειη
821 3544 1154 3614 prophetiam
1181 3543 1481 3612 appellavit.
1526 3542 1985 3612 Quemadmodum
2031 3534 2190 3599 enim‘

533 3687 543 3720 ,ί
596 3640 650 3718 in
691 3637 1024 3694 eructatioue
1068 3637 1119 3691 id
1147 3635 1288 3706 quod
1328 3636 1404 3703 lit,
1449 3635 1622 3691 oritur
1657 3650 1721 3691 es
1751 3635 2001 3705 qualitate
2025 3635 2177 3692 cibo-

547 3789 549 3796 l
588 3743 707 3784 rum
732 3746 746 3782 :
770 3728 848 3783 ita
863 3727 1036 3783 etiam
1057 3726 1116 3780 in
1129 3725 1380 3780 doctrina
1410 3725 1694 3794 spirituaii.
1722 3723 1870 3780 Talia
1897 3739 2026 3794 ergo
2053 3739 2176 3779 eru-

573 3819 803 3886 etabat,‘
828 3818 1002 3890 qualia
1031 3815 1366 3872 comedebat.
1399 3815 1532 3871 Vide
1573 3823 1752 3871 autent
1776 3815 1915 3870 alibi
1964 3830 2213 3890 quoque

554 3895 559 3903 ’
591 3909 754 3966 alium
774 3907 1084 3979 prophetam
1117 3907 1252 3962 hanc
1277 3907 1644 3976 operationem
1670 3905 2018 3961 similitudine
2046 3921 2178 3962 sen-

571 4001 732 4072 sibili
774 4001 1184 4071 exprimentem,
1225 4007 1301 4053 et‘
1327 3995 1572 4052 volum’cn
1617 3996 1735 4051 libri
1784 3995 2174 4063 comedentem,

535 4065 750 4166 "imque
789 4065 910 4149 cum
935 4092 1222 4162 voluptate.
1272 4089 1396 4146 Fuit
1426 4093 1591 4157 enim,
1632 4091 1821 4160 inquit,
1850 4090 1903 4143 in
1944 4105 2031 4144 ore
2063 4106 2178 4144 meo

535 4180 546 4196 ³
581 4194 845 4254 tamquam
873 4183 971 4238 me!
995 4183 1143 4238 dulce
1165 4181 1377 4256 (Ezeclt.
1407 4183 1460 4238 ὅ.
1492 4184 1565 4252 5).
1601 4181 1736 4250 Quia
1764 4196 1890 4252 ergo
1917 4180 2178 4251 spiritua-

589 4275 696 4331 lem
717 4277 947 4347 gratiam
979 4283 1322 4345 acceperunt,
1372 4275 1452 4329 eis
1490 4288 1702 4344 quoque
1726 4273 1938 4326 similia
1971 4282 2180 4346 eructa-

540 4429 545 4440 ‘
593 4374 735 4420 runt.
774 4364 926 4434 Quod
967 4366 1122 4421 enim
1149 4380 1248 4419 nec
1295 4363 1502 4419 de-rhac
1548 4363 1880 4418 eructationc
1915 4362 2176 4433 sensibili,

539 4449 544 4456 ’
581 4471 691 4511 nec
717 4455 786 4510 de
817 4455 955 4510 cibis
995 4454 1356 4524 agatur,-audi
1406 4453 1659 4523 quidnam
1698 4460 2017 4516 eructet,eet
2059 4453 2180 4523 quis

591 4548 681 4604 ille
725 4548 795 4602 sit
823 4548 910 4618 qui
933 4555 1157 4602 eructat.
1177 4532 1303 4600 Non
1332 4544 1659 4610 stomachus,
1691 4545 1779 4615 qui
1825 4554 1909 4600 est
1933 4543 2176 4598 ciborum

591 4641 1001 4711 receptaculum,
1051 4639 1145 4694 sed
1191 4654 1318 4710 cor.
1357 4637 1621 4692 Eructavit
1669 4637 1834 4697 enim.
1867 4635 2057 4705 inquit,
2090 4650 2179 4688 cor

588 4750 772 4788 meant.
805 4733 870 4788 Et
894 4730 1018 4802 quid
1050 4730 1297 4787 eructat?
1340 4729 1454 4784 Non
1485 4727 1685 4792 cibum,
1716 4742 1814 4781 nec
1848 4737 2053 4795 potum,
2084 4725 2178 4780 scd

593 4842 711 4896 qua:
739 4833 862 4879 sunt
889 4838 1086 4879 mensae
1117 4831 1435 4891 opportuna,
1464 4819 1664 4873 Bonum
1711 4818 1934 4879 verbum,
1986 4830 2178 4885 nempe

592 4917 659 4971 de
688 4914 968 4985 Uuigenito
995 4930 1008 4967 :
1034 4913 1077 4968 is
1101 4920 1183 4967 est
1211 4912 1353 4966 enim
1378 4911 1605 4965 maxime
1626 4910 1816 4964 bonus.
1859 4907 1984 4963 Veni
2009 4907 2173 4972 enim,

592 5006 912 5078 iuquit,-tron
941 5003 1238 5076 utjudicem
1269 5000 1534 5066 mundum,
1578 4999 1666 5054 sed
1696 5007 1747 5052 ut
1793 4987 2040 5052 mundum
2071 4998 2177 5050 sal-

589 5117 706 5155 uum
732 5095 1120 5168 faciam«(.foan.
1143 5095 1229 5151 12.
1252 5095 1366 5168 4⁷7).
1391 5093 1578 5148 Omnia
1597 5092 1748 5146 milia
1779 5107 1843 5145 ac
1873 5097 2174 5152 mansuvta,

589 5190 768 5245 omnia
796 5186 1264 5258 snppliciolihera.
1301 5187 1516 5240 Eructat
1536 5191 1712 5238 autem
1745 5184 1890 5246 talia,
1921 5182 2173 5251 quoniam

589 5299 685 5339 cur
713 5295 868 5336 suum
913 5278 1245 5351 expttrgavit.
1281 5277 1738 5346 Quemadmodum
1789 5277 1928 5329 enim
1965 5281 2173 5338 venter,

589 5373 804 5448 quando
839 5371 1074 5446 sordidis
1108 5372 1286 5426 succis
1314 5368 1474 5424 fuerit
1505 5370 1712 5438 plenus.
1733 5367 1821 5420 eis
1863 5372 2087 5436 cognata
2121 5373 2176 5417 et

591 5465 888 5525 consimilia
915 5473 1142 5530 eructat,
1171 5462 1265 5517 sed
1305 5459 1516 5531 quando
1557 5475 1717 5512 sanus
1749 5457 1923 5519 fuerit,
1960 5456 2007 5510 ei
2042 5468 2175 5522 quo-

545 5569 550 5584 ί
591 5576 694 5630 que
733 5556 1136 5613 convenientem
1174 5554 1280 5608 edit
1307 5551 1691 5606 eructationcm
1732 5567 1742 5601 :
1774 5549 1845 5602 ita
1890 5547 2050 5600 etiam
2082 5559 2175 5597 cor

593 5652 867 5722 pmphetm
924 5656 1197 5718 postquam
1233 5644 1328 5697 fuit
1355 5657 1382 5694 a
1427 5643 1656 5711 prec-alis
1697 5640 1940 5702 liberum,
1972 5636 2176 5702 accepit

591 5743 812 5814 gratiam
829 5739 1077 5807 Spiritus,
1098 5747 1151 5792 et
1166 5743 1370 5792 eructat
1384 5732 1604 5788 verbum
1622 5731 1839 5786 bonum.
1865 5730 1995 5782 lliuc
2013 5728 2173 5781 etiam

591 5832 787 5904 aliquid
827 5829 971 5886 aliud
1003 5829 1273 5895 discimus,
1307 5840 1495 5895 nempe
1525 5823 1805 5896 prophetas
1853 5835 1955 5876 non
2001 5819 2162 5873 fuisse

2285 3601 2563 3673 prepheta,
2599 3603 2849 3673 quoniam
2888 3603 3122 3674 loquitur
3167 3603 3235 3658 de
3275 3617 3341 3658 eo
3367 3601 3457 3672 qui
3489 3618 3614 3657 vere
3649 3618 3745 3658 res
3781 3611 3884 3672 est,

2283 3694 2415 3750 satis
2459 3694 2630 3750 habet
2645 3695 2692 3749 si
2733 3677 2898 3760 dicat:
2931 3693 3080 3765 Hegi.
3132 3695 3284 3750 Sicut
3315 3695 3459 3750 enim
3502 3708 3625 3749 cum
3653 3695 3887 3752 dicimus

2284 3787 2730 3857 omnipotentem,
2759 3787 2901 3841 nulla
2927 3802 3061 3858 opus
3099 3787 3360 3842 habemus
3389 3786 3719 3856 adiectione,
3750 3804 3886 3858 quo-

2285 3880 2427 3934 niam
2455 3894 2563 3933 non
2588 3887 2670 3934 est
2693 3879 2829 3934 alius
2849 3878 3235 3947 omnipotens:
3270 3878 3339 3933 ita
3361 3877 3522 3932 etiam
3549 3893 3672 3934 cum
3701 3893 3883 3948 regem

2283 3968 2532 4034 dicimus,
2577 3983 2685 4024 non
2734 3968 2996 4024 habemus
3039 3983 3174 4037 opus
3218 3968 3318 4023 alia
3361 3968 3690 4037 adiectione,
3742 3969 3884 4038 quod

2284 4074 2392 4116 non
2412 4059 2483 4115 sit
2504 4059 2640 4115 alius
2663 4075 2754 4114 rex
2787 4059 2947 4116 Deus.
2979 4057 3228 4128 Alioquin
3248 4067 3426 4114 autem
3444 4059 3504 4113 .is
3532 4060 3624 4130 qui
3657 4060 3708 4114 id
3742 4060 3885 4116 diee-

2284 4147 2376 4204 bat
2401 4164 2507 4204 rex
2533 4158 2670 4204 erat.
2700 4147 2855 4204 Unde
2897 4147 3102 4203 clarum
3146 4157 3228 4203 est
3257 4162 3380 4202 eum
3424 4162 3532 4203 non
3566 4147 3638 4204 de
3664 4148 3885 4205 homine

2284 4238 2486 4304 dicere,
2535 4238 2631 4294 sed
2657 4238 2724 4293 de
2755 4239 2864 4294 Deo
2905 4239 3314 4305 universorum;
3365 4249 3423 4293 et
3459 4238 3584 4294 ideo
3606 4254 3724 4294 non
3755 4240 3884 4296 dixit

2283 4337 2500 4403 βασὼῐ,
2521 4329 2616 4385 sed
2645 4339 2712 4402 τῷ
2731 4338 2946 4401 βασιλεῖ,
2977 4327 3280 4398 adjectione
3318 4328 3531 4384 articuli
3552 4329 3882 4410 peculiarem

2285 4423 2701 4480 dominationem
2726 4421 3036 4478 ostendens.

2354 4517 2410 4571 2.
2451 4514 2650 4572 Deinde
2671 4529 2855 4570 rursus
2874 4513 3156 4569 declarans
3185 4529 3306 4584 quae
3325 4513 3594 4577 dicuntur,
3626 4528 3736 4569 non
3760 4529 3880 4572 esse

2285 4608 2353 4664 ab
2382 4609 2598 4663 homine
2623 4608 2942 4678 excogitata,
2975 4608 3226 4661 meditata
3257 4618 3312 4662 et
3336 4609 3669 4677 composita,
3702 4607 3802 4662 sed
3825 4623 3884 4662 ea

2283 4717 2402 4758 esse
2428 4702 2620 4756 divinae
2646 4701 2850 4772 gratiae,
2881 4710 2928 4754 et
2953 4713 3011 4753 se
3035 4708 3239 4753 tantum
3263 4699 3496 4769 linguam
3527 4698 3610 4752 eis
3636 4712 3885 4752 commo-

2281 4793 2459 4860 dasse,
2491 4791 2767 4860 subiunxit
2795 4809 2809 4846 :
2833 4790 3032 4861 Lingua
3056 4807 3164 4843 meo
3181 4789 3622 4843 .colamusscribc
3650 4789 3888 4844 uelociter

2281 4885 2562 4939 scribentis.
2595 4883 2844 4936 Calamus
2865 4893 3042 4935 autem
3071 4897 3129 4934 ea
3148 4881 3353 4946 scribit,
3383 4895 3501 4948 quae
3523 4879 3679 4948 jubet
3695 4897 3885 4938 manus

2281 4979 2397 5048 ejus
2423 4976 2512 5048 qui
2544 4989 2665 5030 eum
2697 4981 2860 5027 tenet.
2892 4972 3044 5025 Alius
3074 4980 3253 5024 autem
3281 4970 3432 5033 dicit,
3466 4969 3670 5041 Lingua
3699 4989 3815 5026 mea
3835 4985 3883 5027 ut

2281 5067 2442 5139 styius
2464 5066 2641 5120 scriba:
2669 5064 2860 5118 celeris.
2894 5062 3031 5131 Quid
3072 5062 3171 5116 sibi
3203 5061 3315 5114 vult
3354 5060 3520 5126 illud,
3555 5059 3794 5117 Celeris!
3821 5063 3885 5120 Ut

2282 5176 2348 5215 ex
2377 5176 2442 5214 eo
2467 5173 2682 5229 quoque
2721 5155 2969 5212 ostendat
2997 5155 3244 5223 gratiam.
3289 5153 3389 5220 Qui
3418 5153 3562 5208 enim
3587 5153 3794 5227 aliquid
3820 5171 3882 5212 ex

2281 5268 2341 5308 se
2369 5253 2631 5322 prolatum
2661 5249 2912 5318 loquitur,
2940 5247 3118 5302 diﬁert
3141 5256 3196 5300 et
3225 5255 3508 5302 cunctatur
3527 5285 3542 5309 ,
3577 5246 3880 5312 meditans,

2281 5357 2609 5411 componens
2631 5383 2644 5405 ,
2692 5340 2974 5410 impeditus
3006 5339 3338 5409 ignoratione
3359 5379 3374 5402 ,
3407 5337 3620 5390 inscitia
3654 5348 3709 5390 et
3750 5339 3882 5391 dila-

2281 5438 2426 5491 tione
2451 5453 2464 5500 ;
2493 5443 2547 5488 et
2574 5433 2734 5488 multa
2763 5439 2888 5487 sunt
2914 5447 3030 5500 qua:
3059 5430 3393 5485 velocitatem
3423 5421 3691 5481 sertuonis
3711 5429 3878 5482 inter-

2283 5529 2494 5583 turbant
2523 5545 2535 5579 :
2565 5525 2775 5595 quando
2801 5534 2976 5577 autem
3002 5535 3234 5576 mentem
3261 5533 3439 5574 movet
3464 5520 3720 5587 Spiritus,
3750 5520 3878 5572 nihil

2281 5621 2527 5692 estquod
2575 5615 2986 5687 impediat;sed
3031 5617 3169 5669 sicut
3227 5628 3379 5682 aqua:
3435 5613 3709 5681 impetus,
3758 5627 3874 5665 cum

2281 5756 2415 5870 θέαι)
2451 5753 2580 5804 Plato
2619 5753 2666 5802 in
2692 5750 2897 5814 Apolog.
2924 5748 3130 5799 Socratis
3161 5760 3214 5809 Ρ.
3258 5745 3340 5807 22,
3359 5752 3410 5807 C,
3441 5749 3494 5796 el.
3526 5746 3575 5796 in
3600 5751 3802 5794 Metione
3824 5758 3869 5805 p.

2348 5853 2361 5870 .
2406 5829 2436 5867 ).

2348 5853 2361 5879 ,
2388 5829 2436 5867 ι).
