4068 6436
245 352 342 406 185

237 475 433 531 ιιιτιεηο
463 472 738 513 murmure
779 451 1109 523 prarcipitat,
1140 441 1480 518 progreditur
1509 460 1521 494 :
1559 441 1629 494 ita
1675 437 1850 510 gratia

235 550 476 622 Spiritus
501 563 622 604 cum
655 559 845 617 umgna
871 542 1152 599 celeritate
1185 533 1448 607 procedit,
1481 532 1662 587 monia
1695 531 1854 594 levia,

235 645 393 714 plana
415 651 470 698 et
491 638 734 711 expedita
770 635 1071 706 proferens.
1109 627 1312 685 Deinde
1333 626 1437 680 hoc
1466 625 1642 695 ipsum
1669 634 1859 676 rursus

233 751 542 807 cxpurgans
566 774 580 795 ,
613 740 667 787 et
695 729 984 786 ostendens
1013 724 1144 779 nihil
1171 736 1292 777 esse
1325 720 1616 772 humanum
1660 727 1848 768 eorum

234 803 357 898 quin
381 803 650 890 dicuntur,
681 810 958 892 subiungit
989 817 1078 872 :5.
1110 813 1385 886 Speciosus
1409 809 1578 880 [arma
1601 821 1710 878 pra:
1736 803 1859 875 ﬁliis

237 918 520 972 hominum.
1768 948 1774 953 .

321 1007 508 1062 Versus
534 1004 742 1074 quidam
768 1001 921 1072 hujus
946 996 1140 1052 Psalmi
1168 995 1236 1048 ad
1258 992 1517 1047 Christum
1539 991 1852 1060 referantur;

238 1113 296 1156 ut
328 1117 439 1154 vere
467 1098 621 1168 fuerit
653 1112 849 1166 pauper
878 1093 1134 1149 Christus.
1157 1118 1229 1130 -—
1249 1086 1498 1143 Nonnulli
1533 1083 1749 1153 quidem
1773 1080 1857 1135 di-

239 1200 373 1246 cunt
399 1189 504 1244 hoc
533 1187 732 1243 dictum
756 1198 877 1239 esse
903 1183 970 1238 de
990 1183 1191 1252 lingua,
1221 1178 1361 1250 quod
1392 1177 1460 1231 sit
1481 1176 1719 1230 calamus
1740 1186 1863 1241 spe-

239 1282 423 1336 ciosus
453 1277 626 1332 forma
661 1294 674 1330 :
709 1274 839 1328 mihi
891 1281 1072 1327 autem
1115 1270 1325 1324 videtur
1351 1282 1473 1322 cum
1517 1265 1768 1335 deinceps
1796 1261 1864 1317 de

239 1371 462 1428 Christo
483 1369 682 1423 dicere.
706 1366 773 1422 Et
791 1365 911 1420 ideo
928 1364 1066 1418 alius
1089 1375 1302 1432 quoque
1320 1359 1448 1413 dicit
1471 1358 1738 1426 interpres
1764 1353 1860 1424 (a):

246 1459 638 1517 Pulchritudine
667 1466 877 1513 ornatus
899 1471 950 1509 es
969 1471 1002 1507 a
1025 1452 1148 1522 ﬁliis
1177 1451 1464 1506 hominum.
1498 1447 1690 1517 Magno
1710 1444 1853 1498 enim

246 1555 444 1610 ardore
477 1562 532 1608 ct
559 1565 769 1608 summa
797 1551 848 1603 in
884 1563 1008 1604 eum
1036 1545 1320 1600 alii-ctione
1348 1541 1585 1612 percitus
1609 1581 1622 1604 ,
1647 1537 1712 1592 ad
1743 1551 1865 1592 eum

243 1649 514 1704 convertit
551 1647 888 1708 orationem,
934 1637 1386 1711 quemadmodum
1429 1633 1596 1690 Jacoh
1652 1645 1868 1702 quoque

245 1740 465 1796 dicebat
495 1755 505 1790 :
545 1735 626 1792 Ea:
671 1736 924 1807 germine,
955 1733 1033 1802 [ili
1079 1731 1187 1796 mi,
1229 1725 1506 1782 ascendisti
1527 1742 1543 1788 ;
1577 1723 1868 1776 recumbens

249 1831 541 1886 dormit-isti
583 1837 636 1881 ut
666 1827 742 1881 leo
771 1827 789 1895 (
817 1823 945 1880 Gen.
974 1823 1067 1878 49.
1099 1821 1197 1889 9).
1241 1823 1281 1873 A
1317 1819 1428 1872 Deo
1463 1817 1612 1871 enim
1659 1813 1872 1868 afflatus

249 1938 372 1976 cum
403 1935 471 1975 eo
496 1918 750 1985 deinceps
781 1914 1038 1985 loquitur,
1071 1921 1125 1966 et
1151 1911 1216 1966 ad
1247 1909 1420 1978 ipsum
1453 1905 1632 1974 dirigit
1665 1903 1869 1958 oratio-

247 2027 395 2068 nem.
438 2011 550 2065 Hoc
577 2020 756 2064 autem
786 2007 917 2061 dicit
943 2019 1050 2058 non
1091 2018 1185 2073 per
1227 1998 1685 2069 comparationem
1717 2011 1729 2047 :
1761 2008 1870 2046 non

248 2105 394 2159 enim
427 2104 584 2168 dixit,
617 2099 940 2171 Speciosior,
974 2097 1090 2158 sed,
1119 2093 1397 2164 Speciosus
1420 2095 1586 2162 forma
1610 2103 1716 2157 pra:
1748 2085 1869 2155 ﬁliis

261 2197 548 2250 hominum.
584 2194 707 2254 llasc
744 2188 1087 2262 pulchritudo
1107 2195 1189 2242 est
1217 2185 1317 2238 alia
1343 2184 1410 2237 ab
1431 2183 1542 2236 illa.
1571 2179 1867 2236 Considera

248 2295 430 2342 autem
453 2283 721 2355 quomodo
750 2282 981 2354 primum
1011 2278 1266 2349 loquitur,
1291 2276 1357 2330 de
1386 2275 1633 2329 humana:
1667 2279 1872 2325 natura:

247 2377 612 2448 Susceptione.
642 2373 796 2443 Quod
823 2381 999 2427 autem
1049 2370 1116 2424 de
1155 2384 1216 2422 ea
1261 2368 1510 2437 loquatur
1535 2407 1549 2431 ,
1583 2362 1872 2417 ostendunt

248 2487 372 2542 quae
405 2478 719 2540 sequuntur.
748 2465 881 2520 Cum
926 2464 1070 2519 enim
1113 2461 1374 2523 dixisset,
1401 2457 1674 2527 Speciosas
1706 2457 1873 2525 forma

252 2576 362 2630 pra!
399 2560 522 2629 ﬁliis
553 2559 837 2622 hominum,
885 2553 1168 2625 subiunxit
1199 2569 1213 2605 :
1247 2550 1456 2621 Diffnsa
1496 2556 1567 2601 est
1609 2545 1776 2617 gratia
1821 2545 1870 2598 in

249 2654 403 2709 labiis
449 2652 568 2706 tuis.
626 2650 769 2705 Deus
835 2657 1014 2702 autem
1079 2661 1186 2700 non
1233 2644 1391 2697 habet
1436 2641 1574 2696 l.bia
1605 2682 1618 2705 ,
1664 2639 1758 2695 sed
1807 2637 1875 2692 de

252 2748 507 2801 humana:
573 2754 782 2798 natura:
833 2740 1176 2809 susceptione
1231 2738 1424 2807 agitur.
1477 2736 1629 2790 Alius
1689 2743 1869 2788 autem

251 2839 522 2906 interpres
563 2834 781 2897 dicens,
830 2833 1021 2900 Refusa
1065 2841 1136 2884 est
1175 2830 1340 2902 gratia
1379 2828 1525 2882 labiis
1573 2826 1673 2880 tuis
1702 2871 1716 2889 ,
1769 2824 1871 2878 hoc

255 2929 383 2984 fecit
423 2927 678 2997 apertius.
704 2925 840 2991 Quid
871 2935 1049 2977 autent
1089 2931 1206 2984 est,
1241 2919 1430 2987 llefusa
1461 2926 1552 2984 est,
1587 2918 1686 2970 nisi
1727 2915 1873 2969 velut

251 3022 298 3072 si
339 3020 457 3089 quis
491 3019 726 3081 diceret,
757 3016 888 3084 Quae
913 3024 1030 3069 erat
1057 3013 1199 3067 intus
1223 3054 1237 3078 ,
1266 3010 1534 3074 scaturiit,
1559 3007 1872 3064 emanavit?

251 3111 534 3181 Quomodo
558 3125 687 3180 ergo
713 3109 841 3164 dicit
879 3107 1014 3161 alius
1059 3106 1314 3175 propheta
1348 3121 1360 3157 :
1402 3101 1632 3155 Vidimus
1659 3106 1827 3172 ipsum
1853 3140 1870 3166 ,

253 3214 302 3258 et
360 3220 462 3256 non
517 3201 690 3255 [tabuit
756 3198 1028 3266 speciem,
1089 3211 1181 3249 nec
1248 3192 1725 3264 pulchritudinem,
1783 3189 1874 3243 sed

255 3296 476 3366 speciem
538 3294 649 3360 ejus
709 3292 1001 3344 indecorum
1035 3330 1050 3355 ,
1108 3287 1410 3339 diminutum
1472 3300 1578 3354 prce
1617 3283 1738 3352 ﬁliis
1783 3284 1874 3335 ho-

253 3391 450 3443 minum
480 3385 650 3458 (Iani.
685 3384 775 3441 53.
803 3383 861 3437 9..
908 3381 1022 3453 3)?
1063 3379 1177 3435 Non
1225 3379 1355 3435 dicit
1396 3377 1465 3434 de
1501 3376 1863 3439 deformitate,

256 3480 437 3533 absit:
483 3475 576 3532 sed
618 3475 688 3530 de
727 3473 846 3543 ejus
872 3464 1293 3541 contemptione.
1332 3468 1466 3524 Cum
1506 3468 1649 3523 enim
1696 3466 1865 3521 semel

259 3571 550 3623 humanam
601 3576 847 3620 naturam
889 3563 1257 3634 suscepisset,
1311 3575 1667 3631 quaecumque
1713 3568 1871 3614 erant

257 3661 382 3714 vilia
414 3669 468 3715 et
491 3656 884 3714 contemnenda
935 3653 1166 3724 pervasit
1192 3694 1207 3717 ,
1257 3662 1313 3706 ut
1351 3653 1440 3722 qui
1479 3667 1581 3706 nec
1619 3650 1719 3705 sibi
1752 3665 1869 3704 ma-

257 3764 393 3808 trem
430 3751 666 3822 reginam
692 3747 977 3815 aseiverit,
1006 3761 1106 3801 nec
1136 3755 1377 3816 tempore
1418 3743 1888 3800 inCnnabulornm'

257 3847 309 3899 in
341 3845 481 3898 lecto
509 3857 675 3898 aureo
705 3840 908 3912 positus
939 3840 1026 3904 sit,
1061 3838 1154 3893 sed
1179 3839 1230 3892 in
1264 3836 1511 3906 praesepi,
1541 3851 1638 3892 nec
1668 3836 1720 3891 in
1753 3851 1868 3890 mas

255 3937 448 4009 gnifica
475 3936 639 3991 domo
670 3933 830 3990 fuerit
856 3932 1135 4000 educatus,
1164 3929 1258 3986 sed
1282 3931 1333 3984 in
1364 3930 1498 3984 fabri
1529 3929 1737 4000 lignarii
1767 3929 1868 3982 hu-

257 4030 369 4085 mili
392 4026 714 4082 domuncula
737 4023 903 4096 (Luc.
927 4023 980 4081 9...
1009 4021 1103 4093 7).
1129 4019 1195 4076 Et
1222 4035 1407 4075 rursus
1434 4035 1557 4074 cum
1578 4018 1873 4089 discipulos
1961 4041 1974 4051 -

256 4129 591 4184 assumeret,
629 4132 737 4172 non
765 4117 1014 4171 rhetores
1055 4125 1106 4170 et
1138 4112 1490 4182 philosophos
1533 4110 1782 4180 accepit,
1815 4118 1871 4166 et

257 4230 432 4286 reges,
464 4213 556 4268 sed
587 4211 877 4282 piscatores
905 4217 960 4264 et
999 4207 1312 4278 publicanos
1343 4203 1361 4276 (
1389 4202 1574 4257 Matth.
1606 4203 1660 4256 4.
1697 4203 1785 4257 l8.
1821 4211 1870 4254 et

258 4312 313 4365 9.
344 4311 452 4379 9):
483 4314 538 4362 et
568 4314 782 4360 tenuem
806 4302 948 4356 hanc
976 4301 1135 4354 vitam
1169 4295 1612 4377 persequebatur,
1641 4309 1739 4348 nec
1768 4293 1867 4348 do-

259 4415 407 4456 mum
436 4398 665 4462 habens,
697 4411 799 4451 nec
827 4393 1067 4449 vestibus
1096 4390 1344 4461 pl‘CllOsiS
1375 4389 1612 4453 indutus,
1643 4401 1743 4442 nec
1772 4385 1868 4441 de-

260 4496 414 4548 licata
462 4501 518 4548 et
551 4491 694 4546 lauta
729 4501 914 4544 mensa
960 4484 1144 4539 fruens
1167 4525 1181 4548 ,
1213 4482 1308 4536 sed
1337 4481 1405 4535 ab
1444 4480 1562 4533 aliis
1593 4479 1826 4534 nutritus
1851 4519 1866 4544 ,

261 4586 473 4657 probris
500 4583 743 4647 aﬂ'ectus,
771 4587 1128 4646 contemptus,
1157 4575 1359 4644 ejectus
1380 4581 1436 4626 et
1460 4571 1670 4641 fugatus
1696 4569 1715 4640 (
1740 4568 1869 4623 Luc.

257 4681 313 4735 9.
345 4678 415 4734 58
437 4678 476 4747 ).
504 4674 632 4730 limo
658 4683 839 4728 autem
878 4667 1106 4724 faciebat
1149 4681 1215 4720 ex
1243 4660 1703 4734 superabundanti
1746 4676 1872 4729 qua-

259 4769 386 4824 dam
434 4766 589 4837 copia
639 4763 932 4818 humanum
981 4759 1175 4813 fastum
1215 4754 1559 4810 conculcans.
1605 4750 1869 4819 Quoniam

257 4880 392 4936 ergo
419 4863 490 4917 nil
535 4857 874 4930 magnificum
907 4869 1006 4909 nec
1048 4852 1336 4922 gloriosum
1380 4863 1488 4918 pne
1527 4861 1587 4901 se
1623 4845 1866 4909 ferebat,

260 4974 361 5013 nec
391 4957 529 5010 ullos
559 4954 786 5008 comites
825 4948 1095 5011 habebat,
1139 4961 1237 5000 nec
1264 4942 1526 4999 satellites
1549 4983 1564 5006 ,
1605 4939 1714 4994 imo
1741 4953 1869 4993 vero

262 5061 664 5119 nonnumquam
695 5044 858 5100 etiam
891 5041 1039 5094 solus
1085 5037 1347 5114 circuibpt
1371 5075 1384 5100 ,
1417 5034 1556 5089 sicut
1582 5031 1808 5103 quilibet
1837 5044 1869 5084 e

262 5142 494 5215 populo,
528 5146 812 5209 propterea
847 5133 936 5187 ille
963 5130 1180 5200 quidem
1223 5127 1370 5190 dicit,
1417 5124 1646 5178 Vidimus
1673 5122 1864 5192 ipsum,

260 5214 305 5289 et
336 5249 436 5286 non
463 5229 634 5284 habuit
657 5226 896 5297 speciem,
929 5239 1015 5276 nec
1039 5217 1467 5290 pulchritudinem
1498 5232 1516 5269 :
1537 5214 1624 5268 hic
1651 5223 1829 5268 autem
1851 5255 1865 5279 ,

261 5325 535 5395 Speciosus
563 5325 728 5384 forma
753 5333 858 5389 pra:
879 5317 999 5385 [iliis
1024 5313 1283 5366 hominum
1309 5310 1328 5374 ί
1349 5308 1477 5363 Isai.
1520 5309 1609 5363 5'5.
1636 5307 1670 5358 ‘2
1697 5306 1715 5376 )
1744 5322 1757 5370 ;
1792 5305 1866 5360 si-

258 5417 518 5489 gnificans
555 5411 805 5483 gratiam,
840 5406 1180 5476 Sapientiam,
1218 5401 1551 5463 doctrinam,
1587 5396 1866 5451 miracula.

263 5507 468 5566 Deinde
496 5503 809 5561 describens
835 5499 952 5570 ejus
983 5495 1431 5567 pulchritudinem
1465 5491 1593 5546 dicit
1618 5507 1630 5542 :
1666 5489 1871 5554 Dill‘usa

259 5617 330 5658 est
366 5601 532 5674 gratia
550 5599 606 5652 in
630 5596 775 5652 labiis
807 5596 927 5648 tuis.
961 5591 1121 5645 Vides
1151 5604 1273 5645 eum
1303 5587 1420 5642 haec
1446 5585 1627 5641 dicere
1667 5583 1734 5638 de
1767 5583 1868 5637 hu-

261 5707 418 5749 mana
462 5691 530 5745 ab
571 5704 637 5745 eo
679 5695 924 5757 suscepta
973 5679 1357 5748 natum?qu
1403 5687 1483 5734 est
1531 5685 1708 5731 autem
1756 5675 1866 5729 [nec

322 5809 399 5872 (η)
432 5807 621 5870 Aquila.

1418 327 1776 386 EXI‘OSlTlO
1814 323 1878 380 ιδ]
1920 321 2243 379 ΙδὸΑιιΜυΜ
2289 321 2464 379 XLIV.

3484 312 3592 367 tes

1969 434 2140 505 gratia
2165 435 2186 485 ‘t
2213 434 2317 488 Per
2344 447 2503 502 quam
2550 431 2770 491 docuit,
2807 441 2903 498 per
2947 441 3106 497 quam
3135 423 3265 481 fecit
3304 424 3584 479 miracula.

1966 528 2203 585 Gratiam
2237 527 2322 580 hic
2364 525 2532 591 dicit,
2574 507 2693 580 eam
2722 536 2842 592 qua:
2868 519 3017 575 venit
3035 516 3104 573 ad
3127 529 3349 572 carnem
3380 531 3392 568 :
3418 512 3590 582 Suprr

1964 639 2145 695 quem,
2177 621 2346 690 inquit
2366 660 2380 683 ,
2414 619 2597 673 videris
2620 617 2877 688 Spiritum
2918 611 3307 668 descendentem
3328 617 3588 678 tamquam

1966 715 2271 777 columbam,
2296 723 2342 764 et
2368 720 2652 766 manentem
2674 725 2826 779 super
2850 708 3044 777 ipsum,
3077 703 3123 759 is
3144 713 3216 758 est
3247 701 3335 774 qui
3361 699 3589 770 baptizat

1965 807 2160 880 (Joan.
2202 806 2250 860 l.
2283 803 2413 874 55).
2436 801 2632 858 Omnis
2660 801 2803 856 enim
2835 798 3007 870 gratia
3047 795 3216 852 ell'usa
3243 802 3329 849 est
3370 793 3424 846 in
3455 789 3586 846 illud

1967 901 2247 969 templum.
2272 897 2389 952 Non
2412 895 2506 950 dat
2522 895 2665 951 enim
2694 893 2771 950 illi
2791 892 3051 962 Spiritum
3072 892 3126 944 in
3151 900 3442 942 mensura:
3473 880 3594 936 Nos

1965 993 2101 1048 enim
2143 991 2208 1045 de
2253 990 2366 1060 ejus
2396 987 2716 1059 plenitudine
2763 984 3054 1056 accepimus
3106 977 3308 1052 (Joan.
3349 972 3587 1048 1.16);

1970 1086 2100 1140 illud
2126 1071 2304 1139 autem
2338 1081 2601 1152 templum
2642 1079 2907 1148 integram
2947 1083 3003 1131 et
3029 1073 3336 1130 universam
3380 1068 3592 1138 accepit
3649 1097 3652 1099 λ

1970 1178 2220 1258 gratiam.
2287 1177 2403 1232 Hoc
2447 1175 2611 1228 Isaias
2654 1183 2871 1240 quoque
2925 1165 3274 1237 significans,
3326 1160 3584 1224 dicebat,

1972 1253 2265 1344 Requiescet
2292 1285 2447 1341 super
2470 1268 2640 1339 ipsum
2673 1263 2902 1336 Spiritus
2929 1258 3196 1331 sapientia:
3219 1265 3265 1311 et
3294 1253 3589 1324 intelligen-

1973 1337 2095 1430 titei,
2130 1337 2369 1434 Spiritus-
2394 1337 2594 1414 consilii
2638 1365 2686 1410 et
2728 1353 2930 1408 uirtutis
2954 1391 2970 1418 ,
3015 1348 3244 1419 Spiritus
3281 1337 3509 1400 scientia:
3539 1349 3601 1397 et.

1973 1457 2193 1528 pietatis.
2228 1453 2456 1527 Spiritus
2492 1449 2690 1506 timoris
2713 1446 2808 1502 Dei
2831 1442 3060 1516 implebit
3095 1442 3265 1513 ipsum
3296 1437 3462 1512 (Isai.
3495 1437 3586 1492 ll.

1972 1548 2028 1601 2.
2062 1549 2096 1604 5
2119 1550 2161 1617 ).
2187 1545 2295 1602 Sed
2320 1544 2430 1600 illic
2457 1542 2674 1614 quidem
2697 1547 2779 1595 est
2807 1539 3015 1607 integra
3037 1543 3091 1589 et
3111 1533 3361 1588 universa
3382 1529 3550 1602 gratia
3574 1545 3586 1580 :

1939 1704 1948 1712 κ
1976 1643 2028 1696 in
2058 1639 2368 1696 hominibus
2389 1648 2570 1693 autem
2597 1650 2783 1707 parum
2817 1631 2965 1705 quid,
2999 1637 3053 1688 et
3078 1637 3227 1699 gutta
3258 1643 3324 1683 ex
3351 1625 3440 1680 illa
3465 1638 3592 1694 gra-

1977 1737 2068 1790 tia.
2100 1735 2392 1802 Propterea
2420 1745 2527 1785 non
2557 1729 2711 1796 dixit,
2743 1728 2822 1783 Do
2847 1720 3272 1797 Spiritum,.sed,
3309 1715 3592 1784 E/I'undam

1977 1828 2040 1882 de
2071 1827 2271 1896 Spiritu
2298 1841 2408 1880 meo
2428 1839 2584 1894 super
2605 1837 2808 1876 onmem
2836 1834 3041 1873 carnem
3069 1813 3243 1887 (Joel.
3276 1811 3332 1866 2.
3362 1809 3435 1864 28
3453 1807 3497 1880 ).

2049 1922 2104 1977 5.
2139 1920 2251 1975 Hoc
2280 1920 2459 1988 itaque
2503 1915 2706 1970 evenit.
2735 1911 2923 1968 Omnis
2951 1910 3095 1965 enim
3138 1907 3288 1962 orbis
3323 1915 3588 1958 terrarum

1978 2015 2186 2086 accepit
2215 2029 2279 2068 ex
2315 2013 2406 2066 illo
2435 2011 2657 2080 Spiritu.
2687 2005 2894 2077 lncepit
2935 2003 3080 2059 enim
3120 2002 3322 2056 donum
3353 2013 3383 2053 a
3415 1996 3594 2052 Palai~

1978 2111 2117 2164 stiua
2150 2151 2165 2174 ,
2217 2107 2484 2179 processit
2541 2105 2722 2158 autem
2777 2101 2833 2154 in
2897 2097 3230 2170 Aigypwm,
3271 2093 3324 2147 in
3375 2089 3584 2147 Phccni.

1979 2202 2136 2268 ciam,
2176 2198 2409 2268 Syriam,
2439 2193 2703 2259 Ciliciam,
2742 2190 3096 2261 Euphratem,
3124 2182 3594 2255 Mesopotamiam,

1979 2289 2397 2362 Cappadociam,
2434 2287 2724 2351 Galatiam,
2762 2281 3066 2354 Scythiam,
3100 2277 3415 2341 Thraciam,
3439 2272 3596 2329 Grai-

1980 2387 2141 2452 ciam,
2178 2382 2440 2446 Galliam,
2471 2378 2698 2445 Italiam,
2723 2391 2940 2430 omnem
2973 2373 3197 2444 Libyam
3225 2411 3241 2436 ,
3276 2367 3594 2436 Europam,

1980 2478 2184 2544 Asiam,
2238 2475 2290 2528 in
2336 2474 2513 2544 ipsum
2543 2470 2842 2526 Oceanum.
2889 2464 3029 2534 Quid
3081 2461 3306 2532 longiori
3352 2457 3598 2512 oratione

1980 2587 2116 2643 opus
2137 2570 2556 2637 cst?Qnantum
2605 2574 2768 2619 terra:
2823 2561 2906 2617 sol
2950 2557 3210 2629 respicit,
3237 2563 3443 2608 tantum
3476 2565 3597 2620 pcr-

1980 2642 2116 2721 vasit
2143 2664 2257 2718 haec
2284 2662 2453 2734 gratia
2486 2678 2499 2714 :
2538 2669 2594 2715 et
2644 2659 2762 2712 haec
2791 2664 2938 2726 gutta
2962 2667 3025 2706 ac
3055 2649 3199 2706 stilla
3227 2645 3460 2717 Spiritus
3491 2642 3596 2697 imo

1983 2758 2148 2829 plcvit
2172 2759 2482 2811 universum
2515 2753 2706 2807 orbem
2741 2759 3009 2805 terrarum
3061 2743 3309 2798 scicntia.
3343 2739 3448 2804 [ἴοι-
3475 2751 3597 2802 eam

1980 2855 2131 2924 signa
2167 2851 2402 2914 fiebant,
2457 2847 2700 2901 omnium
2741 2849 2962 2912 peccata
3015 2835 3388 2893 solvebantur.
3412 2829 3598 2887 Gratia
3677 2847 3680 2853 ·

1939 2967 1945 2977 ·
1982 2922 2160 3000 tamen
2193 2959 2312 3013 qua:
2342 2941 2467 2995 data
2499 2949 2583 2993 est
2637 2938 2692 2990 in
2747 2942 2826 2989 tot
2879 2929 3232 3002 regionibus,
3285 2934 3369 2981 est
3419 2922 3604 2992 aliqua.

1983 3046 2188 3092 tantum
2223 3049 2348 3104 pars
2375 3042 2429 3086 et
2456 3029 2614 3084 arrha
2646 3026 2794 3082 doni.
2829 3024 2974 3078 Dans
3002 3022 3147 3078 enim
3177 3060 3193 3086 ,
3219 3017 3394 3086 inquit
3450 3018 3597 3083 Apo-

1980 3131 2171 3196 stolus,
2205 3128 2413 3182 arrham
2438 3123 2665 3194 Spiritus
2695 3121 2746 3174 in
2774 3117 3012 3172 cordibus
3043 3114 3232 3168 nostris
3262 3109 3356 3181 (‘2.
3387 3107 3510 3161 Cor.
3545 3106 3592 3159 l.

1979 3223 2207 3293 ‘29.),hoc
2233 3227 2346 3286 est,
2375 3226 2578 3288 partem
2626 3210 2993 3283 operationis,
3022 3205 3256 3276 Spiritus
3290 3202 3433 3256 enim
3484 3214 3591 3252 nou

1981 3292 2258 3369 diuiditur.
2289 3309 2424 3364 Vide
2452 3315 2635 3361 autem
2667 3311 2899 3375 quantus
2925 3301 3000 3354 sit
3037 3297 3173 3351 fons.
3207 3294 3310 3348 Alii
3336 3292 3470 3346 enim
3503 3306 3594 3360 per

1983 3409 2234 3479 Spiritum
2257 3405 2408 3457 datur
2438 3381 2926 3467 sermosapientite;
2953 3391 3044 3446 alii
3077 3404 3196 3445 uero
3236 3401 3404 3441 sermo
3429 3384 3598 3457 scien-

1982 3503 2066 3555 tia:
2104 3498 2387 3555 secundum
2431 3492 2662 3549 eumdem
2714 3489 2969 3560 Spiritum
2993 3500 3012 3548 ,°
3043 3482 3134 3536 alii
3165 3496 3280 3535 vero
3304 3477 3434 3548 fides
3465 3517 3477 3540 ,
3506 3474 3598 3528 alii

1980 3596 2163 3669 gratim
2189 3591 2548 3653 curationum;
2579 3587 2671 3641 alii
2697 3599 2812 3639 vero
2842 3580 3168 3650 operationes
3208 3583 3516 3646 potestatum
3545 3572 3598 3625 in

1979 3691 2155 3746 eodem
2185 3687 2385 3757 Spiritu
2408 3701 2427 3749 ;
2467 3682 2558 3736 alii
2588 3691 2759 3734 autem
2775 3672 3070 3747 prophetia:
3095 3715 3111 3740 ,
3151 3671 3243 3725 alii
3271 3667 3600 3722 discretioncs

1980 3784 2272 3856 spirituum,
2303 3780 2391 3833 alii
2422 3793 2610 3850 genera
2641 3775 2934 3844 linguarum
2963 3769 2981 3837 (
3007 3769 3060 3823 1.
3090 3765 3210 3821 Cor.
3249 3764 3332 3818 12.
3365 3760 3524 3816 8.-10
3545 3758 3587 3830 ).

1979 3875 2084 3931 Tot
2110 3874 2249 3928 dona
2284 3871 2338 3926 in
2373 3878 2449 3924 tot
2481 3875 2834 3939 gentes,qua:
2863 3862 2915 3916 in
2941 3858 3212 3930 baptismo
3242 3863 3491 3923 suscepta
3516 3860 3597 3906 est

1979 3968 2150 4041 gratia
2179 4007 2194 4030 ,
2226 3966 2278 4019 in
2303 3963 2611 4018 universum
2638 3968 2907 4012 terrarum
2944 3953 3133 4008 orbem
3176 3947 3440 4004 extendit.
3470 3944 3598 3999 Ila-.e

1977 4037 2158 4117 autem
2185 4057 2363 4112 omnia
2391 4052 2517 4108 facit
2545 4049 2685 4105 stilla
2716 4046 2973 4118 Spiritus.
2998 4040 3153 4111 Quod
3180 4039 3322 4096 enim
3351 4037 3492 4093 stilla
3512 4053 3598 4089 es-

1977 4162 2080 4221 set,
2110 4148 2408 4206 declararit
2436 4160 2559 4201 cum
2586 4142 2759 4198 dixit:
2808 4136 3092 4205 E/Tundam
3136 4132 3200 4187 de
3244 4129 3447 4200 Spiritu
3487 4143 3597 4180 meo

1985 4219 2214 4322 (δόρη.
2238 4241 2356 4316 28),
2379 4251 2579 4298 etcum
2611 4235 2823 4290 arrham
2852 4227 3164 4302 appellavit.
3195 4225 3300 4280 Per
3323 4223 3426 4277 hoc
3449 4219 3595 4276 enim

1979 4345 2182 4398 clarum
2207 4313 2324 4402 est,
2343 4347 2534 4404 parum
2561 4326 2688 4400 quid
2719 4342 2788 4382 ex
2820 4331 2933 4380 toto
2959 4320 3144 4377 datum
3167 4332 3309 4374 esse.
3327 4313 3595 4381 Quocirca

1980 4437 2218 4493 Joannes
2244 4402 2460 4500 quoque
2489 4423 2593 4479 hoc
2637 4422 2813 4491 ipsum
2855 4411 3188 4487 significans,
3221 4407 3438 4463 dicebat
3466 4419 3480 4457 :
3517 4402 3598 4457 Ea:

1978 4498 2294 4601 plenitudine
2335 4521 2444 4592 ejus
2491 4533 2585 4571 nos
2632 4528 2804 4569 omnes
2851 4507 3139 4578 accepimus
3168 4501 3351 4576 (Joan.
3386 4500 3439 4553 1.
3474 4498 3589 4563 lii):

1976 4588 2045 4681 ex
2073 4637 2140 4678 eo
2165 4615 2308 4690 quod
2335 4588 2434 4682 ,‘ut
2453 4614 2524 4668 ita
2550 4605 2809 4674 dixerim,
2837 4599 3229 4674 superfluebat,
3259 4611 3324 4650 est
3355 4608 3420 4648 co
3450 4588 3591 4661 quod

1979 4687 2356 4775 rcdundabat,
2404 4721 2472 4761 ex
2509 4717 2576 4758 eo
2602 4697 2747 4772 quod
2791 4687 3333 4766 supereﬂ‘undebatur
3357 4727 3373 4753 ,
3403 4697 3595 4738 omnes

1977 4809 2307 4882 accepimus.
2348 4798 2645 4858 Considera
2695 4807 2827 4864 ergo
2849 4803 3008 4861 quam
3054 4786 3127 4840 sit
3164 4781 3312 4839 omni
3343 4795 3410 4834 ex
3440 4784 3593 4847 parte

1977 4872 2258 4962 sufficiens
2285 4895 2461 4969 gratia
2488 4891 2725 4962 Spiritus
2748 4887 2789 4952 ί,
2825 4897 2944 4955 qua).
2988 4879 3245 4935 universo
3273 4872 3390 4930 orbi
3424 4880 3594 4925 terra-

1976 5020 2097 5062 rum
2129 5008 2278 5056 tanto
2304 5005 2549 5065 tempore
2577 4984 2799 5051 sufficit,
2825 4990 2882 5036 et
2905 4991 3079 5048 neque
3103 4966 3590 5029 circumscribitur,

1976 5114 2077 5155 nec
2105 5059 2462 5154 consumitur,
2489 5081 2586 5140 sed
2628 5091 2818 5134 omnes
2845 5071 3065 5145 quidem
3097 5065 3284 5136 implet
3312 5059 3510 5132 opibus
3538 5070 3594 5111 et

1975 5191 2145 5266 gratia
2173 5206 2186 5243 :
2213 5186 2332 5256 ipsa
2359 5193 2490 5237 vero
2523 5173 2752 5232 minime
2805 5162 3168 5224 consumitur.
3211 5154 3419 5266 Deinde
3459 5166 3592 5252 qun-

1979 5244 2127 5340 iiiam
2185 5244 2385 5334 nomen
2432 5269 2657 5341 spiritus
2707 5261 2875 5318 multa
2932 5253 3152 5313 nomina
3211 5244 3590 5319 complectitur

1979 5377 1999 5446 (
2031 5389 2155 5430 nam
2180 5380 2236 5426 et
2280 5363 2504 5436 angelus
2527 5403 2542 5426 ,
2574 5368 2631 5413 et
2669 5355 2847 5410 anima
2875 5393 2890 5418 ,
2916 5360 2972 5406 et
2999 5353 3193 5401 ventus
3222 5339 3325 5394 hoc
3357 5334 3553 5390 dicitur
3574 5371 3588 5399 ,

2820 5445 2833 5446 ί
2932 5444 2959 5446 υ
3011 5443 3018 5446 -
3056 5441 3064 5446 -
3318 5430 3356 5446 Α
3496 5444 3504 5446 .
3545 5425 3556 5446 ι

1977 5425 2033 5526 et
2061 5468 2228 5523 multa
2257 5425 2404 5528 alia“)
2429 5499 2443 5522 ,
2467 5450 2772 5522 subjunxit,
2807 5445 2884 5500 De
2922 5441 3125 5513 Spiritu
3150 5450 3281 5489 meo.
3315 5425 3588 5499 Quemad—

1978 5561 2199 5619 modum
2228 5569 2356 5626 ergo
2387 5523 2621 5606 heroinis
2647 5540 2860 5613 spiritui
2887 5532 3173 5593 intercedit
3204 5543 3328 5586 eum
3372 5523 3586 5578 homine

2047 5722 2063 5752 ί
2103 5727 2217 5774 Reg.
2257 5721 2418 5768 unus,
2454 5711 2658 5774 potestas
2703 5702 2922 5774 Slnlttltls.
2961 5700 3011 5745 tt
3057 5693 3125 5741 sic
3169 5687 3297 5750 legit
3328 5688 3530 5734 chttan
3555 5693 3595 5726 ις

1985 5761 2241 5834 neu-"iiiis.
2269 5761 2479 5837 Vtraque
2501 5766 2644 5819 lectio
2669 5761 2889 5827 quadrat.
