4068 6436
541 366 642 422 187

536 477 806 548 cognatio,
830 478 902 532 ita
929 477 1087 533 etiam
1133 477 1225 533 Dei
1268 477 1488 548 Spiritui
1506 519 1522 544 ,
1549 476 1642 533 sed
1667 477 1716 532 ei
1749 475 1916 531 nihilo
1945 475 2119 530 secius

539 569 775 624 manenti
814 570 867 624 in
897 569 1107 640 propria
1160 569 1456 640 hypostasi.
1505 568 1665 640 quue
1692 567 1890 623 Paulus
1914 567 2119 636 signiﬁ-

536 677 666 716 cans
692 663 902 717 dicebat
931 679 947 717 :
991 662 1115 730 Quis
1137 664 1278 718 enim
1301 664 1561 717 hominum
1588 663 1722 716 novit
1752 677 1865 730 qua:
1888 670 2002 714 sunt
2028 660 2121 714 ho.

533 755 718 818 minis.
750 756 848 810 nisi
871 755 1078 822 spiritus
1104 754 1322 811 hominis
1349 756 1435 825 qui
1473 756 1525 808 in
1554 755 1664 824 ipso
1703 763 1774 808 est
1799 753 1826 806 .’
1862 750 1948 807 Ita
1969 751 2118 806 etiam
2156 772 2159 773 ν

533 864 644 916 qua:
672 857 788 902 sunt
804 846 900 903 Dei
923 888 940 911 .
972 864 1120 903 nemo
1147 849 1302 916 novit,
1335 849 1432 902 nisi
1448 846 1675 916 Spiritus
1695 846 1788 901 Dei
1814 844 1892 918 (1.
1921 845 2040 900 Cor.
2061 843 2116 899 2.

533 942 648 1012 ll),
683 958 788 997 non
817 940 1150 997 confundens
1181 940 1500 1012 hypostases
1529 954 1625 994 seu
1657 953 1932 1008 personas,
1954 939 2113 1001 absit;

530 1033 624 1086 sed
677 1032 1005 1087 nobilitatem
1034 1032 1266 1102 Spiritus
1292 1031 1618 1103 signiﬁcans.
1651 1032 1855 1100 Quanta
1885 1044 2013 1100 ergo
2035 1038 2119 1084 est

529 1125 698 1194 ipsius
717 1125 909 1179 anima:
935 1137 1056 1179 cum
1084 1125 1255 1194 seipsa
1276 1124 1580 1190 consensio,
1610 1133 1750 1177 tanta
1778 1131 1860 1177 est
1887 1120 2116 1190 Spiritus

526 1229 646 1269 cunt
682 1215 840 1270 Patre
864 1216 1130 1286 cognatio.
1150 1215 1762 1284 Quemadmodnmcrgo
1793 1214 1956 1269 Filius
1979 1229 2114 1284 quo-

534 1322 638 1376 que
662 1307 856 1362 dicitur
884 1307 1127 1374 verbum,
1161 1322 1262 1364 nec
1287 1318 1369 1362 est
1409 1319 1584 1363 tamen
1630 1307 1899 1377 ejusmodi
1920 1315 1977 1362 ut
2007 1321 2114 1360 non

526 1399 809 1462 subsistat,
850 1397 944 1452 sed
973 1413 1067 1468 per
1095 1397 1148 1453 id
1177 1399 1549 1470 cognoscimus
1583 1412 1701 1466 qtne
1740 1399 1810 1453 sit
1846 1397 1961 1467 ejus
1990 1411 2112 1452 cum

527 1486 686 1544 Patre
713 1489 960 1558 cognatio
984 1507 996 1543 ε
1027 1489 1097 1544 ita
1124 1490 1285 1544 etiam
1313 1489 1544 1559 Spiritus
1589 1490 1689 1546 Dei
1721 1490 1914 1546 dicitur
1939 1489 2112 1561 Spiri-

527 1587 630 1641 tus,
665 1594 762 1634 nec
791 1588 966 1635 tamen
997 1595 1100 1634 non
1137 1579 1395 1636 subsistit.
1417 1581 1486 1636 Et
1509 1582 1958 1652 quemadmodum
1980 1600 2112 1654 quo-

526 1669 668 1723 niam
690 1678 771 1726 est
791 1672 1039 1741 proprius
1059 1687 1121 1726 ac
1136 1688 1424 1743 germanus
1436 1673 1608 1729 Patris
1623 1673 1807 1740 Filius,
1831 1685 2110 1744 propterea

529 1762 682 1816 nobis
714 1762 933 1834 largitur
961 1763 1300 1834 adoptionem
1343 1766 1570 1820 ﬁliorum
1600 1783 1614 1818 :
1657 1768 1728 1822 ita
1758 1768 1916 1822 etiam
1939 1769 2110 1839 Spiri—

529 1862 630 1915 tus,
661 1855 912 1924 quoniam
941 1870 1036 1909 sua
1067 1866 1250 1912 natura
1280 1866 1362 1912 est
1406 1873 1470 1913 ex
1517 1859 1608 1913 Dei
1637 1859 1951 1924 substantia,
1971 1861 2107 1916 dona

527 1944 680 1998 nobis
703 1945 924 2012 prrcbet.
946 1945 1076 2001 Nam
1115 1945 1276 2001 homo
1303 1963 1515 2018 quoque
1553 1950 1982 2020 quandoquidem
2009 1967 2106 2012 na-

525 2044 640 2088 tura
692 2033 853 2089 homo
879 2043 998 2102 est,
1035 2035 1153 2092 ideo
1180 2047 1358 2108 potest
1398 2039 1631 2095 hominis
1661 2041 1879 2112 pingere
1920 2043 2108 2114 imagi-

523 2139 668 2178 nem.
713 2123 991 2196 PrOpterea
1038 2127 1287 2183 benedixit
1330 2138 1379 2184 te
1425 2129 1560 2184 Deus
1589 2132 1640 2184 in
1660 2142 1922 2191 retentum.
1958 2135 2108 2191 Alius

520 2213 643 2270 dicit
671 2258 685 2282 ,
721 2214 892 2286 Hujus
914 2219 984 2270 rei
1010 2220 1192 2288 gratia.

591 2306 866 2376 Propheta:
893 2317 939 2362 et
965 2310 1283 2380 evangelista:
1323 2311 1633 2379 ili/ferentia.
1685 2344 1756 2354 —
1794 2315 1952 2372 Vides
1975 2332 2107 2388 quo~

519 2398 678 2454 modo
720 2415 783 2455 ex
827 2399 1128 2457 vehementi
1157 2402 1438 2460 all‘eetione
1466 2406 1533 2460 ad
1587 2407 1760 2477 ipsum
1807 2411 2106 2467 orationem

515 2490 742 2562 dirigit?
791 2493 862 2546 Ea
895 2493 961 2550 de
990 2508 1146 2548 causa
1201 2495 1337 2550 alibi
1377 2511 1592 2568 quoque
1637 2513 1744 2556 non
1790 2501 2106 2570 simpliciter

517 2584 693 2640 futura
722 2585 979 2655 prtedicit,
1013 2587 1104 2642 sed
1134 2604 1242 2657 pra:
1264 2603 1322 2644 se
1352 2589 1532 2646 ferens
1561 2592 1785 2663 ﬁguram
1810 2595 1971 2651 oblati
1995 2598 2100 2652 cri-

515 2680 674 2732 minis
703 2695 716 2732 :
751 2688 806 2734 ut
831 2679 1044 2750 quando
1067 2681 1235 2736 dicit:
1273 2681 1443 2747 Quare
1465 2684 1779 2754 fremuerunt
1803 2697 1974 2758 gentes
1997 2729 2011 2754 ,
2054 2699 2100 2749 et

513 2771 690 2840 populi
724 2771 948 2826 meditati
974 2783 1090 2827 sunt
1113 2774 1286 2828 inania
1313 2773 1483 2844 (Psal.
1505 2776 1559 2830 2.
1596 2778 1651 2849 1)
1676 2779 1700 2833 ?
1723 2781 1795 2834 ita
1823 2781 1982 2836 etiam
2013 2780 2101 2839 hic

510 2876 631 2916 cum
669 2862 798 2918 dicit
833 2881 846 2918 :
882 2862 1160 2934 Propterea
1208 2865 1458 2920 benedixit
1490 2877 1536 2921 te
1566 2867 1704 2923 Deus
1734 2869 1788 2922 in
1831 2880 2095 2925 internum.

510 2953 642 3006 Cum
671 2955 812 3008 enim
842 2971 940 3010 nec
966 2956 1033 3009 de
1055 2955 1172 3025 ejus
1202 2965 1321 3011 ortu
1348 2999 1363 3023 ,
1395 2973 1494 3012 nec
1519 2959 1586 3013 de
1615 2959 1933 3016 educatione
1955 3004 1969 3026 ,
1998 2978 2098 3018 nec

511 3047 580 3101 de
606 3047 720 3102 aliis
744 3049 1030 3118 quidquam
1062 3049 1306 3116 dixisset,
1337 3049 1424 3105 hic
1451 3049 1625 3106 obiter
1649 3052 1718 3108 de
1742 3068 1809 3109 eo
1837 3053 2092 3124 loquitur.

514 3139 626 3208 Qua
655 3139 721 3196 de
749 3144 845 3196 re?
875 3141 1025 3209 Quod
1055 3143 1232 3196 omnia
1263 3143 1475 3213 quidem
1511 3143 1692 3202 dicere
1723 3162 1818 3217 per
1848 3147 2093 3204 ordinem

507 3243 591 3288 est
624 3233 1070 3303 evangelistarnm
1095 3276 1109 3296 ,
1141 3242 1198 3287 et
1233 3234 1354 3290 ideo
1381 3235 1469 3290 illa
1501 3237 1581 3291 eis
1627 3238 1959 3304 reservavit;
1992 3239 2096 3295 hoc

510 3326 652 3379 enim
681 3335 794 3379 erat
838 3325 1079 3380 ofﬁcium
1118 3325 1328 3381 illorum
1376 3327 1701 3382 narrationis
1752 3345 1766 3381 :
1801 3328 2096 3398 pr0pbetite

510 3433 640 3472 vero
685 3431 877 3470 munus
905 3427 1021 3482 est,
1058 3424 1244 3485 partes.
1279 3418 1486 3488 aliquas
1539 3432 1752 3477 sumere
1777 3461 1790 3485 ,
1835 3418 1985 3474 etde
2015 3421 2093 3476 eis

510 3507 795 3561 disserere.
848 3507 916 3561 Et
955 3507 1077 3562 ideo
1106 3508 1381 3577 prophetae
1407 3524 1620 3579 quoque
1650 3508 1750 3566 hoc
1787 3509 1982 3580 ubique
2009 3508 2091 3572 fa,-

507 3599 695 3653 ciunt:
726 3613 847 3652 nam
881 3613 1047 3669 pauca
1073 3603 1324 3670 quaedam
1361 3616 1480 3671 quae
1508 3601 1573 3655 ad
1617 3600 1893 3656 historiam
1926 3603 2091 3671 perti-

506 3700 657 3756 nent,
689 3691 989 3761 injieientes
1019 3701 1072 3747 et
1100 3692 1478 3748 adumbrantes
1502 3735 1516 3758 ,
1547 3693 1823 3752 recedunt.
1859 3692 2094 3754 ideohic

505 3798 739 3853 quoque,
785 3781 1052 3837 Beaedixit
1100 3793 1145 3835 te
1180 3782 1314 3836 Deus
1341 3823 1354 3848 ,
1388 3782 1595 3852 inquit,
1620 3784 1674 3840 in
1703 3793 1950 3838 teternunt
1977 3826 1991 3850 ,
2015 3785 2094 3840 sic

504 3873 786 3927 declarans
806 3873 921 3942 ejus
945 3874 1105 3928 verba
1137 3883 1280 3928 tanta
1302 3874 1470 3943 gratia
1500 3873 1668 3939 fuisse
1693 3875 1873 3943 plena.
1903 3873 2093 3939 Consn-

501 3966 631 4022 dera
673 3981 802 4037 ergo
835 3967 1081 4021 virtutem
1130 3967 1336 4037 gratiae.
1390 3966 1706 4026 Deambulat
1764 3967 2088 4039 quandoque

502 4073 671 4128 prope
692 4073 858 4125 mare,
887 4071 940 4114 et
965 4060 1165 4114 invenit
1187 4059 1440 4115 Jacobnm
1470 4067 1524 4114 et
1550 4059 1835 4126 Joannem,
1855 4060 2091 4131 dicitque

501 4152 578 4204 eis
602 4164 618 4204 :
657 4148 832 4203 Venite
859 4160 972 4221 post
988 4167 1081 4214 me,
1111 4161 1156 4204 et
1184 4152 1369 4221 faciant
1399 4167 1484 4206 nos
1505 4154 1782 4220 piscatores
1809 4151 2088 4211 hominum.

504 4237 598 4293 Illi
622 4256 738 4293 vero
769 4250 816 4292 et
845 4250 988 4308 patre
1014 4249 1067 4295 et
1091 4240 1278 4294 retibus
1308 4241 1498 4294 relictis
1518 4280 1533 4306 ,
1581 4257 1698 4294 eum
1735 4242 1933 4313 sequuti
1973 4251 2094 4296 sunt

502 4331 714 4401 (Matth.
741 4332 796 4386 4.
826 4330 918 4385 21.
948 4330 1074 4401 22).
1113 4331 1318 4387 Deinde
1346 4331 1508 4386 etiam
1549 4346 1673 4396 cum
1722 4332 1847 4386 alibi
1889 4333 2094 4390 diceret

499 4425 748 4479 munibus
777 4422 1034 4492 apostolis
1069 4439 1080 4472 :
1123 4421 1387 4492 Numquid
1417 4439 1514 4481 vos
1538 4439 1736 4493 quoque
1779 4423 1926 4478 vultis
1953 4441 2091 4479 rece-

501 4517 662 4571 dere?
711 4516 838 4570 dicit
889 4515 938 4569 ei
989 4508 1178 4570 Petrus
1220 4531 1232 4566 :
1283 4513 1522 4580 Domine,
1560 4515 1709 4570 verba
1745 4517 1860 4569 vita:
1890 4527 2094 4571 interna:

501 4608 673 4672 habes,
706 4617 754 4660 et
805 4622 897 4660 nos
947 4606 1250 4660 credidimus
1300 4614 1352 4659 et
1389 4606 1715 4676 cognovimus
1752 4606 1889 4676 quod
1936 4617 1990 4661 tu
2040 4624 2092 4662 es

498 4698 729 4752 Christus
752 4695 917 4752 Filius
946 4695 1044 4751 Dei
1063 4699 1158 4751 vivi
1193 4713 1211 4751 :
1255 4705 1301 4750 et
1329 4697 1398 4750 ad
1424 4713 1571 4764 quem
1593 4696 1842 4761 abibimus
1868 4698 1887 4768 (
1929 4697 2090 4769 Joan.

503 4792 558 4844 0.
591 4788 856 4860 68.-70)1
882 4789 1017 4858 Quid
1046 4789 1169 4844 dico
1195 4789 1529 4859 discipulos?
1558 4789 1661 4860 lpsi
1682 4790 1938 4846 Pharisazi
1969 4808 2090 4869 cum

503 4881 777 4936 misissent
823 4881 1132 4947 ministros,
1162 4879 1450 4936 audierunt
1491 4893 1586 4934 eos
1612 4880 1854 4935 dicentes
1882 4899 1896 4937 :
1921 4881 2094 4937 Num-

499 4990 648 5039 quam
673 4975 828 5028 homo
847 4974 919 5027 sic
952 4975 1188 5043 loquutus
1217 4982 1312 5041 est,
1336 4981 1392 5026 ut
1419 4973 1500 5026 hic
1536 4972 1685 5027 homo
1713 4973 1876 5049 (Ibid.
1903 4976 2085 5047 7.46).

503 5064 567 5120 Et
596 5065 683 5117 alii
736 5078 920 5118 rursus
947 5062 1230 5128 dicebant,
1279 5062 1573 5132 Numquam
1611 5064 1682 5117 sic
1715 5064 1874 5118 visum
1917 5074 1990 5119 est
2037 5067 2091 5119 in

505 5153 692 5210 Israel.
731 5155 798 5208 Et
840 5157 1174 5224 mirabantur,
1207 5157 1414 5228 inquit,
1436 5156 1572 5227 quod
1611 5173 1698 5214 eos
1735 5159 1934 5213 doceret
1961 5170 2091 5214 tam-

501 5265 652 5315 quam
683 5247 870 5302 habens
912 5257 1234 5320 potestatem,
1266 5258 1313 5303 et
1351 5266 1451 5304 non
1479 5258 1532 5303 ut
1558 5250 1735 5304 scribas
1771 5253 2001 5321 ipsorum
2044 5263 2091 5308 et

505 5335 760 5392 I’haristei
789 5336 810 5411 (
836 5323 1029 5392 Matth.
1057 5339 1111 5394 9.
1128 5341 1217 5395 ss.
1248 5350 1294 5396 et
1319 5341 1373 5395 7.
1399 5339 1492 5395 28.
1525 5337 1639 5412 29).

570 5432 622 5486 4.
654 5429 710 5486 Si
737 5430 870 5485 velis
896 5439 1076 5486 autem
1109 5441 1162 5486 tu
1190 5447 1401 5503 quoque
1439 5430 1578 5487 scire
1604 5431 1826 5502 gratiam
1853 5473 1868 5499 ,
1907 5433 2090 5492 consi-

501 5521 630 5576 dera
656 5524 842 5592 quanti
865 5522 974 5578 sint
995 5523 1248 5593 ponderis
1268 5532 1320 5579 et
1346 5523 1602 5594 momenti
1641 5523 1758 5593 ejus
1784 5533 2049 5596 praecepta
2071 5567 2086 5592 ,

500 5622 560 5669 et
585 5613 788 5670 videbis
811 5614 928 5684 ejus
957 5615 1267 5684 potentiam.
1301 5614 1420 5669 Nisi
1445 5615 1558 5686 quis
1595 5616 1953 5670 renuntiaverit
1975 5632 2089 5670 om-

501 5709 670 5770 nibus,
700 5717 743 5760 et
767 5715 1007 5775 praeterea
1044 5707 1268 5761 animam
1291 5725 1436 5762 suam
1459 5707 1577 5762 odio
1604 5707 1864 5772 habuerit,
1895 5709 2086 5779 inquit,

503 5813 604 5854 non
625 5808 696 5852 est
724 5813 802 5854 me
827 5799 1010 5869 dignus
1035 5796 1188 5869 (Luc.
1216 5798 1303 5857 14.
1331 5800 1429 5864 33°.
1462 5795 1621 5856 Joan.
1648 5798 1734 5856 12.
1757 5798 1829 5858 25
1853 5815 1868 5868 ;
1898 5798 2083 5856 Matth.

1308 363 1366 420 S.
1397 359 1676 420 JOANNIS
1713 357 2194 418 CHRYSOSTOMI
2235 358 2556 416 ARCIIIEP.
2598 360 3138 444 ΟΟΝΒΤΑΝᾝΊΝΟΡ.

3728 365 3824 420 188

2237 472 2322 531 10.
2353 473 2440 528 57.
2471 474 2592 544 38).
2634 474 2826 530 Sermo
2856 486 3031 532 tamen
3073 485 3279 534 tantum
3307 477 3504 548 potuit,
3539 479 3598 534 ut
3627 479 3679 532 in
3703 496 3827 548 opus

2228 563 2441 630 exiret,
2488 574 2541 626 et
2565 580 2749 620 revera
2798 566 2848 619 id
2901 567 3054 622 ﬁeret
3086 586 3098 620 :
3128 577 3272 623 tanta
3317 581 3432 623 erat
3479 568 3599 639 ejus
3641 571 3822 639 grati...

2226 651 2364 720 Quid
2401 664 2484 708 est
2521 654 2708 723 majori
2739 655 3013 711 nobiscum
3044 655 3399 714 familiaritate
3439 673 3505 713 ac
3532 660 3826 714 necessitu-

2225 743 2351 799 dine
2379 745 2723 813 conjunctum
2751 788 2766 811 ,
2812 761 2970 816 quam
3017 749 3235 803 anima?
3279 750 3438 820 Atqui
3473 751 3590 821 ipsa
3619 764 3828 820 quoque

2224 835 2550 904 contemptui
2578 835 2754 889 habita
2777 845 2858 891 est
2888 847 3105 907 propter
3128 839 3514 909 illiusjussum.
3547 840 3626 895 Tu
3651 851 3824 899 autern

2224 937 2346 978 cum
2377 925 2547 989 audis,
2575 924 2837 980 Benedixit
2865 936 2912 981 lc
2938 926 3075 982 Deus
3097 971 3111 994 ,
3137 945 3204 985 ne
3231 930 3426 994 labaris
3446 974 3461 998 ,
3491 947 3593 987 nec
3625 932 3826 1008 humile

2224 1024 2279 1070 et
2329 1015 2594 1084 abjectum
2651 1017 2916 1088 quidpiam
2971 1021 3306 1089 cogitaveris.
3356 1022 3824 1090 Quemadmodum

2222 1107 2363 1160 enim
2391 1106 2500 1175 jatn
2532 1115 2654 1162 ante
2692 1107 2822 1175 dixi,
2851 1108 2919 1164 de
2946 1125 3109 1165 carne
3137 1112 3387 1181 loquitur,
3417 1129 3539 1183 qua:
3562 1115 3724 1169 habet
3753 1116 3827 1171 la-

2221 1194 2327 1260 bia,
2354 1211 2475 1268 quae
2499 1197 2722 1267 gratiam
2767 1200 3023 1277 suscipit,
3055 1218 3174 1270 qum
3212 1203 3434 1272 suscipit
3481 1204 3825 1267 benedictio:

2219 1302 2362 1342 nem.
2397 1289 2540 1344 Deus.
2561 1292 2704 1346 enim
2750 1307 2849 1352 nec
2893 1293 3265 1352 benedictione
3304 1311 3438 1365 Opus
3478 1296 3679 1365 habet,
3725 1313 3824 1362 nec

2216 1381 2385 1448 gratia
2414 1399 2428 1435 :
2459 1397 2579 1440 nam
2612 1385 2751 1439 Deus
2779 1385 2973 1440 nullius
3011 1386 3091 1451 rei,
3126 1386 3342 1456 indiget.
3377 1386 3829 1454 Quemadmodum

2217 1471 2361 1525 enim
2385 1514 2398 1536 ,
2436 1473 2642 1544 inquit,
2695 1475 2847 1529 Pater
2870 1478 3076 1530 suscitat
3105 1487 3325 1537 mortuos
3364 1489 3412 1531 et
3453 1479 3676 1547 nivi/ictu
3706 1494 3727 1534 :
3751 1481 3830 1538 itit

2215 1562 2365 1614 etiam
2381 1580 2505 1635 quos
2528 1565 2629 1619 vult
2656 1565 2818 1622 Filius
2845 1569 3060 1637 viviﬁcat
3082 1567 3257 1637 (Joan.
3287 1570 3341 1624 5.
3363 1568 3480 1641 21).
3503 1571 3570 1625 Et
3596 1587 3786 1626 rursus
3805 1588 3824 1640 εγ

2220 1649 2388 1722 Opera
2423 1670 2537 1724 quae
2575 1655 2662 1719 ille
2699 1657 2844 1724 facit,
2891 1674 2950 1712 ea
2992 1675 3186 1729 quoque
3228 1660 3350 1728 facit
3384 1659 3553 1715 Filius
3589 1662 3824 1732 similiter

2215 1743 2398 1815 (Ibid.
2426 1762 2473 1799 υ.
2510 1746 2623 1818 19).
2649 1748 2712 1802 Ει
2739 1763 2924 1812 rursus
2958 1768 2970 1802 :
3002 1749 3147 1813 Sicut
3174 1752 3428 1822 cognoscit
3456 1770 3537 1822 me
3568 1751 3746 1819 Pater,
3773 1765 3825 1816 et

2214 1850 2304 1904 ego
2342 1852 2537 1906 quoque
2574 1854 2821 1909 cognosco
2851 1838 3058 1894 Patrem
3101 1841 3225 1913 (Ib.
3253 1843 3627 1920 10.15).111ιι(1
3650 1848 3827 1920 enim,

2214 1924 2306 1980 Sic
2327 1968 2340 1988 ,
2385 1938 2439 1982 et
2468 1926 2745 1997 Similiter,
2791 1940 2841 1986 ct
2864 1931 3011 1987 Sicut
3032 1975 3047 1998 ,
3092 1933 3391 2004 signiﬁcant
3418 1951 3542 1996 eum
3571 1952 3696 1999 esse
3723 1953 3821 2008 per

2212 2017 2388 2073 omnia
2413 2021 2641 2080 similem
2673 2042 2686 2076 :
2719 2023 2811 2078 sed
2861 2022 2947 2080 hic
2993 2025 3058 2079 de
3105 2025 3334 2081 humana
3383 2039 3607 2097 natura,
3655 2046 3825 2101 quam,

2212 2123 2556 2180 susceperat,
2603 2115 2796 2184 agitur.
2855 2116 3114 2172 Audimus
3165 2127 3344 2173 autem
3381 2120 3555 2189 ipsum
3601 2137 3817 2192 quoque

2213 2215 2397 2256 rursus
2420 2201 2684 2260 dicentem
2712 2224 2723 2258 :
2757 2205 3037 2275 Propterea
3063 2206 3218 2262 Pater
3242 2226 3321 2264 me
3346 2211 3532 2282 diligit,
3576 2213 3698 2282 quia
3723 2229 3823 2284 ego,

2213 2309 2346 2361 pono
2389 2296 2610 2350 animam
2638 2315 2799 2355 meam
2827 2316 2917 2369 pro
2945 2300 3118 2355 ovibus
3147 2303 3164 2372 (
3192 2301 3328 2356 lbid.
3357 2304 3445 2362 10.
3478 2306 3594 2376 17).
3642 2305 3815 2370 Nunt-

2209 2384 2338 2453 quid
2375 2401 2496 2442 eum
2524 2403 2631 2444 non
2652 2388 2908 2460 diligebat
2933 2393 3134 2446 antea!
3163 2393 3442 2461 Quomodo
3472 2411 3606 2467 ergo
3629 2397 3765 2453 dixit
3796 2418 3810 2463 :

2214 2475 2314 2550 ilic
2343 2488 2415 2533 est
2442 2477 2614 2538 Filius
2642 2499 2781 2536 meus
2811 2483 3021 2547 dilectus
3051 2485 3071 2556 (
3094 2485 3282 2549 Matth.
3315 2487 3366 2543 ὅ.
3401 2488 3502 2557 l7)
3526 2491 3550 2542 ?
3576 2491 3684 2546 Sed
3713 2493 3823 2549 hoc

2207 2567 2384 2634 posuit
2413 2567 2601 2626 volens
2625 2571 2913 2629 ostendere
2941 2587 3196 2643 quantum
3226 2587 3279 2632 et
3301 2593 3457 2648 quam
3491 2582 3810 2650 przrclarutn

2206 2657 2276 2712 ab
2299 2674 2372 2717 eo.
2396 2659 2648 2718 ederetur
2676 2661 2902 2719 facinus.
2942 2665 3095 2725 Sicut
3119 2683 3248 2738 ergo
3289 2669 3396 2738 illic
3441 2672 3493 2727 in
3535 2672 3810 2740 reddenda

2207 2753 2416 2817 ratione
2445 2763 2530 2810 est
2557 2771 2717 2818 causa
2745 2759 2920 2828 aliqua
2948 2800 2964 2824 ,
3007 2760 3082 2818 ita
3109 2761 3270 2824 etiam
3294 2762 3380 2818 hic
3406 2779 3620 2834 quoque
3645 2780 3818 2840 causa,

2205 2854 2294 2901 est
2317 2846 2616 2904 manifesta.
2643 2850 2752 2914 ljlac
2776 2853 2917 2907 enim
2946 2854 3012 2909 de
3031 2870 3191 2910 causa
3219 2858 3368 2926 prius
3393 2857 3526 2926 dixit
3551 2876 3564 2912 :
3592 2859 3816 2930 Species

2203 2955 2290 2992 sus
2328 2944 2493 3009 forma
2522 2958 2630 3012 pra:
2653 2944 2776 3010 ﬁliis
2799 2945 3098 3011 hominum;
3118 2958 3191 3013 et,
3226 2946 3428 3015 Di/fusa
3457 2961 3527 3015 est
3554 2954 3725 3023 gratia
3753 2953 3818 3018 in,

2204 3028 2352 3082 labiis
2377 3031 2476 3085 tuis
2500 3047 2518 3085 :
2538 3040 2612 3098 et,
2640 3031 2919 3104 Propterea
2944 3037 3194 3098 benedixit
3221 3048 3266 3092 le
3284 3038 3423 3094 Deus
3443 3042 3495 3094 in
3515 3052 3764 3097 internum
3783 3060 3806 3099 :

2203 3119 2255 3174 id
2282 3132 2543 3192 suscepta:
2569 3122 2884 3188 humanitati
2914 3125 3225 3184 adscribens
3247 3170 3263 3195 ,
3289 3139 3346 3184 nt
3371 3132 3585 3202 quando
3615 3148 3814 3202 rursus

2201 3209 2494 3267 humanum
2521 3214 2648 3284 quid
2674 3215 2914 3272 dicturus
2935 3217 3024 3286 sit,
3051 3226 3107 3273 et
3127 3220 3268 3290 quod
3297 3222 3368 3275 sit
3390 3221 3507 3292 ejus
3537 3222 3814 3294 dignitate~

2202 3303 2442 3369 inferius,
2471 3320 2539 3360 ne
2565 3305 2782 3374 labaris,
2814 3309 2909 3364 sed
2935 3324 3227 3381 cognoscas
3255 3312 3325 3368 de
3349 3329 3581 3384 quonam
3613 3316 3803 3387 loqua-

2201 3404 2305 3450 tur.
2336 3395 2409 3450 lta
2437 3398 2598 3451 etiam
2624 3397 2791 3453 Jacob
2817 3400 3162 3457 humanitatis
3205 3414 3469 3473 susceptas
3512 3407 3800 3463 consilium

2198 3490 2543 3559 signiﬁcans,
2600 3501 2721 3562 post
2769 3494 2935 3548 multa
2981 3494 3087 3549 alia
3131 3495 3382 3551 dicebat:
3417 3496 3642 3554 Gratiosi
3688 3502 3800 3571 ejus

2200 3582 2339 3636 oculi
2370 3584 2496 3637 sicut
2522 3583 2690 3638 vinum
2711 3626 2726 3650 ,
2762 3597 2810 3639 et
2848 3587 3051 3640 candidi
3077 3588 3248 3643 dentes
3269 3590 3376 3660 ejus
3398 3590 3514 3662 plus
3537 3609 3688 3663 quam
3719 3597 3800 3650 lac

2201 3673 2362 3743 (Gen.
2400 3673 2489 3730 49.
2523 3676 2649 3746 12).
2697 3677 2955 3733 Divinitas
2992 3688 3173 3734 autem
3230 3696 3335 3735 non
3373 3681 3534 3737 habet
3575 3684 3789 3740 dentes.

2200 3765 2353 3821 Alius
2380 3759 2594 3838 quoque
2627 3768 2886 3838 pr0pbeta
2915 3770 3042 3825 dicit
3072 3789 3086 3823 :
3119 3770 3378 3827 Percutiet
3421 3784 3606 3828 terram
3651 3778 3799 3830 verba

2198 3857 2301 3913 oris
2329 3856 2428 3925 sui,
2458 3868 2506 3911 et
2527 3860 2709 3928 spiritu
2746 3860 2992 3920 labiorum
3015 3861 3156 3916 tollet
3176 3863 3556 3935 impium(lsai.
3607 3868 3692 3922 11.
3717 3870 3797 3942 4),

2197 3944 2384 4001 eadem
2424 3947 2608 4012 dicens
2629 3964 2748 4018 qua:
2778 3949 2974 4008 Paulus
3003 3968 3017 4006 :
3055 3951 3213 4018 Quem
3244 3951 3496 4009 Dominus
3537 3970 3798 4012 consumet

2196 4039 2380 4108 spiritu
2409 4042 2510 4094 oris
2545 4042 2657 4107 sui,
2701 4051 2748 4095 et
2784 4042 2996 4098 abolebit
3029 4045 3348 4114 apparitione
3373 4061 3479 4101 sua
3515 4051 3798 4118 prtesentia

2200 4131 2291 4204 (2.
2324 4131 2498 4187 Thess.
2527 4133 2581 4187 2.
2607 4134 2696 4206 8).

2271 4223 2501 4279 Christus
2525 4235 2579 4279 ut
2605 4225 2944 4288 benedicatur.
2975 4256 3051 4267 —
3077 4227 3157 4283 Ne
3177 4237 3231 4284 tu
3261 4244 3388 4300 ergo
3412 4245 3533 4286 cum
3564 4231 3681 4294 iure
3701 4250 3797 4294 an-

2197 4313 2392 4382 dieris,
2417 4325 2731 4372 contemnas
2754 4356 2771 4379 ,
2802 4318 3043 4383 ostendit
3063 4319 3157 4374 tibi
3179 4320 3320 4376 vires
3348 4321 3661 4379 divinitatis.
3688 4325 3796 4382 Ne-

2197 4420 2306 4474 que
2329 4405 2472 4460 enim
2493 4421 2709 4464 carnem
2737 4406 2926 4463 dividit
2950 4425 2980 4463 a
3009 4409 3313 4478 divinitate,
3345 4427 3520 4483 neque
3546 4413 3796 4470 divinita-

2199 4506 2306 4553 tem
2328 4512 2356 4549 a
2386 4512 2566 4565 carne,
2601 4514 2706 4555 non
2740 4499 3068 4556 substantias
3094 4501 3458 4569 confundens,
3489 4505 3628 4559 absit
3655 4524 3670 4562 :
3701 4508 3796 4563 sed

2199 4587 2448 4667 unionem
2470 4589 2777 4655 ostendens.
2803 4591 3090 4661 Pr0pterea
3113 4592 3236 4655 dicit
3263 4594 3567 4654 :Benedirit
3591 4606 3638 4650 te
3661 4596 3798 4653 Deus

2197 4679 2248 4732 in
2294 4688 2560 4735 aeternum.
2610 4682 2737 4750 Quis
2783 4691 2866 4736 est
2908 4692 3087 4738 autem
3130 4685 3322 4744 modus
3369 4684 3798 4744 benedictionis?

2197 4770 2466 4841 Assistunt
2490 4772 2696 4842 angeli,
2728 4771 3068 4844 archangeli,
3114 4775 3330 4845 throni,
3360 4776 3794 4847 dominationes,

2198 4863 2520 4934 principatus
2548 4905 2564 4930 ,
2599 4873 2908 4934 potestates,
2943 4867 3187 4924 laudibus
3211 4870 3543 4928 celebrantes
3573 4890 3586 4924 :
3619 4875 3797 4931 omnis

2198 4967 2335 5012 terra
2373 4974 2400 5011 a
2431 4959 2624 5017 ﬁnibus
2671 4959 2724 5012 in
2765 4960 2898 5022 ﬁnes
2939 4961 3106 5027 Deum
3136 4963 3471 5020 iuearuatum
3517 4966 3704 5038 canit,
3742 4976 3796 5023 et

2195 5049 2440 5105 laudibus
2470 5049 2658 5105 afﬁcit.
2691 5050 2900 5107 Primus
2926 5054 3078 5118 cuitu
3098 5053 3266 5109 Adam
3314 5055 3514 5127 ingenti
3559 5060 3805 5132 repletus

2197 5143 2293 5199 fuit
2322 5145 2721 5212 maledictiune,
2754 5147 2838 5201 hic
2859 5158 3044 5206 contra
3071 5149 3237 5203 multa
3265 5148 3664 5217 benedictione.
3703 5151 3796 5208 llle

2195 5235 2434 5302 audivit,
2469 5236 2777 5291 Maledictus
2805 5248 2858 5290 tu
2883 5256 2936 5294 tn
2964 5238 3200 5308 aperibus
3230 5241 3329 5295 tuis
3356 5239 3526 5312 (Gen.
3556 5244 3608 5298 5.
3645 5245 3747 5314 17)
3775 5261 3792 5308 ς

2195 5335 2250 5380 et
2274 5327 2409 5382 alius
2437 5336 2560 5398 post
2588 5328 2758 5392 illum,
2786 5326 3091 5386 Maledictus
3111 5372 3126 5396 ,
3163 5331 3249 5402 qui
3275 5332 3398 5401 facit
3422 5349 3550 5401 opus
3583 5331 3682 5388 Del
3708 5352 3793 5390 ne-

2194 5418 2441 5489 gligenter
2457 5417 2589 5490 (Jer.
2617 5418 2708 5474 L8.
2731 5419 2843 5491 10),
2865 5430 2939 5487 et,
2969 5420 3386 5491 Maledictus,qui
3406 5439 3508 5477 non
3532 5434 3798 5494 permanet

2195 5515 2248 5569 in
2269 5516 2497 5569 omnibus
2515 5529 2630 5585 qua:
2655 5513 2845 5583 scripta
2867 5524 2982 5568 sunt
2997 5515 3051 5568 in
3071 5514 3197 5569 libro
3223 5514 3313 5568 hoc
3331 5514 3505 5584 (Deut.
3535 5517 3627 5571 27.
3650 5517 3747 5589 20)
3767 5533 3783 5582 ;

2195 5615 2268 5674 et,
2306 5607 2643 5673 Maledictus,
2697 5608 2782 5676 qui
2810 5608 2992 5676 pendet
3026 5609 3078 5661 in
3104 5607 3243 5678 ligno
3265 5608 3282 5677 (
3305 5605 3388 5661 Ib.
3409 5607 3503 5663 21.
3528 5608 3600 5664 26
3627 5612 3667 5677 ).
3701 5609 3790 5663 Vi-

2197 5700 2291 5755 des
2320 5708 2449 5770 quot
2477 5696 2927 5755 maledictiones?
2955 5698 3038 5754 Ab
3065 5697 3152 5756 bis
3176 5697 3424 5768 omnibus
3463 5707 3516 5753 te
3547 5699 3791 5756 liberavit

2196 5795 2471 5862 Christus,
2522 5792 2694 5861 factus
2720 5791 3061 5849 maledictum
3089 5790 3242 5865 (Gal.
3274 5793 3328 5850 ὃ.
3362 5788 3488 5868 13).
3516 5791 3786 5864 Quemad-
