4068 6440
550 337 650 395 189

546 468 642 506 σεν
669 445 882 512 ἐαυτὸν,
912 446 1000 499 ίνα
1030 443 1089 498 σὲ
1114 442 1326 518 ὑψώσῃ,
1359 445 1452 498 καὶ
1472 442 1762 508 ἀπέθανεν,
1785 444 1873 498 ἵνα
1899 444 1956 497 σὲ
1978 443 2110 497 ἀθά-

545 555 704 596 νατον
744 535 1076 608 ἐργάσηται⁸
1107 534 1250 588 οὕτω
1289 536 1382 588 καὶ
1427 535 1641 606 κατάρα
1670 535 1905 603 ἐγένετο,
1937 535 2022 587 ἵνα
2056 534 2115 586 σέ

545 629 798 698 εὐλογίας
824 628 1100 699 ἐμπλήσῃ.
1127 626 1192 678 Τί
1222 625 1319 696 τῆς
1339 626 1590 696 εὐλογίας
1609 626 1814 694 ταύτης
1835 625 1966 690 ἴσον,
1989 627 2118 678 ὅταν

544 720 634 774 διὰ
661 719 900 789 κατάρας
931 717 1180 785 εὐλογίαν
1209 717 1531 789 χαρίζηταις
1557 719 1630 770 Οὐ
1654 717 1938 789 γὰραύτὸς
1965 719 2117 788 ἐδεή-

547 811 614 882 θη
654 810 924 878 εὐλογίας.
960 809 1095 863 ἀλλὰ
1134 810 1218 862 σοὶ
1253 810 1454 880 ταύτην
1493 809 1727 863 δίδωσιν.
1762 811 1974 880 ’Ὠσπερ
2007 809 2116 880 γὰρ

544 902 672 954 ὅταν
706 901 865 962 εἴπω,
899 900 981 953 ὅτι
1007 899 1366 969 ἐταπεινώθη,
1393 901 1452 953 οὐ
1475 900 1775 971 μεταϐολὴν
1797 900 1961 968 λέγω,
1981 900 2118 953 ἀλλά

543 995 643 1063 τῆς
671 990 984 1061 οἰκονομίας
1031 990 1130 1060 τὴν
1174 990 1618 1058 συγκατάϐασιν⁶
1652 990 1798 1044 οὕτω
1845 992 1938 1043 καὶ
1990 991 2116 1043 ὅταν

545 1083 683 1136 εἴπω
711 1084 794 1136 ὅτι
822 1079 1123 1151 ηὐλογήθη,
1161 1081 1220 1134 οὐ
1251 1080 1412 1134 τοῦτο
1433 1081 1600 1149 λέγω,
1634 1081 1714 1134 ὅτι
1745 1080 1939 1152 ἐδεήθη
1969 1080 2120 1133 εὐλο-

545 1172 690 1242 γίας,
721 1171 856 1241 ἀλλὰ
887 1171 1050 1224 πάλιν
1073 1173 1171 1240 τῆς
1192 1171 1503 1242 οἰκονομίας
1524 1170 1773 1242 δείκνυμι
1794 1170 1892 1240 τὴν
1915 1187 2114 1238 συγκα-

547 1264 796 1317 τάϐασιν.
825 1260 1110 1330 Ηύλογήθη
1145 1261 1324 1314 τοίνυν
1355 1263 1388 1332 η
1418 1261 1732 1333 ἀνθρωπίνη
1767 1261 1946 1331 φύσις.
1981 1263 2116 1330 Χρι-

548 1353 672 1414 στὸς
712 1351 820 1421 γὰρ
860 1351 1105 1420 ἐγερθεὶς
1133 1350 1198 1403 ἐκ
1227 1351 1461 1420 νεκρῶν,
1506 1352 1607 1404 οὐκ
1639 1350 1720 1404 ἐτι
1764 1350 2114 1420 ἀποθνήσκει,

546 1443 666 1494 οὐδὲ
691 1441 904 1510 κατάρᾳ
938 1440 1226 1493 ὑπόκειται
1247 1456 1262 1469 ο
1313 1441 1512 1510 μᾶλλον
1541 1441 1597 1494 δέ
1626 1442 1746 1495 οὐδέ
1779 1442 1885 1512 πρὸ
1927 1440 2115 1494 τούτου

547 1531 820 1594 ὑπέκειτο,
871 1530 984 1584 ἀλλ’
1023 1529 1253 1583 ἀνέλαϐε
1282 1529 1382 1601 τὴν
1408 1533 1673 1603 κατάραν,
1706 1533 1790 1586 ἶνα
1823 1534 1881 1586 σὲ
1915 1532 2118 1602 ταύτης

545 1622 849 1693 ἀπαλλάξῃ.
888 1621 1212 1690 Περίζωσαι
1237 1622 1352 1689 τὴν
1386 1625 1693 1692 ῥομφαίαν
1731 1640 1846 1678 σου
1878 1625 1977 1677 ἐπὶ
2013 1626 2120 1678 τόν

542 1715 739 1781 μηρόν
764 1727 902 1773 σου,
943 1710 1182 1764 δυνατέ.
1217 1713 1430 1777 Ἀλλος,
1464 1713 1660 1771 Ζῶσαι
1677 1716 1978 1784 μάχαιράν
2003 1732 2118 1770 σου

547 1805 644 1857 ἐπί
675 1804 889 1873 μηρόν.
927 1802 1138 1865 Ἀλλος,
1171 1804 1424 1870 Περίθου
1451 1805 1530 1870 ὡς
1551 1804 1848 1874 μάχαιράν
1878 1819 1995 1860 σου
2020 1807 2117 1860 ἐπὶ

547 1894 655 1948 τοῦ
670 1893 884 1961 μηροῦ.
919 1891 998 1960 Τῇ
1030 1893 1344 1960 ὡραιότητί
1375 1910 1491 1948 σου
1511 1895 1610 1949 καί
1642 1895 1721 1960 τῷ
1746 1896 1957 1951 κάλλει
1977 1912 2115 1953 σου.

536 1983 744 2044 ,Ἄλλος
772 1983 926 2054 φησὶ,
961 1982 1069 2039 Τρν
1094 1983 1345 2036 ἔπαινόν
1365 1997 1482 2039 σου
1507 1985 1604 2039 καί
1632 1986 1696 2038 τὸ
1723 1987 1953 2056 ἀξίωμὰ
1978 2002 2116 2045 σου.

549 2072 703 2146 [167]
751 2073 960 2137 ⁸Ἄλλος,
1019 2072 1434 2140 Ἐπιδοξότητι
1477 2089 1594 2130 σου
1640 2076 1737 2130 καί
1771 2077 2120 2147 διαπρεπειᾳ

548 2179 686 2218 σου.
719 2161 814 2226 Τίς
849 2164 881 2233 ή
914 2161 1206 2233 μεταϐολὴ,
1230 2162 1323 2215 καὶ
1350 2163 1432 2225 τίς
1454 2166 1488 2234 ἡ
1524 2167 1852 2234 μετάστασις
1886 2167 1994 2221 τῶν
2019 2171 2118 2240 ρη-

550 2254 766 2325 μάτων;
792 2253 864 2305 [Ιε
875 2254 928 2323 ρὶ
950 2252 1056 2323 γὰρ
1077 2253 1396 2307 διδασκάλου
1414 2253 1790 2326 διαλεγόμενος
1815 2258 1990 2324 (τοῦτο
2010 2259 2119 2330 γάρ

547 2347 659 2397 ἐστι
682 2345 761 2409 τδ,
802 2342 1085 2413 Ἐξεχύθη
1109 2342 1282 2412 χάρις
1308 2343 1378 2396 ὲν
1407 2346 1641 2412 χείλεσι
1671 2345 1832 2417 σου),
1862 2347 2119 2418 ἐξαίφνης

546 2437 677 2506 ἡμῖν
711 2434 934 2505 βασιλέα
973 2433 1422 2505 καθωπλισμένον
1447 2435 1777 2505 ὑπογράφει,
1813 2439 1905 2490 καὶ
1936 2439 2036 2491 οὐκ
2061 2442 2118 2492 ἐν

545 2525 696 2591 τάξει
732 2525 1088 2597 προφητείας,
1126 2525 1241 2578 ἀλλ’
1287 2527 1344 2578 ἐν
1370 2524 1522 2588 τάξει
1571 2526 1868 2596 ίκετηρίας.
1900 2529 1973 2579 Οὐ
2011 2529 2118 2599 γὰρ

545 2614 689 2671 εἷπε·
731 2614 1104 2687 Περιζώσεται
1133 2615 1231 2686 τὴν
1271 2616 1542 2688 ῥομφαίαν
1569 2617 1732 2669 αὐτοῦ
1757 2636 1768 2646 ·
1800 2617 1934 2670 ἀλλά
1958 2619 2114 2684 ἀξιοῖ,

547 2707 638 2759 καί
667 2722 818 2774 φησι,
848 2703 1167 2772 Περίζωσαι
1190 2705 1305 2772 τὴν
1335 2705 1645 2773 ῥομφαίαν
1671 2723 1809 2759 σου.
1860 2705 1991 2760 Εἶτα
2022 2710 2117 2762 καὶ

543 2795 611 2864 τῇ
646 2793 854 2846 ὁπλίσει
883 2791 1055 2863 ταύτῃ
1077 2791 1271 2854 κάλλος
1291 2792 1640 2860 ἀναμίγνυσι,
1661 2793 1754 2846 νῦν
1778 2796 1875 2864 μὲν
1895 2796 2118 2867 ὁπλίτην

543 2881 740 2953 δηλῶν,
770 2881 864 2935 νῦν
891 2881 948 2934 δέ
980 2881 1376 2952 ώραῖζόμενον·
1419 2882 1497 2949 Τῇ
1516 2884 1624 2952 γὰρ
1645 2884 1960 2952 ώραιότητί
1979 2901 2114 2951 σου,

548 2973 704 3042 φησί,
735 2972 834 3026 καί
873 2971 954 3036 τῷ
982 2970 1196 3025 κάλλει
1245 2985 1382 3025 σου.
1418 2969 1552 3026 Εἶτα
1580 2972 1801 3044 τοξότην
1824 2993 1835 3004 ·
1865 2977 1941 3029 Τὰ
1959 2976 2116 3046 ,βέλη

543 3065 654 3133 γάρ
689 3077 826 3128 σου,
879 3063 1064 3133 φησὶν,
1112 3061 1474 3131 ἠκονημένα,
1514 3062 1751 3119 δυνατέ.
1799 3066 1909 3118 Καὶ
1955 3068 2117 3122 πάλιν

544 3153 771 3224 νικητὴν
798 3153 893 3206 καὶ
920 3153 1280 3223 τροπαιοῦχον
1301 3169 1314 3184 ο
1338 3154 1483 3207 Λαοὶ
1501 3155 1779 3208 ὑποκάτω
1800 3173 1939 3222 σου,
1959 3160 2112 3230 φησί,

477 3241 479 3243 ’
545 3243 876 3299 πεσοῦνται
905 3244 1213 3314 ἐνηκαρδίᾳ
1251 3242 1368 3297 τῶν
1392 3244 1621 3312 ἐχθρῶν
1654 3249 1760 3301 τοῦ
1787 3249 2113 3318 βασιλέως.

547 3332 658 3384 Καὶ
689 3329 874 3384 τοῦτον
909 3330 963 3382 δέ
988 3330 1149 3383 αὐτὸν
1179 3331 1342 3385 πάλιν
1369 3332 1577 3399 εἰσάγει
1610 3334 1804 3408 μύροις
1831 3339 2116 3408 χριόμενον

543 3421 637 3474 τὸν
661 3421 902 3490 ὁπλίτην,
939 3422 1031 3475 καί
1063 3421 1311 3490 βασιλέα,
1341 3425 1436 3475 καὶ
1463 3423 1705 3496 τοξότην,
1735 3429 1826 3480 καὶ
1856 3432 2079 3501 νικητήν
2099 3447 2115 3465 ο

545 3513 786 3580 Σμύρνα
814 3511 943 3582 γὰρ,
982 3513 1134 3580 φησί,
1179 3513 1276 3566 καί
1308 3513 1565 3582 στακτὴ,
1597 3516 1694 3569 καί
1725 3521 1950 3573 κασσιά
1995 3521 2113 3575 ἀπὸ

544 3602 663 3658 τῶν
691 3603 935 3672 ἱματίων
960 3617 1102 3656 σου.

614 3779 784 3842 ε’.Τίς
814 3772 909 3832 οὖν
936 3778 1189 3832 κοινωνία
1222 3779 1409 3842 ὅπλοις
1431 3781 1525 3834 καί
1567 3785 1772 3854 μύροις,
1799 3786 2060 3856 χρίσματι
2089 3800 2117 3829 ι

547 3870 642 3926 καὶ
692 3867 953 3939 ῥομφαίᾳ,
1007 3869 1329 3939 διδασκαλίᾳ
1374 3870 1468 3923 καὶ
1514 3872 1758 3943 πολέμῳ,
1800 3875 1976 3941 τόξοις
2024 3878 2118 3930 καὶ

543 3959 843 4032 ὡραϊσμῷ;
870 3958 952 4010 Τὰ
980 3959 1078 4028 μὲν
1107 3958 1214 4029 γάρ
1246 3960 1392 4012 ἐστιν
1419 3960 1645 4032 εἰρήνης
1676 3964 1940 4034 σύμϐολα,
1971 3967 2038 4021 τὰ
2061 3969 2119 4022 δὲ

550 4053 727 4122 μάχης
754 4049 848 4102 καὶ
889 4049 1264 4117 παρατάξεως.
1308 4049 1403 4113 Τίς
1441 4046 1534 4103 οὖν
1583 4053 1727 4106 ἐστιν
1767 4055 1795 4105 ὁ
1843 4059 2119 4128 εἰρηνικὸς

545 4142 680 4209 ὁμοῦ
731 4141 829 4193 καὶ
869 4139 1200 4208 πολεμικός;
1244 4141 1272 4192 ὁ
1316 4139 1487 4210 μύρον
1517 4142 1748 4208 στάζων,
1790 4147 1884 4198 καὶ
1933 4149 2118 4214 ὅπλοις

546 4228 949 4298 φραττόμενος;
997 4228 1025 4278 ό
1064 4224 1268 4296 προῖὼν
1314 4227 1421 4279 ἀπὸ
1471 4228 1681 4299 βάρεων
1736 4230 2114 4302 ἐλεφαντίνων,

546 4319 640 4375 καὶ
667 4320 890 4388 μυρίους
917 4317 1123 4386 βάλλων
1143 4317 1250 4369 τῶν
1279 4318 1509 4387 ἐχθρῶν,
1543 4321 1635 4372 καὶ
1657 4322 1922 4386 τοσαύτας
1952 4327 2119 4395 ἐργα-

550 4411 775 4481 ξάμενος
811 4409 1057 4476 σφαγάς;
1093 4409 1216 4471 Πῶς
1243 4408 1474 4478 λύσομεν
1500 4411 1600 4479 τὴν
1622 4412 1853 4482 ἀπορίαν
1883 4416 2115 4484 ταύτην;

547 4501 648 4551 "Av
679 4497 896 4568 γνῶμεν
934 4496 1180 4565 ἀκριϐῶς
1215 4497 1296 4549 ὅτι
1326 4497 1569 4568 καὶπερὶ
1593 4499 1685 4551 τοῦ
1725 4502 1931 4572 Πατρὸς
1954 4506 2116 4559 αὐτοῦ

545 4589 720 4643 ταῦτα
743 4589 978 4656 λέγεται.
1013 4583 1115 4641 Καὶ
1145 4590 1252 4659 γὰρ
1285 4590 1380 4642 καὶ
1415 4589 1578 4642 αὐτὸν
1607 4591 1816 4659 εἰσάγει
1849 4596 1876 4644 ό
1901 4595 2117 4669 Προφή-

545 4697 647 4747 της
689 4678 920 4749 ἀλλαχοῦ
958 4678 1333 4749 ὁπλιξόμενον,
1381 4680 1459 4744 ὼς
1490 4682 1616 4735 ὅταν
1649 4681 1818 4754 λέγῃ·
1863 4684 1996 4738 Ἐὰν
2029 4689 2115 4757 μὴ

546 4764 974 4833 ἐπιστραφῆτε,
1001 4766 1119 4835 τὴν
1144 4768 1450 4836 ῥομφαίαν
1469 4770 1653 4845 αὑτοῦ
1677 4776 1996 4828 στιλϐώσει
2017 4793 2029 4805 ·
2052 4779 2118 4831 τὸ

547 4857 726 4921 τόξον
745 4857 930 4910 αὐτοῦ
955 4857 1229 4921 ἐνέτεινε,
1259 4859 1355 4912 καί
1381 4861 1710 4928 ἡτοίμασεν
1731 4864 1899 4932 αὐτὸ,
1924 4869 2023 4920 καί
2050 4869 2120 4922 ἐν

547 4945 712 5012 αὐτῷ
737 4947 1027 5015 ἡτοίμασε
1047 4949 1236 5016 σκεύη
1261 4948 1538 5004 θανάτου.
1565 4953 1673 5005 Καὶ
1689 4954 1848 5008 πάλιν
1864 4957 2115 5030 ἀλλαχοῦ’

559 5038 908 5092 Ἑνδὺσεται
939 5038 1172 5106 θώρακα
1219 5040 1622 5110 δικαιοσύνην
1655 5045 1703 5099 b.
1739 5047 1880 5118 Ὅρα
1926 5052 1983 5105 δὲ
2027 5055 2120 5106 καὶ

548 5130 836 5183 αὐθεντίαν
863 5131 960 5197 τὴν
1003 5131 1190 5200 αὐτήν.
1243 5132 1453 5202 Ὥσπερ
1495 5134 1601 5204 γὰρ
1648 5135 1763 5188 ἐκεῖ
1807 5156 1960 5208 φησι,
2002 5142 2120 5210 Τὴν

545 5221 844 5290 ῥομφαίαν
868 5220 1052 5274 αὐτοῦ
1089 5221 1428 5287 στινιϐώσει,
1472 5225 1531 5275 οὐ
1579 5227 1727 5296 παρά
1753 5245 1896 5292 τινος
1929 5232 2118 5285 κελευ-

551 5313 718 5375 σθεὶς,
762 5310 875 5362 ἀλλ’
902 5311 1062 5373 αὐτὸς
1095 5312 1186 5379 ἀφ’
1214 5313 1408 5366 ἑαυτοῦ
1434 5331 1446 5344 ·
1482 5313 1618 5368 οὕτω
1644 5318 1737 5369 καὶ
1765 5320 2016 5387 ἐνταῦθα,
2046 5325 2120 5378 Τὰ

549 5400 701 5473 βέλη
733 5401 838 5454 τοῦ
863 5401 1123 5455 δυνατοῦ
1142 5403 1510 5474 ἠκονημένα,
1539 5408 1673 5462 λαοί
1697 5409 1974 5466 ὑποκάτω
2001 5429 2118 5470 σου

610 5644 638 5706 ξι
668 5644 762 5706 Alii
787 5645 957 5706 χάριτι,
981 5647 1139 5694 minus
1159 5653 1317 5698 recte.

610 5704 642 5755 ἓ
663 5704 758 5754 Alli
792 5704 1100 5765 δικαιοσύνης.

1243 329 1302 384 S.
1341 325 1624 384 JOANNIS
1660 324 2138 386 CHRYSOSTOMI
2178 322 2497 380 ABCIIIEP.
2537 322 3086 380 CONSTANTINOP.
3711 328 3801 381 £30

2218 441 2547 496 πεσοῦνται
2573 445 2643 498 ἐν
2679 441 2893 511 καρδίᾳ
2927 439 3046 494 τῶν
3072 438 3302 514 ἐχθρῶν
3341 440 3449 494 τοῦ
3473 440 3795 504 βασιλέως.

2216 527 2348 587 Εἶτα
2380 533 2614 599 δεικνὺς,
2647 536 2728 588 ὅτι
2758 533 2970 587 οἴκοθεν
3001 533 3180 586 πάντα
3214 533 3379 596 ποιεῖ,
3412 529 3596 600 λέγει’
3642 529 3797 597 Ὀδη·

2215 622 2386 694 γήσει
2421 639 2494 679 σε
2533 624 2888 694 θαυμαστῶς
2916 625 2955 692 ἡ
2987 621 3157 687 δεξιά
3192 637 3332 676 σου.
3361 623 3477 694 Οὐχ
3506 621 3798 692 ἑτέρωθεν,

2217 717 2404 786 φησὶν,
2458 717 2739 788 ἐνέργειαν
2789 715 2940 788 δέχῃ,
2994 716 3112 769 ἀλλ’
3150 715 3313 778 αὐτὸς
3357 715 3540 784 ἐαυτῷ
3590 716 3800 785 ἀρκεῖς.

2221 809 2421 860 ’Ἄκουε
2451 807 2509 860 δέ
2543 809 2638 860 καὶ
2666 807 2834 860 αὑτοῦ
2869 807 3124 875 λέγοντος
3143 805 3238 860 τοῦ
3271 807 3371 876 τῆς
3404 807 3635 876 εἰρήνης
3671 805 3802 856 Θεοῦ

2217 899 2352 970 πρὸς
2374 899 2502 962 τούς
2534 897 2784 970 μαθητάς
2803 917 2816 930 ·
2849 902 2971 954 Οὐκ
2991 896 3184 969 ἦλθον
3196 899 3419 963 ,ϐαλεῖν
3433 897 3692 966 είρήνην
3704 896 3802 948 ἑπί

2216 989 2332 1056 τὴν
2367 988 2502 1058 γῆν,
2533 989 2695 1043 ἀλλὰ
2727 989 3047 1060 μάχαιραν.
3083 991 3194 1044 Καὶ
3224 989 3422 1043 πάλινσ
3457 989 3588 1056 Πῦρ
3615 984 3805 1055 ἦλθον

2221 1079 2430 1145 ϐαλεῖν
2457 1081 2555 1134 ἐπὶ
2580 1079 2694 1148 τὴν
2717 1080 2850 1151 γῆν,
2876 1083 2973 1134 καί
2991 1084 3047 1136 τί
3063 1082 3284 1150 ἤθελον
3306 1084 3358 1134 εἱ
3379 1079 3498 1148 ἤδη
3520 1078 3805 1147 dﬂigam

2217 1168 2393 1234 Οὗτος
2422 1173 2478 1226 δέ
2508 1176 2637 1247 περὶ
2670 1175 2834 1228 αὐτοῦ
2870 1175 3066 1243 λέγων,
3109 1175 3226 1238 πῶς
3259 1175 3379 1245 ἥξει
3410 1171 3577 1241 φησί·
3614 1175 3806 1224 Κατα-

2217 1263 2458 1329 ϐήσεται
2489 1267 2570 1332 ὡς
2599 1268 2771 1333 ὑετὸς
2794 1268 2890 1321 ἐπί
2922 1267 3133 1330 πόκον,
3176 1266 3277 1320 καί
3308 1265 3450 1319 ώσεί
3478 1261 3732 1331 σταγὼν
3767 1261 3804 1329 ἡ

2216 1359 2520 1421 στάζουσα
2563 1363 2662 1416 ἐπὶ
2697 1361 2813 1428 τὴν
2862 1361 2996 1432 τῆν.
3040 1360 3228 1414 Ταῦτα
3269 1360 3434 1427 λέγω,
3475 1357 3567 1410 ἴνα
3617 1356 3808 1424 διεγη-

2215 1452 2478 1521 γερμένος.
2525 1449 2645 1523 ἦτε,
2682 1454 2776 1506 καὶ
2806 1452 2874 1506 τά
2913 1452 3020 1504 ἀπὺ
3051 1453 3158 1505 τῶν
3188 1451 3385 1514 λέξεων
3421 1447 3810 1518 σημαινόμενα

2219 1541 2359 1610 μετά
2388 1544 2674 1614 ἀκριϐείας
2705 1543 3164 1613 ἐκλαμϐάνοντες,
3191 1541 3362 1611 λύητε
3403 1539 3541 1610 παρ’
3589 1538 3811 1598 ἑαυτοῖς

2217 1633 2313 1685 καὶ
2341 1635 2595 1705 ἀπορίαν.
2632 1634 2818 1687 Ταῦτα
2846 1633 2954 1704 γὰρ
2990 1633 3060 1685 τὰ
3085 1633 3325 1703 ὀνόματα
3355 1631 3464 1684 τῶν
3508 1627 3812 1699 ἐνεργειῶν

2217 1721 2381 1774 αὐτοῦ
2411 1724 2527 1776 ἐστι
2555 1723 2889 1794 σημαντικά.
2917 1722 3072 1776 Οὕτω
3089 1723 3269 1776 τοίνυν
3297 1723 3392 1775 καὶ
3421 1719 3664 1774 ἐνταῦθα
3679 1720 3814 1772 ὅταν

2217 1813 2478 1887 ἀκούσῃς,
2525 1814 2850 1886 Περίζὶυσᾳι
2885 1814 3002 1882 τὴν
3045 1815 3354 1884 ῥομφαίαν
3392 1830 3511 1867 σου
3564 1811 3664 1865 ἐ.τί
3703 1809 3814 1863 τὸν

2211 1904 2411 1970 μηρόν
2432 1920 2571 1966 σου,
2593 1903 2835 1965 δυνατὲ,
2852 1905 2956 1972 τῆς
2980 1904 3261 1975 ἐνεργείας
3277 1901 3441 1955 αὐτοῦ
3465 1896 3610 1954 εἶναι
3636 1901 3811 1969 ὖνομα

2217 1992 2405 2061 νόμιζε
2427 2010 2440 2022 '
2476 1993 2660 2047 καὶτὰ
2693 1993 2824 2059 τόξα
2855 1995 2950 2048 καὶ¹
2983 1995 3049 2048 τὰ
3076 1994 3229 2065 βέλη.
3263 1993 3479 2062 Ὠσπερ
3508 1993 3622 2060 γὰρ
3660 1989 3809 2059 ὀργί-

2217 2083 2406 2148 ζεσθαι
2429 2085 2520 2137 τὸν
2545 2087 2727 2157 Θεδνὴ
2756 2089 2948 2160 Γραφὴ
2979 2088 3150 2156 λέγει,
3188 2088 3249 2141 οὐ
3279 2087 3451 2150 πάθος
3477 2085 3630 2154 αὐτῷ
3655 2081 3808 2157 [168]

2217 2177 2615 2245 περιάπτουσα,
2651 2178 2786 2231 άλλά
2824 2179 2911 2232 διὰ
2936 2179 3034 2248 τῆς
3066 2179 3264 2244 λέξεως
3283 2178 3489 2245 ταύτης
3515 2176 3617 2248 τὴν
3648 2178 3808 2246 ἐνέρ-

2216 2283 2370 2333 γειαν
2400 2267 2563 2319 αὐτοῦ
2591 2269 2690 2335 τὴν
2718 2269 3047 2340 κολαστικὴν
3078 2271 3424 2342 παριστῶσα,
3454 2271 3551 2324 καὶ
3572 2270 3685 2322 τῶν
3709 2287 3810 2322 πα-

2217 2356 2460 2425 χυτέρων
2501 2359 2896 2431 καθαπτομένη
2918 2379 2932 2392 ο
2971 2361 3115 2416 οὕτω
3148 2362 3246 2416 καὶ·
3272 2362 3341 2415 τὰ
3377 2362 3519 2415 ὅπλα
3568 2362 3809 2429 λέγουσα

2218 2447 2381 2500 τοῦτο
2410 2448 2582 2518 δηλοῖ.
2632 2451 2848 2522 Ἐπειδὴ
2880 2451 2990 2524 γὰρ
3022 2455 3178 2523 ἡμεῖς
3206 2454 3266 2506 οὐ
3294 2454 3363 2507 δι’
3395 2453 3631 2519 ἐαυτῶν,
3673 2454 3810 2508 ἀλλὰ

2215 2539 2282 2591 δι’
2323 2539 2526 2611 ἐτέρων
2567 2541 2817 2610 ὀργάνων
2846 2544 3261 2615 τιμωρούμεθα,
3299 2545 3470 2600 θέλων
3503 2546 3679 2613 δεῖξαι
3711 2545 3810 2616 τὴν

2215 2648 2266 2682 τι
2275 2634 2597 2704 μωρητικὴν
2629 2633 2798 2687 αὑτοῦ
2820 2633 3072 2706 δύναμιν,
3103 2636 3190 2688 διὰ
3213 2636 3323 2690 τῶν
3350 2637 3653 2708 γνωρίμων
3674 2639 3810 2708 ἡμῖν

2215 2722 2496 2792 ὀνομάτων
2527 2724 2819 2795 ἐδήλωσεν,
2850 2727 2950 2797 οὐχ
2973 2728 3063 2780 ἵνα
3096 2727 3236 2782 ὅπλα
3269 2729 3400 2799 περὶ
3431 2728 3568 2780 Θεὸν
3597 2730 3810 2798 νοήσω-

2220 2833 2339 2884 μεν,
2387 2816 2503 2869 ἀλλ’
2547 2819 2635 2872 ἵνα
2693 2819 3176 2891 ἐμφαντικώτερον
3212 2820 3311 2891 τὴν
3358 2821 3584 2874 κόλασιν
3638 2819 3809 2874 αὐτοῦ

2216 2908 2560 2979 ἀκούσωμεν.
2613 2910 2773 2962 ’Λλλά
2802 2911 3012 2975 πολλοὶ,
3051 2911 3240 2982 φησὶν,
3280 2911 3533 2965 ἐντεῦθεν
3569 2911 3810 2982 ἐϐλάϐη·

2218 3015 2337 3052 σαν.
2381 3001 2519 3052 Ἀλλ’
2543 3003 2662 3072 εἰκῆ
2682 3003 2775 3055 καὶ
2800 3003 2977 3073 μάτην
2995 3003 3090 3056 καὶ
3107 3003 3211 3056 ὑπὸ
3237 3003 3337 3073 τῆς
3361 3004 3571 3067 οἰκείας
3595 3004 3804 3067 ἀνοίας·

2220 3089 2455 3160 μάλιστα
2490 3093 2587 3163 μὲν
2616 3095 2724 3165 γὰρ
2752 3093 3043 3159 ἀκούοντες
3069 3095 3226 3158 Θεὸν,
3259 3095 3495 3165 ῶφειλον
3538 3096 3807 3159 συνιέναι,

2216 3182 2298 3234 ὅτι
2337 3182 2745 3256 τροπικώτερον
2777 3187 2994 3256 εἴρηται
3017 3205 3030 3216 ·
3067 3186 3186 3245 νυν).
3223 3186 3279 3241 δέ
3310 3188 3370 3239 οὐ
3415 3187 3504 3240 διὰ
3540 3189 3808 3258 ῥημάτων

2218 3272 2422 3342 ἐτέρων
2449 3274 2649 3337 αὐτοὺς
2673 3274 2963 3328 παιδεῦσαι
2984 3274 3044 3328 τὸ
3067 3275 3274 3337 ἀπαθὲς
3303 3274 3398 3327 τοῦ
3429 3274 3566 3327 Θεοῦ
3596 3275 3809 3346 ἠμέλη-

2219 3379 2309 3416 σεν
2357 3367 2388 3435 ἠ
2440 3346 2980 3435 Γραφῇ-’Ἄκουσον
3005 3365 3134 3434 γοῦν
3181 3365 3418 3436 ἀλλαχοῦ
3465 3366 3584 3430 πῶς
3635 3367 3808 3422 αὐτοῦ

2215 3452 2456 3506 δείκνυσι
2488 3453 2584 3524 τὴν
2617 3455 2868 3508 εὐκολίαν
2908 3459 3008 3528 τῆς
3051 3458 3350 3527 τιμωρίας,
3387 3458 3595 3526 λέγων’
3645 3460 3810 3514 Ἁνα-

2216 3544 2416 3610 στήτω
2445 3548 2478 3598 ό
2503 3545 2669 3611 Θεὸς,
2699 3546 3350 3617 διασκορπισθήτωσαν
3372 3552 3428 3603 ot
3457 3551 3660 3618 ἐχθροί
3693 3555 3806 3607 ab.

2217 3633 2342 3686 τοῦ.
2374 3635 2465 3705 Μὴ
2510 3635 2669 3706 χρεία
2702 3636 2917 3704 ὅπλων;
2948 3639 3023 3708 μὴ
3072 3639 3234 3708 χρεία
3264 3641 3573 3710 ρομφαίας;
3617 3644 3811 3713 ’Λρκεῐ

2227 3721 2406 3790 μόνον,
2440 3724 2625 3791 φησὶν,
2669 3726 2700 3794 ἡ
2737 3725 3056 3790 ἀνάστασις.
3103 3727 3265 3780 Ἀλλά
3306 3729 3400 3782 καί⁵
3442 3730 3604 3783 τοῦτο
3639 3733 3806 3788 πάλιν

2224 3811 2399 3881 παχύ·
2435 3812 2514 3865 διὸ
2543 3813 2811 3885 πολλαχοῦ
2853 3814 3030 3885 λέγει·
3083 3817 3137 3870 '0
3170 3818 3512 3874 ἐπιϐλέπων
3543 3823 3644 3876 ἐπὶ
3686 3825 3809 3894 τὴν

2219 3902 2355 3972 τῆν,
2392 3904 2490 3957 καὶ
2522 3904 2710 3957 ποιῶν
2732 3906 2927 3974 αὐτὴν
2958 3908 3212 3977 τρέμειν.
3263 3910 3374 3962 Καὶ
3418 3912 3580 3966 πάλιν
3602 3932 3614 3944 ·
3657 3917 3809 3969 Ἀπὸ

2219 3995 2543 4061 προσώπου
2569 3994 2755 4048 αὑτοῦ
2783 3997 3086 4066 ἐσαλεύθη
3116 4001 3153 4068 ἠ
3189 3999 3289 4070 τῆ.
3328 3989 3489 4055 Ἀλλὰ
3520 4005 3617 4057 καὶ
3645 4007 3814 4065 τοῦτο

2217 4084 2385 4153 παχύ.
2423 4087 2689 4138 ’Ἄκουσον
2716 4087 2776 4139 τὸ
2802 4088 3133 4160 ὑψηλότερον
3152 4106 3165 4119 ⁸
3187 4093 3410 4158 Πάντα,
3439 4095 3555 4149 ὅσα
3583 4097 3810 4169 ἠθέλη-

2217 4192 2351 4239 σεν,
2385 4177 2677 4244 ἐποίησεν
2699 4194 2710 4206 ·
2744 4179 2904 4248 ἀρκεῖ
2937 4180 3045 4251 γὰρ
3079 4181 3228 4252 αὐτῷ
3261 4183 3322 4253 τιὸ
3351 4184 3579 4256 θελῆσαι
3621 4191 3805 4258 μόνον.

2217 4267 2416 4317 Σκόπει
2446 4267 2502 4318 δὲ
2537 4267 2653 4328 πῶς
2681 4269 2772 4320 καὶ
2797 4270 2854 4320 ἐν
2879 4270 3063 4334 αὐτοῖς
3081 4274 3194 4335 τοῖς
3228 4278 3560 4348 παχυτέροις
3589 4280 3809 4347 τούτοις

2215 4355 2455 4408 δείκνυσι
2472 4358 2531 4410 τὸ
2549 4359 2794 4422 ἀνενδεές
2810 4359 2903 4412 τοῦ
2926 4360 3084 4418 Θεοῦ.
3107 4363 3180 4415 Οὐ
3203 4363 3314 4434 γὰρ
3337 4366 3606 4438 πρότερον
3623 4372 3808 4429 ὃπλων

2217 4453 2645 4522 ἐμνημόνευσεν,
2681 4455 2784 4520 ἓως
2823 4457 2912 4510 ὅτε
2939 4457 3164 4512 δυνατὸν
3192 4460 3356 4514 αὐτὸν
3399 4464 3664 4518 ἐκάλεσε·
3709 4472 3806 4522 καὶ

2217 4548 2377 4603 πάλιν
2419 4551 2720 4615 καταλέξας
2756 4552 2824 4604 τὰ
2853 4553 3014 4620 ὅπλαν
3049 4554 3175 4626 ὅλην
3207 4557 3306 4627 τὴν
3347 4557 3504 4628 νίκην
3544 4565 3610 4632 τῇ
3653 4564 3806 4636 δεξιᾷ

2218 4647 2382 4699 αὐτοῦ
2422 4648 2728 4717 ἐλογίσατο,
2779 4653 3052 4720 τουτέστι,
3089 4656 3153 4722 τῇ
3195 4653 3356 4722 φύσει
3389 4657 3555 4710 αὐτοῦ
3611 4663 3706 4714 καὶ
3737 4666 3802 4734 τῇ

2215 4741 2441 4813 δυνάμει
2477 4744 2667 4798 αὐτοῦ.
2720 4747 2896 4816 Ὅπερ
2943 4748 3036 4801 καὶ
3083 4748 3242 4812 ἄλλος
3289 4755 3575 4823 προφήτης
3623 4757 3803 4827 δηλῶν

2217 4838 2399 4910 ἔλεγεν
2420 4859 2432 4871 ·
2478 4841 2549 4896 Ἠ
2577 4843 2736 4912 ἀρχὴ
2771 4844 2956 4897 αὐτοῦ
2977 4845 3076 4898 ἐπὶ
3109 4847 3216 4900 τοῦ
3246 4847 3410 4916 ὤμου
3438 4853 3629 4907 αὐτοῦ
3649 4872 3662 4884 ·
3702 4859 3801 4930 οὐχ

2219 4934 2304 4988 ἵνα
2329 4929 2480 5006 ὦμον
2517 4939 2719 5010 νοήσῃς
2744 4940 2854 5012 (μὴ
2883 4942 3143 5012 γένοιτο),
3176 4945 3293 4998 ἀλλ’
3326 4947 3414 5012 ἵνα
3442 4949 3592 5020 εἰδῇς
3625 4954 3710 5006 ὅτι
3737 4958 3802 5012 οὐ

2216 5029 2382 5085 δεῖται
2413 5034 2615 5105 ἐτέρων
2644 5035 2775 5099 Θεὸς
2804 5038 3141 5108 συμμαχίας.
3167 5040 3487 5108 Περίζωσαι
3511 5045 3630 5112 τὴν
3650 5049 3802 5118 ῥομ-

2217 5128 2402 5194 φαίαν
2420 5146 2536 5183 σου
2565 5131 2664 5183 ἐπὶ
2689 5133 2795 5184 τὸν
2816 5133 3014 5201 μηρόν
3038 5149 3176 5200 σου,
3210 5135 3452 5203 δυνατέ,
3493 5139 3568 5208 τῇ
3593 5141 3802 5209 ὡραιόο

2217 5225 2349 5292 τητί
2379 5240 2496 5279 σου
2520 5227 2618 5280 καί
2655 5227 2735 5292 τῷ
2759 5228 2970 5283 κάλλει
2995 5245 3134 5288 σου.
3163 5232 3228 5284 Τί
3243 5229 3336 5286 οὖν
3358 5235 3591 5290 ἐνταῦθα
3619 5239 3798 5309 λέγει;

2218 5320 2315 5375 Διὰ
2345 5322 2457 5376 τῶν
2485 5323 2814 5394 παχυτέρων
2842 5327 3124 5396 ὀνομάτων
3155 5329 3360 5385 τούτων
3387 5334 3484 5405 τὴν
3517 5336 3800 5408 ἐνέργειαν

2217 5415 2383 5468 αὐτοῦ
2430 5418 2692 5484 δείκνυσι,
2727 5421 2794 5474 δι’
2842 5416 2911 5485 ἦς
2942 5423 3043 5494 τὴν
3073 5426 3402 5497 οἰκουμένην
3444 5433 3800 5502 κατώρθωσε,

2214 5513 2279 5564 δι’
2313 5508 2380 5583 ἦς
2412 5515 2506 5570 τὸν
2553 5517 2792 5588 πόλεμον
2822 5519 3003 5585 ἔλυσε,
3048 5521 3142 5576 καὶ
3180 5524 3242 5576 τὸ
3269 5526 3533 5598 τρόπαιον
3579 5530 3796 5599 ἔστησε.

2218 5611 2326 5663 Καὶ
2358 5612 2466 5686 γάρ
2500 5615 2734 5686 πόλεμος
2778 5613 2847 5689 ἦν
2882 5619 3135 5689 χαλεπὸς,
3187 5623 3441 5697 πολέμων
3486 5629 3742 5685 ἁπάντων
3770 5632 3801 5685 ὁ

2223 5709 2579 5784 πικρότατος,
2627 5715 2687 5767 οὐ
2727 5716 3017 5788 βαρϐάρων
3068 5719 3468 5794 πολεμούντων,
3510 5727 3643 5782 ἀλλὰ
3692 5730 3788 5782 τω.
