4068 6446
308 354 411 414 181ι

307 469 525 528 modum
552 466 696 524 enim
720 464 955 535 seipsum
987 461 1309 528 humiliavit,
1343 470 1401 515 ut
1431 471 1483 514 tc
1508 459 1775 515 exaltaer
1800 499 1813 522 ,
1842 467 1898 514 et

303 574 548 619 mortuus
576 569 659 616 est
682 600 698 623 ,
743 568 801 612 ut
832 567 882 611 te
909 554 1159 610 redderet
1202 551 1561 608 immortalem
1592 568 1604 602 :
1636 552 1705 604 ita
1737 550 1894 605 etiam

302 653 474 710 factus
495 662 578 708 est
604 648 942 704 maledictum
964 686 981 711 ,
1012 655 1070 699 ut
1091 655 1145 700 tu
1171 642 1471 713 implereris
1500 640 1891 697 benedictione.

300 747 437 818 Quid
478 752 647 815 potest
671 740 898 796 conferri
942 753 1063 793 cum
1096 737 1195 791 hac
1224 734 1636 801 benedictione,
1679 730 1895 803 quando

299 854 397 911 per
443 833 868 889 maledicnonem
921 828 1144 897 largitur
1187 824 1661 882 benedictionem?
1708 822 1894 891 Neque

296 931 440 988 enim
467 928 580 996 ipse
608 938 745 994 opus
764 920 948 976 habuit
967 918 1358 985 benedictione,
1391 915 1485 971 sed
1505 930 1624 970 eam
1657 913 1750 968 tibi
1777 912 1888 966 dat.

296 1016 755 1088 Quemadmodum
787 1013 929 1067 enim
960 1010 1175 1081 quando
1202 1008 1324 1063 dico
1352 1022 1473 1062 eum
1521 1005 1684 1060 fuisse
1712 1000 1891 1056 humi-

295 1110 503 1173 liatum,
532 1124 638 1163 non
669 1106 789 1160 dico
815 1104 1162 1159 mulationem
1190 1140 1206 1165 ,
1237 1098 1329 1155 sed
1357 1098 1607 1152 humanae
1628 1101 1891 1163 suscepta:

293 1209 503 1255 natum:
545 1197 923 1252 demissiouem
964 1210 977 1246 :
1019 1192 1090 1246 ita
1134 1190 1293 1245 etiam
1320 1186 1532 1259 quando
1560 1185 1747 1240 dixero
1766 1197 1888 1237 eum

293 1306 415 1347 esse
447 1289 782 1344 benedictum
804 1324 820 1350 ,
869 1284 971 1336 non
1001 1282 1105 1337 hoc
1126 1279 1274 1344 dico,
1302 1278 1524 1349 quodtei
1553 1274 1713 1330 fuerit
1755 1287 1890 1343 opus

292 1382 668 1438 benedictione
693 1419 708 1443 ,
758 1376 852 1432 sed
893 1388 1077 1430 rursus
1109 1368 1734 1427 ostendudemissionem
1788 1366 1888 1419 hu-

291 1476 468 1530 mana:
490 1481 752 1540 susceptae
779 1477 1002 1521 naturae.
1039 1462 1323 1519 Benedicta
1368 1459 1467 1513 fuit
1492 1473 1621 1528 ergo
1656 1456 1887 1509 humana

291 1576 483 1623 natura
514 1581 527 1618 :
559 1561 803 1618 Christus
834 1561 975 1614 enim
998 1572 1027 1611 a
1056 1553 1282 1610 mortuis
1305 1554 1567 1607 excitatus
1610 1565 1715 1604 non
1767 1561 1887 1602 mo-

289 1659 426 1713 ritur
451 1655 696 1725 amplius,
730 1664 828 1707 nec
854 1659 937 1705 est
967 1646 1249 1702 maledicto
1274 1643 1541 1707 obnoxius
1575 1660 1588 1696 :
1622 1642 1731 1696 imo
1759 1654 1888 1695 vero

289 1761 396 1803 nec
421 1754 545 1800 aute
570 1743 786 1814 quidem
815 1746 931 1795 crat
958 1736 1222 1792 obnoxius
1244 1774 1259 1797 ,
1310 1733 1406 1788 sed
1449 1733 1686 1801 suscepit
1722 1729 1889 1784 ntale-

287 1837 522 1900 dictum,
570 1845 629 1889 ut
655 1844 707 1889 te
727 1832 795 1887 ab
820 1845 886 1886 eo
916 1829 1169 1883 liberaret
1199 1824 1387 1896 (Rom.
1416 1824 1469 1877 6.
1499 1824 1588 1891 9).
1618 1822 1671 1876 1.
1704 1821 1890 1875 Accin-

286 1946 407 2003 gere
429 1928 600 2001 gladio
627 1936 711 1980 tuo
736 1938 889 1993 super
916 1921 1081 1990 femur
1107 1928 1283 1983 tuum,
1316 1917 1679 1985 potentissime.
1710 1913 1883 1979 Alius,

289 2020 450 2091 Cinge
471 2034 635 2074 ensem
664 2027 806 2070 tuum
832 2028 984 2083 super
1008 2015 1192 2083 femur.
1222 2008 1376 2063 Alius
1397 2048 1412 2074 ,
1442 2005 1775 2077 Circumpone
1799 2018 1884 2059 ve-

288 2112 384 2167 luti
425 2111 654 2183 gladium
693 2118 833 2162 tuum
858 2119 1011 2173 super
1046 2106 1230 2174 feritur.
1264 2100 1318 2155 5.
1369 2099 1552 2171 Specie
1581 2108 1666 2152 tua
1698 2107 1744 2151 et
1772 2095 1885 2166 pul-

286 2202 574 2260 chritudine
612 2210 717 2253 tua.
752 2198 934 2264 Alius,
994 2193 1226 2249 Laudent
1268 2200 1409 2245 luant
1454 2200 1501 2243 et
1533 2192 1885 2243 auctoritatem

287 2308 450 2354 tuam.
502 2294 653 2350 Alius
676 2333 691 2357 ,
739 2290 916 2347 Gloria
954 2296 999 2344 et
1041 2288 1221 2342 decore
1246 2296 1350 2340 tuo.
1378 2284 1633 2352 Qua‘nam
1661 2295 1744 2338 est
1771 2280 1886 2336 haec

286 2386 515 2445 mutatio
535 2427 551 2453 ,
582 2393 635 2439 et
653 2397 897 2455 quaenam
923 2379 1209 2444 verborum
1239 2375 1556 2432 translatio?
1576 2374 1708 2430 Cum
1738 2374 1882 2429 enim

283 2482 354 2540 de
374 2482 593 2537 doctore
618 2478 927 2547 loqueretur
942 2474 1070 2545 (hoc
1089 2470 1234 2527 enim
1256 2469 1358 2526 sibi
1378 2468 1489 2524 vult
1509 2467 1658 2534 illud,
1680 2465 1885 2533 Di/fusa

283 2584 360 2630 est
377 2573 543 2644 gratia
567 2572 621 2625 in
644 2569 790 2624 labiis
809 2567 907 2622 tuis
929 2567 969 2636 ),
992 2573 1257 2620 armatum
1281 2575 1461 2631 regem
1484 2559 1642 2616 nobis
1662 2569 1883 2629 repente

284 2665 576 2729 describit,
625 2676 726 2717 nec
755 2661 827 2716 ita
856 2668 913 2714 ut
939 2660 1116 2714 locum
1148 2665 1326 2712 teneat
1352 2654 1671 2731 prephetiaz,
1702 2652 1796 2708 sed
1824 2662 1882 2707 ut

286 2760 463 2815 locum
509 2753 934 2825 supplicationis.
976 2749 1093 2805 Non
1141 2747 1275 2803 dixit
1312 2746 1458 2802 enim
1498 2762 1513 2799 :
1560 2744 1883 2814 Accingetur

282 2850 460 2923 gladio
483 2862 621 2912 suo;
648 2845 743 2900 scd
774 2851 955 2914 rogat,
1002 2851 1055 2897 et
1093 2839 1239 2908 dicit,
1271 2838 1546 2909 Accingere
1567 2835 1740 2907 gladio
1771 2843 1876 2889 tuo.

284 2940 490 2999 Deinde
532 2938 653 2993 huic
692 2937 853 2991 etiam
896 2940 1181 2987 armatura:
1225 2928 1484 2985 admiscet
1527 2925 1879 2997 pulchritudi-

284 3049 444 3100 nem,
490 3045 634 3085 nunc
663 3026 877 3098 quidem
904 3023 1085 3094 gravis
1107 3030 1393 3075 armatura:
1424 3019 1648 3075 militem
1679 3015 1879 3088 signiﬁ-

281 3139 413 3180 cans
438 3165 453 3186 ,
500 3134 641 3175 nunc
667 3132 794 3173 vero
821 3125 1103 3171 venustum
1135 3112 1404 3166 hominem
1438 3125 1501 3165 ac
1530 3109 1830 3180 Speciosum
1862 3124 1876 3163 :

283 3217 468 3290 Specie
492 3214 634 3269 enim
656 3251 671 3276 ,
698 3211 901 3280 inquit,
933 3217 1038 3271 tua,
1071 3216 1116 3260 et
1138 3203 1519 3277 pulchritudine
1538 3211 1647 3255 tua.
1676 3200 1880 3256 Deinde

281 3306 614 3380 sagittarium
649 3320 662 3356 :
699 3304 753 3357 6.
785 3300 1000 3371 Sagittae
1022 3298 1187 3361 enim,
1222 3295 1413 3389 inquit,
1446 3304 1545 3389 tua:
1575 3301 1755 3389 neptis,
1787 3307 1880 3389 po-

281 3379 571 3455 tentissime.
603 3394 671 3448 Et
695 3405 880 3448 rursus
902 3390 1157 3444 victorem
1185 3397 1240 3442 et
1266 3379 1709 3454 triumphatorém
1738 3399 1749 3435 :
1781 3379 1877 3434 Po-

280 3491 411 3563 puli,
445 3488 633 3557 inquit,
665 3484 754 3538 sub
782 3492 827 3536 te
863 3481 1042 3534 cadent
1077 3480 1131 3532 in
1172 3477 1323 3531 corde
1363 3475 1684 3528 inimicorum
1721 3472 1874 3542 regis.

281 3581 541 3645 Eumdem
572 3592 757 3632 rursus
782 3573 984 3629 inducit
1012 3570 1296 3639 unguentis
1318 3566 1639 3630 delibutum,
1675 3564 1766 3634 qui
1796 3572 1879 3618 est

280 3675 436 3732 miles
459 3670 637 3743 gravis
682 3675 967 3722 armaturae
985 3702 1001 3727 ,
1026 3671 1081 3717 et
1107 3676 1201 3716 rex
1219 3701 1234 3726 ,
1268 3667 1323 3713 et
1346 3658 1653 3728 sagittarius
1676 3697 1692 3723 ,
1724 3665 1778 3710 et
1799 3655 1879 3709 vi-

278 3776 396 3824 etor
425 3783 440 3820 :
465 3764 519 3820 9.
545 3761 762 3833 Myrrha
782 3758 949 3824 enim,
978 3755 1168 3827 inquit,
1190 3763 1236 3808 et
1256 3760 1418 3823 gutta,
1442 3760 1488 3805 et
1513 3750 1651 3804 casia
1675 3765 1706 3803 a
1731 3750 1880 3804 vesti.

280 3861 458 3916 utentis
487 3859 605 3913 tuis.

351 3952 406 4006 5.
437 3948 572 4018 Quid
595 3961 725 4019 ergo
748 3958 1033 4001 commune
1058 3942 1197 3996 inter
1221 3953 1279 3995 se
1302 3936 1503 3993 habent
1527 3950 1673 3991 arma
1699 3942 1755 3991 et
1780 3950 1878 3990 un-

278 4050 497 4114 guenta,
532 4037 709 4093 unctio
728 4046 782 4091 et
820 4033 1045 4106 gladius,
1078 4031 1318 4086 doctrina
1347 4039 1402 4084 et
1442 4028 1643 4084 bellum
1671 4070 1685 4093 ,
1718 4039 1877 4082 arcus

279 4142 334 4187 et
354 4126 693 4203 pulchritudo
724 4125 896 4181 illlam
915 4124 1058 4180 enim
1075 4168 1081 4173 .
1097 4132 1225 4176 sunt
1250 4121 1401 4191 signa
1426 4120 1595 4191 pacis,
1628 4120 1720 4174 illa
1745 4132 1877 4173 vero

280 4224 452 4299 [melii
481 4231 537 4279 et
562 4223 837 4277 instructa
862 4217 1021 4303 aciei.
1052 4216 1182 4284 Quis
1210 4228 1339 4285 ergo
1363 4222 1447 4268 est
1470 4212 1703 4267 simulet
1729 4213 1877 4282 pacis

278 4318 507 4382 amicus,
538 4322 596 4370 et
623 4312 701 4368 rei
736 4309 956 4367 militari
985 4306 1370 4376 deditus?quis
1386 4304 1605 4361 disﬁllat
1638 4318 1877 4374 unguen-

281 4419 393 4465 tum
416 4448 433 4473 ,
480 4416 534 4463 et
571 4405 736 4460 armis
763 4413 845 4460 est
874 4401 1150 4458 munitus?
1196 4401 1315 4471 quis
1336 4398 1582 4470 procedit
1605 4413 1671 4454 ex
1697 4397 1875 4453 domi-

279 4500 380 4556 bus
414 4495 521 4570 (a)
543 4495 820 4562 eburneis,
846 4504 901 4550 et
927 4494 1109 4549 hostes
1139 4491 1313 4547 fundit
1343 4490 1785 4557 innumerabiles,
1822 4498 1877 4547 et

280 4591 567 4649 maximam
609 4599 842 4659 stragem
887 4586 1051 4642 facit?
1098 4584 1382 4652 Quomodo
1419 4584 1691 4643 sciremus
1737 4584 1876 4639 hanc

278 4678 691 4737 difﬁcultatem?
735 4679 792 4735 Si
822 4689 968 4734 recte
1006 4677 1240 4732 sciamus
1281 4675 1399 4731 haec
1423 4691 1637 4747 quoque
1677 4675 1780 4731 dici
1809 4675 1877 4731 de

279 4772 461 4832 Patre.
487 4772 621 4827 Nam
649 4771 763 4841 ipse
784 4784 995 4840 quoque
1019 4768 1275 4838 propheta
1300 4781 1424 4822 eum
1454 4765 1583 4822 alibi
1606 4774 1875 4823 armatum

281 4865 593 4931 lntroducit,
617 4873 674 4918 ut
694 4862 907 4933 quando
926 4858 1095 4915 dicit:
1119 4857 1240 4913 Nisi
1260 4858 1481 4914 conversi
1511 4858 1725 4928 fueritis,
1758 4858 1874 4929 gla-

278 4959 423 5014 dium
458 4971 610 5010 suum
652 4952 862 5007 vibrabit
888 4967 908 5005 :
947 4966 1120 5005 arcum
1152 4965 1297 5004 suum
1324 4950 1561 5013 tetendit,
1593 4958 1641 5003 et
1678 4949 1876 5019 parauit

278 5052 472 5123 ipsum,
523 5056 569 5102 et
599 5047 736 5100 ineo
767 5042 962 5113 parauit
988 5056 1109 5096 vasa
1136 5042 1313 5096 mortis
1344 5040 1524 5113 (Psal.
1556 5041 1610 5097 Ἰ.
1636 5042 1705 5096 15
1724 5042 1764 5112 ).
1808 5040 1875 5095 Et

280 5155 467 5197 rursus
493 5138 619 5193 alibi
651 5153 666 5192 :
694 5135 884 5190 Induet
910 5134 1165 5189 thoracem
1193 5136 1448 5206 justitiam
1471 5134 1490 5206 (
1510 5133 1640 5204 Sap.
1663 5133 1718 5189 5.
1744 5132 1874 5204 19).

282 5230 419 5287 \‘ide
443 5237 625 5285 autem
652 5225 899 5284 eamdem
937 5239 1151 5295 quoque
1176 5225 1569 5282 auctoritatem.
1603 5223 1878 5291 Quemad-

281 5324 502 5381 modum
530 5323 673 5378 enim
702 5320 810 5377 illic
837 5318 989 5388 dicit,
1020 5316 1263 5375 Gladium
1306 5336 1455 5374 suum
1494 5320 1707 5376 vibrabit
1726 5360 1740 5385 ,
1771 5334 1876 5375 non
1957 5330 1961 5335 '

343 5567 419 5629 (a)
453 5572 505 5615 In
525 5572 708 5629 graeco,
732 5574 753 5615 δ
768 5579 899 5626 προϊὸν
916 5574 990 5629 ω
1013 5570 1323 5629 βάρηλῐτοιειιο
1346 5564 1394 5613 in
1421 5576 1611 5629 vocem,
1638 5578 1755 5628 se“,
1774 5564 1882 5629 haec

280 5626 418 5681 notat
438 5626 586 5690 Savil.
607 5639 620 5675 :
653 5642 677 5672 ι
701 5639 801 5689 se“
829 5627 1329 5690 varieexponitur.)
1360 5626 1498 5675 Basil.
1527 5640 1645 5688 βάριις
1668 5626 1882 5690 appellat

280 5689 521 5753 ntaajinms
551 5687 822 5746 domus,'et
848 5688 916 5753 s_i_c_
941 5688 1193 5750 Didymus;
1230 5688 1527 5749 Athanasius,
1562 5687 1743 5753 templa
1778 5703 1880 5740 nta-

281 5750 453 5816 qniﬁcc
476 5755 724 5802 exstructa
738 5763 755 5796 :
776 5747 995 5813 (:vrillus,
1018 5747 1193 5802 turres.

1446 345 1803 403 EXPOSITIO
1842 345 1907 402 IN
1948 344 2274 406 PSALMUM
2314 350 2498 409 XLIV.

3510 370 3610 426 190

2006 460 2073 515 ab
2097 461 2205 516 alio
2224 462 2429 532 jussus,
2455 464 2552 521 sed
2580 464 2694 536 ipse
2721 483 2787 523 ex
2816 469 2997 541 seipse
3029 490 3043 527 :
3074 473 3151 528 ita
3175 472 3262 530 hic
3289 478 3472 547 etiam,
3505 484 3610 538 Sa-

2003 550 2145 620 gitta:
2172 555 2391 622 potentis
2417 566 2601 623 acutte,
2633 559 2813 629 populi
2837 561 2929 615 sub
2961 572 3009 617 te
3034 564 3219 619 cadent
3245 568 3299 622 in
3326 570 3478 626 corde
3504 574 3609 627 ini-

2002 643 2247 697 micorum
2284 647 2436 716 regis.
2478 647 2680 705 Deinde
2704 652 2998 711 ostendens
3033 670 3157 712 eum
3198 661 3378 714 omnia
3411 678 3480 718 ex
3510 678 3606 724 sua

2000 740 2317 797 auctoritate
2339 744 2534 813 facere,
2562 746 2692 803 dicit
2718 766 2732 805 :
2762 748 2986 807 Deducet
3010 763 3059 808 te
3082 756 3379 814 mirabiliter
3397 760 3607 815 dextera

2002 838 2111 891 tua,
2142 830 2258 886 Non
2284 833 2531 903 aliunde,
2560 836 2771 909 inquit,
2803 845 3172 913 operationem
3204 851 3460 921 suscipis,
3510 852 3603 907 scd

1998 918 2115 987 ipse
2143 922 2234 976 tibi
2264 922 2361 993 ipsi
2389 927 2613 984 sufﬁcis.
2646 930 2785 985 Audi
2806 943 2985 988 autem
3014 935 3190 1005 ipsum
3213 918 3426 1011 quoque
3457 944 3605 1011 pacis

2000 1007 2168 1064 Deum
2197 1011 2462 1069 dicentem
2491 1016 2769 1090 discipulis
2802 1040 2816 1076 :
2848 1021 2973 1078 Non
3000 1028 3111 1080 ueni
3132 1007 3308 1097 pacem
3336 1007 3389 1085 in
3415 1007 3604 1088 terram

1997 1099 2227 1190 mittere,
2278 1107 2366 1158 sed
2396 1107 2623 1178 gladium
2676 1110 2697 1183 (
2712 1110 2900 1169 Matth.
2947 1116 3031 1172 l0.
3078 1119 3202 1190 51).
3256 1121 3320 1176 Ει
3361 1139 3547 1180 rursus
3585 1145 3602 1182 :
3676 1115 3681 1123 ’

1995 1188 2177 1261 Igneus
2203 1196 2312 1249 veni
2341 1198 2534 1253 mittere
2555 1203 2608 1255 in
2636 1211 2843 1273 terram,
2867 1216 2912 1260 et
2938 1209 3061 1278 quid
3089 1188 3203 1264 volo
3225 1214 3321 1266 nisi
3346 1212 3397 1267 ut
3422 1232 3603 1271 accen-

1996 1280 2147 1334 datur
2173 1283 2191 1351 (
2213 1282 2339 1338 Luc.
2371 1287 2456 1342 12.
2489 1289 2633 1362 49)ῐ³
2671 1291 2768 1348 llic
2801 1305 2978 1350 autem
3008 1297 3073 1353 de
3104 1301 3291 1355 eodem
3339 1288 3597 1375 loquens,

1994 1377 2264 1442 quomodo
2289 1378 2358 1433 sit
2382 1390 2633 1438 venturus
2657 1384 2786 1440 dicit
2818 1404 2832 1439 :
2866 1387 3145 1445 Descendet
3171 1393 3303 1449 sicut
3344 1398 3514 1459 pluvia
3547 1402 3601 1454 in

1994 1465 2170 1532 vellus,
2218 1479 2265 1523 et
2313 1479 2569 1541 tamquam
2610 1470 2757 1546 gutta
2798 1494 2911 1548 qua:
2948 1479 3163 1535 distillat
3213 1501 3365 1554 super
3411 1498 3598 1544 terram

1998 1558 2018 1627 (
2040 1557 2187 1614 Psal.
2219 1562 2308 1617 71.
2337 1563 2426 1635 6).
2460 1565 2584 1622 llaec
2609 1568 2751 1635 dico,
2778 1581 2833 1625 ut
2861 1575 3047 1627 attenti
3075 1574 3191 1631 sitis
3215 1588 3269 1631 et
3294 1579 3599 1648 vigilantes,
3688 1568 3697 1583 ”

1993 1659 2048 1704 et
2068 1667 2186 1721 qua:
2208 1669 2272 1707 ex
2304 1654 2629 1713 dictionibus
2659 1659 3031 1730 signiﬁcantur
3060 1665 3343 1735 diligenter
3374 1685 3597 1725 sumen-

1996 1748 2096 1807 tcs,
2127 1745 2350 1801 solvatis
2378 1749 2517 1817 apud
2542 1764 2636 1805 vos
2664 1751 3072 1809 dubitationem.
3108 1756 3234 1814 Haec
3258 1760 3400 1815 enim
3427 1766 3597 1817 nomi-

1994 1850 2060 1887 na
2091 1837 2391 1906 signilicant
2416 1840 2532 1911 ejus
2555 1845 2919 1913 operatiOues.
2972 1845 3047 1901 lta
3092 1863 3221 1921 ergo
3262 1850 3349 1907 h‘ic
3385 1868 3603 1925 quoque

1991 1939 2111 1981 Cum
2139 1929 2374 1985 audieris
2402 1948 2417 1985 :
2453 1932 2727 2003 Accingere
2748 1935 2923 2006 gladio
2946 1946 3033 1991 tuo
3061 1955 3214 2009 super
3236 1940 3403 2010 femur
3432 1954 3597 2011 tuum,

1992 2022 2334 2090 potentissime
2359 2063 2372 2088 ,
2418 2024 2663 2079 existima
2690 2042 2811 2083 esse
2837 2043 3033 2083 nomen
3064 2031 3183 2099 ejus
3221 2034 3550 2102 operationis
3581 2056 3597 2095 :

1992 2110 2064 2164 ita
2120 2112 2282 2166 etiam
2308 2128 2467 2169 arcus
2521 2124 2578 2170 et
2630 2117 2871 2187 sagittas.
2925 2118 3391 2187 Quemadmodum
3453 2129 3596 2184 enim

1992 2198 2264 2269 Scriptura
2290 2202 2419 2258 dicit
2446 2205 2611 2260 Deum
2634 2207 2813 2275 irasci,
2848 2224 2955 2264 non
2983 2213 3445 2281 perturbationem
3478 2222 3596 2275 ani-

1995 2291 2067 2346 tni
2089 2293 2136 2348 ei
2162 2294 2419 2361 tribuens,
2454 2297 2551 2352 sed
2581 2314 2677 2379 per
2702 2299 2840 2355 hanc
2859 2301 3174 2374 dictionem,
3204 2307 3450 2364 ultricem
3477 2312 3597 2382 ejus

1989 2388 2356 2455 operationem
2384 2392 2673 2447 ostendens
2693 2436 2707 2458 ,
2739 2405 2795 2450 et
2822 2411 2941 2465 qua:
2972 2410 3096 2453 sunt
3134 2403 3402 2460 crassiora
3431 2407 3596 2461 attin-

1988 2493 2123 2547 gens
2151 2495 2164 2532 :
2196 2480 2265 2534 ita
2286 2480 2517 2551 idipsunt
2539 2485 2804 2555 signiﬁcat
2829 2502 2952 2542 cum
2979 2504 3129 2545 arma
3153 2506 3435 2550 memorat.
3462 2498 3596 2564 Quia

1988 2571 2133 2625 enim
2157 2586 2265 2626 non
2294 2587 2390 2642 per
2416 2574 2663 2644 nosipsos
2682 2617 2696 2643 ,
2728 2577 2822 2632 sed
2857 2594 2951 2648 per
2976 2581 3077 2635 alia
3109 2583 3462 2641 instrumenta
3495 2605 3597 2659 pu-

1992 2662 2192 2731 nimttr,
2220 2666 2410 2719 volens
2434 2667 2549 2736 ejus
2575 2667 2833 2737 puniendi
2857 2672 3143 2729 ostendere
3173 2675 3475 2732 facultatem
3498 2720 3512 2745 ,
3544 2679 3594 2735 id

1988 2770 2084 2825 per
2106 2757 2322 2812 nomina
2344 2759 2499 2815 nobis
2518 2768 2644 2816 nota
2664 2761 3001 2833 signiﬁcavit,
3022 2780 3129 2821 non
3161 2776 3219 2823 ut
3236 2783 3385 2825 arma
3409 2772 3459 2825 in
3486 2772 3595 2828 Deo

1986 2849 2321 2919 cogitemus,
2356 2852 2452 2907 sed
2478 2862 2536 2907 ut
2561 2854 2947 2925 signiﬁcantius
2991 2867 3047 2913 et
3085 2874 3211 2915 cum
3260 2862 3453 2933 majori
3480 2880 3596 2920 em-

1986 2940 2140 3010 phasi
2163 2943 2281 3014 ejus
2312 2944 2568 3001 ultionem
2597 2946 2899 3003 audiamus.
2932 2951 3002 3004 At
3027 2952 3204 3022 multi,
3251 2951 3460 3025 inquies
3484 2995 3499 3021 ,
3526 2972 3594 3013 ex

1988 3035 2092 3091 hoc
2119 3038 2238 3092 loco
2265 3037 2377 3093 laesi
2405 3049 2531 3093 sunt
2555 3056 2569 3092 :
2596 3040 2692 3095 sed
2723 3050 2945 3109 temere,
2976 3050 3031 3099 et
3050 3060 3080 3098 a
3104 3046 3320 3115 propria
3345 3049 3591 3107 inscitia:

1986 3142 2109 3182 eum
2141 3130 2283 3185 enim
2318 3130 2486 3185 Deum
2508 3130 2776 3199 audirent,
2808 3133 3079 3189 debebant
3103 3136 3409 3207 intelligere
3431 3138 3485 3193 id
3512 3139 3595 3195 di-

1994 3230 2139 3275 ctum
2164 3236 2290 3278 esse
2322 3224 2527 3293 tropice
2548 3234 2602 3281 et
2633 3227 2855 3296 figurate
2881 3243 2893 3280 :
2924 3243 3068 3285 nunc
3088 3244 3217 3285 vero
3244 3245 3468 3302 necper
3486 3234 3592 3290 alia

1984 3310 2202 3381 quidem
2251 3314 2412 3371 verba
2456 3316 2689 3385 neglexit
2733 3315 3009 3387 Scriptura
3054 3333 3151 3375 eos
3194 3320 3392 3377 docere
3422 3323 3592 3379 Deum

1986 3423 2106 3464 esse
2144 3408 2515 3478 impatibilem.
2570 3407 2708 3463 Audi
2758 3424 2888 3481 ergo
2924 3411 3198 3481 quomodo
3238 3413 3364 3468 alibi
3401 3414 3585 3483 docet,

1985 3516 2144 3570 quam
2176 3500 2244 3554 sit
2266 3502 2314 3554 ei
2342 3499 2501 3555 facile
2527 3514 2743 3555 sumere
2766 3502 3112 3572 Supplicium,
3133 3504 3319 3560 dicens
3348 3521 3360 3557 :
3392 3504 3614 3563 Βῖθυν-κ

1984 3604 2069 3663 gat
2101 3592 2238 3646 Deus
2264 3634 2280 3659 ,
2315 3603 2361 3645 et
2401 3592 2713 3663 dissipentur
2748 3593 2943 3647 inimici
2971 3596 3081 3666 ejus
3129 3594 3316 3666 (Psal.
3359 3598 3449 3653 67.
3496 3600 3588 3671 2).

1982 3684 2251 3756 Numquid
2279 3700 2414 3756 Opus
2455 3696 2538 3741 est
2573 3687 2774 3741 armis?
2820 3689 3077 3758 numquid
3105 3689 3319 3759 gladio?
3344 3690 3552 3749 Sufﬁcit
3574 3737 3588 3761 ,

1984 3779 2175 3849 inquit,
2204 3779 2379 3833 solum
2408 3780 2452 3834 si
2480 3780 2867 3835 exsurrexerit.
2899 3779 3007 3836 Sed
3035 3782 3137 3836 hoc
3161 3796 3375 3854 quoque
3401 3801 3599 3843 rursus.

1982 3885 2067 3935 εει
2107 3891 2390 3942 crassmn;
2440 3889 2493 3933 et
2512 3878 2635 3933 ideo
2676 3893 2821 3948 saepe
2860 3878 3027 3934 dicit:
3066 3880 3167 3946 Qui
3204 3882 3409 3954 respicit
3436 3899 3595 3953 super

1984 3977 2173 4021 terram
2197 4008 2212 4035 ,
2248 3978 2295 4023 et
2322 3968 2444 4039 facit
2466 3985 2575 4022 eam
2597 3980 2806 4024 tremere
2835 3968 3023 4040 (Psal.
3056 3973 3176 4028 105.
3204 3973 3275 4028 52
3292 3974 3335 4043 ).
3371 3974 3439 4030 Et
3465 3991 3587 4028 rur—

1982 4074 2075 4115 sus
2107 4078 2121 4115 :
2155 4062 2195 4112 A
2225 4062 2356 4131 facie
2391 4062 2503 4132 ejus
2547 4072 2798 4115 commota
2838 4072 2927 4116 est”
2948 4072 3083 4116 terra
3121 4062 3308 4132 (Psal.
3339 4066 3466 4121 115.
3494 4066 3525 4119 7
3547 4066 3605 4135 ).,

1982 4153 2145 4224 Atqui
2168 4152 2271 4208 hoc
2296 4167 2511 4224 quoque
2538 4169 2781 4209 crassum
2807 4164 2909 4210 est.
2959 4154 3099 4211 Audi
3147 4172 3276 4229 ergo
3323 4173 3509 4215 rursus
3537 4161 3585 4213 id

1982 4245 2126 4315 quod
2156 4254 2238 4300 est
2263 4245 2550 4311 sublimius
2580 4264 2593 4301 :
2625 4246 2831 4313 Omnia,
2860 4262 3190 4319 quaecumque
3228 4252 3387 4304 voluit
3412 4294 3427 4318 ,
3472 4254 3589 4322 fecit

1989 4340 2007 4411 (
2031 4339 2178 4394 Psal.
2212 4339 2336 4395 154.
2370 4337 2439 4411 6)
2467 4357 2479 4393 :
2508 4341 2558 4395 ei
2584 4341 2727 4395 enim
2750 4340 2925 4396 solum
2953 4340 3189 4397 voluisse
3209 4342 3426 4398 sufﬁcit.
3457 4344 3590 4400 Vide

1982 4442 2163 4488 autem
2208 4432 2481 4504 quomodo
2526 4432 2581 4487 in
2624 4432 2710 4489 his
2745 4433 2909 4489 etiam
2951 4435 3307 4491 erassioribus
3351 4437 3591 4492 ostendit

1985 4525 2151 4581 Deum
2183 4524 2381 4579 nullius
2407 4524 2485 4580 rei
2515 4538 2696 4596 egere.
2740 4523 2927 4595 Neque
2963 4525 3107 4581 enim
3139 4530 3288 4595 prius
3314 4542 3585 4581 armorum

1983 4617 2247 4683 meminit,
2277 4633 2439 4688 quam
2478 4633 2602 4674 eum
2632 4626 2907 4688 potentem
2956 4619 3269 4686 vocaverit;
3320 4631 3376 4676 et
3401 4637 3589 4676 rursus

1982 4724 2105 4766 cum
2129 4724 2275 4765 arma
2297 4718 2688 4779 enumerasset,
2712 4725 2927 4766 omnem
2950 4711 3229 4766 victoriam
3246 4713 3363 4781 ejus
3384 4713 3591 4768 dextras

1981 4803 2304 4873 adscripsit,
2334 4802 2438 4857 hoc
2459 4812 2543 4858 est
2566 4842 2581 4867 ,
2630 4801 2749 4872 ejus
2774 4810 2985 4857 naturae
3023 4813 3078 4858 et
3116 4805 3391 4871 potentiae.
3432 4804 3603 4871 Quod.

1982 4896 2119 4950 alius
2146 4908 2361 4965 quoque
2384 4892 2646 4963 propheta
2670 4892 2997 4962 signiﬁcans,
3026 4892 3278 4949 dicebat:
3314 4894 3604 4964 Principia.

1987 4996 2067 5041 tus
2093 4986 2201 5056 ejus
2225 5001 2378 5053 super
2407 4985 2674 5039 humerum
2702 4984 2812 5056 ejus
2839 4984 2865 5054 (
2879 4982 3009 5038 lsai.
3035 4984 3089 5040 9.
3120 4983 3187 5055 6)
3225 5000 3240 5041 :
3276 5002 3381 5040 non
3402 4997 3459 5040 ut
3483 4986 3590 5042 hu-

1983 5096 2192 5136 merum
2223 5079 2507 5149 intelligas,
2536 5078 2673 5134 absit
2697 5096 2709 5132 :
2734 5077 2831 5134 sed
2857 5088 2915 5133 ut
2934 5080 3075 5134 scias
3103 5079 3266 5133 Deum
3298 5096 3405 5134 non
3429 5095 3601 5151 egere.

1985 5176 2212 5229 aliorum
2232 5172 2451 5227 auxilio.
2476 5171 2751 5242 Accingere
2764 5170 2938 5243 gladio
2961 5180 3045 5225 tuo
3064 5187 3219 5241 super
3238 5171 3404 5240 femur
3424 5180 3587 5238 tuum,

1985 5265 2357 5337 potentissime,
2389 5263 2555 5333 specie
2580 5272 2668 5316 tua
2688 5270 2735 5316 et
2762 5261 3145 5333 pulchritudine
3184 5270 3291 5316 tua.
3326 5262 3465 5329 Quid
3505 5262 3601 5319 hic.

1986 5358 2145 5428 igitur
2172 5354 2338 5409 dicit?
2368 5354 2471 5409 Per
2498 5352 2614 5408 haec
2651 5354 2916 5407 crassiora
2957 5352 3175 5406 nomina
3202 5352 3437 5406 ostendit
3474 5352 3602 5423 ejus

1986 5449 2356 5520 operationem
2378 5487 2393 5513 ,
2428 5461 2524 5517 per
2551 5460 2710 5515 quam
2751 5445 2937 5499 orbem
2969 5454 3233 5499 terrarum
3274 5444 3446 5509 rexit,
3497 5460 3591 5513 per

1987 5557 2148 5613 quam
2180 5540 2375 5595 bellum
2408 5537 2672 5605 coniecit,
2702 5544 2755 5591 et
2784 5544 3045 5606 tropteum
3068 5534 3261 5589 erexit.
3294 5535 3424 5589 Erat
3447 5536 3591 5590 enim

1987 5635 2187 5690 bellum
2213 5630 2587 5703 gravissimum
2613 5670 2628 5696 ,
2664 5636 2720 5683 et
2747 5629 2986 5683 omnium
3019 5626 3281 5681 bellorum
3314 5626 3593 5685 acerbissi-

1989 5743 2134 5785 mum
2154 5768 2169 5789 .
2215 5728 2268 5785 iu
2300 5740 2407 5797 quo
2433 5739 2539 5781 non
2566 5721 2778 5781 barbari
2802 5720 2998 5778 bellum
3030 5721 3324 5791 gerebant,
3354 5718 3447 5777 sed
3480 5716 3590 5779 ὁδὶ-ι
