4068 6430
513 380 609 440 191
1285 368 1341 427 8.
1380 367 1663 427 JOANNIS‘
1698 363 2066 424 CilRYSOSTt

2171 405 2173 416 ι
2212 359 2535 419 Αῐιοιιιειι.
2574 357 2925 416 GONSTAN]
2943 356 3114 415 lNOl’.
3703 354 3799 413 192

504 508 693 552 mones
721 491 1004 550 tendebaut
1026 488 1244 545 insidias
1265 528 1281 554 ,
1324 499 1380 544 ct
1405 486 1661 543 universo
1678 483 1794 540 orbi
1824 494 2083 537 terrarum

501 584 791 643 efferebant
818 583 1056 643 exitium.
1087 579 1345 645 Quocirca
1375 577 1563 642 Esaias
1592 589 1803 646 quoque
1835 572 2083 628 dicebat:

505 674 571 729 Et
611 674 818 746 fortium
860 671 1043 725 diuidet
1081 669 1247 740 spolia
1290 666 1454 739 (Isai.
1486 667 1575 723 55.
1620 663 1745 735 12).
1795 663 1862 717 Et
1904 676 2090 717 rursus

500 765 627 820 alibi
656 781 671 819 :
702 763 927 835 Spiritus
952 761 1159 816 Domini
1186 777 1337 831 super
1376 774 1497 824 me;
1540 774 1639 826 qua
1666 748 1730 809 de
1754 769 1913 808 causa
1944 754 2089 807 unxit

499 871 599 919 me,
626 856 695 909 ad
712 854 1159 926 euangelizandum
1187 851 1495 923 pauperibus
1518 849 1649 902 misit
1671 863 1749 900 me
1771 887 1787 911 ,
1812 846 1879 898 ad
1901 845 2089 915 prcedi-

497 945 715 1000 caudam
746 946 955 1016 captiuis
975 944 1315 999 remissionem
1346 939 1409 1013 (1
1414 940 1461 994 b.
1487 940 1577 996 61.
1603 938 1689 1010 1).
1727 936 2082 1005 Quamobrem

499 1038 695 1093 Paulus
724 1037 916 1105 ubique
943 1035 995 1089 in
1026 1034 1287 1105 principio
1319 1031 1676 1101 Epistolarum
1718 1030 1959 1083 scribens
1998 1026 2084 1081 di-

496 1128 693 1183 cebat:
723 1125 899 1181 Gratia
924 1125 1059 1179 vobis
1082 1134 1127 1178 et
1148 1139 1251 1193 paa:
1278 1140 1308 1175 a
1338 1121 1447 1175 Deo
1472 1129 1615 1191 patre
1643 1128 1834 1173 nostro.
1870 1116 1936 1173 Et
1961 1132 2082 1171 rur-

498 1233 591 1281 sus
620 1234 635 1272 :
665 1215 788 1288 Ipse
810 1217 941 1271 enim
964 1224 1033 1270 est
1058 1230 1159 1283 paa:
1178 1224 1349 1267 nostra
1373 1253 1389 1279 ,
1436 1212 1522 1280 qui
1551 1212 1667 1279 fecit
1693 1219 1901 1279 utraque
1926 1223 2082 1261 unum

501 1297 727 1377 (Ephes.
750 1308 805 1362 2.
833 1308 899 1362 H
917 1306 958 1376 ).
986 1305 1062 1361 Ne
1082 1314 1261 1360 autent
1289 1304 1414 1358 dmn
1444 1303 1594 1357 audis
1615 1344 1630 1367 ,
1677 1301 1945 1371 Accingere
1966 1298 2083 1370 gla-

497 1397 584 1451 tlio
614 1407 719 1460 tuo,
744 1411 926 1452 ensem
957 1395 1219 1465 intelligas
1240 1393 1521 1457 sensilem,
1553 1391 1674 1445 audi
1704 1404 2082 1461 qtae-sequun-

498 1498 601 1543 tur.
632 1485 765 1543 Cum
792 1488 934 1547 enim
964 1487 1205 1550 dixisset.
1231 1481 1499 1556 Accing’cre
1525 1483 1697 1555 gladio
1722 1492 1828 1547 tuo,
1860 1481 2083 1551 subjun-

499 1578 591 1639 xit,
625 1578 678 1635 5.
712 1576 892 1648 Specie
912 1586 1020 1642 tua,
1052 1586 1097 1630 et
1126 1575 1503 1646 pulchritudine
1527 1585 1613 1627 tua
1642 1589 1660 1627 :
1696 1575 1795 1627 hoc
1824 1582 1939 1637 est,
1968 1572 2083 1641 gla-

496 1668 616 1724 dius
634 1709 648 1732 ,
676 1668 880 1738 species
917 1667 1032 1736 ejus
1050 1707 1063 1731 ,
1111 1664 1467 1735 pulchritudo,
1508 1664 1672 1734 gloria
1695 1704 1709 1727 ,
1754 1663 2039 1717 auctoritas
2062 1702 2080 1728 ,

497 1759 749 1829 majestas
804 1769 857 1812 et
885 1756 1293 1827 magnificentia.
1343 1756 1549 1811 Nullius
1577 1757 1719 1810 enim
1761 1756 1848 1809 illa
1881 1754 2083 1824 indiget

495 1848 789 1905 substantia
815 1847 879 1901 ad
906 1863 967 1901 ea
996 1860 1142 1903 recte
1172 1846 1404 1917 gerenda
1430 1887 1445 1910 ,
1482 1862 1601 1917 qua:
1650 1846 1845 1899 [iuerint
1886 1862 2080 1915 prope.

494 1940 595 1992 sita
634 1956 645 1988 :
679 1947 761 1993 est
804 1940 943 1993 enim
972 1938 1162 1993 nullius
1192 1937 1387 2007 indiga.
1422 1936 1557 1993 Eum
1595 1952 1725 2005 ergo
1762 1920 2080 1991 adhortatur

495 2026 773 2097 propheta,
805 2040 899 2096 pro
924 2028 1174 2081 universo
1199 2027 1327 2082 orbe
1348 2034 1609 2085 terrarum
1638 2042 1759 2083 eum
1781 2026 1847 2082 ad
1876 2026 2076 2083 bellum

491 2119 745 2177 edocens.
770 2120 969 2175 Deinde
994 2136 1022 2173 a
1046 2119 1359 2174 sublimibus
1381 2120 1676 2175 orationem
1707 2133 1890 2174 rursus
1911 2118 2079 2175 dedu-

491 2210 564 2264 cit
601 2208 667 2264 ad
690 2211 970 2265 crassiora.
1018 2211 1150 2265 Cum
1194 2211 1337 2265 enim
1366 2210 1588 2267 dixisset
1626 2210 1858 2280 gladium
1901 2220 1957 2266 et
2000 2209 2080 2266 fe-

490 2314 631 2362 mur,
662 2299 937 2355 adscendit
961 2298 1026 2355 ad
1067 2300 1298 2370 speciem
1328 2309 1382 2355 et
1408 2299 1853 2369 pulchritudinem
1879 2318 1893 2353 :
1924 2308 1978 2355 et
2007 2299 2075 2354 il-

490 2389 597 2450 linc
624 2406 809 2447 rursus
829 2391 1104 2448 descendit
1127 2393 1193 2447 ad
1224 2408 1286 2448 ea
1307 2408 1427 2464 qum
1456 2402 1578 2449 sunt
1606 2394 1773 2462 magis
1793 2409 2071 2463 corporea,

487 2494 541 2541 et
568 2483 697 2540 dicit
724 2503 737 2538 :
767 2483 1009 2548 Intende,
1054 2502 1292 2556 prospere
1312 2487 1523 2553 procede
1546 2495 1592 2541 et
1612 2500 1788 2557 regna.
1818 2484 1949 2541 Cum
1980 2500 2075 2540 au-

488 2582 595 2631 tem
635 2574 799 2639 dixit,
845 2573 1097 2637 Intende.
1147 2591 1329 2632 arcum
1367 2576 1680 2646 significavit
1706 2587 1758 2633 et
1805 2577 2069 2649 sagittam.

488 2664 687 2721 Deinde
713 2665 1000 2720 ostendens
1030 2680 1362 2721 rursuseum
1383 2667 1546 2720 armis
1587 2682 1690 2721 non
1714 2682 1891 2738 egere,
1939 2670 2070 2724 sub-

481 2756 657 2827 junsit
679 2797 693 2821 ,
737 2757 989 2827 Prospere
1015 2758 1264 2827 procede,
1313 2769 1363 2812 et
1391 2775 1565 2828 regna.
1604 2759 1753 2813 Alius
1777 2768 1952 2814 autem
1985 2763 2068 2814 in-

487 2858 693 2916 terpres
720 2848 804 2903 hic
833 2849 984 2915 dicit,
1019 2849 1285 2904 Promove.
1316 2850 1558 2921 Regnum
1590 2863 1764 2907 autem
1788 2852 1875 2907 hic
1903 2852 2065 2919 dicit,

482 2939 622 3008 quod
653 2954 773 2994 cum
802 2939 1129 3003 advenisset,
1175 2939 1563 2995 administravit
1590 2943 1844 2997 extremis
1867 2954 2067 3013 tempo-

482 3030 629 3085 ribus
651 3071 665 3094 ,
697 3029 946 3101 quodque
987 3039 1069 3085 est
1094 3030 1385 3085 secundum
1419 3033 1684 3101 propriam
1724 3035 1986 3090 rationem
2012 3046 2067 3091 et

480 3122 778 3176 scientiam.

549 3212 601 3265 8.
634 3212 759 3267 llzec
782 3221 958 3269 autem
986 3213 1145 3267 verba
1169 3212 1403 3269 indicant
1423 3213 1693 3284 propheta:
1715 3214 2061 3283 desiderium,

479 3304 707 3361 videntis
732 3304 841 3373 jam
873 3319 992 3373 quae
1022 3314 1175 3358 erant
1202 3304 1271 3358 ab
1299 3318 1365 3359 eo
1393 3306 1651 3371 facienda,
1674 3318 1727 3363 et
1752 3309 2061 3364 universum

480 3394 665 3447 orbem
694 3403 847 3447 terrae
873 3393 1157 3447 deductum
1184 3394 1249 3448 ad
1270 3395 1543 3450 veritatem
1568 3412 1582 3450 :
1613 3407 1666 3452 et
1692 3398 1810 3453 ideo
1838 3408 1989 3469 tropo
2010 3411 2064 3455 et

479 3486 642 3558 ligura
675 3485 981 3553 imperantis
1002 3500 1127 3539 usus
1152 3493 1252 3550 est.
1285 3486 1691 3543 Consueverunt
1713 3491 1854 3545 enim
1887 3492 2057 3546 mino-

476 3592 583 3643 res,
613 3576 824 3646 quando
850 3587 973 3633 sunt
997 3579 1105 3633 aeri
1133 3578 1389 3648 majorum
1422 3580 1727 3636 inflammati
1754 3585 1950 3647 studio,
1981 3586 2062 3641 his

475 3670 548 3723 uti
576 3668 911 3724 dictionibus.
954 3668 1173 3741 Propter
1208 3660 1487 3738 veritatem,
1514 3683 1561 3726 et
1602 3677 2057 3745 mansuetudinem,

473 3770 518 3815 et
537 3761 802 3828 iustitiam.
837 3760 1103 3816 Adverbio
1129 3762 1364 3816 veritatis
1397 3764 1579 3819 utitur.
1609 3763 1769 3821 Vides
1795 3768 2060 3835 quomodo

471 3855 699 3923 seipsam
731 3854 1106 3923 interpretatur
1124 3853 1415 3924 Scriptura,
1448 3866 1503 3911 et
1527 3857 1759 3912 ostendit
1784 3860 2056 3915 victoriam

472 3946 673 4002 versari
706 3948 757 4001 in
782 3945 1143 4016 intelligentia,
1173 3958 1227 4003 et
1254 3962 1374 4002 esse
1398 3948 1727 4018 spiritualem
1744 3950 1767 4004 τ
1786 3950 1885 4019 Qui
1915 3953 2057 4007 enim

470 4040 714 4095 meminit
757 4055 1046 4105 armorum,
1084 4040 1265 4110 gladii,
1311 4050 1365 4096 et
1392 4056 1628 4109 arcuum,
1666 4044 1933 4114 quomodo
1974 4046 2060 4101 hic

470 4132 713 4187 meminit
739 4130 1191 4186 mansuetudinis?
1208 4132 1343 4201 Quid
1367 4135 1505 4188 enim
1534 4150 1819 4191 commune
1843 4139 1981 4192 inter
2000 4155 2058 4194 se

472 4221 668 4277 habent
710 4222 905 4276 bellum
944 4231 999 4277 et
1035 4225 1407 4290 mansuetudo,
1449 4226 1704 4282 modestia
1754 4239 1807 4282 et
1848 4231 2057 4299 pugna?

471 4311 799 4365 Permultum
831 4311 1041 4382 quidem
1080 4308 1249 4377 certe,
1298 4314 1342 4367 si
1388 4315 1507 4383 quis
1538 4324 1682 4371 recte
1722 4319 2053 4387 expenderit.

470 4401 600 4458 Nam
629 4414 679 4458 et
713 4403 873 4458 David
913 4413 969 4459 et
1002 4404 1177 4459 Moses
1209 4415 1360 4459 erant
1400 4407 1555 4461 mites
1584 4425 1596 4461 :
1636 4418 1689 4463 et
1727 4410 1845 4465 ideo
1870 4410 1937 4466 de
1966 4412 2057 4468 illo

468 4494 684 4567 quidem
708 4496 837 4551 dicit
860 4496 1132 4566 Scriptura
1164 4513 1179 4549 :
1217 4496 1490 4563 Memento,
1523 4497 1761 4563 Domine.
1792 4500 1977 4565 David,
2010 4513 2057 4558 et

469 4586 631 4638 omnis
665 4587 1059 4643 mansuetudinis
1085 4588 1191 4659 ejus
1222 4584 1392 4657 (Psal.
1430 4590 1549 4644 151.
1582 4588 1667 4660 1);
1696 4590 1763 4645 de
1790 4590 1934 4648 Mose
1958 4609 2057 4647 au-

471 4682 577 4729 tem
613 4690 626 4726 :
665 4675 786 4728 Erat
839 4676 1005 4731 Moses
1050 4678 1341 4732 mitissimus
1392 4679 1617 4734 omnium
1663 4682 1923 4736 hominum
1972 4685 2057 4753 qui

468 4776 611 4822 erant
636 4784 786 4836 super
812 4777 993 4822 terram
1028 4768 1214 4842 (Num.
1247 4772 1333 4825 12.
1366 4769 1421 4839 5)
1455 4790 1469 4824 :
1501 4784 1675 4829 tamen
1706 4775 1951 4831 videntur
1996 4779 2053 4843 ii,

466 4856 557 4927 qui
581 4869 733 4911 erant
753 4859 986 4913 omnium
1015 4861 1302 4927 mitissimi,
1324 4862 1561 4917 omnium
1584 4866 1823 4923 maxime
1848 4868 2052 4926 ulcisci.

466 4947 571 5003 Sed
598 4948 642 5002 si
669 4949 846 5015 vultis,
876 4949 1115 5005 dicamus
1144 4953 1289 5022 prius
1320 4952 1387 5009 de
1414 4969 1596 5009 eorum
1625 4960 2049 5016 mansuetudine.

465 5035 597 5094 Cum
640 5038 725 5094 hic
763 5040 947 5095 beatus
988 5043 1220 5111 cepisset
1262 5057 1404 5113 smpe
1448 5044 1681 5113 Sahlem,
1727 5057 1779 5103 et
1818 5060 1961 5106 esset
2001 5052 2051 5106 in

462 5128 585 5198 ejus
610 5140 868 5200 potestate
895 5148 1015 5187 eum
1049 5133 1117 5187 de
1147 5135 1323 5190 medio
1367 5137 1574 5204 tollere,
1604 5154 1817 5195 manum
1849 5142 1901 5196 in
1930 5160 2051 5199 eum

465 5232 572 5274 non
617 5219 834 5276 immisit
874 5222 950 5292 (l.
983 5222 1109 5293 Reg.
1143 5223 1233 5279 24.
1279 5226 1361 5282 ll.
1401 5236 1447 5281 et
1481 5226 1657 5297 26.7.
1684 5231 1818 5303 sqq.)
1852 5250 1865 5285 :
1895 5236 2052 5305 quin-

463 5308 625 5363 etiam
654 5324 774 5365 cum
810 5310 898 5366 alii
929 5312 1101 5383 ipsum
1130 5315 1430 5385 incitarent,
1464 5319 1511 5373 ei
1547 5322 1802 5390 pepercit,
1835 5333 1888 5377 et
1919 5326 2049 5379 iram

462 5401 735 5468 repressit.
767 5400 887 5458 Jam
914 5419 1046 5460 vero
1081 5420 1201 5460 eum
1233 5406 1407 5463 Semei
1436 5425 1556 5465 eum
1582 5415 1899 5469 contumelia
1930 5416 2050 5471 arti-

461 5496 630 5555 ceret,
669 5498 725 5545 et
761 5492 877 5561 ejus
901 5493 1336 5568 calamitatitunc
1377 5498 1655 5556 insultaret
1681 5545 1695 5569 ,
1748 5504 2050 5575 vellentque

463 5576 628 5634 duces
657 5582 903 5647 transire,
944 5594 997 5639 ct
1026 5585 1343 5642 maledicum
1367 5586 1637 5645 hominem
1665 5594 1872 5662 probris
1901 5596 2047 5665 ejus-

465 5669 607 5728 modi
656 5671 1003 5731 insectantem
1043 5676 1384 5745 interimere,
1413 5684 1585 5752 qualia
1640 5684 1841 5754 profert
1889 5690 2045 5744 verba

453 5759 597 5814 otuni
629 5766 879 5834 sapientia
908 5768 1061 5841 plena
1082 5770 1159 5841 (2.
1191 5769 1318 5845 Reg.
1352 5775 1433 5831 l6.
1463 5776 1516 5833 5.
1546 5779 1719 5857 sqq.”
1742 5778 1887 5836 Illum
1915 5799 2045 5853 quo-

2198 491 2303 547 que
2332 473 2650 546 parricidam
2676 484 2731 530 et
2757 472 3179 529 incontinentem
3208 470 3636 536 adolescentem,
3662 484 3794 543 quo-

2193 568 2354 623 modo
2403 569 2515 623 suis
2543 566 2883 621 commendat
2906 565 3150 628 ducibus,
3180 564 3406 620 dicens:
3439 562 3650 618 Parcite
3676 562 3795 619 ntilii

2191 659 2352 729 ﬁliolo
2379 659 2619 715 Absaloui
2641 658 2715 729 (2.
2752 658 2877 728 Reg.
2903 656 2992 712 18.
3010 656 3107 725 5)?
3131 656 3356 724 Quando
3375 665 3556 711 autem
3580 654 3634 710 in
3659 655 3797 726 prin-

2190 752 2331 820 cipio
2372 750 2694 821 loquebatur
2714 765 2851 804 cum.
2878 748 3135 804 fratribus
3175 749 3225 804 ei
3260 748 3627 804 invidentibus
3668 763 3794 818 pro-

2190 848 2309 909 pter
2333 841 2560 896 futuram
2586 841 2887 907 victoriam,
2910 839 3084 911 cogita
3110 854 3270 910 quam
3298 850 3578 896 mansuete
3606 840 3789 911 loqui-

2192 942 2312 999 tur,
2356 933 2584 989 dicens:
2630 933 2894 1004 Numquid
2932 950 3032 987 non
3074 932 3278 987 verbum
3298 944 3371 987 est
3404 932 3505 1004 (1.
3538 933 3669 1006 Reg.
3702 933 3790 988 17.

2188 1020 2282 1093 29)
2302 1024 2331 1077 ?r
2354 1024 2490 1091 Quid
2517 1038 2643 1080 vero
2667 1023 2879 1079 Moses?
2907 1022 3015 1078 Pro
3042 1022 3107 1079 iis
3133 1022 3222 1093 qui
3250 1037 3373 1098 eum
3403 1023 3671 1093 lapidibus
3692 1038 3792 1094 pe-

2190 1115 2405 1180 tierant,
2440 1128 2536 1183 pro
2564 1114 2627 1169 iis
2656 1115 2747 1185 qui
2776 1130 2921 1181 eum,
2945 1124 3201 1185 quantum
3229 1115 3281 1168 in
3305 1116 3385 1171 eis
3412 1114 3652 1181 erat,_dc
3678 1130 3795 1174 mc-

2186 1207 2277 1261 dio
2313 1208 2675 1273 sustulerant,
2726 1207 2850 1262 audi
2896 1207 3021 1279 quid
3070 1207 3213 1263 dicat
3261 1206 3472 1279 (Exod.
3523 1208 3615 1265 17.
3667 1199 3789 1278 £2):

2153 1344 2157 1349 .
2188 1299 2249 1353 Si
2280 1310 2539 1369 peccatum
2574 1300 2775 1369 quidem
2802 1300 2874 1353 eis
2902 1299 3113 1353 dimittis
3140 1340 3156 1364 ,
3189 1299 3385 1353 dimitte
3413 1314 3452 1353 :-
3470 1300 3551 1353 sin
3582 1299 3790 1363 minus.

2186 1406 2266 1443 me
2288 1406 2485 1460 quoque
2511 1389 2623 1445 dele
2650 1391 2715 1444 de
2737 1390 3049 1460 libraquem-
3072 1389 3317 1459 scripsisti
3348 1387 3542 1460 (Exod.
3568 1389 3663 1445 52.
3695 1390 3788 1446 51.

2187 1482 2300 1552 52).
2332 1481 2465 1536 Cum
2496 1482 2586 1536 alii
2618 1496 2949 1537 rursuseum
2979 1491 3254 1535 moverent
3278 1479 3345 1535 ad
3362 1481 3787 1544 u-mulationem.

2186 1584 2240 1626 et
2269 1573 2549 1629 incitarent
2586 1573 2652 1628 ad
2683 1574 2837 1637 iram,
2866 1573 3083 1643 pulchra
3115 1572 3203 1626 illa
3237 1583 3289 1628 et
3316 1573 3599 1642 sapientia:
3627 1576 3786 1643 plena

2187 1664 2345 1717 verba
2378 1664 2626 1735 loquutus
2667 1678 2700 1719 c
2731 1672 2771 1730 ι,
2806 1662 2991 1718 dicens
3023 1679 3037 1716 :
3074 1661 3201 1729 Quis
3228 1662 3310 1716 det
3351 1672 3509 1717 torum
3539 1664 3789 1734 populum

2186 1752 2395 1808 Domini
2424 1755 2695 1825 praphetas
2723 1770 2829 1809 esse
2856 1752 3043 1825 (Num.
3076 1754 3163 1808 ll.
3189 1752 3323 1823 29)?
3348 1754 3454 1808 Pro
3477 1768 3669 1811 sorore
3693 1770 3790 1808 au-

2187 1855 2291 1900 tem
2336 1862 2541 1913 rursus,
2581 1863 2699 1917 qua:
2741 1862 2862 1903 eum
2910 1845 3207 1901 maledictis
3252 1846 3578 1913 incesserat,
3623 1864 3787 1919 quam

2183 1939 2491 2007 suppliciter
2519 1939 2803 2009 precatur?
2830 1938 2907 2001 Ex
2938 1938 3120 1994 multis
3150 1953 3366 2009 quoque
3391 1938 3511 1994 aliis
3542 1940 3679 1997 locis
3706 1944 3788 1996 vi-

2181 2028 2293 2083 dcri
2327 2039 2499 2099 potest
2537 2029 2652 2100 ejus
2696 2028 3067 2095 mansuetudo,
3113 2029 3322 2098 quando
3366 2030 3533 2084 etiam
3568 2046 3600 2085 c
3642 2041 3786 2089 terra

2181 2119 2401 2187 ejectus,
2432 2130 2488 2175 et
2534 2121 2585 2175 in
2636 2120 2973 2176 Palaestinam
3028 2119 3236 2190 ingredi
3287 2120 3607 2190 prohibitus,
3658 2138 3781 2179 eum

2180 2212 2326 2266 Omni
2378 2213 2630 2267 comitate
2678 2222 2733 2269 et
2781 2211 3185 2267 mansuetudine
3232 2211 3447 2267 Juda‘os
3494 2212 3786 2281 allo-tuitur

2180 2303 2364 2376 (Num.
2394 2304 2477 2358 l2.
2516 2306 2625 2372 15).
2657 2302 2761 2359 Sed
2792 2312 2969 2358 tamen
2992 2303 3077 2359 hic
3098 2303 3261 2365 mitis,
3296 2312 3353 2357 ut
3382 2303 3611 2366 Datban.
3652 2306 3782 2365 Alii-

2179 2408 2275 2447 run
2306 2404 2356 2446 et
2386 2394 2546 2459 Core,
2577 2408 2699 2448 cum
2732 2394 2783 2447 in
2815 2392 3169 2449 sacerdotium
3202 2392 3541 2454 invasissent,
3574 2410 3603 2447 a
3637 2404 3779 2451 terra

2178 2484 2610 2551 absorbere-titur,
2647 2493 2701 2539 et
2731 2484 2819 2538 alii
2843 2492 3217 2547 exurerentur,
3248 2482 3386 2554 quod
3418 2484 3595 2554 ignem
3642 2485 3779 2542 alie-

2177 2589 2301 2628 num
2346 2564 2682 2640 obtulissent,
2718 2590 2927 2645 :equum
2955 2574 3278 2630 existimavit
3314 2574 3501 2646 (Num.
3549 2576 3635 2632 l6.
3692 2580 3774 2634 15.

2174 2662 2331 2735 sqq.).
2366 2662 2525 2719 David
2551 2681 2759 2735 quoque
2784 2666 2871 2721 ille
2897 2674 3208 2720 mansuetus
3227 2676 3277 2721 et
3305 2666 3516 2721 Goliath
3540 2686 3555 2737 ί
3576 2681 3779 2723 restra-

2174 2754 2270 2818 vit,
2303 2763 2353 2808 et
2380 2758 2671 2810 exercitum
2696 2754 2911 2826 fugavit,
2940 2766 2993 2812 et
3022 2756 3205 2812 retulit
3234 2757 3507 2812 victoriam
3538 2758 3616 2831 (1.
3643 2761 3772 2832 Reg.

2174 2848 2286 2913 17).
2316 2846 2427 2904 Hoc
2453 2857 2534 2904 cst
2559 2848 2699 2905 enim
2727 2847 2808 2905 vel
2835 2848 3064 2902 maxime
3086 2849 3367 2911 mansueti,
3398 2862 3525 2904 snas
3555 2852 3774 2920 quidem

2172 2940 2392 3009 injurias
2418 2943 2706 3007 remittere,
2740 2957 2834 2998 eos
2862 2950 3039 2997 autem
3060 2940 3254 3014 quibus
3282 2941 3339 2995 fit
3370 2943 3559 3011 injuria
3581 2944 3771 3000 defen-

2169 3031 2348 3087 dere:
2394 3034 2839 3103 quemadmodum
2888 3034 3129 3090 (liuidus
3176 3048 3389 3107 quoque
3435 3033 3578 3089 fet-it.
3631 3036 3770 3091 Cum

2168 3125 2311 3179 enim
2343 3125 2393 3178 in
2435 3141 2648 3181 crucem
2687 3127 3035 3195 ascendisset,
3072 3126 3281 3183 diccbat
3314 3148 3327 3183 :
3357 3126 3534 3193 l'atcr,
3568 3127 3775 3197 ignoscs

2168 3216 2237 3270 eis
2259 3234 2278 3283 ,'
2304 3219 2527 3272 nesciunt
2566 3219 2697 3273 enim
2741 3220 2862 3289 quid
2902 3221 3093 3291 faciunt
3118 3218 3265 3289 (Luc.
3299 3223 3389 3278 25.
3431 3224 3545 3288 51).
3580 3220 3643 3279 Et
3667 3220 3763 3280 Je-

2168 3309 2396 3363 rusalem
2439 3326 2620 3365 rursus
2656 3311 2881 3379 deﬂens,
2923 3312 3135 3369 dicebat
3170 3332 3183 3367 :
3216 3314 3423 3380 Qualia
3463 3317 3608 3371 solui
3634 3334 3763 3377 con-

2165 3416 2373 3471 gregare
2395 3400 2529 3469 ﬁlios
2574 3413 2778 3463 vestros.
2810 3416 2855 3457 et
2885 3404 3117 3459 noluistis
3145 3422 3164 3459 :
3187 3423 3298 3459 ecce
3324 3408 3631 3479 relinquetur
3662 3409 3765 3464 do-

2166 3506 2276 3542 rnus
2310 3501 2471 3543 vestra
2511 3492 2705 3546 deserta
2737 3492 2947 3562 (Matth.
2980 3494 3069 3548 25.
3114 3495 3201 3551 57.
3234 3494 3345 3568 58).
3393 3496 3458 3550 Et
3490 3514 3611 3551 cutn
3658 3500 3764 3552 im-

2166 3591 2351 3650 pactus
2378 3594 2519 3638 esset
2549 3584 2597 3637 ei
2626 3584 2902 3654 colaphus,
2933 3602 3038 3640 non
3062 3587 3343 3657 ctnlaphum
3369 3601 3553 3645 contra
3586 3594 3761 3663 impe-

2164 3676 2259 3742 git,
2292 3673 2383 3727 sed
2423 3675 2471 3728 ei
2507 3674 2595 3743 qui
2643 3675 2935 3744 impegerat
2973 3692 3033 3731 se
3081 3689 3299 3733 escu~at
3340 3678 3517 3751 (Jomt.
3554 3681 3620 3737 l8
3667 3683 3764 3738 22.

2170 3762 2261 3831 25)
2288 3781 2301 3828 ;
2334 3774 2386 3817 et
2415 3780 2533 3817 cum
2574 3765 2936 3834 appellaretur
2966 3766 3347 3830 dmmouiacus.
3380 3772 3570 3839 leCit'b
3591 3782 3626 3826 .t
3652 3774 3772 3829 dte-

2165 3870 2350 3910 ntottcs
2380 3856 2588 3925 (Matth.
2621 3858 2674 3912 9.
2704 3858 2792 3912 52.
2819 3859 2952 3929 sqq.)
2979 3876 2993 3919 :
3020 3870 3070 3915 et
3097 3876 3219 3915 cum
3241 3872 3518 3917 vocaretur
3546 3864 3762 3933 planus,

2167 3960 2220 4001 et
2251 3948 2464 4019 impius,
2505 3958 2557 4003 et
2599 3951 2690 4005 Dei
2731 3952 3095 4020 adversarius,
3130 3954 3181 4007 in
3216 3970 3433 4025 regnum
3472 3972 3568 4011 eos
3604 3973 3765 4012 suam

2162 4040 2407 4095 ducebat.
2457 4041 2738 4113 Discipulis
2781 4061 2991 4114 quoque
3037 4046 3289 4117 pra-cipit
3328 4056 3385 4101 ut
3421 4047 3623 4119 ubique
3664 4050 3768 4105 fla-

2161 4132 2301 4201 gella
2342 4134 2687 4195 sustinerent,
2724 4136 3183 4203 persequutioncm
3217 4147 3542 4206 paterentur.
3575 4143 3767 4210 expc-l-

2163 4225 2415 4287 lcrentur,
2437 4224 2845 4294 inferioremqnc
2861 4226 3034 4282 locum
3050 4227 3342 4298 deligerent
3364 4228 3542 4302 (Joan.
3565 4232 3617 4284 7.
3647 4232 3763 4299 12).

2165 4313 2264 4379 Qui
2294 4315 2432 4367 enim
2474 4316 2575 4368 vult
2618 4318 2670 4368 in
2712 4316 2847 4369 vobis
2877 4333 2983 4371 esse
3011 4318 3226 4385 primus,
3274 4320 3467 4390 inquit,
3496 4323 3561 4376 sit
3603 4335 3767 4379 aestar

2160 4406 2384 4459 minister
2426 4405 2652 4475 (Matth.
2696 4406 2785 4462 20.
2818 4406 2947 4476 26).
2998 4409 3357 4466 Domesticum
3405 4423 3583 4468 autem
3630 4418 3763 4470 Sub-

2156 4498 2330 4567 junxit
2372 4502 2707 4571 exemplum,
2747 4500 2935 4559 dicens
2971 4521 2984 4558 :
3015 4504 3158 4560 Sicut
3200 4504 3369 4562 Filius
3399 4506 3619 4562 hominis
3659 4526 3764 4565 non

2161 4592 2290 4645 venit
2328 4594 2624 4657 ministrari.
2673 4596 2762 4650 sed
2790 4596 3097 4663 ministrare,
3125 4608 3171 4652 et
3201 4598 3325 4653 dure
3358 4603 3585 4655 animum
3614 4619 3765 4658 suum

2158 4683 2546 4761 redemptionem
2585 4703 2676 4755 pro
2704 4687 2874 4742 amitis
2900 4686 3061 4757 (Ibid.
3090 4705 3138 4743 υ.
3163 4689 3276 4762 28).
3321 4692 3470 4760 Quod
3499 4694 3544 4748 si
3576 4696 3765 4764 expel-

2161 4775 2219 4830 lit
2246 4776 2539 4843 dzemoncs,
2568 4789 2621 4834 et
2644 4794 2764 4833 eum
2796 4778 3007 4835 diabolo
3038 4782 3231 4837 bellum
3262 4785 3402 4855 gerit
3427 4793 3484 4839 et
3510 4800 3760 4841 errorem

2161 4867 2291 4920 tollit
2317 4866 2385 4924 dc
2412 4870 2608 4939 medio,
2642 4869 2745 4925 hoc
2771 4886 2982 4941 quoque
3004 4885 3087 4929 εει
3112 4876 3357 4932 maximm
3390 4880 3754 4933 mansuetudi-

2158 4959 2262 5024 nis,
2292 4978 2449 5016 omne
2475 4963 2686 5031 quidem
2728 4964 2912 5019 vitium
2940 4965 3157 5022 abolere
3177 5010 3193 5031 ,
3217 4983 3312 5023 eos
3351 4977 3529 5025 autem
3570 4971 3661 5041 qui
3690 4972 3761 5025 ali

2158 5052 2249 5106 illo
2288 5052 2593 5110 detinentur
2636 5056 2901 5124 liberare,
2941 5058 3253 5114 insidiantes
3296 5060 3569 5119 daemones
3606 5082 3757 5121 eoerv

2156 5159 2299 5211 cere,
2332 5156 2385 5200 et
2408 5148 2495 5216 qui
2521 5148 2588 5203 ab
2616 5149 2694 5202 eis
2728 5150 2935 5219 probris
2963 5148 3137 5206 al‘l'eeti
3166 5151 3382 5219 fuerint,
3411 5169 3441 5207 a
3468 5156 3623 5211 malis
3652 5173 3759 5213 ert-

2158 5250 2301 5303 pt-re.
2334 5238 2468 5303 Quid
2495 5250 2575 5295 est
2605 5249 2805 5306 autem,
2840 5239 3057 5312 Pr0pter
3080 5244 3359 5311 veritatem,
3389 5253 3436 5299 et
3467 5260 3759 5303 mansuetu-

2155 5330 2343 5395 dinem,
2386 5342 2431 5384 et
2466 5332 2763 5402 justitiam?
2806 5334 2948 5389 Dixit
2989 5336 3210 5403 bellum,
3256 5337 3390 5393 dixit
3437 5340 3758 5399 instructam

2154 5425 2343 5487 aciem,
2366 5426 2600 5481 ostendit
2628 5436 2888 5482 armatum
2917 5429 3171 5495 militem;
3200 5431 3328 5486 dicit
3346 5431 3605 5505 deinceps
3632 5452 3755 5506 qum

2155 5515 2373 5583 pulchra
2389 5526 2441 5572 et
2461 5518 2714 5587 praeclara
2732 5520 2785 5574 in
2804 5536 2967 5592 regno
2986 5538 3087 5578 suo
3100 5526 3342 5593 gesserit,
3356 5540 3527 5595 genus
3550 5532 3756 5598 tropei,

2154 5606 2511 5665 Conditionem
2538 5621 2591 5666 et
2610 5622 2849 5685 naturam
2869 5616 3125 5672 victoriae.
3155 5618 3258 5673 Alii
3276 5619 3419 5675 enim
3446 5637 3637 5677 onmcs
3660 5624 3757 5676 ltu-

2154 5699 2325 5754 mines
2344 5712 2646 5769 regnantes,
2676 5704 2755 5758 vel
2781 5719 2875 5774 pro
2888 5706 3188 5763 civitatibus
3211 5707 3293 5762 vel
3337 5724 3434 5779 pro
3457 5713 3756 5781 upiltlls,"(}l

2163 5806 2257 5859 pro
2275 5790 2598 5857 inimicitiis,
2623 5795 2704 5852 vel
2724 5811 2818 5867 pro
2836 5812 2964 5852 vana
2990 5799 3151 5871 gloria
3178 5800 3370 5857 bellum
3400 5813 3587 5873 gerunt
3612 5824 3620 5858 :
3649 5805 3759 5874 ipse
