4068 6446
279 448 380 507 lilii

269 579 446 620 autem
480 576 695 636 propter
724 564 920 618 nullum
950 575 1156 625 eorum,
1186 558 1275 612 sed
1308 567 1524 626 propter
1550 555 1851 619 veritatem,

271 668 330 712 ut
354 672 471 711 eam
501 657 705 726 plantet
737 655 789 708 in
823 664 999 716 terra;
1031 659 1085 706 et
1121 662 1336 719 propter
1376 643 1857 707 mansuetudinem,

269 757 332 800 ut
365 748 453 816 qui
480 755 602 800 sunt
633 745 761 799 feris
802 741 1161 806 humaniores,
1207 746 1511 792 mansuetos
1545 734 1776 831 efﬁciat,
1803 740 1859 831 et

272 846 491 905 propter
514 834 794 903 justitiam,
830 839 888 885 ut
918 833 968 885 in
996 844 1130 900 quos
1158 826 1488 900 tyrannidem
1510 832 1731 879 exercet
1759 824 1857 924 ini-

267 927 463 994 quitas,
503 938 597 978 eos
635 923 807 993 justos
846 921 1019 984 faciat,
1063 921 1290 988 primum
1319 917 1531 986 quidem
1559 931 1622 968 ex
1660 917 1850 983 gratia,

267 1015 460 1070 deinde
482 1029 547 1069 ex
579 1025 722 1069 recte
750 1013 917 1068 factis.
949 1012 1014 1065 Et
1034 1011 1239 1064 deducet
1263 1019 1309 1062 te
1334 1007 1626 1061 mirabiliter
1655 1007 1858 1058 dextera
1899 1062 1920 1077 ι

268 1116 376 1160 tua.
411 1106 582 1169 Alius,
605 1104 669 1158 Et
696 1103 998 1157 illuminabit
1021 1111 1068 1154 te
1085 1116 1234 1176 super
1260 1097 1498 1152 terribilia
1523 1096 1727 1149 dextera
1748 1105 1852 1148 tua.

265 1200 441 1261 Alius,
476 1197 542 1250 Et
570 1197 791 1251 ostendet
817 1194 904 1248 tibi
929 1192 1170 1248 terribilia
1197 1193 1401 1244 dextera
1425 1199 1510 1242 tua
1538 1191 1576 1242 ‘.

339 1288 390 1340 7.
427 1286 611 1342 Vidisti
638 1283 906 1354 quomodo
933 1297 1116 1337 rursus
1141 1281 1293 1336 nobis
1313 1280 1522 1350 aperuit
1543 1278 1855 1348 dignitatem

160 1446 172 1453 .
265 1379 383 1448 ejus
411 1378 500 1448 qui
527 1377 642 1432 haec
667 1377 918 1446 pneclara
941 1373 1104 1429 facit?
1124 1373 1269 1428 Sicut
1295 1373 1434 1427 enim
1465 1386 1584 1425 eum
1611 1372 1855 1440 superius

265 1469 489 1524 dixisset
533 1482 697 1533 arma,
735 1475 787 1521 et
825 1465 1080 1536 gladium,
1125 1465 1363 1518 ascendit
1402 1463 1467 1517 ad
1514 1462 1746 1530 speciem
1793 1475 1855 1513 ac

266 1560 732 1630 pulchritudinem,
778 1567 832 1612 et
859 1557 926 1610 ad
968 1557 1309 1624 incorporeas
1349 1552 1724 1620 intelligendas
1760 1552 1854 1604 de-

265 1652 419 1706 duxit
455 1650 747 1704 auditorem
777 1665 791 1702 :
822 1649 893 1706 ita
921 1662 1040 1701 cum
1073 1661 1257 1700 rursus
1295 1645 1659 1700 descendisset
1695 1644 1760 1695 ad
1802 1642 1852 1696 id

265 1743 408 1814 quod
435 1750 516 1797 est
547 1743 808 1806 crassius,
840 1753 1031 1808 nempe
1058 1753 1215 1792 arcus
1243 1746 1297 1792 et
1334 1738 1570 1806 sagittas,
1599 1735 1850 1805 paulatim

267 1848 452 1888 rursus
480 1833 632 1901 erigit
660 1830 976 1892 auditorem,
1008 1829 1130 1883 belli
1159 1842 1346 1881 causas
1373 1827 1630 1889 referens,
1660 1826 1853 1880 verita—

268 1933 394 1987 tem,
443 1921 922 1987 mansuetudinem,
958 1918 1252 1989 justitiam;
1293 1918 1484 1973 deinde
1515 1933 1697 1971 rursus
1738 1931 1854 1970 mo-

265 2014 392 2068 dum
432 2027 642 2082 quoque
676 2011 929 2066 victori-.13.
963 2009 1216 2077 Quisnam
1243 2018 1417 2062 autem
1449 2015 1531 2061 est
1560 2007 1637 2061 is?
1665 2005 1731 2059 Et
1759 2007 1852 2060 de-

265 2107 414 2160 ducet
458 2115 524 2171 te,
553 2105 741 2172 inquit,
775 2103 1067 2156 mirabiliter
1110 2102 1316 2155 dextera
1342 2111 1449 2153 tua.
1477 2099 1628 2166 Quod
1672 2108 1848 2152 autem

265 2198 416 2258 dicit,
441 2196 539 2251 tale
567 2203 685 2250 est:
728 2194 840 2263 Ipsa
872 2192 1072 2261 sibiipsi
1102 2203 1289 2246 natura
1317 2192 1530 2258 sufﬁcit,
1575 2193 1683 2260 ipsa
1717 2190 1850 2245 sibi-

267 2289 367 2360 ipsi
387 2287 582 2344 sufﬁcit
607 2288 838 2357 potentia
859 2284 925 2340 ad
952 2283 1235 2340 videndum
1256 2299 1372 2354 qua:
1401 2291 1526 2338 sunt
1553 2282 1774 2352 agenda,
1799 2291 1853 2336 et

269 2381 428 2434 finem
457 2379 534 2434 eis
563 2377 958 2448 imponendum.

343 2468 512 2536 Opera
534 2467 720 2522 Christi
755 2467 1015 2520 tem'bilia.
1037 2495 1110 2506 ——
1130 2465 1294 2520 Recte
1321 2475 1499 2520 autem
1527 2464 1658 2520 dixit
1682 2465 1815 2518 alios
1831 2505 1848 2530 ,

272 2557 529 2613 Tenibilis
569 2559 774 2612 dextera
809 2569 894 2611 tua
918 2572 938 2610 :
978 2568 1105 2612 sunt
1141 2558 1283 2611 enim
1321 2557 1473 2612 valde
1508 2556 1759 2611 terribilia
1797 2565 1851 2610 et

268 2649 490 2704 horrore
519 2649 671 2718 plena
701 2664 816 2717 qua:
857 2649 1051 2718 gessit,
1081 2663 1226 2702 mors
1255 2647 1426 2703 deleta
1459 2657 1569 2711 est,
1600 2645 1850 2715 perfracti

265 2749 389 2793 sunt
414 2737 587 2804 inferi,
620 2739 894 2808 paradisus
922 2739 1018 2792 fuit
1039 2749 1275 2808 apertus,
1303 2739 1488 2792 caelum
1519 2737 1717 2807 patuit,
1749 2738 1850 2792 ob-
1877 2751 1886 2767 '

271 2839 471 2884 structa
522 2837 646 2883 sunt
695 2843 789 2883 ora
837 2829 1184 2892 dzemonibus,
1217 2828 1419 2883 inferna
1460 2842 1578 2881 cum
1606 2827 1852 2896 superuis

265 2920 550 2975 commixta
576 2929 718 2986 sunt,
752 2919 892 2975 Deus
923 2922 1081 2973 homo
1110 2920 1276 2974 factus
1313 2927 1413 2983 est,
1447 2918 1606 2972 homo
1631 2918 1769 2972 sedit
1797 2917 1850 2972 in

265 3011 402 3064 solio
431 3011 609 3079 regio;
637 3020 821 3080 aperta
851 3022 932 3065 est
961 3025 1082 3079 spes
1108 3008 1532 3076 resurrectionis,
1573 3009 1850 3063 immorta-

269 3102 347 3156 les
391 3103 841 3170 exSpeetationes,
889 3101 1232 3156 ineliahilium
1274 3101 1536 3156 bonorum
1567 3114 1694 3154 usus
1737 3099 1852 3153 fro-

266 3203 406 3259 ctus,
439 3201 492 3246 et
528 3193 630 3247 alia
673 3208 1016 3262 qumcurttque
1049 3208 1142 3261 per
1184 3205 1338 3246 suum
1386 3191 1670 3246 adventum
1715 3205 1851 3260 prte-

267 3284 412 3338 clare
441 3283 617 3352 gessit.
647 3281 716 3336 Et
743 3281 860 3336 ideo
884 3282 1034 3344 dixit,
1069 3281 1292 3334 Deducet
1311 3290 1357 3333 te
1380 3281 1447 3334 ad
1469 3281 1710 3335 terribilia
1741 3282 1847 3334 inec

267 3372 473 3426 dextera
509 3381 631 3434 tua,
663 3371 947 3424 ostendens
984 3371 1184 3440 sibiipsi
1233 3370 1475 3426 sufﬁcere
1517 3380 1756 3425 naturam
1799 3380 1853 3426 et

265 3459 558 3529 potentiam
582 3459 644 3513 ad
675 3476 735 3514 ca
765 3461 1076 3514 invenienda
1111 3469 1168 3514 ει
1197 3461 1535 3530 perﬁcienda,
1584 3476 1704 3530 qum
1732 3461 1848 3516 foe—

267 3558 387 3604 rant
419 3550 704 3618 proposita.
745 3549 1086 3618 Septuaginta
1115 3560 1291 3604 autem
1319 3550 1521 3612 dicunt,
1553 3550 1775 3605 Deducet
1805 3561 1854 3606 te

266 3640 559 3694 mirabiliter
602 3641 808 3694 dextera
850 3652 972 3702 tua;
1022 3642 1123 3700 hoc
1168 3650 1271 3706 est,
1297 3657 1400 3722 non
1451 3644 1624 3697 solum
1669 3645 1850 3699 mirari

265 3740 476 3801 oportet
501 3731 641 3801 quod
687 3747 771 3786 res
813 3733 1058 3801 pulchras
1087 3741 1140 3788 et
1167 3734 1447 3804 prmelaras
1485 3735 1728 3804 gesserit,
1757 3737 1850 3790 sed

264 3820 406 3890 quod
433 3836 521 3874 eas
551 3831 744 3890 praeter
773 3821 1042 3874 hominum
1070 3823 1521 3891 exspectationem
1551 3831 1606 3878 et
1642 3824 1850 3892 Opinio-

266 3925 388 3965 nem
413 3913 657 3979 gesserit.
691 3911 793 3965 Per
822 3922 1044 3966 mortem
1075 3914 1214 3968 enim
1247 3928 1392 3969 mors
1419 3915 1590 3970 deleta
1620 3923 1719 3977 est,
1756 3931 1850 3985 per

264 4001 603 4054 maledictoet
643 4002 976 4056 maledictum
1017 4005 1279 4057 sublatum
1311 4012 1413 4070 est,
1443 4016 1496 4058 et
1533 4006 1654 4059 data
1690 4006 1852 4060 benc-

263 4089 459 4154 dictio;
491 4107 585 4160 per
625 4108 775 4146 esum
818 4111 984 4163 nuper
1021 4094 1174 4163 ejecti
1217 4095 1502 4161 fueramus,
1557 4112 1652 4166 per
1695 4113 1849 4154 esum

263 4195 449 4234 rursus
479 4183 758 4237 introducti
792 4183 1005 4239 fuimus.
1039 4184 1198 4255 Virgo
1226 4201 1323 4240 nos
1353 4187 1598 4256 paradiso
1622 4190 1843 4258 expulit,

264 4285 363 4340 per
409 4273 660 4342 virginem
706 4275 865 4328 vitam
916 4284 1168 4330 mternam
1212 4278 1532 4332 invenimus.
1581 4279 1681 4334 Per
1729 4296 1848 4349 qua:

262 4361 596 4415 condemnati
620 4379 822 4428 sumus,
853 4380 944 4433 per
969 4381 1029 4420 ca
1059 4367 1254 4421 fuimus
1280 4369 1538 4423 coronati.
1569 4369 1692 4424 Haec
1721 4386 1848 4442 ergo

259 4455 441 4508 animo
468 4459 671 4523 agitans
693 4456 966 4525 propheta,
1002 4458 1211 4512 dicebat
1237 4476 1249 4512 :
1282 4459 1507 4513 Deducet
1533 4470 1579 4514 te
1605 4462 1849 4514 mirabili-

262 4555 338 4598 ter
363 4545 566 4598 dextera
588 4555 692 4598 tua.
722 4547 982 4616 Numquid
1006 4567 1139 4617 opus
1159 4563 1240 4605 est
1267 4553 1464 4606 armis?
1486 4569 1610 4606 num
1632 4553 1846 4624 gladio?

264 4650 389 4687 num
437 4648 561 4688 arcu
593 4647 647 4689 et
688 4638 924 4706 sagittis?
955 4638 1139 4693 Vidisti
1178 4641 1445 4708 quomodo
1482 4643 1593 4711 ipsa
1633 4652 1842 4711 natura,

262 4727 372 4794 ipsa
404 4726 654 4793 potentia,
683 4735 766 4780 est
807 4728 1006 4797 sibiipsi
1039 4727 1350 4784 sufﬁciens?
1377 4732 1482 4787 Sed
1522 4733 1641 4788 vide
1684 4750 1803 4789 cum
1824 4774 1841 4800 ,

261 4827 530 4885 tamquam
572 4819 875 4872 saltatorem
919 4823 1210 4888 Optimum,
1238 4838 1423 4876 rursus
1467 4840 1495 4877 a
1532 4827 1848 4882 sublimibus

257 4906 586 4960 descendere
617 4907 679 4959 ad
706 4911 986 4962 crassiora.
1015 4911 1066 4964 ϐ.
1101 4911 1316 4982 Sagitta:
1343 4923 1465 4980 tum,
1508 4916 1699 4985 inquit,
1722 4934 1848 4971 acu-

257 5007 343 5060 ta},
377 4998 728 5065 potentissime.
768 4997 956 5068 Populi
995 5002 1084 5052 sub
1110 5012 1156 5055 te
1196 5003 1398 5071 cadent,
1427 5006 1479 5058 in
1508 5007 1658 5061 corde
1676 5008 1842 5062 inimi.

257 5102 436 5140 eorum
466 5087 615 5155 regis.
651 5087 816 5152 Alius,
853 5088 916 5141 In
946 5091 1094 5143 corde
1119 5091 1307 5144 inimici
1336 5095 1485 5163 regis.

330 5173 546 5243 Sagitta:
590 5176 718 5228 verbi
763 5177 834 5230 vis
871 5180 1080 5247 e/ﬁctw,‘
1109 5181 1297 5234 Christi
1321 5186 1593 5238 azternitas.
1613 5217 1684 5227 -—
1707 5187 1840 5242 Vide

258 5279 450 5319 rursus
472 5268 684 5333 quando
703 5269 942 5322 meminit
967 5273 1298 5340 sagittarum,
1318 5278 1586 5344 quomodo
1607 5281 1845 5348 potentis

260 5353 482 5408 verbum
511 5357 737 5423 accepit,
771 5366 828 5412 ut
857 5358 995 5414 scias
1016 5375 1137 5414 eum
1171 5378 1276 5417 non
1307 5380 1465 5435 egere
1494 5369 1720 5436 sagittis,
1751 5371 1843 5425 scd

253 5448 432 5517 ipsum
454 5447 569 5500 sihii
579 5449 655 5517 psi
673 5449 937 5506 sufﬁcere.
967 5451 1092 5508 "me
1112 5463 1194 5509 est
1218 5467 1392 5512 autem
1410 5461 1576 5515 series
1596 5479 1608 5514 :
1630 5461 1847 5534 Sagitta:

258 5546 359 5588 tua:
385 5546 564 5598 acutte,
599 5549 793 5606 potens,
823 5544 874 5594 in
897 5545 1048 5598 corde
1073 5547 1394 5601 inimicorum
1415 5553 1566 5620 regis.
1593 5553 1722 5607 illud
1749 5572 1837 5609 au-

260 5636 387 5690 tem,
423 5623 608 5693 Populi
633 5628 726 5680 sub
754 5640 800 5682 te
833 5633 1040 5699 cadent,
1067 5635 1117 5687 in
1147 5638 1324 5691 medio
1355 5639 1725 5709 interponitur.
1751 5645 1848 5699 ilic

257 5732 303 5770 (ιι
318 5731 386 5786 go
407 5716 535 5769 mihi
555 5733 672 5773 esse
690 5719 895 5776 videtur
914 5722 1111 5792 duplex
1135 5729 1428 5795 expositio:
1452 5733 1534 5787 vel
1557 5735 1698 5790 enim
1721 5735 1848 5793 dicit

327 5831 343 5860 ι
378 5834 463 5880 ttic
482 5830 637 5896 adjicit
655 5841 774 5898 Reg.
797 5849 937 5900 unus,
967 5837 1110 5900 Altus,
1141 5858 1164 5888 ι
1185 5847 1230 5892 et
1246 5845 1510 5907 trepidans.
1535 5865 1558 5895 ι

1376 434 1736 494 ΕΧΡΟΒΙἸΊΟ
1775 434 1838 490 IN
1869 431 2196 491 PSALMUM
2238 434 2398 491 XLIV

3465 449 3563 507 194

1973 550 2250 607 Judaieam
2291 553 2651 623 captivitatem
2678 564 2732 610 et
2759 557 2990 613 civitatis
3015 558 3349 616 eversionem
3374 572 3430 618 et
3466 580 3563 621 cx-

1967 643 2188 711 cidium,
2220 645 2305 700 vel
2346 660 2440 714 per
2478 661 2751 716 anagogen
2780 650 2889 702 vim
2935 651 3082 705 verbi
3128 662 3283 707 vocat
3319 663 3560 724 sagittas.

1965 735 2252 802 Quibusvis
2277 736 2418 792 enim
2442 740 2646 809 sagittis
2666 740 2900 795 velocius
2925 745 3159 812 pervasit
3182 745 3366 800 orbem
3392 756 3564 803 terra-

1967 841 2107 890 rum,
2151 835 2206 880 et
2245 842 2454 893 eorum,
2485 828 2573 899 qui
2605 830 2754 900 prius
2791 841 2948 886 erant
2993 833 3215 898 inimici,
3245 850 3339 890 cor
3367 837 3560 908 tetigit,

1965 931 2070 968 non
2104 923 2160 968 ut
2189 915 2534 983 interficeret,
2566 919 2660 973 sed
2715 929 2770 974 ut
2811 921 2878 974 ad
2923 937 2984 978 se
3030 923 3326 980 attraheret
3363 942 3378 980 :
3419 929 3558 997 quod

1965 1005 2123 1060 etiam
2144 1005 2195 1059 in
2217 1007 2381 1062 Paulo
2403 1007 2602 1064 evenit.
2627 1015 2747 1065 Non
2764 1012 2906 1067 enim
2923 1013 3252 1070 aberrat-erit
3272 1017 3556 1087 quiSpiam,

1962 1097 2006 1150 si
2028 1095 2224 1151 dixerit
2245 1097 2373 1152 illud
2389 1098 2612 1153 verbum
2634 1101 2899 1170 sagittam,
2929 1105 3070 1173 quod
3090 1120 3120 1159 e
3136 1106 3283 1160 caelis
3303 1107 3558 1164 emissum

1964 1187 2134 1254 tetigit
2161 1201 2264 1240 eor'
2293 1189 2427 1256 ejus.
2460 1190 2551 1260 qui
2579 1191 2728 1260 prius
2769 1205 2883 1248 erat
2937 1196 3203 1264 inimicus,
3244 1207 3301 1252 et
3328 1200 3559 1255 amicum

1962 1273 2213 1333 reddidit.
2244 1274 2437 1348 Papuli
2463 1278 2556 1333 sub
2580 1290 2626 1334 te
2646 1281 2846 1338 cadent.
2879 1283 3068 1339 Vidisti
3096 1303 3254 1356 quam
3277 1297 3420 1344 recte
3438 1289 3560 1344 bel-

1959 1367 2068 1421 lum
2087 1377 2291 1436 gestum
2310 1369 2415 1425 sit?
2434 1374 2705 1442 quomodo
2731 1376 3060 1432 reconciliati
3078 1378 3277 1434 fuerint
3296 1382 3386 1451 qui
3409 1382 3558 1451 prius

1962 1468 2116 1512 erant
2145 1460 2421 1516 seditiosi?
2468 1465 2740 1532 quomodo
2778 1467 2962 1521 docti?
3008 1471 3279 1538 quomodo
3322 1472 3557 1528 initiati?

1961 1547 2080 1617 Ipse
2111 1551 2251 1604 enim
2304 1567 2480 1622 casus,
2529 1564 2584 1610 et
2610 1557 2750 1626 quod
2780 1558 2886 1612 sint
2928 1559 3028 1614 sub
3056 1561 3169 1626 illo,
3201 1572 3282 1617 est
3306 1564 3557 1619 omnibus

1962 1641 2362 1721 fundamentum
2386 1655 2440 1700 et
2467 1648 2617 1703 radix
2638 1649 2950 1705 altitudinis.
2977 1650 3110 1706 Cum
3136 1657 3278 1709 enim
3299 1669 3394 1710 eos
3420 1656 3555 1711 libe-

1958 1745 2129 1792 rasset
2157 1739 2227 1793 ab
2251 1741 2572 1810 arrogantia,
2605 1751 2660 1798 et
2686 1743 2754 1797 ah
2779 1745 2921 1798 inani
2952 1746 3089 1800 fasto
3115 1755 3169 1802 et
3195 1747 3386 1818 gloria,
3415 1750 3556 1803 etab

1958 1841 2142 1882 errore
2157 1828 2480 1899 daunonutn,
2500 1846 2594 1887 eos
2614 1833 2818 1904 sibiipsi
2845 1835 3100 1891 subdidit.
3127 1836 3201 1890 Ita
3228 1838 3386 1892 etiam
3410 1839 3550 1895 alios

1958 1919 2215 1986 propheta
2247 1935 2370 1976 eum
2418 1925 2652 1979 ostendit
2693 1934 3053 1994 cruentatum,
3106 1944 3227 1985 cum
3274 1933 3353 1986 sic
3388 1931 3550 1987 dicit:

1961 2007 2086 2073 Quis
2116 2010 2197 2062 hic
2216 2019 2308 2077 est,
2337 2013 2424 2078 qui
2448 2014 2582 2068 venit
2609 2031 2672 2069 ea:
2696 2013 2904 2071 Edam?
2932 2018 3123 2074 rubedo
3151 2022 3555 2076 vestimentorum

1957 2099 2066 2167 ejus
2092 2115 2154 2152 ea:
2178 2098 2341 2153 Bosor
2364 2102 2517 2172 (Isai.
2543 2104 2632 2160 65.
2659 2104 2748 2176 i)?
2771 2106 3043 2178 Nusquam
3069 2109 3177 2165 illic
3201 2126 3372 2180 arma,
3395 2127 3556 2170 arcus

1957 2197 2010 2243 et
2037 2190 2263 2258 sagittm,
2295 2193 2389 2247 sed
2423 2203 2619 2250 vestes.
2672 2197 2906 2252 Verbum
2948 2201 3163 2269 quidem
3211 2203 3370 2272 paulo
3408 2219 3553 2259 cras-

1956 2280 2086 2346 sius,
2120 2280 2214 2335 sed
2241 2281 2345 2338 hoc
2373 2292 2549 2341 tamen
2578 2287 2933 2368 subtilioszet
2969 2299 3147 2348 tamen
3192 2294 3302 2350 illic
3339 2312 3556 2368 quoque

1956 2370 2008 2423 in
2035 2385 2096 2425 ea
2126 2373 2482 2432 crassitudine
2511 2377 2666 2446 erigit
2695 2366 2896 2434 sensim
2936 2382 3232 2438 orationem
3258 2385 3324 2439 ad
3354 2366 3442 2441 res
3466 2366 3550 2441 in-

1957 2475 2265 2530 corporeas.
2305 2465 2568 2533 Quoniam
2611 2469 2754 2523 enim
2799 2480 2952 2542 rogat
2997 2475 3254 2544 prepheta
3287 2477 3551 2537 undeaam

1956 2552 2131 2606 rubrae
2167 2564 2365 2619 vestes,
2415 2555 2580 2614 dicit:
2610 2557 2652 2611 Τ
2653 2561 2857 2614 orcular
2883 2564 3074 2619 calcari
3100 2567 3239 2621 solus
3268 2566 3430 2636 (Ibid.
3462 2570 3556 2625 65.

1955 2639 2009 2693 2.
2038 2643 2118 2708 5),
2152 2645 2444 2701 ostendens
2472 2647 2714 2705 victoria:
2739 2651 3072 2721 facilitatem,
3102 2665 3158 2711 et
3182 2658 3322 2728 quod
3348 2661 3553 2716 nullum

1959 2731 2202 2788 habuerit
2221 2736 2309 2805 qui
2326 2736 2373 2790 ei
2395 2751 2549 2807 opem
2573 2737 2758 2808 ferret,
2781 2743 2874 2798 sed
2901 2745 3017 2814 ipse
3037 2746 3240 2818 sibiipsi
3261 2749 3552 2806 suli'eecrit.

1955 2822 2415 2890 Quemadmodum
2443 2830 2588 2885 enim
2623 2831 2710 2888 hic
2746 2835 2890 2901 dicit,
2923 2835 3153 2893 Deducat
3179 2849 3228 2895 te
3256 2843 3556 2898 mirabiliter

1955 2916 2162 2971 dextera
2189 2926 2276 2972 tua
2294 2934 2313 2973 :
2345 2921 2414 2975 ita
2446 2923 2608 2978 etiam
2638 2925 2770 2994 illic,
2797 2925 3048 2984 Torcular
3083 2933 3275 2987 calcavi
3302 2937 3460 2990 solus.
3487 2937 3556 2992 lit

1959 3007 2102 3061 enim
2133 3008 2290 3065 facile
2309 3020 2394 3067 est
2421 3013 2493 3078 ei,
2523 3018 2612 3084 qui
2641 3015 2931 3086 ingreditur
2951 3022 3204 3089 torcular,
3230 3023 3439 3081 etilcare
3461 3027 3555 3081 bo-

1959 3108 2102 3154 tros:
2132 3101 2202 3155 ita
2233 3103 2393 3157 etiam
2425 3105 2555 3170 Deo,
2590 3105 2765 3162 facere
2793 3125 2912 3179 qua:
2943 3112 3190 3180 voluerit,
3233 3116 3343 3170 imo
3376 3134 3442 3173 ne
3471 3120 3550 3174 sic

1956 3190 2191 3260 quidem,
2220 3193 2314 3248 sed
2337 3194 2494 3265 longe
2519 3196 2744 3252 facilius.
2779 3200 2830 3253 7.
2863 3199 3102 3258 Thronus
3131 3213 3267 3271 tuus,
3311 3206 3470 3270 Deus,
3500 3211 3552 3263 in

1956 3283 2201 3337 swculum
2220 3287 2412 3340 steculi.
2445 3286 2600 3359 Virga
2622 3289 2928 3358 directionis,
2948 3294 3090 3364 uirga
3109 3298 3251 3367 regni
3267 3300 3358 3352 tui.
3383 3300 3435 3354 8.
3464 3299 3555 3354 Di-

1956 3373 2119 3427 lexisti
2146 3376 2424 3444 justitiam,
2465 3389 2512 3432 et
2551 3380 2705 3434 odisti
2729 3383 3066 3451 iniquitatem.
3094 3387 3376 3459 Propterea
3402 3396 3552 3448 unxit

1957 3471 2005 3518 te
2045 3463 2200 3531 Deus,
2250 3465 2390 3522 Deus
2419 3479 2536 3523 tuus
2574 3473 2684 3526 oleo
2711 3474 2920 3542 ltetitiaz,
2949 3495 3056 3548 pra:
3085 3484 3400 3538 consortibus
3429 3487 3549 3540 tuis.

1955 3552 2126 3619 Alius,
2154 3552 2388 3610 Thr-onus
2412 3567 2550 3625 tuus,
2580 3559 2742 3628 Deus,
2769 3573 3006 3632 wternus,
3034 3579 3082 3622 et
3111 3570 3266 3624 ultra.
3295 3573 3552 3630 Hebro-us

1956 3653 2134 3698 autem
2161 3645 2289 3700 dicit
2319 3648 2469 3716 illud,
2502 3649 2659 3717 Deus,
2705 3653 2845 3708 Deus
2875 3666 3012 3726 tuus,
3048 3659 3240 3722 Eloimr,
3275 3664 3474 3720 Eloach
3509 3669 3550 3722 ¹.

1956 3736 2092 3803 Quid
2135 3737 2221 3792 hic
2257 3740 2452 3795 dixerit
2476 3742 2748 3800 .Judaeus?
2776 3747 2851 3803 De
2879 3764 3111 3818 quonam
3154 3755 3296 3810 enim
3325 3756 3441 3811 hmc
3466 3758 3552 3812 di-

1955 3829 2346 3896 euntor?.Quid
2373 3847 2501 3886 vero
2533 3834 2852 3893 lueretieus?
2881 3841 2938 3896 Si
2969 3843 3167 3900 dixerit
3195 3849 3336 3903 enim
3358 3850 3463 3905 diri
3485 3851 3554 3907 de

1954 3915 2132 3984 Patre,
2159 3918 2396 3977 Tltronus
2423 3934 2562 3991 tuus,
2605 3927 2761 3995 Deus,
2806 3932 2860 3984 in
2905 3937 3148 3990 steculum
3189 3942 3554 4012 sa'culi:quo-

1955 4009 2114 4062 modo
2142 4010 2189 4064 ei
2215 4016 2516 4082 conveniet,
2535 4019 2676 4087 quod
2699 4019 2953 4092 deinceps
2970 4029 3242 4096 sequitur:
3273 4009 3552 4104 Propterea

1954 4100 2100 4152 unxit
2131 4110 2176 4154 te
2205 4101 2363 4169 Deus,
2392 4105 2534 4161 Deus
2565 4119 2681 4163 tuus
2700 4110 2929 4182 .’Neque
2947 4117 3087 4172 enim
3115 4119 3272 4175 Pater
3296 4100 3552 4179 est'Chri-

1953 4198 2086 4256 stus,
2118 4207 2288 4262 neque
2333 4195 2447 4265 ipse
2490 4208 2681 4253 unctus
2720 4210 2820 4259 est.
2870 4203 3024 4261 Unde
3055 4209 3260 4266 clarum
3301 4225 3382 4268 est
3425 4230 3550 4272 eum

1955 4280 2100 4372 loqui
2125 4285 2194 4340 de
2221 4285 2525 4356 Unigenito,
2554 4291 2620 4346 de
2645 4308 2751 4363 quo
2777 4295 2923 4364 prius
2949 4315 3159 4370 quoque
3188 4301 3392 4360 dictum
3427 4316 3548 4372 est;

1951 4371 2020 4426 de
2046 4389 2149 4442 quo
2177 4376 2309 4433 dixit
2337 4381 2495 4436 etiam
2523 4383 2686 4440 Isaias
2719 4403 2732 4440 :
2765 4387 2833 4442 Et
2859 4389 2975 4460 ejus
2999 4395 3149 4464 regni
3170 4409 3278 4451 non
3302 4395 3405 4451 erit
3433 4371 3560 4453 linis

1953 4463 2105 4534 (ιεαί.
2130 4468 2182 4524 9.
2213 4471 2289 4541 7).

2024 4558 2076 4612 8.
2119 4559 2221 4616 Sed
2245 4563 2375 4618 illud
2405 4567 2680 4634 quarsierit
2714 4568 2940 4628 fortasse
2969 4576 3254 4646 quispiam,
3285 4595 3383 4636 cur
3407 4598 3550 4639 nunc

1955 4649 2189 4718 loquitur
2206 4653 2275 4708 de
2299 4654 2595 4725 divinitate,
2630 4675 2748 4714 cum
2777 4661 2845 4718 de
2868 4663 3114 4722 humanae
3134 4682 3338 4727 natura:
3366 4689 3549 4730 susce-

1957 4743 2138 4809 ptione
2163 4755 2318 4801 antea
2347 4750 2507 4804 verba
2537 4751 2752 4808 fecerit?
2781 4754 3043 4822 Quoniam
3075 4761 3302 4831 idipsum
3333 4783 3548 4837 quoque

1951 4830 2077 4887 facit
2102 4833 2400 4893 Matthaeus.
2431 4842 2472 4893 A
2493 4857 2656 4898 carne
2685 4847 2825 4899 enim
2852 4847 3056 4920 incipit,
3077 4862 3129 4908 et
3150 4830 3217 4908 ita
3243 4830 3542 4913 exorditur:

1952 4922 2109 4978 Liber
2132 4932 2468 4997 generationis
2494 4933 2622 4988 Jesu
2651 4935 2840 4994 Christi
2866 4939 3080 5014 (Matth.
3101 4947 3154 5000 1.
3181 4949 3258 5019 1).
3291 4949 3548 5009 Similiter

1950 5016 2112 5069 etiam
2143 5017 2314 5074 Lucas
2342 5029 2395 5075 et
2423 5021 2665 5080 Marcus:
2689 5027 2927 5087 Joannes
2971 5045 3148 5090 autem
3190 5016 3337 5096 solus
3366 5043 3542 5100 aliter.

1951 5104 2082 5159 Cum
2127 5112 2270 5164 enim
2315 5114 2463 5182 prius
2507 5117 2730 5176 dixisset
2759 5122 2826 5178 de
2855 5125 3154 5198 divinitate,
3199 5131 3266 5187 In
3296 5137 3547 5207 principio

1951 5207 2058 5287 erat
2092 5198 2326 5270 Verbum,
2355 5215 2402 5259 et
2440 5205 2656 5265 Verbum
2685 5223 2794 5268 erat
2814 5221 2952 5286 apud
2979 5216 3167 5287 Deum,
3199 5235 3248 5280 et
3273 5198 3411 5284 Deus
3440 5198 3548 5285 erat

1962 5284 2177 5342 Verbum
2217 5293 2395 5361 (Joan.
2426 5298 2478 5352 1.
2511 5300 2590 5369 1),
2623 5311 2675 5356 ει
2717 5308 2785 5360 de
2823 5284 2884 5361 ea
2917 5284 3540 5383 multum—disseruisset,

1953 5389 2078 5435 tunc
2098 5383 2264 5438 dixit:
2299 5386 2366 5440 Et
2407 5388 2622 5447 Verbum
2648 5412 2766 5450 caro
2795 5402 2986 5469 factum
3014 5415 3102 5468 est,
3137 5416 3182 5460 et
3225 5408 3465 5464 habitavit
3495 5431 3547 5467 tn

1950 5473 2115 5525 nobis.
2157 5474 2312 5540 Quod
2354 5477 2400 5531 si
2431 5495 2588 5536 secus
2633 5499 2696 5540 ac
2741 5492 2922 5544 caeteri
2968 5493 3228 5566 evangelii
3258 5499 3548 5568 scriptione

1952 5576 2080 5617 usus
2107 5577 2213 5633 est,
2236 5567 2313 5621 sic
2329 5583 2541 5641 quoque
2568 5590 2813 5647 magnam
2843 5579 2982 5636 inter
3009 5585 3150 5652 ipsos
3173 5567 3519 5647 ostenditcon
3541 5622 3561 5632 -

1952 5655 2280 5711 seusionem.
2306 5660 2371 5713 Et
2399 5665 2690 5733 quomodo,
2723 5668 2951 5738 inquies,
2999 5673 3157 5730 fuerit
3196 5681 3390 5735 rationi
3417 5699 3549 5738 con-

1952 5752 2288 5814 sentaneum,
2312 5760 2370 5805 ut
2398 5753 2469 5807 sit
2490 5755 2545 5807 in
2566 5770 2651 5819 eo,
2679 5759 2820 5826 quod
2843 5772 2924 5815 est
2947 5769 3297 5835 contrarium,
3320 5787 3546 5830 consen-

2021 5854 2036 5886 ι
2074 5861 2176 5908 Duo
2200 5865 2324 5923 uss,
2351 5860 2482 5914 Elea.
2506 5866 2668 5917 Lectio
2689 5868 2921 5922 tlebraica
2947 5882 3024 5924 est
3040 5855 3214 5952 qm‘m
3247 5862 3446 5942 D355“.
