4068 6434
493 433 496 435 Α
555 380 662 438 198

550 494 667 550 sio?
693 493 772 547 An
803 489 998 556 nescis,
1027 485 1168 560 quod
1195 483 1482 541 comedere
1512 488 1772 552 repugnat
1806 477 1857 534 ei
1885 474 2027 546 quod
2055 482 2139 530 est

551 599 660 641 non
689 581 994 644 comedere,
1025 588 1080 634 et
1107 578 1292 632 bibere
1319 575 1368 630 ei
1415 572 1554 642 quod
1596 580 1681 628 est
1709 585 1815 624 non
1847 566 2052 632 bibere,
2084 573 2141 620 et

549 674 680 730 dare
703 673 753 728 ei
779 671 918 742 quod
950 678 1033 725 est
1058 683 1162 722 non
1185 666 1346 721 dare?
1369 663 1524 734 Sat-pe
1543 670 1721 717 autem
1753 657 1992 714 medicus
2006 669 2129 726 quo-

551 779 656 834 que
697 761 862 818 multa
903 759 1028 814 facit
1066 756 1355 828 ejusmodi,
1387 769 1492 810 non
1538 766 1718 808 secum
1753 762 2012 820 pugnans,
2042 744 2138 802 sed

551 857 652 910 sibi
678 843 829 908 valde
857 851 1236 906 consentiens:
1266 862 1426 902 unum
1455 844 1599 900 enim
1626 841 1728 897 sibi
1759 841 1916 896 tinem
1946 851 2143 908 propo-

552 948 650 1009 nit.
679 946 862 1016 a-gruti
895 943 1203 998 sanitatem.
1252 938 1366 994 [loc
1408 938 1579 1008 ipsum
1606 935 1767 989 etiam
1801 931 2048 988 nsuvenit
2085 929 2138 984 in

548 1035 913 1106 cvangelistis.
944 1033 1074 1088 Nam
1105 1040 1266 1086 testas
1309 1042 1522 1099 quoque
1547 1033 1632 1082 est
1661 1020 2135 1085 hiemi'contraria,

549 1128 618 1182 sd
658 1142 820 1181 unum
853 1136 1031 1179 tamen
1058 1121 1276 1193 respicit
1321 1119 1504 1182 tinem,
1533 1114 1912 1186 perfectionem
1938 1121 1994 1168 et
2021 1126 2140 1165 ma-

549 1218 821 1272 turitatem
845 1214 1132 1270 fructuum.
1151 1210 1271 1267 lam
1298 1223 1426 1264 vero
1449 1207 1725 1270 universus
1745 1217 1959 1274 quoque
1981 1214 2140 1256 mun-

550 1306 652 1361 dus
679 1314 888 1361 constat
909 1319 972 1359 ex
998 1301 1302 1359 contrariis.
1325 1298 1420 1354 sed
1448 1297 1672 1350 multum
1697 1293 1766 1362 ad
1795 1293 1916 1348 vita
1941 1300 2139 1347 nostra

549 1412 704 1452 usum
729 1409 1048 1450 consensum
1071 1390 1325 1447 ostendit.
1347 1389 1647 1457 Quinetiam
1666 1384 1909 1441 Christus
1927 1395 2139 1452 quoque

547 1489 630 1542 via
659 1486 850 1543 Joanni
875 1489 1140 1541 contraria
1170 1480 1443 1553 ingressus
1467 1489 1569 1533 est.
1598 1475 1692 1532 Ille
1715 1474 1859 1532 enim
1884 1472 2136 1542 comede.

547 1582 660 1646 bat,
682 1577 768 1632 hic
783 1591 907 1632 vero
926 1589 1032 1630 non
1051 1571 1383 1629 comedebat.
1396 1569 1557 1625 Venit
1570 1569 1738 1633 enim,
1760 1567 1950 1637 inquit,
1970 1565 2137 1620 Joan-

546 1690 653 1736 nes,
684 1684 844 1743 neque
883 1665 1168 1729 comedens,
1208 1655 1368 1734 neque
1401 1661 1594 1723 bibens,
1626 1669 1676 1714 et
1703 1660 1898 1724 dicunt,
1927 1655 2138 1713 Donno-

547 1767 688 1819 nium
713 1765 880 1818 habet.
921 1758 1066 1816 Vertit
1090 1755 1257 1812 Filius
1282 1753 1500 1808 hominis
1520 1753 1690 1807 bibens
1707 1761 1754 1806 et
1782 1751 2068 1816 comedens,
2089 1757 2138 1802 et

546 1859 744 1922 dicunt,
775 1854 906 1910 Ecce
926 1855 1076 1908 homo
1092 1865 1270 1931 uorax,
1290 1857 1338 1901 et
1353 1847 1453 1902 uini
1474 1854 1621 1915 potor
1641 1842 1793 1916 (Luc.
1823 1843 1875 1898 7.
1898 1843 1988 1897 33.
2020 1840 2132 1911 51).

548 1947 654 2006 Sed
696 1946 797 2000 etsi
843 1953 996 2001 erant
1036 1959 1156 2012 qua:
1203 1939 1404 1998 flebant
1443 1935 1733 2001 contraria,
1761 1947 1926 1987 unum
1956 1939 2134 1987 tamen

549 2042 708 2096 tinem
738 2037 1115 2109 respiciebant,
1149 2047 1342 2103 nempe
1371 2044 1579 2097 eorum,
1626 2027 1716 2102 qui
1761 2035 1956 2097 sagena
1984 2031 2141 2079 erant

547 2129 812 2202 capiendi,
844 2127 1090 2182 salutem.
1140 2124 1214 2180 lta
1258 2124 1420 2180 etiam
1464 2120 1552 2177 hic
1593 2117 1727 2175 ordo
1764 2114 2056 2175 divinitatis
2084 2121 2140 2170 et

550 2221 800 2274 humana:
837 2227 1098 2288 suscepta:
1145 2225 1370 2281 naturas,
1407 2214 1508 2270 etsi
1537 2225 1696 2268 secus
1720 2225 1784 2266 ac
1806 2209 1874 2266 ab
1899 2206 2043 2273 aliis,
2071 2205 2140 2261 ab

545 2311 753 2367 Joanne
794 2310 1132 2365 introductus
1166 2318 1273 2376 est,
1317 2305 1369 2361 id
1412 2314 1588 2361 tamen
1629 2305 1708 2360 eis
1735 2303 1894 2360 valde
1933 2313 2136 2358 convc-

547 2403 758 2457 nienter
785 2399 979 2456 factum
1006 2408 1110 2457 est.
1136 2400 1203 2455 Et
1230 2397 1522 2470 quomodo,
1561 2395 1736 2451 dicam
1766 2411 1885 2467 ego.
1917 2395 2050 2463 Quia
2083 2395 2135 2451 in

548 2491 811 2562 principio
838 2491 1054 2560 quidem
1080 2505 1202 2546 cum
1246 2503 1426 2545 sermo
1454 2486 1689 2543 nondum
1719 2495 1862 2542 esset
1887 2485 2137 2543 dissemi-

548 2594 724 2650 natus,
765 2593 1186 2639 consentaneum
1214 2591 1332 2637 erat
1356 2580 1557 2636 versari
1602 2579 1656 2634 in
1701 2578 2014 2649 explicanda
2040 2579 2140 2634 hu-

551 2673 828 2737 manitate,
850 2681 906 2728 et
930 2672 1000 2728 de
1024 2687 1186 2726 carne
1215 2669 1510 2726 doctrinam
1539 2668 1768 2739 aperire,
1794 2683 1824 2722 a
1852 2667 2136 2723 crassiori-

549 2763 652 2818 bus
691 2772 746 2818 et
788 2762 1071 2818 sensilibus
1096 2751 1354 2817 ducentes
1382 2760 1691 2825 exordium;
1722 2758 1816 2815 sed
1858 2771 2136 2831 postquam

551 2846 850 2908 inti-educta
878 2855 1044 2908 fuerat
1072 2853 1315 2918 scientia,
1343 2862 1396 2907 et
1418 2851 1856 2923 praedicationem
1880 2851 1989 2921 jam
2019 2867 2138 2908 sus-

549 2951 822 3012 ceperant,
853 2952 969 2998 erat
995 2943 1251 3012 deinceps
1290 2951 1501 3012 tempus
1525 2951 1881 3013 opportunum
1909 2958 1936 2996 a
1970 2943 2140 2999 subli-

551 3033 808 3088 mioribus
833 3033 1110 3088 ineboandi
1143 3035 1218 3100 (l.
1263 3032 1383 3089 Cor.
1425 3033 1480 3090 ὅ.
1511 3035 1586 3103 1).
1618 3032 1978 3100 Quamobrem
2007 3049 2138 3104 pros

550 3124 726 3195 pheta:
751 3139 963 3193 quoque
989 3123 1033 3178 si
1064 3124 1276 3193 quando
1302 3123 1368 3179 de
1390 3139 1457 3178 eo
1482 3122 1772 3190 disserunt,
1794 3123 1863 3179 ab
1891 3125 2137 3180 humana:

551 3223 755 3268 natura:
799 3214 1140 3282 susceptione
1171 3214 1447 3281 incipiunt,
1497 3222 1552 3268 et
1592 3213 1869 3269 exordium
1915 3212 2136 3274 ducunt.

551 3303 685 3359 Vide
711 3305 888 3372 itaque
913 3304 1180 3374 quomodo
1205 3303 1455 3359 Michzuas
1479 3304 1546 3360 ab
1577 3305 1759 3360 infimo
1792 3303 2040 3360 orditur:
2070 3305 2138 3360 Et

553 3403 629 3458 tu,
660 3391 930 3458 Bethleem,
956 3403 1090 3446 terra
1105 3390 1265 3455 Juda,
1291 3409 1604 3466 nequaquam
1628 3410 1680 3449 es
1695 3393 1906 3448 minima
1925 3395 1977 3449 in
1998 3396 2141 3465 prin-

551 3485 746 3556 cipibus
773 3485 946 3538 Judae.
991 3483 1076 3538 Ea:
1122 3496 1168 3539 te
1213 3486 1347 3538 enim
1389 3485 1514 3538 mihi
1556 3486 1838 3556 egredietur
1884 3485 2009 3552 dux,
2053 3487 2141 3556 qui

551 3585 721 3645 poscet
747 3575 991 3644 papulum
1016 3590 1181 3627 meum
1221 3572 1386 3628 ISrttel
1413 3573 1597 3643 (Mida.
1640 3573 1694 3629 5.
1737 3575 1814 3646 2).
1845 3575 2003 3645 Atqui
2031 3592 2137 3630 non

549 3676 666 3722 erat
694 3665 946 3721 divinitas
973 3682 1039 3722 ex
1082 3665 1377 3733 Bethleem,
1418 3667 1510 3722 sed
1539 3681 1689 3721 caro.
1729 3667 1835 3723 Sed
1875 3683 1982 3722 non
2015 3683 2135 3737 per-

549 3758 744 3814 mansit
762 3757 815 3812 in
833 3757 934 3811 hoc
951 3757 1084 3824 solo,
1110 3757 1205 3812 sed
1230 3756 1298 3811 ad
1324 3757 1662 3813 divinitatem
1687 3759 1847 3813 etiam
1878 3759 2138 3825 ascendit,

549 3848 770 3904 dicens:
793 3847 858 3902 Et
875 3864 1103 3919 egressus
1126 3849 1237 3918 ejus
1261 3848 1324 3901 ob
1340 3848 1481 3903 initio
1508 3864 1574 3903 ex
1593 3847 1767 3903 diebus
1789 3850 1965 3904 σωτηιὶ
1979 3848 2137 3928 (16.).

551 3938 620 3993 Et
649 3953 832 3994 rursus
863 3937 1056 3992 Isaias:
1090 3938 1218 3992 Ecce
1245 3939 1383 4010 uirgo
1412 3939 1463 3993 in
1492 3949 1634 3993 utero
1661 3940 1926 4009 concipiet,
1957 3950 2004 3994 et
2047 3959 2140 4012 pa-

550 4031 645 4084 riet
674 4030 856 4096 ﬁlium,
887 4039 933 4082 et
964 4029 1208 4083 uocabunt
1227 4045 1407 4084 nomen
1433 4031 1544 4095 ejus
1573 4023 1894 4096 Emmanuel,
1917 4029 2055 4102 quod
2070 4041 2140 4087 est

551 4123 953 4190 interpretatum,
1006 4120 1288 4174 Nobiscum
1337 4119 1474 4175 Deus
1515 4117 1670 4189 (lsai.
1717 4121 1770 4174 7.
1819 4121 1934 4190 11).
1982 4121 2140 4178 Vides

551 4210 818 4281 quomodo
849 4211 894 4265 is
919 4226 1127 4280 quoque
1163 4225 1192 4265 a
1233 4225 1396 4266 carne
1432 4211 1672 4266 ascendit
1700 4211 1768 4266 ad
1808 4211 2139 4269 divinitatem

557 4303 768 4373 (.llotth.
801 4307 849 4357 t.
891 4303 1024 4373 25)?
1063 4304 1128 4358 Et
1162 4317 1347 4358 rursus
1375 4303 1501 4357 alibi
1528 4303 1806 4358 considera
1837 4303 1940 4364 hoc
1968 4306 2138 4376 ipsum

552 4394 622 4446 ab
649 4410 712 4448 eo
739 4392 900 4447 fuisse
923 4393 1116 4447 factum
1138 4410 1152 4444 :
1175 4394 1303 4447 dicit
1329 4394 1511 4447 enim:
1546 4392 1759 4447 Puellus
1782 4405 1930 4450 natus
1954 4406 2025 4450 cst
2052 4411 2145 4450 no:-

553 4484 629 4537 ω.
659 4484 822 4552 ﬁlius,
853 4492 900 4536 et
928 4482 1078 4536 datus
1103 4493 1177 4536 est
1193 4482 1357 4546 nobis,
1379 4491 1424 4537 et
1443 4493 1654 4536 uocatur
1679 4499 1859 4537 nomen
1880 4486 2012 4554 ejus,
2042 4501 2143 4538 mo-

554 4576 639 4644 qui
656 4575 852 4627 consilii
867 4573 1097 4644 angelus,
1125 4574 1440 4626 admirabiiis
1455 4573 1797 4638 consiliarius,
1823 4574 1957 4629 Deus
1975 4576 2137 4647 fortis,

556 4677 750 4735 potens,
785 4666 1020 4734 princeps
1052 4666 1208 4732 pacis,
1243 4674 1385 4735 pater
1407 4665 1568 4736 futuri
1595 4667 1768 4718 stt'cuii
1792 4664 1943 4734 (lsai.
1973 4667 2026 4720 9.
2059 4666 2138 4734 6).

556 4755 717 4811 Vides
743 4758 1007 4824 qumnodo
1027 4770 1208 4808 rursus
1231 4771 1258 4808 a
1289 4771 1451 4824 puero
1475 4756 1758 4825 earnisquc
1779 4758 2135 4825 susct-ptione,

556 4850 713 4903 veluti
739 4863 832 4915 per
855 4846 1113 4916 quosdam
1138 4847 1333 4915 gradus
1365 4846 1681 4910 ascendens,
1707 4849 1840 4901 sistit
1867 4849 1919 4902 in
1950 4849 2142 4902 divini—

555 4943 720 4995 late‘.
756 4941 830 4993 ita
872 4941 1032 4994 edam
1077 4940 1232 4992 Pater
1273 4941 1384 5006 ejus
1425 4941 1666 5008 cognitus
1696 4951 1776 4994 est
1817 4942 2044 5009 primunt
2076 4958 2138 4996 ex

553 5032 834 5086 creaturis.
871 5029 1148 5082 Iitvtsioilia
1180 5033 1318 5082 enim
1344 5033 1471 5098 ejus,
1501 5031 1671 5099 inquit
1701 5031 1912 5097 Paulus,
1936 5049 1968 5084 ιι
1997 5049 2139 5085 crea-

554 5125 687 5174 tione
721 5121 894 5173 mundi
924 5122 1155 5189 opt-ribus
1190 5121 1442 5173 intellecta
1470 5121 1846 5190 conspiciuntur
1877 5121 2050 5190 (Rom.
2088 5123 2137 5176 1.

552 5215 668 5279 9(3).
724 5212 784 5264 [ῐι
830 5214 945 5263 aluo
981 5212 1092 5279 ipse
1138 5227 1347 5278 quoque
1389 5212 1620 5279 seipsum
1654 5226 1795 5279 smpe
1841 5212 2046 5282 efﬁngit
2085 5213 2139 5267 itt

555 5304 732 5371 specie
754 5302 1008 5364 sensibili,
1035 5301 1282 5369 paulatim
1315 5301 1547 5354 evchens
1572 5303 1858 5356 humanum
1882 5320 2047 5372 genus
2070 5305 2134 5356 ad

556 5393 903 5459 (ﬁtt'éiliilititltfs
937 5392 1292 5457 incorporeas.
1327 5389 1392 5443 Et
1416 5392 1539 5458 quid
1584 5392 1814 5458 miraris,
1857 5393 1900 5446 si
1947 5393 1998 5447 in
2028 5393 2137 5450 do-

555 5483 816 5552 gmatibus
850 5481 948 5534 huc
974 5481 1196 5535 consilio
1221 5491 1273 5534 et
1303 5483 1399 5534 hac
1425 5484 1719 5536 (ncnnomia
1751 5501 1874 5538 usus
1905 5485 1993 5550 sit,
2013 5498 2135 5538 cum

621 5636 637 5666 ι
675 5643 817 5691 't‘nus,
843 5633 1102 5695 ascendens
1126 5645 1212 5694 per
1246 5632 1430 5695 gradus
1475 5633 1598 5682 colet
1639 5633 1769 5684 circa
1796 5637 2088 5695 dit'initatrm
2119 5651 2135 5688 :

558 5709 666 5751 qum
689 5706 824 5763 certe
842 5694 993 5764 lectio
1017 5709 1112 5743 non
1155 5694 1447 5764 spernenda,
1471 5705 1521 5743 et
1548 5699 1759 5745 tot-tussis
1805 5694 1930 5749 illam
1947 5701 2132 5764 amplc-

556 5769 736 5817 t'tet‘er,
767 5759 850 5804 nisi
877 5769 1022 5803 unum
1045 5758 1295 5819 cxcmpiat'
1321 5767 1450 5807 esset
1477 5767 1643 5808 contra
1666 5771 1838 5807 Omnia.

1337 369 1395 426 S.
1433 362 1712 424 .IOANNIS
1746 352 2224 420 CllliYSOSTObll
2263 352 2582 412 ARCHIEP.
2623 351 3162 412 CONS'I‘ANTINOI'.

2249 473 2304 528 in
2331 471 2614 542 prmecptis
2638 480 2692 526 et
2723 470 2990 526 mandatis
3017 469 3120 528 hoc
3144 472 3317 542 ipsum
3345 468 3543 526 faciat?
3584 470 3844 538 Quocirca

2245 563 2509 634 propheta
2530 577 2741 632 quoque
2775 561 2853 616 sic
2881 563 2986 618 hoc
3015 563 3067 643 in
3095 563 3487 643 locoorattone
3521 577 3655 618 usus
3681 572 3787 629 est,
3809 577 3841 617 a

2246 671 2410 712 carne
2432 656 2500 712 ad
2525 656 2858 712 divinitatem
2879 640 3178 713 ascendens
3199 640 3361 731 (labia
3396 657 3543 712 enim
3567 665 3702 712 sunt
3723 654 3844 713 car:

2246 747 2378 819 nis),
2407 757 2463 803 et
2496 764 2526 802 a
2550 748 2829 803 divinitate
2857 761 3045 802 rursus
3069 748 3137 802 ad
3159 763 3374 804 carnem
3404 748 3763 814 descendens,
3791 757 3845 804 et

2247 839 2505 895 varietate
2525 839 2783 895 orationis
2799 849 2954 895 utens
2972 839 3037 894 ad
3057 840 3286 895 salutem
3305 840 3842 896 catcchnmenorum.

2249 929 2486 984 Thronus
2511 939 2646 992 tuus,
2678 927 2843 992 Deus,
2868 931 2921 984 in
2945 930 3187 984 accentum
3215 929 3410 988 saeculi.
3445 930 3725 986 Thronum
3760 931 3848 986 hic

2247 1036 2353 1074 non
2386 1021 2546 1075 modo
2569 1022 2841 1084 thronum,
2871 1022 2965 1076 sed
2990 1036 3209 1092 regnum
3239 1021 3388 1076 dicit.
3422 1021 3518 1077 Hic
3538 1037 3672 1093 ergo
3694 1022 3845 1077 illum

2242 1108 2376 1165 dicit
2397 1119 2680 1177 teternum,
2707 1110 2832 1174 alibi
2859 1121 3036 1167 autem
3077 1111 3238 1166 etiam
3268 1111 3470 1165 altum:
3511 1109 3632 1164 Vidi
3673 1110 3845 1176 enim,

2246 1201 2439 1272 inquit,
2483 1200 2757 1255 Dominum
2804 1203 3058 1256 sedentem
3104 1219 3258 1272 super
3305 1201 3542 1256 thronum
3586 1203 3848 1268 excelsum

2247 1289 2401 1362 (lsui.
2429 1291 2482 1347 6.
2513 1291 2588 1362 1).
2615 1291 2685 1346 Et
2727 1307 2932 1355 rursus,
2969 1291 3223 1357 Quoniam
3246 1294 3382 1348 altus
3410 1293 3622 1347 thronus
3667 1303 3784 1348 tuus
3803 1295 3846 1349 '.

2245 1383 2398 1437 Alius
2441 1397 2655 1453 quoque
2707 1381 2965 1453 prOpheta
3016 1383 3150 1438 vidit
3189 1398 3312 1438 eum
3356 1382 3632 1439 sedentem
3682 1397 3841 1455 sape:

2244 1474 2499 1530 thronum
2551 1474 2736 1546 glorise
2765 1473 2929 1545 (Dan.
2953 1474 3007 1529 7.
3034 1473 3106 1547 9)
3134 1494 3149 1528 :
3176 1474 3342 1529 David
3387 1484 3565 1531 autem
3604 1475 3851 1532 ostendit

2245 1565 2406 1621 etiam
2447 1564 2695 1620 thronum
2747 1566 3121 1622 humanitatis:
3150 1565 3505 1620 Misericordia
3553 1566 3723 1629 enim,
3757 1565 3848 1621 in-

2243 1659 2380 1730 quit,
2431 1668 2478 1714 et
2510 1660 2770 1732 judicium
2807 1660 3050 1715 correctio
3085 1659 3255 1714 throni
3277 1661 3388 1731 ejus
3425 1657 3597 1731 (Psol.
3631 1659 3727 1716 96.
3756 1659 3846 1730 ἲ).

2317 1750 2373 1806 9.
2405 1749 2533 1806 lltec
2557 1751 2734 1806 omnia
2769 1750 2836 1808 de
2864 1751 2983 1821 ejus
3008 1766 3173 1822 regno
3203 1750 3342 1807 dicta
3373 1761 3524 1816 sunt,
3555 1750 3701 1822 quod
3729 1750 3847 1806 sci-

2245 1841 2369 1898 licet
2401 1841 2506 1899 iine
2535 1842 2865 1914 careat-(hoc
2888 1843 3032 1899 enim
3059 1854 3162 1908 est,
3193 1839 3260 1897 In
3303 1842 3548 1898 sarculum
3574 1842 3797 1914 secuti)
3827 1885 3844 1910 ,

2243 1935 2387 2006 quod
2421 1933 2492 1990 sit
2515 1935 2804 2005 gloriosum
2828 1975 2843 2000 ,
2874 1935 3017 2004 quod
3044 1933 3340 2002 excelsum,
3380 1935 3523 2006 quod
3572 1943 3767 2006 potens
3791 1944 3850 1990 et

2245 2027 2500 2104 validum.
2535 2028 2741 2084 Rursus
2769 2028 2912 2099 quod
2954 2028 3026 2084 sit
3070 2043 3264 2097 expers
3297 2027 3580 2098 principii,
3625 2027 3848 2098 quando

2246 2117 2398 2186 dicit,
2417 2117 2645 2192 Regnum
2680 2129 2844 2186 tuum,
2863 2136 3081 2192 regnum
3097 2119 3325 2174 omnium
3347 2120 3650 2174 saeculorum
3663 2119 3843 2193 (Psal.

2248 2212 2514 2282 144.13).
2563 2211 3022 2281 Quemadmodum
3070 2220 3246 2266 autem
3291 2211 3513 2266 thronus
3561 2219 3645 2268 est
3692 2213 3846 2283 regni

2245 2302 2480 2373 signum,
2513 2303 2583 2357 ita
2611 2303 2772 2358 etiam
2804 2304 2970 2374 virga,
3000 2312 3055 2357 et
3107 2303 3276 2371 regni,
3323 2311 3380 2358 et
3427 2301 3843 2371 jnrisdictionis.

2245 2392 2312 2451 Et
2340 2393 2462 2449 ideo
2484 2392 2615 2448 dicit
2640 2410 2652 2446 :
2694 2391 2853 2464 Virga
2895 2393 3208 2461 directionis,
3239 2393 3382 2464 uirga
3410 2393 3552 2460 regni
3577 2392 3675 2445 tui.
3715 2392 3845 2447 Cla-

2243 2501 2363 2542 rum
2415 2483 2561 2542 enim
2612 2483 2720 2539 illic
2767 2484 3033 2556 estquod
3079 2482 3281 2553 justum
3326 2493 3444 2548 est,
3501 2483 3708 2539 clarum
3763 2491 3847 2540 est

2243 2580 2495 2651 quodest
2537 2589 2766 2645 rectum,
2818 2577 2950 2633 nihil
3007 2578 3117 2634 illic
3164 2578 3556 2634 adumbratam.
3603 2579 3848 2636 Audiam

2243 2675 2332 2745 qui
2370 2674 2661 2740 insaniunt,
2689 2684 2745 2730 et
2778 2683 2958 2730 mente
2984 2671 3162 2745 capti;
3196 2672 3304 2726 imo
3343 2687 3473 2727 vero
3497 2673 3587 2744 qui
3614 2681 3742 2727 sunt
3766 2673 3848 2730 eis

2242 2765 2562 2822 deteriores.
2597 2765 2824 2834 Quinam
2843 2777 3020 2822 autem
3043 2777 3170 2824 sunt
3196 2765 3292 2821 hi?
3315 2765 3415 2834 Qui
3440 2764 3678 2821 divinam
3713 2781 3842 2836 pro-

2241 2856 2536 2911 videntiam
2579 2856 3000 2934 reprehendunt,
3028 2867 3085 2913 et
3108 2857 3296 2913 dicunt
3329 2876 3343 2914 :
3371 2859 3478 2914 Cur
3501 2858 3604 2915 hoc
3629 2872 3684 2914 et
3714 2856 3845 2916 illud

2242 2948 2322 3002 sic
2344 2948 2539 3003 factum
2570 2937 2653 3004 est
2671 2949 2694 3003 3
2715 2947 2996 3015 Quomodo
3017 2950 3158 3004 enim
3184 2966 3290 3004 non
3320 2949 3635 3015 absurdum,
3666 2959 3727 3006 ut
3751 2953 3843 3023 qui

2245 3037 2397 3093 fabro
2419 3039 2634 3110 quidem
2659 3039 2883 3105 assidet,
2924 3049 2978 3094 et
3014 3040 3152 3110 ligna
3187 3041 3522 3113 frangentem
3565 3052 3623 3098 et
3646 3059 3845 3101 secan-

2243 3140 2352 3187 tem
2394 3132 2807 3200 contemplatur,
2843 3131 2918 3186 ab
2951 3147 3019 3188 eo
3063 3132 3326 3187 rationem
3385 3149 3493 3190 non
3550 3134 3842 3205 exigat;et

2242 3224 2369 3279 dum
2401 3223 2642 3278 medicus
2671 3224 2866 3280 scindit
2889 3233 2943 3280 et
2967 3225 3071 3280 urit
3111 3239 3329 3280 carnem
3359 3267 3376 3290 ,
3416 3235 3473 3282 et
3512 3226 3566 3282 in
3603 3227 3838 3284 domun-

2245 3315 2366 3370 cula
2390 3321 2647 3385 aegrotum
2691 3315 2934 3382 includit,
2977 3325 3033 3369 et
3076 3316 3214 3371 fame
3235 3316 3524 3381 excruciat,
3561 3333 3664 3373 nec
3705 3319 3848 3375 nllus

2244 3405 2591 3472 adstantium,
2633 3421 2732 3462 nec
2778 3407 2896 3476 ipse
2935 3407 3024 3477 qui
3073 3405 3303 3475 laborat,
3349 3408 3416 3465 de
3468 3410 3534 3464 iis
3557 3425 3682 3481 qua:
3713 3402 3851 3470 nunt

2243 3498 2454 3554 curiose
2492 3497 2806 3568 investigat;
2851 3508 2905 3553 et
2933 3498 3060 3567 dum
3085 3500 3412 3570 gubernator
3435 3503 3608 3557 tendit
3635 3503 3844 3572 funem,

2246 3587 2530 3658 velumque
2556 3595 2612 3643 et
2652 3587 2882 3644 intendit
2923 3598 2982 3645 et
3012 3598 3199 3646 rursus
3225 3592 3481 3656 remittit,
3507 3602 3563 3647 et
3589 3596 3742 3648 navis
3771 3595 3851 3651 la-

2246 3685 2359 3734 tera
2391 3680 2631 3746 inundat,
2674 3694 2832 3744 nemo
2879 3681 2947 3736 sit
2976 3682 3242 3745 curiosus,
3300 3692 3399 3737 nec
3429 3683 3480 3736 in
3511 3699 3842 3756 unoquoque

2248 3769 2439 3824 borum
2473 3769 2723 3839 opiﬁcum
2753 3770 2987 3840 inquirat
3014 3782 3068 3825 et
3095 3771 3422 3838 sciscitetur,
3455 3773 3551 3828 sed
3593 3781 3770 3829 taceat
3795 3786 3848 3832 et

2247 3862 2502 3930 quiescat,
2534 3862 2779 3932 quamvis
2809 3863 2841 3916 ii
2869 3862 2924 3917 in
2953 3873 3068 3917 arte
3096 3878 3241 3932 saepe
3263 3876 3486 3933 peccent
3513 3880 3527 3918 :
3561 3864 3630 3921 de
3655 3866 3846 3922 ineffa-

2248 3950 2338 4005 bili
2383 3960 2562 4006 autem
2611 3951 2896 4022 sapientia,
2925 3951 2996 4006 de
3043 3953 3387 4008 inenarrabili
3421 3955 3730 4023 clementia,
3778 3956 3849 4012 de

2246 4041 2453 4098 inlinita
2471 4043 2798 4113 providentia
2813 4045 3026 4099 curiose
3047 4044 3315 4114 quispiam
3333 4043 3553 4115 indaget
3574 4047 3600 4099 τ
3618 4045 3850 4114 Quanta

2248 4136 2365 4192 lucc
2416 4149 2522 4191 non
2553 4146 2678 4193 sunt
2721 4135 2981 4192 insaniae?
3025 4135 3094 4191 Et
3114 4150 3268 4206 opem
3308 4136 3524 4206 quidem
3564 4135 3732 4205 ferre,
3765 4135 3849 4195 vel

2249 4229 2505 4298 pecunias
2531 4241 2759 4299 erogare
2789 4241 2885 4298 pro
2923 4227 3008 4292 iis,
3032 4227 3227 4295 quibus
3249 4226 3309 4280 lit
3349 4228 3567 4298 injuria.
3612 4225 3699 4284 vel
3751 4239 3848 4300 pro

2249 4319 2592 4387 pauperibus,
2642 4334 2747 4373 non
2778 4317 2934 4374 facile
2958 4318 3307 4373 inveniuntur
3362 4319 3452 4389 qui
3495 4307 3698 4386 velini;
3727 4339 3850 4392 per-

2249 4421 2410 4480 petuo
2435 4420 2610 4463 autem
2633 4407 2935 4480 inquirunt,
2961 4425 3058 4465 cur
3078 4408 3166 4464 hic
3188 4424 3390 4481 pauper
3414 4453 3429 4477 ,
3456 4427 3553 4466 cur
3574 4413 3664 4468 ille
3693 4429 3848 4469 mett-

2246 4501 2420 4564 dicus,
2451 4511 2504 4555 et
2523 4515 2620 4555 cur
2642 4500 2777 4554 alter
2804 4500 2873 4556 sit
2892 4501 3066 4555 dives.
3099 4501 3266 4556 Serve
3294 4517 3524 4571 nequam
3547 4514 3601 4557 et
3621 4505 3843 4567 stolide.

2249 4603 2344 4646 cur
2393 4601 2498 4645 non
2547 4591 2733 4646 oculos
2781 4591 3060 4658 demittis,
3093 4606 3194 4647 nec
3225 4592 3451 4662 teipsutn
3490 4593 3844 4662 condemnas,

2247 4697 2345 4735 nec
2378 4679 2748 4751 frum-lingua:
2787 4681 2980 4751 injecto
3010 4689 3242 4735 mentem
3273 4691 3415 4736 tuam
3444 4685 3716 4753 reprintis,
3751 4701 3847 4741 nec

2248 4779 2468 4830 mittens
2517 4774 2586 4828 de
2651 4774 2810 4829 tantis
2860 4753 3021 4828 rebus
3067 4769 3277 4828 curiose
3339 4774 3612 4844 inquirere
3641 4817 3655 4840 ,
3709 4770 3846 4831 hanc

2247 4869 2456 4926 anxiam
2493 4868 2887 4941 indagationem
2935 4872 2986 4922 in
3035 4879 3178 4923 tuam
3205 4871 3364 4924 vitam
3392 4872 3709 4926 convertis?
3740 4874 3844 4926 Be-

2248 4965 2391 5032 διῆρε
2417 4981 2478 5018 ea
2505 4981 2622 5033 qnze
2650 4964 2844 5028 fecisti,
2891 4963 3096 5033 respice
3117 4977 3264 5016 mare
3294 4969 3635 5032 peccatorum
3669 4982 3684 5018 :
3717 4974 3772 5019 et
3800 4966 3843 5021 si

2248 5071 2306 5109 es
2332 5058 2575 5110 curiosus
2603 5067 2655 5110 et
2683 5057 2875 5110 anxius
2928 5051 3230 5126 inquisitor,
3262 5057 3417 5122 exige
3457 5072 3484 5109 a
3522 5057 3696 5126 teipse
3723 5073 3841 5115 ver-

2248 5147 2436 5201 borum
2467 5164 2584 5217 qum
2614 5147 2754 5201 male
2797 5147 2997 5209 dixisti,
3026 5157 3074 5201 et
3104 5163 3282 5201 rerum
3308 5163 3444 5217 quas
3477 5149 3614 5203 litate
3643 5149 3839 5216 fecisti,

2247 5237 2506 5292 rationem
2531 5257 2543 5292 :
2570 5253 2711 5291 nunc
2738 5247 2912 5294 autem
2933 5239 3004 5292 tui
3035 5239 3251 5306 quidem
3281 5241 3445 5308 ipsius
3479 5243 3840 5309 przctertniSso

2247 5329 2528 5394 examine,
2570 5329 2693 5383 licet
2735 5330 2848 5384 inec
2879 5325 3090 5398 quidem
3134 5329 3378 5385 socordia
3417 5331 3736 5400 supplicium
3767 5334 3840 5384 at-

2256 5422 2389 5476 ict'at
2409 5463 2422 5484 ,
2459 5421 2668 5474 curiosa
2698 5431 2874 5474 autem
2907 5421 3174 5490 indagatio
3202 5425 3450 5484 salutent,
3480 5422 3637 5475 sedes
3674 5421 3838 5477 Deum

2312 5581 2326 5608 ί
2366 5579 2446 5625 llic
2492 5579 2678 5625 variant
2714 5583 2821 5627 Mss.
2870 5586 2995 5626 t'nus
3039 5587 3152 5639 Reg.
3201 5579 3274 5627 sic
3320 5578 3498 5635 habet,
3551 5580 3660 5628 ritus
3706 5580 3837 5630 thro-

2245 5652 2363 5696 nus;
2391 5643 2442 5687 et
2465 5639 2578 5705 alibi
2604 5652 2787 5705 rursus.
2814 5642 3060 5705 Sudantem
3082 5653 3226 5705 super
3250 5639 3474 5705 thronum
3495 5642 3697 5705 glmite;
3724 5643 3836 5692 altbi

2246 5711 2436 5757 autem,
2477 5700 2822 5762 Misericordiae
2856 5702 3082 5762 plenum;
3113 5719 3136 5748 ι
3155 5699 3515 5755 κῖδενίτονιιὶίί
3530 5699 3689 5762 enim,
3710 5720 3732 5749 ι
3764 5717 3836 5754 m~

2247 5766 2370 5825 quit,
2391 5779 2411 5806 ι
2434 5769 2479 5812 et
2499 5760 2747 5822 Judicium
2771 5760 3001 5813 correctio
3024 5764 3180 5814 throni
3203 5763 3325 5822 ejus.
3354 5779 3378 5809 s
