4068 6438
267 442 373 502 107

274 557 332 609 lu
354 552 443 623 ius
470 567 686 615 vocans,
726 552 829 607 tuis
857 550 1088 621 peccatis
1117 550 1219 605 alia
1248 548 1523 616 adjiciens.
1555 545 1670 600 Non
1700 543 1854 599 audis

267 648 583 716 prophetam
618 646 669 700 ei
696 645 996 699 dicentem:
1036 643 1189 713 Virga
1213 640 1520 701 dit'ectionis,
1549 639 1688 706 virga
1716 637 1858 706 regni

268 740 385 793 tui.’
404 739 474 794 Et
501 752 687 792 rursus
715 736 851 790 alius
876 753 888 787 :
918 734 957 787 Ι
960 734 1179 787 udicium
1202 735 1332 801 ejus,
1366 730 1554 801 inquit,
1590 742 1851 798 tamquam

266 831 358 884 tiu:
385 830 535 884 exibit
571 827 724 899 (Osee
774 827 826 882 6.
856 828 889 882 5
914 825 950 892 ).
977 825 1127 892 Quod
1159 825 1201 878 si
1234 839 1340 878 non
1373 823 1509 876 nosti
1537 822 1714 875 omnia
1737 834 1857 890 quae

267 931 389 974 sunt
418 919 489 972 tui
516 916 752 983 Domini,
782 928 1070 987 prepterea
1087 929 1212 971 eum
1230 913 1401 986 gloria
1418 909 1591 979 attice,
1606 918 1858 983 propter-

266 1024 332 1061 ea
357 1024 484 1064 eum
530 1007 762 1069 maxime
790 1006 977 1069 adora,
1007 1011 1227 1071 propter
1254 999 1577 1055 ineﬂ'abilem
1600 998 1716 1067 ejus
1744 1012 1861 1052 ma-

266 1098 541 1162 jestatem,
574 1102 791 1163 propter
816 1089 1408 1160 iucomprehensibilem
1430 1088 1548 1158 ejus
1576 1087 1860 1158 providen-

268 1191 416 1253 tiam,
450 1199 667 1258 propter
693 1186 894 1241 variam
924 1199 987 1239 ac
1012 1183 1310 1253 sapientem
1356 1182 1473 1251 ejus
1502 1183 1853 1237 curationem.

270 1276 507 1331 Dilexisti
513 1278 784 1347 justitiam,
809 1285 856 1329 et
878 1274 1032 1329 odisti
1053 1274 1385 1344 iniquitatem.
1411 1272 1698 1340 Postquam
1717 1272 1859 1325 enim

268 1367 518 1435 superius
546 1366 678 1420 dixit
700 1365 952 1433 praeclara
992 1364 1111 1433 ejus
1142 1362 1299 1427 facta,
1329 1363 1597 1421 victorias,
1632 1370 1852 1428 tropa-a,

268 1457 494 1511 salutem
522 1456 668 1509 orbis
692 1464 979 1519 terrarum,
1026 1454 1168 1524 quod
1196 1469 1316 1507 eam
1362 1455 1583 1507 veritate
1614 1454 1857 1522 replevit,

269 1546 409 1614 quod
441 1545 871 1610 mansuetudine,
904 1543 1046 1614 quod
1087 1544 1312 1613 iustitia,
1363 1542 1654 1606 ostendens
1700 1544 1863 1597 fuisse

270 1635 464 1690 rationi
506 1645 923 1689 consentaneum
956 1643 1012 1687 ut
1041 1634 1155 1687 lucc
1186 1632 1396 1703 tierent,
1426 1633 1666 1701 loquitur
1703 1632 1861 1690 dein-

266 1739 397 1795 ecps
415 1724 485 1779 de
510 1724 765 1794 dignitate
794 1724 910 1792 ejus
953 1723 1042 1792 qui
1072 1722 1157 1776 illa
1212 1723 1356 1788 fecit,
1398 1731 1703 1777 monstrans
1737 1738 1862 1779 eum

270 1814 435 1871 fuisse
467 1816 656 1880 Detnu,
685 1829 886 1885 regem,
920 1814 1026 1869 line
1054 1825 1352 1881 carentem,
1382 1815 1747 1885 incorruptmn
1769 1817 1858 1885 ju-

268 1908 469 1973 dicem,
519 1907 787 1975 justorum
833 1916 1127 1964 amatorem
1150 1947 1165 1972 ,
1196 1907 1349 1960 malis
1379 1906 1665 1975 infensum.
1710 1909 1860 1975 Quo-

271 2000 437 2064 uiam,
470 1999 658 2068 inquit,
688 2008 770 2053 est
788 1998 1076 2067 ejusmodi,
1105 2009 1383 2068 propterea
1407 1999 1529 2053 talia
1551 2000 1700 2055 abeo
1725 2000 1862 2055 facta

270 2099 419 2143 sunt.
461 2089 628 2143 Nemo
670 2104 801 2158 ergo
826 2089 891 2143 de
924 2090 1006 2144 his
1030 2090 1254 2144 dubitet.
1285 2089 1387 2157 Qui
1434 2090 1577 2144 enim
1605 2106 1669 2145 ea
1714 2092 1859 2158 fecit,

269 2196 333 2235 ca
367 2181 492 2237 fecit
515 2198 635 2237 cum
674 2192 727 2236 et
756 2192 942 2250 posset
980 2190 1036 2236 et
1073 2181 1253 2236 vellet.
1303 2182 1586 2251 Postquam
1636 2182 1703 2237 de
1730 2183 1864 2237 divi-

271 2274 441 2326 nitate
476 2271 780 2326 sublimiora
827 2271 981 2337 dixit,
1024 2273 1311 2327 revertitur
1341 2272 1407 2327 ad
1432 2273 1769 2342 loquendum
1795 2272 1863 2329 de

270 2378 452 2425 carne,
483 2372 541 2417 et
586 2363 661 2417 ait
704 2360 1030 2433 :Propterea
1080 2364 1229 2417 unxit
1259 2372 1306 2418 te
1334 2362 1491 2427 Deus,
1545 2362 1683 2423 Deus
1724 2375 1858 2419 tuus.

270 2454 424 2507 Alius
451 2453 578 2508 dicit
608 2470 623 2507 :
662 2452 879 2523 Drapter
904 2454 998 2507 hoc
1039 2455 1187 2508 unxit
1214 2464 1279 2509 te.
1309 2454 1386 2509 Eo
1414 2454 1551 2523 quod
1577 2456 1625 2507 in
1650 2455 1715 2509 iis
1742 2470 1862 2526 quas

270 2542 414 2597 dicta
442 2552 584 2607 sunt,
612 2554 664 2598 te
686 2552 829 2599 recte
861 2545 1113 2614 gesseris,
1142 2545 1470 2613 iniquiuttem
1500 2545 1744 2614 cjeceris,
1774 2547 1865 2615 ju-

270 2632 472 2686 stitiam
512 2633 829 2701 plantaveris
853 2676 867 2698 ,
898 2643 950 2687 et
978 2650 1095 2703 qua:
1141 2633 1306 2691 fecisti
1334 2634 1545 2691 feceris.
1573 2635 1654 2693 Tu
1683 2647 1860 2695 autent

271 2737 343 2778 ne
387 2725 722 2780 conturberis
762 2725 888 2780 dum
925 2727 1076 2781 audis
1131 2726 1244 2780 haec
1292 2727 1432 2780 Patri
1476 2728 1715 2784 attribui.
1744 2729 1860 2785 Non

273 2815 419 2868 enim
462 2814 513 2867 id
555 2814 676 2869 facit
707 2827 761 2868 ut
793 2831 918 2871 eum
964 2820 1134 2882 privet
1177 2826 1319 2871 recte
1348 2816 1499 2873 lactis
1524 2860 1538 2882 ,
1567 2818 1662 2875 sed
1692 2829 1858 2885 utea,

269 2918 391 2972 qua:
416 2912 541 2956 sunt
588 2903 731 2969 Filii,
763 2905 904 2959 Patri
951 2904 1241 2969 adscribat,
1287 2907 1375 2975 qui
1416 2922 1477 2961 ea
1508 2908 1692 2975 etiam,
1738 2925 1859 2979 qua:

267 3002 395 3047 sunt
415 2993 607 3057 Patris,
638 3011 729 3049 sua
759 3010 881 3051 esse
906 2995 1036 3050 dicit
1062 3014 1075 3049 ε
1110 2995 1295 3050 Omnia
1324 2999 1488 3064 enim,
1524 3000 1714 3070 inquit,
1747 3018 1857 3056 mea

269 3093 358 3136 tua
384 3093 517 3146 sunt,
549 3096 595 3137 et
620 3095 706 3138 tua
731 3103 843 3138 mea
869 3085 1047 3157 (Joan.
1080 3089 1165 3142 17.
1199 3087 1324 3157 10).
1356 3089 1486 3143 Nam
1518 3092 1585 3145 de
1616 3106 1859 3147 resurre-

267 3174 452 3226 ctione
506 3174 698 3228 l’aulus
738 3176 953 3245 quidem
999 3176 1271 3232 disserens
1306 3178 1477 3234 dicit:
1510 3180 1648 3236 Deus
1689 3186 1859 3251 ipsum

266 3265 527 3317 suscitavit
566 3282 598 3318 a
623 3267 833 3319 mortuis
874 3268 948 3335 (1.
991 3266 1108 3322 Cor.
1139 3267 1193 3323 6.
1227 3268 1348 3338 14);
1376 3269 1610 3339 Joannes
1636 3283 1852 3329 autem:

269 3354 469 3409 Soluite
488 3357 731 3424 templum
760 3357 876 3423 hoc,
904 3366 950 3410 et
976 3358 1029 3411 in
1057 3358 1216 3413 tribus
1236 3359 1411 3413 diebus
1439 3362 1667 3417 ea‘ritabo
1689 3364 1856 3433 ipsum

268 3442 452 3507 (Joau.
475 3445 532 3499 2.
566 3446 693 3516 I9).
725 3446 863 3512 Quid
900 3456 987 3502 est
1011 3458 1187 3504 autem
1218 3450 1394 3505 oleum
1434 3451 1673 3507 lanium?
1698 3455 1855 3525 Atqui

266 3536 514 3593 Christus
543 3553 803 3608 nusquam
822 3548 1015 3595 unctus
1036 3551 1118 3595 est
1140 3542 1283 3609 oleo,
1308 3542 1401 3598 sed
1424 3543 1623 3613 Spiritu
1645 3558 1852 3603 sancto.

265 3627 336 3683 Et
364 3628 486 3683 ideo
508 3630 727 3700 adjecit,
780 3630 900 3686 Pri:
928 3634 1244 3687 consortibus
1271 3636 1369 3689 tuis
1402 3651 1421 3689 :
1452 3636 1553 3690 hoc
1576 3637 1747 3706 ipsum
1778 3640 1852 3693 si-

263 3718 544 3789 gniﬁcans,
580 3721 848 3775 nemiuem
870 3721 943 3775 ita
974 3731 1190 3777 unctum
1218 3724 1378 3779 luisse
1398 3734 1455 3779 ut
1484 3726 1599 3795 ipse
1632 3728 1671 3781 ¹.
1697 3728 1842 3783 Multi

263 3810 408 3864 enim
456 3808 672 3865 fuerunt
714 3823 839 3871 ante
891 3813 1061 3881 ipsum
1104 3813 1310 3881 christi,
1344 3814 1395 3870 id
1429 3826 1532 3882 est,
1557 3820 1722 3883 uncti,
1759 3820 1852 3875 sed

264 3918 424 3959 nemo
450 3905 527 3958 sic
554 3921 567 3957 :
591 3904 729 3959 sicut
758 3905 917 3960 etiam
949 3910 1068 3975 agni
1104 3907 1277 3973 multi,
1299 3908 1392 3963 sed
1434 3907 1547 3978 ipse
1572 3909 1797 3965 eximius
1832 3930 1845 3965 :

263 3994 342 4047 sic
363 4002 418 4048 et
448 3995 596 4048 multi
626 3994 741 4059 filii,
769 3994 863 4050 sed
893 3996 1008 4065 ipse
1036 3996 1372 4067 Uuigenitus.
1399 3998 1533 4053 Sunt
1564 4001 1706 4055 enim
1729 4016 1849 4055 om-

262 4086 349 4137 nia
381 4085 500 4151 ejus
528 4085 743 4151 eximia,
776 4100 880 4142 nou
898 4101 961 4142 ea
987 4088 1162 4142 solum
1185 4104 1303 4157 qute
1330 4090 1598 4158 pertinent
1620 4091 1685 4145 ad
1715 4091 1850 4146 divi-

260 4177 506 4239 nitatem,
535 4175 629 4229 sed
658 4191 720 4230 ea
759 4178 920 4232 etiam
974 4193 1093 4248 quin
1128 4179 1195 4232 ad
1226 4178 1608 4235 humanitatem
1645 4198 1658 4234 :
1691 4197 1849 4236 nemo

259 4267 404 4320 cnim
455 4278 641 4320 unctus
690 4276 775 4321 est
818 4267 909 4321 tali
956 4268 1168 4337 spiritu.
1200 4268 1257 4324 Si
1302 4269 1353 4324 id
1400 4282 1578 4325 autem
1613 4272 1847 4340 appellat

259 4355 459 4418 oleum,
490 4373 556 4410 ne
584 4356 795 4412 mireris
830 4376 844 4412 :
878 4373 999 4411 nam
1027 4373 1147 4412 eum
1178 4358 1435 4430 propheta
1480 4359 1569 4426 sit,
1613 4361 1849 4432 loquitur

259 4445 420 4514 paulo
443 4446 722 4499 obscurius
765 4456 820 4501 ct
849 4449 1016 4517 magis
1056 4449 1407 4517 muigmaticc.
1443 4449 1611 4505 Recte
1658 4462 1841 4506 autem

258 4535 414 4597 dixit,
466 4534 854 4603 Exsultationis,
896 4546 955 4592 ut
996 4540 1303 4594 ostenderet
1352 4540 1403 4595 id
1451 4556 1574 4597 esse
1622 4543 1840 4597 ltetitim.

256 4624 483 4681 Fructus
508 4629 651 4681 enim
681 4628 906 4698 Spiritus
927 4638 997 4683 est
1021 4628 1250 4695 dilectio,
1278 4632 1542 4702 gaudium,
1577 4635 1839 4705 pa.1:((.'ul.

255 4716 310 4771 5.
333 4715 448 4787 22).
480 4716 628 4771 Alius
651 4727 827 4772 autem
862 4715 1028 4772 dicit:
1055 4718 1179 4773 Oleo
1223 4722 1555 4775 νεηνίαιιὶσὶ
1589 4723 1842 4779 ιιυιιισευιιε

255 4820 407 4870 vero,
436 4806 626 4871 Sason,
674 4806 775 4861 hoc
818 4816 900 4862 est
935 4808 1233 4880 elegantiae,
1266 4810 1471 4880 glorize,
1514 4816 1836 4868 ornamenti.

254 4894 349 4949 Sin
373 4906 550 4949 autem
578 4898 647 4950 sit
692 4897 909 4961 ltetitim,
934 4896 985 4951 id
1008 4914 1220 4968 quoque
1248 4916 1431 4954 verum
1474 4910 1580 4956 est.
1615 4902 1683 4958 Ut
1710 4920 1839 4973 ergo

252 5001 373 5040 cum
421 4985 666 5039 audivisti
715 4987 972 5056 gladium,
1011 4988 1244 5058 gladium
1292 5006 1395 5045 non
1442 4993 1733 5063 intelligis:
1787 5005 1843 5050 et

251 5091 373 5129 cum
409 5090 589 5130 arcum
639 5087 692 5130 et
725 5079 964 5146 sagittas,
1013 5095 1117 5133 non
1166 5092 1323 5135 arcus
1373 5091 1428 5137 et
1466 5085 1701 5155 sagittas,
1744 5087 1838 5142 sed

250 5169 367 5237 cjus
390 5169 753 5236 operationem
782 5172 870 5239 qui
899 5174 1012 5227 lucc
1042 5172 1185 5238 fecit,
1223 5184 1280 5227 ut
1298 5174 1407 5243 jam
1432 5187 1554 5233 ante
1582 5178 1691 5233 dixi
1720 5196 1733 5233 :
1768 5180 1837 5234 ita

250 5275 375 5314 cum
404 5260 581 5313 oleum
609 5260 861 5320 audieris.
894 5277 960 5315 ne
1001 5264 1177 5319 oleum
1207 5265 1380 5320 solum
1421 5268 1705 5332 arbitrare,
1743 5272 1837 5326 sed

251 5350 557 5403 unctionem
579 5351 833 5421 intelligo.
850 5351 1037 5407 Oleum
1058 5355 1199 5409 enim
1220 5368 1335 5410 erat
1359 5358 1566 5428 signum
1584 5356 1833 5429 Spiritus,

248 5454 335 5495 res
356 5449 534 5492 autem
565 5441 870 5510 principalis
890 5450 948 5496 et
974 5447 1272 5498 necessaria
1300 5457 1414 5502 erat
1440 5449 1689 5519 Spiritus.

306 5556 334 5626 ί.
347 5561 456 5613 Ista.
472 5561 570 5629 ζιρσ
589 5553 1058 5629 frementium.
1070 5559 1318 5629 ,ηςηιεηεηι
1337 5561 1406 5629 ξεττ
1426 5566 1641 5629 tunctum
1663 5565 1835 5629 fuisse)

246 5623 292 5667 ιι
307 5616 435 5685 ipse,
464 5615 673 5685 deerant
687 5618 733 5685 iu
750 5615 935 5685 θυῖε-ει,
954 5615 1115 5668 δθάἱη
1130 5627 1234 5670 Mss.
1262 5632 1314 5674 et
1336 5625 1383 5672 in
1406 5615 1545 5677 Savil.
1572 5615 1829 5679 habentur:

302 5681 324 5710 ο
359 5678 473 5725 oleo
494 5678 765 5749 mustelis.
786 5687 893 5727 Haec
918 5682 1255 5749 interpretatio
1276 5691 1353 5734 est
1369 5689 1646 5749 Symmachi.
1667 5678 1829 5749 Sason,

236 5741 477 5791 tlsnrstce
494 5742 639 5819 pm:
672 5756 685 5791 :
713 5752 826 5801 quae
850 5754 961 5799 vox,
1000 5741 1156 5804 inquit
1192 5741 1567 5810 ChrysostomIts,
1593 5741 1833 5813 signiﬁcat

242 5826 547 5897 negantium,
568 5826 790 5891 gloriati,
814 5839 1162 5882 ornamentum.

1366 430 1730 492 IEXI’OSITIO
1758 428 1824 485 IN
1861 427 2184 485 PSALIIUM
2225 427 2405 485 XLIV.

3462 427 3560 480 198

2043 540 2236 595 Christi
2258 548 2418 595 vocati
2440 551 2557 594 sunt
2579 541 2725 594 multi
2748 585 2757 599 ,
2780 538 2982 611 quando
3012 550 3193 593 unctus
3215 539 3466 595 Christus.
3493 569 3566 583 -

1967 630 2103 688 Cum
2134 632 2235 686 hoc
2264 646 2394 702 ergo
2419 631 2487 685 ita
2538 647 2599 686 se
2630 628 2842 696 haheat,
2878 646 2946 685 ne
2972 630 3154 683 dubita
3201 646 3325 684 eum
3370 645 3564 687 vocare

1966 720 2238 775 Christum
2273 736 2434 776 :uam
2471 720 2740 774 Abraham
2770 735 2983 790 quoque
3019 720 3389 789 appellabatur
3419 720 3567 775 chri-

1969 819 2108 876 stus,
2139 821 2197 866 et
2234 811 2530 881 prophetrc,
2559 811 2653 865 sed
2681 827 2788 865 non
2833 825 3026 865 omnes
3064 811 3187 865 oleo
3218 810 3365 866 uncti
3392 820 3519 865 sunt
3549 830 3564 865 :

1967 902 2418 971 quemadmodum
2435 917 2556 957 cum
2574 902 2703 956 dicit
2728 919 2742 956 :
2774 900 2946 955 Nolite
2960 912 3165 972 tangere
3178 902 3392 957 cltristos
3410 918 3566 965 meos,

1970 1000 2016 1045 et
2054 993 2107 1045 in
2131 992 2387 1062 prapltetis
2420 991 2545 1046 meis
2572 991 2729 1044 nolite
2750 990 3021 1061 malignari
3059 990 3227 1059 (Psal.
3274 992 3394 1046 105.
3433 992 3562 1062 15).

1968 1081 2194 1148 Quando
2221 1090 2396 1142 autem
2425 1091 2617 1135 unctus
2641 1080 2983 1135 estCltristus
3000 1082 3025 1132 τ
3046 1080 3271 1148 Quando
3288 1092 3559 1152 tamquam

1970 1173 2025 1228 in
2050 1174 2314 1228 columbae
2337 1173 2517 1243 specie
2541 1171 2776 1243 Spiritus
2816 1187 2979 1242 super
3014 1188 3136 1228 eum
3169 1175 3314 1229 venit
3334 1181 3351 1242 (
3374 1173 3566 1229 Matth.

1970 1264 2023 1318 5.
2057 1263 2181 1333 16).
2210 1262 2500 1317 (Ζοηεςιιυιοε
2528 1273 2705 1317 autem
2752 1262 2840 1317 hic
2887 1274 3042 1317 vocat
3082 1279 3273 1318 omnes
3316 1265 3570 1335 spiritua-

1972 1354 2069 1416 les,
2098 1353 2547 1423 quemadmodum
2579 1353 2814 1409 Joannes
2839 1354 2970 1407 dicit
2998 1372 3012 1405 :
3045 1353 3158 1407 Nos
3183 1371 3355 1409 omnes
3377 1370 3440 1409 ea:
3460 1356 3571 1425 ple-

1971 1444 2201 1496 nitudine
2227 1444 2340 1512 ejus
2358 1444 2642 1514 accepimus
2663 1443 2843 1515 (Joan.
2872 1446 2921 1498 I.
2944 1444 3032 1513 I6)
3066 1462 3080 1497 :
3112 1445 3181 1500 de
3204 1446 3319 1514 ipso
3346 1456 3524 1500 autem
3551 1464 3565 1497 ι

1974 1533 2095 1589 Non
2125 1535 2194 1588 ad
2233 1550 2521 1589 mensuram
2547 1535 2635 1588 dat
2679 1534 2935 1604 Spiritum
2962 1534 3103 1589 Deus
3133 1536 3311 1608 (Joan.
3342 1536 3396 1591 3.
3424 1535 3565 1607 3L);

1971 1635 2026 1680 et
2083 1640 2267 1679 rursus
2299 1641 2313 1678 :
2352 1623 2634 1692 Effundam
2670 1624 2735 1677 de
2776 1623 2978 1694 Spiritu
3029 1642 3141 1679 meo
3181 1642 3335 1695 super
3370 1641 3568 1683 omnem

1971 1731 2175 1769 carnem
2207 1715 2369 1787 (1οεί.
2396 1715 2449 1770 2.
2482 1714 2611 1785 28).
2641 1714 2752 1769 Illic
2776 1726 2953 1769 autem
2997 1731 3103 1769 non
3134 1732 3197 1770 ex
3227 1717 3449 1786 Spiritu,
3472 1718 3567 1773 sed

1975 1814 2117 1860 totus
2145 1807 2292 1861 venit
2326 1806 2593 1876 Spiritus;
2619 1816 2674 1860 et
2701 1805 2822 1860 ideo
2843 1806 2999 1871 dixit,
3036 1804 3157 1860 Non
3186 1807 3254 1860 ad
3280 1824 3567 1861 mensuram

1972 1898 2062 1949 dat
2090 1896 2226 1951 Deus
2251 1896 2523 1966 Spiritum.
2551 1896 2606 1951 9.
2639 1895 2857 1966 Myrr/ta
2880 1935 2897 1962 ,
2927 1906 2973 1949 et
3002 1906 3167 1967 gutta,
3190 1907 3237 1951 et
3257 1899 3397 1951 casia
3417 1916 3449 1951 α
3489 1917 3569 1952 ve-

1971 1990 2219 2044 stimentis
2260 1990 2381 2043 tuis.
2426 1988 2597 2056 Alius,
2627 1987 2694 2043 In
2715 1990 3061 2044 vestimentum
3091 1999 3251 2044 tuum.
3289 1991 3462 2059 Alius,
3497 1993 3565 2047 lu

1972 2098 2145 2135 omnes
2168 2092 2269 2135 ναι
2272 2098 2323 2135 es
2346 2092 2362 2134 I
2367 2098 2479 2136 uas.

2048 2172 2133 2227 l0.
2164 2171 2415 2227 Nonnulli
2445 2172 2662 2243 quidem
2684 2172 2865 2229 dicunt
2892 2175 3209 2246 prophetam
3236 2193 3332 2248 per
3358 2179 3473 2235 hzec
3492 2181 3567 2235 si-
3630 2252 3633 2255 _

1970 2262 2225 2333 gniﬁcare
2255 2265 2616 2335 sepulturam;
2650 2266 2895 2321 nonnulli
2911 2282 3082 2335 vero,
3114 2268 3348 2324 indicare
3384 2270 3568 2327 diver-

1971 2357 2182 2410 sitatem
2212 2345 2498 2411 unctionis.
2540 2357 2721 2428 Neque
2760 2360 2902 2414 enim
2942 2360 3101 2415 ﬁebat
3126 2362 3253 2417 olim
3288 2363 3474 2417 neuio
3500 2380 3566 2419 ex

1971 2446 2055 2501 his
2089 2449 2391 2518 unguentis,
2425 2448 2518 2502 sed
2564 2465 2633 2504 ex
2665 2449 2803 2504 aliis.
2851 2450 2921 2505 Et
2951 2458 3008 2504 ut
3051 2451 3224 2507 discas
3267 2452 3409 2508 hunc
3446 2468 3566 2508 esse

1970 2539 2130 2592 alium
2162 2538 2374 2593 modum
2402 2540 2686 2605 unctionis,
2719 2554 2814 2610 per
2839 2539 3191 2595 diﬂ‘erentiam
3222 2543 3564 2597 materiarum

1969 2628 2281 2698 signiﬁcavit
2303 2628 2657 2685 ditl‘ereutiam
2684 2631 3031 2699 operationis.
3052 2630 3183 2685 lllud
3200 2638 3400 2697 autem,
3421 2634 3465 2689 Α
3486 2650 3566 2689 ve-

1970 2724 2216 2776 stimentis
2243 2724 2370 2788 tuis,
2401 2723 2635 2778 ostendit
2668 2724 2783 2793 ejus
2811 2739 3025 2794 quoque
3049 2734 3227 2779 vestes
3255 2726 3418 2781 luisse
3446 2726 3563 2795 ple-

1972 2830 2068 2870 nas
2095 2816 2283 2886 gratia.
2310 2816 2439 2882 Quae
2466 2816 2645 2887 itaque
2668 2817 2941 2886 sanguinis
2973 2816 3234 2885 proﬂuvio
3261 2818 3562 2880 laborabat.

1970 2910 2244 2979 sanguinis
2276 2911 2419 2964 rivos
2458 2911 2737 2979 repressit,
2769 2926 2889 2965 cum
2926 2911 3089 2965 vestis
3133 2911 3396 2967 llmbriam
3437 2916 3567 2968 alti.

1966 3001 2132 3071 gisset
2180 3000 2393 3069 (Matth.
2441 3004 2494 3056 9.
2523 3002 2641 3071 20).
2679 3002 2803 3057 Sive
2844 3003 2945 3057 hoc
2975 3017 3131 3073 ergo,
3165 3005 3277 3059 sive
3324 3004 3450 3059 illud
3494 3009 3563 3061 sit

1969 3092 2362 3161 accipiendum,
2392 3094 2536 3148 nulla
2578 3094 2824 3164 prohibet
2860 3096 3035 3149 ratio:
3067 3105 3193 3149 sunt
3233 3098 3375 3151 enim
3418 3114 3445 3150 a
3475 3115 3561 3154 tua

1969 3194 2193 3256 utraque
2220 3187 2565 3243 admittenda.
2608 3188 2758 3243 Sicut
2787 3204 2916 3260 ergo
2947 3189 3099 3260 (nihil
3136 3193 3281 3246 enim
3312 3192 3562 3262 prohibet

1967 3278 2154 3333 eadem
2184 3294 2370 3333 rursus
2400 3278 2625 3351 dicere),
2657 3295 2777 3334 cum
2809 3296 2991 3336 arcum
3020 3291 3075 3337 et
3103 3283 3337 3354 gladimu
3373 3284 3557 3349 audis,

1968 3379 2019 3423 et
2049 3384 2168 3438 qute
2198 3378 2322 3423 sunt
2352 3369 2651 3438 ejusmodi,
2681 3386 2785 3423 non
2813 3386 2875 3423 ea
2901 3371 3056 3426 audis
3090 3374 3330 3429 sensibili
3361 3390 3512 3429 more
3543 3391 3557 3427 :

1967 3460 2036 3513 ita
2069 3475 2169 3515 nec
2205 3475 2327 3514 cum
2365 3462 2637 3533 myrrham
2667 3472 2757 3516 aut
2784 3462 2982 3517 casiam
3011 3464 3310 3527 audiveris,
3339 3482 3399 3520 ca
3431 3484 3558 3520 sen-

1964 3553 2193 3607 sibiliter
2233 3554 2517 3624 intelligas,
2564 3554 2658 3610 sed
2695 3557 3062 3626 spititualiter.
3106 3559 3193 3615 10.
3238 3561 3280 3613 Α
3327 3560 3557 3616 domibus

1964 3646 2195 3700 eburneis
2215 3690 2230 3712 ,
2258 3662 2322 3700 ea:
2346 3649 2526 3717 quibus
2562 3649 2932 3704 delectaverunt
2961 3661 3009 3706 te
3033 3653 3156 3721 ﬁlia:
3188 3670 3362 3723 regum
3391 3656 3443 3708 in
3467 3656 3559 3709 hoc

1964 3752 2087 3789 nare
2112 3747 2218 3791 tuo.
2252 3738 2403 3793 Alius
2433 3740 2581 3805 dicit,
2615 3742 2656 3793 Α
2684 3743 2883 3808 templis
2913 3743 3144 3797 eburneis
3176 3745 3309 3798 unde
3329 3746 3556 3800 delecta—

1963 3837 2137 3880 verunt
2158 3837 2224 3891 te,
2256 3830 2379 3881 dum
2405 3838 2452 3883 te
2480 3827 2751 3884 honorant.
2784 3832 2955 3895 Alius,
2984 3832 3051 3887 In
3079 3835 3315 3905 gloriosis
3342 3838 3463 3891 tuis.

2034 3915 2216 3971 Eboris
2263 3919 2480 3987 pretium
2518 3919 2660 3988 apud
2699 3922 2952 3992 antiquos.
3014 3953 3064 3964 -
3092 3924 3380 3995 Postquam
3421 3928 3550 3984 dixit

1959 4020 2078 4076 qtuc
2108 4016 2251 4061 recte
2278 4009 2475 4078 gessit,
2502 4009 2630 4064 dicit
2661 4010 2820 4065 etiam
2873 4014 3130 4068 honorem
3179 4017 3266 4086 qui
3298 4020 3552 4088 praiclara

1960 4098 2074 4167 ejus
2106 4096 2243 4152 facta
2269 4109 2630 4169 consequutus
2655 4112 2758 4165 εει,
2790 4117 2983 4172 nempe
3008 4120 3130 4159 eum
3177 4106 3229 4160 in
3279 4111 3552 4175 pretiosis-

1959 4190 2108 4244 simis
2150 4192 2361 4261 templis
2386 4207 2503 4247 csse
2533 4193 2882 4249 adorandum.
2928 4198 3236 4268 Antiquitus
3264 4200 3407 4254 enim
3436 4200 3551 4255 ha-c

1959 4283 2181 4336 materia
2214 4292 2329 4338 erat
2368 4285 2777 4354 pretiosissima,
2807 4296 2861 4341 et
2886 4303 3079 4358 magno
3120 4290 3297 4345 studio
3321 4296 3550 4363 conqui-

1958 4371 2194 4436 rebatur,
2226 4388 2417 4443 nempe
2460 4374 2716 4430 eburnea.
2756 4376 2909 4432 Unde
2948 4380 3105 4433 etiam
3155 4380 3369 4437 dicebat
3412 4385 3551 4439 alius

1958 4465 2252 4533 propheta:
2293 4465 2383 4520 γω
2416 4467 2501 4536 qui
2538 4466 2768 4521 dormitis
2806 4469 2859 4521 in
2904 4471 3042 4525 lectis
3071 4471 3299 4526 eburneis
3335 4474 3541 4539 (Amos.

1954 4556 2008 4610 6.
2038 4557 2113 4625 4).
2149 4558 2211 4611 Et
2237 4572 2422 4612 rursus
2446 4560 2681 4615 ostendit
2715 4561 3150 4630 praedicationem
3182 4580 3286 4620 non
3316 4582 3540 4636 perven-

1955 4658 2124 4702 turam
2155 4649 2323 4703 solum
2352 4649 2419 4703 ad
2456 4649 2695 4720 privatos
2715 4692 2729 4717 ,
2762 4652 2856 4707 sed
2896 4668 3058 4723 regna
3086 4657 3245 4710 etiam
3275 4658 3543 4728 subjectuo

1953 4755 2087 4802 ram,
2118 4740 2367 4809 mdcsque
2394 4740 2468 4795 illi
2497 4740 2804 4811 magniﬁcas
2825 4754 3151 4800 ex5tructnm
3179 4747 3263 4802 iri.
3288 4748 3415 4805 Ilzec
3433 4752 3543 4821 jam

1952 4832 2197 4884 videntur
2218 4848 2277 4887 re
2304 4833 2415 4901 ipsa
2436 4833 2570 4889 ﬁeri.
2590 4833 2787 4891 Volens
2816 4838 2959 4893 enim
2982 4842 3239 4909 propheta
3261 4846 3549 4901 ostendere

1952 4924 2056 4976 vim
2090 4924 2484 4992 prmdieationis
2506 4969 2519 4990 ,
2552 4926 2678 4982 dicit
2703 4930 2971 4998 quomodo
3005 4933 3228 5000 ceperit,
3271 4938 3546 5006 quomodo

1952 5014 2244 5084 subjecerit
2271 5018 2544 5084 mulieres,
2568 5019 2735 5086 viros,
2758 5020 3016 5089 privatos,
3044 5024 3255 5090 divites,
3280 5040 3375 5081 eos
3399 5028 3544 5097 ipsos

1948 5105 2141 5175 quibus
2168 5116 2321 5161 erant
2350 5107 2594 5163 redimita
2623 5111 2795 5179 capita
2826 5111 3244 5179 diadematibus,
3273 5127 3329 5171 et
3353 5132 3540 5173 eorum

1950 5211 2175 5263 uxores,
2225 5207 2279 5251 ut
2330 5201 2527 5268 templa
2578 5201 2686 5256 Deo
2735 5202 2930 5272 ubique
2975 5206 3297 5263 excitarent.
3338 5209 3543 5267 Deinde

1948 5293 2196 5360 quoniam
2228 5293 2481 5364 deinceps
2506 5294 2572 5349 ad
2612 5294 2729 5350 haec
2765 5296 2990 5352 dicenda
3030 5298 3302 5369 digressus
3328 5315 3446 5370 est,
3472 5307 3542 5361 de

1947 5381 2031 5435 his
2059 5382 2227 5437 fusius
2260 5383 2439 5438 dicere
2481 5385 2788 5451 exorditur,
2813 5402 2908 5442 eos
2932 5390 3021 5458 qui
3064 5390 3211 5445 illum
3237 5393 3457 5457 colunt,
3486 5410 3541 5451 ct

1945 5474 2033 5542 qui
2062 5473 2109 5527 ei
2141 5474 2436 5543 supplicant
2465 5474 2797 5532 describens.
2826 5477 2890 5532 Et
2911 5493 3031 5532 cmn
3054 5483 3378 5539 ostendisset
3403 5502 3534 5555 quo-

1944 5563 2103 5617 modo
2146 5565 2323 5633 populi
2367 5566 2468 5619 sub
2495 5581 2560 5619 eo
2602 5568 2829 5635 cadunt,
2860 5572 3129 5639 quomodo
3161 5587 3255 5628 cor
3298 5574 3537 5646 Ipsorum

1942 5655 2135 5723 tetigit,
2186 5656 2453 5724 quomodo
2483 5659 2728 5715 inimicos
2769 5666 3057 5733 superavit,
3104 5669 3374 5737 quomodo
3404 5685 3530 5725 eum

1938 5743 2155 5799 deduxit
2182 5743 2423 5811 dextera,
2446 5750 2714 5817 quomodo
2734 5754 3033 5821 veritatem,
3066 5759 3528 5817 mansuetudinem

1939 5843 1991 5888 et
2032 5833 2289 5903 justitiam
2342 5837 2633 5904 plantavit:
2683 5858 2867 5897 rursus
2908 5862 3119 5916 quoque
3166 5851 3527 5919 tnetapborica
