4068 6436
550 435 650 493 199

545 549 785 605 oratione
812 559 938 600 usus
985 549 1087 608 est,
1120 537 1279 592 veluti
1321 537 1372 589 in
1420 533 1645 602 imagine
1689 528 1983 584 Ecelesiam
2023 526 2118 580 de-

543 638 785 692 scribens
814 651 827 688 :
856 643 913 688 et
936 645 1055 701 qua:
1092 636 1275 697 postea
1315 625 1563 677 dixerunt
1594 618 1857 688 apostoli,
1892 616 1978 670 hic
2006 616 2121 682 qui-

548 728 691 789 dem,
720 721 978 792 Despondi
1012 734 1099 772 uos
1124 717 1212 770 uni
1253 714 1360 767 viro
1390 711 1629 780 virginem
1665 715 1856 760 castam
1893 702 2124 758 exhibere

550 816 747 872 Christo
775 815 849 887 (Ι.
874 811 993 869 Cor.
1015 811 1102 865 Η.
1127 806 1213 878 2);
1249 804 1336 859 ille
1360 815 1559 864 autem,
1592 799 1691 862 Qui
1719 798 1865 850 habet
1887 808 2122 864 sponsam

555 886 1060 979 sponsusestann.
1109 901 1162 955 5.
1190 895 1318 968 29);
1345 895 1480 948 alius
1519 905 1676 953 vero,
1715 886 1897 943 Simile
1935 895 2012 938 est
2037 900 2120 937 re-

546 975 703 1068 gnum
726 996 965 1050 calorum
1005 990 1196 1044 homini
1224 986 1330 1056 regi
1367 983 1452 1054 qui
1493 981 1609 1051 fecit
1652 978 1854 1048 nuptias
1881 975 1989 1043 ﬁlio
2029 988 2122 1026 suo

551 1066 761 1162 istaut.
791 1086 882 1141 22.
909 1085 966 1156 2)
1002 1102 1016 1138 ι
1046 1097 1109 1137 ea
1142 1080 1227 1134 hic
1253 1088 1463 1147 quoque
1491 1070 1748 1142 prtedicit,
1785 1066 2123 1121 introducens

548 1154 708 1235 simul
736 1154 984 1247 sponsam
1013 1182 1067 1226 et
1086 1169 1321 1240 reginam
1353 1180 1366 1216 :
1397 1173 1450 1217 ct
1478 1162 1596 1216 ideo
1623 1159 1771 1222 dicit,
1801 1154 2007 1209 Adstitit
2041 1167 2124 1206 re-

548 1271 720 1342 ginaa
745 1240 933 1322 «ἰωή.
960 1262 1075 1316 tuis.
1127 1259 1294 1321 Alius,
1330 1252 1573 1310 Stabilita
1615 1259 1718 1314 est,
1763 1248 1864 1300 bne
1912 1254 1993 1299 est
2027 1240 2121 1297 lir-

549 1334 708 1415 initer
735 1356 901 1418 stetit,
927 1353 1074 1407 stetit
1095 1344 1456 1403 immobiliter.
1483 1339 1634 1407 Quod
1661 1337 1784 1392 alibi
1814 1335 1942 1389 dicit
1972 1334 2128 1387 Clari-

552 1463 666 1507 stus
709 1470 721 1503 :
775 1447 945 1502 Porus
989 1442 1137 1510 inferi
1183 1455 1282 1492 non
1330 1432 1666 1506 prmalebunt
1707 1429 1970 1482 adversum
2015 1439 2127 1477 eam

555 1542 766 1614 (Matth.
804 1538 887 1592 l6.
935 1535 1048 1604 18).
1083 1530 1271 1585 V‘idisti
1319 1527 1575 1594 insignem
1620 1516 1916 1575 honorem?
1950 1513 2129 1567 vidisti

555 1601 814 1687 summam
837 1601 1186 1695 dignitatem?
1209 1633 1323 1673 eam
1350 1631 1467 1686 qua:
1492 1609 1820 1673 conculcans,
1848 1615 1902 1660 et
1927 1617 2046 1672 qua:
2075 1601 2128 1656 in

557 1720 792 1776 intimum
814 1689 989 1771 locum
1016 1710 1293 1767 deturbata
1317 1706 1509 1767 fuerat,
1533 1701 1587 1756 in
1608 1707 1859 1770 quantam
1879 1689 2132 1748 extulerit

554 1809 906 1871 altitudinem,
940 1815 998 1858 nt
1026 1803 1073 1857 ei
1100 1794 1416 1854 assisteret?
1441 1789 1758 1861 cognovisti,
1786 1784 1851 1839 ad
1879 1789 2128 1853 quantam

558 1919 620 1956 0‘3
649 1917 766 1971 quae
801 1907 919 1954 erat
943 1896 1182 1964 captiva,
1210 1890 1435 1944 alienata
1462 1879 1732 1945 meretrix,
1775 1875 2036 1932 scelerata
2075 1881 2129 1924 et

555 1966 878 2046 exsecrandi
898 2030 912 2051 ,
941 1984 1247 2053 dignitatem
1276 1970 1608 2031 ascenderit?
1633 1969 1762 2023 Cum
1795 1966 2129 2019 ministrato-

561 2086 655 2138 t'iis
683 2051 1028 2152 potestatibus
1057 2071 1275 2126 adstitit.
1307 2066 1469 2121 Filius
1494 2063 1707 2132 quippe,
1736 2067 1792 2110 ut
1819 2056 1907 2124 qui
1937 2054 2006 2108 sit
2039 2051 2133 2106 bo-

561 2143 696 2227 nut-e
723 2167 959 2240 mqualis,
985 2162 1132 2219 sedet
1153 2178 1181 2213 a
1206 2159 1404 2214 dextris
1429 2173 1443 2210 :
1471 2154 1582 2222 ipsa
1608 2164 1733 2204 vero
1753 2146 1914 2200 stetit.
1939 2143 2135 2209 Quam-

534 2267 635 2318 .vis
659 2233 804 2320 enini
824 2255 1104 2326 situ-gina,
1122 2261 1203 2306 est
1229 2261 1400 2304 tamen
1429 2255 1622 2299 creata:
1642 2237 1968 2295 substantia.
1993 2233 2135 2300 Quu-

559 2351 718 2406 ntodo
738 2362 867 2418 ergo
887 2325 1016 2400 dicit
1035 2341 1228 2397 Paulus
1247 2355 1261 2392 :
1280 2331 1691 2392 Conresuscitauit
1706 2337 1751 2380 et
1769 2325 2033 2378 consedere
2048 2337 2138 2374 nos

559 2445 675 2515 [ct-it
698 2441 749 2494 in
783 2411 1056 2492 cielestibus
1076 2432 1128 2485 in
1142 2429 1341 2485 Christo
1360 2423 1482 2479 Jesu
1515 2420 1725 2492 (Ephcs.
1755 2416 1812 2474 2.
1831 2414 1885 2484 6)
1904 2414 1924 2467 ?
1940 2411 2047 2515 Sed
2061 2420 2140 2464 at-

558 2500 714 2587 ieude
724 2543 880 2599 quam
897 2534 1079 2580 exacte
1093 2515 1472 2591 loquatur.Nou
1487 2510 1620 2599 dixit
1631 2503 1962 2562 solummodo
1978 2521 1990 2554 :
2007 2500 2143 2557 Con-

558 2591 867 2678 resuscitauit
889 2625 934 2670 et
954 2611 1218 2668 consedere
1239 2607 1353 2678 fecit
1373 2646 1388 2671 ,
1411 2601 1504 2657 sed
1525 2642 1540 2666 ,
1568 2597 1636 2652 In
1656 2595 1852 2650 Christo
1874 2633 1889 2656 ,
1914 2591 2015 2646 hoc
2036 2599 2137 2652 est,

561 2727 652 2783 per
662 2707 948 2763 Christum.
963 2702 1218 2771 Quoniam
1239 2696 1403 2761 enim,
1429 2689 1613 2760 inquit,
1633 2695 1788 2756 caput
1806 2693 2040 2738 nostrum
2059 2690 2141 2735 est

555 2776 717 2870 supra
737 2814 754 2853 :
779 2809 875 2851 nos
895 2803 1070 2849 autem
1084 2802 1299 2858 corpus,
1314 2799 1434 2839 cum
1449 2779 1690 2849 superius
1705 2776 1887 2830 sedeat
1900 2780 2139 2827 nostrum

556 2862 738 2959 caput,
758 2887 975 2941 honoris
994 2880 1275 2952 participes
1293 2875 1482 2930 luimus
1502 2867 1717 2959 (Ep/tes.
1735 2866 1756 2921 l
1773 2906 1787 2920 .
1800 2863 1917 2934 22),
1932 2862 2140 2942 etipmsi

561 2953 650 3036 hic
685 2989 916 3040 stemus,
948 2972 1014 3026 In
1039 2971 1210 3025 uestitu
1241 2966 1480 3019 deaurato
1504 3003 1520 3026 ,
1547 2956 1852 3012 circumdata
1882 2953 2140 3007 uarietate.

567 3069 742 3134 Alius,
763 3067 827 3124 in,
843 3064 1128 3119 diademate
1139 3058 1252 3111 auri
1277 3055 1339 3108 de
1362 3052 1554 3122 Suphir
1579 3049 1680 3119 (α).

653 3158 821 3212 Vestes
845 3152 1149 3223 spirituales.
1178 3176 1244 3189 -—-
1265 3139 1679 3211 Quetnatnodutn
1703 3137 1753 3190 in
1775 3149 1899 3205 rege
1924 3149 2029 3188 non
2052 3147 2144 3188 ar-

563 3267 660 3306 cus
687 3261 742 3304 et
770 3248 990 3316 sagittas
1029 3239 1403 3306 intelligimus,
1437 3233 1506 3286 ita
1533 3244 1632 3284 nec
1660 3231 1712 3281 in
1742 3239 1936 3296 sponsa
1966 3235 2143 3278 vestes

565 3342 826 3410 intellige;
855 3335 950 3392 sed
973 3349 1064 3404 per
1086 3346 1147 3386 ea
1170 3343 1288 3400 qua:
1311 3333 1434 3381 sunt
1457 3320 1744 3383 sensibilia,
1775 3319 1962 3386 accipe
1987 3330 2141 3369 sensa

565 3448 685 3504 qua:
717 3406 824 3485 lico
868 3424 1204 3480 conveniant.
1247 3417 1323 3472 Ne
1366 3417 1485 3486 quis
1529 3412 1669 3467 enim
1701 3411 1806 3465 tale
1847 3406 1974 3478 quid
2022 3422 2140 3460 sus-

567 3497 801 3594 picetur,
830 3514 1101 3585 subjunxit
1128 3529 1142 3564 :
1177 3508 1353 3564 Omnis
1394 3504 1558 3574 gloria
1586 3502 1708 3571 ﬁlice
1739 3499 1870 3569 regis
1915 3498 1975 3549 ob
2007 3497 2143 3549 intus

569 3589 639 3685 lu.
680 3613 792 3680 ll).
824 3606 982 3678 Atqui
1019 3612 1194 3659 vestes
1231 3608 1353 3653 sunt
1392 3594 1628 3651 omnium
1673 3591 1900 3646 maxime
1937 3589 2142 3643 extriti-

569 3680 746 3768 secus,
767 3709 822 3755 et
848 3706 1061 3769 propter
1081 3709 1174 3749 eos
1193 3692 1282 3761 qui
1313 3687 1509 3741 vident.
1532 3682 1636 3739 Sed
1670 3685 1770 3736 hoc
1793 3682 1860 3734 ita
1887 3695 1946 3733 se
1970 3680 2145 3739 liabet,

570 3792 785 3865 quando
814 3767 937 3844 sunt
982 3800 1070 3841 res
1110 3793 1382 3850 corporea:
1413 3794 1426 3829 :
1458 3771 1668 3843 quando
1711 3784 1840 3824 vero
1884 3769 2056 3838 agitur
2081 3767 2148 3821 de

574 3856 737 3942 rebus
780 3876 1176 3950 spiritualibus,
1223 3875 1474 3925 converte
1523 3864 1664 3917 intro
1711 3860 1902 3915 mentis
1943 3856 2146 3911 oculos.

582 3970 729 4031 llanc
753 3942 955 4026 vestem
997 3981 1086 4021 rex
1122 3961 1321 4024 texuit,
1349 3968 1510 4026 atque
1539 3942 1681 4007 illam
1715 3965 1806 4020 per
1829 3948 2148 4018 baptismum

571 4065 770 4124 .intlnit.
820 4060 1074 4128 Quotquot
1098 4053 1262 4116 enim,
1303 4044 1504 4118 inquit,
1535 4045 1586 4097 in
1626 4038 1877 4097 Christum
1911 4036 2151 4106 baptisati

563 4159 714 4224 .estis,
740 4153 993 4209 Christum
1016 4145 1249 4200 induistis
1278 4137 1420 4210 (Gal.
1452 4136 1506 4192 5.
1530 4131 1645 4206 27).
1675 4134 1840 4187 Antea
1866 4128 2009 4183 enim
2038 4135 2152 4181 erat

576 4219 739 4313 nuda,
759 4243 926 4312 turpis
944 4249 998 4294 et
1019 4236 1317 4296 inhonesta,
1337 4228 1576 4297 exposita
1599 4221 1845 4277 omnibus
1864 4219 1953 4288 qui
1976 4227 2151 4272 trans-

580 4308 863 4406 iiiant'per'
886 4331 1026 4385 viam
1058 4345 1072 4382 :
1103 4340 1168 4381 ex
1216 4337 1322 4392 quo
1343 4329 1522 4374 autem
1559 4316 1702 4369 illam
1730 4318 1930 4366 vestem
1961 4308 2151 4373 induit,

566 4400 768 4483 revecta.
794 4432 876 4478 est
895 4419 962 4475 ad
993 4419 1139 4472 illam
1167 4409 1519 4470 altitudinem,
1545 4413 1599 4460 et
1624 4411 1680 4457 ut
1707 4417 1737 4456 a
1762 4400 1966 4457 dextris
1992 4407 2157 4453 staret

581 4523 738 4593 digna
771 4516 867 4570 luit
894 4512 1091 4567 habita.
1116 4505 1344 4562 Pulchre
1368 4507 1545 4555 autem
1571 4497 1737 4567 ipsam
1763 4506 1977 4563 quoque
2005 4501 2155 4544 vocat

585 4589 916 4666 varietatem.
944 4602 1059 4658 Non
1107 4603 1317 4654 constat
1340 4593 1485 4648 enim
1520 4589 1685 4644 vestis
1723 4601 1790 4641 ex
1819 4599 1925 4638 uno
1953 4591 2155 4636 tantum

586 4714 801 4775 genere.
829 4696 946 4752 Dion
981 4700 1154 4764 potest
1180 4688 1377 4759 quippe
1403 4680 1606 4738 servari
1628 4694 1695 4734 ex
1723 4677 1888 4746 gratia
1930 4683 2153 4737 tantum,

587 4761 685 4848 lea
711 4789 818 4846 lide
843 4761 1054 4858 quoque
1080 4793 1215 4850 opus
1236 4787 1336 4839 est,
1366 4782 1421 4828 et
1445 4769 1746 4858 postilident
1772 4766 1986 4820 virtute.
2010 4761 2159 4817 Nunc

593 4892 771 4937 autem
800 4852 908 4932 non
952 4852 1125 4943 agitur
1144 4869 1219 4923 de
1260 4863 1514 4918 vestibus.
1546 4857 1726 4927 Neque
1752 4855 1892 4911 enim
1931 4852 2160 4922 Spiritus

593 4981 799 5027 tantum
831 4968 886 5021 in
911 4980 974 5018 ea
999 4960 1230 5018 studium
1260 4953 1522 5026 ponebat,
1555 4959 1611 5002 ut
1634 4961 1822 5000 aureas
1844 4953 2021 4998 vestes
2048 4958 2160 4997 mu-

598 5061 744 5119 .ieris
773 5055 1120 5112 describeret.
1149 5048 1203 5104 Si
1233 5047 1375 5102 enim
1403 5042 1653 5097 mulieres
1679 5053 1798 5108 qua:
1822 5050 1881 5090 se
1903 5043 2162 5089 exornant

595 5145 942 5222 reprehendit
982 5142 1138 5196 lsztias
1159 5178 1174 5202 ,
1200 5149 1253 5192 et
1279 5136 1474 5204 ubique
1501 5128 1734 5199 expulsa:
1763 5137 1886 5180 sunt
1915 5125 2120 5179 deliciae
2146 5142 2161 5178 :

597 5213 868 5312 qdomudo
913 5233 1002 5288 hie
1048 5239 1286 5285 ornatam
1344 5222 1621 5279 mulierem
1671 5217 1963 5274 laudaverit
2009 5213 2159 5284 (Isai.

588 5339 643 5392 3.
667 5333 789 5405 ιδῃ
811 5331 896 5387 ll.
914 5326 1067 5392 Audi,
1085 5323 1212 5393 ﬁlia,
1230 5332 1275 5376 et
1305 5320 1444 5384 uide,
1471 5327 1518 5370 et
1541 5314 1725 5368 inclina
1741 5326 1911 5364 aureln
1934 5319 2090 5369 tuam,
2121 5316 2165 5360 et

600 5395 888 5484 obliviscere
917 5421 1156 5490 populum
1184 5428 1356 5476 tuum,
1381 5419 1429 5466 et
1454 5409 1658 5463 domum
1682 5404 1840 5474 patris
1865 5400 1955 5453 tui.
1987 5397 2069 5452 l2.
2103 5395 2166 5450 Et

601 5519 1016 5590 rmtcupiscetrex
1035 5511 1262 5565 decorem
1284 5515 1445 5560 tuum.
1466 5499 1718 5562 Aliusuit,
1741 5492 1807 5552 Ut
1827 5491 2166 5562 concupiscat.

607 5583 856 5670 Uuortinlt
889 5605 998 5674 ipse
1018 5610 1089 5656 est
1130 5597 1362 5651 dominus
1384 5605 1520 5645 tuus.
1552 5589 1721 5652 Alius,
1766 5583 1886 5654 Ipse
1927 5583 2057 5635 enim
2097 5591 2168 5633 est

600 5701 834 5759 dminus
876 5671 1010 5749 tuus.
1049 5690 1113 5744 Et
1151 5687 1431 5741 adorabunt
1470 5683 1653 5750 ipsum.
1699 5678 1878 5741 Alius,
1912 5672 1974 5728 Et
2012 5671 2170 5726 adora

659 5792 738 5855 tu)
769 5795 836 5840 tle
847 5784 1017 5849 ophir,
1043 5778 1246 5833 uitifera
1269 5785 1418 5833 terra,
1442 5770 1673 5833 Jcseplnts
1690 5768 1739 5818 8.

1281 422 1334 474 S.
1369 414 1644 474 JO.\N.\'.S
1680 409 2150 469 CHRYSOSTONI
2189 407 2502 466 AllCllll-Ll‘.
2543 409 3071 466 CONSTANTINOP.

2228 527 2393 596 ipsum
2416 529 2454 578 '.
2492 527 2573 580 l3.
2611 526 2675 579 Et
2699 527 2808 595 [ilia
2851 525 2974 596 Tyri
3010 529 3062 580 in
3103 529 3404 583 muneribus.
3454 528 3625 591 Alius,
3679 530 3807 584 Filia

2223 625 2388 670 autem
2435 618 2580 689 fortis
2607 621 2740 670 dona
2782 618 2926 686 feret.
2994 616 3196 671 Vultum
3222 631 3361 671 tuum
3409 619 3802 688 deprecubnutm

2225 723 2396 760 omnes
2422 709 2599 761 divites
2625 707 2801 776 plebis.

2299 799 2384 851 ll.
2422 796 2650 851 Ecclesia
2679 807 2724 850 et
2749 798 2858 865 ﬁlia
2888 807 2935 851 et
2954 797 3396 867 sponsa.-Vides
3422 799 3699 870 quomodo
3726 800 3778 854 ni
3795 830 3809 839 -

2226 888 2299 941 bil
2315 897 2397 942 est
2413 887 2660 942 sensibile
2681 888 2986 957 tquomodo
3006 888 3137 942 nihil
3154 903 3492 957 corporeum,
3512 891 3609 944 sed
3634 889 3813 943 omnia

2224 979 2552 1049 spirituaiia?
2589 977 2867 1046 Quomodo
2898 980 3038 1032 enim
3066 994 3257 1046 sponsa
3281 989 3363 1034 est
3389 980 3632 1049 ejusdem
3666 980 3770 1033 lilia
3791 978 3817 1031 τ

2225 1069 2492 1140 quomodo
2509 1078 2683 1122 autem
2711 1068 2815 1122 lilia
2844 1084 3034 1138 sponsa
3056 1069 3082 1122 ‘t
3105 1069 3161 1123 In
3186 1071 3344 1124 rebus
3370 1071 3587 1138 quidem
3618 1084 3816 1140 corpo-

2226 1164 2334 1218 reis
2363 1162 2477 1216 btcc
2506 1176 2611 1215 non
2640 1160 2820 1215 insunt
2849 1201 2864 1226 ,
2893 1161 2986 1214 sed
3017 1161 3122 1215 hoc
3145 1161 3356 1230 quidem
3377 1160 3519 1214 aliud
3550 1201 3567 1226 ,
3598 1172 3654 1216 et
3685 1161 3814 1214 illud

2227 1255 2366 1309 aliud
2394 1273 2406 1307 :
2441 1254 2494 1308 in
2524 1254 2633 1309 Deo
2658 1263 2834 1307 autem
2863 1253 3045 1307 insunt
3085 1263 3322 1322 utraque.
3368 1251 3485 1322 Ipse
3512 1253 3659 1306 enim
3693 1267 3812 1308 eam

2230 1344 2564 1411 regeneravit
2591 1357 2686 1413 per
2717 1343 3038 1412 baptismum
3063 1384 3078 1406 ,
3107 1351 3161 1396 et
3192 1342 3303 1410 ipse
3331 1355 3542 1411 quoque
3571 1357 3691 1396 eam
3713 1343 3812 1397 de-

2228 1436 2461 1505 spondit.
2487 1435 2624 1488 Λιιάὶ
2653 1475 2669 1499 ,
2701 1434 2831 1502 ﬁlia,
2859 1442 2906 1487 et
2930 1432 3060 1486 vide.
3087 1433 3198 1486 Duo
3222 1432 3272 1487 ei
3301 1433 3572 1501 praebuit:
3603 1441 3658 1486 et
3689 1432 3814 1485 dor-

2230 1527 2444 1591 trinam,
2470 1540 2588 1594 qua:
2617 1539 2709 1594 per
2733 1522 2889 1577 verba
2921 1521 3176 1584 traditur,
3203 1531 3255 1574 et
3281 1521 3451 1575 visum
3474 1563 3488 1582 .
3519 1522 3614 1590 qui
3641 1531 3696 1575 et
3721 1536 3816 1587 per

2232 1616 2482 1669 tuimcula
2511 1654 2527 1679 ,
2575 1623 2630 1668 et
2670 1629 2764 1683 per
2809 1613 2965 1666 iidem
3010 1612 3334 1681 suscipitur:
3367 1619 3422 1667 et
3450 1611 3566 1665 lucc
3595 1611 3814 1680 quidem

2230 1705 2396 1771 dedit,
2427 1705 2516 1758 illa
2544 1718 2673 1758 vero
2704 1703 2968 1771 pollicitus
2994 1712 3095 1756 est.
3127 1700 3264 1756 Audi
3300 1715 3429 1772 ergo
3457 1701 3624 1755 verba
3653 1715 3771 1755 mea
3799 1740 3816 1765 ,

2233 1797 2352 1851 vide
2374 1811 2488 1850 mea
2512 1795 2785 1858 miracula,
2816 1803 2867 1848 et
2893 1809 3007 1848 mea
3036 1809 3197 1864 opera
3218 1836 3234 1858 ,
3265 1804 3320 1849 et
3345 1807 3493 1847 meas
3519 1791 3600 1847 ler
3627 1792 3813 1845 admo-

2235 1889 2483 1943 nitiones.
2531 1885 2666 1940 Vide
2714 1895 2890 1940 autem
2932 1884 3089 1953 quale
3128 1883 3219 1939 det
3270 1884 3419 1953 prius
3465 1891 3816 1951 praeceptum.

2240 1981 2541 2034 Ubliviscere
2570 1980 2814 2050 papulum
2840 1987 2981 2031 tuum
3008 2015 3023 2038 ,
3065 1985 3114 2029 et
3141 1975 3344 2028 domum
3371 1974 3534 2043 patris
3560 1973 3656 2026 tui.
3688 1972 3818 2040 Quia

2236 2073 2377 2126 enim
2399 2085 2515 2125 eam
2537 2068 2821 2138 despondit
2843 2083 2905 2121 ex
2933 2066 3180 2136 gentibus
3208 2106 3223 2128 ,
3255 2063 3358 2118 boc
3381 2065 3428 2117 ei
3460 2063 3609 2132 prius
3637 2064 3819 2132 put-ci-

2239 2166 2336 2236 pit,
2364 2173 2422 2217 ut
2469 2162 2612 2216 illam
2641 2158 3082 2214 consuetudinem
3114 2171 3180 2210 ex
3205 2155 3384 2209 animo
3414 2153 3616 2219 deleat,
3649 2171 3680 2208 c
3708 2167 3821 2206 meo

2239 2256 2404 2310 moria
2425 2254 2643 2320 eximat,
2672 2267 2700 2304 a
2727 2257 2906 2303 mente
2931 2248 3126 2316 ejiciat,
3154 2261 3258 2299 non
3275 2245 3445 2299 solum
3463 2260 3524 2298 ea
3549 2242 3821 2313 fugiendo,

2240 2344 2333 2400 sed
2358 2359 2424 2399 ne
2453 2358 2638 2399 eorum
2678 2340 2892 2411 quidem
2922 2336 3258 2394 recordando
3315 2335 3379 2389 Et
3404 2337 3704 2389 obliviscere
3732 2349 3824 2403 po-

2243 2437 2416 2506 pulum
2437 2446 2596 2498 titum,
2623 2444 2670 2488 et
2697 2433 2900 2486 domum
2921 2429 3078 2499 patris
3101 2429 3193 2481 tui.
3225 2426 3446 2494 Quando
3473 2436 3655 2480 autem
3692 2425 3824 2480 dicit

2241 2539 2294 2582 et
2331 2526 2582 2597 populum
2612 2531 2667 2578 et
2694 2521 2909 2576 domum
2937 2563 2952 2586 ,
2998 2519 3244 2588 intelligit
3271 2519 3447 2571 omnia
3471 2531 3593 2586 qua:
3628 2517 3736 2571 illic
3761 2517 3826 2570 ab

2241 2618 2320 2672 eis
2350 2616 2499 2681 ilunt,
2524 2612 2738 2684 etquod
2765 2611 2829 2665 ad
2863 2613 3020 2664 vitam
3046 2650 3062 2674 ,
3092 2607 3302 2678 etquod
3331 2608 3398 2661 ad
3424 2606 3678 2676 dogmata
3711 2621 3829 2676 per-

2244 2708 2399 2760 tinet.
2449 2703 2514 2757 Et
2554 2702 2873 2771 concupiscet
2922 2715 3012 2752 rex
3061 2700 3289 2751 decorem
3319 2706 3481 2748 tuum.
3513 2693 3682 2749 Vides
3708 2710 3832 2750 eum

2246 2813 2351 2851 non
2383 2796 2523 2866 loqui
2548 2793 2616 2848 de
2639 2790 3036 2863 pulchritudine
3058 2787 3334 2859 corporis:
3367 2788 3410 2842 si
3435 2787 3580 2842 enim
3609 2787 3727 2841 haec
3753 2787 3834 2842 le-

2244 2890 2404 2954 ceris,
2438 2897 2584 2952 tunc,
2618 2885 2804 2955 inquit,
2828 2884 2933 2939 eris
2957 2882 3195 2952 pulchra,
3218 2891 3342 2935 tunc
3363 2895 3455 2933 rex
3487 2881 3833 2950 concupiscet

2244 2984 2493 3038 decorem
2565 2990 2733 3033 tuttm.
2788 2976 2912 3031 llaec
2970 2975 3114 3030 enim
3169 2988 3275 3027 non
3318 2972 3441 3026 facit
3490 2971 3836 3042 pulchritudo

2245 3088 2523 3144 corporea.
2574 3071 2730 3140 Atqui
2783 3070 2920 3123 inter
2955 3065 3194 3120 inlideles
3238 3065 3479 3119 videmus
3513 3077 3834 3132 corpoream

2245 3161 2689 3236 pulchritudinem
2727 3200 2743 3225 ,
2788 3167 2844 3214 et
2902 3173 2967 3212 ex
3030 3155 3317 3226 gentilibus
3377 3155 3642 3207 formosas
3714 3168 3834 3206 mu-

2246 3261 2426 3315 lieres.
2453 3256 2557 3311 Sed
2601 3261 2661 3308 ut
2700 3254 2838 3307 scias
2866 3266 2985 3306 eum
3016 3265 3119 3303 non
3164 3247 3304 3316 loqui
3332 3245 3401 3300 de
3431 3244 3838 3314 pulchritudine

2246 3347 2507 3419 corporis.
2537 3360 2652 3400 eam
2683 3341 2814 3398 dicit
2840 3339 3086 3395 constitui
3111 3353 3180 3393 ex
3203 3337 3317 3406 ejus
3344 3335 3650 3389 cbo-dientia
3672 3334 3836 3402 ;obe-

2247 3437 2443 3495 dientia
2470 3445 2646 3489 autem
2669 3448 2773 3486 non
2800 3431 3068 3485 constituit
3094 3425 3540 3498 pulchritudinem
3563 3426 3834 3495 corporis,

2248 3531 2340 3586 sed
2367 3529 2577 3582 animm.
2608 3525 2665 3580 Si
2694 3524 2837 3578 enim
2866 3522 2978 3575 lucc
2998 3561 3012 3584 ,
3046 3519 3217 3589 inquit
3248 3560 3265 3585 ,
3296 3515 3486 3572 ieceris
3522 3557 3536 3580 ,
3570 3527 3699 3570 tunc
3727 3518 3839 3570 eris

2253 3609 2472 3693 pulcbra
2499 3663 2515 3686 ,
2541 3630 2668 3674 tunc
2693 3616 2801 3691 eris
2824 3625 3022 3682 sponso
3047 3609 3312 3665 amabilis.
3348 3607 3604 3677 Quoniam
3635 3609 3744 3678 ipse
3765 3615 3840 3660 est

2252 3715 2500 3768 Dominus
2519 3723 2646 3763 tuus.
2673 3708 2809 3762 Ecce
2839 3712 3006 3774 pater,
3039 3711 3095 3757 et
3113 3715 3362 3770 sponsus,
3392 3709 3446 3755 et
3468 3700 3722 3755 dominus
3745 3713 3838 3767 ap-

2255 3806 2448 3875 paruit.
2472 3801 2731 3869 Quoaiam
2757 3797 2899 3852 enim
2921 3793 3082 3865 jussit
3118 3806 3148 3846 a
3196 3790 3504 3860 parentibus
3531 3789 3788 3845 recedere
3819 3827 3837 3852 .

2255 3892 2433 3966 pepuli
2474 3887 2714 3946 OblhlsCi
2733 3929 2748 3953 ,
2775 3882 3215 3942 consuetudinem
3246 3881 3518 3951 expellere
3542 3922 3559 3946 ,
3600 3879 3840 3935 ostendit

2255 3987 2535 4042 maximam
2567 3990 2620 4036 et
2642 3979 2991 4050 justissimam
3017 3990 3137 4030 esse
3162 3989 3399 4040 causam,
3431 3989 3530 4028 cur
3555 3987 3619 4027 ea
3647 3973 3840 4042 praeci-

2255 4085 2422 4149 peret,
2451 4085 2799 4143 magnamque
2819 4083 2938 4124 esse
2957 4066 3176 4121 rationis
3193 4064 3654 4135 consequentiam,
3680 4063 3841 4132 idque

2254 4170 2450 4224 debere
2484 4164 2620 4219 ﬁeri.
2647 4160 2705 4218 Si
2733 4159 2875 4215 enim
2902 4159 3042 4213 idem
3074 4165 3223 4226 pater
3253 4164 3391 4220 tuus,
3431 4154 3570 4209 idem
3585 4167 3839 4224 sponsus,

2256 4274 2309 4317 et
2336 4259 2474 4314 idem
2502 4253 2784 4309 dominus:
2815 4265 3024 4320 mquum
3047 4257 3130 4303 est
3153 4256 3211 4302 ut
3245 4246 3314 4301 ab
3351 4247 3454 4303 illis
3495 4247 3750 4301 omnibus
3788 4258 3841 4300 te

2257 4361 2525 4430 scjungas,
2576 4366 2629 4414 et
2656 4356 2878 4428 teipsam
2924 4351 2999 4406 illi
3041 4346 3276 4403 addieas.
3315 4345 3431 4402 Non
3458 4344 3590 4400 dixit
3615 4357 3799 4400 autem
3825 4385 3841 4403 ,

2259 4451 2517 4518 Quoniam
2546 4449 2657 4518 ipse
2683 4454 2765 4500 est
2792 4453 2939 4514 pater
2967 4451 3089 4496 tuus
3121 4479 3138 4505 ,
3169 4437 3266 4494 sed
3297 4478 3313 4504 ,
3353 4436 3608 4504 Quoniam
3632 4436 3746 4505 ipse
3769 4443 3842 4489 est

2260 4541 2532 4595 domittus'
2560 4549 2676 4592 tuus
2704 4577 2721 4602 ,
2748 4547 2805 4590 ut
2828 4547 2890 4589 ea
2921 4530 3256 4601 potissimum
3297 4526 3503 4581 ratione
3533 4524 3683 4578 illam
3717 4533 3809 4578 tan
3827 4553 3842 4567 -

2260 4631 2652 4704 gatzquoniam
2677 4627 2767 4698 qui
2809 4633 2896 4682 est
2934 4621 3183 4677 dominus
3237 4628 3290 4674 et
3325 4618 3578 4687 magister
3595 4625 3652 4670 et
3695 4625 3845 4684 pater

2263 4735 2402 4789 tuus,
2423 4720 2591 4776 voluit
2606 4731 2816 4789 quoque
2831 4726 3060 4784 sponsus
3074 4708 3188 4766 fieri
3207 4725 3222 4763 :
3244 4709 3349 4763 imo
3370 4721 3494 4762 vero
3511 4704 3644 4762 illud
3672 4707 3848 4776 ipsum

2263 4829 2469 4887 quoque
2495 4811 2694 4867 laetum
2723 4821 2844 4864 esse
2879 4804 3177 4868 dominum,
3202 4813 3424 4856 summa:
3448 4807 3504 4855 et
3522 4797 3847 4860 sollicitudls

2263 4883 2348 4960 nis
2379 4883 2435 4959 et
2473 4898 2811 4957 clementiae:
2838 4904 2897 4949 ut
2924 4908 3043 4964 qua:
3071 4901 3190 4949 erat
3232 4905 3388 4946 serva
3417 4888 3726 4944 daemonum
3750 4929 3770 4954 ,
3794 4883 3853 4943 et

2267 4991 2681 5051 conculcabatur
2705 4987 2772 5042 ab
2798 4999 2984 5042 errore
3002 5027 3019 5050 ,
3046 4997 3165 5039 eam
3195 4981 3348 5037 suam
3373 4986 3495 5036 esse
3515 4978 3699 5033 vellet.
3731 4977 3849 5033 Non

2266 5089 2435 5142 solum
2459 5092 2638 5138 autem
2661 5077 2906 5133 ancillam
2935 5116 2951 5142 ,
2999 5073 3096 5131 sed
3120 5074 3282 5128 tiliam
3325 5070 3449 5127 fecit
3474 5078 3530 5125 et
3567 5082 3848 5138 sponsam.

2271 5180 2574 5231 (tbliut'scere
2610 5169 2851 5242 populum
2882 5177 3023 5221 tuum
3053 5207 3069 5232 ,
3110 5174 3156 5220 et
3183 5163 3386 5218 domum
3421 5161 3581 5232 patris
3607 5159 3699 5212 tui.
3730 5157 3848 5214 Non

2267 5271 2411 5324 enim
2440 5267 2591 5321 venis
2610 5263 2675 5317 ad
2697 5262 2927 5315 alienum
2951 5255 3255 5329 quempiam
3280 5296 3296 5322 ,
3322 5253 3416 5310 sed
3442 5251 3507 5307 ad
3533 5267 3655 5306 eum
3678 5251 3768 5320 qui
3803 5262 3852 5306 te

2270 5359 2395 5413 fecit
2418 5398 2434 5424 ,
2462 5365 2518 5410 et
2541 5363 2624 5409 est
2652 5349 2898 5406 omnibus
2924 5349 3033 5402 illis
3057 5344 3152 5401 tibi
3182 5343 3531 5416 propinquior
3563 5381 3577 5405 ,
3609 5355 3674 5394 ac
3703 5342 3773 5394 de
3803 5353 3853 5393 te

2272 5461 2352 5506 est
2377 5446 2636 5503 sollicitus
2658 5484 2675 5509 ,
2706 5442 2887 5511 tuique
2912 5453 3094 5494 curam
3139 5437 3296 5506 gerit.
3331 5433 3448 5504 Ipse
3474 5431 3617 5487 enim
3644 5443 3726 5486 cst
3755 5431 3851 5486 do-

2274 5543 2449 5597 minus
2473 5548 2594 5594 tuus
2617 5545 2671 5590 et
2697 5544 2867 5606 pater,
2889 5540 2944 5586 et
2972 5531 3086 5601 ipse
3111 5527 3289 5583 omnia
3320 5524 3412 5579 tibi
3439 5523 3603 5579 dedit.
3634 5519 3704 5575 Et
3729 5523 3847 5575 ado-

2338 5634 2353 5664 ¹
2390 5638 2535 5688 Unus,
2559 5633 2615 5688 ει
2635 5621 2860 5688 adorabis
2880 5620 3059 5688 ipsum.

2339 5695 2359 5725 ²
2394 5675 2782 5747 best—[dominum
2806 5675 2969 5733 nor'el.
2994 5681 3142 5742 addit,
3164 5684 3210 5730 et
3240 5675 3465 5741 magister
3487 5683 3533 5727 et
3562 5683 3723 5740 pater,
3747 5685 3851 5737 qua:

2278 5755 2453 5804 desunt
2475 5753 2524 5801 in
2545 5747 2682 5800 savil.
2709 5753 2761 5797 et
2782 5750 2887 5795 atas.
