4068 6466
237 375 335 431 ΞΜ

241 485 420 538 rabqu
449 496 561 534 eum
590 495 608 533 :
639 485 684 532 et
710 476 820 545 [ilia
859 474 984 545 Tyri
1035 474 1084 526 in
1129 470 1438 524 muneribus.
1461 467 1714 533 Qtucnam
1741 469 1824 515 est

243 575 358 627 lucc
387 567 808 639 Consequentia?
838 565 994 620 Certe
1028 563 1225 631 optima
1250 579 1261 610 :
1287 569 1367 613 est
1396 559 1536 612 enim
1569 555 1827 624 optimum

239 678 412 732 genus
439 657 842 714 adhortationis.
867 654 1097 717 Accede,
1128 652 1299 719 inquit
1330 669 1342 702 :
1388 658 1511 701 sunt
1539 648 1680 700 enim
1710 658 1828 714 nta-

244 750 400 808 xiuuc
424 751 540 820 ejus
567 752 706 802 vires
739 765 753 812 ;
780 754 835 802 et
858 758 1046 797 omnes
1061 742 1106 795 ei
1125 740 1394 818 obedient.
1418 737 1628 790 Mittens
1653 742 1828 786 autem

246 845 501 912 propheta
549 840 728 894 dicere
767 837 951 890 orbem
995 843 1258 887 terrarum
1284 871 1297 896 ,
1325 829 1456 882 dicit
1481 827 1829 896 prepinquam

242 934 512 986 civitatem
544 969 559 994 ,
602 944 719 998 quae
748 925 936 980 morbo
963 922 1248 992 impietatis
1280 931 1404 973 tunc
1429 918 1659 972 maxime
1684 915 1835 968 labo-

244 1023 416 1088 rabat,
439 1030 495 1076 et
520 1028 637 1074 erat
661 1034 752 1072 arx
783 1017 976 1071 diaboli
1008 1055 1023 1080 ,
1054 1015 1118 1068 de
1135 1013 1288 1081 cujus
1309 1010 1497 1081 opibus
1516 1017 1569 1064 et
1587 1005 1832 1076 magnifi-

246 1111 416 1168 centia
449 1111 588 1164 fama
614 1119 730 1162 erat
758 1108 1007 1167 maxima,
1039 1120 1104 1159 ex
1136 1112 1287 1173 parte
1314 1110 1481 1155 totum
1503 1097 1830 1167 signiﬁcans.

321 1207 489 1260 Mores
517 1223 580 1260 ea:
607 1204 807 1259 urbibus
846 1203 1195 1271 exprimuntur
1226 1215 1246 1262 ;
1275 1193 1470 1249 virtutis
1491 1192 1603 1243 laus
1626 1189 1832 1243 eximia.

243 1297 453 1351 -—Mibi
480 1306 655 1350 autem
680 1288 888 1348 videtur
907 1305 1120 1346 omnem
1147 1289 1472 1356 impietatem
1496 1292 1551 1336 et
1575 1278 1835 1334 luxuriam

246 1394 327 1447 sic
355 1404 544 1444 vocare
570 1404 583 1435 ε
613 1387 750 1441 solet
777 1385 920 1438 enim
949 1395 1125 1436 mores
1146 1395 1209 1433 ex
1239 1378 1457 1432 urbibus
1482 1374 1783 1442 exprimere
1817 1409 1832 1434 ,

248 1495 306 1536 ut
331 1479 542 1551 quando
562 1478 689 1532 dicit
719 1495 732 1530 :
764 1475 947 1529 Audite
969 1473 1171 1527 verbum
1203 1468 1424 1529 Domini,
1459 1463 1710 1534 principes
1735 1460 1837 1514 So-

251 1573 556 1626 domorum:
583 1568 750 1621 audite
773 1569 927 1636 legem
956 1563 1051 1616 Dei
1076 1560 1224 1615 vestri
1251 1599 1266 1621 ,
1301 1557 1517 1626 papulas
1541 1552 1838 1608 Gomorrltae

250 1663 404 1734 (lsai.
431 1663 483 1716 1.
526 1659 638 1728 10).
687 1657 844 1726 Atqui
872 1652 1244 1723 alloquebatur
1282 1648 1494 1703 Judmos
1524 1662 1538 1700 :
1569 1643 1664 1698 sed
1703 1657 1836 1712 quo-

249 1756 393 1809 niam
421 1768 482 1807 ea
511 1749 777 1805 faciebant
807 1762 926 1815 qua:
963 1744 1160 1798 ﬁebant
1196 1757 1226 1794 a
1255 1736 1546 1794 Sodomitis
1569 1775 1585 1799 ,
1614 1748 1708 1788 eos
1735 1745 1834 1800 ap-

251 1845 415 1916 pellat
444 1859 473 1896 a
507 1840 721 1895 nomine
765 1835 1141 1890 Sodomorum.
1177 1831 1240 1884 Et
1281 1827 1405 1898 quid
1433 1823 1644 1879 miraris
1674 1822 1718 1876 si
1741 1835 1838 1875 eos

247 1913 328 1990 sic
351 1933 582 2003 appellat
607 1946 670 1984 ex
700 1929 888 2000 patria,
914 1941 1032 1981 cum
1055 1924 1132 1978 eis
1156 1935 1368 1992 quoque
1391 1918 1479 1972 det
1508 1926 1684 1985 patres
1706 1913 1841 1982 ejus-

250 2025 418 2091 modi,
445 2025 628 2078 diccns
653 2039 665 2073 :
701 2021 855 2072 Pater
881 2031 994 2071 tuus
1023 2024 1093 2069 est
1116 2014 1464 2074 Atttorrltwus,
1493 2015 1540 2060 et
1567 2015 1726 2059 mater
1751 2013 1839 2056 tua

252 2115 474 2169 Chelle
502 2111 712 2183 (EzecIt.
752 2109 836 2164 16.
860 2109 936 2175 3).
960 2107 1026 2161 Et
1053 2121 1119 2159 ne
1143 2104 1228 2157 hic
1245 2102 1459 2172 quidem
1484 2099 1624 2153 sistit
1650 2111 1836 2151 eorum

250 2206 665 2268 accusationem,
698 2201 792 2257 sed
822 2201 981 2254 etiam
1012 2197 1077 2251 ad
1111 2196 1249 2249 feras
1280 2207 1446 2263 usque
1474 2189 1692 2246 deducit
1714 2200 1810 2240 ora

253 2302 454 2357 tionem
488 2340 504 2365 ,
547 2298 597 2350 in
646 2294 795 2349 Novo
843 2292 1057 2363 quidem
1110 2290 1453 2343 Testamento
1505 2286 1582 2338 sic
1629 2283 1842 2338 dicente

253 2393 562 2462 Scriptura:
598 2389 866 2458 Serpentes
892 2386 1145 2457 genintina
1175 2382 1458 2450 viperarum
1486 2376 1635 2445 (Luc.
1661 2376 1713 2429 5.
1741 2375 1792 2443 7)
1821 2389 1836 2435 ;

255 2496 310 2540 et
335 2499 518 2539 rursus
545 2484 596 2536 in
629 2479 841 2535 Veteri:
873 2475 981 2530 Ova
1008 2474 1243 2543 aspidum
1267 2477 1514 2539 ruperunt
1546 2508 1562 2533 ,
1601 2475 1646 2520 et
1689 2465 1839 2518 telam

261 2590 468 2632 araneae
493 2583 666 2628 texunt
695 2573 713 2643 (
742 2569 873 2624 Isai.
897 2569 985 2623 59.
1015 2568 1046 2624 5
1082 2571 1120 2636 ).
1157 2566 1220 2618 Et
1249 2563 1406 2618 alibi:
1451 2557 1714 2629 Numquid
1743 2573 1844 2610 non

257 2669 387 2723 sicut
415 2666 512 2734 ﬁlii
543 2664 853 2734 Ethiopum
889 2678 972 2716 vos
1007 2660 1123 2713 estis
1177 2657 1297 2711 mihi
1331 2655 1526 2727 (Amos.
1559 2654 1612 2707 9.
1642 2651 1742 2722 7)?
1771 2649 1846 2705 Ita

261 2759 350 2814 bic
378 2757 540 2814 etiam
580 2770 674 2810 eos
699 2755 788 2823 qui
817 2751 978 2821 impie
1008 2748 1360 2804 etlibidinose
1376 2742 1848 2812 vixerunt,Tyrios

258 2850 564 2922 appellavit.
588 2848 693 2903 Sed
719 2847 886 2900 etiam
915 2858 1030 2907 eos,
1058 2841 1246 2910 inquit,
1277 2835 1560 2907 superabo,
1593 2843 1646 2889 et
1676 2833 1726 2886 in
1752 2846 1849 2886 eos

269 2943 603 3000 dominatum
635 2938 910 3003 obtinebo,
935 2944 990 2990 et
1019 2935 1088 2989 ita
1115 2931 1388 2996 oblinebo,
1412 2941 1469 2984 ut
1497 2928 1594 2996 ipsi
1617 2941 1702 2981 me
1729 2924 1850 2978 ado-

263 3045 424 3092 rent:
456 3044 510 3089 et
539 3049 642 3086 nun
673 3027 1009 3084 solummodo
1039 3026 1282 3089 adorent,
1317 3021 1413 3079 sed
1441 3034 1663 3074 munera
1686 3019 1847 3072 etiam

262 3138 320 3184 et
342 3125 604 3196 primitias
632 3122 863 3177 oﬂ'erant
888 3161 902 3186 ,
928 3117 1069 3190 quod
1100 3125 1180 3172 est
1212 3115 1501 3169 maximum
1526 3123 1697 3180 genus
1723 3106 1853 3161 ado.

265 3217 508 3280 rationis,
531 3223 586 3270 et
611 3215 818 3284 signum
846 3224 1070 3266 summa:
1096 3205 1435 3261 obedientize.
1475 3199 1681 3255 Vultum
1708 3208 1851 3252 tuum

265 3304 667 3376 deprecabuntur
696 3304 870 3357 divites
897 3300 1071 3370 plebis.
1095 3298 1230 3366 Quid
1261 3303 1363 3361 est,
1392 3291 1810 3363 Deprecabuntur
1831 3290 1856 3342 ξ)

269 3400 486 3455 llonore
529 3407 583 3452 et
611 3395 779 3466 gloria
815 3392 1050 3448 allicient
1082 3431 1096 3454 ,
1139 3389 1226 3459 qui
1259 3402 1401 3442 nunc
1430 3387 1607 3456 magni
1652 3392 1774 3440 sunt
1803 3391 1856 3436 et

273 3490 492 3546 excelsi.
521 3489 633 3543 lloc
658 3487 801 3542 enim
834 3486 893 3540 lit
921 3485 976 3539 in
1005 3483 1238 3538 Ecclesia
1269 3523 1284 3547 ,
1316 3495 1411 3536 eos
1441 3479 1529 3550 qui
1565 3494 1630 3533 ex
1655 3477 1856 3532 virtute

271 3585 433 3638 vitam
460 3592 622 3653 agunt
646 3593 834 3635 omnes
863 3578 1148 3638 honorant,
1167 3574 1368 3638 colunt,
1399 3572 1522 3627 licet
1542 3572 1649 3627 sint
1670 3580 1725 3626 et
1745 3569 1861 3639 opi-

273 3676 373 3728 bus
420 3684 474 3729 ct
515 3671 832 3726 auctoritate
859 3669 1113 3738 insignes.
1144 3665 1402 3721 Omnibus
1439 3661 1581 3718 enim
1609 3661 1776 3733 copiis
1807 3669 1862 3717 et

274 3764 614 3819 lacunalibus
639 3771 722 3817 est
750 3761 921 3829 major
945 3761 1134 3814 virtus.

349 3856 434 3908 19..
459 3853 645 3907 Videte
672 3862 846 3905 autem
880 3850 1167 3905 Ecclesium
1190 3864 1308 3919 qua:
1330 3847 1624 3902 honoratur
1649 3845 1716 3901 ab
1743 3859 1862 3900 om-

278 3947 452 4001 nibus.
484 3944 650 3998 liecle
681 3959 805 3997 vero
834 3942 985 4004 dixit,
1031 3939 1237 3994 Vultum
1263 3949 1403 3994 tnunt
1425 3980 1439 4005 ,
1471 3941 1572 3994 hoc
1598 3949 1677 3994 est
1701 3981 1714 4002 ,
1747 3939 1862 4010 glo-

279 4039 413 4094 riam
444 4044 619 4099 tuam,
647 4034 872 4088 formam
906 4042 961 4088 et
988 4031 1434 4102 pulchritudinem
1470 4039 1636 4086 tuam.
1669 4029 1867 4085 Deinde

279 4127 530 4198 quoniam
574 4124 752 4179 vultus
796 4124 1069 4188 meminit,
1105 4133 1158 4178 et
1201 4123 1449 4187 vestium,
1480 4131 1536 4178 et
1579 4121 1870 4191 pulchritu—

280 4220 440 4284 dinis,
475 4234 543 4273 ue
563 4219 682 4288 quis
699 4217 931 4272 crassior
958 4217 1182 4270 sentiret
1207 4215 1404 4286 aliquid
1430 4213 1705 4280 sensibile,
1738 4212 1868 4267 sub-

280 4312 483 4382 junxit,
512 4308 736 4365 dicens:
763 4309 850 4364 M.
883 4307 1059 4362 Omnis
1094 4306 1258 4377 gloria
1296 4307 1419 4374 ﬁlice
1443 4306 1574 4376 regis
1615 4306 1677 4358 ab
1713 4307 1868 4360 intus.

286 4403 340 4458 lu
367 4413 618 4468 mentem,
650 4403 839 4470 inquit,
868 4401 1166 4471 ingredere,
1197 4400 1375 4455 edisce
1425 4399 1869 4468 pulchritudinem

283 4493 510 4557 animm;
540 4493 606 4546 de
626 4492 730 4546 illis
751 4501 926 4546 tecum
953 4491 1161 4559 loquor,
1191 4499 1244 4544 et
1270 4491 1312 4545 si
1341 4499 1542 4545 vestem
1571 4489 1690 4544 dico
1711 4532 1724 4553 ,
1749 4499 1802 4544 et
1830 4490 1876 4544 si

291 4582 738 4654 pulchritudinem
762 4581 901 4646 dico,
935 4582 980 4636 si
1009 4581 1244 4635 limbrias
1265 4581 1388 4636 dico
1407 4624 1421 4649 ,
1444 4582 1488 4635 si
1518 4591 1702 4636 aurata
1731 4581 1870 4649 dico,

289 4677 332 4728 si
356 4675 476 4729 dico
503 4673 874 4744 quodcumque
898 4674 967 4728 sit
1000 4673 1294 4743 ejusmodi,
1328 4673 1396 4728 de
1437 4682 1616 4728 mente
1652 4673 1875 4741 loquor,

289 4766 532 4821 doctrina
554 4774 636 4818 est
655 4763 722 4820 de
748 4765 950 4831 animo,
973 4773 1056 4818 est
1084 4764 1152 4817 de
1176 4763 1374 4819 virtute
1400 4764 1541 4832 quod
1569 4765 1782 4829 dicitur,
1814 4765 1882 4820 de

295 4860 501 4913 interna
553 4857 744 4926 gloria.
796 4856 920 4911 Ideo
971 4855 1198 4909 ﬁdenter
1234 4856 1527 4908 orationem
1570 4855 1775 4910 reducit
1817 4856 1882 4910 ad

293 4962 582 5016 corporcas
608 4945 1008 5012 similitudines,
1029 4955 1308 5015 postquam
1327 4960 1565 4999 crassum
1586 4946 1881 4999 auditorem

295 5055 359 5094 cx
397 5037 554 5091 dictis
581 5043 909 5090 correxerat.
942 5033 1008 5088 In
1049 5034 1257 5102 ﬁmbriis
1287 5036 1456 5089 aureis
1487 5037 1885 5101 circutttamicta,

298 5132 535 5183 mrietate
554 5138 753 5182 ornata.
778 5127 950 5193 Alius,
980 5126 1084 5180 Per
1104 5127 1288 5195 ﬁbulas
1307 5144 1488 5182 aureas
1513 5129 1648 5183 varie
1672 5130 1890 5184 induta:

301 5224 518 5276 nomine
543 5220 656 5274 auri
690 5221 943 5275 virtutem
985 5236 1171 5275 rursus
1202 5236 1415 5276 vocans.
1444 5221 1520 5276 Ita
1557 5221 1717 5276 etiam
1762 5223 1892 5278 dicit

304 5316 532 5371 Paulus:
567 5314 627 5368 Si
657 5314 769 5384 quis
798 5314 1169 5384 supertediﬁcat
1192 5330 1344 5381 super
1368 5316 1460 5367 hoc
1486 5316 1893 5386 fundamentum,

303 5422 516 5468 aurum,
566 5415 861 5475 argentum,
904 5404 1098 5471 lapides
1143 5405 1420 5475 pretiosos,
1455 5407 1592 5476 ligna
1616 5448 1631 5473 ,
1663 5407 1850 5476 {mnum
1873 5447 1889 5474 ,

307 5499 549 5562 stipulam
579 5494 652 5566 (ι.
684 5495 799 5550 Cor.
827 5497 880 5550 5.
915 5495 1003 5567 12)
1046 5514 1058 5549 :
1103 5497 1352 5550 virtutem
1401 5507 1454 5552 et
1491 5498 1673 5552 vitium
1709 5499 1895 5552 harum

311 5587 661 5641 materiarum
693 5588 1047 5654 appellatione
1078 5588 1384 5647 ostendens.
1426 5588 1502 5643 Ne
1529 5591 1671 5644 enim
1717 5591 1898 5645 existi-

313 5692 489 5731 mares
517 5677 631 5730 lucc
659 5691 780 5732 esse
806 5678 877 5744 id,
913 5678 1052 5748 quod
1075 5681 1232 5731 situm
1258 5690 1338 5734 est
1368 5682 1590 5738 interius
1609 5725 1623 5747 ,
1649 5701 1751 5738 non
1773 5700 1894 5755 pcr-

313 5769 480 5826 luittit
509 5778 564 5824 ut
585 5784 704 5841 qua:
736 5781 859 5826 sunt
888 5782 1104 5826 externa
1133 5775 1436 5842 imagiucris
1455 5819 1467 5843 ,
1499 5777 1592 5832 scd
1621 5778 1755 5834 intra
1789 5790 1886 5836 tta-

1377 350 1734 411 EXl’OSlTIO
1774 348 1836 403 IN
1878 344 2198 402 PSALMUM
2244 345 2420 401 XLIV.

3417 346 3524 400 Μ

1938 460 2014 511 hit
2057 462 2452 536 cogitayonem.
2501 461 2960 528 Quemadmodum
3007 462 3147 518 enim
3203 477 3398 533 ctzrp'ts
3449 468 3530 519 his

1930 552 2174 606 indutum
2199 595 2212 616 ,
2246 554 2524 622 pltlLlll'ttlli
2552 566 2772 624 apparet
2803 574 2813 609 :
2840 557 2907 609 ita
2941 567 3163 611 ornatur
3193 558 3368 611 anima
3397 560 3439 612 si
3463 559 3533 611 sit

1936 643 2127 698 virtute
2157 644 2356 698 induta.
2391 649 2478 700 15.
2499 649 2826 701 Addurenlur
2864 650 2968 718 regi
3004 650 3216 719 virgines
3258 659 3368 718 post
3398 668 3507 704 eam

1935 734 2103 797 Alius,
2131 736 2435 804 Sequemur.
2466 739 2639 805 Alius,
2673 740 2981 806 Offerentur.
3011 742 3271 798 Proxima:
3306 747 3415 814 ejus
3444 750 3530 815 αι’·
3624 773 3628 778 π

1935 830 2160 896 ferentur
2186 828 2294 882 tibi.
2321 829 2406 884 16.
2436 830 2729 897 Aﬂerentur
2769 834 2821 886 in
2847 831 3022 888 ltetitia
3062 845 3108 889 et
3153 838 3490 894 exsultatione

1934 916 2243 971 adducentur
2277 920 2327 972 in
2358 921 2598 992 templum
2634 923 2787 993 regis.

2019 1009 2331 1081 l'irginitatis
2347 1015 2444 1082 ﬂos
2471 1014 2616 1068 vestis
2643 1014 2916 1082 Ecclesiae;
2949 1016 3177 1072 Ecclesia
3201 1021 3322 1075 olim
3349 1024 3536 1078 sterilis

1938 1117 2070 1153 nunc
2120 1112 2193 1156 est
2250 1113 2407 1156 mater
2458 1105 2682 1172 ﬁliorum
2731 1107 3294 1165 innumerabilium.-—-
3343 1111 3540 1167 Vidisti

1941 1201 2119 1247 vestes
2166 1194 2498 1250 ﬁmbriatas?
2525 1197 2700 1251 vidisti
2747 1199 3002 1252 amictum
3039 1215 3296 1267 aureum,
3347 1204 3533 1256 liorem

1943 1283 2306 1352 virginitatis?
2338 1284 2463 1340 llaec
2503 1293 2587 1341 est
2613 1287 2777 1341 vestis
2807 1287 3082 1343 Ecclesiae.
3112 1289 3410 1346 Considera
3441 1307 3522 1346 τηισ

1942 1379 2047 1426 tem
2099 1374 2227 1428 mihi
2280 1391 2437 1442 quam
2494 1386 2742 1432 accurate
2797 1378 3045 1449 loquatur
3087 1381 3368 1450 propheta.
3402 1384 3535 1450 Quia

1939 1463 2082 1516 enim
2112 1479 2216 1516 non
2249 1465 2429 1518 statim
2449 1507 2464 1530 ,
2496 1482 2618 1521 cum
2661 1465 2892 1543 primum
2923 1472 3211 1525 constituta
3243 1481 3325 1528 est
3355 1474 3540 1528 Eccle-

1941 1552 2054 1616 sia,
2091 1552 2270 1607 ﬂoruit
2316 1556 2516 1609 bonum
2556 1556 2910 1627 virginitatis,
2958 1560 3052 1615 sed
3099 1563 3377 1631 aliquanto
3420 1575 3540 1634 post

1943 1652 2222 1712 tempore:
2257 1658 2539 1716 propterea
2591 1648 2705 1718 ipse
2754 1665 2970 1722 quoque
3016 1663 3201 1722 postea
3245 1654 3298 1709 id
3346 1657 3537 1724 ponit,

1945 1751 2136 1804 nempe
2167 1748 2444 1807 postquam
2465 1754 2528 1794 ea
2555 1737 2722 1793 oblita
2751 1737 2907 1796 fuerit
2930 1743 3110 1812 populi
3147 1754 3198 1799 et
3228 1743 3421 1800 domus
3448 1762 3541 1816 pa-

1944 1827 2061 1889 tris,
2083 1837 2137 1882 et
2163 1827 2345 1883 induta
2366 1829 2525 1884 fuerit
2553 1830 2645 1885 illo
2671 1840 2861 1886 ornatu
2884 1874 2898 1898 ,
2921 1842 2976 1888 et
3002 1835 3182 1904 specie
3213 1850 3277 1892 ac
3305 1838 3540 1906 pulchri-

1946 1919 2130 1976 tudine
2154 1921 2441 1977 rel‘ulserit.
2462 1923 2530 1978 Et
2555 1924 2675 1980 ideo
2700 1925 2859 1980 dicit:
2886 1924 3016 1980 Post
3033 1943 3147 1982 eam
3165 1929 3412 1996 proximae
3431 1931 3548 2001 ejus.

1943 2009 2238 2076 afferentur.
2270 2012 2552 2080 Proximus,
2575 2029 2681 2068 non
2705 2015 2829 2069 loco
2848 2025 3083 2083 tantum,
3101 2018 3198 2072 sed
3223 2025 3278 2072 et
3301 2020 3540 2074 moribus

1943 2111 1997 2156 et
2041 2101 2377 2172 dogmatibus
2427 2119 2548 2159 cum
2597 2119 2658 2158 ea
2709 2115 3106 2176 congruentes;
3165 2107 3540 2164 haereticorum

1944 2192 2084 2245 enim
2118 2194 2346 2262 virgines
2373 2210 2477 2248 non
2501 2204 2644 2252 recte
2674 2195 2872 2252 dixeris
2897 2198 3163 2267 vErgiues;
3198 2215 3374 2270 neque
3397 2203 3545 2256 enim

1945 2292 2070 2337 sunt
2094 2279 2351 2351 proxima:
2395 2287 2613 2356 regium.
2647 2286 2940 2355 Aﬂ'erentur
2966 2291 3018 2343 in
3051 2290 3226 2344 lwtitia
3246 2301 3292 2345 et
3313 2295 3541 2346 exsulta-

1947 2373 2100 2428 tione.
2129 2373 2259 2430 Vide
2297 2374 2386 2430 hic
2432 2376 2634 2431 dictum
2684 2379 3034 2448 apostolicum
3079 2381 3455 2452 rcsplendere,
3487 2394 3545 2439 et

1948 2465 2092 2519 illam
2131 2467 2551 2522 enuntiationem
2581 2469 2791 2524 ostendi
2818 2471 2978 2525 etiam
3012 2472 3061 2524 in
3092 2475 3539 2542 prepneta.Qua:-

1949 2572 2069 2610 nam
2100 2565 2277 2611 autem
2302 2573 2362 2611 ea
2394 2559 2518 2612 est?
2549 2557 2941 2615 Tribulationem
2965 2563 3136 2616 carnis
3162 2563 3543 2634 habebantque:

1949 2650 2142 2703 nubunt
2186 2651 2266 2720 (l.
2295 2651 2415 2705 Cor.
2447 2651 2499 2704 7.
2539 2651 2663 2723 28).
2704 2652 3166 2720 Quemadmodum
3214 2662 3391 2709 autem
3439 2655 3544 2710 illa:

1951 2740 2315 2806 alﬂietionem,
2343 2742 2413 2796 ita
2458 2740 2542 2797 ha:
2586 2744 2820 2798 lzetitiam
2864 2754 2916 2798 et
2959 2746 3396 2801 exsultationem.
3436 2747 3546 2800 Illa:

1950 2832 2095 2886 enim
2137 2832 2274 2888 ﬁlios
2317 2841 2371 2887 et
2414 2835 2687 2901 maritum,
2718 2836 2957 2905 domum,
2992 2835 3238 2903 famulos,
3265 2848 3546 2909 cognatos.

1952 2938 2169 2978 soceros
2189 2963 2204 2990 ,
2235 2939 2488 2994 generos,
2535 2934 2778 2995 nepotes,
2810 2926 3096 2982 liberorum
3149 2928 3548 2984 multitudinem

1953 3015 2376 3086 eorumdemque
2401 3016 2488 3072 vel
2513 3016 2781 3072 defectum
2810 3019 2891 3073 vel
2921 3019 3204 3075 orbitatem
3231 3035 3424 3075 curare
3453 3036 3548 3076 eo-

1955 3115 2150 3176 guntur
2195 3106 2394 3178 (neque
2441 3108 2584 3164 enim
2631 3124 2774 3164 nunc
2823 3121 3033 3177 tempus
3080 3121 3162 3168 est
3213 3112 3549 3168 describentli

1957 3197 2276 3267 multiplices
2304 3213 2464 3253 curas
2491 3189 2839 3271 matrimonii)
2863 3220 2873 3254 :
2897 3199 2942 3253 vi
2952 3213 3043 3272 rgo
3069 3211 3249 3258 autem
3274 3204 3553 3270 crncilixa,

1958 3295 2013 3343 et
2040 3303 2069 3340 a
2099 3289 2452 3358 prmsentibus
2479 3291 2724 3358 liberata,
2745 3299 2798 3347 et
2823 3307 2966 3347 curis
2991 3299 3056 3347 ad
3084 3292 3223 3349 hanc
3245 3295 3404 3350 vitam
3433 3311 3557 3366 pcr-

1959 3378 2251 3434 tinentibus
2276 3379 2464 3436 ell‘ecta
2490 3385 2736 3452 superior
2762 3391 2816 3438 et
2842 3385 3030 3453 euripo
3060 3385 3284 3456 trajecto
3303 3429 3320 3452 ,
3365 3387 3416 3441 iu
3451 3404 3556 3443 ca:-

1959 3469 2069 3526 lum
2093 3472 2334 3541 quotidie
2362 3473 2684 3542 saepiciens,
2708 3473 2900 3529 fruitur
2925 3476 3121 3546 gaudio
3149 3477 3402 3547 Spiritus,
3434 3495 3556 3550 pcr-

1961 3566 2200 3620 funditur
2240 3567 2616 3624 exsultatione.
2658 3569 2776 3624 Non
2823 3569 2996 3625 solum
3043 3580 3220 3628 autem
3273 3576 3559 3643 praesentia

1963 3658 2225 3729 propheta
2246 3701 2260 3724 ,
2291 3660 2384 3715 sed
2413 3660 2573 3715 etiam
2616 3659 2792 3716 futura
2823 3661 3146 3728 subindieat,
3179 3664 3394 3734 quando
3437 3667 3560 3736 pul-

1964 3750 2125 3805 chras
2154 3761 2208 3805 et
2236 3751 2546 3820 splendidas
2575 3752 2850 3822 lampades
2880 3752 3139 3810 habentes
3159 3754 3301 3810 llunt.
3321 3756 3556 3822 obviam,

1966 3856 2219 3912 sponsum
2245 3842 2573 3913 excipientes
2603 3843 2817 3914 (Matth.
2847 3843 2943 3901 25.
2964 3845 3041 3916 7).
3075 3845 3561 3917 Tetnplumausem

1967 3935 2108 4004 regis
2138 3935 2224 3989 hic
2253 3943 2409 3990 vocat
2431 3936 2631 4006 regiam
2659 3977 2674 4003 ,
2705 3945 2759 3991 et
2793 3937 2976 4006 sponsi
3010 3936 3305 3991 thalamum
3330 3938 3565 4008 appellat

1969 4026 2184 4080 cubilia.
2217 4026 2305 4081 17.
2341 4025 2445 4081 Pro
2476 4027 2700 4098 patribus
2722 4027 2822 4082 tuis
2852 4029 2965 4092 uati
2989 4037 3107 4083 sunt
3135 4029 3233 4098 ﬁlii
3265 4031 3359 4084 tui.
3391 4030 3562 4094 Alius,

1973 4118 2138 4174 Erunt
2159 4119 2248 4174 tibi
2268 4120 2365 4189 ﬁlii
2390 4119 2748 4188 tui.Quoniam
2771 4121 3019 4190 superius
3044 4122 3288 4177 meminit
3313 4122 3494 4192 populi
3513 4133 3568 4178 et

1973 4219 2276 4280 parentum,
2294 4210 2480 4268 dicens
2506 4229 2519 4265 :
2543 4210 2846 4267 Obliviscere
2871 4214 3050 4282 populi
3075 4214 3177 4278 tui,
3198 4223 3246 4268 et
3267 4215 3448 4268 domus
3469 4231 3565 4284 pa-

1975 4304 2066 4357 tris
2093 4305 2166 4356 tui
2187 4319 2208 4358 :
2233 4305 2520 4359 ostendens
2560 4305 2613 4359 in
2646 4305 2747 4361 hoc
2789 4322 3001 4376 quoque
3031 4307 3209 4362 omnia
3239 4307 3287 4361 ei
3317 4309 3488 4363 l'austa
3517 4319 3583 4361 ct.

1981 4409 2231 4465 prospera
2257 4394 2448 4461 futura,
2479 4396 2581 4450 hoc
2617 4397 2908 4465 subiunxit.
2938 4398 3068 4465 Qua:
3098 4400 3238 4453 enim
3261 4408 3379 4454 erat
3415 4402 3572 4454 steri—

1980 4487 2064 4552 lis,
2098 4497 2179 4542 est
2211 4497 2378 4541 mater
2416 4489 2643 4543 llliorum
2683 4491 3176 4546 innumerabilium.
3211 4492 3582 4560 Quamobrem.

1979 4578 2188 4632 etiamsi
2221 4580 2401 4633 avulsa
2432 4595 2490 4634 es
2520 4596 2546 4633 a
2581 4581 2889 4649 parentibus
2911 4623 2927 4646 ,
2972 4592 3029 4638 at
3077 4593 3290 4640 tuorum
3339 4585 3570 4640 liliorum

1982 4667 2131 4724 chori
2159 4679 2315 4724 erunt
2337 4671 2471 4725 adeo
2500 4673 2628 4726 clari
2656 4713 2668 4737 ,
2698 4673 2937 4744 insignes
2961 4675 3296 4744 et-illustres,
3328 4684 3386 4731 ut
3407 4686 3578 4732 totum

1983 4761 2171 4816 orbem
2202 4774 2461 4816 terrarum
2494 4763 2771 4832 impleant.
3125 4763 3134 4769 ’

2062 4854 2147 4908 15.
2191 4853 2314 4907 Mihi
2357 4861 2534 4908 autem
2564 4853 2772 4910 videtur
2791 4855 2971 4913 dicere
2997 4858 3269 4928 apostolos
3292 4901 3307 4925 ,
3330 4862 3420 4930 qui
3464 4861 3580 4915 lue-

1989 4956 2114 5003 runt
2143 4950 2191 5002 in
2219 4964 2280 5002 ea
2324 4947 2591 5003 doctores.
2628 4949 2830 5006 Deinde
2855 4949 3165 5006 describens
3186 4968 3372 5008 eorum
3404 4955 3543 5009 vires
3567 4998 3581 5019 ,

1994 5041 2284 5109 potentiam
2331 5052 2385 5095 et
2413 5040 2658 5111 gloriam,
2691 5042 2817 5095 dicit
2848 5059 2863 5097 :
2894 5043 3174 5098 Constitues
3209 5061 3292 5099 eos
3330 5047 3584 5116 principes

1991 5149 2144 5205 super
2184 5149 2382 5187 omnem
2423 5143 2627 5187 terram.
2660 5132 2904 5202 Egentne
2949 5135 3064 5190 huic
3101 5137 3591 5206 interpretatione?

1998 5227 2110 5297 Ego
2139 5227 2352 5296 quidem
2385 5242 2489 5280 non
2532 5227 2804 5294 existimo,
2832 5229 3284 5298 quemadmodum
3331 5245 3432 5287 nec
3474 5230 3592 5294 sol,

1997 5320 2212 5389 quando
2241 5329 2323 5373 est
2352 5318 2667 5390 splendidus
2694 5336 2707 5371 :
2742 5335 2861 5388 qua:
2892 5329 3072 5375 autem
3115 5321 3254 5375 dicta
3297 5329 3452 5387 sunt,
3481 5322 3596 5375 sole

1998 5420 2124 5465 sunt
2149 5411 2396 5465 clariora.
2427 5409 2744 5466 Universum
2774 5412 2917 5466 enim
2948 5414 3136 5469 orbem
3179 5423 3442 5468 terrarum
3476 5429 3597 5485 per-

2000 5517 2254 5559 vaserunt
2279 5504 2529 5573 apostoli,
2559 5520 2622 5559 ac
2647 5506 2826 5561 verius
2859 5506 3126 5576 principes
3159 5505 3410 5572 fuerunt,
3435 5523 3615 5576 quam.

2001 5597 2101 5666 ipsi
2151 5597 2439 5664 principes,
2471 5598 2793 5668 regibusque
2829 5600 3181 5667 potentiores.
3226 5600 3400 5669 Reges
3455 5602 3597 5653 enim

2000 5690 2124 5743 dttnt
2154 5690 2338 5744 vivunt
2361 5690 2688 5744 dominatum
2716 5692 2962 5746 obtinent
2991 5710 3001 5744 :
3033 5692 3094 5745 iis
3125 5701 3301 5746 autem
3333 5693 3560 5746 utor-tuis
3585 5731 3599 5755 ,

2008 5782 2274 5851 intercidit
2302 5781 2646 5849 dominatus;
2680 5782 2733 5840 hi
2780 5793 2897 5854 post
2938 5795 3165 5839 mortem
3214 5785 3389 5838 verius
3435 5785 3602 5851 impe-
