2029 3220
263 166 316 194 203

262 228 333 250 rant.
345 221 378 250 Et
386 228 478 256 regum
490 220 597 256 quidem
616 220 689 255 leges
702 224 767 247 ratas
785 222 848 246 sunt
860 222 888 246 et
901 217 996 246 valida
1009 217 1049 245 in-

262 273 303 294 tra
317 273 410 294 eorum
425 265 501 298 lines,
509 265 583 301 jussa
595 269 684 292 autem
707 264 867 299 piscatorum
882 270 930 298 per
940 263 1051 291 univer-

263 319 321 339 smu
332 311 425 339 orbem
447 312 525 338 limae
537 315 645 338 extensa
667 308 741 336 tiunt.
755 308 902 343 Imperator
916 307 1052 335 Romano-

262 364 320 384 rum
331 356 420 384 Persis
430 363 483 383 nou
498 359 587 391 posset
603 354 672 381 ferre
682 353 756 389 leges
766 373 775 387 ,
790 360 839 381 nec
852 353 993 380 Persarum
1004 360 1052 380 rex

261 400 441 437 posset-fure
462 400 536 435 leges
560 399 706 427 Romanis:
720 398 748 426 hi
769 403 858 426 autem
871 398 1003 426 Palasti'ni
1024 403 1052 425 et

261 447 362 480 Persis,
373 451 403 478 et.
417 446 554 479 Romanis,
569 451 598 474 et
610 444 757 473 Thracibus
770 449 799 472 et
816 443 925 480 Scythis
936 452 945 478 ε
958 448 985 472 et
1007 444 1051 471 ln-

260 493 318 526 dis,
331 497 359 520 et
380 491 489 524 Mauris,
502 495 531 519 et
555 490 681 518 universo
700 489 818 525 denique
835 489 894 517 orbi
920 494 1053 517 terrarum

259 538 333 574 leges
343 537 474 566 dederunt
487 546 495 562 :
508 544 557 565 nec
576 536 662 565 solum
673 536 737 564 dum
751 536 769 563 ii
783 536 914 569 viverent,
928 529 1016 563 firmat
1023 541 1051 563 et

260 588 325 612 rat:
347 583 453 612 fuerunt
466 603 475 616 ,
500 582 548 611 sed
577 582 619 610 bis
639 582 720 610 etiam
751 582 863 610 mortuis
885 583 1050 610 continuata:

259 633 323 657 sunt
336 637 343 656 :
357 633 385 657 et
398 629 445 664 qui
456 635 504 656 eas
524 628 598 664 leges
618 632 791 662 acceperunt,
807 627 918 656 mallent
934 627 1049 655 animam

263 674 361 702 millies
372 673 545 710 profundere,
560 680 640 709 quam
650 674 685 701 ab
695 672 746 700 illis
758 672 919 701 desciscere.
935 672 979 700 l8.
992 672 1050 699 le-

259 727 316 747 uior
328 727 371 746 ero
380 719 489 746 uotiuis
501 718 539 746 tui
552 719 579 746 in
592 718 663 755 omni
673 718 833 754 generatione
845 721 868 744 α
879 717 1048 754 generatione.

262 764 399 800 Propterea
417 764 506 801 populi
518 763 705 800 conﬁtebuntur
724 764 769 791 tibi
786 764 812 791 iu
831 768 967 796 aeternum,
981 767 1004 790 et
1022 763 1050 790 in

258 811 380 839 malum
390 811 487 848 stt-culi.
503 810 589 843 Alius,
604 809 736 837 Revocabo
750 810 778 837 in
792 809 942 837 memoriam
957 816 1049 837 nomen

259 863 331 884 ιιιιιιιι
344 857 372 884 in
391 863 539 892 meaeque
550 854 718 891 generatione.
729 853 869 889 Propterea
887 853 977 889 populi
991 852 1049 881 lau-

258 904 353 930 dabunt
366 907 391 930 te
403 905 524 938 perpetuo
533 900 584 937 (a).
597 900 683 933 Alius,
697 900 805 934 Propter
817 900 864 928 hoc
880 899 971 935 populi
986 904 1049 926 cons

257 948 393 983 ﬁtebuntur
404 946 458 974 tibi.
471 943 541 974 Dixit
554 944 763 980 magnitudinem
778 940 952 980 principaius,
961 950 977 971 a
990 943 1050 971 lon-

257 994 378 1031 gitudine
393 997 483 1026 terra,
497 999 514 1020 a
526 991 667 1020 latitudine
681 991 755 1019 orbis
767 995 915 1022 terrarum.
930 997 946 1018 a
957 989 1049 1017 multi-

257 1040 350 1069 tudine
372 1039 490 1076 gentium
529 1045 590 1074 qum
615 1036 744 1072 subjecta
773 1040 845 1065 sunt.
870 1035 940 1064 Dicit
966 1034 1048 1064 etiam

255 1084 364 1114 aliunde
377 1084 436 1120 ejus
449 1084 647 1117 auctoritatem,
660 1082 731 1119 quod
745 1089 798 1110 non
812 1081 900 1110 solum
920 1081 1049 1110 extende-

256 1135 301 1158 tur
314 1137 362 1166 per
379 1121 532 1158 mti'versum
547 1129 639 1157 orbem
661 1133 812 1161 terrarum,
825 1127 873 1156 sed
894 1126 977 1155 etiam
998 1133 1048 1162 per

255 1175 410 1207 universum
433 1181 530 1202 avum.
553 1172 713 1201 immortalis
734 1172 816 1206 enim.
830 1172 926 1208 inquit,
938 1172 989 1200 erit
1011 1171 1048 1199 tui

256 1220 398 1255 memoria,
411 1219 546 1255 descripta
557 1218 585 1247 in
599 1218 676 1247 libris
689 1218 799 1250 nostris.
809 1217 943 1253 descripta
957 1217 984 1245 in
1002 1223 1051 1245 re-

254 1266 306 1295 bus
326 1265 450 1301 publicis,
466 1264 600 1300 descripta
625 1264 652 1291 in
669 1262 821 1300 praeeptis.
832 1261 900 1290 Vide
912 1261 1048 1298 quomodo

253 1319 311 1340 suae
321 1318 428 1347 quoque
442 1310 589 1346 prophetia:
605 1308 725 1344 prmdicit
746 1308 960 1344 perpetuitatem.
979 1306 1047 1334 Cum

253 1356 326 1385 enim
338 1356 414 1388 dixit,
431 1355 529 1383 lentor
542 1362 584 1382 era
594 1353 702 1382 nominis
719 1353 757 1380 tui
768 1353 796 1380 in
815 1352 1049 1388 omnigeueratione

253 1406 278 1429 et
291 1401 460 1437 generatione,
473 1399 526 1428 hoc
536 1398 705 1434 significavit.
718 1397 776 1426 Etsi
786 1405 860 1434 ergo.
870 1397 966 1433 inquit.
975 1405 1048 1426 mor-

254 1454 316 1476 tuus
336 1446 428 1479 fuero,
443 1451 470 1474 te
492 1449 581 1473 tamen
602 1443 716 1473 cantabo
729 1444 771 1472 vel
798 1443 926 1471 moriens.
942 1442 1048 1478 Corpus

253 1494 325 1522 enim
336 1492 498 1520 dissolvetur
511 1500 519 1519 :
532 1491 618 1519 litera
634 1494 725 1518 autem
743 1493 868 1523 manent,
883 1493 912 1517 et
929 1489 972 1517 lex
988 1496 1047 1524 per-

255 1544 346 1575 petua.
361 1529 503 1574 Propterea~
512 1537 601 1572 populi
611 1536 798 1571 conﬁtebuntur
805 1535 941 1564 tibiJJnde
953 1542 1045 1571 cmpe-

254 1590 312 1617 rat,
324 1584 388 1613 illuc
400 1583 612 1617 desinit,nempe
621 1583 648 1610 in
657 1582 805 1610 Christum.
815 1580 967 1617 Propterea.
978 1580 1046 1609 Pro-

254 1635 315 1666 pter
328 1637 451 1665 quzenam
460 1629 473 1656 2
484 1627 561 1662 Quod
574 1632 613 1655 tot
625 1632 653 1655 et
664 1632 736 1656 tanta
749 1631 824 1655 recte
835 1626 963 1662 gesseris,
974 1626 1045 1662 quod

254 1676 322 1704 tales
342 1675 477 1711 principes
489 1673 661 1702 constitueris
673 1693 681 1702 .
694 1672 767 1709 quod
787 1672 882 1701 vitium
901 1672 1043 1708 exegeris,

253 1721 325 1756 quod
350 1721 475 1748 virtutem
499 1718 675 1755 plantaveris,
690 1717 762 1753 quod
789 1722 908 1746 nostram
919 1723 1043 1745 naturam

253 1765 438 1801 desponderis,
453 1764 524 1801 quod
535 1764 593 1792 haec
606 1763 676 1792 bona
689 1763 832 1791 ineffabilia
847 1762 945 1792 feceris
958 1771 966 1790 :
982 1763 1044 1791 uni-

257 1820 353 1839 versus
373 1811 446 1839 orbis
461 1815 540 1838 terrae
554 1809 600 1837 tibi
613 1809 721 1838 laudem
734 1807 840 1841 oleret,
855 1816 909 1837 non
931 1809 957 1835 in
971 1807 1045 1836 brevi

254 1863 376 1891 tempore
385 1876 394 1890 ,
410 1863 460 1884 nec
470 1855 498 1882 in
512 1854 615 1886 decem.
632 1859 660 1881 et
673 1854 783 1890 viginti,
798 1857 827 1881 et
838 1858 943 1882 centum
957 1853 1044 1887 annis,

252 1910 303 1930 nec
314 1903 340 1929 in
355 1905 430 1937 parte
440 1901 513 1928 orbis
528 1904 659 1928 terrarum
669 1919 677 1933 ,
692 1899 739 1927 sed
751 1904 822 1927 terra
834 1899 862 1927 et
874 1906 966 1932 mare,
980 1907 1041 1935 qua:

253 1952 295 1975 est
317 1945 468 1974 habitabilis
493 1945 582 1981 regio,
609 1949 637 1972 et
661 1952 722 1980 qua:
743 1951 800 1972 non
812 1944 979 1977 habitabilis,
996 1952 1045 1980 per

255 1998 336 2019 omne
348 1998 434 2019 aevum
445 1994 542 2018 canent
551 2011 559 2023 ,
572 1990 671 2025 gratias
683 1994 793 2026 agentes
806 1997 855 2024 pro
863 1990 941 2019 bonis
954 1998 1015 2026 qua:
1029 1997 1045 2018 a

259 2043 286 2065 te
300 2041 469 2073 acceperunt.
481 2036 533 2064 Pro
549 2036 591 2063 his
612 2040 700 2063 autem
724 2036 848 2064 omnibus
869 2043 919 2064 nos
939 2044 1045 2072 quoque

257 2083 357 2118 gratias
379 2089 490 2118 agamus
512 2081 626 2116 benigno
652 2086 681 2109 et
703 2081 830 2109 clementi
850 2080 981 2109 Christo:
997 2089 1046 2117 per

254 2137 349 2165 quem,
359 2133 459 2158 etcum
470 2135 523 2163 quo
534 2127 604 2154 Patri
616 2127 699 2162 gloria
712 2127 791 2154 simul
803 2134 863 2155 cum
878 2132 972 2156 sancto
984 2127 1046 2163 Spi-

254 2176 394 2207 ritu,nunc
406 2178 434 2201 et
447 2176 599 2208 semper,et
612 2172 639 2199 in
652 2172 749 2200 secula
762 2172 935 2201 saeculorum.
948 2173 1043 2200 Amen.

481 2227 514 2256 IN
532 2226 692 2255 PSALHUM
712 2226 792 2255 XLV.

255 2284 281 2313 Ι.
302 2284 335 2312 In
347 2284 424 2319 ﬁnem
438 2291 483 2319 pro
492 2283 553 2318 ﬁliis
562 2282 626 2310 Core
635 2303 643 2314 ,
656 2290 703 2318 pro
726 2283 837 2312 areanis.
848 2282 923 2311 Alius
932 2303 941 2317 ,
961 2283 1045 2311 Victo-

291 2331 362 2358 toria
374 2329 471 2357 auctori
485 2327 597 2364 ﬁliorum
610 2327 683 2356 Core.
696 2328 771 2356 Alius
780 2349 788 2361 ,
802 2328 856 2356 Pro
870 2329 1046 2357 adolescentiis

290 2376 416 2403 canticum
430 2373 479 2411 (θ).

254 2433 282 2461 2.
304 2432 372 2460 Deus
394 2435 477 2459 noster
496 2430 622 2466 refugium
637 2434 661 2457 et
682 2430 886 2466 virtus.adjutor
900 2431 928 2458 in
941 2431 1045 2459 tribula-

289 2477 471 2512 tionibus,qum
481 2476 627 2503 inuenerunt
636 2483 682 2502 nos
694 2475 777 2503 nimis.
791 2475 876 2509 Alius,
885 2474 918 2503 In
926 2477 1046 2512 afﬂictio-

291 2523 364 2550 nibus
386 2522 510 2549 inventus.
530 2520 559 2548 3.
576 2519 714 2555 Propterea
739 2528 789 2547 non
812 2521 953 2549 timebimus
985 2522 1046 2550 dum

291 2568 432 2597 turbabitur
441 2573 518 2601 terra,
528 2571 551 2595 et
560 2569 742 2602 tranare-mur
753 2573 848 2595 montes
862 2569 889 2596 in
902 2576 946 2596 cor
956 2569 1045 2598 maris.

292 2627 321 2654 Ι.
337 2624 423 2654 Solita
433 2624 517 2652 utitur
530 2622 699 2659 philosophia
713 2622 843 2658 propheta
858 2631 873 2650 a
887 2623 969 2651 rebus
984 2624 1045 2659 qui-

287 2674 324 2707 (a)
342 2674 401 2710 tice
410 2672 493 2710 lectio
501 2676 552 2710 _est
562 2673 659 2707 Aquila;
671 2678 699 2700 et
711 2675 860 2710 Symmachi,
879 2680 908 2710 ut
919 2676 1004 2710 videas
1019 2675 1044 2701 in

256 2705 854 2744 Ηςξὲειίξ..,¹ἰιξξεε¹9ς,ευέεπξλριῐζῐιςξιβειιί
880 2707 919 2744 9³⁸
939 2707 1047 2744 θετεηιετ

257 2734 360 2773 litigium:
511 2738 534 2761 le
544 2734 571 2761 in
584 2734 677 2762 uacula
691 2738 808 2770 perpetuo
819 2737 964 2769 (ὒμνήσουσί
973 2745 1003 2762 σε
1013 2738 1046 2766 εἰς

257 2766 334 2791 ιίῦνιι
344 2766 479 2798 smmis).
691 2766 696 2768 ·
735 2766 742 2770 ⁷
824 2766 828 2769 ·
846 2766 852 2768 ·

259 2832 435 2857 Hebraluntes
453 2838 510 2857 esse
528 2836 617 2865 putant
636 2833 678 2858 vel
701 2832 892 2860 instrumentum
913 2832 1042 2864 musicum,

259 2862 298 2886 vel
311 2868 394 2893 get-us
406 2862 547 2888 cantilena.
762 2863 765 2867 ”

632 162 661 191 S.
681 162 821 191 JOANNIS
839 161 1075 190 CIIRYSOSTOMI
1094 162 1255 189 AllClllEP.
1275 161 1541 190 CONSTANTINOP.

1107 218 1167 245 dem
1187 218 1219 245 ad
1237 218 1306 246 hanc
1326 219 1406 246 vitam
1425 219 1618 254 pertinentibus
1638 227 1689 247 nos
1709 220 1863 252 abducas,
1876 229 1901 248 tu

1106 272 1179 299 spem
1204 268 1291 291 autem
1311 272 1453 299 supernam
1469 264 1617 292 auditorem
1630 265 1748 300 erigens.
1757 264 1797 292 Ne
1815 264 1901 298 mihi,

1106 308 1200 342 inquit,
1215 309 1314 336 dixeris
1340 316 1425 342 arma,
1440 317 1547 341 muros,
1563 314 1590 337 et
1602 309 1699 343 fossas,
1713 317 1766 337 nec
1777 310 1900 345 pecunia

1104 354 1218 387 cnpinm,
1232 361 1281 380 nec
1304 354 1341 381 rei
1367 354 1490 381 militaris
1518 354 1671 388 scientiam,
1699 362 1750 382 nec
1770 363 1902 390 equorum

1105 399 1312 431 multitudinem,
1328 407 1377 427 nec
1392 407 1479 432 arcus,
1496 401 1605 435 sagitt-is
1619 406 1646 427 et
1660 400 1769 434 loricas,
1785 408 1839 428 non
1856 408 1903 428 so-

1104 443 1205 470 ciorum
1231 444 1318 476 vires,
1342 451 1394 470 non
1422 444 1534 471 militum
1560 445 1790 479 phalanges,non
1816 445 1905 472 robur

1103 488 1233 521 corporis,
1254 493 1282 515 et
1305 489 1420 515 hostium
1442 489 1645 523 experientiam.
1661 489 1730 517 Sunt
1747 489 1820 517 enim
1844 490 1905 518 hac

1104 535 1192 559 omnia
1205 541 1309 560 araneae
1320 534 1371 560 tela
1385 539 1412 561 et
1426 535 1518 561 umbra
1535 535 1715 563 imbecilliora.
1727 536 1780 562 Sed
1797 537 1819 563 si
1835 538 1904 564 velis

1105 578 1193 604 videre
1207 578 1297 612 copias
1310 578 1526 613 inexpugnabiles
1537 600 1544 611 ,
1561 579 1690 615 refugium
1706 581 1902 614 insuperabile,

1104 622 1256 656 praesidium
1272 623 1343 657 quod
1367 630 1421 650 non
1441 623 1530 659 diripi,
1547 629 1647 651 turrem
1671 633 1731 659 quae
1745 625 1903 654 labefactari

1104 675 1156 694 non
1182 671 1278 702 potest,
1300 667 1333 694 ad
1360 668 1442 695 Deum
1464 668 1595 703 confuge,
1614 669 1683 697 vires
1702 669 1762 697 illas
1783 672 1902 698 attrahe.

1102 712 1185 739 Recte
1201 718 1289 739 autem
1302 713 1369 740 dixit
1383 734 1390 746 ,
1406 713 1473 740 Deus
1488 714 1613 749 refugium
1631 719 1743 742 nostrum
1755 720 1780 743 et
1795 717 1877 743 uirtus
1892 725 1903 744 :

1102 759 1245 785 ostendens
1259 766 1308 785 nos
1319 759 1461 794 aliquando
1476 759 1608 794 fugientes
1621 760 1737 793 vincere,
1754 762 1903 796 aliquando

1102 808 1203 831 stantes
1216 809 1243 831 et
1256 810 1413 839 pugnantes.
1426 804 1574 840 Utrumque
1589 807 1660 833 enim
1675 811 1784 841 oportet
1796 806 1901 839 facere.

1101 852 1129 875 et
1148 853 1241 877 contra
1255 849 1376 882 tendere,
1388 853 1416 876 et
1437 850 1585 879 declinare.
1606 850 1663 878 Hoc
1682 851 1763 879 etiam
1785 850 1904 880 faciebat

1101 893 1200 922 Paulus
1211 914 1219 927 ,
1236 894 1379 930 aliquando
1392 895 1500 931 quidem
1513 896 1630 929 cedens,
1645 895 1791 931 aliquando
1805 902 1899 926 autem

1101 940 1233 968 insultans
1257 940 1289 968 iis
1302 940 1347 976 qui
1368 941 1579 969 adversabantur
1591 942 1674 970 verbo
1691 943 1824 972 veritatis.
1839 943 1899 972 Hoc

1100 993 1206 1021 quoque
1216 985 1340 1014 Christus
1353 985 1469 1014 faciebat
1483 991 1512 1014 ut
1521 995 1571 1015 nos
1583 987 1712 1016 doceret:
1723 988 1777 1016 hoc
1790 996 1902 1024 quoque

1100 1037 1150 1058 nos
1163 1034 1271 1066 oportet
1283 1030 1389 1063 facere,
1403 1036 1432 1060 et
1444 1036 1519 1060 recte
1532 1039 1698 1068 cognoscere
1709 1033 1901 1069 opportunita-

1101 1080 1155 1104 tem
1180 1077 1329 1112 temporis,
1344 1081 1373 1105 et
1394 1085 1474 1106 orare
1487 1077 1594 1113 quidem
1616 1086 1652 1107 ne
1672 1079 1859 1114 ingrediantur
1872 1080 1900 1108 in

1102 1123 1287 1157 tentationem,
1299 1123 1445 1151 secundum
1471 1123 1536 1152 illud
1556 1123 1657 1152 dictum
1683 1124 1875 1160 evangelicum
1891 1135 1899 1154 :

1099 1168 1146 1196 ubi
1159 1172 1249 1196 autem
1261 1168 1412 1204 advenerit,
1422 1177 1474 1197 non
1486 1176 1548 1197 esse
1558 1170 1632 1197 molli
1646 1171 1779 1206 et'ignavo
1792 1172 1899 1205 nimo,

1100 1213 1149 1241 sed
1169 1212 1274 1241 fortiter
1287 1214 1423 1247 resistere.
1438 1214 1547 1251 Adjutor
1559 1215 1587 1243 in
1601 1215 1808 1244 tribulationibus
1819 1238 1827 1251 ,
1841 1226 1901 1252 qua

1099 1260 1245 1288 inuenerunt
1267 1268 1314 1288 nos
1332 1262 1416 1289 siluis.
1428 1254 1509 1296 Quod.
1527 1270 1601 1298 sape
1619 1262 1685 1297 dixi,
1698 1270 1771 1291 nunc
1790 1270 1902 1299 quoquo

1098 1306 1159 1335 dico
1173 1315 1181 1333 :
1197 1313 1251 1334 non
1267 1307 1399 1341 prohibet
1421 1307 1565 1343 quominus
1580 1302 1697 1336 veniant
1717 1308 1898 1342 atllietiuues.

1098 1352 1147 1380 sed
1158 1352 1202 1380 ubi
1215 1352 1383 1387 advenerim,
1394 1354 1507 1388 assistit,
1520 1361 1570 1382 nos
1584 1353 1653 1389 frugi
1672 1360 1701 1382 et
1715 1355 1818 1389 ptobos
1836 1354 1900 1382 em.

1098 1396 1183 1424 ciens.
1196 1395 1263 1425 Illud
1284 1402 1373 1425 autem
1396 1397 1492 1431 Nimis,
1516 1403 1562 1426 aut
1591 1398 1680 1433 Valde,
1695 1399 1898 1436 adiungendum

1098 1446 1141 1470 est
1153 1442 1191 1470 illi
1204 1443 1274 1478 voci,
1287 1443 1406 1480 Adjutor.
1420 1443 1513 1480 Neque
1533 1445 1605 1472 enim
1625 1445 1702 1480 leve,
1718 1446 1767 1475 sed
1791 1447 1900 1482 insigne

1098 1485 1152 1515 fert
1167 1487 1306 1521 auxilium,
1320 1488 1380 1524 plus
1392 1489 1516 1524 praebens
1527 1489 1617 1517 solatii
1633 1497 1667 1518 ex
1681 1490 1801 1526 epulata
1815 1499 1898 1527 quam

1097 1531 1133 1560 sit
1159 1538 1284 1568 suscepta
1310 1533 1432 1562 molestia
1459 1541 1495 1562 ex
1517 1533 1718 1564 afﬂictionibus.
1739 1535 1799 1564 Non
1822 1536 1899 1566 enim

1097 1582 1227 1613 quantum
1251 1578 1383 1606 malorum
1396 1578 1515 1607 conditio
1536 1580 1672 1616 postulat,
1688 1585 1794 1609 tantum
1818 1582 1899 1609 nobis

1097 1622 1200 1658 praebet
1212 1624 1339 1651 auxilium
1350 1645 1358 1658 ,
1372 1624 1421 1652 sed
1434 1624 1514 1660 longe
1528 1626 1625 1661 majus.
1643 1624 1785 1662 Propta’ea
1799 1635 1852 1655 non
1864 1627 1899 1655 ti-

1096 1667 1218 1696 mebimus
1224 1689 1234 1702 ,
1246 1669 1333 1705 inquit
1342 1689 1352 1704 ,
1360 1669 1423 1697 dum
1436 1670 1579 1698 turbabitar
1589 1671 1750 1699 ter-ra.\'ides
1759 1664 1899 1707 quomodo

1096 1712 1184 1748 majus
1197 1718 1225 1742 et
1244 1714 1324 1750 longe
1340 1713 1475 1750 copiosius
1489 1715 1542 1743 fert
1555 1715 1703 1744 auxilium?
1717 1716 1777 1745 Non
1799 1718 1892 1747 Iol-

1097 1762 1168 1789 enim
1183 1760 1267 1793 dixit,
1284 1760 1342 1788 Non
1357 1761 1503 1796 capiemur,
1518 1768 1570 1789 nea
1584 1762 1719 1794 cadentis.
1735 1761 1796 1797 sed,
1812 1762 1897 1792 Ne‘id

1097 1807 1205 1843 quidem
1228 1807 1381 1843 patiemur,
1402 1808 1472 1843 quod
1496 1812 1540 1836 est
1564 1814 1668 1837 natura
1692 1809 1852 1845 proprium,
1866 1815 1898 1839 ut

1097 1857 1247 1880 terreamur
1257 1856 1284 1880 et
1296 1852 1450 1881 timeamus.
1459 1852 1601 1882 Undenam
1615 1857 1705 1882 autem
1717 1853 1770 1882 hoc
1782 1855 1898 1884 evenit?

1097 1897 1138 1925 Ex
1152 1903 1187 1925 eo
1210 1897 1280 1932 quod
1302 1897 1339 1925 sit
1355 1896 1494 1933 copiosum
1515 1898 1653 1926 auxilium.
1668 1898 1781 1932 Terram
1803 1905 1897 1929 autem

1097 1942 1152 1976 hic,
1167 1947 1196 1971 et
1208 1947 1325 1977 montes,
1341 1948 1368 1971 et
1379 1951 1427 1971 eor
1439 1944 1532 1978 maris,
1545 1952 1600 1973 non
1611 1944 1674 1974 dicit
1684 1946 1832 1981 elementa,
1847 1948 1905 1976 sed:

1096 1996 1189 2016 eorum
1203 1990 1313 2017 nomine
1327 1989 1506 2018 intuli-rabilis
1533 1990 1648 2026 pericula
1673 1991 1821 2028 significat.
1839 1993 1897 2022 Etsi

1096 2034 1197 2067 omnia,
1212 2033 1315 2069 inquit,
1330 2035 1468 2063 videamus
1488 2035 1610 2069 confusa,
1624 2036 1731 2065 etiamsi
1754 2039 1899 2073 perturba-

1097 2079 1198 2107 tionem
1222 2079 1301 2114 plane
1325 2079 1540 2114 intolerabilem,
1553 2081 1604 2109 etsi
1627 2089 1660 2109 ea
1678 2082 1770 2110 omnia
1785 2084 1898 2113 evenire
1937 2090 1940 2091 '

1096 2130 1156 2159 qum
1178 2131 1322 2160 numquam
1344 2124 1414 2153 facta
1440 2124 1557 2159 fuerunt,
1570 2126 1677 2155 etiamst
1691 2127 1776 2163 ipsam
1788 2149 1797 2162 ,
1811 2133 1843 2157 ut
1861 2130 1897 2157 ita

1097 2170 1200 2202 dicam,
1214 2173 1363 2197 creaturam
1383 2177 1444 2198 cum
1465 2172 1553 2206 seipse
1573 2172 1675 2202 collidi.
1688 2172 1772 2208 ipsius
1792 2179 1898 2202 natura:

1097 2215 1225 2243 terminos
1239 2215 1340 2244 moveri
1353 2236 1361 2248 ,
1373 2216 1464 2243 omnia
1479 2223 1512 2244 ex
1525 2216 1591 2252 ipsis
1600 2217 1716 2245 convelli
1728 2217 1896 2248 fundamen-

1097 2261 1149 2294 tis,
1165 2261 1250 2295 prima
1270 2261 1406 2289 elementa
1433 2261 1578 2293 confundi.
1593 2265 1621 2290 et
1633 2263 1753 2291 omnium
1777 2263 1898 2301 denique

1096 2315 1186 2335 rerum
1211 2307 1355 2335 maximam
1382 2307 1440 2335 fieri
1467 2308 1715 2343 perturbationem,
1735 2316 1791 2337 non
1815 2311 1898 2339 modo

1097 2360 1150 2380 non
1167 2352 1316 2385 vincemur,
1328 2352 1376 2380 sed
1399 2359 1434 2380 ne
1460 2352 1613 2382 timebimus
1632 2353 1752 2389 quidem.
1767 2354 1799 2383 In
1813 2363 1898 2384 causa

1096 2401 1185 2425 autem
1199 2401 1259 2430 est,
1274 2397 1346 2433 quod
1364 2397 1484 2425 omnium
1499 2397 1596 2426 horum
1610 2398 1739 2428 Dominus
1752 2401 1833 2435 opem
1855 2401 1898 2433 fe-

1097 2447 1148 2474 rat,
1163 2451 1271 2471 manum
1283 2443 1402 2479 porrigat
1412 2447 1441 2471 et
1452 2444 1571 2473 assistat.
1581 2443 1610 2473 Si
1623 2449 1714 2473 autem
1725 2446 1769 2474 vel
1784 2447 1826 2475 his
1837 2454 1899 2474 ero-

1098 2489 1234 2518 uientibus
1248 2489 1360 2517 minime
1371 2489 1541 2523 sederemus,
1553 2497 1605 2519 nec
1618 2490 1715 2520 molles
1733 2497 1782 2521 aut
1803 2487 1908 2529 ignavi‘

1097 2535 1291 2565 redderemur:
1310 2536 1395 2564 multo
1404 2537 1488 2572 magis
1502 2536 1525 2564 si
1538 2544 1588 2565 nos
1601 2537 1701 2566 inimici
1719 2538 1857 2574 invadant,
1870 2544 1899 2568 et

1097 2582 1124 2610 in
1148 2589 1199 2610 nos
1217 2581 1302 2609 aciem
1326 2581 1452 2617 dirigant.
1466 2582 1493 2609 ι.
1509 2582 1657 2610 Sonuerusst
1679 2588 1704 2611 et
1717 2584 1827 2612 turbate
1838 2589 1898 2612 sunt

1097 2635 1170 2663 aqua
1183 2635 1280 2655 eorum.
1291 2626 1438 2655 Coaturbati
1450 2632 1508 2654 sunt
1523 2632 1619 2656 montes
1636 2628 1663 2655 in
1675 2628 1895 2665 fortitudineejua.

1098 2673 1186 2706 Alius,
1201 2672 1358 2700 Sonantibus
1369 2677 1393 2700 et
1404 2672 1513 2700 turbatis
1524 2673 1597 2708 aquis
1605 2693 1614 2707 ,
1625 2678 1650 2701 et
1663 2674 1793 2702 concussis
1804 2675 1898 2702 monti.

1097 2719 1143 2747 bus
1154 2718 1180 2746 in
1194 2718 1380 2755 gloriﬁcatione
1396 2719 1462 2754 ejus.
1477 2718 1622 2754 Postquam
1636 2719 1722 2748 dixit.
1736 2719 1795 2747 Non
1811 2720 1892 2748 time-

1097 2763 1195 2796 bimus.
1208 2771 1243 2791 ne
1257 2763 1279 2790 si
1297 2763 1386 2791 omnia
1400 2763 1508 2798 quidem
1530 2763 1734 2800 oonfringantur
1758 2772 1791 2793 ae
1816 2765 1894 2793 onlli—

1097 2808 1210 2842 dantur,
1231 2808 1359 2844 deinceps
1387 2808 1495 2837 disserit
1520 2809 1554 2837 de
1580 2809 1640 2844 ejus
1665 2810 1782 2845 potentia
1798 2831 1805 2841 ,
1821 2811 1892 2846 quod

1098 2854 1200 2883 scilicet
1215 2854 1267 2882 sint
1282 2854 1353 2882 vires
1373 2856 1431 2889 ejus
1447 2851 1722 2892 incspugnahilésjt
1745 2857 1841 2885 merito
1856 2856 1894 2883 in-

2017 1599 2020 1801 ι
