4058 6440
587 315 692 368 2835

589 444 689 512 μὲν
718 442 825 495 ἀπὸ
846 440 946 511 τῆς
972 441 1223 505 κτίσεως,
1249 441 1341 494 νῦν
1368 441 1424 494 δὲ
1445 441 1552 494 ἀπὸ
1577 440 1685 494 τῶν
1707 442 1819 502 τοίς
1840 437 2147 509 ἀνθρώποις

586 523 992 592 συμϐαινόντων
1027 522 1390 593 ἀνακηρύττει
1434 521 1598 577 αὐτοῦ
1637 522 1738 592 τὴν
1781 520 1958 590 ἰσχὺν,
1990 518 2147 573 τοῦτο

584 604 738 676 [188]
767 609 862 660 καὶ
897 605 1128 675 ἐνταῦθα
1147 608 1308 659 ποιεῖ.

663 687 732 740 ⁸0
765 689 821 742 δὲ
859 687 1005 756 λέγει
1032 686 1270 740 τοιοῦτόν
1314 687 1431 738 ἐστι
1452 702 1467 717 ο
1489 684 1632 738 Σείει
1663 685 1862 748 πάντα,
1904 681 2142 743 σαλεύει,

587 763 956 842 μετατίθησιν,
987 773 1114 825 ὅταν
1146 769 1398 841 βούληται
1420 785 1435 799 ’
1477 765 1648 830 οὓτως
1675 766 1822 836 αὐτῷ
1867 767 2022 838 ῥᾴδια
2053 767 2146 818 καὶ

584 851 784 909 εὔκολα
808 855 1005 908 πάντα.
1050 853 1205 924 Ἐμοὶ
1234 853 1291 905 δὲ
1318 852 1462 904 δοκεῖ
1490 849 1561 902 τὰ
1588 849 1764 920 πλήθη
1794 849 2027 902 ἐνταῦθα
2057 850 2144 900 αἰ-

581 935 858 990 νίττεσθαι
881 935 988 988 τῶν
1023 935 1301 1006 ἀνδρείων,
1320 934 1414 986 καὶ
1443 933 1572 994 τοὺς
1593 930 1831 1002 ὑψηλοὺς
1853 930 1961 983 τῶν
1987 928 2146 982 πολε-

587 1017 745 1084 μίων.
779 1018 872 1070 καί
910 1018 1000 1070 τὸν
1023 1019 1248 1086 ἄπειρον
1289 1015 1416 1069 λαὸν
1438 1013 1548 1067 τῶν
1574 1016 1850 1066 ἐναντίων.
1893 1011 2142 1081 Τοσαύτη

581 1099 690 1166 γάρ
714 1098 878 1151 αὐτοῦ
915 1099 949 1169 ή
977 1098 1222 1168 δύναμις,
1262 1092 1446 1166 φησὶν,
1474 1096 1549 1158 ῶς
1586 1095 1770 1158 ἀπλῶς
1812 1094 2018 1157 νεῦσαι,
2051 1095 2146 1147 καὶ

579 1178 752 1234 ταῦτα
776 1181 952 1234 πάντα
978 1180 1242 1248 γίνεσθαι.
1274 1179 1397 1241 Πῶς
1429 1174 1522 1231 οὖν
1551 1177 1825 1247 δυνάμεθα
1858 1176 2146 1245 φοϐεῖσθαι

578 1261 818 1315 τοιοῦτον
839 1255 1053 1332 ἔχοντες
1069 1262 1343 1328 Δεσπότην
1363 1276 1378 1324 ;
1401 1259 1736 1328 Διάψαλμα.
1760 1258 1974 1321 Ἀλλος.
2010 1258 2138 1312 Ἀεί.

586 1341 695 1394 Τοῦ
738 1343 1008 1413 ποταμοῦ
1054 1344 1126 1397 τὰ
1169 1342 1494 1411 ὁρμήματά.
1533 1341 1744 1405 Ἄλλος,
1793 1339 2138 1408 Διαιρέσεις.

591 1423 648 1474 '0
684 1423 742 1477 δὲ
772 1424 1039 1495 Ἐϐραῖος,
1062 1424 1360 1495 Φαλαγαῦ.
1395 1422 1933 1490 Εὐφραίνουσιτὴν
1962 1421 2143 1475 πόλιν

575 1504 682 1558 τοῦ
714 1506 892 1559 83017-
910 1508 1126 1576 ήτίασε
1155 1507 1220 1559 τὸ
1237 1505 1526 1574 σκήνωμα
1553 1505 1737 1558 αὑτοῦ
1761 1507 1794 1558 ὁ
1816 1505 1838 1523 "
1853 1507 2136 1572 Υψιστος.

580 1586 776 1651 Ἀλλος
813 1590 966 1659 φησὶ,
1020 1591 1088 1644 Τὸ
1119 1589 1290 1658 ἅγιον
1338 1587 1450 1655 τῆς
1481 1585 1996 1654 κατασκηνώσεως
2030 1587 2139 1641 τοῦ

587 1667 904 1735 Ὑψίστου.
953 1671 1005 1723 Ὀ
1042 1671 1185 1735 Θεὸς
1214 1671 1285 1723 ἐν
1317 1670 1487 1739 μέσῳ
1531 1667 1743 1734 αὐτῆς,
1779 1667 1878 1720 καί
1907 1670 1979 1721 οὐ
2030 1684 2139 1722 σα-

573 1750 954 1816 ⁸τευθήσεται.
987 1753 1282 1820 Βοηοήσει
1327 1751 1481 1820 αὐτῇ
1519 1754 1552 1804 ό
1595 1750 1738 1815 Θεὸς
1785 1745 1865 1817 τῷ
1904 1750 2053 1816 πρὸς
2108 1761 2136 1790 ι

573 1831 725 1898 πρωῒ
752 1835 918 1900 πρωΐ.
951 1834 1144 1896 Ἄλλος
1181 1835 1333 1903 φησὶ,
1365 1833 1503 1899 Περὶ
1530 1832 1636 1885 τὸν
1655 1831 1886 1902 ὄρθρον.
1920 1831 2132 1893 Ἀλλος,

576 1913 650 1966 Τὸ
681 1912 895 1968 νεῦσαι
926 1915 1168 1984 πρωταν.
1201 1914 1382 1968 Εἰπὼν
1404 1914 1532 1985 περὶ
1559 1914 1659 1984 τῆς
1677 1913 1954 1984 δυνάμεως
1970 1913 2136 1967 αὐτοῦ

571 1994 668 2057 καὶ
703 1996 804 2067 τῆς
851 1998 1053 2067 ἰσχύος,
1088 1997 1183 2050 καὶ⁷
1208 1998 1289 2050 ὅτι
1319 1996 1477 2068 ῥᾴδια
1521 1996 1671 2066 αὐτῷ
1699 1997 1898 2063 πάντα,
1933 1999 2012 2060 είς
2037 1997 2136 2066 τὴν

569 2080 670 2147 τῆς
713 2079 1008 2151 Ἰουδαϊκῆς
1031 2081 1287 2151 προνοίας
1319 2078 1575 2132 ὑπόθεσιν
1598 2077 1915 2150 μετατίθησι
1945 2079 2036 2131 τὸν
2056 2079 2138 2132 λό-

569 2175 686 2227 γον.
719 2160 788 2214 τά
821 2161 1077 2232 δεδομένα
1117 2162 1301 2224 αὐτοῖς
1327 2161 1506 2229 ἀγαθά
1534 2159 1622 2213 διὰ
1661 2159 1908 2230 βραχέων
1935 2159 2134 2225 λέξεων

568 2243 859 2314 παριστάς.
891 2240 1061 2308 Οὗτος
1087 2244 1216 2314 γὰρ,
1241 2244 1270 2296 6
1297 2242 1438 2296 οὕτω
1461 2241 1705 2308 δυνατὸς,
1725 2243 1754 2295 6
1778 2241 1952 2304 οὕτως
1987 2243 2136 2312 ἰσχυ-

472 2319 478 2324 ’
569 2323 661 2393 ρὺς
686 2325 778 2376 καὶ
799 2326 1047 2395 φοῦερὸς,
1066 2326 1160 2380 καὶ
1187 2327 1364 2380 πάντα
1390 2325 1537 2393 ἄγων
1566 2325 1659 2378 καὶ
1675 2323 1879 2395 φέρων,
1907 2325 1936 2376 6
1958 2326 2135 2379 πάντα

569 2409 728 2461 σείων
757 2410 847 2462 καὶ
885 2409 1069 2476 κινῶν,
1111 2411 1207 2463 καὶ
1248 2409 1555 2479 μετατιθεὶς
1585 2409 1678 2461 καὶ
1721 2408 1999 2477 μεθιστὰς,
2031 2426 2135 2478 μυ-

569 2493 700 2564 ρίων
734 2494 832 2566 τὴν
859 2496 1012 2549 πόλιν
1057 2496 1217 2566 ήμῶν
1251 2495 1548 2564 ἐνέπλησεν
1595 2495 1837 2562 ἀγαθῶν.
1883 2495 2134 2565 Ποταμδς

565 2577 673 2644 γὰρ
716 2577 947 2632 ἐνταῦθα
988 2579 1049 2632 τδ
1081 2578 1296 2648 δαψιλὲς
1325 2578 1425 2647 τῆς
1469 2577 1734 2648 χορηγίας
1771 2578 1880 2630 τῶν
1925 2577 2131 2632 ἄνωθεν

562 2661 801 2732 δωρεῶν,
835 2664 927 2714 καί
965 2663 1025 2715 τὸ
1053 2662 1324 2715 ἀκώλυτον
1361 2660 1546 2714 καὶτὸ
1591 2661 1948 2730 ἐκκεχυμένον
1991 2679 2132 2732 παρ-

567 2741 586 2794 ί
591 2760 686 2813 στη
694 2761 800 2804 σιν,
815 2743 1013 2796 ὡσανεὶ
1034 2739 1185 2812 ἔλεγε
1194 2762 1206 2774 ·
1224 2744 1485 2814 Καθάπερ
1496 2744 1560 2796 ὲκ
1571 2744 1762 2813 πηγῶν
1774 2747 1808 2814 ή
1816 2747 1904 2814 μῖν
1918 2746 2132 2799 ἅπαντα

564 2825 781 2896 ὲπιρῥεῖ
811 2826 876 2878 τὰ
928 2827 1127 2896 ἀγαθά.
1160 2827 1372 2896 Ὠσπερ
1409 2844 1520 2898 γαρ
1570 2826 1814 2896 ποταμὸς
1851 2828 1931 2889 εἰς
1963 2829 2133 2897 μυρία

567 2911 884 2980 σχιζόμενος
909 2913 1072 2983 μέρη,
1099 2913 1197 2983 τὴν
1227 2913 1598 2982 ὑποκειμένην
1621 2912 1769 2982 ἄρδει
1800 2912 1981 2983 χώραν
2002 2932 2013 2944 ο
2039 2913 2132 2966 οῦ-

562 3010 670 3055 τως
686 2997 718 3062 ή
743 2993 834 3046 τοῦ
865 2994 999 3047 Θεοῦ
1027 2995 1249 3064 πρόνοια
1276 2995 1611 3064 πανταχόθεν
1635 2996 1873 3066 ἐπιρρεῖ,
1891 2994 2131 3062 δαψιλῶς

563 3075 856 3146 φερομένη,
875 3079 970 3130 καὶ
990 3078 1232 3148 ῥοιζηδὸν
1244 3079 1492 3140 ἐπιοῦσα,
1520 3078 1613 3130 καὶ
1629 3079 1805 3131 πάντα
1823 3078 2126 3149 πληροῦσα.

562 3157 676 3211 υύκ
703 3158 1002 3226 ἀσφάλειαν
1023 3160 1079 3212 δὲ
1111 3161 1338 3230 παρέχει
1365 3160 1522 3228 μόνον
1552 3163 1702 3230 ἡμῖν,
1736 3160 1856 3213 οὐδὲ
1879 3159 2130 3230 βοήθειαν

563 3240 803 3309 ἀρραγῆ,
842 3239 980 3292 ἀλλά
1029 3242 1120 3293 καὶ
1163 3241 1536 3312 πνευματικὴν
1565 3242 1772 3311 χαράν·
1809 3243 1887 3296 διό
1932 3261 2125 3315 φησιν’

574 3321 819 3389 Ἢγιάσε
842 3323 906 3374 τὸ
929 3324 1214 3391 σκήνωμα
1239 3324 1425 3377 αὐτοῦ
1451 3328 1482 3377 ό
1508 3326 1822 3392 "nowon
1843 3328 1951 3378 Καὶ
1974 3327 2130 3380 τοῦτο

562 3401 622 3457 δὲ
656 3403 976 3474 εὐεργεσίας
1007 3406 1139 3457 αὐτὸ
1191 3405 1354 3474 μέρος
1387 3406 1449 3457 οὐ
1494 3407 1709 3477 μικρὸν,
1751 3409 1814 3460 τὸ
1864 3411 2128 3480 σκήνωμα

561 3486 726 3540 αὐτοῦ
751 3486 976 3541 καλέσαι
1014 3487 1106 3540 τὸν
1129 3488 1311 3542 τόπον.

635 3566 698 3636 β’.
719 3569 829 3622 Καὶ
848 3569 945 3638 οὐχ
969 3568 1155 3632 ἁπλῶς
1169 3569 1378 3623 τέθεικε
1402 3570 1485 3633 τὸ,
1502 3570 1565 3623 '0
1583 3571 1887 3640 Ὕψιστος.
1906 3572 1962 3628 '0
1979 3568 2073 3628 οῦν
2095 3575 2124 3615 ι’

557 3648 731 3712 οὕτως
767 3649 967 3720 ὑψηλὸς
986 3691 1001 3715 ,
1021 3652 1050 3702 ὁ
1075 3651 1262 3722 μηδενὶ
1287 3652 1436 3723 τόπῳ
1457 3654 1872 3723 περιεχόμενος,
1896 3658 1929 3727 ή
1959 3657 2128 3727 ἀφρα-

562 3748 685 3794 στος
718 3731 895 3799 οὐσία,
921 3734 1225 3802 κατηξίωσε
1271 3737 1536 3807 σκήνωμα
1567 3737 1730 3790 αὐτοῦ
1769 3738 1997 3792 καλέσαι
2028 3741 2126 3810 τὴν

560 3813 714 3866 πόλιν
753 3814 850 3885 τὴν
903 3815 1212 3891 ἡμετέραν,
1252 3817 1345 3871 καί⁹
1393 3817 1656 3872 πάντοθεν
1687 3820 1855 3891 αὐτὴν
1889 3821 2120 3892 συνέχει.

558 3896 728 3950 Τοῦτο
755 3895 864 3970 γὰρ
899 3899 1063 3961 ἐστιν,
1112 3901 1212 3955 Ἔν
1235 3900 1404 3969 μέσῳ
1423 3902 1614 3969 αὐτῆς
1634 3941 1652 3966 ,
1677 3901 1753 3967 ὡς
1775 3905 1868 3956 καὶ
1891 3905 2122 3976 ἀλλαχοῦ

557 3977 738 4046 λέγει’
772 3979 919 4035 Ἰδοὺ
961 3981 1084 4060 ἐγὼ
1119 3982 1247 4051 μεθ’
1277 3982 1443 4052 ὑμῶν
1487 3985 1622 4053 ειμι.
1653 3986 1919 4040 Πάντοθεν
1954 3989 2122 4060 αὐτὴν

559 4065 872 4133 συγκροτεῖ·
895 4058 986 4117 διὰ
1014 4063 1170 4118 τοῦτο
1192 4064 1254 4118 οὐ
1288 4065 1448 4136 μόνον
1475 4065 1625 4119 οὐδὲν
1654 4067 1900 4122 πείσεται
1929 4058 2120 4137 δεινὸν,

556 4141 672 4195 ἀλλ’
706 4144 827 4198 οὐδὲ
852 4145 1259 4221 σαλευθήσεται.
1287 4148 1396 4202 Καὶ
1421 4149 1482 4202 τὸ
1511 4147 1682 4202 αἴτιον
1707 4189 1721 4213 ,
1748 4151 1830 4204 δτι
1863 4151 2124 4223 ταχίστης

558 4223 820 4279 ἀπολαύει
865 4227 965 4296 τῆς
999 4229 1347 4299 συμμαχίας,
1381 4230 1599 4301 ἑτοίμου
1639 4233 1734 4286 καὶ
1783 4249 2127 4302 παρεσκευα-

561 4308 765 4383 σμένης
785 4307 951 4381 οὔσης
970 4327 985 4340 ⁸
1023 4311 1183 4365 τοῦτο
1207 4311 1316 4382 γάρ
1345 4315 1458 4366 ἐστι
1493 4313 1556 4366 τὸ
1590 4316 1772 4382 Πρωτο
1802 4316 1862 4369 οὐ
1903 4316 2144 4385 μλλούιι⁴

560 4407 661 4462 σης
678 4431 694 4456 ,
718 4392 838 4446 οὐδὲ
867 4392 1262 4465 βραδυνούσης,
1289 4395 1426 4449 ἀλλὰ
1466 4401 1669 4469 νεαρᾶς
1694 4399 1782 4452 ἀεὶ
1811 4400 1904 4453 καὶ
1939 4401 2121 4470 ἀκμα-

559 4473 784 4544 ζούσης,
812 4477 905 4529 καὶ
950 4478 1008 4530 ὲν
1041 4477 1216 4548 καιρῷ
1259 4478 1338 4548 τῷ
1361 4481 1720 4550 προσήκοντι.
1777 4481 2124 4551 Ἐταρὰχθη-

557 4573 679 4611 σαν
728 4557 892 4626 ἔθνη.
935 4558 1157 4623 ΙἌλλος,
1190 4559 1594 4630 Συνήχθησαν
1635 4562 1798 4631 ἔθνη.
1832 4567 2126 4619 Ἕκλιναν

554 4641 881 4704 βασιλεῖαι.
932 4641 1156 4696 Ἔδωκε
1205 4642 1414 4712 φωνὴν
1463 4645 1649 4698 αὑτοῦ
1700 4647 2121 4714 όρξΥψιστος,

556 4721 857 4789 ἐσαλεύθη
889 4723 926 4790 ἡ
974 4723 1071 4793 γῆ.
1111 4725 1395 4778 Δείκνυσιν
1425 4726 1588 4779 αὐτοῦ
1621 4730 1718 4798 τῆς
1753 4721 2002 4800 β’ὃηθείας
2034 4732 2124 4783 ἐν-

556 4804 730 4858 ταῦθα
753 4805 852 4874 τὴν
877 4805 1122 4877 δύναμιν.
1152 4808 1228 4861 Οὐ
1263 4807 1370 4881 γὰρ
1411 4807 1474 4879 δὴ
1511 4809 1618 4862 τῶν
1645 4812 1912 4882 τυχόντων
1951 4815 2121 4867 ἐπιόν-

554 4905 665 4942 των
691 4928 708 4951 ,
760 4889 895 4942 ἀλλά
927 4888 1187 4958 βασιλέων
1212 4931 1226 4956 ,
1282 4892 1452 4945 ἐθνῶν
1500 4893 1761 4948 πάντοθεν
1814 4899 2118 4959 συνιόντων,

560 4968 710 5042 [185]
740 4971 1100 5036 κυκλούντων,
1130 4974 1556 5045 πολιορκούντων
1589 4977 1740 5031 πόλιν
1768 4980 1915 5048 μίαν,
1945 4981 2006 5032 οὐ
2036 4980 2124 5049 μόο

560 5069 647 5106 νον
683 5052 834 5106 οὐδὲν
860 5053 1057 5109 ἔπαθεν
1078 5057 1168 5110 ὐπ’
1201 5058 1378 5113 αὐτῶν
1405 5059 1573 5114 δεινδν
1597 5102 1610 5118 .
1643 5063 1779 5117 άλλά
1813 5064 1906 5118 καὶ
1935 5082 2120 5136 περιε-

555 5136 764 5203 γένετο,
786 5138 878 5190 καὶ
903 5139 1194 5210 ἐκράτησε,
1221 5141 1312 5194 καὶ
1342 5143 1664 5214 περιέτρεψε
1698 5149 1825 5209 τοὺς
1848 5149 2119 5212 ἐπιόντας.

557 5219 727 5300 Τοῦτο
755 5221 862 5291 γάρ
894 5221 1008 5274 ἐστι
1032 5223 1112 5287 τὸ,
1135 5225 1426 5278 Ἕκλιναν
1438 5227 1766 5295 βασιλεῖαι,
1797 5231 1980 5284 ἔδωκε
2005 5251 2122 5300 φω-

554 5299 676 5369 νὴν
702 5302 888 5357 αὐτοῦ
921 5307 954 5359 ό
983 5305 1299 5374 ’Ὑψιστοςο
1335 5306 1411 5371 ὡς
1451 5309 1519 5361 ἂν
1549 5312 1691 5364 εἴποι
1723 5329 1806 5376 τις
1827 5353 1842 5377 ,
1869 5299 2124 5369 Αὐτοδοεὶ

557 5553 1020 5664 θός·
1054 5561 1177 5613 In":
1204 5577 1329 5616 “"3
1344 5565 1413 5629 τῷ
1430 5565 1612 5630 νεῦσαι,
1635 5577 1684 5620 cl
1711 5571 1815 5622 hmc
1834 5580 1910 5624 σει
1929 5573 2121 5636 Aquila:

614 5627 688 5660 μιν
707 5627 918 5666 ιτριειιιυ.

614 5674 644 5716 b
665 5627 831 5727 Jun-1.
859 5681 886 5727 ὀ
907 5680 1016 5744 γάρ.

1221 317 1280 372 S.
1322 313 1606 372 JOANNIS
1639 307 2126 382 CIIRYSOSTOHI

2232 307 2484 366 ιοιιιερ.
2523 269 3070 367 εοΝετΑΝτιΝυιι.

3720 301 3828 360 9,υὸ

2250 439 2348 504 τὰς
2376 438 2560 502 πόλεις
2584 431 2719 492 εἷλε.
2749 437 2901 508 Παχὺ
2939 438 3034 509 μὲν
3061 439 3120 491 τὸ
3151 439 3323 509 ῥῆμα,
3350 437 3446 492 καὶ
3469 429 3824 508 ἀνθρωπινώ-

2247 538 2404 590 τερον
2427 523 2489 575 τὸ
2513 514 2830 592 εἰρημένον.
2853 522 2988 575 Οὐδὲ
3025 522 3134 593 γάρ
3162 524 3311 592 φωνῇ
3356 522 3453 575 καὶ
3500 519 3598 590 βοῇ
3631 521 3662 571 6
3691 515 3823 580 Θεὸς

2246 605 2393 673 νικᾷ,
2423 603 2556 656 ἀλλὰ
2580 601 2806 672 νεύματι
2838 603 2983 672 μόνῳ
3011 604 3106 656 καὶ
3145 603 3466 674 βουλήματι.
3507 603 3650 655 Ἀλλ’
3673 601 3825 670 ὅμως

2247 683 2354 737 ἀπὸ
2393 685 2500 738 τῶν
2529 684 2846 753 παχυτέρων
2874 685 3035 737 αὐτὸν
3061 685 3278 752 ἀνάγων
3301 725 3317 750 ,
3345 685 3453 737 τῶν
3482 684 3658 739 ξλλων
3687 682 3828 752 ὐψηο

2246 765 2472 836 λοτέραν
2500 767 2762 835 ἐπενόησε
2788 766 2952 831 λέξιν.
2987 767 3205 838 Ἐπειδὴ
3227 767 3334 838 γὰρ
3355 768 3443 821 ἀεὶ
3466 765 3828 835 όπλιξόμενον

2247 848 2408 901 αὐτὸν
2440 849 2645 917 εἰσάγει
2671 887 2686 912 ,
2719 839 2942 912 δεικνὺς
2961 849 3042 902 ὅτι
3075 848 3256 903 πάντα
3304 850 3488 902 ἐκεῖνα
3523 863 3825 919 μεταφορις

2247 920 2357 994 κῶς
2385 930 2616 1000 εἴρηται,
2644 930 2739 983 καὶ
2760 928 3182 1002 τροπικὼτερον,
3209 932 3303 984 καὶ
3333 927 3826 1000 συγκαταϐατικώ-

2243 1002 2401 1083 τερον
2429 1015 2478 1084 (6
2499 1013 2606 1084 γάρ
2630 1012 2761 1078 Θεὸς
2779 1013 2990 1076 οὐδενὸς
3020 1013 3223 1066 τούτων
3253 1013 3445 1081 δεῖται)
3469 1052 3483 1076 ,
3511 1012 3824 1082 ἐπήγαγεν,

2248 1094 2472 1148 Ἔδωκε
2511 1094 2720 1164 φωνὴν
2759 1095 2946 1148 αὐτοῦ
2969 1134 2985 1158 ,
3026 1096 3124 1148 καὶ
3153 1096 3449 1162 ἐσαλεύθη
3480 1096 3518 1161 ἠ
3557 1094 3637 1163 τῆ
3663 1107 3680 1123 ·
3711 1093 3826 1146 δει-

2244 1177 2377 1240 κνὺς
2397 1216 2412 1240 ,
2445 1179 2526 1230 ὅτι
2557 1178 2619 1229 οὐ
2674 1177 2835 1248 μόνον
2866 1177 3082 1241 πόλεις,
3125 1179 3218 1230 καὶ
3249 1177 3376 1246 ἔθνη
3398 1217 3413 1238 ,
3465 1177 3562 1229 καὶ
3611 1175 3826 1247 χώρας,

2243 1258 2378 1312 ἀλλά
2401 1259 2496 1312 καὶ
2527 1258 2658 1312 αὐτὸ
2679 1258 2740 1311 τὸ
2773 1261 3034 1328 στοιχεῖον
3066 1258 3310 1312 διασείει.
3341 1255 3463 1312 Οίδε
3490 1257 3549 1310 δὲ
3582 1257 3684 1330 καὶ
3718 1258 3826 1327 γῆν

2240 1339 2310 1392 τά
2335 1340 2514 1412 πλήθη
2541 1341 2748 1404 καλεῖν,
2776 1341 2852 1403 ὡς
2869 1342 2997 1394 ὅταν
3021 1340 3186 1410 λέγῃ⁸
3214 1341 3321 1392 Καὶ
3355 1337 3435 1404 ἦν
3465 1337 3636 1394 πᾶσα
3668 1339 3708 1405 ἠ
3742 1337 3821 1407 τῆ

2240 1422 2442 1491 χεῖλος
2463 1424 2552 1479 ἓν.
2582 1425 2794 1492 Κύριος
2817 1421 2938 1477 τῶν
2961 1423 3275 1491 δυνάμεων
3303 1425 3430 1490 μεθ’
3459 1419 3648 1490 ἡμῶν.
3698 1423 3823 1474 Ἁν-

2238 1506 2538 1573 τιλήπτωρ
2565 1504 2736 1574 ἡμῶν
2760 1509 2793 1559 ὁ
2821 1505 2965 1571 Θεὸς
3004 1503 3218 1559 Ἰακώϐ.
3250 1503 3310 1558 Ὀ
3329 1503 3386 1556 δε
3415 1504 3670 1574 Ἐϐραῖος
3697 1501 3824 1555 ἀντὶ

2237 1584 2352 1650 τοῦ,
2382 1585 2506 1640 Τῶν
2533 1585 2863 1656 δυνάμεων,
2890 1587 3132 1640 Σαϐαὼθ
3176 1578 3350 1638 εἶπεν.
3383 1585 3526 1655 Ὅρα
3558 1585 3676 1647 πῶς
3713 1584 3824 1638 ἀπὸ

2236 1668 2338 1736 τῆς
2362 1668 2465 1738 γῆς
2503 1667 2693 1737 ἀνάγει
2730 1669 2822 1720 τὸν
2850 1668 3006 1734 λόγον
3035 1668 3128 1721 ἐπὶ
3156 1669 3247 1720 τὸν
3283 1667 3511 1738 οὐρανὸν
3533 1708 3548 1730 ,
3578 1669 3660 1729 είς
3691 1669 3822 1730 τοὺς

2238 1749 2498 1820 ἀπείρους
2520 1750 2628 1802 τῶν
2652 1749 2899 1818 ἀγγέλων
2937 1750 3144 1820 δήμους
3167 1788 3183 1814 ,
3211 1751 3290 1813 είς
3316 1749 3387 1801 τά
3415 1748 3542 1818 ἔθνη
3569 1748 3683 1800 τῶν
3715 1749 3822 1820 ἀρ-

2235 1833 2540 1902 χαγγέλων,
2567 1835 2648 1895 είς
2669 1832 2767 1895 τὰς
2789 1832 3043 1902 δυνάμεις
3075 1833 3174 1895 τὰς
3204 1832 3338 1887 ἄνω.
3369 1831 3435 1884 Τί
3471 1831 3582 1901 γάρ
3616 1848 3710 1901 μοι
3740 1830 3823 1883 1E-

2235 1930 2353 1981 γεις
2407 1914 2742 1984 στρατόπεδα
2767 1954 2784 1979 ,
2819 1916 2913 1969 καὶ
2964 1915 3308 1986 βαρϐάρους,
3355 1914 3450 1967 καὶ
3492 1913 3820 1982 ἀνθρώπους

2237 1994 2668 2064 ἀπολλυμένους;
2693 1995 2875 2066 φησίν.
2895 1997 3175 2067 Ἐννόησον
3199 1996 3362 2050 αὐτοῦ
3382 1997 3484 2067 τὴν
3512 1996 3692 2065 ἰσχὺν,
3708 1996 3820 2050 ἀπὸ

2192 2118 2206 2132 .
2235 2079 2334 2147 τῆς
2362 2079 2419 2130 ὲν
2441 2079 2553 2141 τοῖς
2577 2080 2827 2148 οὐρανοῖς
2854 2079 3128 2148 βασιλείας
3146 2119 3161 2142 ,
3200 2081 3300 2132 ὅσα
3334 2079 3676 2148 στρατόπεδα
3706 2077 3820 2132 τῶν

2235 2158 2480 2227 ἀοράτων
2509 2159 2788 2230 δυνάμεων
2825 2162 2915 2231 ὐφ’
2954 2161 3135 2232 ἐαυτῷ
3173 2162 3482 2231 τεταγμένα
3526 2160 3665 2228 ἔχει.
3705 2160 3820 2214 Καὶ

2236 2240 2417 2304 καλῶς
2445 2242 2700 2312 δυνάμεις
2732 2243 2977 2306 ἐκάλεσε,
3005 2245 3104 2314 τὴν
3134 2245 3286 2315 ἰσχὺν
3323 2243 3505 2298 αὐτῶν
3537 2241 3819 2296 ἐνδεικνύ-

2237 2340 2398 2392 μενος
2419 2340 2432 2353 ·
2459 2324 2596 2396 ὅπερ
2626 2336 2649 2364 ο
2704 2327 2798 2378 καὶ
2847 2326 3082 2396 ἀλλαχοῦ
3114 2341 3274 2395 φησι’
3322 2324 3577 2379 Δυνατοί
3621 2324 3818 2392 ἰσχύι.

2233 2404 2548 2472 ποιοῦντες
2583 2406 2691 2460 τὸν
2719 2409 2907 2477 λόγον
2938 2409 3144 2462 αὐτοῦ.
3177 2408 3282 2461 Καὶ
3322 2407 3432 2477 γάρ
3476 2401 3557 2470 εἷς
3583 2405 3820 2472 ἀγγελός

2233 2505 2362 2541 ποτε
2414 2488 2677 2555 ἐξελθὼν,
2731 2489 2923 2543 ἑκατὸν
2969 2491 3299 2561 ὀγδοήκοντα
3349 2490 3513 2542 πέντε
3562 2489 3819 2560 χιλιάδας

2231 2571 2428 2625 ἀνεῖλε.
2457 2570 2522 2623 Τί
2565 2567 2659 2625 οὖν
2681 2573 2730 2625 εἰ
2758 2571 2981 2636 δυνατὸς
3020 2575 3118 2644 μέν
3156 2575 3304 2627 ἐστιν
3331 2613 3346 2639 ,
3369 2573 3431 2626 οὐ
3475 2569 3731 2642 βούλεται
3760 2573 3818 2626 δὲ

2232 2653 2363 2721 ἡμῖν
2395 2656 2553 2724 χεῖρα
2581 2653 2801 2726 ὀρέξαι;
2841 2653 3002 2708 Ἀλλὰ
3036 2655 3175 2725 μηδὲ
3199 2653 3360 2708 τοῦτο
3384 2653 3604 2725 δείσῃς,
3639 2653 3777 2724 φησί
3798 2671 3813 2684 ·

2231 2734 2318 2807 διὰ
2361 2734 2522 2788 τοῦτο
2555 2736 2838 2807 ἐπήγαγεν
2863 2776 2879 2801 ,
2926 2736 3328 2804 Ἀντιλήπτῳ
3364 2734 3555 2804 ἡμῶν.
3601 2735 3818 2788 Οὐκοῦν

2232 2805 2326 2868 καὶ
2361 2816 2605 2886 βούλεται
2639 2805 2732 2871 καὶ
2757 2817 3012 2872 δύναται·
3061 2818 3137 2888 μὴ
3176 2817 3355 2870 τοίνυν
3400 2816 3591 2887 φοϐοῦ.
3623 2817 3690 2870 Τί
3719 2814 3816 2871 οὖν

2231 2899 2280 2950 εἰ
2305 2900 2465 2967 ἡμεῖς
2493 2898 2733 2966 avditae;
2778 2899 2938 2953 Ἀλλά
2970 2899 3226 2970 πατρῴαν
3265 2901 3403 2970 πρὸς
3427 2899 3592 2953 αὐτὸν
3615 2899 3818 2970 ἔχομεν

2232 2981 2657 3051 φιλανθρωπίαν.
2681 2983 2771 3036 Διδ
2794 2986 2888 3036 καὶ
2915 2984 3072 3036 τοῦτο
3102 2983 3414 3053 προστιθεὶς
3443 2981 3631 3052 ἔλεγεν
3649 2983 3702 3046 δ,
3750 2983 3814 3038 Ὃ

2232 3064 2375 3130 Θεὸς
2423 3064 2622 3119 Ἰακὼϐ
2641 3108 2656 3128 ,
2719 3065 2919 3120 ὡσανεὶ
2968 3064 3150 3133 ἔλεγεν
3171 3082 3184 3094 ο
3231 3063 3330 3119 As!
3377 3066 3537 3119 τοῦτο
3572 3066 3635 3119 τὸ
3689 3065 3820 3131 ἔθος

2229 3147 2378 3217 αὐτῷ
2395 3189 2410 3211 ,
2434 3150 2619 3219 φησιν,
2640 3149 2868 3213 ἀνωθεν,
2898 3149 2990 3202 καὶ
3021 3147 3080 3213 ἐξ
3105 3147 3303 3218 ἀρχῆς.
3320 3147 3660 3217 Διὰψαλμα.
3687 3149 3815 3202 Ἀλ-

2228 3229 2316 3293 λος
2342 3235 2367 3294 ,’
2398 3231 2521 3286 Ἀεί.
2568 3230 2746 3284 Δεῦτε
2785 3230 2883 3283 καί
2921 3229 3076 3283 ἴδετε
3101 3234 3172 3283 τὰ
3214 3230 3359 3299 ἔργα
3393 3230 3500 3284 τοῦ
3545 3231 3697 3285 Θεοῦ
3726 3270 3741 3294 ,
3773 3231 3813 3285 ἄ

2228 3312 2394 3367 ἔθετο
2418 3313 2632 3379 τέρατα
2659 3313 2754 3366 ἐπὶ
2781 3313 2893 3382 τῆς
2924 3312 3068 3382 γῆς,
3098 3310 3469 3380 ἀπαναιρῶν
3503 3312 3815 3382 πολέμους

2220 3394 2397 3464 μέχρι
2429 3394 2548 3448 τῶν
2592 3395 2862 3464 περάτων
2906 3394 3017 3464 τῆς
3051 3394 3183 3466 γῆς.
3232 3394 3275 3449 Τ
3277 3395 3423 3460 όξον
3460 3398 3810 3464 συντρίψει,

2225 3478 2324 3531 καὶ
2368 3477 2702 3534 συνθλάσει
2729 3478 2924 3533 ὅπλον
2970 3478 3148 3550 (ἄλλος
3184 3477 3364 3547 λέγει,
3397 3477 3812 3550 Συνέκλασε),

2224 3567 2324 3621 καί
2370 3567 2619 3636 θυρεοὺς
2670 3570 3034 3623 κατακαύσει
3085 3569 3157 3623 ἐν
3204 3569 3368 3636 πυρί.
3417 3569 3611 3632 ’Δλλος
3641 3612 3658 3634 ,
3697 3573 3812 3624 Kal

2225 3647 2461 3718 ἁμάξας
2501 3649 2794 3720 ἐμπρήσει
2842 3651 2913 3704 ὲν
2955 3651 3119 3721 πυρί.
3153 3652 3337 3704 Εἰπὼν
3373 3650 3504 3721 περὶ
3534 3651 3635 3721 τῆς
3666 3653 3808 3724 γῆς,

2227 3732 2357 3802 περὶ
2387 3733 2484 3802 τῆς
2519 3733 2828 3802 θαλάσσης,
2857 3734 2984 3804 περὶ
3015 3733 3124 3785 τῶν
3161 3732 3326 3804 ὀρῶν,
3356 3735 3485 3804 περὶ
3513 3733 3614 3804 τῆς
3644 3752 3811 3789 πνευ-

2229 3815 2463 3884 ματικῆς
2494 3815 2757 3886 χορηγίας
2779 3815 2880 3885 τῆς
2906 3817 2987 3879 είς
3011 3816 3208 3879 αὐτοὺς
3238 3815 3613 3887 γεγενημένης
3638 3856 3654 3881 ,
3679 3818 3808 3886 περὶ

2224 3898 2322 3967 τῆς
2371 3899 2720 3968 συμμαχίας,
2759 3897 2922 3951 πάλιν
2974 3899 3201 3950 ἐκτείνει
3242 3897 3342 3968 τὴν
3373 3897 3630 3952 ὑπόθεσιν
3669 3900 3809 3972 πρὸς

2224 3979 2349 4042 τοὺς
2381 3977 2611 4044 θεατάς,
2641 3982 2734 4033 ἐπὶ
2759 3981 2829 4034 τὰ
2871 3982 3108 4052 τρόπαια
3153 3981 3349 4044 αὐτοὺς
3378 3980 3559 4034 καλῶν
3592 3983 3655 4048 ἐξ
3685 3983 3808 4053 ήδο-

2225 4059 2322 4130 γῆς
2363 4059 2591 4131 πολλῆς,
2625 4063 2720 4116 καὶ
2755 4063 2856 4132 τῆς
2885 4063 3021 4134 πρὸς
3050 4063 3140 4116 τὸν
3162 4054 3440 4133 Δεσπότην
3471 4063 3771 4128 διαθέσεως
3790 4107 3806 4131 ,

2224 4140 2440 4206 καὶτὰς
2463 4144 2619 4208 νίκας
2641 4144 3006 4216 ἀναγορεύων,
3027 4143 3092 4208 ἃς
3118 4145 3258 4215 ὑπὲρ
3282 4144 3461 4198 αὐτῶν
3482 4146 3803 4217 εἰργάσατο.

2226 4224 2337 4276 Καὶ
2365 4223 2547 4289 καλῶς
2571 4223 2690 4278 εἷπε
2712 4265 2727 4291 ,
2763 4227 2978 4295 Τέρατα
3000 4265 3016 4289 ,
3054 4226 3155 4279 οὐκ
3179 4223 3300 4279 εἶπε
3325 4265 3342 4290 ,
3366 4226 3524 4290 νίκας
3553 4229 3649 4281 καί
3674 4229 3802 4301 τρό-

2226 4324 2384 4362 παια.
2410 4308 2483 4361 Οὐ
2517 4307 2624 4380 γὰρ
2656 4308 2799 4363 κατά
2827 4308 3146 4364 ἀκολουθίαν
3177 4309 3386 4377 ἐγίνετο
3410 4309 3478 4362 τὰ
3515 4310 3802 4382 γινόμενα,

2225 4389 2347 4442 οὐδὲ
2371 4391 2556 4454 ὅπλοις
2579 4393 2672 4444 καὶ
2693 4392 2920 4462 δυνάμει
2951 4392 3216 4462 σωμάτων
3235 4391 3306 4445 τὰ
3324 4393 3424 4463 τῆς
3449 4394 3633 4464 μάχης
3657 4396 3806 4471 ἐκρί-

2224 4489 2376 4538 νετο,
2421 4473 2555 4527 ἀλλὰ
2587 4473 2721 4527 Θεοῦ
2769 4475 3030 4544 νεύματι,
3065 4473 3172 4528 τῶν
3205 4475 3548 4545 πραγμάτων
3578 4477 3802 4547 δηλούνο

2223 4582 2365 4629 των,
2395 4565 2476 4618 ὅτι
2515 4566 2673 4629 αὐτὸς
2712 4565 2865 4638 [186]
2893 4562 2961 4636 ἦν
2992 4567 3022 4619 ὁ
3056 4566 3394 4636 στρατηγῶν.
3437 4566 3660 4639 Ἐπειδὴ
3693 4569 3804 4641 γὰρ

2223 4658 2274 4710 οί
2308 4656 2564 4721 ἀσθενεῖς’
2580 4660 2707 4722 τοὺς
2735 4659 2994 4720 δυνατοὺς
3025 4656 3242 4722 ἐνίκων,
3261 4659 3310 4710 οἱ
3331 4658 3503 4727 ὀλίγοι
3524 4645 3653 4724 τοὺς
3681 4662 3806 4714 πολ-

2223 4751 2384 4816 λοὺς,
2417 4753 2464 4804 οί
2519 4751 2920 4822 κεκρατημένοι
2964 4753 3090 4815 τοὺς
3127 4753 3498 4824 κρατοῦντας,
3538 4756 3636 4808 καὶ
3670 4755 3802 4828 παρ’

2225 4843 2414 4896 ἐλπίδα
2449 4845 2516 4898 τὰ
2541 4845 2851 4915 πράγματα
2879 4845 3086 4915 ἐγίνετο
3108 4887 3124 4911 ,
3159 4846 3384 4910 εἰκότως
3419 4849 3562 4900 αὐτὰ
3594 4848 3803 4919 τέρατα

2225 4934 2419 4999 καλεῖ,
2463 4935 2559 4988 ἆτε
2603 4934 2922 5006 παραδόξως
2956 4935 3356 5006 συμϐαίνοντα,
3397 4940 3501 4993 καὶ.
3520 4939 3802 5010 πανταχοῦ

2223 5026 2324 5095 τῆς
2351 5025 2457 5095 γῆς
2478 5025 2836 5096 ὲκτεταμένα.

2294 5123 2342 5186 γ’
2350 5155 2362 5168 .
2391 5118 2561 5171 Τοῦτο
2587 5117 2644 5170 δὲ
2687 5117 2788 5170 οὐκ
2809 5116 2872 5170 ἄν
2887 5135 2968 5181 τις
2986 5118 3221 5190 ἁμάρτοι
3240 5117 3334 5172 καὶ
3353 5117 3493 5171 κατά
3507 5119 3802 5191 ἀναγωγήν

2223 5201 2490 5275 ἔκλασὼν,
2517 5211 2611 5265 καὶ
2641 5211 2721 5272 εἰς
2743 5210 2833 5262 τὸν
2857 5211 3100 5282 παρόντα
3123 5212 3334 5282 καιρόν.
3359 5213 3468 5266 1(α’ἰ⁸
3495 5213 3607 5286 γὰρ
3641 5215 3797 5270 πόλιν

2225 5322 2323 5374 μον
2353 5303 2586 5375 χαλεπὸν
2612 5301 2877 5355 κατέλυσε
2905 5302 2996 5355 τὸν
3026 5302 3136 5357 τῶν
3157 5303 3446 5375 δαιμόνων,
3474 5309 3568 5361 καὶ
3596 5327 3804 5364 πάντα.

2285 5580 2306 5639 ς
2335 5576 2484 5625 Morel
2495 5614 2507 5624 .
2532 5578 2711 5639 ὥσπερ.

2281 5636 2310 5675 ιι
2334 5639 2429 5686 Alii
2452 5642 2506 5686 el
2539 5635 2690 5686 Savil'.
2722 5637 2794 5685 διὸ
2815 5637 2896 5685 καὶ
2917 5635 3059 5684 τοῦτο
3087 5637 3245 5693 δηλῶν
3277 5639 3420 5686 εἶπεν.
3454 5638 3555 5689 Sub
3580 5640 3680 5692 lure
3702 5656 3794 5691 non

2227 5712 2374 5763 ρους-ε
2395 5701 2599 5750 deerunt
2622 5699 2671 5749 in
2697 5699 2866 5749 Morel.
2887 5712 2997 5760 quae
3018 5711 3083 5748 ex
3103 5701 3214 5748 aliis
3234 5700 3533 5763 supplentur
