4058 6446
246 342 354 399 ius

246 460 384 528 quit,
406 456 522 512 Non
551 456 876 513 timebimus.
895 462 951 507 et
976 450 1116 521 quod
1141 464 1356 517 semper
1382 446 1527 510 facit,
1554 455 1694 499 nunc
1722 445 1841 513 qui-

247 552 371 608 dem
401 566 466 605 ex
496 547 777 608 creaturis,
810 560 950 598 nunc
991 557 1119 596 vero
1160 555 1226 595 es
1258 539 1322 592 iis
1364 553 1484 607 quae
1530 533 1837 589 hominibus

247 639 498 697 accidunt
522 637 661 693 vires
682 634 798 705 ejus
824 631 1121 704 prtedicans
1141 672 1155 696 ,
1179 629 1282 685 hoc
1307 629 1483 699 ipsum
1513 626 1601 680 hic
1625 636 1835 697 quoque

248 731 391 786 facit.

323 820 508 874 Omnia
530 818 637 871 Deo
656 816 895 887 proclivia
917 831 936 877 ;
962 813 1055 867 Dei
1074 808 1389 883 providentia
1407 824 1521 863 cum
1536 806 1692 877 ﬂuvio
1716 821 1838 858 con-

246 916 426 982 fertur.
449 939 523 951 -—
537 906 690 975 Quod
710 916 885 960 autem
907 903 1057 967 dicit,
1078 909 1159 958 est
1180 898 1441 970 ejusmodi
1468 916 1481 952 :
1506 898 1695 952 Omnia
1715 910 1837 950 cono

244 1002 398 1066 cntit,
429 998 703 1061 labefacit,
736 996 988 1051 transfert
1015 991 1229 1064 quando
1256 990 1517 1054 voluerit;
1547 989 1683 1042 adeo
1712 995 1837 1041 sunt

245 1092 323 1147 illi
369 1090 548 1145 omnia
580 1095 820 1158 prompta
850 1093 904 1139 et
940 1083 1214 1154 proclivia.
1255 1080 1382 1135 Mihi
1416 1087 1598 1134 autem
1630 1078 1836 1131 videtur

246 1182 335 1238 hic
357 1182 657 1251 signiﬁcare
678 1176 1069 1233 multitudinem
1099 1174 1333 1228 virorum
1358 1171 1594 1234 fortium,
1623 1178 1677 1223 et
1697 1185 1837 1239 pra:-

242 1272 606 1327 stztntissimos
634 1268 887 1331 hostium,
914 1275 968 1322 et
993 1265 1253 1326 inﬁnitum
1294 1263 1548 1333 pupulum
1578 1261 1834 1315 adversa-

244 1365 465 1419 riorum.
498 1362 663 1417 Tanta
694 1370 776 1415 est
801 1360 963 1424 enim,
996 1357 1185 1427 inquit.
1212 1355 1330 1425 ejus
1352 1362 1587 1424 potestas
1613 1361 1685 1417 ιιι,
1720 1366 1833 1405 uto—

242 1456 317 1512 do
334 1466 553 1520 annuat,
582 1454 697 1509 hzec
716 1453 892 1507 omnia
918 1452 1066 1504 ﬂant.
1090 1448 1369 1515 Quomodo
1387 1461 1515 1517 ergo
1542 1445 1835 1513 poterimus

242 1546 435 1600 timere
488 1545 577 1614 qui
626 1544 783 1597 talem
833 1541 1092 1596 habemus
1137 1535 1456 1593 Dominum?
1509 1534 1830 1601 Diapsalma.

246 1638 416 1702 Alius,
446 1636 676 1702 Semper.
705 1634 758 1689 5.
788 1631 1043 1687 Fluminis
1079 1631 1315 1697 impetus.
1346 1626 1515 1689 Alius,
1542 1626 1830 1678 divisiones.

243 1726 500 1782 Hebraats
529 1735 703 1779 autem
724 1764 737 1788 ,
775 1720 1068 1790 Phalagau.
1105 1717 1390 1787 Lanificam
1428 1717 1676 1770 civitatem
1700 1709 1833 1769 Dei:

242 1814 575 1883 sanctiﬁcaoit
601 1812 977 1865 tabernaculum
1003 1825 1152 1863 suum
1177 1808 1482 1861 Altissintus.
1511 1807 1661 1860 Alius
1710 1806 1783 1858 ait
1816 1817 1836 1860 τ

244 1906 497 1963 Sanctum
525 1903 846 1957 habitationis
873 1901 1137 1955 Altissimi.
1166 1898 1219 1953 6.
1255 1897 1396 1953 Deus
1418 1898 1471 1951 in
1508 1897 1671 1950 medio
1701 1899 1830 1967 ejus,

240 2006 291 2051 et
316 2012 415 2051 non
443 1994 845 2049 commovebitur.
869 1991 1137 2062 Adjuuabit
1166 2007 1275 2044 eam
1300 1988 1435 2043 Deus
1462 2005 1610 2041 mane
1633 1989 1834 2041 dilucu-

241 2087 316 2142 lo.
348 2087 498 2142 Alius
517 2085 681 2140 dicit:
708 2081 855 2139 Circa
882 2082 1203 2154 matutinum.
1227 2080 1398 2147 Alius,
1421 2078 1547 2134 Cum
1571 2079 1697 2131 Itora
1717 2093 1829 2131 ma-

240 2180 406 2233 tutina
431 2179 604 2231 instat.
631 2176 917 2246 Postquam
945 2174 1079 2228 dixit
1102 2172 1170 2228 de
1198 2171 1316 2243 ejus
1345 2181 1609 2242 potestate
1637 2179 1691 2224 et
1719 2169 1831 2222 vir.

243 2278 388 2330 tute.
415 2279 472 2323 et
509 2268 557 2322 ei
588 2268 765 2321 omnia
796 2280 916 2321 esse
961 2264 1132 2319 facilia
1158 2304 1174 2329 ,
1222 2261 1291 2325 ad
1320 2263 1435 2333 ejus
1463 2276 1588 2332 erga
1617 2260 1833 2317 Judacos

243 2358 588 2432 providentia:
621 2367 990 2428 argumentum
1014 2355 1278 2411 convertit
1300 2353 1618 2417 orationem,
1649 2353 1832 2420 paucis

238 2452 527 2506 ostendens
567 2466 686 2519 qua:
715 2450 851 2504 bona
878 2448 961 2503 eis
997 2447 1118 2501 data
1162 2444 1380 2501 fuerint.
1413 2445 1507 2499 llic
1532 2446 1697 2510 enim,
1738 2445 1828 2513 qui

239 2550 325 2596 est
351 2540 485 2594 adeo
513 2540 665 2594 fortis
683 2580 699 2606 ,
729 2538 864 2593 adeo
891 2548 1080 2607 potens
1111 2536 1465 2605 terribilisque
1484 2576 1500 2602 ,
1529 2534 1617 2604 qui
1650 2534 1829 2589 omnia

240 2633 344 2688 fert
363 2642 416 2687 et
442 2634 544 2702 agit
569 2673 584 2698 ,
612 2635 699 2702 qui
745 2630 923 2685 omnia
949 2638 1147 2697 movet,
1177 2629 1448 2694 concutit,
1488 2637 1543 2683 et
1577 2627 1832 2682 transfert

238 2739 302 2778 ac
333 2723 579 2789 traducit,
627 2722 865 2791 implevit
893 2721 1158 2777 civitatem
1197 2730 1435 2774 nostram
1466 2718 1621 2774 bonis
1668 2719 1827 2772 innu-

240 2813 425 2867 tncris.
458 2812 674 2866 Fluvius
700 2811 842 2866 enim
873 2811 959 2866 hic
983 2810 1276 2879 profusam,
1303 2808 1598 2878 copiosam,
1629 2819 1682 2861 et
1707 2822 1827 2876 qtae

236 2904 407 2957 arceri
436 2904 619 2972 nequit
654 2916 1007 2971 supernorum
1039 2900 1304 2955 donorum
1336 2899 1544 2968 copiam
1571 2899 1825 2961 ostendit,

239 2995 462 3063 perinde
496 3009 559 3048 ac
584 2994 627 3049 si
663 2993 866 3048 diceret
894 3007 909 3044 :
952 2991 1244 3061 Tamquam
1286 3005 1350 3046 ex
1384 2989 1615 3049 fontibus
1645 2989 1826 3042 omnia

239 3087 395 3141 nobis
417 3087 550 3141 bona
582 3086 866 3156 proﬂuunt.
892 3084 1041 3141 Sicut
1075 3084 1216 3140 enim
1242 3083 1437 3142 ﬂuvius
1456 3083 1544 3152 qui
1567 3082 1826 3136 scinditur

237 3180 291 3235 in
321 3180 514 3233 multas
538 3193 738 3247 partes,
765 3177 1058 3246 subjectum
1087 3175 1358 3245 regionem
1387 3175 1604 3243 irrigat:
1635 3175 1705 3227 ita
1733 3174 1825 3229 Dei

237 3271 567 3341 providentia
594 3269 737 3324 omni
764 3285 829 3323 ex
854 3277 1002 3338 parte
1028 3267 1221 3332 influit,
1248 3265 1459 3320 abunde
1483 3280 1823 3335 prontanaus,

235 3378 358 3417 cunt
386 3375 605 3416 susurro
630 3361 917 3431 pertinens,
949 3368 1003 3414 et
1028 3360 1206 3413 omnia
1230 3359 1477 3426 impleas.
1511 3359 1625 3412 Non
1649 3359 1824 3412 solum

233 3460 412 3507 autem
443 3452 640 3521 przebet
669 3452 821 3505 nobis
847 3451 1215 3513 securitatem,
1255 3447 1645 3516 infractumque
1672 3447 1824 3501 auxi-

239 3544 367 3597 lium
389 3585 405 3609 ,
445 3544 537 3597 sed
579 3544 736 3598 etiam
776 3541 1050 3611 spirituale
1078 3539 1325 3610 gaudium
1358 3556 1370 3591 :
1404 3547 1456 3592 et
1500 3538 1618 3591 ideo
1647 3537 1771 3591 dicit
1806 3552 1820 3589 :

236 3633 583 3703 Sancti/icacit
617 3632 990 3686 tabernaculum
1011 3647 1159 3684 suum
1189 3629 1490 3705 Altissimus.
1520 3629 1823 3694 Quinetiam

239 3725 339 3779 hoc
366 3725 536 3793 ipsum
563 3732 645 3778 est
673 3739 779 3776 non
806 3736 964 3791 parva
986 3733 1109 3791 pars
1140 3719 1401 3783 beneficii,
1427 3718 1826 3773 tabernaculum

236 3834 393 3871 suum
417 3816 589 3870 locum
613 3822 851 3869 rostrum
882 3827 1096 3868 vocare.

307 3899 373 3962 ΞΣ
404 3906 586 3978 Neque
611 3906 751 3960 enim
784 3914 983 3960 temere
1004 3905 1183 3976 posuit
1198 3888 1363 3969 illud,
1393 3903 1702 3957 Altissimus.
1725 3901 1825 3969 Qui

236 4011 317 4058 est
345 4016 475 4071 ergo
500 4000 637 4069 adep
670 4000 844 4066 altus,
876 4000 967 4069 qui
1010 3999 1157 4053 nullo
1185 3998 1303 4053 loco
1331 3998 1824 4068 comprehenditur,

236 4097 328 4166 qui
354 4104 440 4151 est
474 4094 769 4149 substantia
796 4093 1099 4157 ineﬂ'abilis,
1127 4092 1376 4161 dignatus
1401 4101 1484 4146 est
1512 4107 1705 4146 vocare
1733 4105 1830 4145 no-

237 4196 401 4242 stram
429 4185 695 4241 civitatem
742 4198 896 4238 suum
943 4184 1375 4246 tabernaculum,
1420 4197 1646 4252 eamque
1681 4182 1828 4237 omni

236 4293 301 4331 es
330 4286 480 4347 parte
508 4276 764 4330 continet.
799 4275 911 4330 Hoc
950 4276 1093 4329 enim
1120 4274 1218 4329 sibi
1247 4275 1359 4327 vult
1389 4274 1540 4341 illud,
1571 4273 1635 4328 In
1662 4274 1827 4329 medio

241 4369 351 4438 ejus
378 4382 396 4420 .'
422 4365 868 4434 quemadmodum
899 4365 1059 4419 etiam
1094 4365 1221 4420 dicit
1252 4380 1267 4419 :
1301 4364 1430 4418 Ecce
1458 4381 1548 4437 ego
1576 4365 1829 4420 uobiscum

236 4476 348 4511 sum
380 4455 602 4528 (Matth.
630 4457 720 4511 28.
753 4454 883 4525 20).
917 4454 1162 4526 Undique
1189 4471 1307 4509 eam
1337 4457 1743 4525 complectitur;
1776 4466 1831 4510 et

240 4549 360 4604 ideo
405 4564 509 4601 non
539 4547 697 4601 modo
727 4547 857 4601 nihil
886 4561 1049 4617 grave
1088 4547 1334 4616 patietur,
1366 4547 1459 4602 sed
1492 4564 1558 4602 ne
1594 4563 1832 4602 commo—

241 4642 448 4696 vebitur
476 4639 713 4710 quidem.
757 4639 928 4693 Causa
960 4647 1136 4693 autem
1167 4646 1282 4702 est,
1310 4638 1451 4708 quod
1491 4640 1829 4695 celerrimum

240 4730 543 4799 assequitur
563 4728 841 4792 auxilium,
871 4737 1053 4797 utpote
1072 4728 1213 4797 quod
1235 4728 1304 4783 sit
1334 4737 1633 4798 promptunt
1655 4737 1709 4783 ct
1736 4746 1832 4799 pa-

247 4831 414 4873 ratum
438 4835 452 4871 :
480 4818 579 4872 hoc
604 4818 745 4872 enim
777 4818 874 4871 sibi
897 4819 1009 4871 vult
1038 4818 1187 4884 illud,
1220 4817 1375 4871 Mane
1398 4817 1622 4872 diluculo
1647 4834 1665 4873 :
1689 4820 1831 4889 quod

243 4928 347 4967 non
379 4910 644 4976 diﬂertur,
678 4924 775 4963 nec
802 4909 1151 4977 protrahitur,
1180 4909 1273 4963 sed
1300 4918 1383 4963 est
1406 4924 1619 4978 semper
1647 4925 1833 4965 reCens

240 5013 293 5059 et
324 5012 594 5071 vegetum,
628 5008 681 5055 et
719 5000 771 5053 in
802 5010 1039 5067 tempore
1068 5011 1387 5069 opportuno.
1426 5001 1479 5053 7.
1511 4999 1835 5056 Conturbator

242 5104 362 5150 sunt
398 5101 589 5164 gentes.
631 5092 801 5156 Alius,
833 5090 1163 5162 Congregatte
1187 5100 1303 5145 sunt
1344 5102 1532 5162 gentes.
1578 5090 1835 5147 Inclinato

241 5194 359 5240 sunt
380 5200 556 5253 regna.
577 5180 727 5235 Dedit
747 5197 914 5235 vocem
935 5198 1079 5235 suam
1103 5181 1408 5247 Altissimus,
1431 5190 1565 5235 mota
1585 5192 1657 5237 est
1677 5192 1834 5237 terra.

248 5275 495 5333 Ostendit
520 5273 606 5327 hic
650 5273 754 5327 vim
783 5273 899 5342 ejus
942 5273 1143 5327 auxilii.
1183 5272 1299 5327 Non
1342 5274 1484 5328 enim
1514 5274 1837 5341 quibuslibet

245 5362 639 5428 invadentibus,
668 5362 759 5416 sed
801 5362 1035 5433 regibus,
1064 5362 1311 5432 gentibus
1341 5364 1570 5431 undique
1596 5366 1837 5419 coeunti-

248 5457 367 5520 bus,
401 5469 560 5508 unam
586 5454 858 5507 civitatem
886 5454 1340 5508 circumdantibus
1365 5464 1419 5509 et
1444 5455 1833 5523 obsidentibus,

247 5563 351 5599 non
382 5544 542 5600 modo
573 5546 700 5597 nihil
730 5560 888 5615 grave
923 5544 991 5598 ab
1017 5545 1095 5599 eis
1128 5560 1277 5612 passa
1306 5555 1408 5609 est,
1441 5545 1534 5599 sed
1565 5547 1723 5599 etiam
1755 5547 1836 5600 vi-

244 5638 339 5701 cit,
386 5636 676 5706 supera‘rit,
709 5647 763 5691 et
808 5637 998 5691 evertit
1045 5653 1140 5691 eos
1191 5636 1280 5706 qui
1335 5638 1673 5693 invadebant.
1729 5638 1837 5694 lloc

255 5732 393 5792 cuitu
422 5728 522 5785 sibi
556 5730 665 5784 vult
695 5730 841 5796 illud,
878 5728 1131 5784 Inclinato
1156 5741 1273 5783 sunt
1306 5747 1480 5803 regna,
1506 5732 1642 5785 dedit
1669 5749 1837 5786 rorem

1360 330 1721 387 EXPOSITIU
1761 329 1826 387 IN
1863 327 2185 386 PSALMUM
2225 325 2385 385 XLV.

3443 332 3549 385 9(ιὸ

1939 454 2089 495 suam
2114 442 2407 497 Altissimus
2432 459 2451 494 .'
2480 442 2701 513 perinde
2729 458 2792 498 ac.
2820 444 2866 499 si
2890 444 3114 510 dixeris,
3154 444 3249 500 Vel
3289 444 3405 500 solo
3431 446 3541 497 cla-

1942 545 2095 588 more
2135 534 2278 602 cepit
2304 534 2485 591 urbes.
2519 532 2751 589 Verbum
2782 536 2996 606 quidem
3026 553 3287 603 crassum,
3318 539 3542 607 etquod

1943 624 2180 677 humano
2217 639 2370 679 more
2412 624 2612 679 dictum
2663 635 2745 680 est
2775 644 2787 679 :
2818 641 2993 697 neque
3021 627 3167 682 enim
3213 627 3378 682 vincit
3405 629 3549 682 Deus

1943 727 2075 769 voce
2104 720 2160 769 e't
2196 715 2463 779 clamore,
2490 715 2585 771 sed
2615 716 2729 771 solo
2758 727 2887 770 nutu
2918 726 2971 771 et
3000 724 3290 773 voluntate.
3322 718 3427 775 Sed
3461 729 3544 773 ta-

1942 822 2065 860 men
2096 821 2161 861 ex
2194 807 2276 861 his
2295 822 2507 877 quoque
2535 806 2887 863 crassioribus
2917 825 3040 863 cum
3071 810 3383 875 sustollens,
3420 810 3539 866 aliis

1942 897 2187 951 altiorem
2211 897 2503 953 dictionem
2532 899 2873 967 excogitavit.
2902 901 3037 967 Qnia
3072 902 3217 956 enim
3243 920 3364 967 eum
3392 918 3537 959 sem-

1944 1004 2040 1058 per
2068 989 2356 1044 introducit
2402 999 2667 1044 armatum
2688 1031 2705 1057 ,
2735 992 3029 1046 ostendens
3074 992 3161 1045 illa
3192 994 3368 1047 omnia
3401 994 3543 1049 dicta

1943 1095 2063 1134 esse
2089 1080 2472 1149 metaphorice,
2500 1090 2555 1136 et
2584 1082 2807 1149 tropice,
2830 1092 2885 1136 et
2914 1092 2970 1136 ut
2994 1098 3053 1137 se
3096 1083 3160 1137 ad
3190 1094 3431 1139 nostrum
3455 1101 3545 1140 ca-

1943 1181 2092 1241 ptum
2117 1171 2552 1227 accommodaret
2571 1172 2738 1243 (Deus
2760 1174 2902 1227 enim
2921 1175 3070 1229 nullo
3089 1190 3274 1230 eorum
3295 1178 3540 1247 indiget),

1942 1261 2224 1330 sultjnnxit
2255 1280 2269 1317 :
2298 1260 2452 1315 Dedit
2493 1277 2661 1315 uocem
2699 1280 2876 1327 suam,
2907 1273 2952 1318 et
2981 1276 3233 1319 commota
3264 1277 3336 1320 est
3370 1279 3545 1329 terra;

1940 1350 2234 1406 ostendens
2250 1355 2423 1421 ipsum
2444 1367 2549 1407 nou
2571 1351 2744 1407 solum
2768 1354 2950 1424 urbes,
2968 1364 3174 1422 gentes,
3197 1366 3251 1411 ct
3274 1358 3541 1426 regiones,

1940 1442 2033 1496 sed
2072 1442 2243 1512 ipsum
2280 1443 2439 1498 etiam
2470 1444 2793 1499 elementum
2822 1454 3130 1501 concutere.
3166 1446 3313 1502 Solet
3357 1459 3539 1502 autem

1942 1540 2140 1586 terram
2164 1546 2377 1602 quoque
2399 1534 3038 1606 vocarentultitudinem,
3063 1545 3120 1590 ut
3140 1536 3354 1607 quando
3375 1538 3539 1593 dicit:

1940 1621 2009 1676 Et
2038 1633 2145 1676 erat
2171 1624 2335 1679 omnis
2355 1634 2488 1678 terra
2522 1625 2712 1679 labium
2750 1642 2906 1679 unum
2936 1625 3093 1697 (Gen.
3122 1629 3208 1683 Η.
3241 1629 3315 1699 1).
3351 1629 3403 1684 8.
3432 1628 3547 1684 Da-

1941 1716 2106 1768 minus
2130 1717 2370 1769 virtutum
2396 1717 2672 1771 nobiscum.
2700 1717 2979 1787 Susceptor
2999 1730 3168 1774 noster
3195 1718 3334 1774 Deus
3355 1721 3540 1775 Iacob.

1941 1806 2198 1861 Hebraeus
2221 1816 2399 1861 autem
2429 1823 2525 1878 pro
2554 1822 2620 1863 eo
2648 1808 2790 1879 quod
2820 1819 2923 1873 est,
2961 1808 3251 1878 Virtutum,
3280 1812 3413 1866 dixit
3436 1812 3540 1867 Sa-

1938 1898 2111 1951 baoth.
2145 1897 2276 1952 Vide
2323 1900 2597 1968 quomodo
2624 1915 2654 1954 a
2684 1901 2987 1965 terra,tollit
3014 1904 3313 1959 orationem
3341 1904 3406 1959 ad
3437 1922 3541 1964 cas.

1938 1988 2071 2055 lum,
2100 1990 2166 2043 ad
2190 1988 2425 2045 inﬁnitos
2454 1992 2765 2060 angelorum
2793 2003 2988 2058 cintus,
3016 1995 3082 2046 ad
3100 2004 3287 2065 gentes
3308 1997 3542 2051 areban-

1939 2082 2204 2150 gelorum.
2230 2080 2296 2135 ad
2329 2097 2589 2150 supernas
2621 2091 2932 2151 potestates.
2965 2084 3104 2150 Quid
3130 2089 3274 2139 enim
3299 2087 3425 2140 mihi
3456 2089 3540 2143 di-

1937 2172 2016 2226 cis
2044 2181 2241 2235 castra,
2270 2172 2548 2234 barbaros.
2577 2182 2631 2226 et
2660 2174 2908 2228 homines
2936 2176 3026 2244 qui
3058 2178 3325 2246 pereunt?
3351 2177 3542 2234 Consi—

1936 2263 2065 2318 dera
2094 2263 2213 2333 cjus
2240 2264 2380 2319 vires
2402 2279 2469 2317 ex
2498 2279 2664 2335 regno
2693 2267 2836 2334 quod
2870 2267 2921 2320 itt
2953 2267 3099 2321 cadis
3132 2269 3334 2324 obtinet
3365 2289 3377 2325 :
3410 2281 3541 2341 quot

1939 2355 2284 2410 invisibilium
2333 2364 2650 2425 potestatum
2678 2356 2948 2410 exercitus
2991 2359 3092 2412 sub
3130 2373 3191 2413 se
3233 2358 3427 2415 habeat
3453 2361 3539 2415 itt-

1936 2456 2193 2503 Structos.
2238 2447 2405 2503 Recte
2431 2457 2610 2502 autem
2646 2463 2743 2503 eos
2768 2449 3057 2519 appellavit
3098 2450 3321 2506 virtutes
3343 2494 3357 2517 ,
3393 2455 3539 2509 vires

1936 2553 2124 2595 eorum
2154 2538 2448 2592 ostendens
2474 2554 2487 2590 :
2517 2537 2613 2592 sed
2638 2538 2801 2593 etiam
2827 2538 2957 2593 dicit
2975 2539 3100 2594 alibi
3131 2557 3147 2595 :
3176 2540 3413 2596 Potentes
3437 2544 3534 2598 vir-

1934 2638 2056 2693 tute,
2099 2629 2338 2699 focientes
2368 2627 2572 2681 verbum
2613 2628 2722 2698 ejus
2759 2628 2934 2699 (Psal.
2971 2630 3094 2686 109..
3141 2630 3274 2701 20).
3325 2633 3537 2689 Etenim

1937 2737 2073 2776 unus
2101 2722 2319 2791 angelus
2347 2736 2469 2775 cum
2513 2720 2802 2790 aliquando
2829 2731 2976 2777 esset
3004 2707 3287 2793 egressus,
3320 2735 3538 2781 centum

1934 2814 2200 2883 octoginta
2221 2812 2456 2883 quinque
2478 2812 2640 2867 millia
2663 2814 2879 2868 sustulit
2902 2813 2979 2885 (4.
3000 2814 3127 2886 Reg.
3153 2817 3239 2871 l9.
3262 2817 3377 2885 35).
3399 2818 3536 2884 Quid

1936 2907 2124 2975 igitur,
2158 2905 2203 2960 si
2246 2903 2568 2974 estquidem
2600 2912 2819 2974 potens,
2864 2922 2971 2959 non
3002 2907 3117 2960 vult
3158 2917 3336 2963 autem
3383 2910 3539 2965 nobis

1934 3016 2150 3055 manum
2192 3001 2465 3071 praebere?
2488 3002 2651 3071 Atqui
2681 3016 2750 3057 ne
2789 3002 2893 3057 hoc
2926 3001 3208 3058 timueris:
3242 3004 3363 3059 ideo
3389 3004 3535 3059 enim

1934 3094 2209 3163 subjuuxit
2231 3134 2247 3159 ,
2277 3092 2558 3164 Susceptor
2579 3104 2769 3149 noster.
2798 3094 2867 3149 Et
2896 3095 3007 3150 vult
3032 3097 3193 3165 igitur
3216 3105 3271 3151 et
3312 3105 3490 3166 potest
3518 3117 3534 3155 :

1934 3202 2002 3239 ne
2040 3202 2171 3256 ergo
2200 3188 2406 3241 timeas.
2437 3185 2574 3254 Quid
2613 3186 2658 3240 si
2689 3200 2787 3241 nos
2813 3202 3001 3242 sumus
3032 3188 3233 3259 indigni
3253 3188 3278 3242 ?
3302 3188 3408 3245 Sed
3441 3189 3537 3244 hac

1934 3277 2124 3332 bemus
2151 3293 2181 3331 a
2210 3277 2446 3346 patribus
2475 3276 2721 3330 traditam
2753 3276 2871 3346 ejus
2906 3278 2959 3331 in
2988 3293 3085 3332 nos
3126 3277 3533 3349 benignitatem.

1935 3367 2047 3423 lloc
2074 3369 2252 3438 itaque
2279 3368 2590 3436 subjiciens,
2618 3367 2775 3432 dixit,
2808 3367 2944 3422 Deus
2970 3368 3133 3422 Jacob
3154 3385 3173 3423 :
3206 3371 3355 3439 quasi
3384 3370 3536 3427 dicc-

1932 3464 2034 3526 rct,
2063 3461 2179 3515 lam
2207 3460 2335 3513 olim
2357 3501 2373 3525 ,
2403 3468 2459 3515 et
2483 3460 2551 3516 ab
2582 3460 2731 3514 initio
2759 3460 2873 3514 haec
2902 3460 2999 3514 fuit
3021 3476 3239 3531 semper
3262 3462 3379 3531 ejus
3404 3478 3536 3517 eou-

1932 3550 2178 3605 suetudo.
2221 3548 2520 3615 Diapsalma
2564 3550 2666 3620 (a).
2719 3551 2892 3616 Alius,
2923 3548 3160 3619 Semper.
3190 3550 3244 3605 9.
3288 3550 3461 3606 Venite
3488 3561 3537 3606 et

1931 3643 2092 3695 videte
2114 3647 2269 3709 opera
2295 3639 2524 3706 Domini,
2559 3656 2672 3710 qua:
2693 3642 2859 3708 posuit
2888 3640 3123 3711 prodigia
3146 3657 3299 3709 super
3324 3651 3531 3708 terram,

1934 3730 2022 3786 10.
2050 3734 2286 3801 auferens
2307 3728 2438 3783 bella
2459 3744 2618 3801 usque
2644 3729 2713 3783 ad
2732 3730 2860 3798 ﬁnes
2880 3740 3048 3783 teme.
3074 3731 3263 3783 Arcton
3292 3738 3532 3796 conteret,

1932 3833 1981 3878 et
2009 3821 2292 3892 confringet
2318 3836 2461 3874 arma
2489 3821 2662 3890 (alius,
2695 3819 3000 3890 Confregit),
3029 3831 3076 3874 et
3101 3821 3303 3891 clypeos
3328 3820 3538 3874 combu-

1932 3924 2006 3969 ret
2034 3914 2161 3984 igni.
2192 3912 2363 3977 Alius,
2389 3921 2436 3966 et
2465 3927 2643 3965 currus
2686 3912 2942 3963 comburet
2983 3914 3034 3963 in
3075 3911 3200 3980 igni.
3245 3909 3533 3978 Postquattt

1933 4004 2071 4060 dixit
2097 4004 2165 4059 de
2196 4011 2336 4058 terra
2361 4045 2377 4069 ,
2408 4002 2475 4057 de
2507 4002 2677 4068 mari,
2718 4002 2786 4056 de
2818 4001 3130 4066 montibus,
3158 4001 3226 4055 dc
3269 4000 3535 4070 spirituali

1933 4111 2053 4166 quae
2084 4095 2212 4164 ipsis
2240 4094 2378 4150 facta
2402 4101 2487 4147 est
2510 4093 2663 4162 copia
2683 4134 2699 4156 ,
2745 4092 2813 4145 de
2842 4092 3041 4146 auxilio
3061 4133 3076 4156 ,
3105 4091 3172 4145 ad
3201 4100 3539 4160 spectatores

1935 4202 2123 4241 rursus
2165 4192 2534 4255 argumentum
2563 4182 2804 4238 extendit
2825 4223 2839 4246 ,
2872 4197 2970 4237 eos
2996 4196 3194 4237 vocans
3235 4180 3302 4236 ad
3335 4190 3541 4250 tropum

1935 4294 2001 4334 ex
2033 4295 2220 4349 magna
2252 4277 2542 4347 voluptate,
2570 4284 2624 4330 et
2651 4289 2859 4329 summa
2896 4274 2949 4328 in
2982 4273 3263 4327 Dominum
3290 4272 3537 4327 aﬂectio-

1937 4386 2038 4433 ne,
2070 4382 2124 4424 et
2152 4383 2376 4421 narrans
2408 4365 2655 4420 victorias
2683 4381 2815 4435 quas
2849 4380 2946 4433 pro
2975 4364 3057 4418 eis
3084 4365 3336 4417 obtinuit.
3371 4364 3541 4417 llecte

1936 4456 2297 4522 autetiitdixit,
2331 4456 2598 4526 Prodigia,
2625 4471 2731 4509 non
2754 4464 2933 4508 autem
2954 4453 3207 4507 victorias
3231 4463 3285 4506 et
3309 4461 3533 4522 tt-optca.

1937 4551 2051 4605 Non
2074 4551 2213 4604 cuitu
2242 4564 2359 4619 qua:
2388 4548 2583 4603 fiebant
2602 4587 2618 4611 ,
2648 4555 2798 4599 certo
2824 4545 3014 4599 ordine
3040 4552 3096 4599 ct
3121 4543 3261 4599 serie
3303 4543 3538 4614 :.gebatt-

1939 4655 2069 4697 tur:
2119 4656 2220 4695 nec
2268 4640 2435 4693 armis
2483 4646 2537 4691 et
2586 4637 2780 4690 virtute
2828 4650 3115 4704 corporum
3147 4634 3537 4690 decernebatur

1939 4732 2203 4803 praelium,
2236 4729 2329 4784 sed
2382 4728 2476 4783 Dei
2523 4736 2676 4792 nutu,
2732 4725 2893 4779 rebus
2941 4726 3366 4794 signiﬁcantibus
3411 4741 3539 4779 cum

1938 4839 2058 4879 esse
2082 4824 2482 4892 Imperatorem.
2505 4819 2765 4886 Quoniam
2788 4818 2930 4871 enim
2958 4826 3203 4885 potentes
3236 4816 3537 4871 vinceban-

1942 4922 2028 4968 tur
2047 4914 2115 4966 ab
2139 4911 2441 4973 imbecillis,
2470 4908 2621 4964 multi
2657 4923 2687 4961 a
2721 4908 2924 4977 paucis,
2949 4908 3037 4977 qui
3068 4905 3400 4961 dominatum
3426 4906 3539 4962 ob-

1943 5007 2210 5070 tinebant,
2240 5005 2307 5057 ab
2334 5004 2396 5058 iis
2418 5003 2506 5072 qui
2534 5002 2613 5056 eis
2650 5001 2942 5070 parebant,
2968 5008 3024 5053 et
3048 5014 3136 5053 res
3164 5008 3356 5069 praeter
3383 5014 3537 5068 spem

1941 5098 2321 5159 succedetmnt,
2350 5111 2413 5150 ea
2436 5095 2556 5164 jure
2581 5101 2736 5148 vocat
2766 5090 3030 5161 prodigia,
3063 5100 3119 5144 ut
3138 5107 3257 5161 qua:
3290 5090 3541 5145 admira—

1944 5190 2120 5246 biliter
2140 5198 2194 5244 et
2219 5197 2412 5257 prattcr
2431 5198 2583 5255 spem
2609 5181 2952 5249 eveniebant,
2980 5190 3035 5237 et
3054 5181 3251 5252 ubique
3278 5190 3538 5235 terrarum

1944 5297 2128 5353 Sparsa
2150 5281 2393 5351 |fueraut.

2016 5376 2068 5429 3.
2114 5373 2228 5425 Pus:
2256 5372 2308 5423 itt
2336 5378 2520 5423 terram
2542 5382 2629 5437 per
2652 5365 2905 5419 Christum
2925 5365 3117 5429 allata;
3147 5364 3296 5434 ignis,
3324 5365 3402 5417 ira
3423 5363 3540 5418 Dei.

1942 5466 2129 5519 —-—Nou
2148 5462 2474 5517 aberraverit
2488 5467 2665 5513 autem
2683 5457 2967 5527 quispiam,
2981 5457 3024 5511 si
3043 5456 3144 5511 hoc
3160 5471 3253 5525 per
3267 5472 3542 5524 anagogeu

1945 5558 2010 5611 ad
2042 5569 2278 5627 pra-setis
2303 5553 2463 5607 etiam
2488 5559 2699 5619 tempus
2726 5548 3101 5617 desumpserit.
3143 5548 3370 5603 Diftit-ile
3394 5549 3539 5601 enim

2017 5738 2089 5800 (a)
2136 5731 2427 5798 Izt'apsultna,
2456 5742 2543 5793 pro
2569 5741 2665 5792 quo
2692 5727 2890 5777 Hebraei
2913 5726 3115 5785 habent,
3140 5724 3264 5775 seta.
