4058 6448
537 330 643 387 207

536 444 838 497 (itcltlonlim
865 440 1063 496 bellum
1092 437 1318 499 coniecit
1338 479 1355 505 ,
1394 449 1447 493 et
1471 453 1566 508 per
1606 437 1908 490 universum
1937 433 2119 488 orbem

537 544 696 610 terrm
725 547 907 603 pacem
935 529 1172 586 extendit
1199 547 1213 584 :
1246 531 1373 600 quin
1399 529 1558 608 etiam
1607 526 1746 595 quod
1776 525 1875 580 sub
1900 539 2119 580 sensum

535 625 715 700 cadit,
761 637 944 680 eorum
987 621 1185 676 bellum
1215 620 1435 690 depulit.
1481 618 1630 686 Quod
1679 617 1858 671 Esaias
1909 630 2120 685 quoque

536 717 842 786 signiﬁcans
866 714 1079 769 dicebat
1104 730 1118 766 :
1147 711 1460 768 Contuudent
1480 710 1677 781 gladios
1703 725 1819 762 suos
1843 709 1895 761 in
1925 700 2132 768 aratra,-

535 815 581 861 ct
605 813 804 861 lanceas
846 822 964 859 suas
1013 805 1066 858 in
1110 803 1265 876 falces
1285 843 1298 866 ,
1327 812 1373 856 et
1397 809 1683 855 nonnumet
1723 815 1843 870 gens
1881 797 2118 851 adversus

535 905 728 967 gentem
748 895 994 967 gladium,
1022 910 1111 948 nec
1131 892 1321 948 discent
1340 890 1557 960 atnplius
1579 890 1767 944 bellare
1789 887 1938 960 (lsai.
1961 888 2018 942 2.
2036 887 2111 952 1).

539 988 677 1041 Ante
701 985 895 1042 Christi
925 985 1064 1040 enim
1107 983 1422 1048 adventum,
1446 996 1634 1038 omnes
1661 981 1906 1036 homines
1950 980 2118 1034 armis

537 1077 952 1141 instruebantur,
975 1084 1030 1129 et
1054 1075 1231 1130 nullus
1252 1072 1456 1129 eratab
1475 1072 1576 1127 hoc
1598 1087 1818 1127 munere
1845 1070 2114 1136 immunis,

535 1158 594 1224 et
609 1166 853 1222 civitates
879 1165 1184 1235 pugnabant
1201 1163 1458 1219 adversus
1477 1164 1738 1228 civitates,
1769 1173 1823 1219 et
1845 1163 1986 1220 bello
2011 1163 2118 1216 ubi-

532 1271 642 1325 que
666 1255 1074 1326 conﬂigebatur;
1103 1269 1247 1310 nunc
1269 1261 1447 1310 autem
1488 1255 1658 1322 major
1687 1268 1808 1322 pars
1837 1264 1994 1308 terrae
2021 1252 2116 1309 de-

533 1347 612 1417 git
639 1334 696 1417 in
737 1361 887 1415 pace,
915 1345 1162 1401 omnibus
1185 1360 1376 1401 secure
1403 1333 1546 1400 artes
1569 1345 1961 1408 exercentibus,
1992 1352 2117 1399 ter—

533 1416 667 1491 ram.
689 1437 1018 1502 colentibus,
1049 1446 1104 1492 et
1131 1451 1280 1492 mare
1325 1436 1694 1507 navigantibus
1725 1453 1740 1488 :
1770 1445 1894 1490 sunt
1937 1445 2111 1490 autem

538 1519 690 1595 pauci
720 1528 945 1595 milites,
976 1530 1064 1598 qui
1090 1543 1188 1598 pro
1222 1527 1339 1583 aliis
1369 1529 1618 1583 omnibus
1654 1529 1900 1584 militant.
1933 1529 2116 1596 Quin-

521 1620 701 1673 ~ctlam
759 1633 942 1673 eorum
985 1633 1196 1689 quoque
1237 1619 1413 1675 nullus
1481 1629 1624 1675 esset
1661 1636 1788 1674 usus
1831 1621 2112 1691 reliquus,

536 1707 584 1760 si
633 1722 751 1782 qua:
778 1707 933 1762 decet
962 1707 1284 1774 iaceremus,
1331 1718 1386 1764 et
1425 1725 1531 1764 non
1574 1725 1707 1780 opus
1757 1709 2111 1776 haberemus,

539 1806 597 1849 ut
629 1798 1192 1863 commnnelieremus,
1241 1799 1316 1853 ab‘
1363 1798 1756 1859 afﬂictionibus.
1801 1800 1978 1870 Ignem
2020 1817 2117 1865 au:

535 1897 645 1942 tem
693 1889 776 1942 hic
831 1897 984 1942 vocat
1034 1890 1149 1958 ejus
1201 1890 1371 1956 iram,
1413 1897 1470 1945 et
1516 1889 1645 1946 dicit
1688 1906 1801 1946 rem
1852 1906 1972 1962 qua:
2027 1906 2116 1946 ac-

534 1977 703 2044 cidit,
762 1979 903 2049 qnod
948 1979 1154 2034 scilicet
1200 1985 1348 2033 arma
1401 1995 1586 2036 eorum
1631 1990 1688 2038 et
1727 1997 1915 2038 currus
1968 1999 2115 2038 com-

535 2068 823 2134 busseriut,
873 2084 995 2124 cum
1045 2085 1138 2126 eos
1175 2086 1270 2142 per
1316 2071 1420 2124 vim
1461 2072 1736 2136 vicissent,
1767 2073 1908 2144 quod
1951 2074 2112 2130 etiam

533 2160 665 2215 dicit
706 2160 953 2216 Ezechiel
987 2160 1218 2233 (Each.
1249 2164 1336 2220 59.
1370 2163 1437 2219 10
1464 2164 1512 2233 );
1555 2174 1609 2219 et
1631 2164 1950 2233 quicumque
1990 2174 2115 2220 sunt

540 2248 762 2306 studiosi
807 2262 1002 2306 norunt
1046 2253 1344 2308 historiam.
1375 2255 1460 2309 11.
1494 2252 1681 2310 Vacate
1707 2267 1753 2310 at
1782 2257 1967 2322 ridete,
1987 2273 2114 2328 quo-

538 2341 673 2397 niam
693 2360 784 2414 ego
806 2361 918 2399 sunt
941 2343 1096 2400 Deus.
1124 2343 1416 2415 ,Ezaltabor
1441 2348 1493 2402 in
1511 2349 1760 2420 gentibus,
1788 2360 1836 2403 et
1855 2351 2115 2410 exaltabor

536 2434 590 2488 in
611 2446 766 2490 terra.
794 2435 964 2503 Alius,
996 2436 1278 2503 Curamiui,
1310 2447 1356 2492 et
1383 2441 1689 2510 cognoscite.
1727 2440 1912 2504 Alius,
1947 2440 2115 2496 Sinite

537 2536 592 2578 ut
621 2512 936 2597 cognoscatis
959 2544 978 2583 :
1000 2527 1254 2585 Hebraeus
1272 2539 1450 2584 autem
1487 2530 1636 2595 dicit,
1669 2529 1952 2602 0.4arphou
1988 2547 2110 2586 oua-

535 2615 659 2670 ἀοι.
674 2615 771 2672 llic
788 2617 916 2674 mihi
935 2618 1145 2676 videtur
1162 2620 1356 2697 alloqui
1371 2628 1580 2692 gentes,
1604 2622 1986 2691 propemodum
2013 2622 2114 2679 hoc

539 2705 726 2762 dicens
750 2724 772 2762 :
808 2708 1040 2765 Novistis
1066 2709 1279 2781 quidem
1306 2712 1422 2781 ejus
1448 2711 1595 2768 vires
1617 2751 1632 2776 .
1676 2722 1732 2769 et
1777 2715 2067 2783 potentiam
2091 2755 2108 2782 ,

534 2813 655 2865 quat
678 2797 871 2869 ubique
907 2807 1169 2858 terrarum
1209 2815 1269 2856 se
1309 2800 1584 2856 extendit:
1609 2795 1613 2799 “
1635 2817 1770 2873 opus
1815 2812 1899 2860 est
1926 2813 2114 2868 autem

520 2880 689 2942 'vobis
713 2887 847 2955 otio,
875 2904 1011 2959 opus
1037 2901 1120 2947 est
1141 2905 1276 2945 sano
1308 2893 1508 2947 animo.
1530 2890 1645 2948 Hoc
1663 2907 1824 2963 porro
1850 2893 2115 2964 signiﬁcat

533 2978 694 3034 etiam
725 2978 876 3047 illud,
917 2979 1086 3037 Sinite
1113 2996 1133 3036 :
1159 2982 1407 3038 Errorem
1447 2980 1717 3046 dimittite,
1743 2999 1773 3036 a
1804 2983 1965 3052 priori
1991 2983 2114 3038 vitae

495 3080 497 3082 ·
537 3069 782 3124 instituto
825 3069 1060 3139 recedite
1081 3060 1122 3136 ,’
1148 3087 1180 3126 a
1229 3087 1406 3129 rerum
1449 3071 1808 3142 improbarnm
1831 3112 1847 3139 ,
1868 3089 1988 3145 qua:
2015 3089 2112 3131 vos

442 3152 447 3159 ’
533 3161 773 3217 detinent
797 3203 813 3226 ,
843 3163 1072 3233 caligine
1103 3165 1359 3232 respirate
1384 3204 1402 3231 ,
1435 3173 1494 3218 ut
1529 3163 1744 3220 deducti
1791 3183 1822 3218 a
1869 3165 2110 3221 doctrina

535 3253 929 3317 miraculorum,
947 3255 1229 3324 quietaque
1255 3255 1432 3310 animo
1460 3255 1687 3325 pmditi,
1716 3257 1881 3312 Deum
1901 3258 2115 3313 univer-

535 3359 715 3402 sorum
744 3345 1064 3415 agnoscatis.
1092 3345 1275 3416 Neque
1301 3348 1442 3402 enim
1488 3347 1741 3402 miracula
1784 3347 1957 3403 solum
2003 3348 2112 3402 suf-

540 3435 747 3500 ficiunt,
779 3435 878 3489 nisi
925 3435 1066 3491 adsit
1109 3438 1225 3506 pius
1249 3445 1304 3491 et
1327 3445 1510 3508 gratus
1549 3437 1780 3492 animus.
1810 3437 1941 3493 Nam
1971 3438 2108 3507 apud

532 3523 747 3583 Judreoa
775 3539 988 3594 quoque
1016 3523 1153 3579 iacta
1178 3533 1302 3580 sunt
1325 3525 1599 3591 miracula,
1632 3542 1730 3581 nec
1753 3542 1820 3582 es
1843 3527 1925 3582 eis
1950 3527 2110 3598 quid-

534 3628 698 3684 quam
729 3614 1072 3670 emolumenti
1104 3615 1175 3670 ad
1218 3615 1428 3671 illorum
1482 3617 1705 3672 salutem
1749 3619 1964 3673 allatum
2005 3629 2107 3675 est.

531 3703 992 3770 Quemadmodum
1024 3706 1164 3760 enim
1209 3721 1314 3761 non
1354 3705 1626 3762 sufﬁciunt
1658 3701 1785 3763 solis
1805 3709 1939 3762 radii
1962 3749 1976 3774 ,
2008 3709 2110 3763 nisi

537 3795 727 3850 oculus
756 3810 969 3866 quoque
1015 3797 1084 3850 sit
1109 3809 1276 3866 purus
1296 3805 1354 3852 et
1393 3811 1594 3868 sanus:
1634 3797 1704 3852 ita
1733 3813 1832 3853 nec
1870 3798 1960 3854 hic
1993 3800 2112 3868 qui-

543 3883 668 3938 dem
696 3885 807 3941 sola
839 3865 1094 3940 miracula
1114 3865 1422 3941 sufﬁciunt.
1453 3865 1716 3955 Quocirca
1743 3903 1866 3944 cum
1905 3888 1975 3944 de
2003 3865 2110 3945 illis

537 3973 901 4038 disseruisset,
929 3973 1175 4030 hortatur
1201 3991 1296 4031 eos
1319 3977 1413 4048 qui
1440 3987 1568 4033 sunt
1601 3994 1669 4035 es
1697 3977 1804 4034 illis
1827 3979 2106 4035 utilitatem

538 4065 749 4136 capturi
773 4106 790 4132 ,
831 4075 893 4122 ut
918 4067 1236 4137 resipiscam
1255 4083 1286 4122 a
1309 4069 1462 4126 malis
1486 4086 1608 4143 qua:
1626 4087 1722 4128 eos
1746 4081 1938 4142 captos
1965 4072 2108 4129 deti-

535 4165 683 4220 nent,
710 4165 773 4212 ut
799 4157 1007 4226 posslbt
1023 4173 1350 4230 cognoscere
1378 4161 1541 4217 Deum
1568 4164 1959 4220 universorum.
1998 4163 2107 4218 Va-

532 4255 666 4312 cate,
697 4258 744 4303 et
774 4249 950 4314 uidete,
971 4251 1214 4320 quoniam
1235 4267 1330 4322 ego
1354 4269 1465 4306 sum
1486 4252 1645 4320 Deus,
1677 4269 1781 4310 non
1804 4257 2106 4323 simulacra,

542 4354 641 4393 nec
661 4348 872 4395 statuae.
920 4341 1120 4398 Vacate
1164 4344 1362 4414 igitur,
1411 4354 1466 4399 et
1510 4345 1674 4400 multa
1714 4348 2107 4404 evidentissima

534 4429 686 4484 vobis
714 4443 1023 4500 argumenta
1051 4435 1352 4488 ostendam.
1381 4435 1490 4489 Hoc
1519 4437 1660 4490 enim
1688 4437 1788 4492 sibi
1815 4439 1930 4493 vult
1953 4438 2104 4505 illud,

547 4506 826 4574 Exultabor
845 4522 897 4574 in
925 4525 1150 4594 gentibus
1168 4566 1184 4591 ,
1212 4534 1259 4579 et
1293 4525 1556 4580 exaltabor
1582 4528 1633 4580 in
1664 4538 1796 4580 terra
1820 4571 1834 4595 ,
1875 4530 1974 4584 hoc
1998 4542 2103 4593 est,

537 4609 641 4665 i‘cr
661 4625 823 4680 opera
845 4613 995 4667 vobis
1025 4630 1248 4685 magnus
1281 4627 1335 4670 et
1369 4617 1610 4672 excelsus
1634 4621 1906 4674 ostendar.
1942 4620 2108 4675 Habet

534 4703 675 4758 enim
726 4706 989 4776 propriam
1045 4707 1378 4763 altitudinem
1422 4725 1547 4777 pura
1595 4711 1722 4776 illa,
1780 4713 1848 4767 ab
1893 4714 2104 4767 interitu

525 4792 713 4854 aliena
761 4806 815 4849 et
862 4797 1144 4853 inell‘abilis
1191 4810 1400 4853 natura.
1451 4793 1554 4855 Sed
1585 4804 1836 4871 quoniam
1865 4820 1960 4859 vos
1987 4819 2104 4859 eam

539 4896 654 4939 non’
669 4887 985 4958 perspicitis.
1013 4904 1130 4943 eam
1159 4891 1309 4944 vobis
1343 4906 1438 4960 per
1461 4906 1630 4962 opera
1655 4896 1955 4949 ostendam.
1986 4894 2102 4951 Non

532 4963 705 5030 solum
735 4987 914 5032 autem
946 4979 996 5031 in
1031 4980 1333 5046 Palaestina,
1366 4996 1466 5036 nec
1521 4982 1692 5038 solum
1722 4985 2100 5056 Jerosolymis,

533 5065 628 5122 sed
653 5068 810 5120 etiam
839 5068 978 5139 apud
1025 5084 1121 5125 vos
1171 5080 1378 5140 gentes.
1412 5071 1488 5127 Ita
1522 5074 1653 5144 ergo
1681 5077 1978 5139 exaltatnr,
2010 5092 2103 5133 eos

529 5157 750 5212 vincens
794 5172 857 5213 ac
891 5173 1191 5229 superans,
1239 5162 1494 5219 miracula
1548 5165 1746 5220 iaciens
1795 5166 2100 5237 Babylone,

542 5249 801 5301 miracula
823 5252 875 5302 in
917 5248 1168 5321 Egypto,
1204 5253 1454 5308 miracula
1486 5255 1540 5309 in
1567 5256 1776 5311 deserto
1799 5300 1813 5324 ,
1847 5260 2100 5315 miracula

530 5350 628 5401 per
655 5339 958 5392 universum
1002 5342 1184 5395 orbem
1211 5351 1476 5399 terrarum
1503 5386 1518 5408 ,
1560 5354 1615 5400 ut
1642 5347 1714 5401 illi
1747 5348 1980 5418 undique
2005 5349 2101 5404 lia-

531 5427 694 5479 beant
721 5427 1014 5484 doctrinam
1060 5434 1175 5501 ejus
1214 5436 1554 5505 cognitionis.
1605 5438 1694 5496 12.
1739 5439 1985 5498 Dominus
2011 5447 2102 5498 vir-

527 5527 688 5570 tutum
717 5520 1000 5587 nobiscum,
1028 5533 1288 5593 susceptor
1309 5536 1478 5582 uoster
1506 5527 1643 5583 Deus
1683 5529 1864 5586 Iacob.
1894 5532 1991 5588 llic
2015 5544 2100 5590 est

530 5625 660 5679 ergo
687 5613 849 5678 Deus,
874 5615 964 5683 qui
1012 5627 1092 5671 est
1133 5618 1327 5685 ubique
1367 5635 1588 5689 magnus
1613 5663 1626 5685 ,
1655 5623 1743 5691 qui
1787 5635 1868 5678 est
1905 5625 2127 5697 ubique.

527 5702 787 5767 evulsus,
821 5705 863 5759 is
892 5719 1102 5776 semper
1129 5709 1273 5763 stetit
1311 5708 1602 5777 uobiscum.
1648 5711 1723 5767 Nc
1753 5730 1878 5785 ergo
1908 5716 2098 5774 timea-

1210 324 1250 382 S
1304 321 1582 380 JOANNIS
1641 317 2110 378 ειηιγεοετωιι

2217 316 2465 375 10111ΕΡ.
2506 317 3038 376 CONSTANTINOP.

2227 431 2316 494 tis,
2365 445 2538 498 neque
2588 430 2977 484 contnrbemini
3013 472 3029 496 ,
3081 443 3201 485 cum
3255 429 3510 484 habeatis
3539 431 3817 486 Dimittunt

2231 519 2368 573 adeo
2391 521 2856 588 inexpugnabilem
2896 540 2910 574 :
2939 535 3097 588 quem
3136 521 3291 576 decet
3316 521 3516 591 gloria,
3551 520 3820 583 bonor.ct

2229 607 2618 678 magniﬁcentia
2647 651 2659 669 ,
2691 625 2811 662 tum
2863 609 3018 663 Patre
3049 609 3294 679 principii
3319 620 3569 681 experte,
3602 621 3659 666 et
3683 611 3818 665 vivi-

2225 699 2327 752 lico
2360 714 2458 753 suo
2480 698 2699 767 Spiritu,
2733 713 2875 763 nunc
2901 707 2955 754 et
2983 715 3220 769 semper,
3239 709 3294 756 et
3329 700 3382 755 in
3409 702 3614 757 arcula
3649 717 3821 758 saccu-

2226 792 2419 846 lorum.
2443 793 2638 846 Amen.

2668 943 2736 999 IN
2764 944 3086 1001 PSALMUI
3125 944 3314 1000 XLVI.

2227 1077 2280 1131 1.
2331 1075 2400 1132 In
2436 1076 2590 1146 ﬁnem
2615 1117 2635 1144 ι
2674 1094 2768 1148 pro
2801 1076 2923 1146 ﬁliis
2949 1077 3099 1132 Core.
3125 1076 3298 1145 Alius,
3335 1075 3577 1132 Victoria
3618 1076 3821 1132 auctori

2814 1167 3040 1237 ﬁliorum
3058 1164 3211 1222 Core.

2218 1321 2278 1377 2.
2322 1321 2508 1377 Omnes
2537 1339 2730 1395 gemes,
2755 1322 2982 1394 plaudite
3006 1323 3256 1377 inanibus.
3291 1323 3462 1387 Alius,
3489 1321 3672 1377 lana.
3709 1321 3816 1376 lu-

2290 1413 2446 1468 tum
2473 1412 2582 1468 υω
2596 1415 2648 1466 in
2674 1429 2794 1467 noce
2818 1413 3186 1468 mutuom.
3215 1415 3388 1479 Alius,
3420 1397 3731 1486 Signiﬁcatr
3756 1417 3812 1469 in

2293 1520 2413 1556 voce
2448 1505 2782 1558 laudationis.
2800 1505 2852 1558 3.
2885 1504 3138 1572 Quoniam
3153 1504 3402 1560 Dominus
3429 1492 3688 1569 melus,
3719 1519 3824 1561 ter—

2290 1595 2471 1661 ribilis,
2501 1612 2592 1650 re:
2620 1612 2832 1665 magnus
2857 1612 3011 1666 super
3036 1612 3234 1651 omnem
3260 1605 3466 1651 tensus.

2293 1748 2347 1804 1.
2403 1747 2504 1804 Hie
2537 1748 2698 1803 etiam
2747 1747 2988 1803 Psalmus
3016 1750 3153 1804 idem
3180 1751 3346 1820 tangit
3383 1761 3768 1824 argumentum
3791 1791 3809 1817 ,

2217 1837 2406 1893 dicens
2434 1838 2684 1894 victorias
2732 1850 2787 1892 et
2840 1847 3038 1908 tropica
3069 1854 3190 1909 qua:
3235 1849 3422 1896 contra
3465 1840 3653 1896 hostes
3705 1841 3809 1896 sibi

2221 1938 2474 1997 pararunt
2503 1971 2517 1994 ,
2547 1937 2603 1984 et
2627 1930 2932 1985 universum
2984 1931 3170 1986 orbem
3202 1939 3466 1986 terrarum
3506 1947 3712 1988 vocans
3739 1934 3810 1988 ad

2216 2032 2281 2072 ea
2307 2017 2592 2085 laudanda,
2622 2034 2742 2088 quae
2769 2030 2915 2090 gesta
2960 2029 3102 2075 sunt.
3131 2021 3237 2078 Sed
3269 2023 3544 2078 nonnullis
3575 2023 3811 2080 fortasse

2217 2109 2429 2165 videtur
2448 2110 2612 2166 divini
2636 2111 2867 2181 Spiritus
2896 2111 3200 2168 hortatione
3227 2112 3500 2181 indignum
3527 2128 3653 2170 esse
3680 2130 3807 2184 pro-

2216 2201 2439 2255 oemium
2469 2240 2487 2267 ,
2514 2214 2723 2256 necnon
2774 2200 3039 2270 ejusmodi
3075 2201 3249 2272 jussio
3271 2243 3288 2268 ,
3320 2203 3543 2272 plausus
3565 2245 3584 2271 ,
3615 2205 3811 2274 strepi-

2217 2298 2324 2352 tus.
2352 2299 2407 2345 et
2427 2291 2852 2347 vociferationes.
2879 2289 3064 2362 Neque
3109 2293 3254 2348 enim
3285 2293 3352 2347 iis
3376 2294 3504 2364 ,qui
3548 2294 3605 2349 iu
3655 2294 3801 2351 hunc

2219 2379 2578 2436 venerandum
2601 2381 2776 2435 locum
2793 2379 2858 2436 ad
2878 2380 3178 2437 docendum
3199 2382 3806 2451 constitutum,coenm,

2163 2500 2166 2504 ~
2218 2471 2334 2527 hare
2369 2470 2600 2527 lortasse
2637 2473 2961 2528 conveniunt
2981 2514 2999 2538 ,
3021 2473 3219 2529 diser-it
3243 2474 3555 2544 quispiam;
3584 2478 3682 2532 sed
3739 2479 3807 2533 iis
3855 2538 3858 2540 γ

2214 2564 2304 2632 qui
2330 2563 2386 2616 in
2412 2576 2573 2616 scena
2615 2571 2670 2616 et
2721 2562 2982 2618 conviviis
3009 2574 3312 2628 vehantur,
3349 2565 3552 2620 amula
3586 2568 3806 2636 putare

2215 2661 2272 2707 et
2327 2652 2582 2721 plaudere
2625 2654 2910 2709 munitm:
2956 2655 3085 2709 viris
3130 2664 3309 2710 autem
3338 2656 3429 2727 qui
3463 2656 3732 2712 docemur
3773 2675 3804 2713 a

2214 2742 2383 2811 gratia
2407 2741 2643 2810 Spiritus
2663 2783 2678 2806 ,
2708 2743 2962 2797 convenit
2989 2744 3143 2813 quies
3163 2784 3180 2808 ,
3205 2744 3364 2812 ordo,
3392 2755 3450 2801 et
3475 2747 3800 2803 moderatio.

2221 2831 2360 2899 Quid
2403 2846 2532 2902 ergo
2561 2831 2646 2887 bis
2694 2832 3057 2902 signiﬁcatur,
3096 2842 3152 2888 et
3176 2850 3341 2905 quam
3383 2834 3761 2905 jubilatiouesn
3786 2879 3804 2904 ,

2215 2935 2375 2991 quem
2400 2923 2641 2991 plausum
2681 2922 2756 2976 ait
2782 2922 2806 2974 τ
2830 2923 3244 2979 Consueverunt
3283 2925 3427 2982 enim
3457 2925 3563 2982 hoc
3589 2926 3804 2995 facere,

2214 3010 2305 3081 qui
2331 3011 2586 3066 instructa
2615 3012 2730 3066 acie
2763 3013 2948 3078 [mulio
2987 3023 3115 3068 sunt
3139 3014 3492 3079 deeertaturi.
3520 3017 3762 3086 jubilare
3781 3060 3800 3085 ,

2217 3101 2432 3171 inquam
2460 3143 2474 3167 ,
2529 3113 2582 3156 et
2627 3103 2874 3159 manibus
2922 3106 3187 3162 maximos
3223 3107 3442 3178 plausus
3487 3109 3696 3175 edere.
3735 3111 3804 3166 ad

2215 3189 2401 3245 hostes
2427 3185 2810 3259 'perlerrendos
2849 3209 2926 3247 :a
2953 3196 3239 3265 tranquillo
3286 3207 3464 3253 autem
3516 3200 3809 3274 animos“

2217 3283 2320 3338 hoe
2346 3283 2600 3338 alienum.
2637 3284 2876 3340 Psalmus
2899 3301 3029 3364 vero
3047 3287 3200 3357 jubet
3224 3299 3512 3362 utrumque
3534 3333 3549 3354 .
3569 3302 3627 3349 et
3644 3293 3802 3364 plau-

2216 3373 2347 3430 dere
2411 3377 2658 3431 manibus
2677 3418 2691 3439 ,
2720 3388 2774 3432 et
2804 3378 3055 3450 jubilarc.
3098 3381 3237 3448 Quid
3281 3392 3364 3437 est
3393 3372 3529 3455 ergo
3549 3387 3696 3454 quod
3722 3385 3809 3442 di-

2215 3478 2362 3522 etum
2384 3477 2468 3523 est
2495 3469 2519 3521 ἲ
2545 3468 2684 3523 Nihil
2719 3471 2862 3525 aliud
2891 3513 2907 3536 ,
2941 3471 3042 3526 nisi
3089 3473 3416 3542 voluptatem
3442 3515 3460 3540 ,
3487 3485 3550 3531 et
3587 3476 3804 3547 signum

2215 3548 2451 3616 victoriae
2511 3563 2794 3631 sigpilicat.
2857 3563 2989 3618 Nam
3053 3565 3177 3620 alibi
3253 3583 3466 3637 quoque
3542 3568 3804 3640 propheta

2215 3642 2417 3697 inducit
2461 3643 2655 3698 ﬂuvios
2681 3645 2992 3712 plaudentes
3029 3649 3275 3703 manibus
3297 3689 3312 3710 ,
3345 3647 3548 3716 Fluvii,
3579 3651 3804 3719 dicens,

2215 3734 2457 3802 plaudunt
2506 3737 2737 3791 manibus
2775 3738 2830 3792 in
2873 3738 3143 3810 idipsund
3175 3739 3316 3794 Psal.
3358 3741 3446 3798 97.
3477 3742 3514 3798 9
3537 3745 3577 3808 ).
3619 3744 3807 3801 Esaias

2213 3835 2393 3881 autem
2425 3828 2646 3882 arbores
2682 3844 2894 3898 quoque
2919 3831 3138 3886 adducit
3188 3834 3291 3889 hoc
3316 3833 3576 3891 facientes
3618 3842 3637 3908 (
3674 3837 3800 3896 lani.

2211 3914 2301 3970 55.
2329 3915 2436 3985 12)
2466 3931 2481 3980 ;
2509 3917 2598 3973 hic
2620 3916 2732 3987 ipse
2756 3927 2932 3973 autem
2964 3934 3150 3974 rursus
3173 3930 3227 3976 et
3270 3933 3480 3980 montes
3499 3966 3517 3993 ,
3549 3936 3607 3981 et
3633 3929 3805 3985 colles

2211 4008 2519 4064 exsilit-utea
2545 4013 2565 4081 (
2588 4009 2735 4089 Ptol.
2768 4011 2889 4066 H5.
2927 4013 3028 4082 4):
3059 4029 3167 4067 non
3194 4023 3250 4067 ut
3280 4015 3383 4070 hoc
3405 4016 3800 4089 intelligamus,

2213 4114 2405 4170 nempe
2435 4088 2646 4154 montes
2672 4110 2726 4156 et
2754 4101 2920 4157 colles
2941 4103 3179 4168 exsilire,
3221 4120 3317 4160 nec
3335 4088 3804 4173 plauderet'luvins

2211 4190 2296 4246 vel
2346 4205 2536 4246 manus
2585 4191 2781 4248 habere
2807 4193 2826 4266 (
2849 4193 2950 4248 hoc
2992 4205 3136 4249 esset
3161 4197 3302 4251 enim
3331 4208 3588 4256 extrema-
3619 4218 3803 4259 amen-

2213 4282 2300 4335 tize
2330 4280 2368 4350 ),
2398 4281 2491 4334 sed
2521 4292 2572 4335 ut
2599 4296 2858 4337 summam
2874 4284 3146 4339 discamus
3171 4287 3513 4358 voluptatem.
3543 4290 3619 4346 Ita
3638 4294 3802 4349 etiam

2214 4383 2493 4439 possumus
2531 4371 2708 4427 videre
2757 4373 2812 4427 in
2864 4373 3187 4431 hominibus.
3255 4378 3320 4432 Et
3349 4394 3592 4434 cur-non
3620 4382 3798 4448 dixit,

2210 4459 2450 4516 Gaudete
2481 4471 2535 4516 et
2559 4461 2766 4517 exsiiite
2786 4503 2803 4528 ,
2832 4464 2926 4520 sed
2949 4507 2964 4530 ,
3002 4464 3258 4533 Plaudite,
3305 4477 3380 4533 et,
3424 4468 3658 4526 Jubilate
3681 4473 3710 4527 1
3735 4472 3802 4529 Ut

2212 4551 2364 4604 nobis
2390 4551 2652 4620 insignem
2685 4554 2932 4608 ostendat
2968 4556 3312 4625 voluptatem.
3333 4558 3801 4627 Quemadmodu-

2209 4640 2352 4695 enim
2389 4641 2649 4707 Christus,
2695 4644 2910 4712 quando
2954 4644 3082 4699 dicit
3106 4687 3120 4708 ,
3154 4644 3231 4702 Ta
3262 4660 3428 4702 autem
3455 4640 3678 4718 °quando
3715 4656 3798 4722 ie.

2200 4729 2380 4797 junaa,
2414 4745 2545 4798 unge
2568 4742 2717 4799 caput
2744 4741 2908 4797 tuum,
2947 4744 2994 4787 et
3020 4735 3203 4800 faciem
3231 4746 3369 4789 tuum
3407 4739 3525 4792 lana
3550 4739 3574 4810 (
3597 4740 3769 4801 Nouit

2209 4815 2262 4870 6.
2290 4819 2353 4870 17
2382 4818 2422 4885 ),
2444 4835 2547 4871 non
2579 4820 2677 4872 hoc
2703 4821 2852 4882 dicit.
2885 4823 3203 4894 pr:ccipiens
3226 4836 3282 4879 ut
3310 4842 3576 4896 ungamnr
3597 4832 3618 4901 (
3640 4824 3802 4888 nemo

2207 4908 2348 4962 enim
2391 4919 2630 4963 nostrum
2669 4910 2772 4964 hoc
2815 4911 2934 4966 facit
2962 4911 3003 4983 ).
3033 4915 3128 4969 sed
3171 4924 3233 4970 ut
3279 4907 3633 4976 ostendamus
3665 4939 3802 4992 gan-

2207 4998 2384 5064 dium,
2426 5000 2711 5070 laetumque
2749 5001 2982 5058 animum
3029 5006 3050 5069 (
3093 5007 3332 5076 pnecipit
3372 5008 3514 5064 enim
3545 5022 3604 5066 nt
3646 5013 3800 5068 laetus

2202 5088 2440 5159 jejunet.
2469 5091 2736 5145 tristitiam
2765 5105 2870 5146 non
2897 5108 3009 5164 pm
3047 5111 3105 5151 se
3147 5095 3327 5153 ferens
3355 5099 3406 5169 ):
3430 5101 3498 5157 ita
3523 5105 3688 5158 etiam
3713 5105 3800 5161 hic

2208 5194 2417 5247 quoque
2449 5195 2553 5232 non
2583 5179 2686 5235 hoc
2711 5180 2845 5250 jussi
2868 5200 3072 5250 sumus,
3106 5202 3300 5256 nempe
3330 5191 3584 5260 plaudere
3624 5199 3796 5251 mani-

2211 5268 2308 5324 bns
2331 5313 2346 5335 ,
2373 5281 2427 5325 et
2447 5271 2674 5339 jubilare
2695 5313 2709 5336 ,
2739 5272 2834 5327 sed
2863 5275 2991 5331 dum
3021 5278 3298 5346 psallimus
3327 5322 3343 5345 ,
3374 5282 3540 5337 laetari
3561 5325 3576 5347 ,
3607 5297 3663 5339 et
3707 5304 3796 5341 vo-

2208 5359 2406 5426 IUptate
2441 5361 2599 5416 allici.
2643 5361 2770 5419 Jurc
2803 5378 2982 5423 autem
3026 5373 3310 5440 sumpserit
3335 5374 3600 5443 quispiam
3646 5376 3795 5430 Ρειι-

2208 5466 2354 5503 mum
2386 5466 2480 5520 per
2500 5467 2793 5523 anagogen,
2824 5455 3045 5513 historia
3075 5462 3354 5519 sublimior
3375 5463 3618 5521 effectus.
3660 5468 3794 5523 Nam

2205 5541 2302 5594 etsi
2333 5541 2536 5596 initium
2562 5558 2626 5598 ac
2653 5548 2971 5611 prooemium
2998 5550 3142 5606 ducit
3174 5569 3204 5608 a
3231 5556 3597 5621 sensibilibus,
3622 5562 3687 5612 ad
3712 5561 3791 5614 in-

2205 5631 2495 5700 telligibilia
2529 5643 2705 5688 tamen
2733 5635 2950 5694 deducit
2981 5640 3296 5699 auditorem.

2280 5721 2547 5794 Scriptum
2580 5741 2726 5780 sacra
2767 5737 2820 5783 ut
2860 5731 3169 5803 accipienda.
3200 5766 3261 5777 —-
3280 5737 3436 5803 Quod
3465 5740 3607 5796 enim
3638 5751 3791 5799 auten
