4058 6438
549 405 656 459 τοι)

544 518 686 593 ἐρῶ·
715 522 786 577 τὰ
807 523 904 594 μιν
926 522 999 585 ὡς
1028 523 1238 593 εἴρηται
1258 523 1573 593 ἐκληπτέον,
1604 523 1671 576 τά
1699 522 1754 576 δέ
1778 521 2105 583 ἀπεναντίας

544 611 655 672 τοῖς
668 610 961 679 κειμένοις,
988 606 1096 661 οἷον
1120 610 1195 671 ὼς
1222 608 1335 677 έχει
1365 610 1448 661 ἐπ’
1481 610 1713 662 ἐκείνου·
1750 612 1929 661 Atiam:
1948 620 1974 647 ι
2009 606 2107 659 καὶ

544 695 725 763 ἄρνες
747 696 865 765 ἅμα
895 697 1407 763 βοσκηθήσονται.
1440 696 1515 749 Οὐ
1546 697 1652 766 γὰρ
1680 695 1742 765 δὴ
1784 694 1977 756 λύκους
2008 692 2102 744 καὶ

548 782 718 853 ἄρνας
749 782 1112 852 ἐκληψόμεθα,
1140 784 1260 835 οὐδέ
1289 784 1462 852 ἄχυρα
1485 823 1500 846 ,
1534 782 1628 834 καὶ
1657 781 1781 851 βοῦν
1809 820 1824 843 ,
1853 780 1946 833 καὶ
1974 777 2108 831 ταῦ-

554 886 664 940 ρον,
696 868 831 921 ἀλλά
853 868 919 921 τὰ
942 869 1049 921 τῶν
1074 868 1370 939 ἀνθρώπων
1386 870 1491 938 ἢθη
1519 868 1608 921 διά
1628 867 1726 937 τῆς
1769 866 1876 918 τῶν
1902 865 2110 932 ἀλόγων

552 955 756 1016 εἰκόνος
779 955 1268 1025 χαρακτηρίζομεν·
1296 953 1363 1006 τὰ
1377 954 1431 1007 δὲ
1450 954 1590 1006 κατά
1605 953 1796 1021 διπλῆν
1820 950 2039 1020 ἐκδοχὴν
2057 949 2107 1012 ι’,

551 1042 618 1093 τά
644 1057 703 1093 τε
738 1040 966 1109 αἰσθητά
999 1042 1270 1104 νοοῦντες,
1302 1042 1396 1093 καὶ
1433 1042 1498 1093 τά
1538 1040 1701 1109 νοητά
1739 1036 2108 1105 ἐκδεχόμενον

554 1124 739 1196 ῶσπερ
778 1126 871 1179 ἐπὶ
919 1126 1020 1195 τῆς
1068 1127 1354 1195 ἀναγωγῆς
1405 1126 1497 1179 τοῦ
1554 1124 1668 1177 υἱοῦ
1702 1123 1795 1175 τοῦ
1840 1120 2108 1192 Ἀϐραάμ.

554 1211 675 1263 Ὅτι
707 1200 817 1280 γάρ
842 1213 869 1264 6
897 1212 1009 1275 υίὸς
1041 1212 1307 1282 ἀνηνέχθη
1337 1214 1511 1282 ἴσμεν,
1549 1211 1642 1263 καὶ
1669 1210 1855 1279 ἕτερόν
1883 1225 1933 1260 τι
1957 1209 2114 1275 ἐγκε-

554 1298 865 1367 κρυμμένον
896 1298 971 1367 τῷ
1002 1300 1229 1368 νοήματι
1262 1298 1556 1365 ἐκλέγομεν
1587 1296 1676 1349 διὰ
1710 1296 1803 1348 τοῦ
1834 1296 1950 1347 υἱοῦ
1976 1335 1989 1356 ,
2022 1294 2112 1346 τὸν

558 1383 803 1453 σταυρόν.
832 1385 935 1435 Καὶ
978 1384 1075 1437 ἐπὶ
1103 1382 1195 1436 τοῦ
1228 1383 1498 1454 προϐάτου
1525 1382 1581 1435 δὲ
1619 1380 1712 1434 τοῦ
1742 1383 1800 1434 ἐν
1833 1380 2112 1450 Αἰγύπτῳ,

557 1467 716 1520 πάλιν
733 1469 930 1537 ὁμοίως
957 1468 1051 1521 τοῦ
1075 1469 1274 1531 πάθους
1297 1469 1397 1539 τὴν
1414 1468 1599 1520 εἰκόνα
1621 1466 2111 1537 χαρακτηρίζομεν.

556 1553 725 1606 Τοῦτο
759 1555 822 1625 δὴ
856 1556 946 1608 καὶ
978 1555 1209 1610 ἐνταῦθα
1258 1558 1428 1609 ποιεῖν
1475 1556 1602 1627 χρή.
1644 1556 1777 1607 Οὐδὲ
1822 1554 1928 1626 γὰρ
1987 1553 2116 1623 περὶ

569 1639 810 1709 Ἀράϐων
857 1642 1042 1705 ἁπλῶς
1072 1644 1101 1696 6
1150 1642 1335 1710 λόγος,
1366 1645 1461 1697 καὶ
1497 1643 1607 1696 τῶν
1653 1642 1907 1709 γειτόνων
1928 1682 1943 1706 ,
1983 1639 2117 1694 ἀλλά

560 1727 736 1781 πάντα
761 1728 826 1778 τὶ
860 1728 983 1799 ἔθνη
1012 1730 1183 1783 καλεῖ.
1222 1731 1348 1783 Ὀτι
1377 1731 1589 1797 Κύριος
1624 1730 1909 1796 ὕψιστος,
1948 1728 2119 1796 φοϐε-

553 1814 694 1880 ρὸς,
731 1815 1029 1880 βασιλεὺς
1063 1815 1249 1884 μέγας
1288 1817 1387 1869 ἐπὶ
1426 1816 1631 1869 πᾶσαν
1668 1814 1782 1880 τὴν
1815 1813 1950 1881 τῆν.
1998 1814 2118 1865 Ἀν-

562 1898 741 1971 ίστησι
764 1901 942 1953 τοίνυν
972 1904 1037 1954 ἐκ
1067 1902 1363 1972 προοιμίων
1406 1902 1496 1954 τὸν
1536 1902 1831 1971 ἀκροατὴν,
1864 1900 1998 1969 πρὸς
2029 1916 2118 1952 το-

560 1986 748 2039 σοῦτον
770 1986 930 2054 δγκον
959 1988 1299 2055 Εὐαγγελίων
1333 1988 1515 2039 καλῶν
1539 2026 1555 2050 ,
1582 1987 1674 2039 καὶ
1708 1986 1844 2055 πρὸς
1879 1986 1977 2057 τὴν
2021 1986 2121 2056 τῆς

557 2074 879 2144 οἰκουμένης
912 2076 1235 2145 πανήγυριν,
1262 2075 1355 2131 καὶ
1388 2074 1537 2127 θείαν
1561 2074 1684 2126 τινὰ
1703 2074 1798 2127 καὶ
1824 2091 2120 2144 πνευματι-

558 2160 662 2226 κὴν
682 2160 871 2230 ἐορτην
889 2202 905 2225 ,
932 2161 1027 2213 καὶ
1059 2160 1156 2231 τὴν
1189 2164 1253 2214 ἐκ
1282 2160 1391 2213 τῶν
1420 2160 1662 2231 οὐρανῶν
1706 2162 2120 2230 κατενεχθεῖσαν

563 2247 967 2314 μυσταγωγίαν.
998 2248 1097 2301 Διὰ
1126 2247 1190 2315 δὴ
1214 2247 1386 2311 τοῦτο,
1412 2247 1777 2313 Κροτήσατε.
1806 2247 1972 2318 φησί·
1999 2266 2119 2303 του-

558 2327 708 2379 τέστι
737 2365 752 2389 ,
783 2328 984 2398 χάρητε
1008 2369 1022 2390 ,
1055 2330 1399 2399 σκιρτήσατε.
1431 2330 1539 2385 Καὶ
1570 2329 1678 2400 γὰρ
1707 2329 1801 2383 καὶ
1834 2332 1863 2383 ὁ
1892 2331 2121 2399 εὐαγγε-

557 2406 723 2472 λικδς
750 2409 906 2476 λόγος
944 2410 1099 2481 τοῦτο
1145 2410 1574 2479 παρακελεύεται
1627 2410 1800 2478 λέγων
1826 2452 1842 2477 ,
1885 2411 2123 2478 Σκιρτή-

556 2504 735 2542 σατεο
766 2491 827 2542 οὐ
865 2491 1077 2553 πάντως
1118 2492 1619 2561 παρακελευόμενος
1648 2491 1961 2557 ἐξάλλεσθαι
1981 2531 1995 2555 ,
2027 2493 2122 2544 καὶ

558 2572 735 2641 πηδᾷν
759 2570 948 2641 (τοῦτο
984 2572 1091 2642 γὰρ
1129 2572 1547 2643 ἀνελεύθερον),
1573 2573 1707 2626 ἀλλά
1735 2574 1835 2637 τῆς
1860 2575 2035 2643 χαρᾶς
2062 2574 2122 2627 :6

556 2652 943 2721 ἐπιτεταμένον
972 2653 1167 2723 δηλῶν.
1210 2655 1318 2706 Καὶ
1356 2655 1465 2724 γὰρ
1512 2652 1711 2724 πολλῆς
1757 2654 1947 2723 ἡδονῆς
1974 2655 2121 2718 ἀξιον

558 2734 621 2786 :6
649 2734 945 2803 γινόμενον.
972 2736 1142 2805 ὐσην
1165 2735 1271 2804 γὰρ
1305 2738 1332 2789 6
1358 2736 1505 2805 ἥλιος
1534 2738 1704 2807 ἐφορᾷ
1731 2737 1832 2806 γῆν
1855 2775 1871 2800 ,
1900 2738 1929 2788 6
1962 2737 2121 2804 εὐαγ-

557 2816 769 2883 γελικὸς
797 2816 950 2885 λόγος
996 2818 1302 2889 ἐπέδραμε,
1332 2820 1425 2871 καὶ
1468 2820 1618 2873 πᾶσα
1664 2818 1843 2889 ἐσώθη
1878 2820 1911 2889 ή
1943 2822 2123 2872 οἰκου-

561 2897 696 2968 μένη
722 2937 737 2960 ,
770 2899 863 2950 καὶ
892 2899 991 2967 τῆς
1019 2898 1271 2970 λατρείας
1305 2901 1405 2968 τῆς
1448 2900 1741 2969 Ἰουδαϊκῆς
1783 2901 1832 2952 οἰ
1870 2900 1976 2971 πρὸ
2002 2900 2123 2953 τού-

558 2996 650 3033 του
676 2982 741 3049 τῇ
770 2979 941 3050 πλάνῃ
971 2984 1323 3050 κατεχόμενοι
1355 2980 1574 3052 μείζονα
1602 2981 1943 3047 ἐπεδείξαντο
1973 2982 2122 3048 φιλο-

562 3061 771 3128 σοφίαν.
813 3063 1014 3115 Hdt-ta
1072 3062 1145 3114 τὰ
1186 3062 1330 3129 ἔθνη
1372 3064 1702 3130 κροτήσατε
1750 3062 1969 3129 χεῖρας.
2012 3063 2122 3127 Τάς

564 3144 759 3213 μιαράς
799 3143 1011 3206 ἐκείνας
1047 3143 1150 3213 πρὸ
1182 3145 1369 3196 τούτου
1393 3184 1409 3207 ,
1443 3144 1606 3213 φησὶν
1634 3184 1649 3204 ,
1684 3143 1835 3214 [189]
1868 3143 1967 3207 τὰς
1994 3146 2121 3197 ἐνα-

559 3228 703 3293 γεῖς,
738 3224 834 3288 τὰς
863 3226 1053 3295 αἵματι
1091 3226 1455 3295 μολυνομένας
1493 3226 1614 3279 καθ’
1646 3227 1881 3297 ἐκάστην
1912 3228 2123 3298 ἡμέραν

559 3306 649 3361 διὰ
672 3306 781 3357 τῶν
808 3307 1127 3377 ἀκαθάρτων
1154 3307 1352 3360 θυσιῶν
1373 3345 1389 3370 ,
1417 3307 1483 3359 δι’
1509 3301 1582 3360 ὧν
1612 3308 1804 3369 παῖδας
1831 3308 2123 3376 ὲσφάξατε,

563 3388 658 3441 καὶ
682 3389 748 3442 τα
771 3391 970 3461 αἰσχρά
994 3390 1346 3461 ἐτολμήσατε,
1374 3392 1467 3446 καὶ
1497 3388 1634 3444 κατά
1668 3392 1766 3460 τῆς
1794 3390 2005 3460 φύσεως
2031 3393 2126 3445 αὐ-

562 3472 658 3541 τῆς
680 3473 1016 3542 ἐχωρήσατε,
1054 3473 1141 3526 διά
1167 3473 1369 3527 τούτων
1402 3476 1699 3544 κρατήσατε
1725 3473 1841 3527 νῦν.
1883 3473 2127 3527 Ἀλαλά-

564 3553 705 3616 ξατε
733 3554 810 3619 τῷ
840 3554 961 3619 Θεῴ
984 3555 1053 3609 ἐν
1076 3555 1243 3624 φωνῇ
1266 3555 1696 3623 ἀγαλλιάσεως.
1716 3554 1812 3609 Διά
1834 3556 1931 3625 τῆς
1952 3554 2124 3622 γλώτ-

562 3651 661 3703 της
694 3636 933 3706 ὲκείνης,
969 3636 1035 3689 δι’
1062 3633 1129 3706 ἧς
1154 3638 1447 3705 ἐγεύσασθε
1472 3640 1579 3690 τῶν
1604 3637 1833 3705 ἐναγῶν,
1863 3636 1927 3689 δι’
1956 3634 2025 3708 ἦς
2057 3636 2124 3689 τά

565 3718 857 3788 βλάσφημα
882 3719 1209 3790 ἐξηνέγκατε
1238 3722 1477 3791 ῥήματα,
1498 3720 1585 3772 διὰ
1607 3720 1806 3791 ταύτης
1827 3719 2126 3785 ἀλαλάξατε

563 3802 661 3869 τὴν
688 3801 946 3853 ἐπινίκιον
966 3802 1131 3873 ᾠδήν.
1162 3803 1268 3854 Καὶ
1296 3804 1401 3873 γὰρ
1428 3800 1549 3865 ἔθος
1576 3804 1688 3863 τοῖς
1719 3802 2121 3871 στρατοπέδοις,

564 3881 690 3934 ὅταν
718 3882 872 3953 κλίνῃ
902 3884 1006 3935 τῶν
1044 3884 1300 3937 ἐναντίων
1328 3884 1389 3936 τὸ
1418 3882 1772 3953 στρατόπεδον
1792 3925 1806 3947 ,
1837 3882 2032 3953 μηκέτι
2057 3886 2123 3954 τῇ

568 3963 830 4026 συστάδην
865 3975 887 4002 ο
920 3965 1216 4034 κεχρῆσθαι
1259 3965 1408 4036 μάχῃ
1427 4004 1442 4023 .
1472 3964 1585 4017 ἀλλ’
1615 3963 1879 4033 ὁμοφώνῳ
1912 3965 2007 4035 βοῇ
2034 3968 2127 4019 καὶ

564 4047 859 4119 ἀλαλαγμῷ
888 4048 984 4109 τὰς
1012 4049 1111 4118 ήδη
1161 4048 1591 4117 καταϐληθείσας
1620 4048 1796 4100 αὐτῶν
1823 4048 2127 4100 κατασείειν

562 4129 768 4199 ψυχάς·
802 4130 937 4200 ὅπερ
958 4130 1072 4182 ἐστὶ
1099 4128 1251 4200 νίκης
1282 4130 1539 4201 λαμπρᾶς
1564 4132 1657 4183 καὶ
1681 4130 1941 4201 τροπαίου
1972 4131 2129 4200 μέγι-

567 4229 687 4264 στον
722 4216 1037 4282 τεκμήριον.
1064 4213 1191 4266 ὃταν
1224 4214 1307 4282 μὴ
1326 4214 1509 4282 χερσὶν
1533 4214 1562 4265 6
1595 4212 1826 4283 πόλεμος
1854 4213 2125 4284 κρίνηται,

566 4294 679 4346 ἀλλ’
732 4296 766 4363 ἡ
827 4295 923 4365 βοὴ
997 4296 1089 4347 καὶ
1150 4295 1270 4346 ἀντὶ
1322 4294 1520 4365 χειρῶν
1540 4333 1556 4358 ,
1614 4295 1709 4348 καὶ
1764 4297 1886 4355 ἀντὶ
1950 4296 2131 4351 ὅπλων

565 4377 727 4445 ἀρκῇ.

636 4454 698 4523 β’.
728 4454 799 4504 T6
831 4454 929 4522 μὲν
962 4449 1053 4506 οῦν
1082 4453 1238 4525 ἔργον
1260 4454 1404 4510 ἆπαν
1423 4454 1517 4510 τοῦ
1540 4455 1777 4528 Χριστοῦ
1799 4456 1985 4525 γέγονε
2001 4475 2015 4491 ’
2041 4458 2131 4513 :6v

564 4535 673 4605 γάρ
700 4535 930 4603 χαλεπὸν
956 4534 1141 4587 τοῦτον
1173 4536 1335 4601 αὐτὸς
1370 4538 1633 4593 κατέλυσε
1662 4540 1925 4609 πόλεμον,
1961 4540 2132 4608 δήσας

566 4618 654 4668 τὸν
705 4617 919 4686 ἰσχυρὸν
949 4617 1043 4669 καὶ
1086 4619 1152 4670 τὰ
1196 4620 1365 4690 σκεύη
1400 4621 1563 4674 αὐτοῦ
1597 4622 1920 4692 διαρπάσας.
1948 4623 2133 4676 Φιλάν-

568 4700 781 4769 θρωπος
805 4699 858 4751 δὲ
886 4698 981 4763 ὣν,
1012 4701 1135 4763 τοὺς
1156 4702 1306 4755 οὐδὲν
1334 4706 1673 4773 πονήσαντας
1693 4746 1706 4771 ,
1741 4705 1964 4768 τούτους
1990 4710 2133 4759 ποιεῖ

567 4781 664 4850 τῆς
692 4782 843 4851 νίκης
876 4783 1092 4835 καὶτῶν
1111 4784 1384 4854 τροπαίων
1410 4787 1721 4852 ἀπολαύειν,
1760 4789 1852 4841 καὶ
1885 4788 1981 4858 τὴν
2010 4790 2131 4842 ἐπι-

568 4863 732 4915 νίκιον
756 4864 1159 4932 παρασκευάζει
1187 4867 1477 4936 ἀναφέρειν
1503 4869 1705 4938 φωνὴν,
1730 4870 1979 4940 καθάπερ
2006 4872 2131 4934 τοὺς

568 4944 991 5016 κατωρθωκότας
1014 4948 1209 5009 αὐτοὺς
1234 4950 1328 5000 καὶ
1359 4953 1751 5019 κρατήσαντας.
1770 4954 1859 5005 Διὸ
1884 4956 1977 5006 καὶ
2005 4952 2132 5021 βοῶ-

573 5042 671 5095 μεν
722 5026 991 5091 ἅπαντες,
1028 5029 1130 5081 οὐκ
1179 5029 1389 5099 άσημόν
1430 5048 1549 5084 τινα
1600 5036 1783 5103 φωνὴν
1812 5075 1825 5095 ,
1862 5035 1998 5087 ἀλλά
2036 5036 2130 5089 καὶ

572 5109 774 5179 σφόδρα
803 5107 1069 5179 εὔσημον
1118 5110 1241 5164 Ποῦ
1274 5127 1421 5177 σου,
1461 5113 1707 5177 θάνατε,
1742 5116 1808 5169 τὸ
1837 5118 2084 5183 κέντρον
2112 5135 2131 5182 ;

571 5189 688 5243 ποῦ
710 5206 846 5265 σου,
872 5190 1008 5259 ᾷδη,
1034 5190 1101 5244 τὸ
1121 5192 1323 5257 νῖκος;
1343 5193 1451 5247 Καὶ
1484 5195 1665 5260 πάλιν,
1698 5197 1902 5265 Ἀνέϐη
1936 5200 1967 5251 ό
1990 5198 2131 5265 Θεὸς

570 5272 640 5324 ἐν
1028 5274 1197 5327 Τοῦτο
1229 5275 1338 5346 γάρ
1367 5277 1424 5331 tv
1451 5279 1528 5349 τῷ
1554 5279 1753 5349 ψαλμῷ
1779 5280 1951 5351 τούτῳ
1979 5280 2130 5352 είρη·

570 5371 680 5407 ται.
714 5355 822 5407 Kal
861 5356 1022 5411 πάλιν
1049 5357 1275 5426 ἀλλαχοῦ
1301 5376 1315 5390 ·
1354 5361 1581 5428 Ἀνέϐης
1609 5366 1693 5427 εἰς
1724 5364 1881 5430 ὕψος
1900 5404 1912 5423 ,
1945 5364 2135 5432 ᾐχμα-

570 5434 877 5503 λώτευσας
903 5441 1337 5509 αἰχμαλωσίαν,
1360 5442 1571 5510 ἔλαϐες
1591 5445 1816 5515 δόματα
1836 5448 1905 5501 ἐν
1924 5448 2135 5512 ἀνθρώ-

634 5620 661 5692 f
683 5622 780 5692 Al“
799 5628 857 5692 ει
884 5622 1027 5692 ξένη.-
1054 5627 1247 5692 siccam
1266 5628 1398 5692 λέγῃ.
1419 5630 1587 5679 Λύκοι-

632 5680 663 5750 ξο
682 5682 830 5750 ξανιί.
852 5686 983 5750 εόόίἰ
1002 5680 1313 5750 έκληψόμεθα.

634 5744 656 5771 ο
681 5741 828 5789 Sam.
853 5753 904 5791 ct
924 5746 1021 5794 duo
1043 5741 1155 5796 [ηεέ.
1185 5741 1248 5811 ’τῇ
1276 5752 1529 5809 συστάδην,
1573 5752 1743 5801 More}.
1768 5759 1824 5816 τῇ
1844 5754 2039 5815 ὑστάτῃ.

1305 404 1363 461 S.
1406 402 1684 461 JOANNlS
1722 400 2211 458 CHRYSOS'I'OMI
2254 398 2576 456 ARCHIEP.
2616 395 3165 455 CONSTANTINOP.

3686 399 3792 454 ειο

2215 534 2370 584 ποις.
2411 520 2740 589 ’Λνήνεγκάν
2786 535 2913 572 ποτε
2949 520 3043 571 καὶ
3096 519 3334 573 Ἰουδαῖοι
3375 518 3644 571 ἐπινίκιον
3683 535 3792 587 φω-

2215 610 2333 675 νὴν,
2368 610 2455 662 ὅτε
2483 610 2592 662 τῶν
2629 611 2939 678 Αἰγυπτίων
2972 608 3034 662 :6
3076 609 3441 679 στρατόπεδον
3476 611 3795 663 κατεποντί-

2216 700 2358 764 ζετο,
2389 702 2635 769 λέγοντες
2660 717 2673 730 ·
2704 701 2978 769 ’ᾼσωμεν
3008 696 3091 763 τῷ
3126 701 3351 767 Κυρίῳ·
3386 698 3651 764 ἐνδόξως
3683 701 3797 767 γὰρ

2216 789 2591 855 δεδόξασται.
2625 790 2815 859 Ἀλλ’-ἡ
2843 788 3091 860 ήμετέρα
3125 788 3301 859 πολλῷ
3333 788 3559 859 μείζων,
3582 791 3683 842 οὐκ
3704 791 3801 841 Αί-

2217 883 2480 948 γυπτίων,
2496 880 2631 933 ἀλλά
2647 881 2755 933 τῶν
2769 879 3038 948 δαιμόνων
3056 880 3611 933 καταποντισθέντων·
3630 882 3689 934 οὐ
3704 879 3799 933 τοῦ

2217 964 2417 1035 Φαραὼ
2449 964 2585 1017 ἀλλὰ
2614 962 2707 1016 τοῦ
2734 962 2982 1016 διαϐόλου
3007 962 3318 1029 νικηθέντος
3338 978 3353 992 θ
3381 964 3441 1014 οὐ
3480 964 3591 1015 τῶν
3618 962 3803 1016 ὃπλων

2218 1053 2528 1124 ληφθέντων
2548 1055 2655 1106 τῶν
2676 1054 2969 1125 αἰσθητῶν,
3002 1053 3139 1107 ἀλλὰ
3156 1054 3253 1124 τῆς
3273 1052 3471 1116 κακίας
3493 1052 3805 1122 ἀναιρεθείς-

2222 1162 2340 1214 σης⁸
2362 1146 2461 1197 οὐκ
2487 1146 2544 1196 ἐν
2582 1144 2817 1215 Ἐρυθρᾷ
2837 1145 3099 1219 θαλάσσῃ.
3133 1145 3247 1199 ἀλλ’
3271 1147 3328 1199 ἐν
3357 1145 3436 1214 τῷ
3462 1143 3675 1213 λουτρῷ
3702 1144 3805 1213 τῆς

2222 1238 2634 1306 παλιγγενεσίας
2654 1254 2667 1267 ·
2693 1239 2792 1291 οὐκ
2814 1240 2890 1301 εἰς
2910 1238 3008 1309 τὴν
3034 1240 3139 1307 γῆν
3156 1239 3253 1308 τῆς
3275 1237 3615 1305 ἐπαγγελίας
3639 1235 3805 1299 ἐξιόν-

2220 1347 2349 1389 των,
2373 1329 2485 1381 ἀλλ’
2514 1331 2593 1392 εἰς
2612 1328 2703 1381 τὸν
2738 1330 2962 1401 οὐρανὸν
2992 1329 3467 1400 μεθορμιζομένων
3486 1346 3500 1358 ο
3530 1328 3596 1379 οὐ
3625 1328 3806 1396 μάννα

2222 1421 2511 1473 ἐσθιόντων
2534 1462 2549 1486 ,
2577 1420 2710 1473 ἀλλά
2752 1420 2912 1490 σῶμα
2950 1421 3285 1490 σιτουμένων
3316 1421 3665 1472 δεσποτικὸν·
3702 1418 3806 1487 οὐχ

2226 1511 2368 1581 ὕδωρ
2386 1512 2644 1564 πινόντων
2662 1510 2769 1564 ἀπὸ
2789 1511 3013 1581 πέτρας,
3027 1512 3140 1564 ἀλλ’
3154 1507 3289 1581 αἷμα
3306 1512 3411 1563 ἀπὸ
3428 1513 3558 1563 πλευ
3568 1513 3685 1581 ρᾶς,
3704 1510 3805 1562 Διά

2222 1592 2379 1644 τοῦτό
2412 1609 2544 1661 φησι
2564 1608 2577 1619 ·
2608 1592 2949 1659 Κροτήσατε
2986 1592 3208 1662 χεῖρας,
3236 1596 3317 1648 ὅτι
3360 1593 3523 1645 λίθων
3552 1592 3809 1646 ἀπαλλα-

2224 1684 2411 1752 γέντες
2456 1684 2547 1736 καὶ
2597 1683 2790 1750 ξύλων,
2835 1684 3142 1756 ὐπερέϐητε
3188 1685 3316 1747 τοὺς
3366 1685 3654 1754 οὐρανοὺς,
3709 1682 3807 1735 καὶ

2226 1769 2353 1831 τοὺς
2383 1768 2644 1836 οὐρανοὺς
2671 1767 2780 1820 τῶν
2807 1768 3075 1839 οὐρανῶν,
3112 1769 3205 1822 καὶ
3236 1768 3373 1837 πρὸς
3405 1768 3569 1819 αὐτὸν
3607 1766 3805 1835 ἔστητε

2226 1850 2316 1902 τὸν
2364 1850 2550 1921 θρόνον
2598 1849 2690 1902 τὸν
2735 1849 3032 1919 βασιλικόν.
3094 1851 3455 1914 Ἁλαλάξατε
3500 1850 3681 1902 τοίνυν
3724 1846 3809 1912 τῷ

2230 1930 2351 1995 Θεῷ
2380 1970 2394 1987 .
2453 1926 2997 2002 τουτέστιν,Ἐκείνῳ
3040 1932 3140 2002 τὴν
3191 1932 3543 2003 εὐχαριστίαν
3582 1931 3809 1998 ἀνενὲγο

2229 2029 2357 2065 κατε
2370 2011 2417 2075 ά,
2443 2012 2637 2082 ἐκείνῳ
2660 2014 2758 2083 τὴν
2775 2014 2951 2083 νίκην,
2970 2014 3162 2084 ἐκείνῳ
3186 2014 3245 2085 :6
3259 2016 3535 2084 τρόπαιον.
3565 2015 3679 2067 Οὐκ
3707 2014 3808 2066 ἀν-

2229 2093 2497 2164 θρώπινος
2526 2095 2555 2145 6
2580 2093 2814 2163 πόλεμος
2840 2096 2961 2149 οὐδὲ
2982 2095 3213 2165 αἰσθητὴ
3240 2097 3273 2166 ή
3313 2095 3482 2166 μάχη.
3508 2095 3630 2147 οὐδὲ
3662 2094 3808 2164 ὑπέρ

2226 2192 2371 2239 τινος
2402 2176 2511 2229 τῶν
2547 2177 2815 2247 βιωτικῶν
2839 2179 2869 2229 6
2903 2177 3073 2246 ἀγὼν,
3110 2178 3224 2231 ἀλλ’
3255 2178 3395 2248 ὑπὲρ
3422 2179 3531 2230 τῶν
3555 2177 3807 2247 οὐρανῶν

2228 2257 2427 2321 αὐτῶν,
2477 2260 2572 2312 καὶ
2622 2258 2733 2312 τῶν
2771 2260 2830 2312 ἐν
2868 2260 3138 2330 οὐρανοῖς.
3186 2259 3357 2321 Αὐτὸς
3405 2259 3498 2311 τόν
3567 2258 3808 2327 πόλεμον

2229 2340 2606 2412 ἐστρατήγησε
2637 2340 2848 2403 τοῦτον,
2875 2345 2969 2396 καὶ
3008 2343 3140 2412 ἡμῖν
3169 2343 3265 2413 τῆς
3289 2342 3445 2411 νίκης
3474 2341 3803 2412 μετέδωκεν.

2230 2424 2351 2475 Ὅτι
2403 2426 2618 2492 Κύριος
2654 2424 2935 2492 ὕψιστος,
2984 2426 3253 2493 φοϐερὸς,
3286 2425 3589 2489 ,βασιλεὺς
3616 2424 3807 2493 μέγας

2228 2505 2325 2558 ἐπὶ
2360 2502 2567 2559 πᾶσαν
2595 2506 2709 2573 τὴν
2734 2505 2869 2576 γῆν.
2898 2507 3009 2559 Ποῦ
3049 2506 3143 2559 νῦν
3182 2509 3319 2559 εἰσιν
3343 2507 3393 2558 οἰ
3431 2506 3526 2559 τοῦ
3560 2507 3806 2572 Μονογε-

2228 2588 2353 2650 νοῦς
2377 2589 2475 2657 τὴν
2505 2589 2659 2653 δόξαν
2684 2589 3107 2659 καθαιροῦντεςς
3150 2590 3284 2642 Ἰδοὺ
3326 2588 3582 2659 βασιλεὺς
3626 2588 3808 2658 μέγας

2228 2670 2257 2721 6
2286 2670 2412 2732 Υἱὸς
2459 2670 2694 2737 λέγεται,
2743 2671 2772 2723 6
2817 2670 2945 2742 περὶ
3000 2670 3095 2723 τοῦ
3151 2670 3365 2741 Πατρὸς
3405 2670 3655 2740 εῖρηται’
3706 2670 3807 2737 Μὴ

2229 2750 2459 2819 ὀμόσῃς
2484 2753 2612 2824 γάρ,
2664 2753 2817 2823 φησί,
2847 2754 3000 2823 μήτε
3031 2754 3101 2807 ἐν
3132 2752 3213 2819 τῷ
3253 2752 3506 2821 οὐρανῷ,
3558 2751 3645 2805 ὅτι
3676 2752 3811 2819 θρό-

2228 2850 2336 2899 νος
2372 2834 2557 2887 αὑτοῦ
2602 2836 2763 2887 ἐστι’
2806 2836 2959 2905 μήτε
3007 2838 3095 2900 είς
3141 2835 3214 2888 τὰ
3266 2836 3667 2903 Ἱεροσόλυμα,
3717 2834 3810 2887 ὅτι

2229 2917 2406 2982 πόλις
2427 2917 2558 2971 ἐστὶ
2589 2917 2699 2971 τοῦ
2723 2918 3048 2983 βασιλέως.
3070 2917 3335 2989 [ΙθΟῙΚαὶ
3365 2918 3599 2988 ἀλλαχοῦ
3622 2918 3808 2972 πάλιν·

2233 2999 2377 3065 Θεὸς
2411 3001 2681 3068 ἰσχυρὸς,
2713 3001 3155 3067 ἐξουσιαστής·
3192 3002 3329 3071 ὅπερ
3368 3002 3485 3055 ἐστὶ
3528 2999 3809 3071 βασιλεύς.

2232 3084 2400 3135 Ὅταν
2428 3084 2606 3136 τοίνυν
2650 3084 2888 3155 ἀκούσῃς
2923 3085 3008 3137 6::
3042 3084 3472 3153 ἀνεσκολοπίσθη
3505 3101 3599 3136 σου
3640 3085 3670 3136 6
3713 3086 3815 3136 Δε-

2232 3167 2454 3237 σπότης,
2494 3168 2577 3220 ὅτι
2624 3166 2939 3239 ἐκρεμάσθη
2975 3169 3034 3220 ἐν
3072 3166 3151 3238 τῷ
3202 3167 3440 3238 σταυρῷ,
3477 3170 3560 3220 6::
3606 3167 3808 3237 ἐτάφη.

2230 3248 2312 3301 ὅτι
2347 3249 2612 3319 κατῆλθεν
2658 3252 2738 3313 εἰς
2785 3250 2853 3309 τά
2896 3249 3183 3320 κατώτερα
3222 3250 3363 3321 μέρη
3406 3250 3508 3320 τῆς
3554 3248 3683 3318 γῆς,
3734 3250 3812 3319 μὴ

2232 3331 2571 3403 καταπέσῃς,
2591 3330 2727 3403 μηδὲ
2748 3331 2847 3401 ἀδη
2857 3333 3096 3402 μονήσῃς
3116 3348 3130 3361 ’
3168 3332 3390 3402 ῦψιστος
3423 3332 3531 3403 γάρ
3558 3334 3698 3393 ἐστι,
3716 3333 3813 3385 καὶ

2234 3413 2455 3483 ῦψιστος
2484 3413 2665 3482 φύσει.
2698 3413 2773 3466 T6
2817 3414 2873 3465 δὲ
2899 3414 3101 3483 ὑψηλὸν
3133 3415 3290 3484 φύσει
3316 3416 3416 3468 οὐκ
3449 3416 3514 3469 ἀν
3546 3431 3677 3467 ποτε
3716 3431 3815 3483 με⁸

2233 3495 2464 3565 τασταίη
2488 3495 2581 3548 τοῦ
2625 3494 2813 3565 ὕψους,
2848 3495 2957 3548 οὐδ’
2993 3496 3058 3549 ἂν
3088 3497 3297 3565 γένοιτο
3331 3496 3622 3550 ταπεινόν·
3674 3495 3815 3549 ἀλλά

2233 3575 2326 3629 καὶ
2355 3577 2413 3628 ἐν
2452 3580 2518 3648 τῇ
2552 3577 2877 3631 ταπεινώσει
2906 3577 3070 3630 αὐτοῦ
3113 3579 3265 3649 μένει
3295 3579 3355 3632 τὸ
3395 3577 3528 3647 ὕψος
3552 3578 3651 3632 καὶ
3692 3579 3813 3631 δια-

2232 3658 2525 3712 δείκνυται.
2566 3660 2721 3713 Ἐπεὶ
2764 3660 2857 3713 καὶ
2906 3660 3219 3723 ἀποθανὼν,
3269 3661 3391 3714 τότε
3436 3662 3679 3731 μάλιστα
3714 3661 3814 3732 τὴν

2235 3739 2376 3791 κατὰ
2396 3740 2489 3791 τοῦ
2528 3740 2758 3793 θανάτου
2789 3740 2940 3809 ἰσχὺν
2965 3740 3152 3805 ἔδειξε.
3188 3742 3256 3796 Τό
3309 3740 3432 3810 φῶς
3460 3743 3530 3795 ἐν
3556 3740 3636 3809 τῇ
3670 3758 3816 3796 σκο-

2238 3822 2335 3889 τίᾳ
2366 3823 2584 3890 φαίνει,
2615 3822 2766 3893 φησι,
2808 3822 2908 3875 καί
2944 3824 2984 3890 ἠ
3016 3824 3231 3877 σκοτία
3262 3824 3410 3876 αὐτὸ
3448 3826 3521 3877 οὐ
3555 3826 3814 3879 κατέλα-

2236 3906 2372 3957 ϐεν’
2410 3903 2554 3957 οῦτω
2591 3904 2657 3974 δὴ
2690 3906 2783 3957 καὶ
2810 3905 2873 3957 τὸ
2916 3904 3047 3974 ὕψος
3076 3905 3241 3958 αὐτοῦ
3274 3908 3333 3959 ἐν
3361 3909 3428 3976 τῇ
3462 3908 3813 3978 ταπεινότητι

2235 3987 2580 4058 ἐφάνη.”ορα
2608 3986 2738 4055 γοῦν
2764 3988 2927 4041 αὐτὸν
2942 3990 3000 4040 ἐν
3019 3987 3098 4059 τῷ
3126 3989 3227 4060 ᾄδῃ
3241 3988 3391 4053 δντα,
3420 3991 3513 4043 καὶ⁸
3537 3990 3607 4044 τὰ
3631 3990 3813 4061 ὑψηλά

2236 4068 2452 4122 ἅπαντα
2484 4070 2715 4122 σείοντα.
2756 4069 2823 4122 '0
2853 4068 2962 4140 γὰρ
2991 4070 3139 4140 ἥλιος
3168 4072 3290 4125 τότε
3320 4070 3419 4135 τὰς
3447 4072 3674 4135 ἀκτῖνας
3704 4074 3810 4126 άπ-

2238 4150 2488 4221 έστρεψε,
2521 4151 2717 4222 πέτραι
2762 4150 3054 4221 ἐσχίζοντο,
3081 4151 3143 4204 :6
3174 4152 3572 4222 καταπέτασμα
3609 4154 3814 4225 ἐρρήγ-

2239 4249 2385 4294 νυτο,
2409 4232 2677 4285 ἐκλονεῖτο
2709 4234 2742 4301 ἡ
2773 4233 2865 4303 γῆ,
2896 4232 3095 4297 Ἰούδας
3124 4235 3425 4306 ἀπήγχετο,
3457 4234 3690 4298 muco;
3720 4237 3812 4288 καὶ

2239 4316 2273 4383 ἡ
2304 4314 2493 4368 τούτου
2515 4315 2652 4384 γυνὴ
2690 4314 3063 4385 ἐδειματοῦτο,
3093 4316 3257 4380 αὐτὸς
3289 4318 3317 4369 6
3344 4316 3581 4381 δικάζων
3609 4318 3811 4371 ἀπελοο

2238 4398 2407 4463 γεῖτο.
2429 4398 2596 4449 Ὅταν
2636 4397 2814 4449 τοίνυν
2856 4396 3115 4469 ἀκούσῃς,
3145 4398 3228 4451 ὅτι
3265 4398 3417 4470 ἐδέθη
3454 4400 3548 4452 καὶ
3584 4402 3814 4469 ἐμαστι-

2239 4480 2410 4550 γὼθη,
2440 4480 2514 4549 μὴ
2549 4479 2850 4551 συγχυθῇςο
2876 4480 2991 4534 ἀλλ’
3019 4481 3124 4551 δρα
3147 4480 3307 4535 αὐτὸν
3333 4485 3426 4537 καὶ
3445 4485 3501 4536 ἐν
3520 4481 3599 4552 τῷ
3627 4482 3812 4554 δεσμῷ

2238 4565 2337 4635 τὴν
2386 4564 2539 4632 ἰσχὺν
2584 4561 3042 4631 ἐπιδεικνύμενον.
3083 4559 3237 4630 Είπε,
3273 4564 3414 4619 Τίνα
3445 4561 3697 4631 ζητεῖτε;
3721 4566 3811 4619 καὶ

2242 4646 2449 4708 πάντας
2482 4644 2704 4717 ἔρριψεν
2735 4645 2976 4709 ὑπτίους.
3028 4642 3180 4709 Εἶδες
3212 4646 3330 4710 πῶς
3376 4647 3629 4716 φοϐερὸς,
3660 4648 3810 4717 φωνῇ

2242 4730 2376 4800 μόνῃ
2409 4730 2502 4783 καὶ
2534 4728 2762 4797 νεύματι
2807 4728 3044 4783 τοσαῦτα
3084 4728 3482 4801 ἐργαζόμενος
3515 4731 3689 4785 Ὅταν
3720 4727 3812 4785 οῦν

2240 4813 2354 4883 ἴδῃς
2385 4811 2544 4865 αὐτὸν
2568 4811 2779 4880 νεκρὸν,
2801 4812 3052 4881 ἐννόησον
3069 4811 3160 4864 τὸν
3181 4812 3329 4866 λίθον
3356 4814 3668 4884 αἰρόμενον,
3686 4814 3812 4885 τοὺς

2240 4896 2506 4963 ἀγγέλους
2535 4895 2661 4957 τούς
2693 4894 2828 4964 μετά
2866 4894 3031 4962 φόϐου
3071 4896 3485 4965 παραμένοντας
3525 4898 3605 4967 τῷ
3635 4898 3810 4968 τάφῳ,

2239 4980 2328 5033 τὸν
2358 4979 2491 5049 ᾅδην
2510 4977 2792 5048 λυόμενον,
2826 4979 2917 5030 τὸν
2941 4978 3171 5033 θάνατον
3199 4981 3521 5051 τηκόμενον,
3562 4982 3688 5046 τοὺς
3723 4982 3809 5036 δε-

2241 5060 2461 5130 σμώτας
2490 5059 2790 5121 ἀπολύοντα
2808 5076 2821 5091 ·
2858 5062 2952 5113 καὶ
2984 5061 3104 5114 τότε
3130 5061 3252 5131 ὕψει
3277 5062 3444 5116 αὐτοῦ
3466 5063 3526 5116 :6
3560 5058 3808 5136 φοϐερόν.

2239 5143 2302 5195 Εἰ
2334 5140 2391 5193 δὲ
2424 5141 2481 5193 ἐν
2515 5140 2590 5211 τῷ
2614 5140 2789 5213 καιρῷ
2816 5142 2913 5212 τῆς
2952 5144 3173 5213 ἀτιμίας
3206 5145 3444 5197 τοσαῦτα
3477 5144 3810 5211 ἐπεδείξατο,

2240 5225 2297 5276 ἐν
2324 5223 2557 5294 οὐρανῷ,
2604 5225 2663 5276 ἐν
2690 5228 2781 5294 γῇ,
2813 5227 2871 5277 tv
2905 5225 3024 5297 ᾄδῃ,
3066 5225 3191 5279 τίνα
3234 5225 3334 5279 οὐκ
3369 5226 3706 5298 ἐπιδείξηται
3754 5230 3812 5282 ἐν

2241 5305 2317 5375 τῷ
2344 5305 2518 5375 καιρῷ
2553 5304 2655 5375 τῆς
2694 5306 2993 5377 μελλούσης
3045 5308 3377 5377 παρουσίας;
3407 5310 3674 5363 ’Δκουσον
3704 5310 3811 5363 τῶν

2240 5387 2513 5456 δαιμόνων
2541 5389 2598 5440 ἐν
2633 5388 2711 5457 τῷ
2741 5389 2916 5460 καιρῷ
2949 5390 3046 5460 τῆς
3073 5389 3451 5455 ταπεινώσεως
3478 5390 3530 5445 τί
3560 5390 3808 5459 λέγοντι,

2242 5469 2348 5521 τῶν
2375 5469 2726 5539 ἀφριζόντων,
2766 5472 2875 5523 τῶν
2907 5471 3081 5542 δεσμὰ
3111 5472 3454 5539 διαλυόντων,
3484 5474 3593 5527 τῶν
3613 5474 3812 5529 ἄϐατον

2243 5552 2538 5605 ποιούντων
2557 5553 2655 5624 τὴν
2676 5553 2793 5606 ὁδόν
2811 5571 2825 5586 ·
2860 5556 2922 5609 Τί
2946 5554 3093 5625 ἡμῖν
3115 5556 3215 5611 καί
3235 5560 3358 5623 σοί,
3390 5559 3486 5613 Υίέ
3500 5558 3607 5612 τοῦ
3628 5559 3807 5624 Θεοῦδ

2306 5757 2334 5797 ὅ
2355 5758 2435 5810 Sic
2457 5773 2571 5810 mss.
2644 5765 2699 5815 cl
2764 5764 2935 5820 Sari];
2963 5767 3131 5817 Morel.
3158 5780 3276 5816 vero
3299 5768 3532 5820 ἐνέγκατε.
