4058 6448
281 445 384 500 Εκὶῠ

278 557 390 612 dixi
416 598 431 620 ,
484 569 622 610 nunc
667 564 878 622 quoque
918 547 1038 603 dico
1070 565 1083 599 :
1112 545 1211 599 alia
1242 542 1455 613 quidem
1485 540 1553 593 ita
1581 545 1703 592 sunt
1723 549 1865 590 acri-

284 644 500 717 pieuda,
542 653 597 698 ιιι
620 641 765 697 dicta
809 648 963 704 sunt;
994 636 1094 691 alia
1126 648 1253 688 vero
1281 632 1453 693 aliter,
1484 643 1643 699 quam
1673 641 1781 695 prae
1808 638 1867 678 se

285 736 466 792 lerunt
492 754 506 789 :
538 731 983 805 quemadmodum
1010 746 1067 783 se
1094 726 1253 781 habet
1276 725 1329 778 in
1354 723 1447 777 illo
1474 739 1488 776 :
1520 718 1658 789 Lupi
1684 726 1729 771 et
1752 732 1868 770 ores

282 825 441 883 simul
469 833 737 893 pascentur
761 821 912 893 (Isai.
945 822 1030 875 ll.
1064 819 1144 885 6).
1178 815 1300 870 Non
1345 811 1689 880 intelligimus
1725 807 1866 862 enim

286 916 438 985 lupos
463 923 517 968 et
538 906 688 975 oves,
723 927 820 965 nec
846 910 1045 979 paleas,
1077 907 1156 960 vel
1185 908 1375 959 bovem
1402 900 1487 956 vel
1514 910 1746 962 taurum,
1772 897 1867 949 sed

285 1018 463 1059 mores
504 1002 776 1057 hominum
820 1015 913 1069 per
948 995 1349 1053 similitudinem
1380 994 1656 1048 brutorum
1684 986 1867 1056 expri-

285 1096 500 1148 mimus.
551 1092 666 1147 Alia
692 1105 821 1146 vero
862 1096 988 1144 sunt
1034 1083 1340 1156 accipienda
1387 1080 1688 1151 dupliciter,
1717 1085 1775 1132 ut
1817 1084 1871 1130 et

286 1183 557 1238 sensibilia
586 1182 958 1250 intelligamus,
979 1188 1031 1231 et
1054 1192 1175 1247 qua:
1199 1177 1249 1230 in
1274 1170 1626 1241 intelligentia
1652 1170 1869 1223 νει-ἐξιη-

287 1283 373 1326 ῑιιι·
388 1272 738 1340 suscipiamus
758 1287 771 1322 :
792 1265 1238 1338 quemadmodum
1262 1265 1313 1317 iu
1335 1275 1570 1332 auagoge
1582 1268 1636 1315 et
1654 1254 1867 1311 sublimi

286 1361 736 1431 contemplatione
780 1359 871 1413 lilii
913 1357 1202 1412 Abraham.
1250 1354 1441 1408 Filium
1468 1351 1610 1405 enim
1635 1349 1866 1403 oblatum

286 1449 452 1505 fuisse
476 1446 849 1518 seimus(Geu.
875 1446 989 1516 22),
1032 1459 1215 1499 verum
1257 1440 1454 1509 aliquid
1496 1440 1655 1494 etiam
1702 1436 1865 1502 aliud,

288 1541 430 1611 quod
481 1542 611 1597 latet
656 1540 708 1594 iu
750 1537 1116 1608 intelligentia,
1162 1549 1259 1605 per
1307 1533 1471 1586 lilium
1511 1530 1866 1598 excerpimus,

288 1646 481 1699 nempe
509 1644 741 1684 crucem.
782 1628 851 1682 Et
876 1642 1058 1681 rursus
1078 1625 1131 1679 iu
1161 1623 1367 1694 pecude
1392 1623 1444 1675 in
1470 1620 1724 1690 Egypto,
1753 1635 1872 1687 pas-

288 1722 457 1774 sionis
485 1718 882 1774 similitudinem
904 1716 1147 1771 similiter
1168 1714 1515 1784 exprimimus
1543 1711 1735 1781 (Exod.
1756 1708 1865 1781 12).

291 1810 403 1865 Iloc
441 1810 612 1878 ipsum
640 1808 727 1863 hic
755 1822 968 1878 quoque
1006 1805 1305 1860 faciendum
1352 1813 1454 1858 est.
1499 1801 1684 1870 Neque
1726 1800 1867 1853 enim

289 1884 523 1971 loquitur
571 1900 742 1955 solum
791 1899 857 1953 de
901 1897 1165 1953 Arabibus
1215 1907 1272 1950 et
1318 1894 1530 1958 vicinis,
1582 1892 1675 1948 sed
1719 1900 1871 1945 vocat

289 2006 480 2046 omnes
525 2001 730 2061 gentes.
774 1990 1025 2057 Quoniam
1062 1989 1309 2043 Dominus
1344 1985 1583 2045 excelsus.
1613 1984 1868 2050 terribilis,

287 2098 382 2135 rea:
410 2098 617 2150 magnus
650 2098 799 2148 super
834 2097 1027 2134 omnem
1058 2089 1266 2135 terram.
1302 2078 1492 2132 Statim
1518 2092 1645 2146 ergo
1668 2091 1698 2129 a
1720 2076 1868 2144 prin-

288 2169 431 2239 cipio
458 2170 750 2225 auditorem
776 2170 992 2234 excitat,
1022 2169 1089 2223 ad
1130 2177 1206 2222 tot
1242 2168 1553 2221 annuntiata
1595 2166 1732 2221 bona
1774 2181 1869 2219 vo-

288 2275 436 2323 cans,
471 2272 524 2315 et
552 2262 618 2314 ad
645 2261 904 2331 publicam
947 2261 1105 2314 totius
1142 2259 1287 2313 orbis
1331 2269 1487 2313 terra:
1524 2259 1867 2322 concionem,

288 2348 639 2420 divinumque
668 2366 731 2405 ae
759 2351 1030 2420 spirituale
1058 2350 1323 2421 quoddam
1356 2350 1547 2404 festum
1570 2389 1587 2414 ,
1617 2358 1775 2416 atque
1804 2348 1868 2402 ad

289 2441 562 2513 delapsam
600 2458 664 2499 ex
703 2444 848 2498 caelis
883 2444 1256 2515 mysteriorum
1286 2441 1605 2497 doctrinam.
1641 2441 1710 2496 Et
1749 2440 1871 2494 ideo

290 2530 423 2588 dicit
452 2550 467 2588 :
499 2533 733 2588 Plaudite
750 2534 1020 2598 manibus;
1050 2534 1152 2588 hoc
1194 2542 1312 2598 est,
1340 2532 1609 2594 Gaudete,
1636 2531 1866 2587 exsilite.

288 2622 421 2676 Nam
472 2623 571 2677 hoc
609 2639 817 2692 quoque
853 2639 1031 2678 sermo
1062 2622 1211 2693 jubet
1247 2624 1615 2692 evangelicus,
1649 2621 1867 2687 dicens,

292 2708 558 2765 Exsultate
584 2711 737 2780 (Luc.
767 2713 821 2767 6.
859 2712 951 2781 25)
986 2730 999 2766 :
1030 2729 1135 2767 non
1167 2714 1347 2783 utique
1372 2712 1564 2781 jubens
1590 2713 1788 2767 saltare
1815 2722 1868 2766 et

290 2800 505 2854 exsilire
535 2796 671 2871 (hoc
697 2811 780 2857 est
815 2804 958 2858 enim
998 2803 1326 2873 illiberale),
1355 2803 1447 2858 sed
1475 2803 1867 2860 vehementiora

291 2886 488 2942 laetitiae
524 2889 847 2959 signiﬁcans.
889 2892 1039 2959 Quod
1066 2893 1210 2958 enim
1239 2894 1412 2963 agitur
1433 2932 1448 2957 ,
1479 2908 1721 2963 magnam
1752 2910 1867 2949 me-

291 2986 440 3030 retur
490 2977 746 3033 laetitiam.
796 2982 1062 3047 Quantum
1107 2983 1249 3036 enim
1294 2991 1450 3036 terrae
1497 2983 1575 3036 sol
1621 2984 1866 3052 respicit,

289 3080 468 3119 sermo
493 3069 725 3137 pervasit
747 3072 1104 3140 evangelicus,
1133 3082 1189 3126 et
1216 3082 1458 3127 servatus
1482 3083 1563 3127 est
1589 3075 1872 3129 universus

289 3155 437 3208 orbis
465 3166 620 3211 terra:
671 3167 762 3213 :et
810 3161 899 3229 qui
944 3160 1011 3215 ab
1053 3176 1239 3216 errore
1279 3170 1437 3217 antea
1476 3162 1867 3231 detinebantur,

291 3243 514 3299 Judaico
566 3248 710 3301 cultu
756 3248 1013 3317 majorem
1054 3250 1405 3305 ostenderunt
1453 3252 1867 3323 philosophiam.

294 3334 481 3388 Omnes
498 3346 686 3405 gentes,
714 3337 940 3406 plaudite
957 3341 1203 3394 manibus.
1231 3341 1355 3409 Illis,
1376 3342 1564 3412 inquit,
1583 3352 1736 3399 antea
1753 3360 1874 3400 see-

292 3425 491 3490 leratis,
523 3428 627 3481 illis
653 3430 827 3498 impiis
856 3441 909 3485 et
937 3433 1301 3500 exsecrandis,
1330 3450 1448 3504 qua:
1472 3450 1567 3504 per
1594 3437 1868 3495 immunda

289 3518 548 3572 sacriﬁcia
577 3521 814 3589 quotidie
844 3524 1230 3590 polluebantur,
1262 3526 1453 3595 quibus
1485 3527 1621 3584 alios
1648 3530 1864 3587 occide-

292 3608 449 3674 hatis,
469 3619 524 3664 ct
552 3612 720 3681 turpia
744 3615 1048 3682 patrabatis,
1079 3626 1134 3671 et
1151 3616 1407 3673 adversus
1433 3620 1604 3688 ipsam
1625 3631 1869 3683 naturam

289 3700 729 3768 contendebatis,
772 3704 848 3758 eis
893 3720 1032 3759 nunc
1076 3706 1307 3770 plaudite
1353 3710 1621 3766 manibus.
1648 3711 1873 3771 Jubilate

290 3785 400 3840 Deo
426 3789 478 3842 in
498 3806 615 3845 voce
638 3793 1002 3849 exsultatiouis.
1034 3795 1233 3867 Lingua
1257 3798 1342 3852 illa
1367 3841 1382 3864 ,
1410 3816 1512 3871 qua
1544 3804 1871 3859 exsecranda

290 3882 561 3947 gustastis,
588 3898 690 3954 qua
718 3886 875 3939 verba
909 3887 1066 3955 impia
1105 3897 1162 3943 et
1199 3890 1506 3960 blasphema
1544 3895 1868 3964 protulistis,

291 3984 354 4023 ca
382 3971 605 4039 jubilale
625 3976 888 4030 canticum
916 3978 1169 4033 victoriae.
1197 3979 1379 4036 Solent
1407 3982 1550 4039 enim
1575 3985 1865 4051 exercitus,

293 4061 507 4131 quando
537 4064 819 4121 inclinatur
838 4069 982 4123 acies
1011 4068 1263 4135 hostium,
1293 4087 1400 4127 non
1428 4075 1501 4129 uti
1527 4077 1742 4131 stataria
1773 4092 1869 4146 pu-

289 4168 391 4221 gna
413 4195 427 4218 ,
458 4155 553 4209 sed
580 4158 829 4212 concordi
859 4175 986 4215 voce
1012 4170 1064 4215 et
1088 4162 1320 4219 clamore
1345 4164 1540 4221 tractos
1555 4166 1666 4243 jajn
1695 4177 1746 4222 et
1775 4168 1871 4223 ab-

285 4244 459 4312 jc-ctos
502 4260 687 4301 eorum
729 4250 934 4304 animos
971 4265 1355 4321 conquassare;
1399 4258 1541 4325 quod
1588 4268 1670 4314 est
1711 4260 1869 4315 clarae

290 4335 526 4389 victoriae
566 4347 621 4391 et
664 4341 845 4408 troptei
890 4344 1177 4400 maximum
1216 4359 1609 4416 argumentum,
1656 4352 1870 4420 quando

288 4423 488 4479 bellum
518 4442 623 4481 non
655 4430 932 4498 manibus,
967 4432 1061 4488 sed
1086 4434 1323 4491 clamore
1348 4436 1690 4506 decernitur,
1717 4440 1867 4511 isque

290 4512 411 4567 loco
437 4530 684 4572 manuum
713 4529 766 4574 et
788 4536 1058 4586 armorum
1083 4526 1296 4582 sumeit.

359 4602 414 4657 2.
454 4604 583 4659 Vicit
626 4608 895 4666 Diabolum
936 4611 1204 4683 Christus;
1236 4630 1595 4689 comparantur
1630 4625 1870 4692 beneﬁcia

287 4693 475 4786 collata
492 4696 546 4748 in
560 4695 772 4754 Judwos
796 4701 917 4754 olim
937 4719 1052 4757 eum
1080 4706 1332 4776 beneficiis
1365 4710 1419 4765 in
1453 4709 1767 4768 Christianos
1787 4717 1866 4786 ef-

287 4784 452 4851 fusis;
481 4787 857 4858 redarguuntur
872 4791 1131 4849 Anomwi.
1151 4824 1222 4837 --
1247 4798 1358 4854 lloe
1381 4817 1508 4872 ergo
1533 4806 1629 4858 fuit
1658 4784 1872 4862 univer-

285 4884 405 4963 sum
424 4872 616 4963 Christi
642 4893 776 4945 opus
805 4897 819 4935 :
847 4881 1061 4937 difﬁcile
1084 4886 1225 4940 enim
1251 4888 1352 4943 hoc
1378 4891 1571 4949 bellum
1599 4895 1712 4963 ipse
1730 4914 1864 4952 con-

287 4960 432 5052 iecit,
463 4962 582 5017 forti
615 4966 848 5036 alligato,
880 4973 1213 5040 supellectile
1231 4978 1347 5045 ejus
1378 4960 1860 5052 vasisque—ablatis.

286 5048 417 5146 llum
458 5053 529 5107 sit
564 5067 739 5112 autem
781 5059 1036 5131 benignus
1072 5074 1128 5120 et
1166 5066 1436 5138 clemens,
1469 5048 1565 5129 eos
1603 5077 1693 5146 qui
1734 5079 1864 5134 nihil

287 5141 687 5211 laboraverant,
718 5150 935 5205 victoria
978 5152 1079 5208 frui
1120 5156 1273 5224 jubet
1315 5169 1370 5215 et
1413 5141 1664 5232 tropaeis.
1699 5176 1756 5221 et
1797 5169 1863 5223 ad

284 5233 569 5300 epinieium
620 5237 949 5296 eliciendum
995 5258 1087 5299 eos
1134 5260 1414 5317 pratpara-t,
1456 5256 1675 5322 perinde
1712 5273 1774 5313 ac
1818 5260 1862 5314 si

283 5322 383 5392 ipsi
411 5339 471 5381 se
494 5337 638 5384 recte
665 5333 976 5401 gessissent,
999 5345 1054 5391 et
1078 5338 1351 5395 vicissent.
1382 5344 1640 5412 Quocirca
1668 5365 1860 5409 omnes

280 5428 491 5502 quoque
518 5418 831 5488 clamamus,
863 5440 967 5479 non
999 5442 1127 5483 voce
1150 5430 1325 5501 aliqua
1348 5435 1569 5490 obscura
1586 5480 1600 5502 ,
1632 5440 1727 5494 sed
1750 5442 1861 5496 cla-

280 5501 490 5557 rissima
516 5522 533 5560 :
568 5506 663 5561 Ubi
682 5520 775 5576 est,
798 5529 952 5581 mors,
972 5518 1205 5573 stimulus
1225 5524 1379 5577 tuus?
1410 5525 1493 5578 ubi
1520 5538 1609 5590 est,
1641 5531 1857 5601 inferne,

277 5604 364 5645 tua
384 5595 590 5651 victoria
618 5601 691 5671 (l.
722 5601 839 5657 Cor.
871 5606 954 5661 l5.
979 5608 1107 5675 55)?
1138 5608 1204 5664 Et
1226 5628 1443 5668 rursus:
1464 5595 1706 5675 Ascendit
1724 5595 1859 5680 Dens

276 5687 328 5739 in
348 5688 512 5755 iubilo
542 5691 611 5762 (υ.
641 5694 719 5763 6).
772 5697 882 5751 lloc
911 5701 1050 5754 enim
1081 5706 1130 5756 in
1162 5705 1263 5761 hoc
1294 5708 1504 5765 Psahno
1528 5714 1724 5770 dictum
1750 5729 1851 5771 est.

279 5779 344 5833 lit
371 5797 553 5837 rursus
579 5784 704 5839 alibi
736 5804 749 5841 :
778 5788 1060 5845 Ascemlisli
1092 5795 1141 5848 in
1176 5798 1337 5851 altum
1358 5840 1370 5863 ,
1402 5803 1855 5873 captivumrepisti

1385 422 1741 483 EXPOSITIO
1780 418 1842 475 IN
1884 388 2202 475 rsammt
2246 420 2423 484 xm.

3469 426 3574 483 illi

1973 531 2331 598 captivitatem,
2354 535 2589 601 accepisti
2610 534 2744 586 dona
2767 534 2819 587 in
2841 534 3127 590 hominibus
3154 533 3328 605 (Psal.
3353 537 3442 591 67.
3463 537 3565 602 l9;

1972 620 2113 689 Eph.
2144 623 2200 677 4.
2227 621 2303 693 8).
2352 622 2675 678 Obtulerunt
2719 625 2880 677 etiam
2926 625 3217 695 aliquando
3253 626 3423 681 Judzei
3468 628 3567 698 by-

1972 726 2155 765 mnum
2204 726 2299 781 pro
2334 714 2573 777 victoria,
2622 715 2835 783 quando
2884 715 2938 769 in
2978 716 3112 770 mari
3156 715 3256 772 fuit
3292 718 3572 774 demersus

1973 800 2345 873 Egyptiorum
2384 804 2680 869 exercitus,
2710 806 2953 860 dicentes
2980 821 2995 859 :
3019 806 3273 861 Canamus
3299 807 3521 863 Domino
3550 826 3571 864 :

1970 890 2187 959 gloriose
2204 893 2338 946 enim
2363 893 2674 963 gloriﬁcatus
2702 903 2774 947 est
2806 894 2996 963 (Exod.
3024 896 3111 951 l5.
3139 896 3215 967 l).
3246 896 3351 952 Sed
3382 907 3563 953 nostra

1972 992 2055 1036 est
2083 983 2247 1037 multo
2272 984 2460 1052 major,
2493 1000 2599 1039 non
2632 985 2898 1057 A'Zgyptiis
2926 987 3206 1054 demersis,
3235 988 3330 1044 sed
3358 988 3567 1045 d:emo-

1975 1072 2132 1128 nibus
2162 1090 2175 1127 :
2206 1088 2310 1127 non
2354 1073 2633 1133 Pharaone
2671 1085 2955 1145 superato,
3003 1077 3099 1132 sed
3143 1079 3356 1133 diabolo
3401 1098 3414 1133 :
3458 1097 3565 1135 non

1970 1164 2139 1218 armis
2166 1165 2340 1233 captis
2360 1166 2732 1231 sensibilibus,
2765 1167 2858 1221 sed
2895 1168 3102 1222 sublata
3144 1170 3376 1239 nequitia
3408 1189 3423 1225 :
3458 1188 3563 1225 non

1974 1251 2025 1305 in
2066 1250 2249 1307 Rubro
2285 1254 2442 1309 mari.
2468 1254 2563 1310 sed
2611 1255 2663 1308 in
2706 1255 2919 1310 lavacro
2962 1258 3383 1327 regenerationis
3412 1278 3426 1314 :
3459 1276 3564 1315 non

1971 1342 2367 1411 egredientibus
2404 1342 2457 1398 in
2497 1355 2691 1400 terram
2734 1348 3135 1413 promissionis,
3170 1350 3263 1403 sed
3296 1350 3347 1403 in
3373 1352 3566 1406 0331"!“

1975 1431 2309 1487 tendentibus
2341 1450 2355 1485 :
2386 1447 2490 1488 non
2537 1449 2735 1489 mamm-
2772 1436 3185 1492 comedentibus
3226 1438 3437 1510 (Exod.
3478 1443 3562 1494 lu.

1979 1521 2092 1591 ll),
2119 1523 2212 1576 sed
2237 1521 2505 1579 dominico
2532 1538 2760 1593 corpore
2786 1527 3126 1592 vescenu'bus
3149 1527 3324 1597 (Joan.
3348 1530 3403 1585 6.
3432 1530 3524 1601 δι)
3549 1547 3562 1585 :

1975 1628 2080 1666 non
2103 1628 2295 1681 aquam
2339 1629 2371 1670 e
2407 1624 2555 1684 petra
2601 1616 2932 1683 bibentibus,
2966 1619 3060 1673 sed
3089 1622 3399 1689 sanguinem
3430 1637 3463 1676 e
3493 1624 3561 1675 la-

1975 1712 2089 1758 tere
2132 1704 2473 1773 (Exod.ti7.
2524 1705 2623 1775 6).
2666 1706 2789 1761 ideo
2824 1709 2993 1764 dicit:
3025 1708 3266 1765 Plaudite
3308 1712 3563 1779 inanibus,

1972 1793 2113 1861 quod
2154 1795 2363 1850 liberati
2405 1810 2436 1849 a
2474 1796 2628 1865 lignis
2666 1805 2721 1851 et
2765 1798 3046 1867 lapidibus,
3076 1802 3259 1866 carlos,
3305 1810 3359 1855 et
3403 1801 3567 1856 033108

1972 1885 2223 1939 cadurqu
2256 1887 2688 1942 trausceuderitis
2711 1928 2727 1954 ,
2762 1899 2818 1944 et
2851 1890 2916 1944 ad
2946 1891 3117 1960 ipsum
3148 1893 3347 1962 regium
3372 1894 3564 1949 solium

1973 1978 2244 2045 steteritis.
2272 1978 2500 2034 Jubilate
2527 1995 2655 2051 ergo
2681 1980 2786 2034 Deo
2807 2024 2821 2048 ,
2854 1981 2956 2037 hoc
2982 1991 3066 2036 est
3086 2025 3101 2045 ,
3132 1984 3208 2037 illi
3232 1984 3419 2039 offerte
3442 2001 3560 2055 gra-

1975 2070 2164 2122 tiarum
2204 2069 2469 2126 actionem
2495 2111 2511 2137 ,
2549 2071 2622 2125 illi
2668 2071 2969 2137 victoriam,
3002 2073 3075 2126 illi
3124 2083 3402 2142 tropa-um.
3447 2074 3565 2129 Non

1972 2172 2053 2214 est
2094 2162 2288 2215 bellum
2319 2161 2605 2218 humanum
2627 2203 2641 2227 ,
2671 2178 2771 2218 nec
2797 2179 2966 2234 pugna
2998 2166 3265 2219 sensibilis
3297 2184 3310 2219 :
3344 2176 3441 2221 nec
3469 2182 3566 2235 pro

1972 2253 2151 2321 aliquo
2170 2266 2355 2307 eorum
2382 2268 2502 2321 (pne
2539 2253 2605 2306 ad
2647 2253 2785 2308 hanc
2811 2254 2973 2308 vitam
3004 2255 3292 2322 pertinent,
3324 2254 3568 2311 decerta-

1975 2350 2078 2405 tur,
2107 2343 2202 2397 scd
2226 2357 2321 2412 pro
2347 2344 2493 2399 exulis
2516 2344 2675 2414 ipsis,
2703 2354 2756 2399 et
2782 2345 2846 2399 iis
2874 2359 2995 2414 qua:
3023 2356 3151 2400 sunt
3176 2346 3226 2399 in
3249 2347 3415 2401 cmlis.
3448 2346 3565 2416 ipso

1971 2435 2083 2488 suis
2106 2436 2355 2503 auspiciis
2373 2451 2576 2506 suoque
2595 2436 2753 2491 ductu
2776 2436 2878 2492 hoc
2901 2418 3099 2493 bellum
3121 2438 3350 2494 confecit
3369 2457 3381 2494 :
3403 2442 3556 2494 nobis

1972 2534 2151 2578 autem
2180 2526 2452 2579 victoriam
2484 2526 2757 2595 impertiit.
2814 2526 3067 2591 Quoniam
3108 2527 3357 2583 Dominus
3398 2532 3564 2584 excel-

1971 2633 2077 2677 sus,
2117 2616 2378 2682 terribilis,
2404 2633 2497 2671 rea:
2528 2634 2741 2687 magnus
2773 2628 2924 2684 super
2967 2637 3163 2673 onmem
3205 2631 3410 2675 terram.
3460 2622 3561 2678 Ubi

1973 2724 2114 2762 nunc
2142 2719 2265 2762 sunt
2288 2709 2377 2777 qui
2405 2707 2692 2763 detrahunt
2715 2708 2900 2778 gloria:
2940 2709 3247 2778 Uuigeniti?
3291 2712 3428 2766 Ecce
3469 2729 3561 2768 rex

1974 2815 2196 2869 magnus
2221 2799 2414 2854 dicitur
2436 2799 2623 2861 Filius,
2651 2800 2793 2872 quod
2820 2802 2886 2855 de
2916 2800 3072 2855 Patre
3095 2801 3293 2857 dictum
3324 2812 3408 2857 est
3440 2820 3453 2855 :
3480 2802 3563 2858 Ne

1961 2892 2219 2965 juraueris
2264 2894 2430 2959 enim,
2464 2894 2652 2962 inquit,
2684 2909 2841 2961 neque
2859 2893 2912 2946 in
2943 2892 3088 2958 aeto,
3114 2893 3352 2962 quoniam
3375 2904 3448 2948 est
3477 2910 3559 2947 see

1971 2986 2058 3038 des
2108 2986 2261 3054 ejus:
2287 3000 2445 3054 neque
2485 2984 2539 3038 in
2582 2982 2894 3046 Jerusalem,
2931 2986 3054 3048 quia
3091 2996 3164 3037 est
3209 2986 3385 3043 eiritas
3432 2987 3563 3057 regis

1977 3075 2187 3145 (Matth.
2209 3076 2262 3130 5.
2295 3077 2383 3139 54.
2412 3075 2483 3131 35
2506 3075 2544 3144 ).
2588 3074 2655 3128 Et
2686 3088 2869 3131 rursus
2897 3074 3023 3131 alibi
3052 3092 3065 3127 :
3100 3074 3239 3128 Deus
3262 3076 3441 3145 fortis,
3472 3092 3566 3145 po-

1972 3177 2081 3223 tens
2104 3166 2257 3239 (Isai.
2286 3168 2339 3223 9.
2369 3166 2455 3236 6);
2481 3167 2626 3237 quod
2654 3177 2736 3221 est
2767 3182 2881 3220 rex.
2921 3167 3143 3232 Quando
3174 3183 3302 3237 ergo
3330 3169 3564 3223 mulieris

1971 3260 2281 3315 cruciﬁxum
2311 3274 2432 3315 esse
2463 3260 2775 3322 Dominum,
2809 3259 2971 3314 fuisse
3000 3275 3129 3329 scpu
3154 3270 3262 3313 tum
3281 3302 3296 3325 ,
3330 3262 3395 3314 ad
3424 3262 3563 3314 inio-

1972 3350 2144 3404 riores
2188 3358 2345 3404 teme
2386 3356 2563 3419 partes
2603 3348 2964 3415 descendisse,
2993 3366 3061 3404 ue
3090 3349 3303 3415 labaris,
3335 3366 3435 3405 nec
3463 3367 3559 3406 an-

1971 3441 2117 3510 garis
2144 3458 2158 3489 :
2181 3449 2263 3495 est
2286 3441 2428 3496 enim
2451 3439 2761 3504 altissimus,
2784 3450 2838 3494 et
2865 3452 3048 3495 natura
3075 3441 3383 3496 altissimus.
3408 3442 3559 3511 Quod

1972 3538 2055 3585 est
2088 3538 2267 3585 autem
2309 3528 2477 3597 altum
2521 3537 2733 3595 natura,
2762 3530 2830 3586 ab
2869 3530 3147 3585 altitudine
3181 3531 3399 3586 minime
3440 3548 3560 3587 mn-

1972 3634 2131 3689 quam
2158 3620 2461 3683 recesserit.
2489 3634 2590 3675 nec
2619 3618 2817 3675 humile
2848 3621 3003 3675 fuerit
3031 3639 3043 3673 :
3068 3621 3161 3677 sed
3189 3622 3348 3677 etiam
3382 3624 3431 3675 in
3463 3623 3562 3677 hu-

1970 3708 2196 3768 militate
2227 3712 2346 3781 ejus
2386 3712 2608 3768 altitudo
2646 3722 2828 3767 manet
2863 3721 2919 3767 et
2955 3713 3272 3767 ostenditur.
3318 3714 3451 3769 Nam
3480 3717 3562 3770 vel

1974 3814 2217 3863 mortuus
2246 3806 2475 3861 maxime
2501 3805 2736 3861 ostendit
2754 3819 2904 3858 suam
2929 3804 2981 3858 in
3001 3814 3224 3859 mortem
3248 3802 3560 3874 potentiam.

1972 3898 2091 3954 Lua;
2113 3900 2166 3953 in
2191 3898 2402 3953 tenebris
2431 3903 2582 3963 lucet,
2617 3898 2822 3965 inquit,
2849 3907 2897 3952 et
2924 3899 3141 3951 tetiebra:
3163 3914 3272 3951 eam
3305 3915 3405 3953 non
3428 3916 3567 3953 com-

1972 3986 2341 4061 prehenderunt
2366 3988 2591 4057 (λωιηά
2648 3989 2707 4056 5)
2730 4002 2745 4041 :
2770 3987 2839 4042 ita
2865 3988 3026 4042 etiam
3056 3988 3107 4042 iu
3130 3988 3426 4043 humilitate
3446 3988 3565 4058 ejus

1971 4082 2194 4136 altitudo
2234 4080 2496 4151 apparuit.
2540 4079 2673 4133 Vide
2696 4094 2825 4148 ergo
2850 4079 3024 4148 ipsum
3045 4120 3061 4145 ,
3088 4079 3215 4134 dum
3242 4088 3382 4135 esset
3422 4082 3563 4150 apud

1972 4172 2169 4226 inferos
2191 4213 2206 4235 ,
2237 4172 2320 4225 vel
2346 4171 2451 4224 alta
2481 4170 2682 4240 quaevis
2700 4164 3111 4224 concutientem.
3151 4169 3241 4224 Sol
3270 4170 3412 4225 enim
3441 4181 3566 4226 tunc

1972 4262 2246 4316 avertebat
2275 4260 2471 4325 radios,
2502 4268 2664 4329 petra:
2695 4257 3063 4323 ﬁndebantur,
3094 4267 3149 4314 et
3173 4259 3348 4314 velum
3380 4262 3562 4330 templi

1972 4350 2420 4420 abrumpebatu‘r,
2448 4361 2587 4405 terra
2619 4350 2933 4403 movebatur
2952 4391 2966 4415 ,
2998 4349 3164 4404 .ludas
3191 4353 3566 4421 strangulaha-

1975 4452 2079 4506 tur,
2105 4443 2307 4498 Pilatus
2348 4452 2404 4497 et
2439 4441 2556 4510 ejus
2599 4457 2734 4497 uxor
2777 4443 3137 4504 terrebantur.
3178 4443 3291 4511 ipse
3312 4443 3477 4513 judex
3505 4459 3566 4500 se

1972 4534 2307 4590 defendebat.
2337 4524 2561 4601 Quando
2589 4547 2715 4602 ergo
2742 4531 2995 4598 audieris,
3029 4547 3149 4586 eum
3180 4534 3414 4589 vinctum
3444 4550 3566 4590 esse

1972 4636 2027 4680 et
2050 4625 2226 4695 ﬂagris
2244 4638 2465 4689 cmsum,
2493 4637 2560 4678 ne
2584 4621 2922 4677 ceul'uudaris
2943 4638 2956 4674 :
2979 4620 3073 4676 sed
3097 4620 3218 4677 vide
3239 4638 3361 4676 eum
3380 4632 3563 4678 esten-

1972 4714 2186 4770 dentem
2218 4715 2505 4784 potentiam
2548 4714 2629 4768 vel
2676 4713 2729 4767 in
2766 4712 3011 4767 vinculis.
3044 4712 3186 4766 Dixit
3206 4714 3376 4780 enim,
3404 4714 3565 4779 Quem

1970 4808 2195 4875 quwritis
2224 4805 2418 4875 (Joan.
2449 4805 2537 4861 l8.
2566 4806 2600 4860 4
2623 4804 2679 4875 )?
2714 4812 2770 4859 et
2801 4816 2991 4858 omnes
3015 4802 3160 4856 humi
3190 4803 3410 4871 supinos
3442 4820 3568 4873 pro.

1969 4899 2181 4954 stravit.
2206 4898 2362 4952 Vides
2383 4912 2540 4966 quatn
2567 4897 2636 4950 sit
2666 4895 2937 4961 terribilis,
2956 4893 3045 4963 qui
3072 4893 3184 4947 sola
3207 4909 3336 4951 voce
3356 4904 3411 4949 et
3432 4905 3564 4949 nutu

1973 5002 2117 5046 tanta
2150 4989 2342 5045 faciat?
2371 4988 2595 5055 Quando
2620 5003 2747 5057 ergo
2774 4986 2969 5040 videris
2993 5001 3116 5039 eum
3142 4995 3410 5040 mortuum
3432 5029 3446 5053 ,
3481 4987 3567 5043 iac

1969 5083 2149 5136 animo
2191 5080 2394 5151 cogites
2426 5080 2693 5135 subiatum
2742 5079 3002 5148 lapidem,
3042 5080 3261 5146 angelos
3306 5080 3396 5151 qui
3437 5096 3561 5136 cum

1971 5184 2114 5226 metu
2144 5172 2208 5228 ad
2237 5171 2539 5242 sepulcrum
2570 5178 2807 5237 manent,
2836 5168 3036 5224 Inferos
3062 5170 3149 5240 qui
3179 5170 3562 5240 refringuntur,

1972 5276 2195 5318 utut-tem
2214 5279 2331 5333 qua:
2349 5265 2700 5327 consumitur,
2723 5260 2962 5329 captivos
2983 5261 3298 5315 liberatttem
3326 5283 3339 5318 :
3361 5272 3415 5317 et
3436 5271 3561 5319 tunc

1970 5368 2157 5410 cernes
2184 5370 2341 5423 quam
2370 5355 2439 5409 sit
2460 5352 2728 5408 terribilis.
2762 5351 2817 5407 Si
2839 5361 3016 5407 autem
3044 5353 3095 5406 in
3120 5353 3234 5421 ipso
3257 5352 3564 5423 ignominiae

1971 5456 2209 5509 tempore
2255 5456 2395 5500 tanta
2425 5444 2581 5510 fecit,
2621 5443 2675 5500 in
2705 5444 2873 5510 ca-lo,
2930 5444 2984 5497 in
3035 5452 3210 5504 terra.
3238 5444 3376 5514 apud
3420 5445 3558 5501 infe-

1971 5550 2061 5590 ros
2088 5553 2103 5589 :
2133 5534 2258 5603 quid
2304 5549 2409 5589 non
2456 5533 2609 5589 laciet
2656 5542 2897 5603 tempore
2941 5535 3100 5589 futuri
3142 5536 3222 5590 sui
3266 5535 3563 5592 adventus?

1969 5626 2104 5681 Audi
2131 5626 2255 5695 quid
2283 5627 2460 5680 dicant
2484 5626 2759 5680 daemones
2788 5635 3029 5695 tempore
3054 5625 3367 5682 humilitatis
3385 5669 3401 5693 ,
3431 5645 3563 5698 spu—

1965 5726 2193 5778 mantes,
2223 5716 2430 5770 vincula
2467 5715 2771 5780 solventes,
2812 5714 3138 5769 inaccessam
3164 5717 3304 5771 viam
3324 5720 3566 5775 redden-

1965 5818 2092 5861 tcs:
2130 5806 2266 5873 Quid
2311 5806 2452 5860 nobis
2490 5815 2533 5861 et
2578 5807 2685 5866 tibi,
2728 5805 2836 5859 Fili
2879 5803 3019 5860 Dei?
3065 5804 3259 5862 Venisti
3297 5807 3396 5861 huc
3424 5818 3551 5862 ante
