2029 3220
286 256 384 284 πωπω
393 254 506 283 torquem
518 256 564 275 nos
578 247 682 283 (Matth.
694 247 720 275 8.
734 246 802 282 29)?
813 247 842 274 Si
853 254 916 282 ergo
930 247 986 274 haec
999 251 1073 279 tunc,

285 292 392 328 quando
405 292 538 324 adveniet,
548 297 574 319 I-t
588 296 729 326 putt-states
739 292 865 322 (sclorum
879 291 1074 323 concutiuntur,

285 343 314 366 et
324 339 365 366 sol
380 345 524 366 convenas
538 337 615 364 fuerit
628 338 654 364 in
669 337 806 370 tenebras,
821 343 848 364 et
863 337 922 364 luna
937 344 989 364 non
1002 336 1075 364 dabit

287 384 374 411 lucem
383 391 459 411 suam
473 382 577 417 (lauit.
593 383 638 411 24.
658 382 714 419 29),
731 383 794 418 quid
808 383 917 411 dicent?
933 382 1074 417 Propterea

286 429 350 456 dicit
365 427 522 460 :Eueisua,
543 428 669 455 terribilis.
694 428 738 455 Vel
759 428 846 462 potius
857 448 865 460 ,
879 428 941 463 quid
954 428 1012 462 quis
1027 434 1075 462 pro

284 473 413 509 dignitate
419 473 525 504 dixerit,
533 473 603 500 diem
613 473 685 502 illum
693 480 813 505 namus.
820 473 926 508 quando
935 473 1021 500 mittet
1027 480 1076 500 an-

284 518 359 553 gelos
372 525 418 552 per
424 518 574 545 universum
586 518 677 545 orbem
693 522 769 545 terrm
778 517 861 552 (Ibid.
871 518 955 552 v.3l).
968 518 1074 553 quando

285 563 373 590 omnia
387 563 581 593 concutientur.
595 563 701 598 quando
714 568 783 590 terra
798 563 945 590 movebitur
959 563 1073 591 reddens

286 613 450 636 mortuorum
464 608 626 643 depositum,
635 608 740 643 quando
753 608 950 636 innumerabilia
961 616 1071 643 corpora

285 654 488 687 excitabuntur,
510 654 617 688 quando
638 654 732 682 etclam
752 654 833 682 veluti
855 654 942 682 velum
965 654 1072 689 aliquod

283 697 473 731 contrahetur;
504 699 611 733 quando
638 703 768 727 statuetur
796 699 913 727 terribile
938 699 1070 732 tribunal,

282 743 388 777 quando
398 743 469 771 ﬂuvii
480 743 547 778 ignis
559 743 707 777 trahentur,
720 744 825 779 quando
838 744 897 772 libri
907 746 1071 780 aperientur,

283 787 390 823 quando
402 795 460 824 qua!
473 789 507 816 ab
520 796 678 825 unoquoque
690 790 717 817 in
732 790 849 817 tenebris
867 790 934 817 facta
955 790 1068 821 fuerint,

282 832 310 860 in
331 833 448 861 medium
471 833 665 868 producentur;
687 835 794 871 quando
816 835 869 863 ilke
892 835 1071 863 intolerabiles

282 884 369 910 pana
389 884 421 905 ac
442 877 582 913 supplicia,
595 879 701 914 quando
719 879 885 907 minabundae
907 884 1068 914 potestates,

281 921 388 957 quando
399 923 485 951 stricti
498 923 597 958 gladii,
616 925 722 959 quando
735 925 786 952 erit
795 925 919 952 abductio
931 924 956 952 in
970 924 1070 960 gehen-

281 973 362 999 nam;
371 967 478 1002 quando
488 968 576 996 omnis
589 969 685 1004 peribit
696 969 850 1001 auctoritas,
866 970 1066 1004 imperatorum,

280 1004 388 1045 ducum,
410 1012 568 1045 cmssnlutn,
593 1017 620 1040 et
644 1013 802 1047 prmsidum;
827 1014 932 1048 quando
953 1013 1068 1041 adfuerit

280 1059 371 1084 tantoa
387 1056 541 1091 angelorum
562 1058 674 1092 populus
684 1077 693 1092 ,
708 1058 814 1093 quando
829 1062 990 1094 martyrum,
1006 1066 1067 1094 pro-

280 1099 419 1134 phetarum
428 1119 437 1134 ,
454 1102 634 1136 apostolorum
647 1122 655 1135 ,
675 1103 843 1131 sacerdotum
852 1123 861 1137 ,
876 1104 1065 1132 monachorum

278 1144 411 1177 examina,
423 1140 530 1180 quando
543 1146 585 1174 illa
598 1146 738 1175 inelabilia
752 1149 870 1183 prunis,
884 1148 990 1183 quando
1002 1148 1066 1176 bra-

279 1189 331 1222 via,
342 1190 452 1225 quando
459 1198 576 1226 coronae,
588 1192 694 1227 quando
707 1193 785 1226 bona,
800 1201 860 1228 quae
872 1201 978 1221 omnem
991 1202 1066 1222 met:-

278 1240 332 1263 tens
346 1241 472 1271 superant
486 1237 564 1273 (Dan.
579 1238 606 1266 7.
620 1238 667 1273 9)?

313 1282 341 1309 ὃ.
356 1282 421 1315 Qum
430 1283 516 1310 oratio
526 1282 583 1312 hmo
595 1284 856 1320 explicare'poterit‘l
870 1285 898 1314 Si
910 1286 980 1314 enim
990 1294 1064 1314 crea-

277 1326 376 1354 tionem
392 1327 518 1361 propheta
534 1333 707 1364 persequutus
717 1349 726 1363 ,
736 1329 893 1365 defatigatus
904 1336 946 1358 est
958 1336 984 1358 et
998 1332 1064 1359 resi-

277 1370 326 1404 Iiit,
338 1370 430 1398 dicens
444 1380 453 1398 :
467 1372 550 1406 Quom
562 1373 723 1408 magniﬁcam
733 1380 791 1402 sunt
804 1382 881 1410 opm:
893 1380 946 1409 tua,
957 1375 1064 1403 Domine

277 1414 360 1448 (Ptol.
376 1416 421 1444 9t.
436 1417 474 1452 ti)!
487 1422 514 1454 et
523 1417 619 1447 Paulus
629 1427 709 1447 unum
722 1427 806 1455 genus
820 1427 988 1455 perscnttans
1002 1430 1064 1457 pro-

276 1461 409 1493 videntia,
424 1463 597 1497 exclamavit,
617 1465 728 1493 dicens:
746 1465 769 1494 ο
790 1466 898 1495 altitudo
920 1468 1062 1496 divitiarum

276 1505 364 1539 (Rern.
381 1507 423 1534 11.
437 1508 500 1543 33)!
519 1508 582 1543 quid
594 1509 691 1537 dixerit
703 1510 831 1545 quispiam
845 1511 914 1539 diem
928 1513 999 1539 illum
1012 1513 1061 1540 de-

273 1550 413 1578 scribens?
439 1552 501 1579 time
522 1552 612 1581 omnia
637 1561 698 1580 cum
723 1555 886 1589 prmvidisset
912 1557 1059 1592 propheta,

275 1594 342 1622 dixit
356 1603 365 1623 :
378 1594 502 1623 Domiqu
517 1597 646 1631 melltta,
660 1599 787 1632 terribilis,
799 1607 846 1627 τα
860 1609 966 1637 magnus
986 1610 1061 1637 super

275 1647 373 1667 eam
387 1645 489 1674 terram,
504 1641 576 1670 orbis
595 1642 707 1670 salutem
725 1644 878 1673 ostendens.
893 1646 956 1673 Erat
973 1647 1062 1682 itaque

275 1685 355 1712 etiam
378 1690 456 1713 antea
476 1694 521 1714 rex
541 1694 668 1723 magnus,
686 1689 734 1716 sed
754 1689 932 1725 ignorabatur.
949 1692 1060 1722 Mundus

275 1730 346 1758 enim
368 1738 413 1766 per
434 1731 516 1766 ipsum
534 1734 618 1768 factus
634 1738 681 1766 est,
699 1739 723 1761 et
740 1737 857 1770 mundus,
871 1738 965 1774 inquit,
977 1739 1059 1774 ipsum

275 1783 324 1802 non
343 1777 458 1811 cognovit
478 1776 574 1811 (Joon.
592 1779 617 1805 1.
634 1778 686 1813 10).
706 1779 780 1808 Nunc
792 1786 880 1810 autem
894 1782 945 1811 hoc
956 1791 1060 1820 quoque

275 1821 401 1855 praclare
419 1823 502 1857 gessit
511 1843 519 1854 ,
532 1824 602 1857 quod
615 1832 662 1851 nos
675 1825 724 1852 sibi
740 1825 915 1856 familiaritate
924 1829 1061 1864 jungendo

274 1874 321 1900 rqx
342 1874 454 1902 magnus
477 1868 586 1896 cﬂ’ectus
608 1874 658 1897 est.
680 1870 776 1904 Quidni
797 1873 867 1900 enim
883 1881 1003 1910 magnus,
1015 1877 1060 1910 qui

275 1919 405 1947 mulieres
419 1913 572 1947 piscatores,
585 1914 732 1949 illiteratos,
743 1916 837 1945 idiotas
850 1925 960 1947 numero
976 1921 1060 1948 unde-

274 1956 337 1986 cim.
353 1956 491 1989 obscuros,
506 1958 670 1993 peregrinos,
681 1961 764 1995 magis
774 1967 860 1990 mutos
869 1970 948 1998 quam
963 1965 1058 2000 pisces,

225 2021 228 2024 λ
276 2000 380 2027 unicam
400 2001 515 2029 tunicam
539 2002 675 2036 habentes,
698 2006 794 2033 calceis
816 2013 947 2040 carentes,
963 2010 1058 2044 nudos,

275 2052 324 2080 per
336 2045 491 2073 universum
505 2048 598 2075 orbem
612 2053 739 2077 terrarum
754 2050 826 2079 misit
839 2051 850 2088 (
861 2045 953 2081 Nam.
969 2054 1011 2082 10.
1026 2055 1058 2089 9;

274 2091 396 2121 1.13.10.
409 2091 456 2128 ι),
470 2097 497 2120 et
511 2093 591 2122 veluti
605 2096 729 2125 mandato
743 2106 836 2127 omnes
847 2101 937 2135 cepit?
951 2101 1007 2129 Hoc
1019 2107 1061 2130 est

275 2144 338 2165 vere
351 2145 412 2166 esse
425 2146 514 2174 regem
526 2148 649 2177 magnum
662 2151 670 2170 :
681 2144 724 2178 qui
737 2144 888 2173 universum
901 2147 992 2174 orbem
1006 2152 1061 2175 ter-

276 2190 313 2210 rm
322 2191 415 2212 errore
427 2185 556 2219 liberavit,
572 2192 599 2214 et
615 2187 688 2216 brevi
707 2191 834 2225 temporis
846 2197 980 2220 momento
990 2194 1061 2221 veri-

276 2234 357 2258 tatem
376 2231 480 2259 reduxit
492 2252 500 2264 ,
520 2238 547 2260 et
567 2233 665 2262 diaboli
688 2237 852 2271 tyrannidem
875 2239 1001 2266 sustulit:
1017 2240 1061 2274 qui

275 2277 355 2303 etiam
369 2281 510 2312 antequam
520 2284 611 2306 essent
621 2280 665 2314 qui
677 2282 700 2307 ei
712 2287 852 2315 parerent,
866 2288 924 2311 erat
942 2292 988 2312 rex
1003 2293 1061 2312 ma-

275 2327 353 2354 gnus,
365 2329 417 2348 non
431 2321 531 2350 habens
544 2323 569 2350 in
585 2324 669 2351 servis
678 2324 730 2352 vim
742 2326 854 2361 imperii,
867 2335 919 2355 non
931 2329 957 2357 in
972 2330 1062 2364 specie

275 2371 308 2391 an
322 2365 448 2399 vestibus,
463 2366 510 2394 sed
524 2368 551 2395 in
565 2368 620 2402 ipsa
633 2374 735 2397 natura.
750 2371 804 2406 Ego
817 2373 898 2407 enim,
912 2375 1013 2410 inquit,
1027 2376 1062 2403 ad

275 2411 323 2437 hoc
334 2416 408 2439 notus
417 2420 472 2439 suus
486 2412 575 2448 (loca.
587 2413 630 2442 18.
642 2415 698 2451 57).
715 2416 770 2444 Hoc
780 2422 889 2447 estesse
900 2427 990 2456 regem
1004 2429 1061 2449 ma-

275 2464 356 2492 gnum
374 2465 383 2484 :
395 2459 439 2493 qui
459 2466 511 2486 non
526 2459 606 2488 habet
619 2460 746 2489 honorem
755 2465 919 2493 extrinsecus
933 2467 1040 2494 allatum
1051 2487 1061 2501 ,

275 2503 404 2538 qni'nnlla
418 2512 449 2531 re
461 2512 529 2540 opus
546 2505 627 2535 habet
643 2511 673 2535 ut
694 2509 729 2536 sit
748 2517 805 2542 rex,
827 2512 871 2546 qui
891 2511 954 2540 facit
971 2514 1061 2541 omnia

275 2552 527 2585 «luctumquevult.
546 2550 644 2581 Euam
662 2555 744 2588 enim,
760 2556 860 2591 inquit,
880 2558 965 2586 docete
978 2567 1062 2587 omnes

276 2598 361 2629 gentes
372 2594 467 2628 (lore.
477 2595 522 2624 η.
534 2597 593 2632 l5);
608 2602 637 2626 et
646 2606 737 2627 sermo
749 2600 774 2627 in
787 2608 854 2636 opus
864 2603 973 2632 exibat:
987 2604 1060 2637 Volo,

278 2639 399 2667 mundare
410 2639 516 2674 (Ioui.
532 2642 557 2670 8.
571 2642 611 2680 ὅ).
625 2643 681 2671 πω
692 2645 760 2678 diro,
774 2646 927 2676 dmonitus
937 2651 1041 2677 surdum
1052 2672 1061 2684 ,

277 2684 392 2718 egredere
401 2684 433 2712 ob
446 2686 511 2721 ipso.
523 2686 598 2722 fore,
611 2690 751 2718 obmutesce
762 2690 856 2726 (loro.
867 2693 894 2721 9.
905 2693 950 2721 24.
963 2699 1024 2722 etc.
1035 2696 1061 2723 ι.

277 2727 334 2762 39).
349 2727 388 2756 Its
399 2730 426 2757 iu
437 2730 521 2766 igneus
531 2737 652 2761 mutu
664 2735 708 2770 qui
717 2740 820 2770 pastus
832 2742 869 2765 est
882 2738 993 2767 diabolo.
1014 2740 1060 2768 Ve-

277 2774 338 2806 nite,
348 2776 474 2809 possidete
481 2781 596 2812 pontum
606 2779 673 2807 vobis
682 2787 786 2817 regnum
794 2788 853 2810 ante
863 2785 1064 2814 constitutionem

279 2820 366 2866 mundi
384 2821 394 2855 (
402 2821 494 2866 dicitur.
507 2823 554 2852 25.
569 2825 614 2852 41.
630 2830 657 2852 et
670 2826 728 2861 56).
744 2826 824 2855 Vides
838 2829 935 2864 ubique
947 2835 1064 2866 potesta-

281 2869 333 2892 tem
341 2865 354 2892 l
365 2865 439 2894 vides
451 2870 613 2903 potentiam?
629 2869 667 2898 ita
680 2872 750 2900 enim
765 2874 834 2909 copit
848 2882 894 2903 eos
908 2865 953 2911 qui
965 2884 1062 2912 parue-

686 191 716 219 S.
728 190 865 220 JOANNIS
882 190 1118 220 CHR‘SOSTOMI
1137 191 1292 219 ARCHIEP.
1313 192 1576 221 CONS’l'aNTlNOP.

1876 196 1931 228 εη

1133 252 1204 279 runt,
1219 252 1247 274 ut
1267 248 1428 282 persuaserit
1443 249 1482 276 vel
1502 251 1618 277 animans
1642 252 1730 285 potius
1749 253 1927 288 prome

1130 298 1208 326 quam
1220 293 1288 327 quod
1300 293 1401 326 jussum
1415 299 1456 320 est
1469 295 1609 322 transilire.
1626 295 1681 323 Rex
1698 297 1769 324 enim
1783 297 1866 327 habet
1875 298 1927 327 ho-

1129 345 1221 365 norem
1235 338 1269 364 ab
1287 339 1333 369 iis,
1356 340 1400 373 qui
1422 340 1479 373 ejus
1498 339 1674 374 subjiciuntur
1684 342 1779 370 ditinni
1794 352 1802 371 :
1816 343 1861 371 hic
1875 352 1927 373 au-

1129 387 1182 409 tcm
1196 382 1294 416 prabet
1306 383 1434 410 honorem
1449 385 1480 411 iis
1491 385 1534 419 qui
1548 385 1571 411 ei
1586 385 1712 413 obediunt
1725 396 1732 414 :
1743 392 1770 414 et
1783 388 1844 416 ideo
1856 389 1925 417 illud

1124 426 1234 461 quidem
1249 432 1289 454 est
1304 428 1388 454 solum
1404 436 1500 455 nomen
1513 450 1519 460 ,
1537 429 1587 456 hoc
1601 438 1665 457 vero
1678 438 1731 457 res.
1755 432 1864 467 Magnus
1880 438 1925 461 est

1127 479 1173 498 rex
1186 492 1194 505 ,
1207 472 1250 507 qui
1267 474 1415 500 universum
1439 475 1529 501 orbem
1550 480 1626 503 teme
1645 477 1740 504 uelum
1763 478 1836 510 fecit,
1851 484 1879 506 ct
1894 484 1925 507 ul

1127 516 1231 544 barbari
1242 517 1390 552 philosophi
1407 524 1505 551 essent,
1518 525 1543 546 et
1558 521 1666 554 angelos
1677 522 1857 555 imitarentur.
1872 532 1922 550 cn-

1126 561 1203 589 ravit.
1218 562 1330 597 Populos
1344 564 1413 590 nobis
1426 564 1540 598 subjrcit,
1557 571 1579 591 et
1590 571 1675 600 gentes
1689 567 1735 593 sub
1754 567 1860 599 pedibus
1872 576 1923 594 uo-

1125 607 1194 634 stris.
1217 607 1241 635 0
1254 608 1426 636 miraculum!
1453 609 1496 636 Eis
1516 610 1560 644 qui
1579 610 1777 643 cruciﬂxerant,
1802 612 1922 641 adorare

1126 652 1255 685 persuasit
1266 660 1329 680 :eos
1339 654 1381 689 qni
1396 655 1556 682 contumelia
1568 656 1728 689 afficiehant,
1739 659 1785 693 qui
1801 658 1921 687 insecta-

1126 697 1222 724 bantur
1235 698 1382 726 maledictis
1392 720 1399 732 ,
1414 699 1460 734 qui
1478 697 1608 735 lapidibus
1621 701 1694 729 aflixi
1714 707 1804 736 erant,
1823 703 1920 731 docuit

1124 741 1165 768 Vel
1179 749 1241 769 suas
1253 742 1354 770 animas
1367 744 1525 778 profundere
1535 765 1542 777 ,
1556 745 1591 772 ad
1606 746 1689 781 ipsius
1702 747 1843 781 placitum.
1856 748 1916 776 Non

1123 786 1193 814 cnim
1206 787 1258 815 hoc
1270 788 1304 815 ab
1316 789 1443 823 apostolis
1455 790 1605 824 gerebatur.
1618 791 1665 818 sed
1684 791 1719 819 ab
1736 799 1770 820 eo
1789 793 1836 827 qui
1856 793 1917 822 illos

1123 831 1299 865 pracedebat,
1321 837 1348 860 et
1370 834 1492 861 movebat
1511 842 1602 863 eorum
1623 836 1752 864 animum.
1772 837 1916 871 Quantulo

1122 877 1192 903 enim
1206 877 1321 912 piscator
1331 878 1371 905 vel
1385 879 1616 908 tabernaculorum
1625 887 1796 910 constructor
1810 888 1914 912 tantum

1121 924 1200 949 terra:
1212 921 1361 950 habitabilis
1368 923 1461 951 orbem
1478 924 1513 952 ita
1529 930 1674 961 mutasset,
1685 927 1736 955 nisi
1746 928 1821 956 illius
1830 930 1913 959 verba

1120 966 1307 1002 impedimenta
1321 969 1410 997 omnia
1424 971 1610 999 sustulissent?
1630 972 1663 1000 Et
1681 974 1891 1009 νινε-ιϋείθω
1901 995 1911 1009 .

1119 1018 1146 1040 et
1159 1018 1295 1048 tyrannos,
1314 1020 1342 1042 et
1363 1020 1499 1049 oratores,
1513 1021 1542 1045 et
1561 1017 1744 1052 philosophos,
1763 1024 1793 1047 et
1815 1027 1913 1048 omnes

1119 1058 1232 1094 denique
1254 1061 1298 1094 qui
1320 1061 1498 1095 resistebant,
1515 1066 1648 1098 tamquam
1661 1063 1801 1098 puluerem
1812 1065 1913 1093 disco—

1119 1103 1232 1137 tientes,
1249 1105 1333 1132 instar
1347 1106 1411 1133 fumi
1424 1107 1618 1140 dissolvi-otes,
1633 1108 1805 1137 ita.veritatis
1823 1110 1911 1138 locem

1117 1149 1323 1184 seminaverunt,
1337 1159 1390 1179 non
1404 1152 1495 1185 armis,
1506 1160 1558 1180 nec
1570 1154 1595 1180 vi
1607 1154 1736 1188 pecunim,
1747 1155 1794 1182 sed
1807 1155 1868 1183 solo
1879 1162 1911 1183 ac

1116 1194 1230 1229 simplici
1240 1201 1362 1224 sermone
1375 1202 1496 1230 utentes;
1512 1198 1566 1225 imo
1580 1206 1645 1241 vero
1657 1206 1711 1227 non
1724 1204 1783 1237 erat
1793 1200 1908 1235 simplex

1116 1246 1221 1273 senon,
1233 1241 1280 1269 sed
1293 1247 1350 1269 erat
1361 1243 1455 1277 quovis
1468 1251 1549 1278 opere
1562 1245 1705 1279 potentior.
1727 1245 1787 1279 Quo
1799 1240 1908 1275 uirilem

1116 1284 1212 1318 pacto?
1225 1284 1384 1314 invocabant
1394 1295 1491 1316 nomen
1503 1289 1621 1316 crudiixi
1633 1310 1642 1323 ,
1655 1293 1684 1317 et
1695 1283 1772 1318 mors
1779 1290 1907 1326 fugiebat.

1116 1329 1272 1364 fugabautur
1281 1331 1427 1366 daemones,
1439 1333 1524 1361 nwrbi
1533 1335 1705 1368 curabantur,
1711 1342 1856 1370 corporum
1870 1337 1909 1363 vi-

1116 1374 1151 1401 tia
1165 1376 1377 1411 corrigebantur,
1391 1378 1506 1413 nequitia
1521 1378 1679 1415 fogabaur,
1693 1380 1810 1414 pericula
1824 1383 1909 1417 proti-

1115 1427 1166 1447 nus
1180 1422 1348 1456 recedebant,
1361 1429 1390 1452 et
1402 1423 1573 1453 mutabantur
1584 1425 1728 1454 elementa.

1153 1470 1268 1497 Christus
1280 1477 1325 1496 cur
1337 1469 1370 1496 de
1380 1477 1454 1497 cruce
1462 1477 1514 1497 sua
1526 1469 1854 1505 ductumin—Quando
1864 1481 1909 1500 es-b

1113 1524 1148 1552 κο
1162 1516 1239 1544 nobis
1251 1515 1366 1543 dixerint
1382 1524 1389 1542 :
1404 1515 1458 1543 Cur
1468 1522 1521 1543 non
1535 1523 1615 1551 opem
1627 1517 1678 1544 sibi
1692 1517 1755 1544 tulit
1768 1518 1795 1545 in
1804 1518 1907 1546 cruce!

1112 1562 1164 1590 hoc
1170 1561 1291 1591 dicamus
1307 1570 1314 1589 :
1329 1561 1459 1595 Quoniam
1475 1562 1526 1589 hoc
1539 1561 1800 1590 erat-admirabilius.
1813 1562 1908 1599 Nequa

1112 1613 1174 1636 sunt
1194 1608 1278 1642 paria,
1303 1615 1336 1635 ex
1350 1614 1429 1635 cruce
1442 1606 1633 1640 descendisse;
1652 1611 1680 1635 et
1694 1613 1836 1643 postquam
1857 1609 1906 1636 fuit

1112 1653 1265 1686 cruciﬁxus,
1281 1658 1320 1681 tot
1343 1660 1403 1681 esse
1416 1657 1535 1680 mortuos
1548 1652 1606 1688 ejus
1621 1654 1728 1682 nomine
1747 1655 1905 1682 sus-citatos.

1112 1699 1188 1733 Quod
1200 1699 1271 1727 ollim
1285 1703 1348 1726 tunc
1362 1705 1409 1726 sua
1419 1702 1515 1733 sponte
1528 1698 1566 1726 ibi
1587 1693 1726 1732 mansurit,
1741 1700 1859 1728 Ostendit
1871 1709 1905 1729 ex

1112 1743 1145 1772 iis
1156 1752 1215 1780 quae
1225 1747 1287 1772 sunt
1299 1747 1391 1779 postea
1410 1746 1586 1779 consequuta.
1602 1743 1656 1778 Qui
1673 1745 1745 1772 enim
1775 1750 1904 1779 mortem,

1111 1789 1252 1824 quaralios
1265 1789 1407 1821 invaserat,
1429 1788 1541 1824 expulit,
1565 1790 1648 1817 multo
1662 1789 1747 1824 magis
1766 1797 1783 1818 a
1801 1790 1904 1825 seipso,

1112 1835 1266 1870 priusquam
1279 1834 1426 1868 invaderet,
1440 1834 1596 1869 propulsare
1607 1839 1712 1870 poterat
1723 1842 1732 1867 ;
1746 1839 1775 1862 et
1785 1835 1833 1870 qui
1844 1835 1906 1864 aliis

1112 1880 1193 1907 vitam
1209 1880 1319 1914 praebet,
1332 1879 1417 1907 multo
1435 1879 1519 1915 magis
1549 1879 1600 1907 sibi
1614 1879 1663 1914 ipsi
1685 1880 1810 1914 prasz
1828 1885 1907 1915 pote-

1112 1930 1153 1953 rat
1166 1935 1173 1953 :
1184 1924 1254 1960 quod
1268 1925 1348 1952 etiam
1367 1924 1455 1952 triduo
1467 1929 1527 1960 post
1539 1924 1618 1958 fecit,
1633 1931 1666 1952 ex
1679 1932 1774 1960 ntagna
1785 1925 1905 1961 potentia

1111 1973 1263 1999 suscitatus.
1278 1969 1306 1997 Id
1318 1974 1406 1998 autem
1417 1970 1533 1997 ostendit
1546 1977 1593 2005 per
1615 1977 1647 1998 ea
1669 1978 1729 2005 que
1743 1977 1837 2006 postea
1858 1978 1905 1999 so-

1112 2021 1192 2050 quuta
1203 2021 1274 2044 sunt.
1288 2016 1400 2050 Quando
1406 2016 1476 2043 enim
1487 2015 1545 2050 ejus
1555 2023 1653 2044 nomen
1665 2016 1751 2044 visum
1766 2022 1810 2044 est
1822 2016 1906 2045 habe-

1112 2070 1142 2089 re
1155 2066 1256 2089 tantam
1277 2062 1402 2089 virtutem
1416 2061 1443 2088 in
1457 2061 1732 2096 alieniscorporibus.
1748 2061 1905 2089 uniones-

1114 2112 1169 2135 tum
1191 2112 1305 2139 mortem
1320 2106 1461 2142 fugaverit,
1479 2112 1566 2134 nemo
1576 2106 1661 2142 possit
1678 2106 1813 2140 dubitare,
1838 2107 1904 2142 quin

1113 2152 1192 2179 etiam
1207 2152 1235 2179 in
1261 2152 1368 2186 proprio
1379 2159 1492 2187 corpore
1506 2158 1627 2187 magnam
1647 2152 1793 2187 potentiam
1812 2157 1906 2181 osten-

1112 2197 1205 2230 diseet,
1214 2203 1241 2224 et
1255 2201 1368 2225 mortem
1381 2196 1433 2224 sibi
1445 2197 1613 2232 subiecisset.
1627 2203 1653 2224 a.
1669 2196 1783 2231 Subjea’t
1794 2197 1906 2233 populos

1113 2243 1194 2275 nobis,
1216 2246 1240 2269 et
1251 2246 1335 2278 gentes
1347 2241 1392 2269 sub
1408 2241 1511 2277 pedibus
1533 2242 1635 2269 uostris.
1654 2241 1722 2269 Vide
1742 2243 1904 2277 sapientiam

1114 2288 1259 2323 prophetae,
1273 2287 1318 2322 qui
1330 2288 1418 2315 omnia
1432 2290 1555 2315 accurate
1568 2287 1641 2315 dicit.
1653 2286 1730 2321 Quod
1744 2289 1817 2315 enim
1832 2294 1906 2323 post-

1113 2340 1143 2360 ea
1156 2333 1280 2361 dixerunt
1294 2333 1418 2369 apostoli,
1434 2333 1501 2367 Quia
1513 2341 1565 2360 nos
1574 2333 1715 2367 intuemini,
1732 2334 1807 2369 quasi
1817 2340 1906 2361 nostra

1113 2380 1202 2406 virtute
1214 2384 1259 2407 Cal
1272 2379 1363 2415 pietate
1386 2379 1518 2415 fecerimus
1530 2383 1559 2405 ut
1572 2379 1613 2406 hic
1628 2378 1767 2408 ambularet
1782 2379 1852 2416 (Art.
1875 2379 1903 2408 5.

1114 2424 1159 2459 12)
1170 2424 1182 2451 τ
1195 2424 1221 2452 id
1235 2425 1319 2452 multo
1332 2429 1394 2451 ante
1407 2424 1471 2451 dicit
1484 2423 1623 2459 propheta.
1647 2423 1713 2452 Illud
1723 2430 1814 2452 autem
1824 2445 1834 2458 ,
1849 2425 1906 2453 Sub

1114 2470 1228 2505 pedibus,
1242 2469 1268 2497 id
1282 2469 1354 2505 quod
1363 2469 1512 2504 subjectum
1533 2474 1591 2497 erat
1610 2469 1737 2503 ostendit,
1760 2470 1802 2498 vel
1816 2472 1906 2506 potius

1114 2522 1235 2550 magnam
1247 2514 1448 2550 subiectionem.
1461 2514 1490 2543 Si
1503 2515 1543 2543 vis
1554 2520 1642 2544 autem
1652 2517 1721 2544 seire
1730 2521 1830 2552 quanta
1842 2515 1905 2544 sub-

1110 2560 1193 2596 jectio
1202 2566 1283 2593 esset,
1303 2560 1375 2588 audi.
1388 2560 1529 2595 Quotquot,
1543 2560 1646 2596 inquit,
1662 2569 1817 2597 possessores
1828 2569 1907 2597 agro-

1114 2615 1170 2634 rum
1184 2612 1228 2634 aut
1239 2607 1370 2634 domorum
1380 2609 1460 2640 erant,
1474 2607 1607 2634 euidentes
1617 2607 1756 2641 uiuebat
1768 2609 1850 2644 pretio
1860 2615 1905 2635 so-

1114 2660 1170 2679 runt
1179 2660 1235 2687 qua
1241 2652 1419 2686 pendebantur,
1426 2656 1452 2679 st
1457 2655 1581 2687 ponebant
1587 2657 1646 2681 mtto
1650 2652 1725 2688 pedes
1732 2654 1908 2688 sparsioni-

1116 2698 1183 2733 (Λα.
1195 2699 1222 2725 Δ.
1235 2697 1292 2733 54).
1307 2698 1359 2725 Alii
1371 2703 1460 2726 autem
1488 2705 1549 2725 cum
1563 2697 1682 2732 pecuniis
1695 2698 1812 2726 animam
1837 2707 1907 2734 quo-

1115 2751 1167 2778 que
1195 2743 1459 2778 profuderunt.Qui.
1474 2744 1570 2779 inquit,
1596 2752 1643 2780 pro
1664 2744 1752 2771 auitas
1771 2753 1827 2772 mea
1845 2756 1908 2775 ιιι...

1115 2788 1221 2816 ceruices
1231 2792 1416 2823 supposuerunt
1431 2788 1518 2824 (Rom.
1535 2789 1578 2816 l6.
1589 2789 1630 2824 4).
1656 2785 1694 2817 De
1716 2789 1778 2817 aliis
1801 2797 1908 2825 qunun

1115 2834 1236 2861 scribens
1249 2833 1372 2860 dicebat:
1385 2833 1417 2861 Si
1432 2834 1565 2868 possibile,
1588 2834 1688 2869 inquit,
1711 2835 1809 2867 ruisset,
1822 2836 1909 2862 oculos

1119 2883 1212 2906 rastros
1225 2876 1386 2912 elfodissetis,
1398 2883 1422 2906 et
1434 2878 1566 2907 dedissetis
1576 2879 1638 2906 mihi
1650 2879 1719 2915 (Gul.
1733 2881 1760 2907 ι.
1776 2879 1831 2914 15).
1847 2880 1910 2908 Por-
