4058 6450
220 388 324 446 ειδ

220 519 281 558 ro
305 503 373 558 ad
419 502 726 560 Corinthios
764 520 975 578 quoque
1017 507 1259 563 scribens
1297 511 1509 566 dicebat
1559 515 1793 573 Paulus:

220 591 354 648 Ecce
383 594 516 649 enim
545 595 641 649 hoc
677 595 842 666 ipsum
883 598 1156 652 secundum
1190 597 1355 653 Deum
1397 601 1605 655 tristitia
1645 606 1795 675 adici,

216 692 457 752 quantum
476 685 530 738 in
554 685 692 741 vobis
709 686 931 742 studium
956 687 1121 754 ell'ecit
1150 706 1169 749 :
1198 691 1299 744 imo
1340 692 1648 764 apologiam,
1695 697 1797 751 imo

213 775 632 846 indignationem,
659 778 761 832 imo
787 778 1033 846 timorem,
1054 781 1155 834 imo
1168 780 1489 849 desiderium,
1520 785 1621 839 iuno
1640 802 1799 840 temu-

216 863 474 931 lationem,
506 867 612 922 imo
650 868 923 923 vindictam
948 868 969 940 (
986 870 1022 924 2
1050 868 1168 923 Cor.
1194 871 1248 925 7.
1285 872 1345 926 11
1368 872 1425 941 ):
1455 888 1623 943 usque
1660 876 1796 931 adeo

213 967 309 1009 eos
336 955 658 1011 verebantur
683 964 738 1012 et
774 957 1243 1026 pertimescebant.
1291 959 1361 1015 Et
1390 960 1562 1016 Lucas
1610 979 1796 1021 rursus

210 1043 474 1113 scribens,
517 1045 727 1101 dicebat
754 1063 768 1099 :
793 1045 1096 1101 Caterorum
1122 1058 1288 1102 autem
1328 1066 1473 1105 nemo
1502 1052 1717 1107 audebat
1742 1070 1796 1108 se

210 1132 518 1203 coniungere
554 1135 684 1200 illis,
710 1133 799 1190 sed
823 1135 1177 1207 magni/imitat
1200 1154 1285 1192 eos
1309 1141 1526 1209 populus
1558 1141 1694 1211 (Act.
1735 1144 1790 1199 5.

213 1222 327 1293 15).
368 1223 436 1278 Et
460 1238 682 1279 rursus:
713 1224 851 1292 Quid
875 1226 1068 1281 vultis?
1090 1229 1143 1281 in
1169 1228 1312 1299 virga
1334 1232 1529 1285 ueniam
1572 1234 1639 1288 ad
1682 1249 1790 1305 vos,

208 1328 281 1366 an
307 1312 360 1367 in
382 1313 590 1367 caritate
611 1323 662 1368 et
686 1315 867 1385 spiritu
894 1316 1115 1371 lenitatis
1144 1317 1193 1389 (l
1225 1318 1344 1374 Cor.
1362 1321 1415 1375 4.
1446 1321 1539 1393 21)
1556 1323 1581 1375 ἲ

282 1403 337 1458 4.
365 1402 550 1458 Vidisti
578 1407 945 1461 auctoritatem
970 1416 1024 1462 et
1058 1411 1414 1478 potestatem?
1442 1413 1567 1469 llaec
1610 1423 1789 1471 autem

206 1495 389 1549 omnia
416 1494 543 1551 fecit
564 1497 786 1552 verbum
808 1497 939 1553 illud
956 1499 1096 1569 quod
1124 1500 1255 1555 dixit
1279 1516 1400 1557 cum
1423 1519 1515 1560 eos
1532 1506 1787 1562 mitteret:

206 1582 323 1655 Ego
349 1584 599 1639 vobiscum
634 1602 747 1640 sum
768 1585 944 1659 (Hau.
985 1587 1076 1644 28.
1100 1588 1211 1659 20).
1247 1590 1365 1660 Ipse
1412 1590 1789 1664 impédimenta

204 1673 385 1727 omnia
414 1675 761 1743 removebat,
808 1683 932 1731 ante
981 1692 1076 1734 eos
1116 1679 1440 1737 ambulans:
1472 1684 1588 1753 ipse
1632 1687 1787 1756 plana

202 1765 387 1818 omnia
429 1762 675 1832 iaciebat,
720 1780 785 1820 ac
822 1766 1055 1823 dittlcilia
1103 1768 1275 1825 facilia
1320 1772 1601 1834 reddebat.
1629 1778 1787 1848 Atqui

202 1853 544 1907 erantomnia
563 1854 716 1924 plena
736 1855 911 1924 bellis,
929 1858 1106 1913 omnia
1129 1863 1362 1931 scopulis
1381 1861 1435 1919 et
1456 1866 1783 1937 praecipitiis,

200 1951 259 1999 et
274 1958 529 2014 nusquam
551 1944 742 2001 licebat
762 1947 949 2017 pedem
968 1948 1148 2019 ﬁgere,
1173 1967 1272 2007 nec
1286 1953 1475 2010 sistere
1495 1972 1510 2022 ;
1530 1955 1788 2018 obstructi

204 2042 363 2088 erant
390 2047 581 2089 omnes
613 2045 836 2105 portus,
868 2039 1043 2093 omnis
1067 2039 1259 2097 domus
1299 2042 1500 2109 clausa,
1547 2048 1784 2104 omnium

197 2137 359 2179 aures
408 2124 669 2181 obturata:
698 2144 712 2181 :
744 2136 799 2183 et
827 2137 1002 2185 tamen
1046 2145 1167 2186 cum
1222 2135 1452 2203 primum
1480 2136 1704 2208 ingressi
1733 2150 1787 2197 et

199 2214 404 2285 loquuti
435 2216 664 2287 fuerant,
694 2219 974 2276 diruebant
1015 2224 1194 2278 omnia
1225 2223 1456 2282 hostium
1479 2244 1785 2301 propugna-

196 2306 341 2373 cula,
369 2318 427 2362 ut
454 2316 510 2364 et
539 2308 684 2379 ipsas
712 2311 919 2365 animas
943 2313 1343 2382 protundcrent,
1384 2326 1439 2372 et
1481 2319 1787 2377 innumera-

197 2394 328 2450 bilia
359 2398 591 2466 pericula
621 2400 945 2456 sustinerent
974 2417 1070 2471 pro
1112 2402 1178 2457 iis
1209 2419 1331 2477 qua
1359 2404 1500 2462 dicta
1549 2406 1778 2466 fuerant.

195 2484 253 2540 5.
282 2483 453 2557 Elegit
481 2488 622 2543 nobis
647 2490 974 2545 hereditatem
1014 2508 1162 2547 suam
1182 2496 1399 2563 speciem
1423 2495 1605 2567 Jacob,
1632 2504 1784 2569 quam

193 2578 392 2633 dilexit.
416 2579 588 2646 Alius,
618 2579 1044 2650 Gloriﬁcationem
1063 2582 1245 2640 Jacob.
1275 2586 1406 2643 Vide
1429 2603 1587 2659 quam
1614 2590 1683 2646 sit
1701 2606 1781 2648 ac-

191 2678 381 2722 curata
410 2682 707 2741 exactaque
741 2673 1039 2742 prophetia.
1066 2673 1323 2744 Superius
1347 2678 1563 2747 quidem
1599 2679 1733 2736 dixit
1762 2701 1776 2738 :

192 2758 425 2827 Subjecit
453 2759 597 2814 nobis
623 2761 837 2831 populos
864 2772 911 2817 et
929 2774 1119 2834 gentes.
1149 2764 1317 2821 Judzei
1345 2769 1570 2836 primum
1598 2784 1780 2829 acccs~

192 2858 381 2905 serunt
421 2849 596 2920 primo
646 2861 727 2906 ter
755 2853 919 2919 mille,
962 2855 1157 2911 deinde
1204 2859 1486 2928 quinquies
1517 2861 1680 2927 mille,
1724 2872 1780 2918 et

190 2948 375 3008 postea
391 2949 595 3010 gentes.
625 2941 741 3011 Ipse
760 2943 901 2997 enim
926 2960 1110 3001 rursus
1134 2946 1347 3004 dicebat
1372 2966 1387 3004 :
1416 2948 1488 3004 Et
1507 2952 1638 3007 alias
1662 2969 1778 3008 ores

188 3029 370 3095 habeo,
393 3040 441 3084 et
467 3032 583 3086 illas
608 3049 685 3088 me
702 3033 952 3090 adducere
978 3045 1187 3107 Oportet,
1219 3048 1266 3093 et
1309 3041 1395 3107 ﬁet
1432 3058 1589 3097 unum
1626 3046 1772 3112 ovile,

190 3128 241 3173 et
269 3137 401 3175 unus
424 3132 598 3190 pastor
623 3122 801 3193 (Joan.
820 3125 908 3181 10.
940 3124 1049 3196 16).
1081 3127 1281 3184 Deinde
1306 3146 1374 3185 ne
1393 3131 1509 3201 quis
1530 3148 1650 3188 cum
1680 3152 1777 3191 au-

182 3209 378 3266 dierit:
408 3211 576 3284 Elegit
599 3215 742 3268 nobis
756 3215 1078 3298 hereditatem
1097 3218 1192 3273 sibi
1214 3218 1348 3289 (Act.
1376 3220 1430 3274 2.
1451 3224 1539 3277 41.
1562 3233 1608 3278 et
1630 3226 1770 3298 4.4),

181 3304 391 3360 dubitet
416 3315 469 3360 et
494 3315 737 3376 angatur,
768 3317 821 3363 et
840 3292 1022 3364 dicat:
1053 3311 1334 3377 Quomodo
1354 3329 1481 3384 ergo
1517 3332 1621 3371 non
1649 3292 1769 3375 cre-

179 3392 319 3451 dunt
347 3409 487 3449 nunc
526 3395 735 3451 Judaei?
774 3400 1108 3456 correctione
1155 3402 1313 3457 solvit
1360 3404 1766 3465 dubitationem.

182 3485 414 3540 Maxime
442 3487 604 3554 enim,
631 3489 771 3559 quod
793 3490 858 3545 ad
882 3506 940 3547 se
964 3493 1175 3561 attinet,
1197 3509 1291 3550 eos
1312 3496 1489 3566 elegit,
1519 3507 1573 3555 ct
1595 3516 1768 3571 quan-

180 3584 294 3629 tum
312 3577 379 3630 ad
406 3577 578 3647 ipsum
610 3579 824 3649 quidem
869 3592 1090 3652 spectat,
1123 3586 1323 3641 nullum
1352 3588 1585 3659 reliquit.
1615 3592 1767 3661 Quod

175 3667 222 3719 si
247 3666 405 3722 tinem
426 3683 636 3739 quoque
660 3672 920 3742 requiras,
941 3674 1062 3728 audi
1090 3690 1150 3729 ea
1174 3690 1292 3744 «tua:
1307 3688 1619 3747 sequuntur;
1644 3683 1769 3737 sub-

170 3758 348 3827 junxit
373 3759 512 3814 enim
544 3778 557 3813 :
593 3763 821 3831 Speciem
844 3763 1025 3832 Jacob,
1055 3782 1207 3835 quam
1230 3768 1426 3823 dilexit.
1462 3771 1559 3826 Hic
1585 3783 1764 3830 autem

174 3849 308 3904 mihi
340 3850 548 3905 videtur
582 3852 767 3909 ﬁdeles
804 3853 1005 3921 dicere,
1036 3857 1175 3926 quod
1205 3858 1418 3928 quidem
1447 3860 1647 3918 Paulus
1676 3866 1756 3919 si-

173 3939 453 4009 gniﬁcans,
484 3942 693 3997 dicebat
725 3961 737 3997 :
771 3944 893 3999 Non
932 3949 1258 4017 autemquod
1286 3951 1525 4005 exciderit
1560 3956 1764 4010 verbum

175 4026 271 4082 Dei
296 4046 314 4087 :
341 4046 439 4083 non
466 4033 597 4085 enim
624 4049 793 4089 omnes
819 4036 903 4103 qui
924 4046 1038 4089 sunt
1059 4054 1121 4090 ea:
1145 4036 1308 4092 Israel
1325 4052 1439 4094 sunt
1465 4041 1631 4098 Israel
1653 4048 1758 4115 (a),

174 4119 265 4171 sed
291 4120 342 4172 in
372 4118 520 4174 Isaac
545 4124 798 4176 vocabitur
820 4126 909 4177 tibi
935 4142 1136 4191 semen;
1158 4128 1251 4182 hoc
1276 4138 1366 4194 est,
1397 4131 1517 4187 Non
1534 4137 1622 4204 qui
1644 4148 1762 4192 sunt

176 4209 272 4276 ﬁlii
299 4212 483 4277 carnis,
512 4213 550 4265 ii
568 4224 685 4267 sunt
706 4214 802 4283 filii
824 4215 939 4278 Dei,
967 4217 1054 4271 sed
1094 4221 1181 4289 qui
1208 4232 1323 4276 sunt
1337 4224 1434 4291 ﬁlii
1461 4232 1759 4297 promissio-

174 4300 273 4364 nis,
289 4301 600 4356 testimantur
620 4306 673 4357 in
688 4308 872 4360 semine
895 4307 1067 4376 (Rom.
1095 4311 1145 4364 9.
1166 4315 1303 4385 6-8).
1334 4316 1550 4387 Species
1580 4333 1755 4379 autem

172 4402 269 4443 seu
324 4391 660 4458 pulchritudo
707 4397 882 4463 populi
928 4397 1050 4467 jure
1078 4399 1324 4459 dicantur
1371 4407 1574 4465 ﬁdeles.
1621 4414 1756 4480 Quid

170 4488 252 4533 est
280 4480 419 4532 enim
450 4483 742 4549 speciosius
770 4485 870 4539 illis
899 4489 987 4555 qui
1010 4490 1387 4550 crediderunt?

242 4568 423 4624 Gentes
465 4588 555 4625 cur
597 4574 843 4628 hereditas
886 4577 1166 4633 Christi.-—
1187 4583 1545 4645 Hereditatem
1576 4603 1752 4650 autem

167 4674 320 4714 suam
352 4672 503 4715 vocat
533 4673 744 4731 gentem
766 4706 780 4728 ,
809 4682 913 4720 non
936 4670 1075 4736 quod
1107 4672 1330 4729 aliarum
1359 4680 1595 4746 gentium
1634 4686 1753 4738 nul-

165 4749 271 4802 lam
303 4764 480 4804 curam
511 4754 755 4820 gesserit,
787 4754 880 4809 sed
910 4756 1277 4816 vehementem
1303 4766 1353 4818 in
1383 4782 1476 4821 eos
1506 4771 1750 4826 dilectio-

164 4854 310 4905 nem,
335 4848 389 4893 et
416 4854 534 4893 cum
564 4842 644 4895 eis
667 4843 1115 4915 conjunctionem,
1157 4861 1212 4905 et
1258 4856 1605 4922 providentia:
1654 4877 1748 4917 ac-

160 4932 458 4986 cessionem
486 4935 793 4989 ostcndens.
836 4938 901 4991 Et
930 4949 988 4993 ut
1035 4943 1173 4995 scias
1201 4960 1358 5013 quam
1391 4948 1459 5002 sit
1501 4964 1748 5010 accurata

161 5021 459 5091 prophetia,
494 5023 616 5077 vide
646 5028 910 5093 quomodo
938 5030 1101 5083 utitur
1122 5032 1410 5091 dilectione
1449 5040 1610 5109 vulgi,
1643 5060 1745 5111 qua

160 5111 325 5167 utitur
369 5112 418 5166 in
450 5112 611 5167 rebus
651 5131 770 5183 quae
802 5127 1070 5174 emuntur.
1108 5121 1263 5193 Saepe
1307 5128 1449 5181 enim
1506 5131 1746 5203 plerique

158 5202 359 5271 aliquid
384 5216 649 5269 ementes,
681 5206 897 5273 pulchra
928 5211 1010 5264 illa
1042 5227 1161 5268 esse
1185 5216 1400 5283 dicunt,
1450 5238 1569 5290 quae
1619 5226 1744 5279 reli-

156 5293 278 5361 quis
317 5295 663 5349 antecellunt.
695 5297 995 5354 Ostendens
1020 5318 1147 5373 ergo
1173 5321 1279 5360 non
1307 5324 1493 5366 omnes
1524 5328 1742 5370 servan-

154 5383 279 5448 dos,
307 5386 451 5454 dicit,
487 5391 718 5459 Speciem
746 5392 924 5450 Jacob.
962 5396 1083 5453 Ilmc
1113 5402 1271 5455 etiam
1305 5407 1660 5463 ostenduntur
1687 5412 1740 5466 in

154 5478 439 5545 evangeliis
482 5496 577 5548 per
609 5482 1025 5541 inntxnerabiles
1067 5491 1368 5559 parabolas.
1404 5495 1458 5549 6.
1502 5498 1738 5553 Ascendit

151 5565 293 5622 Deus
340 5569 391 5621 in
416 5572 599 5642 jubito.
643 5574 759 5630 Non
804 5578 958 5646 dixit,
992 5581 1311 5654 Assumptus
1345 5595 1449 5654 est,
1498 5599 1591 5643 aut
1638 5592 1735 5646 de-

214 5719 288 5846 (ῗ)
322 5723 405 5773 nic
425 5727 645 5788 quaedam
665 5744 730 5782 ex
755 5741 894 5784 textu
918 5739 1170 5801 Scriptura:
1212 5749 1546 5809 praetermittit
1586 5755 1739 5817 Chry-

214 5809 232 5843 5
254 5809 408 5846 omus-

152 5807 408 5853 εοδιοιηυς.

1324 397 1676 461 EXI‘OSITIO
1712 404 1777 460 IN
1815 405 2135 466 PSALMUM
2168 410 2349 471 XLVI.

3388 440 3483 497 ΞΗ

1908 521 2100 578 ductus
2138 537 2258 595 est,
2302 530 2397 585 sed
2438 532 2715 603 Ascendit,
2758 553 2815 596 ut
2874 546 3179 605 ostenderet
3221 566 3345 608 eum
3399 569 3494 611 as-

1905 614 2150 673 cendisse
2197 620 2343 676 nullo
2365 622 2473 679 alio
2514 641 2638 683 eum
2693 631 2946 701 ducente,
3000 639 3095 695 sed
3136 642 3309 713 ipsum
3353 646 3491 704 hanc

1904 705 2045 761 viam
2072 722 2191 764 esse
2220 710 2539 783 ingressum.
2591 721 2772 779 Helias
2819 728 2962 782 enim
3007 732 3098 800 qui
3148 748 3253 788 non
3297 737 3487 793 eadem

1905 810 2009 864 qua
2063 798 2306 857 Christus
2369 806 2457 861 via
2508 823 2882 881 processerat,
2929 798 3224 876 ducebatur
3265 824 3334 879 ab
3384 827 3489 883 alia

1903 896 2167 956 potestate
2217 892 2309 962 (4.
2333 893 2459 967 Reg.
2491 898 2547 953 9..
2584 901 2707 973 11).
2756 903 2873 961 Non
2903 918 3019 963 erat
3064 911 3208 965 enim
3242 912 3489 970 humanm

1902 987 2103 1034 natura:
2125 982 2205 1036 via
2224 987 2501 1057 peregrina
2526 989 2750 1060 ingredi.
2768 993 3086 1066 Unigenitus
3106 1009 3283 1056 autem
3299 1018 3488 1058 ascen-

1900 1067 1979 1122 dit
2003 1074 2219 1141 propria
2244 1084 2526 1144 potestate.
2557 1080 2817 1149 Quocirca
2852 1086 3025 1144 Lucas
3050 1106 3264 1161 quoque
3288 1092 3371 1147 sic
3397 1095 3484 1150 di-

1898 1158 2084 1217 cebat:
2110 1160 2181 1217 Et
2202 1165 2321 1234 ﬁxis
2339 1167 2498 1224 oculis
2514 1171 2835 1229 intuebantur
2852 1177 2997 1233 illum
3020 1158 3217 1237 euntem
3240 1184 3293 1237 in
3305 1186 3487 1241 cadum

1899 1247 2034 1318 (Act.
2068 1251 2119 1305 1.
2146 1252 2260 1322 10).
2286 1254 2405 1311 Non
2435 1258 2589 1325 dixit,
2612 1260 2745 1317 Cum
2789 1265 2903 1335 ipse
2941 1281 3329 1339 assumeretur,
3361 1290 3483 1343 nec,

1896 1338 2030 1394 Cum
2059 1350 2398 1410 portaretur:
2427 1358 2545 1404 erat
2588 1353 2729 1408 enim
2774 1356 2893 1425 ejus
2936 1361 3182 1431 proprius
3219 1363 3483 1431 incessus,

1897 1430 2038 1498 quod
2062 1430 2240 1487 fiebat.
2285 1434 2341 1489 Si
2389 1450 2568 1495 autem
2617 1453 2901 1515 antequam
2932 1430 3371 1522 cruciﬁgeretur,
3407 1456 3487 1512 fe-

1896 1518 2112 1575 rebatur
2137 1536 2300 1593 super
2322 1540 2509 1597 aquas,
2535 1530 2709 1587 adhuc
2757 1536 2960 1603 patibili
2990 1548 3044 1594 et
3088 1518 3233 1611 gravi
3257 1559 3485 1614 corpore

1894 1609 2292 1669 circumdatus:
2320 1617 2447 1686 quid
2473 1621 2666 1675 mirum
2692 1624 2735 1679 si
2767 1637 3045 1697 postquam
3083 1609 3485 1705 incorruptibile

1894 1704 2142 1773 sumpsit,
2190 1721 2371 1763 acrem
2407 1714 2678 1769 secuerit?
2703 1715 2802 1771 Ubi
2829 1729 3007 1776 autem
3040 1720 3105 1775 In
3118 1704 3324 1794 jubitoi
3352 1728 3484 1796 Quis

1889 1790 2165 1863 jubilavit,
2211 1799 2426 1867 quando
2474 1803 2758 1859 ascendit?
2804 1810 2967 1879 Atqui
3010 1790 3489 1874 hocvsilentio~fa-

1891 1890 2036 1937 ctum
2062 1891 2163 1951 est,
2205 1895 2261 1942 et
2290 1888 2537 1945 undecim
2567 1892 2741 1948 soluat
2779 1900 3133 1967 praesentibus
3182 1903 3479 1976 discipulis.

1891 1972 2055 2031 Vides
2080 1992 2186 2033 non
2234 1990 2484 2051 oportere
2502 1983 2764 2043 dictiones
2804 1990 3121 2061 simpliciter
3149 2005 3204 2052 et
3232 1972 3339 2055 uno
3365 2009 3483 2056 Ian-

1894 2073 2005 2120 tum
2036 2068 2197 2124 modo
2231 2072 2496 2143 accipere,
2537 2075 2632 2131 sed
2660 2078 2800 2134 scire
2847 2082 2973 2151 quid
2999 2084 3078 2139 eis
3106 2087 3481 2157 signiﬁcetur?

1891 2157 2350 2225 Quemadmodum
2380 2164 2523 2220 enim
2550 2166 2658 2222 dixi
2699 2170 2751 2224 in
2798 2173 3059 2241 prommio
3091 2174 3308 2245 Psalmi,
3336 2178 3480 2249 jubi-

1890 2249 1975 2306 lus
2004 2252 2205 2323 aliquid
2247 2254 2395 2311 aliud
2441 2257 2741 2328 signiﬁcat,
2794 2278 2988 2333 nempe
3016 2267 3325 2338 victoriam,
3365 2280 3479 2327 tro-

1889 2356 2061 2413 paaum
2094 2363 2108 2400 :
2135 2344 2277 2415 quod
2297 2361 2426 2418 ergo
2446 2348 2534 2406 hic
2559 2350 2706 2418 dicit,
2734 2351 2803 2407 In
2815 2355 3004 2425 jubilo,
3040 2360 3143 2414 hoc
3160 2370 3261 2427 est,
3292 2376 3481 2419 ascen-

1886 2430 1968 2486 dit
1992 2433 2047 2488 in
2075 2436 2295 2491 victoria
2319 2478 2335 2505 ,
2378 2452 2501 2494 cum
2526 2450 2755 2498 mortem
2784 2444 3034 2517 vicisset,
3078 2461 3353 2520 peccatum
3386 2455 3480 2510 de-

1883 2522 2122 2590 jecisset,
2167 2524 2443 2584 daemones
2502 2527 2831 2601 fugavisset,
2868 2550 3109 2594 errorem
3154 2542 3473 2611 expulisset,

1885 2612 2063 2666 omnia
2113 2614 2168 2669 in
2220 2617 2413 2673 melius
2442 2630 2736 2689 mutasset,
2787 2624 2842 2679 in
2892 2628 3163 2700 antiquam
3226 2635 3474 2702 patriam,

1884 2704 1994 2758 imo
2021 2719 2149 2759 vero
2173 2705 2330 2777 longe
2350 2710 2648 2780 meliorem,
2677 2724 2915 2772 nostram
2946 2728 3191 2777 naturam
3221 2722 3476 2781 deduxis-

1882 2803 1985 2850 set.
2017 2794 2151 2852 Cum
2176 2801 2318 2856 enim
2341 2802 2667 2871 advenisset,
2696 2823 2856 2864 nemo
2886 2812 2935 2866 ei
2962 2814 3176 2883 restitit,
3211 2832 3319 2872 non
3347 2834 3475 2888 pec-

1881 2888 1985 2944 cati
2013 2892 2273 2961 tyrannis,
2304 2909 2412 2949 non
2433 2898 2622 2953 mortis
2645 2902 2906 2969 potentia,
2935 2918 3042 2958 non
3070 2907 3149 2961 vis
3179 2909 3470 2976 maledicti,

1882 2994 1988 3035 non
2018 2980 2284 3049 interitus,
2311 3000 2418 3041 non
2450 2990 2701 3058 nequitia:
2740 2995 3084 3065 magnitudo,
3134 3014 3240 3054 non
3272 3001 3471 3073 aliquid

1879 3071 2022 3127 aliud
2067 3073 2333 3143 ejusmodi
2359 3092 2372 3128 :
2401 3077 2498 3141 sed
2535 3095 2657 3134 cum
2685 3080 2801 3138 lucc
2828 3086 3006 3140 omnia
3038 3096 3308 3159 tamquam
3342 3071 3467 3149 ara-

1879 3179 2034 3219 neam
2081 3166 2441 3238 perfregisset,
2484 3169 2786 3229 daemonum
2824 3186 3101 3245 catervas,
3135 3197 3327 3238 nervos
3354 3184 3472 3239 diuo

1877 3254 2008 3323 boli,
2036 3265 2088 3312 et
2117 3256 2232 3313 haec
2260 3261 2438 3315 omnia
2462 3262 2796 3335 proﬂigasset
2816 3308 2829 3333 ,
2858 3270 3097 3327 ascendit
3134 3274 3295 3330 rebus
3322 3289 3468 3333 recte

1874 3347 2062 3417 gesds,
2092 3356 2151 3401 ut
2178 3350 2363 3405 voluit.

1946 3437 2000 3491 5.
2040 3436 2296 3505 Quocirca
2328 3440 2523 3499 Paulus
2550 3461 2759 3517 quoque
2787 3448 2903 3519 ejus
2929 3460 3185 3523 tropaeum
3218 3473 3463 3527 narrans,

1874 3523 2133 3579 dicebat:
2180 3525 2307 3582 Cum
2348 3534 2674 3603 exspoliasset
2713 3540 3025 3610 principatus
3069 3562 3129 3599 ac
3156 3523 3459 3618 potestates,

1874 3616 2099 3671 traduxit
2136 3618 2307 3687 libere,
2354 3623 2417 3677 de
2463 3626 2534 3678 eis
2570 3628 2623 3681 in
2669 3630 2835 3700 seipso
2878 3616 3197 3706 triumphans
3244 3616 3463 3710 (Coloss.

1869 3705 1920 3763 9..
1958 3708 2070 3777 l5).
2098 3710 2164 3765 Et
2193 3727 2376 3769 rursus
2404 3730 2415 3765 :
2450 3715 2644 3772 Delevit
2683 3722 2820 3790 quod
2842 3734 2949 3778 erat
2972 3705 3209 3783 adversus
3237 3705 3328 3786 nos
3349 3736 3465 3789 chi-

1870 3801 2181 3871 rographum
2230 3805 2281 3857 in
2322 3807 2557 3875 decretis,
2590 3812 2725 3879 quod
2747 3824 2857 3867 erat
2884 3818 3025 3872 nobis
3051 3826 3380 3891 contrarium,
3418 3839 3463 3881 ct

1869 3889 2036 3959 ipsum
2063 3894 2126 3948 de
2155 3898 2315 3951 medio
2342 3898 2567 3967 sustulit,
2588 3903 2790 3972 alligem
2807 3907 2935 3961 illud
2953 3913 3093 3964 cruci
3109 3913 3271 3985 (Ibid.
3290 3889 3411 3974 ιι.ίᾷ
3426 3930 3456 3981 ).

1870 3979 2123 4038 Dominus
2166 3987 2218 4039 in
2261 4005 2379 4042 voce
2421 3990 2569 4045 tubae.
2626 3994 2767 4049 Idem
2815 4013 2999 4055 rursus
3050 4005 3331 4074 signiﬁcat,
3364 4011 3463 4067 huc

1867 4081 1971 4138 est,
1997 4074 2048 4127 in
2080 4078 2329 4145 pra‘clara
2364 4080 2604 4136 victoria.
2655 4084 2751 4141 llic
2775 4100 3052 4147 autemest
3080 4095 3222 4151 aliud
3248 4115 3461 4170 quoque

1870 4160 2288 4233 intelligendum,
2314 4186 2505 4241 nempe
2528 4174 2578 4228 id
2607 4174 2770 4233 fuisse
2800 4180 3023 4251 clarum,
3054 4198 3316 4256 apertum,
3345 4194 3459 4248 illu-

1867 4261 1996 4307 stre.
2022 4259 2180 4326 Atqui
2208 4260 2385 4316 nullus
2412 4264 2463 4316 id
2501 4274 2625 4321 tunc
2665 4271 2831 4334 novit,
2863 4288 2983 4328 cum
3012 4275 3182 4346 ﬁeret,
3235 4283 3327 4336 sed
3352 4294 3457 4339 tam

1866 4346 2036 4400 evasit
2061 4351 2421 4420 manifestum,
2468 4371 2626 4424 quam
2672 4360 2717 4413 si
2764 4363 2887 4416 tuba
2928 4366 3248 4438 cecinisset,
3296 4383 3458 4443 atque

1863 4435 1998 4489 adeo
2026 4438 2193 4494 multo
2224 4444 2409 4512 magis.
2462 4444 2594 4501 Illud
2620 4450 2782 4518 enim,
2813 4455 2951 4522 quod
2995 4465 3118 4513 tunc
3153 4435 3453 4520 clanculum

1864 4525 2059 4583 factum
2085 4540 2185 4599 est,
2238 4549 2395 4591 nemo
2425 4537 2535 4593 fere
2565 4556 2749 4605 eorum
2790 4547 2879 4615 qui
2908 4549 3092 4604 orbem
3123 4562 3275 4609 terra:
3305 4556 3454 4613 habi-

1864 4626 1975 4673 tant
2006 4620 2302 4690 ignoravit,
2353 4626 2447 4683 sed
2493 4630 2665 4699 ipsum
2717 4636 2937 4703 perinde
2977 4643 3230 4699 revelavit
3272 4662 3450 4703 rerum
3532 4676 3535 4677 ν

1859 4720 2045 4765 natura
2066 4755 2080 4779 ,
2110 4728 2171 4769 ac
2203 4716 2247 4769 si
2274 4716 2395 4772 tuba
2438 4722 2743 4791 cecinisset,
2774 4726 2881 4782 imo
2924 4731 3092 4786 multo
3120 4736 3313 4806 magis.
3334 4738 3447 4793 Ne-

1857 4816 1961 4870 que
1988 4806 2129 4859 enim
2177 4808 2301 4861 tuba
2346 4825 2547 4867 canens
2578 4815 2648 4868 ita
2687 4831 2874 4873 omnes
2916 4836 3160 4879 vocasset
3203 4827 3269 4881 ad
3319 4830 3447 4885 illud

1857 4900 2243 4965 speetaculum,
2290 4902 2427 4957 sicut
2469 4915 2651 4973 postea
2675 4924 2850 4964 rerum
2881 4930 2981 4966 vox
3008 4919 3241 4973 ostendit
3266 4936 3448 4977 ascen-

1854 4999 1993 5049 sum,
2018 4990 2186 5057 magis
2224 4992 2382 5045 etiam
2410 5010 2567 5063 quam
2592 5000 2787 5053 tonitru
2816 5017 2927 5058 rem
2957 5008 3152 5061 claram
3181 5010 3442 5068 elﬁciens.

1853 5074 2035 5145 Neque
2060 5079 2201 5133 enim
2224 5083 2419 5137 tonitru
2452 5086 2521 5138 ita
2546 5100 2792 5144 vocasset
2835 5095 3019 5148 orbem
3044 5105 3221 5165 terr-.c,
3270 5110 3328 5156 ut
3353 5119 3445 5157 rc-

1852 5181 1971 5219 rmn
2002 5171 2237 5224 oSteusio
2257 5186 2351 5226 eos
2378 5176 2467 5243 qui
2500 5186 2625 5231 tunc
2646 5193 2819 5245 erant,
2869 5194 2923 5237 ct
2970 5187 3054 5253 qui
3082 5199 3261 5257 postea
3290 5204 3444 5249 erant

1850 5257 2033 5311 futuri.
2065 5260 2286 5315 Tunitru
2313 5266 2454 5318 enim
2486 5280 2567 5320 est
2597 5276 2799 5325 landum
2831 5277 3166 5332 manifestum
3196 5297 3436 5349 praesen-

1851 5351 2027 5416 tibus;
2084 5353 2195 5421 ipsa
2239 5371 2369 5410 vero
2394 5360 2643 5416 omnibus
2683 5370 3118 5432 generationibus
3160 5374 3285 5429 tuba
3327 5379 3440 5431 cla-

1846 5441 1976 5505 rius,
2009 5453 2061 5496 et
2092 5445 2287 5499 tonitru
2314 5450 2552 5517 apertius
2578 5455 2811 5507 ostendit
2839 5460 2978 5528 quod
3008 5460 3202 5515 factum
3234 5474 3339 5520 est.

1930 5531 2038 5585 νοω
2065 5536 2195 5587 tuba:
2218 5539 2455 5605 apostoli.
2487 5571 2558 5580 —
2574 5542 2682 5598 Nec
2701 5562 2825 5600 vero
2850 5549 3185 5607 aberraveris
3210 5555 3257 5609 si
3285 5558 3438 5613 tubas

1844 5625 2117 5678 vocaveris
2138 5641 2230 5679 ora
2263 5632 2651 5699 apostolorum,
2677 5652 2780 5691 non
2806 5641 2957 5695 tubas
2984 5645 3199 5712 quidem
3230 5663 3396 5705 aereas
3416 5691 3430 5715 ,

1842 5714 1935 5768 sed
1967 5730 2098 5771 auro
2144 5719 2488 5786 pretiosiores
2516 5766 2532 5790 ,
2578 5737 2632 5780 et
2660 5733 2885 5798 gemmis
2925 5736 3427 5804 magniﬁcentiires.

1845 5806 1953 5862 Cur
1982 5823 2107 5879 ergo
2155 5827 2258 5866 non
2290 5812 2455 5883 dixit,
2488 5817 2543 5872 lu
2572 5820 2719 5891 tuba,
2745 5823 2837 5879 sed
2865 5866 2879 5893 ,
2911 5824 2976 5880 In
3008 5842 3124 5882 voce
3154 5830 3426 5887 tubw.‘"a't-
