4058 6470
655 402 758 455 ἳ15

636 514 909 583 gnitlcaus
936 526 1120 568 eorum
1142 510 1499 575 concordiam,
1514 510 1649 564 sicut
1667 510 1825 564 etiam
1847 508 1974 563 dicit
1990 507 2181 565 Paulus
2205 522 2218 558 :

656 602 775 656 Siue
802 618 918 673 ergo
945 617 1059 673 ego,
1072 602 1175 654 sive
1196 600 1291 662 illi,
1307 600 1378 654 sic
1390 600 1817 667 pra-dicamusu.
1848 597 1964 652 Cor.
1997 598 2084 653 15.
2108 597 2219 667 Η).

652 693 724 746 Et
774 706 959 747 rursus
1004 710 1018 746 :
1070 689 1417 744 Multitudinis
1454 698 1618 743 autem
1656 690 1961 742 credentium
1996 697 2103 741 erat
2137 703 2224 740 cor

656 794 838 847 sutum,
866 790 917 835 et
942 781 1112 834 anima
1140 796 1241 834 una
1268 779 1405 850 (Act.
1455 779 1510 835 4.
1538 778 1662 848 52);
1698 780 1819 834 tuba
1864 787 2039 834 autem
2067 792 2224 832 cane-

652 872 804 939 tum,
834 883 939 925 non
971 871 1038 924 ad
1066 870 1260 925 bellum
1308 871 1606 935 incitantes,
1641 869 1735 924 sed
1781 869 2129 938 pradicantes
2169 876 2224 922 ct

653 961 1025 1016 annuntiantes
1049 962 1344 1016 victoriam.
1370 960 1821 1027 Quemadmodum
1852 961 1993 1017 enim
2022 962 2072 1014 iu
2103 975 2223 1016 cas-

654 1053 776 1118 tris,
802 1052 1013 1121 quando
1054 1067 1172 1107 cum
1225 1054 1391 1123 signis
1430 1052 1661 1107 inaciem
1707 1053 1988 1122 prodeunt,
2019 1068 2221 1123 praece—

653 1139 787 1196 dunt
806 1140 943 1195 tuba:
976 1156 1095 1211 qua:
1121 1150 1411 1211 praesentes
1442 1143 1705 1209 excitant,
1730 1158 1837 1198 non
1875 1152 2091 1213 aspectu
2129 1158 2220 1199 so-

657 1232 790 1293 lum,
824 1228 916 1284 sed
939 1232 1100 1286 etiam
1140 1231 1320 1285 auditu
1356 1232 1465 1285 :ita
1496 1240 1621 1287 tunc
1660 1230 1853 1287 factum
1892 1245 1973 1288 est
2005 1251 2018 1285 :
2047 1233 2222 1303 ingre-

654 1322 918 1377 dientibus
946 1322 1200 1392 apostolis
1227 1322 1277 1376 in
1305 1336 1728 1393 unamquamque
1752 1322 2017 1378 civitatem
2037 1365 2051 1388 ,
2081 1323 2220 1378 tuba:

651 1412 934 1479 sonabant,
963 1420 1018 1469 et
1055 1411 1121 1466 sd
1170 1411 1489 1467 audiendum
1545 1426 1733 1467 omnes
1772 1413 2137 1469 occurrebant.
2164 1414 2215 1468 7.

652 1501 867 1556 Psallite
914 1500 1024 1556 Deo
1068 1511 1260 1570 nostra,
1301 1503 1502 1572 psallite
1537 1517 1558 1566 _.°
1596 1504 1797 1571 psallite
1844 1504 1971 1575 Regi
2011 1515 2216 1573 nostra,

648 1592 865 1659 psallite.
892 1592 944 1647 8.
982 1590 1231 1659 Quoniam
1258 1608 1349 1646 rea:
1374 1593 1535 1647 omnis
1564 1602 1709 1647 teme
1737 1592 1890 1660 Deus,
1909 1595 2107 1664 psallite
2129 1612 2219 1649 sa-

654 1680 868 1749 pienter.
897 1679 950 1735 9.
972 1680 1218 1751 Regnavit
1247 1679 1380 1736 Deus
1406 1698 1560 1753 super
1594 1694 1780 1754 gentes.
1813 1683 2096 1755 Postquam
2118 1686 2219 1755 igi-

642 1780 734 1823 tur
752 1770 983 1824 narravit
1008 1785 1165 1840 quam
1196 1786 1381 1841 magna
1410 1772 1535 1837 sint,
1558 1780 1614 1827 et
1637 1788 1791 1843 quam
1817 1774 2067 1842 prmelara
2101 1790 2219 1846 quae.

645 1859 829 1928 gessit,
853 1859 1169 1931 universum.
1187 1859 1371 1915 orbem
1400 1870 1555 1917 terra!
1581 1864 1812 1917 vocatad
1832 1878 1951 1920 eum
1976 1865 2218 1921 laudibus

645 1947 1019 2003 celebrandum
1060 1964 1180 2004 cum
1210 1964 1401 2021 magno
1441 1951 1618 2005 studio
1657 1960 1712 2007 et
1741 1952 2009 2024 diligentia
2048 1970 2218 2012 :usus

645 2048 728 2093 εει
742 2040 943 2095 idcirco
963 2042 1274 2111 repetitione
1296 2058 1311 2096 :
1329 2056 1428 2097 nec
1447 2042 1631 2097 invitat
1649 2044 1981 2100 solummodo
1994 2046 2059 2101 ad
2076 2048 2217 2116 psal-

646 2128 881 2194 leiidnm,
908 2128 1003 2185 sed
1044 2129 1111 2185 ad
1152 2130 1482 2199 psallendum
1536 2146 1658 2187 cum
1709 2148 1898 2204 magna
1938 2136 2213 2205 sapientia.

643 2218 778 2285 Quid
807 2227 926 2285 est,
951 2219 1163 2275 Psallite
1188 2222 1477 2292 sapienter?
1504 2223 1635 2279 Cum
1674 2239 1792 2295 qua:
1815 2265 1831 2290 ,
1861 2227 2052 2296 inquit,
2083 2227 2214 2281 facta

653 2320 798 2378 sunt,
820 2310 1126 2378 didieeritis,
1161 2313 1556 2369 considerantes
1593 2330 1771 2371 rerum
1801 2326 2075 2387 gestarum
2104 2334 2219 2373 ma-

641 2399 989 2471 gnitudinem.
1015 2399 1140 2458 Mihi
1179 2414 1354 2459 autem
1385 2405 1594 2460 videtur
1628 2408 1787 2461 etiam
1829 2409 2028 2479 aliquid
2072 2410 2215 2465 aliud

640 2491 996 2558 subindicare,
1026 2508 1145 2548 cum
1162 2492 1314 2560 dixit,
1346 2492 1613 2565 Sapienter
1639 2512 1660 2551 :
1683 2511 1789 2551 non
1816 2512 1945 2554 voce
1984 2509 2212 2567 tantum,

640 2581 734 2637 sed
754 2582 915 2637 etiam
939 2583 1088 2638 factis
1101 2581 1360 2653 psallere;
1386 2600 1491 2640 non
1502 2585 1688 2655 lingua
1702 2595 1923 2653 tantum,
1943 2589 2036 2644 sed
2048 2590 2213 2644 etiam

636 2673 766 2726 vita.
795 2669 1038 2744 Regnavit
1076 2672 1211 2729 Deus
1234 2676 1373 2730 enim
1398 2693 1549 2744 super
1578 2687 1794 2747 gentes,
1820 2678 2007 2750 inquit.
2043 2680 2210 2746 Alius,

642 2761 817 2833 Supra
840 2762 1115 2835 gentemEt
1138 2766 1399 2834 quodnam
1413 2765 1497 2821 hic
1518 2782 1737 2836 regnum
1764 2769 1929 2823 dicit?
1950 2768 2065 2824 Non
2086 2770 2215 2825 illud

644 2854 784 2925 quod
809 2855 1011 2910 obtinet
1040 2858 1243 2912 ratione
1266 2858 1548 2913 creationis
1566 2854 1697 2924 ,‘sed
1726 2858 1827 2916 hoc
1843 2861 1983 2931 quod
2008 2864 2214 2918 ratione

638 2945 775 3013 ejus,
805 2944 871 3000 ad
896 2962 1051 3016 quam
1077 2961 1168 3001 eas
1192 2938 1434 3012 adscivit,
1470 2949 1893 3005 necessitudinis.
1926 2950 2209 3007 Fuitenim

641 3050 736 3091 rex
786 3037 1021 3092 omnium
1060 3038 1219 3093 etiam
1268 3037 1527 3099 antehac.
1559 3049 1616 3093 ut
1644 3040 1735 3109 qui
1772 3048 1916 3094 esset
1952 3041 2128 3111 epifex
2158 3050 2212 3098 et

638 3137 849 3182 creator
874 3145 889 3182 :
917 3144 1056 3183 nunc
1079 3137 1257 3183 autem
1284 3138 1338 3184 et
1364 3129 1654 3187 Iubentium
1706 3140 1759 3187 et
1790 3132 1985 3203 gratias
2012 3133 2212 3189 baben-

636 3218 807 3271 tium:
839 3219 980 3290 quod
1005 3220 1215 3289 quidem
1243 3227 1325 3275 est
1349 3222 1584 3275 maxima
1612 3220 1765 3276 laude
1793 3222 2029 3293 dignum,
2062 3233 2117 3279 et
2156 3224 2208 3279 in

638 3307 824 3376 primis
846 3306 1232 3375 admirandum,
1256 3322 1376 3363 eum
1397 3309 1652 3379 qui’prius
1679 3311 1997 3366 contumelia
2014 3311 2213 3368 afficie-

641 3399 796 3453 batur
819 3412 850 3452 a
893 3396 1111 3464 Judteis,
1142 3398 1381 3454 eﬂ‘ecisse
1408 3408 1466 3453 ut
1510 3408 1653 3454 tanta
1682 3399 1835 3456 ﬁeret
1880 3402 2123 3470 mutatio,
2154 3411 2214 3458 ut

638 3485 835 3556 ubique
865 3494 1145 3541 caneretur
1168 3495 1260 3541 :et
1281 3487 1370 3556 qui
1396 3502 1493 3542 nec
1517 3488 1804 3558 prophetas
1829 3489 2086 3561 legerant,
2112 3507 2211 3549 nec

638 3578 691 3632 in
720 3577 833 3649 lege
857 3577 1065 3633 educati
1092 3577 1299 3634 fuerant
1316 3620 1333 3646 ,
1370 3579 1479 3635 imo
1502 3594 1631 3635 vero
1656 3582 1808 3649 plane
1833 3591 1990 3638 erant
2026 3583 2209 3638 ferinis

634 3668 893 3735 moribus,
941 3677 1157 3739 repente
1183 3670 1366 3724 mutati
1392 3678 1538 3735 sunt,
1568 3678 1623 3725 et
1654 3671 1901 3727 omnibus
1926 3672 2029 3729 illis
2050 3673 2207 3743 abje-

632 3761 735 3816 clis
760 3761 1053 3828 erroribus,
1085 3775 1145 3816 se
1177 3760 1227 3815 ei
1259 3760 1613 3830 subjecerunt,
1646 3776 1750 3816 non
1795 3760 1935 3827 ante,
1960 3771 2050 3817 aut
2076 3772 2206 3829 tres,

632 3860 726 3907 aut
761 3860 1006 3921 quatuor,
1035 3860 1126 3906 aut
1150 3849 1337 3907 decem
1361 3859 1580 3921 gentes,
1614 3851 1707 3906 sed
1757 3853 1846 3922 qui
1901 3852 2205 3909 universum

633 3942 820 3996 urbem
850 3949 1110 3997 terrarum
1133 3940 1455 3997 incolebant.
1480 3939 1620 3996 Deus
1642 3942 1777 3996 sedet
1796 3958 1946 4013 super
1968 3944 2202 3998 thronum

632 4042 862 4087 sanctum
887 4049 1059 4087 suum.

705 4124 892 4179 Sedere
917 4123 1025 4179 Deo
1044 4124 1164 4196 quid
1182 4126 1208 4180 7
1232 4123 1418 4180 Sancte
1446 4141 1673 4197 regnare.
1700 4152 1775 4167 —-
1800 4124 1935 4194 Quid
1962 4135 2042 4181 est
2061 4167 2077 4193 ,
2105 4125 2205 4183 Se-

633 4217 716 4270 det
735 4230 887 4284 super
909 4214 1143 4268 thronum
1158 4215 1186 4269 7
1209 4214 1431 4284 Regnat,
1460 4214 1654 4285 inquit,
1682 4216 1959 4286 imperium
1978 4216 2201 4273 obtinet.

634 4306 799 4360 Recte
824 4314 998 4359 autem
1022 4304 1173 4369 dixit,
1206 4302 1471 4358 Sanctum.
1498 4305 1613 4360 Non
1643 4306 1813 4360 solum
1835 4307 1975 4361 enim
1996 4316 2202 4377 regnat,

631 4396 726 4451 sed
753 4398 910 4452 etiam
956 4404 1141 4451 sancte
1187 4404 1389 4466 regnat.
1441 4396 1576 4463 Quid
1625 4406 1726 4461 est,
1757 4406 1938 4452 sancte
1985 4402 2205 4468 regnat?

633 4488 791 4544 Pure.
834 4486 1085 4542 Homines
1116 4486 1254 4541 enim
1296 4486 1386 4557 qui
1427 4487 1646 4542 veniunt
1682 4486 1749 4542 ad
1780 4487 1880 4543 hoc
1906 4488 2202 4558 imperium,

631 4592 694 4633 ea
744 4585 1006 4646 potestate
1046 4574 1112 4630 ad
1141 4574 1387 4644 injuriam
1432 4574 1762 4630 inferendam
1801 4586 2038 4631 utuntur.
2072 4578 2203 4634 Illud

630 4676 809 4721 autem
840 4666 1116 4735 imperium
1156 4674 1235 4718 est
1270 4663 1337 4718 ab
1366 4668 1509 4719 omni
1541 4680 1598 4720 re
1626 4664 1883 4734 ejusmodi
1925 4667 2201 4735 intactum,

632 4771 841 4826 purum,
870 4766 921 4809 et
958 4766 1220 4810 sanctum.
1247 4751 1427 4824 Neque
1448 4754 1588 4810 enim
1616 4755 1775 4821 fraus,
1806 4772 1979 4827 neque
2006 4758 2201 4827 aliquid

631 4845 893 4916 ejusmodi
944 4846 1073 4900 illud
1126 4844 1381 4915 judicium
1412 4846 1705 4913 corrumpit
1743 4854 1793 4901 et
1831 4845 2200 4913 circumvenit,

631 4938 724 4992 sed
751 4947 831 4993 est
852 4952 1059 5008 purum,
1091 4936 1375 5000 sincerum,
1399 4950 1731 5005 quacumque
1748 4938 1973 5004 puritate
1998 4937 2201 5007 fulgens

634 5032 845 5097 clarius,
888 5026 1229 5097 resplendens
1282 5026 1529 5081 ineffabili
1575 5026 1760 5095 gloria.
1800 5028 1887 5081 l0.
1938 5027 2202 5098 Principes

634 5118 929 5192 pOpulorum
955 5116 1238 5186 congregati
1273 5125 1387 5169 sunt
1433 5130 1548 5169 cum
1596 5114 1704 5169 Deo
1747 5115 2042 5170 Abraham:
2072 5134 2199 5187 quo—

632 5212 767 5264 niant
793 5208 885 5263 Dei
913 5210 1065 5277 fortes
1090 5217 1235 5261 terra:
1253 5207 1560 5262 vehementer
1586 5207 1761 5261 elevati
1782 5218 1915 5261 sunt.

701 5303 751 5356 ϐ.
796 5300 890 5353 llic
932 5298 1164 5352 ostendit
1196 5298 1462 5367 quomodo
1493 5298 1647 5352 fuerit
1671 5307 1944 5351 extensum
1971 5315 2198 5370 evange-

632 5394 781 5457 lium,
808 5388 947 5458 quod
964 5403 1079 5443 non
1110 5387 1277 5442 solum
1307 5388 1537 5457 privatos
1564 5387 1755 5456 attigit,
1788 5387 1881 5441 sed
1905 5403 1995 5443 eos
2037 5392 2196 5444 etiam

630 5482 719 5547 qui
747 5486 870 5534 sunt
896 5478 1123 5533 redimiti
1158 5476 1474 5540 diademate,
1502 5486 1555 5531 et
1575 5477 1761 5531 sedent
1784 5478 1833 5531 in
1864 5478 1999 5531 solio
2025 5482 2194 5548 regio.

635 5570 834 5625 Deinde
859 5569 1145 5624 ostendens
1178 5582 1300 5622 eum
1325 5582 1446 5622 esse
1476 5582 1637 5621 unum
1667 5567 1829 5621 Deum
1853 5566 1985 5622 Novi
2014 5577 2067 5624 et
2092 5569 2196 5624 Ve-

633 5662 763 5717 teris
788 5652 1131 5725 Tesmmcnti,
1173 5659 1299 5715 dicit
1330 5676 1343 5713 :
1374 5658 1497 5713 Cum
1529 5659 1631 5712 Deo
1662 5659 1916 5714 Abraham
1940 5701 1954 5726 ,
1990 5661 2041 5715 id
2077 5673 2155 5717 est
2178 5704 2193 5729 ,

635 5752 723 5809 ille
744 5750 857 5821 ipse
889 5750 978 5821 qui
1014 5761 1067 5806 et
1094 5757 1395 5807 nostrorum
1420 5748 1675 5819 majorum
1707 5749 1847 5806 Deus
1875 5759 1993 5820 est,
2023 5762 2075 5808 ct
2104 5754 2192 5823 qui

1372 397 1427 454 S.
1471 396 1745 453 JOANNIS
1780 394 2260 453 CHRISOSTOMI
2302 395 2616 452 ARCHIEP.
2659 395 3191 453 CONSTANTINOP.
3810 394 3893 451 ιιι

2331 504 2436 561 illis
2461 507 2617 562 etiam
2640 507 2809 577 legem
2834 508 2997 563 dedit.
3022 508 3087 563 Et
3105 508 3223 562 ideo
3250 505 3467 562 dicebat
3484 505 3753 562 Jeremias
3808 506 3896 559 Du-

2329 598 2391 651 bo
2417 598 2551 653 vobis
2579 608 2926 654 testamentum
2952 616 3132 653 novum
3158 640 3173 661 ,
3203 614 3305 652 non
3332 597 3623 652 secundum
3658 605 3895 651 testamen-

2328 695 2453 748 tum.
2473 690 2608 759 quod
2632 687 2747 742 dedi
2773 689 3000 756 patribus
3027 690 3227 753 vestris,
3257 687 3310 740 in
3351 687 3437 741 die
3463 703 3567 759 quo
3598 704 3695 758 ego
3724 701 3888 755 appre-

2329 780 2480 833 hendi
2504 796 2708 834 manum
2733 796 2906 834 eorum
2935 789 2991 832 ut
3032 779 3293 833 educerem
3326 795 3412 832 eos
3456 778 3527 833 de
3565 790 3709 831 terra
3751 776 3899 847 digg-

2329 871 2403 938 pti
2442 868 2573 937 (Jer.
2622 870 2712 923 3|.
2769 870 2857 925 3L
2904 869 2993 936 32)
3022 909 3037 933 ,
3066 868 3356 924 ostendens
3388 884 3556 922 unum
3588 878 3647 922 ct
3673 869 3901 922 etnndem

2326 972 2448 1015 esse
2474 958 2828 1028 legislatorem
2856 966 2911 1014 et
2953 957 3079 1014 Novi
3105 969 3157 1013 et
3185 958 3399 1014 Veteris
3434 958 3799 1015 Testamenti.
3849 963 3902 1016 Et

2328 1047 2535 1102 Barueb
2564 1063 2746 1102 rursus
2772 1048 2984 1102 dicebat
3011 1065 3026 1101 :
3055 1046 3158 1101 Hic
3179 1058 3253 1102 est
3294 1047 3438 1103 Deus
3460 1061 3641 1103 noster
3662 1091 3680 1115 ,
3712 1066 3808 1101 non
3833 1066 3903 1100 re-

2326 1140 2581 1207 putabitur
2631 1137 2765 1192 alius
2808 1147 2989 1207 prteter
3038 1139 3225 1208 ipsum.
3276 1137 3481 1193 Invenit
3535 1155 3742 1193 omnem
3788 1141 3904 1193 riam

2324 1228 2547 1280 scicntia!
2572 1237 2620 1280 et
2659 1227 2797 1281 dedit
2827 1242 2939 1280 eam
2964 1225 3126 1280 Iacob
3154 1227 3263 1294 ﬁlio
3287 1244 3402 1293 suo,
3423 1237 3472 1281 et
3521 1227 3700 1281 Israél
3736 1230 3905 1282 dilecto

2324 1333 2438 1372 suo.
2466 1315 2651 1372 Postea
2673 1329 2839 1373 autem
2861 1319 2916 1372 in
2940 1329 3074 1372 terra
3089 1320 3229 1373 uisus
3251 1330 3327 1373 est
3348 1361 3362 1381 ,
3396 1330 3443 1374 et
3470 1336 3591 1374 cum
3632 1321 3904 1376 hominibus

2324 1419 2643 1463 conversatus
2663 1420 2739 1465 est
2778 1408 3025 1481 (Baruch.
3054 1411 3105 1465 5.
3147 1409 3389 1482 36-38),
3420 1410 3743 1480 signiﬁcans
3768 1428 3905 1467 eunt-

2323 1498 2445 1554 dem
2472 1514 2594 1555 esse
2623 1501 2710 1570 qui
2741 1501 2910 1571 legem
2937 1500 3125 1565 dedit,
3151 1508 3206 1555 et
3237 1500 3325 1569 qui
3355 1500 3672 1556 incarnatus
3697 1511 3781 1556 est
3816 1520 3830 1555 :
3858 1513 3904 1557 et

2322 1604 2444 1644 eum
2493 1591 2581 1660 qui
2626 1592 2931 1645 incarnatus
2950 1600 3055 1653 est,
3089 1590 3259 1660 legem
3303 1589 3539 1645 dedisse.
3588 1590 3711 1645 Hoc
3755 1594 3903 1649 etiam

2322 1680 2450 1736 dicit
2478 1681 2735 1751 prapheta
2762 1697 2776 1734 :
2800 1681 3100 1752 Congrcgati
3118 1691 3256 1746 sunt,
3276 1681 3597 1750 inquit,cum
3620 1680 3734 1735 Deo
3758 1682 3904 1736 Mre-

2323 1770 2462 1824 ham.
2493 1770 2753 1826 Hebmus
2777 1778 2953 1825 autem
2985 1785 3081 1839 pro
3108 1785 3177 1826 eo
3200 1771 3342 1840 quod
3366 1780 3465 1835 est,
3496 1770 3631 1825 Cum
3657 1771 3789 1839 Deo,
3820 1772 3903 1827 Em

2324 1861 2442 1917 Elei
2469 1861 2743 1915 Abraham.
2768 1861 2833 1916 Et
2858 1877 2966 1932 quo
2988 1861 3169 1930 modo,
3200 1877 3400 1931 quaso,
3435 1862 3541 1918 hoc
3567 1863 3775 1918 factum
3792 1866 3902 1920 est!

2324 1952 2573 2017 Quoniam
2605 1950 2705 2007 Dei
2760 1956 2915 2021 fortes
2962 1961 3110 2006 terra
3158 1952 3475 2006 vehementer
3529 1953 3719 2007 eleuati
3776 1965 3901 2009 sunt.

2321 2040 2544 2109 Quinam
2583 2051 2709 2097 sunt
2750 2052 2927 2096 autem
2954 2042 3053 2098 Dei
3078 2040 3263 2111 fortes,
3291 2044 3392 2099 nisi
3420 2045 3697 2114 apostoli,
3731 2045 3905 2101 ﬁdeles

2319 2132 2549 2187 omnes?
2572 2131 2832 2199 Quoniam
2861 2135 3002 2187 enim
3040 2133 3280 2203 potentia
3322 2148 3509 2190 eorum
3553 2150 3736 2207 usque
3779 2137 3905 2192 adeo

2320 2221 2878 2291 resplenduit,.omnes
2905 2222 3185 2277 vicerunt:
3212 2233 3360 2278 recte
3385 2233 3567 2280 autem
3600 2240 3705 2281 eos
3731 2228 3904 2297 appel-

2319 2313 2447 2367 lavit
2478 2312 2659 2367 fortes.
2688 2312 2881 2382 Quidni
2910 2314 3053 2370 enim
3078 2312 3268 2379 fortes,
3298 2316 3386 2385 qui
3417 2315 3689 2372 adversus
3723 2318 3902 2373 orbem

2322 2411 2477 2459 teme
2505 2404 2671 2458 aciem
2701 2404 3085 2467 instrtixerunt,
3114 2404 3375 2460 adversus
3394 2404 3702 2472 daemones,
3730 2408 3905 2464 adver-

2319 2508 2410 2549 sus
2434 2493 2724 2556 diabolum,
2764 2494 3025 2550 adversus
3057 2496 3302 2566 populos,
3345 2496 3609 2553 adversus
3639 2500 3901 2568 civitates,

2317 2582 2574 2639 adversus
2622 2592 2830 2654 gentes,
2860 2584 3117 2640 adversus
3167 2594 3444 2657 tyrannos,
3494 2587 3767 2644 adversus
3803 2600 3903 2645 tur-

2319 2683 2496 2729 menta
2549 2688 2613 2728 ac
2665 2674 2942 2744 supplicia,
2993 2674 3251 2731 adversus
3296 2677 3616 2748 sartagines,
3648 2679 3904 2735 adversus

2320 2762 2562 2818 fornaces
2579 2805 2594 2827 ,
2620 2763 2874 2819 adversus
2903 2765 3339 2821 consuetudinem
3360 2808 3376 2835 ,
3408 2768 3673 2823 adversus
3705 2780 3902 2826 natura

2321 2856 2652 2925 tyrannidem
2685 2898 2701 2924 ,
2747 2864 2804 2912 et
2848 2858 3025 2911 omnia
3076 2857 3368 2914 diruebant
3396 2860 3438 2927 ⁸,
3488 2869 3546 2916 et
3596 2866 3904 2932 superiores

2316 2945 2563 3000 omnibus
2593 2944 2909 3013 evadebant,
2938 2956 2994 3002 et
3020 2962 3050 3002 a
3075 2948 3223 3003 nullo
3244 2949 3603 3007 vincebantur
3621 2952 3649 3007 ἲ
3676 2968 3902 3023 quanio.

2316 3032 2385 3089 do
2407 3050 2510 3088 non
2539 3032 2723 3099 fortes,
2742 3036 2833 3105 qui
2852 3036 2935 3091 vel
2963 3046 3085 3107 post
3109 3046 3357 3103 mortem,
3380 3047 3587 3094 tantam
3609 3044 3906 3099 ostenth

2314 3123 2596 3179 virtutem?
2620 3123 2887 3193 quomodo
2914 3140 3023 3180 non
3054 3124 3250 3192 fortes,
3278 3142 3511 3197 quorum
3560 3130 3738 3186 verba
3784 3144 3907 3187 sunt

2313 3214 2501 3284 quovis
2535 3214 2819 3271 adamante
2842 3215 3054 3271 duriora
3074 3257 3089 3281 ,
3118 3231 3219 3272 nec
3255 3218 3421 3273 ullum
3451 3234 3516 3275 ea
3538 3229 3760 3293 tempus
3780 3224 3907 3280 abo-

2315 3303 2473 3371 levit,
2494 3305 2589 3358 sed
2614 3305 2851 3375 quotidie
2907 3306 3078 3375 majus
3124 3306 3515 3363 incrementum
3554 3314 3861 3382 suscipiunt
3890 3333 3902 3366 :

2313 3394 2437 3449 dum
2465 3391 2651 3450 omnes
2694 3395 2887 3466 ubique
2923 3398 3070 3452 orbis
3102 3407 3365 3453 terrarum
3419 3416 3548 3456 oras
3595 3405 3905 3476 evangelica

2314 3485 2618 3555 pradicatio
2669 3487 2939 3555 pervadit?
2988 3487 3092 3542 Pro
3135 3487 3219 3542 his
3271 3490 3523 3546 omnibus
3574 3493 3819 3565 benigno
3854 3508 3907 3551 et

2312 3576 2560 3631 clementi
2592 3576 2702 3631 Deo
2732 3578 2925 3648 gratias
2962 3592 3181 3648 agamus
3212 3596 3226 3633 :
3253 3582 3508 3651 quoniam
3537 3585 3589 3639 ei
3635 3586 3809 3655 gloria
3852 3598 3905 3642 et

2313 3671 2579 3740 potentia,
2612 3678 2837 3726 nuncet
2861 3685 3110 3741 semper,
3141 3679 3196 3727 et
3225 3672 3279 3728 iu
3318 3674 3520 3729 saecula
3555 3678 3902 3734 mulorum.

2313 3763 2503 3815 Amen.

2739 3869 2805 3925 IN
2841 3868 3162 3931 PSALMUM
3200 3874 3409 3931 XLVII.

2664 3986 2717 4041 l.
2746 3984 3005 4040 Canticum
3024 3986 3225 4042 Psalmi
3245 3990 3367 4056 ﬁliis
3386 3988 3536 4045 Core.

2307 4094 2362 4149 2.
2396 4096 2614 4167 Magnus
2642 4094 2887 4152 Dominus
2913 4107 2959 4151 et
2985 4098 3256 4153 laudabilis
3294 4100 3461 4165 valde,
3493 4103 3547 4155 in
3576 4105 3786 4160 ciuitate
3816 4109 3902 4161 Dei

2378 4188 2557 4254 nostri,
2587 4188 2641 4240 in
2665 4197 2833 4242 monte
2844 4199 3015 4243 sancto
3035 4190 3164 4259 ejus,
3190 4190 3244 4243 5.
3267 4190 3389 4243 bene
3406 4192 3665 4250 radicibus
3684 4197 3901 4264 ﬁrmans

2378 4281 2715 4334 exsultatione
2760 4279 3001 4333 universa:
3048 4289 3213 4333 teme.
3269 4280 3419 4335 Alius
3462 4282 3620 4347 dicit,
3672 4285 3901 4341 Pulchre

2378 4371 2614 4441 germine,
2636 4368 2824 4438 gaudio
2845 4370 3089 4423 universte
3110 4380 3277 4424 terra.
3309 4370 3480 4439 Alius,
3502 4373 3578 4428 Δὲ
3598 4374 3752 4431 initio
3773 4392 3903 4448 prc-

2376 4462 2563 4532 scripto
2581 4459 2848 4533 splendore
2869 4460 3112 4514 universis
3137 4470 3304 4515 terra.

2378 4574 2428 4627 l.
2471 4571 2569 4628 Hic
2613 4586 2823 4643 quoque
2867 4570 3129 4641 significat
3157 4571 3532 4628 liberationem
3579 4589 3612 4629 a
3644 4576 3811 4633 bellis
3848 4588 3903 4633 et

2306 4664 2513 4733 pugnis.
2542 4661 2676 4728 Quia
2703 4663 2843 4717 enim
2873 4678 2902 4715 a
2932 4662 3206 4731 Babylone
3252 4663 3494 4730 reversi,
3538 4674 3595 4720 et
3652 4680 3683 4721 a
3741 4668 3902 4737 longa

2305 4756 2609 4824 captivitate
2647 4754 2852 4808 liberati
2873 4796 2887 4815 ,
2917 4762 3113 4807 terram
3143 4764 3420 4822 paternam
3445 4768 3779 4827 receperunt
3805 4801 3823 4827 ,
3848 4771 3905 4814 et

2304 4862 2334 4901 a
2360 4847 2537 4902 multis
2567 4846 2719 4901 bellis
2745 4854 3047 4913 evaserunt,
3076 4860 3176 4915 pro
3196 4845 3279 4901 his
3294 4848 3545 4903 omnibus
3570 4850 3683 4905 Deo
3700 4851 3902 4908 horum

2304 4938 2561 4993 bonorum
2584 4936 2992 5006 auctorigratias
3015 4949 3251 5005 agentes,
3280 4938 3376 4993 hos
3398 4938 3630 5010 hymnos
3659 4955 3899 5001 mttunt:

2302 5029 2483 5083 dicunt
2505 5038 2682 5084 autem
2714 5044 2727 5081 :
2762 5028 2979 5097 Magnus
3026 5026 3299 5094 Dominus,
3335 5041 3383 5083 et
3412 5032 3693 5089 laudabilis
3722 5038 3898 5093 ualde.

2304 5121 2523 5193 Magnus
2547 5121 2759 5190 quidem
2800 5119 3001 5185 dicunt,
3043 5119 3138 5175 sed
3163 5135 3320 5190 quam
3364 5138 3615 5193 magnus,
3652 5141 3766 5180 non
3819 5129 3903 5182 di-

2302 5220 2466 5264 cunt:
2500 5208 2602 5264 hoc
2649 5209 2790 5263 enim
2839 5224 2997 5265 nemo
3044 5210 3175 5275 scit;
3223 5220 3277 5264 et
3326 5210 3449 5266 ideo
3471 5212 3800 5283 subjunxit:
3834 5217 3901 5271 Et

2303 5301 2569 5354 laudabilis
2596 5302 2755 5354 ualde.
2780 5300 2895 5354 Non
2916 5310 2999 5355 est
3025 5302 3166 5356 enim
3198 5300 3318 5358 linis
3344 5303 3459 5370 ejus
3480 5308 3896 5375 magnitudinis.

2302 5393 2450 5460 Quod
2471 5403 2648 5449 autem
2680 5392 2826 5454 dicit,
2858 5402 2937 5448 est
2961 5393 3225 5462 ejusmodi
3252 5412 3265 5448 :
3297 5393 3692 5463 Oportetillum
3713 5403 3898 5456 solum

2300 5484 2466 5552 gloria
2505 5483 2718 5538 allicere
2761 5492 2814 5537 et
2840 5481 3086 5550 laudare,
3116 5482 3275 5555 idque
3306 5498 3469 5554 supra
3511 5503 3727 5542 omnem
3782 5506 3901 5544 mo-

2364 5639 2381 5668 ι
2417 5644 2559 5687 Unus.
2583 5636 2809 5686 adversus
2830 5634 3133 5699 tyrannidem
3164 5642 3369 5697 naturis,
3396 5640 3629 5691 adversus
3669 5642 3895 5693 damna-

2298 5704 2438 5754 tores,
2483 5704 2710 5747 adversus
2727 5696 2883 5763 reges,
2918 5696 3149 5763 adversus
3178 5696 3422 5763 [titttentet
3464 5703 3611 5763 areu,
3659 5707 3897 5756 udae-rats

2304 5766 2521 5820 mortem,
2544 5764 2589 5809 et
2612 5758 2767 5810 omnia
2787 5758 3057 5809 diruebant.
