4058 6454
225 398 335 455 317

223 516 355 569 dum
381 527 398 567 :
423 508 658 568 laudare
709 517 904 574 nempe
951 513 1074 558 eum
1116 504 1334 569 propter
1383 495 1520 550 lianc
1560 491 1821 548 inﬁnitam

223 614 280 660 ct
336 595 928 671 incomprehensibilem
978 591 1228 647 essentia;
1278 583 1720 656 magnitudinem,
1762 588 1823 671 et

227 702 450 764 pmpter
476 670 684 746 summa
714 685 833 756 ejus
861 683 915 739 in
943 696 1044 738 nos
1074 676 1354 736 beneﬁcia.
1386 675 1517 731 Nam
1549 680 1605 730 et
1628 670 1846 737 voluit,“

224 793 277 841 et
309 784 481 856 potuit
516 795 637 852 quin
663 777 852 833 voluit.
910 774 977 828 lii
1006 773 1205 828 ciuitate
1230 768 1328 824 Dei
1353 766 1516 823 nostri
1533 806 1552 833 ,.
1571 766 1626 819 in
1655 770 1825 818 monte

223 853 402 933 ωᾱσιο
424 876 553 947 ejus.
582 869 720 940 Quid
750 867 922 924 dicis?
953 864 1066 921 illic
1101 861 1221 932 ejus
1263 858 1480 915 laudem
1519 853 1820 918 concludis,

223 968 318 1038 qni
342 972 695 1034 estmagnus,
723 960 814 1032 qui
841 955 1139 1021 laudabilis,
1169 954 1224 1008 in
1245 951 1459 1007 civitate
1490 947 1624 1004 etin
1661 958 1822 1038 mon-

228 1037 324 1114 te?
355 1054 473 1113 Non
508 1056 611 1110 hoc
639 1054 782 1119 dico,
811 1048 1003 1120 inquit,
1030 1046 1124 1103 sed
1151 1043 1291 1117 quod
1317 1054 1416 1097 nos
1438 1048 1562 1095 ante
1590 1038 1694 1094 alia
1720 1037 1824 1091 hoc

223 1146 653 1218 «noverimus.
691 1137 789 1198 Vel
841 1147 1123 1211 propterea
1171 1147 1304 1215 ergo
1347 1130 1482 1187 dixit
1534 1127 1708 1195 illud,
1750 1124 1825 1181 In.

223 1217 428 1293 civitate
453 1236 549 1291 Dei
591 1234 774 1300 nostri,
818 1232 903 1288 vel
939 1229 1126 1284 volens
1172 1223 1480 1289 ostendere,
1527 1217 1674 1292 quod
1720 1229 1824 1289 per

224 1328 647 1401 magnitudinem
677 1321 1054 1379 miraculorum
1083 1331 1204 1388 quin
1233 1314 1306 1370 ibi
1324 1313 1461 1369 facta
1477 1316 1823 1377 ωιτη-σεωυ-

224 1436 289 1477 sa
315 1420 386 1486 sit
409 1418 526 1490 ejus
546 1413 858 1486 magnitudo
901 1418 957 1468 et
983 1408 1150 1482 gloria
1182 1422 1198 1462 :
1230 1403 1374 1477 quod
1413 1417 1508 1459 eos
1543 1401 1634 1473 qui
1668 1406 1824 1457 erant

221 1509 456 1581 captivi,
482 1507 573 1579 qui
603 1505 846 1575 disjecti,
876 1502 964 1573 qui
1007 1497 1337 1567 contempti,
1365 1493 1456 1566 qui
1499 1491 1559 1548 iis
1604 1491 1822 1562 regione

225 1600 410 1657 hostili
460 1599 607 1655 velut
648 1597 702 1651 in
735 1594 984 1665 sepulcro
1016 1589 1426 1652 detinebantur,
1467 1592 1525 1639 ut
1560 1581 1702 1638 adeo
1728 1595 1820 1636 re-

224 1699 389 1764 pente
415 1689 544 1746 clari
572 1694 772 1752 essent,
795 1680 1164 1756 procuraverit
1193 1693 1207 1729 :
1236 1685 1296 1734 nt
1336 1687 1392 1733 et
1419 1675 1508 1746 qui
1542 1687 1638 1731 eos
1670 1672 1821 1727 vice-i-

224 1762 370 1848 rant,
397 1786 752 1851 superarent,
781 1783 836 1832 et
858 1773 922 1830 ad
949 1774 1186 1844 priorem
1210 1768 1450 1825 redirent
1491 1762 1821 1837 prosperitaa

222 1859 335 1930 teni
364 1913 381 1942 ,
433 1880 489 1928 et
535 1869 783 1940 antiquus
839 1866 1026 1938 patriae
1081 1870 1251 1919 status
1298 1859 1380 1916 eis
1422 1855 1817 1914 institueretur.

222 1962 482 2021 Ostendit-
495 1962 639 2017 enim
660 2001 676 2027 ,
705 1958 895 2029 inquit,
924 1957 1094 2026 ipsum
1121 1953 1282 2009 etiam
1304 1956 1669 2006 creaturarum
1697 1958 1820 2015 qua

221 2055 474 2112 videntur
500 2050 810 2124 magnitudo
842 2065 856 2102 :
885 2046 983 2102 sed
998 2042 1252 2116 quoniam
1269 2037 1574 2109 complures
1587 2035 1819 2106 antiqui-

221 2153 314 2200 tus
336 2151 490 2200 erant
524 2142 684 2213 paulo
727 2136 1138 2209 insipientiores,
1159 2130 1521 2201 cognitionem
1545 2167 1561 2192 ,
1593 2138 1714 2196 qua
1747 2139 1814 2180 ex

223 2235 458 2292 inimicis
494 2241 549 2290 et
581 2247 650 2288 ex
677 2229 900 2286 victoria
931 2226 1123 2291 oritur,
1168 2221 1372 2297 adjicit,
1403 2217 1670 2274 mirabilia
1699 2215 1818 2270 btec

225 2336 431 2395 tropma
479 2322 691 2380 assidue
720 2321 934 2391 erigens
954 2359 968 2383 ,
997 2324 1053 2373 et
1077 2329 1164 2371 res
1189 2313 1243 2368 in
1264 2310 1474 2367 melius
1500 2306 1694 2365 mutari
1715 2320 1817 2361 cna

224 2427 374 2479 ratis,
403 2427 466 2467 ac
483 2419 678 2482 praeter
695 2423 843 2479 spem
874 2416 928 2462 et
948 2403 1402 2476 exspectationem
1433 2412 1647 2456 omnem
1672 2395 1818 2467 ejus-

221 2504 368 2561 modi
394 2502 649 2560 miracula
675 2501 860 2558 edens.
902 2499 1052 2555 Hanc
1089 2505 1268 2552 autem
1290 2501 1445 2549 vocat
1475 2491 1592 2561 ejus
1625 2484 1814 2545 civita-

224 2608 370 2667 tein,
403 2613 512 2653 non
536 2597 670 2652 alias
698 2594 818 2665 ejus
853 2593 1068 2664 privans
1109 2587 1465 2660 providentia,
1492 2582 1587 2639 sed
1621 2591 1681 2638 ut
1717 2580 1817 2636 bos

221 2688 504 2756 ostendat,
534 2685 676 2758 quod
701 2684 769 2740 ad
792 2682 1114 2753 cognitionis
1138 2679 1402 2734 rationem
1436 2674 1650 2740 attinet,
1692 2671 1814 2726 aliis

220 2778 386 2834 fuisse
409 2778 566 2848 longe
593 2777 818 2847 priores.
848 2771 961 2828 Illa
990 2771 1133 2827 enim
1163 2769 1279 2839 ejus
1305 2766 1409 2823 dici
1448 2770 1704 2836 poterant
1727 2777 1816 2818 ra-

221 2871 366 2926 tione
393 2875 597 2923 tantum
622 2865 849 2936 Opiﬁcii;
893 2863 1007 2918 haec
1041 2875 1174 2917 vero
1211 2859 1375 2915 etiam
1410 2857 1618 2912 ratione
1659 2853 1814 2908 fami-

222 2959 465 3016 liaritatis
491 2966 545 3015 et
570 2954 1014 3018 necessitudinis,
1041 2962 1097 3008 et
1139 2949 1287 3022 quod
1325 2949 1441 3002 hinc
1479 2944 1658 3001 omnia
1703 2942 1815 2998 illic

222 3055 415 3109 fierent
441 3049 715 3106 miracula.
747 3047 899 3104 Tunc
935 3047 1112 3115 itaque
1152 3057 1214 3100 ea
1249 3040 1530 3097 dicebatur
1563 3038 1656 3093 Dei
1678 3037 1812 3093 civi-

221 3152 339 3209 tas;
370 3155 512 3198 nunc
551 3148 734 3196 autem
765 3152 863 3192 nos
892 3150 1079 3192 omnes
1116 3133 1211 3188 Dei
1245 3131 1493 3188 dicimur.
1536 3128 1637 3196 Qui
1678 3128 1812 3182 enim

222 3235 410 3291 Christi
434 3243 572 3301 sunt,
597 3231 796 3302 inquit,
826 3243 1028 3284 carnem
1053 3223 1412 3293 cruci/icerant
1445 3238 1564 3276 cum
1604 3221 1738 3276 uitiis
1763 3229 1811 3274 et

216 3322 631 3394 concupiscentiis
659 3319 798 3391 (Gal.
828 3320 884 3376 5.
913 3316 1028 3388 24).
1056 3314 1246 3371 Vidisti
1268 3327 1531 3369 summam
1550 3318 1610 3392 et
1629 3310 1811 3365 inten-

221 3387 484 3470 tissiniam
545 3387 836 3466 virtutem?
901 3387 997 3462 Et
1023 3405 1144 3460 ideo
1187 3401 1553 3473 appellabatur
1597 3387 1812 3470 quoque

219 3519 378 3561 mons
399 3503 514 3570 Dei,
538 3495 801 3573 quoniam‘
818 3499 959 3554 Deus
975 3497 1083 3552 illic
1097 3494 1389 3552 colebatur.
1405 3492 1539 3547 Bene
1553 3492 1812 3546 radicibus

218 3598 434 3667 firmans
480 3594 814 3650 exsultatione
861 3591 1107 3646 universa
1163 3597 1330 3642 terre.
1392 3586 1604 3641 Dictum
1655 3582 1812 3640 valde

217 3688 527 3753 obscurum,
554 3692 608 3740 et
635 3683 757 3739 ideo
801 3689 1013 3752 oportet
1060 3676 1360 3733 attendere.
1405 3675 1470 3730 Ei
1511 3675 1653 3730 enim
1677 3715 1691 3738 ,
1718 3673 1810 3743 qui

219 3776 585 3850 perfunctorie
614 3775 778 3846 legit,
807 3787 1054 3844 magnam
1082 3769 1235 3825 affert
1259 3768 1642 3826 dubitationem
1675 3784 1688 3821 :
1719 3764 1809 3834 qui

226 3869 279 3925 id
306 3876 484 3924 autem
524 3866 807 3936 diligenter
838 3861 1194 3934 persequitur,
1225 3858 1428 3914 videbit
1471 3869 1809 3925 consequen'

224 3959 374 4024 tiam,
408 3967 461 4012 et
487 3965 788 4012 accuratam
815 3953 1198 4009 sententiarum
1219 3948 1632 4004 connexionem.
1655 3943 1811 4011 Quod

219 4051 364 4105 cnim
395 4047 543 4115 dicit,
563 4055 645 4102 est
672 4044 936 4117 ejusmodi
965 4060 978 4097 :
1008 4042 1229 4114 Magnus
1249 4039 1501 4094 Dominus
1531 4039 1584 4092 in
1610 4038 1811 4093 civitate

219 4141 317 4196 Dei
341 4141 499 4195 nostri
519 4182 534 4207 ,
559 4140 612 4193 in
638 4148 807 4192 monte
833 4147 1005 4193 sancto
1034 4118 1124 4191 suo
1144 4140 1266 4190 bene
1285 4135 1540 4200 radicans,
1573 4132 1676 4188 hoc
1708 4140 1808 4199 est,

219 4232 359 4290 bene
386 4231 655 4288 radicibus
699 4231 939 4297 ﬁrmans,
973 4238 1029 4285 et
1062 4245 1181 4286 eam
1230 4228 1451 4299 pulchre
1494 4228 1712 4282 ﬁrmans
1751 4240 1814 4281 ac

221 4323 496 4380 stabiliens
523 4323 576 4377 in
608 4323 804 4394 gaudio
842 4330 898 4378 et
921 4322 1103 4378 laetitia
1141 4321 1303 4375 totius
1331 4320 1478 4374 orbis
1520 4329 1810 4374 terrarum.

221 4416 332 4473 line
370 4416 530 4470 etiam
561 4415 699 4469 alius
726 4414 951 4469 obscure
986 4410 1294 4482 signiﬁcans
1320 4410 1475 4478 dixit,
1508 4408 1814 4478 Praescripto

219 4508 490 4578 splendore
513 4508 938 4562 universteterrte.
971 4505 1105 4561 Eam
1143 4505 1286 4561 enim
1321 4504 1446 4560 fecit
1473 4504 1813 4573 splendorem

220 4610 272 4656 et
300 4599 540 4654 laetitiam
567 4597 833 4652 universa:
865 4606 1039 4651 teme.
1071 4595 1222 4651 Illinc
1247 4603 1326 4651 est
1357 4594 1477 4650 fons
1499 4595 1732 4665 pietatis,
1761 4602 1817 4649 et

222 4690 428 4746 radices
458 4697 515 4745 et
552 4687 806 4758 principia
839 4687 933 4742 Dei
958 4685 1298 4757 cognitionis.
1339 4685 1488 4742 lianc
1512 4700 1661 4756 ergo,
1690 4701 1812 4740 cum

222 4779 342 4835 talis
375 4786 552 4846 esset,
583 4777 851 4833 radicibus
893 4777 1125 4832 ﬁrmavit
1153 4792 1216 4832 ac
1244 4776 1498 4832 stabilivit
1545 4777 1612 4831 ad
1656 4791 1814 4831 orna-

223 4877 458 4924 mentum
486 4869 647 4922 totius
675 4866 822 4923 orbis
846 4875 1131 4932 terrarum,
1157 4866 1223 4921 ad
1255 4866 1673 4922 exsultationem
1697 4906 1712 4933 ,
1744 4865 1811 4920 ad

219 4958 471 5030 gaudium
502 4958 665 5012 totius
708 4955 911 5012 mundi.
961 4955 1300 5027 Jerosolyma
1354 4957 1498 5011 enim
1546 4965 1670 5010 tunc
1697 4964 1815 5010 erat

222 5050 476 5121 magistra
499 5047 760 5103 universae
788 5057 968 5115 terrae,
991 5054 1048 5102 ct
1074 5047 1163 5118 qui
1195 5047 1444 5102 volebant
1468 5047 1568 5101 frui
1594 5046 1810 5117 gaudio,

221 5143 530 5213 cultumque
558 5149 613 5196 et
637 5149 1008 5194 ornamentum
1035 5155 1228 5210 capere
1255 5182 1270 5207 ,
1299 5140 1421 5195 hinc
1445 5155 1507 5195 ea
1537 5157 1653 5211 quae
1677 5141 1814 5196 bona

223 5242 277 5287 et
311 5232 536 5287 honesta
579 5239 734 5287 erant
769 5230 1063 5286 discebant.
1097 5231 1166 5285 Et
1208 5230 1330 5286 ideo
1359 5229 1461 5285 hoc
1508 5231 1816 5301 signiﬁcans

224 5337 328 5377 non
355 5322 508 5388 dixit,
531 5321 819 5376 lladicibus
845 5321 1082 5386 ﬁrmans,
1111 5321 1204 5376 sed
1226 5363 1240 5385 ,
1274 5320 1410 5374 Bene
1435 5321 1647 5390 ﬁrmans
1670 5323 1814 5376 radi-

225 5412 382 5467 cibus.
415 5411 565 5479 Quod
591 5412 636 5467 si
664 5412 800 5468 velis
835 5411 1067 5481 idipsum
1105 5412 1352 5481 accipere
1379 5413 1702 5482 anagogice,
1735 5412 1813 5468 vi-

225 5503 377 5557 debis
404 5517 579 5557 rerum
603 5502 903 5558 veritatem.
939 5503 1072 5558 llinc
1106 5503 1247 5558 enim
1279 5503 1540 5572 processit
1581 5506 1817 5560 exsulta-

229 5597 301 5648 tio
327 5608 422 5663 pcr
466 5592 772 5648 universum
812 5594 995 5648 orbem
1049 5603 1308 5650 terrarum
1335 5637 1350 5662 ,
1380 5595 1504 5650 hinc
1556 5596 1819 5666 processit

226 5684 478 5754 gaudium
521 5692 574 5738 et
600 5685 802 5750 laetitia,
834 5684 958 5739 hinc
1005 5695 1322 5740 emanarunt
1360 5685 1534 5742 fontes
1580 5688 1814 5758 philoso-

231 5776 389 5847 phiae,
424 5774 515 5833 ubi
540 5774 783 5834 Christus
811 5775 908 5832 fuit
934 5776 1239 5846 cruciﬁxus,
1273 5776 1413 5834 unde
1440 5778 1663 5850 profecti
1687 5788 1812 5838 sunt

1334 375 1698 439 EXPOSITIO
1731 369 1802 436 1N
1840 369 2168 434 PSALMUI
2207 375 2427 435 XLVII.

3427 373 3533 430 ειη

1930 491 2155 562 apostoli
2186 532 2200 545 .
2225 490 2309 544 lic
2333 490 2480 554 Sion,
2507 487 2669 553 enim,
2692 485 2878 556 inquit,
2913 485 3193 556 egredietur
3215 483 3318 548 les,
3347 494 3395 539 et
3423 499 3534 539 vers

1930 583 2046 638 bant
2084 580 2296 636 Domini
2319 593 2386 635 ea:
2410 576 2699 633 Jerusalem
2721 576 2909 649 (Mica.
2943 577 2995 632 ι.
3017 574 3079 648 2)
3111 591 3124 630 :
3159 575 3320 631 habet
3350 583 3549 631 autem.

1929 674 2034 732 hoc
2057 672 2306 745 gaudium
2344 671 2559 727 radices
2580 667 2930 725 immortales.
2979 666 3186 722 Montes
3209 665 3341 723 Sion
3370 668 3543 722 latera.

1927 765 2202 838 aquilonis.
2239 766 2417 829 Alius,
2454 763 2657 819 Montes
2705 761 2838 819 Sion
2884 766 3080 833 femora
3119 760 3395 830 aquilonis.
3427 759 3534 814 lle-

1925 858 2106 914 brieus
2120 863 2321 923 autem,
2337 854 2412 910 Ar
2428 854 2558 912 Sion
2568 853 2806 926 jerelitlie
2830 852 3085 924 sophonn.
3104 851 3218 919 Qua
3246 851 3315 907 de
3338 865 3530 915 causa,

1927 963 2148 1021 quaeso,
2175 945 2420 1003 meminit
2458 960 2603 1001 nunc
2636 943 2924 1015 aquilonis,
2950 954 3002 998 et
3031 945 3193 998 situm
3229 942 3331 998 loci
3373 942 3540 998 nobis

1927 1040 2221 1098 describit?
2241 1038 2506 1107 Quoniam
2535 1037 2754 1093 assidue
2780 1036 2980 1093 bellum
3005 1035 3130 1090 hinc
3145 1035 3540 1099 suscitabatura

1927 1130 2302 1188 invadentibus
2329 1129 2602 1198 barbaris,
2658 1128 2820 1199 idque
2877 1127 3154 1198 propheta:
3191 1125 3378 1183 dicunt
3419 1128 3534 1181 frei-

1927 1233 2154 1296 quenter
2173 1265 2189 1290 ,
2221 1222 2420 1278 bellum
2449 1221 2516 1276 ab
2541 1220 2791 1290 aquilone
2827 1220 3162 1290 appellantes
3183 1216 3322 1285 (ler.
3354 1217 3406 1272 l.
3435 1217 3526 1273 i3.

1929 1317 2019 1390 14)
2043 1334 2059 1386 ;
2087 1327 2141 1374 et
2168 1316 2400 1373 lcbetem
2429 1315 2576 1372 illinc
2595 1312 2891 1370 ferventem
2905 1311 3220 1367 describunt
3243 1329 3254 1367 :
3281 1311 3355 1366 ita
3382 1311 3527 1366 enim

1926 1411 2027 1466 sita
2045 1418 2128 1467 est
2145 1409 2295 1480 regio
2310 1406 2671 1474 Persarum,si
2688 1405 2946 1460 habeatur
2963 1406 3101 1460 ratio
3118 1402 3521 1474 Palmstinm-(a).

1925 1504 2078 1574 Quod
2101 1503 2298 1559 factum
2327 1501 2601 1558 admirans
2623 1539 2643 1569 ,
2684 1500 2788 1554 hoc
2819 1499 3116 1572 subjunxit,
3150 1495 3459 1567 significans
3505 1514 3522 1551 ε

1926 1595 2056 1651 Eam
2086 1608 2207 1665 qua:
2227 1593 2376 1649 illinc
2403 1591 2621 1648 assidue
2639 1589 2960 1655 vexabatur,
2994 1587 3166 1644 fecisti
3189 1588 3524 1658 inexpugna-

1923 1688 2108 1743 bilem.
2147 1683 2380 1741 Perinde
2416 1682 2561 1740 enim
2609 1695 2674 1737 ac
2714 1681 2761 1736 si
2799 1681 2920 1751 quis
2946 1679 3152 1735 diceret
3180 1679 3248 1734 de
3272 1692 3524 1749 corpore,

1925 1780 2136 1836 Partem
2185 1777 2331 1832 illam
2375 1773 2697 1831 imbecillam
2748 1772 2923 1828 fecisti
2967 1771 3318 1827 valentiorem
3361 1787 3375 1824 :
3422 1769 3526 1824 hoc

1923 1873 2088 1929 etiam
2120 1870 2208 1926 bic
2231 1870 2345 1941 ipse
2371 1867 2708 1932 subindicat,
2750 1866 2938 1921 dicens
2967 1877 2984 1920 :
3011 1864 3152 1919 unde
3176 1863 3353 1918 luctus
3377 1870 3431 1916 et
3458 1861 3528 1915 la-

1922 1977 2143 2038 crymai,
2170 1962 2313 2018 unde
2352 1962 2505 2032 origo
2545 1959 2912 2019 calamitatum
2930 1997 2946 2026 ,
2975 1971 3056 2012 ea:
3084 1963 3264 2022 partes
3289 1954 3525 2024 impletae

1923 2065 2051 2116 sunt
2074 2059 2368 2128 voluptate,
2391 2054 2780 2123 alacritateque
2806 2051 2993 2106 animi.
3020 2048 3171 2105 Unde
3198 2047 3381 2114 minae,
3404 2060 3523 2100 me-

1922 2160 2030 2218 tus,
2057 2159 2113 2207 et
2137 2149 2370 2221 pericula
2391 2188 2408 2215 ,
2450 2147 2575 2202 hinc
2600 2143 2851 2216 gaudium
2879 2149 2935 2197 et
2975 2139 3158 2196 laetitia
3189 2154 3208 2195 :
3247 2152 3352 2194 nec
3381 2136 3524 2192 ullus

1920 2243 2175 2313 deinceps
2220 2239 2415 2296 metuit
2450 2237 2819 2309 aquilonarem
2858 2233 3006 2289 illam
3054 2239 3265 2302 partem
3307 2225 3519 2296 mundi,

1922 2345 2081 2391 nemo
2111 2333 2294 2388 animo
2320 2331 2552 2401 angitur,
2583 2343 2742 2383 nemo
2759 2326 3083 2396 suspicatur,
3101 2321 3196 2378 sed
3219 2317 3521 2376 omnesdc-

1919 2436 2049 2499 gunt
2073 2427 2129 2483 iii
2165 2424 2373 2490 lietitia,
2398 2424 2520 2478 cum
2550 2421 2666 2492 ejus
2691 2419 2902 2474 radices
2931 2415 3111 2471 ﬂxeris
3143 2415 3197 2468 in
3223 2411 3518 2481 voluptate.

1919 2519 2107 2578 Ciuitas
2135 2520 2268 2592 regis
2291 2516 2484 2590 magni.
2527 2517 2584 2572 4.
2614 2513 2752 2568 Deus
2780 2514 2834 2566 in
2862 2510 3094 2566 domibus
3122 2509 3231 2576 eius
3255 2501 3493 2577 cognosci
3501 2534 3520 2548 ο

1919 2624 2021 2678 tur,
2039 2623 2156 2666 cnm
2176 2609 2412 2680 suscipiet
2428 2608 2615 2678 ipsum.
2635 2605 2806 2663 Alius.
2826 2603 3069 2674 Cognitus
3080 2608 3174 2654 est.
3193 2598 3365 2665 Alius,
3385 2594 3520 2650 Deus

1918 2704 1971 2758 in
1999 2703 2149 2774 regiis
2177 2703 2285 2774 eius
2315 2708 2646 2771 cognoscetur
2687 2696 2758 2750 ad
2792 2694 3156 2749 munimentum
3201 2690 3298 2761 (b).
3341 2686 3518 2752 Alius,

1915 2793 2056 2848 Deus
2093 2793 2146 2846 in
2178 2789 2384 2863 palatiis
2425 2793 2535 2860 ejus
2577 2787 2811 2858 cognitus
2839 2791 2911 2840 est
2936 2781 3005 2837 ad
3038 2779 3355 2852 eripiendum
3383 2791 3516 2832 eam.

1988 2875 2044 2938 Ω.
2074 2881 2336 2940 Prmdicat
2375 2881 2492 2951 ejus
2529 2879 2842 2950 dignitatem
2865 2917 2881 2943 ,
2927 2873 3174 2938 laudem,
3219 2884 3514 2935 coronam,

1917 2976 2104 3032 dicens
2129 2991 2142 3028 :
2171 2973 2361 3029 Civitas
2389 2972 2523 3042 regis
2552 2970 2746 3040 magni.
2796 2965 2999 3023 Deinde
3039 2962 3334 3019 ostendens
3377 2974 3517 3030 quo-

1916 3068 2078 3124 modo
2093 3067 2163 3121 sit
2187 3065 2379 3122 civitas
2407 3063 2548 3133 regis
2575 3059 2771 3130 magni,
2804 3056 3074 3128 adjungit,
3103 3052 3244 3108 Deus
3266 3054 3322 3106 in
3346 3051 3518 3105 domt-

1915 3158 2007 3214 bus
2036 3158 2143 3228 ejus
2163 3154 2501 3230 cognoscitur,
2526 3164 2773 3222 magnam
2792 3146 3082 3204 ostendens
3100 3143 3514 3216 providentiam,

1915 3248 2058 3320 quod
2085 3261 2203 3303 eam
2227 3255 2392 3300 totam
2420 3242 2566 3299 omni
2591 3257 2656 3297 ex
2683 3249 2834 3311 parte
2863 3245 3065 3303 servet,
3099 3250 3206 3291 non
3233 3233 3376 3289 illius
3396 3239 3518 3286 tan-

1917 3349 2030 3395 tum
2053 3338 2217 3394 totius
2243 3335 2428 3392 curam
2457 3346 2673 3406 gerens,
2697 3330 2793 3387 sed
2814 3330 2975 3386 etiam
3007 3329 3061 3383 in
3087 3338 3520 3396 unamquamque

1915 3428 2134 3484 domum
2161 3441 2312 3483 suam
2343 3423 2638 3481 ostendens
2678 3419 3094 3493 providentiam.
3154 3415 3323 3472 Nobis
3370 3415 3518 3470 enim

1915 3523 2074 3579 etiam
2104 3520 2307 3590 absque
2332 3531 2398 3574 eo
2423 3526 2511 3573 est
2549 3515 2815 3585 cognitus,
2856 3510 3089 3567 inimicis
3115 3516 3295 3563 autem
3341 3521 3410 3562 ex
3450 3519 3519 3561 eo

1915 3626 2066 3668 suam
2091 3609 2327 3667 ostendit
2350 3608 2624 3682 virtutem.
2644 3605 2913 3674 Tempore
2929 3601 3074 3658 enim
3099 3596 3369 3666 Ezechiae,
3392 3611 3516 3653 cum

1916 3702 2268 3760 barbarorum
2321 3697 2496 3754 nubes
2525 3710 2646 3756 eam
2695 3694 3014 3760 invasisset,
3053 3700 3111 3747 et
3147 3699 3320 3747 totam
3352 3687 3517 3744 veluti

1917 3808 2113 3865 sagena
2160 3789 2637 3855 circumdedisset,
2693 3792 3036 3842 recesserunt
3087 3797 3211 3838 cum
3282 3780 3518 3836 maxima

1918 3899 2136 3941 suorum
2176 3881 2329 3938 clade
2354 3879 2662 3948 relictisque
2701 3875 3052 3954 cadaveribus
3097 3875 3176 3946 (ι.
3221 3873 3352 3944 Reg.
3399 3871 3514 3941 l9).-

1916 3975 2221 4044 Quinetiam
2261 3972 2413 4027 multi
2443 3984 2657 4041 quoque
2681 3968 2771 4022 alii
2803 3967 2856 4022 in
2899 3981 3021 4023 eam
3065 3979 3211 4035 saepe
3251 3963 3515 4034 ingressi,

1919 4065 2208 4138 ignominia
2252 4062 2426 4118 aﬁ‘ecti
2457 4067 2816 4116 recesserunt.
2863 4058 3021 4125 llaec,
3077 4056 3282 4127 inquit,
3332 4054 3517 4109 omnia

1916 4167 2069 4230 gesta
2095 4163 2220 4213 sunt
2255 4156 2353 4212 Dei
2398 4151 2771 4225 providentia,
2820 4163 3049 4218 eamque
3100 4147 3414 4217 praeclaram
3463 4151 3520 4198 et

1919 4250 2181 4320 insignem
2224 4245 2485 4303 fecerunt.
2515 4244 2629 4299 Non
2661 4242 2836 4298 solum
2857 4249 3036 4295 autem
3063 4239 3204 4310 quod
3236 4238 3514 4308 praeclara,

1919 4341 2014 4396 sed
2053 4342 2212 4395 etiam
2240 4337 2382 4409 quod
2423 4337 2558 4392 adeo
2586 4333 2840 4406 praeclara
2864 4331 3002 4387 facta
3027 4331 3132 4394 sit,
3173 4343 3366 4399 magna
3392 4342 3519 4382 eva-

1919 4435 2007 4490 sit.
2034 4435 2087 4490 5.
2121 4432 2373 4498 Quoniam
2409 4446 2522 4485 ecce
2547 4443 2689 4499 reges
2716 4435 2865 4481 terrai
2890 4423 3183 4495 congregati
3216 4431 3358 4486 sunt,
3388 4436 3515 4475 cono

1919 4534 2162 4582 uenerunt
2187 4525 2242 4577 in
2268 4538 2448 4576 unum.
2481 4520 2654 4588 Alius,
2695 4516 2832 4574 Ecce
2876 4517 3010 4571 enim
3055 4530 3198 4589 reges
3244 4513 3408 4571 simul.
3438 4513 3519 4566 in—

1918 4615 2096 4671 structi
2120 4624 2255 4670 sunt.
2275 4613 2328 4668 6.
2356 4611 2382 4665 1
2390 4611 2470 4681 psi
2492 4610 2716 4666 videntes
2735 4609 2833 4675 sic,
2860 4606 3099 4661 admirati
3124 4610 3242 4660 sunt
3257 4645 3272 4670 ,
3302 4613 3514 4657 contur-

1919 4707 2024 4759 ιαιὶ
2043 4712 2176 4769 sunt,
2208 4702 2443 4757 commoti
2466 4709 2622 4756 sunt:
2648 4699 2701 4756 7.
2733 4707 2919 4753 tremor
2943 4696 3282 4767 apprehendit
3306 4711 3412 4750 eos.
3437 4694 3518 4749 lbi

1920 4799 2120 4853 dolores
2137 4807 2190 4850 ut
2203 4795 2549 4866 parturientis,
2565 4793 2618 4849 8.
2632 4793 2682 4846 in
2698 4791 2882 4861 spiritu
2899 4789 3194 4850 uehementi.
3216 4789 3390 4854 Alius,
3415 4787 3518 4843 Per

1919 4898 2118 4943 ventum
2140 4887 2430 4942 violentum.
2458 4884 2631 4951 Alius,
2654 4882 2885 4938 Ardoris.
2905 4879 3142 4936 Conteres
3170 4895 3320 4934 naves
3342 4878 3517 4934 Thur-

1919 4979 2008 5034 sis.
2033 4978 2182 5033 Alius
2207 5019 2221 5044 ,
2253 4969 2574 5047 Confringes.
2609 4973 2864 5029 Hebrmus
2913 4980 3092 5028 autem
3139 4970 3248 5037 ait,
3278 4969 3515 5026 Tliarsis.

1923 5071 2029 5126 Hic‘
2049 5078 2230 5125 narrat
2254 5067 2482 5132 bellum,
2515 5065 2712 5120 bellum
2737 5061 2993 5128 difﬁcile,
3035 5059 3272 5130 undique
3309 5059 3516 5114 conﬁa-

1923 5171 2056 5228 tnm,
2077 5169 2130 5216 et
2149 5159 2431 5214 clariorem
2461 5155 2757 5210 victoriam.
2789 5153 3053 5224 Quoniam
3084 5151 3228 5208 enim
3258 5150 3432 5217 dixit,
3453 5150 3520 5204 il~

1921 5254 2031 5307 lum
2078 5252 2126 5307 ci
2152 5248 2494 5320 patrocinari,
2537 5255 2592 5302 et
2636 5245 2753 5315 ejus
2792 5259 2977 5299 curam
3024 5257 3233 5313 gerere,
3284 5239 3521 5295 ostendit

1922 5346 2173 5412 deinceps
2215 5339 2485 5412 quomodo
2512 5353 2631 5394 eam
2659 5336 2979 5408 susciperet.
3021 5333 3156 5388 Nam
3199 5347 3321 5388 cum
3352 5333 3515 5385 innu-

1921 5435 2208 5494 merabiles
2267 5442 2454 5503 gentes
2492 5445 2609 5484 eam
2655 5428 2975 5483 invasissent
3006 5423 3134 5496 (hoc
3175 5423 3319 5479 enim
3348 5420 3518 5492 signi-

1984 5599 2057 5661 (ii)
2088 5603 2187 5645 Non
2211 5594 2330 5661 satis
2368 5597 2600 5661 accurate.
2626 5585 2799 5636 dicitur
2831 5584 3089 5647 regionem
3127 5589 3378 5632 Persarum
3403 5591 3519 5634 esse

1921 5662 1979 5712 ad
1993 5653 2394 5722 septentrionem
2419 5653 2728 5722 ῐνιιιτιξεδιίηςιε.Δ
2783 5721 2805 5722 η
3001 5711 3040 5722 Α.
3074 5706 3248 5722 __:_‘_
3275 5697 3468 5722 "In":

1984 5701 2561 5783 (is"assistance...
2586 5721 2662 5762 est
2707 5707 2969 5772 synnnachi
2995 5711 3048 5756 οι
3068 5706 3251 5768 sum
3275 5701 3515 5754 εδίυθθλι

1927 5779 2049 5836 ι’ὶιίιέ
2064 5779 2293 5845 llexapla.
