2029 3221
282 182 334 210 219

283 241 343 266 ticat
361 245 408 273 per
421 244 512 272 regum
527 235 751 269 multitudinem),
765 239 793 262 et
812 241 866 261 non
881 232 968 260 solum
992 231 1068 258 inva-

282 284 380 311 sissent
390 303 399 315 ,
410 281 457 309 sed
470 276 550 309 etiam
562 280 712 315 congregati
721 278 806 306 aciem
819 278 1015 309 instruxissent,
1025 284 1069 305 res

280 327 411 364 ejusmodi
424 332 506 363 gestus
524 331 601 360 sunt,
617 330 645 353 ut
660 325 709 361 ipsi
723 325 828 353 abirent
842 323 1015 359 obstupefacti
1034 322 1070 351 ob

281 382 312 402 ea
328 381 388 409 qua:
399 378 474 401 tanto
498 372 625 400 miraculo
643 371 712 399 facta
733 376 803 399 sunt.
824 370 862 398 ita
876 371 946 398 enim
971 369 1068 398 bellum

281 418 480 451 conﬁciebatur,
494 422 524 445 ut
545 418 595 453 ipsi
616 417 727 444 horrore
740 425 773 444 ae
793 421 901 451 torpore
914 417 983 451 pleni
996 424 1070 444 rece-

280 465 375 492 derent
384 484 392 497 ,
405 468 432 491 et
444 471 505 491 cum
515 471 609 499 magna
624 464 705 491 animi
719 463 916 498 perturbatione
925 462 1066 495 resilirent,

282 510 344 538 dum
358 510 433 537 multi
448 517 561 545 paucos,
572 514 599 537 ct
609 510 626 537 ii
641 509 686 544 qui
701 509 808 536 ordines
821 509 1010 541 instruxerant,
1025 508 1063 535 di-

281 556 353 584 visos
372 554 515 586 timerent,
530 561 579 581 nec
591 560 669 581 secus
689 553 859 581 afllcercntur
880 561 958 588 quam
974 554 1070 581 mulier

282 607 341 632 quae
355 600 477 635 parturit.
492 598 568 627 Unde
589 599 691 626 clarttm
711 604 786 633 erat,
801 599 898 627 bellum
912 607 965 626 non
987 598 1069 626 fuisse

281 650 383 679 gestum
403 644 518 672 humano
537 652 629 676 more.
651 644 698 672 sed
715 645 799 672 Deum
825 644 907 672 fuisse
924 645 1019 672 ducem
1042 645 1067 672 in

282 691 473 718 committenda
496 690 598 725 praelio,
610 691 657 726 qui
680 698 733 718 non
743 690 828 718 solum
852 691 962 726 spiritus
975 698 1066 719 eorum

282 735 463 771 deprimebat,
477 735 525 764 sed
539 736 618 764 etiam
630 739 746 764 mentem
759 743 851 763 eorum
865 736 1066 770 conquassabat,

282 781 374 816 eisque
387 781 493 809 dolores
506 781 665 809 imminebat
677 785 705 809 et
716 781 875 809 ineffabilem
890 783 1012 809 timorem
1026 782 1068 809 af-

282 824 384 853 ferebat
399 834 407 853 :
421 833 453 853 ac
465 826 575 861 perinde
584 826 696 859 accidit,
710 833 742 854 ac
755 827 777 853 si
791 833 884 862 magna
897 826 983 854 classe
995 834 1069 854 con-

280 874 398 905 gregata,
412 870 556 898 vehemens
570 875 664 898 ventus
676 871 794 902 irruens.
806 878 899 899 omnes
911 879 991 899 naves
1005 879 1069 899 con-

283 915 400 943 trivisset
410 936 418 948 ,
436 916 556 943 triremes
566 915 751 948 demersisset.
766 923 940 952 magnamque
959 922 1068 951 repente

282 961 506 995 perturbationem
533 961 677 996 injecisset.
709 961 758 989 Hic
775 962 846 989 enim
870 962 935 989 mihi
962 962 1067 990 videtur

282 1013 331 1040 per
342 1006 393 1033 hoc
405 1006 555 1041 exemplum
569 1010 597 1033 et
608 1006 726 1034 victoria:
738 1006 890 1035 facilitatem
902 1028 910 1041 ,
922 1012 949 1035 et
962 1014 1066 1043 pertur-

283 1051 396 1079 bationis
414 1051 622 1087 magnitudinem
644 1052 804 1087 signiﬁcare.
818 1052 883 1080 Nam
908 1053 934 1080 bi
960 1061 1067 1089 quoque

282 1105 342 1124 cum
357 1105 478 1133 magnam
492 1098 603 1126 classem
619 1104 766 1133 parassent,
778 1103 806 1127 et
816 1106 848 1126 ex
858 1099 999 1134 longinqua
1013 1100 1063 1127 ali-

280 1150 332 1177 qua
346 1148 372 1170 et
382 1143 466 1171 aliena
475 1143 581 1178 regione
591 1145 737 1178 venissent,
752 1145 789 1172 ira
802 1145 849 1172 Dei
861 1145 940 1172 veluti
950 1146 1064 1181 quodam

281 1187 432 1214 vehementi
453 1192 533 1215 vento
560 1195 653 1215 omnes
677 1189 821 1224 perierunt.
844 1189 876 1217 Et
899 1189 959 1218 ideo
977 1191 1065 1218 locum

279 1239 384 1266 quoque
395 1232 547 1267 signiﬁcans
567 1233 637 1261 unde
655 1238 802 1267 venerunt,
825 1235 961 1270 subjunxit
982 1236 1064 1269 illud,

279 1276 395 1304 Tharria.
409 1276 447 1305 Ita
459 1278 537 1305 etiam
552 1279 707 1314 signiﬁcavit
720 1280 847 1308 Hebraeus
859 1280 1064 1315 perdietionem,

278 1330 358 1356 qum
372 1327 460 1350 vestra
473 1330 554 1351 causa
567 1323 712 1358 adiecimus
732 1324 759 1351 in
781 1325 894 1353 lectione
913 1330 1063 1354 contextus.

279 1368 327 1394 Vel
339 1367 399 1405 \hoe
410 1375 474 1404 ergo
487 1368 540 1396 dici
554 1373 658 1405 potest,
674 1370 715 1397 vel
736 1370 798 1397 illud
810 1371 881 1406 quod
903 1376 966 1400 ante
991 1372 1063 1407 dixi,

278 1413 500 1447 quemadmodum
523 1422 603 1442 naves
624 1414 735 1443 Tharsis
756 1416 899 1445 vehemens
911 1422 1006 1446 ventus
1028 1419 1066 1446 ir-

277 1466 358 1486 ruens
368 1466 440 1495 saape
457 1460 581 1487 contrivit
596 1470 604 1488 :
620 1461 656 1488 ita
668 1461 748 1489 etiam
770 1463 967 1492 multitudinem
992 1464 1065 1493 illam

278 1504 348 1531 Deus
362 1505 537 1533 conturbavit.
550 1505 578 1532 9.
588 1505 660 1533 Sicut
674 1507 815 1535 audiuimus
827 1529 835 1541 ,
853 1517 888 1536 εκ
911 1509 1018 1537 vidium
1037 1511 1064 1537 in

277 1550 375 1576 ciuitate
389 1549 490 1577 Domini
501 1551 632 1584 uirtutum,
643 1552 670 1578 in
683 1552 781 1579 civitate
792 1552 840 1580 Dei
858 1554 948 1582 nostri.
971 1554 1064 1583 Vidisti

278 1593 414 1627 quomodo
427 1595 534 1629 exponit
541 1595 566 1622 id
573 1595 643 1629 quod
656 1601 697 1623 est
709 1598 842 1631 superius,
852 1597 919 1626 Ben:
926 1599 1043 1628 radicans
1050 1601 1065 1629 Ῑ

280 1638 338 1665 Non
358 1638 422 1666 dixit
436 1640 526 1673 enim,
545 1640 595 1675 Qui
608 1641 677 1670 bene
700 1642 843 1678 radicavit,
863 1644 920 1677 sed,
939 1645 1008 1673 Bene
1021 1652 1064 1673 ra-

277 1684 384 1712 dicant:
400 1684 450 1712 hoc
471 1690 522 1720 est,
541 1687 647 1715 assidue
667 1689 819 1723 providens,
841 1691 948 1719 assidue
971 1699 1063 1720 curam

276 1735 381 1762 gerens,
403 1729 508 1757 assidue
519 1731 651 1760 muniens.
676 1732 818 1768 Postquam
839 1735 910 1762 enim
924 1735 991 1763 dixit
1004 1744 1064 1770 quae

277 1778 340 1801 tunc
359 1775 542 1809 contigerunt,
557 1776 592 1804 ad
604 1784 648 1805 res
673 1778 795 1813 antiquas
807 1780 953 1808 narranda:
970 1789 1063 1809 rursus

276 1820 407 1847 convertit
421 1822 579 1855 orationem,
593 1823 737 1852 ostendens
752 1824 809 1852 haec
821 1824 920 1854 habere
933 1834 994 1854 cum
1010 1828 1063 1855 illis

278 1865 446 1895 afﬁnitatem.
457 1866 522 1900 Qum
534 1868 605 1895 enim
616 1888 624 1902 ,
635 1868 736 1903 inquit,
750 1870 839 1897 verbis
853 1871 1004 1899 audivimus
1012 1893 1021 1905 ,
1031 1880 1062 1900 ea

279 1911 356 1938 factis
369 1911 492 1946 vidimus,
509 1913 632 1941 victorias
644 1914 701 1947 Dei,
718 1919 817 1949 tropaaa
827 1936 835 1948 ,
850 1923 941 1944 curam
955 1924 987 1944 ac
1002 1925 1063 1952 pro-

279 1957 431 1991 \‘identiam,
459 1962 486 1985 et
509 1966 569 1994 quin
587 1960 738 1994 opinionem
766 1967 893 1997 superant
922 1963 1060 1991 miracula.

278 2001 348 2028 Deus
362 2002 433 2029 enim
445 2010 587 2038 numquam
601 2004 742 2032 intermisit
750 2005 807 2033 btet:
814 2006 913 2035 facere.
924 2008 988 2043 Ejus
998 2015 1063 2044 ergo

277 2049 320 2073 est
331 2047 486 2075 et'liberare
498 2055 514 2075 a
527 2048 666 2083 periculis,
682 2054 710 2077 et
723 2050 854 2080 deducere
865 2053 898 2080 ad
911 2053 957 2081 Dei
970 2055 1062 2089 cogui~

278 2090 388 2118 tionem.
404 2091 486 2120 Recte
499 2098 588 2121 autem
602 2094 722 2121 meminit
735 2096 862 2131 propheta
876 2105 969 2126 eorum
979 2121 986 2133 ,
1002 2108 1062 2135 quzn

278 2133 356 2171 longo
367 2141 429 2164 ante
441 2141 559 2172 tempore
577 2138 645 2166 facta
657 2145 729 2168 sunt.
742 2141 885 2176 Oportebat
898 2145 967 2172 enim
990 2133 1018 2173 et
1029 2155 1062 2174 cx

278 2181 414 2209 veteribus
428 2182 632 2216 narrationibus,
646 2189 674 2212 et
687 2193 720 2212 ex
730 2193 824 2214 recens
836 2188 918 2222 gestis
927 2190 1026 2223 doceri,
1036 2196 1065 2219 ut

277 2226 421 2255 crassiores
436 2235 468 2254 ex
488 2228 533 2261 iis,
550 2237 609 2263 quae
628 2230 741 2264 ﬁebant,
756 2231 788 2259 iis
802 2240 908 2269 quoque
921 2242 980 2270 qua:
994 2235 1063 2265 facta

278 2276 355 2299 erant
366 2272 517 2306 crederent,
532 2279 559 2302 et
572 2274 670 2310 duplex
682 2276 784 2304 lucrum
797 2277 926 2312 facerent.
940 2287 1064 2318 essetque

278 2317 317 2344 eis
332 2318 432 2346 auditio
450 2326 500 2354 pro
514 2320 581 2347 visu.
597 2320 665 2348 Deus
680 2322 794 2358 fundauit
807 2332 864 2352 eant
884 2326 911 2353 in
931 2317 1063 2356 attritum.

278 2363 322 2390 to.
335 2363 513 2398 Suscepimus,
529 2365 612 2398 Deus,
636 2368 832 2396 misericordiam
850 2375 920 2398 lnam
933 2372 960 2398 in
982 2375 1063 2401 medio

280 2408 368 2442 populi
377 2409 422 2435 lui.
442 2408 531 2443 Alios,
546 2410 739 2439 Estimmimus
748 2433 756 2445 ,
770 2413 854 2449 Beas,
866 2416 1064 2447 misericordiam

279 2455 348 2477 tuam
361 2452 388 2479 in
400 2453 481 2480 medio
494 2454 581 2489 populi
595 2457 603 2473 ι
612 2457 660 2484 tui.
675 2456 802 2485 Hebraeus
816 2464 919 2493 autem,
933 2461 1064 2491 Ecliulacla

279 2497 420 2525 demmenu.
434 2499 477 2526 Η.
489 2498 634 2527 Secundum
644 2509 734 2529 nomen
744 2507 824 2537 tuum,
840 2504 909 2533 Deus
917 2526 925 2540 ,
941 2508 977 2535 sic
988 2510 1064 2537 etiam

279 2542 336 2568 laus
349 2543 423 2570 fatain
436 2543 499 2577 ﬁnes
509 2548 590 2572 terra.

315 2588 342 2615 3.
354 2587 480 2621 Quoniam
490 2589 602 2622 dixerat.
613 2591 676 2622 Quae
686 2592 845 2625 audivimus.
856 2603 886 2623 ea
899 2600 926 2624 et
939 2597 1063 2634 vidimus,

313 2639 322 2676 ξ
335 2638 399 2676 Deg.
410 2639 457 2676 θςξι
465 2641 548 2676 temij
561 2641 651 2676 (βοῇ),
660 2650 717 2674 quae
727 2647 767 2669 est
775 2651 834 2669 vera
845 2645 929 2672 lectio.
940 2648 1065 2676 Chrysoat.

281 2671 364 2711 tatmeu
385 2671 447 2701 legit
457 2673 542 2703 populi
563 2671 644 2704 (laci)
660 2671 744 2700 contra
765 2677 896 2702 veritatem
910 2671 1066 2711 Hebraicatn;

299 2698 372 2750 P311.
391 2698 463 2744 quod.
479 2698 519 2739 lite
543 2698 713 2748 exprimitur,

290 2751 468 2786 attrxsostomus
483 2751 575 2786 legerit
600 2752 625 2781 in
652 2753 734 2785 priore
754 2755 828 2786 loco,

281 2757 468 2780 unrysostomus
483 2757 575 2783 tegent
600 2760 625 2781 υι
652 2757 734 2785 priore
754 2757 828 2786 loco,
851 2757 937 2789 populi
953 2757 1002 2789 tui,
1023 2766 1065 2784 ae-

281 2780 388 2805 cundum
412 2783 540 2813 exemplar
559 2789 632 2808 suum
660 2792 706 2810 cxx
731 2786 916 2813 lnternrctum.
942 2795 990 2813 non
1011 2790 1065 2813 ausi

787 2791 916 2818 rpretum,
942 2795 990 2814 non
1011 2790 1065 2816 ausi

280 2811 513 2847 sumtislertioue'm
531 2813 638 2839 alterius
654 2811 809 2847 interpretis'
819 2811 896 2843 unius
909 2811 1064 2845 hodie-i571;

280 2840 396 2896 ctorituutte
410 2846 515 2874 mutare,
527 2851 582 2869 cum
595 2846 700 2871 maxime
717 2840 1063 2877 tite’éim"i&tu7.{€.ii'i.ﬁi'a

281 2877 341 2903 [cpe
382 2890 388 2896 .

621 179 649 207 s.
668 177 808 208 JOANNIS
825 172 1059 205 cnnrsosront
1079 173 1239 204 ARCHIEP.
1257 175 1525 207 CONSTANTINOP.

1123 238 1192 257 nunc
1206 231 1270 258 dicit
1282 237 1309 259 et
1320 232 1386 268 quid
1395 226 1527 269 audierit,
1538 241 1566 264 et
1576 236 1643 271 quid
1651 238 1756 266 viderit.
1766 238 1839 273 Quid
1851 247 1913 276 ergo

1121 276 1231 310 audivit,
1242 282 1269 304 et
1280 278 1342 313 quid
1362 280 1445 306 vidit?
1458 280 1534 314 Quod
1551 282 1596 310 Dei
1608 284 1694 318 gratia
1708 284 1800 313 reddit
1818 286 1912 314 civita-

1122 328 1174 350 tem
1185 323 1328 352 ﬁrmiorem
1339 329 1366 352 et
1378 326 1573 355 inconcussam.
1599 329 1657 357 Hoc
1668 335 1711 358 est
1723 332 1797 359 enim
1818 333 1844 360 ei
1856 332 1914 360 fun-

1121 368 1284 402 damentum,
1297 369 1347 397 hoc
1360 371 1451 404 robur,
1464 373 1514 400 hoc
1524 381 1582 400 eam
1595 374 1657 402 facit
1668 376 1914 413 inexpugnabiicn,

1122 420 1173 439 non
1189 414 1310 441 humanae
1321 422 1385 450 opes
1400 418 1570 451 etauxilium,
1587 427 1641 447 non
1655 421 1698 448 vis
1707 430 1915 456 armorum,nec

1121 462 1207 485 turres
1226 463 1253 486 et
1265 460 1376 493 rnceuia;
1388 462 1434 488 sed
1448 463 1532 497 quid?
1547 464 1615 491 Deus
1629 472 1688 492 eam
1702 468 1772 501 regit
1783 472 1812 495 et
1831 469 1916 496 couti-

1122 508 1176 530 net.
1186 504 1240 531 Hoc
1251 506 1321 532 enim
1332 514 1378 533 eos
1387 508 1501 534 maxime
1509 509 1597 536 doceri
1609 512 1739 545 oportuit,
1749 517 1775 539 et
1783 514 1914 548 prupheta

1120 549 1227 576 assidue
1242 550 1300 577 illos
1313 558 1346 578 eo
1356 552 1474 579 deducit.
1487 553 1661 588 Suscepinmt,
1675 555 1758 588 Deus,
1772 558 1916 586 miserit-ur-

1121 595 1189 620 diam
1200 600 1267 621 tuam
1282 597 1307 622 in
1322 598 1402 624 medio
1413 599 1500 633 populi
1514 601 1559 626 tui.
1572 600 1640 633 Quid
1655 606 1707 629 est.
1725 602 1915 638 Suscepintus.’

1121 639 1301 673 Spernvimus,
1316 644 1539 677 exspectavimus,
1551 647 1724 681 cognovimus
1736 652 1812 675 tuam
1824 649 1917 677 huma-

1121 686 1229 713 nitatem
1241 692 1267 714 et
1277 688 1456 717 clementiam.
1472 690 1603 723 Quoniam
1616 692 1688 719 enim
1701 693 1771 721 dixit
1783 715 1791 727 ,
1810 695 1916 723 Funda-

1120 733 1166 764 vit,
1177 733 1313 766 radicavit,
1326 736 1430 767 muniit,
1445 737 1589 765 ostendens
1604 743 1703 766 tantam
1718 740 1916 774 providentia-

1121 786 1171 804 non
1187 779 1317 812 proﬁcisci
1330 788 1361 806 ex
1377 781 1478 809 meritis
1493 789 1586 810 eorum
1598 784 1641 818 qui
1652 791 1713 811 eam
1723 792 1915 822 assequuntur,

1120 824 1165 850 sed
1182 824 1327 858 procedere
1340 834 1372 853 ex
1385 827 1502 855 bonitate
1515 829 1572 863 ejus
1583 829 1627 864 qui
1641 830 1684 857 illa
1704 831 1781 864 facit,
1798 838 1826 860 et
1837 834 1915 862 simul

1121 870 1214 896 volens
1230 870 1323 897 fastum
1336 879 1427 898 eorum
1443 875 1620 908 comprimere
1631 896 1638 907 ,
1653 877 1692 903 sic
1715 877 1845 913 loquutus
1858 886 1914 914 est,

1120 914 1170 941 hoc
1184 916 1373 950 propemodum
1389 918 1494 946 dicens:
1506 920 1570 946 Tuzc
1585 923 1849 952 suntmisericordiu:
1859 927 1915 953 haec

1120 961 1245 994 przcclara
1260 961 1374 989 facinora
1386 984 1393 994 ,
1408 968 1460 990 tua:
1473 964 1573 998 gloriae,
1589 971 1642 993 tute
1656 967 1795 996 bonitatis.
1804 970 1846 997 'Et
1857 971 1915 999 ideo

1118 1006 1271 1040 subjunxit:
1294 1008 1440 1035 Secundum
1463 1018 1551 1037 nomen
1571 1016 1659 1044 tuum,
1682 1013 1762 1047 Deus,
1778 1015 1850 1042 sicel
1861 1017 1916 1044 laus

1120 1056 1160 1077 tua
1175 1055 1200 1078 in
1213 1053 1274 1085 ﬁnes
1283 1058 1363 1080 lerrw.
1380 1054 1459 1087 Laus,
1470 1056 1563 1090 inquit,
1573 1062 1616 1083 tua
1630 1066 1672 1085 res
1681 1058 1749 1086 adeo
1758 1061 1914 1095 praeturas,

1118 1106 1227 1133 magnas
1248 1104 1274 1126 ct
1295 1100 1466 1129 admirabiles
1490 1109 1626 1138 operatur,
1648 1105 1720 1133 adeo
1739 1109 1864 1136 excelsas
1886 1113 1913 1136 et

1117 1144 1256 1180 gloriosas.
1279 1145 1339 1174 Non
1363 1147 1435 1174 enim
1457 1148 1491 1175 ad
1515 1156 1667 1178 mensuram
1690 1159 1785 1180 curam
1806 1155 1913 1189 gessisti

1117 1197 1208 1218 eorum
1219 1199 1288 1227 quos
1301 1192 1432 1221 beneﬁcio
1445 1194 1544 1228 amcis,
1560 1204 1611 1224 nec
1624 1202 1735 1232 propter
1747 1207 1844 1228 eorum
1858 1209 1914 1230 me-

1117 1236 1183 1270 rita,
1208 1237 1255 1265 sed
1278 1245 1327 1273 pro
1340 1242 1383 1265 tua
1408 1240 1600 1274 magnitudine.
1615 1241 1685 1270 Laus
1697 1251 1764 1280 ergo
1789 1251 1845 1279 tua,
1863 1247 1914 1276 hoc

1117 1286 1168 1314 est.
1182 1287 1226 1310 tua
1247 1284 1400 1318 celebratio,
1420 1293 1480 1321 qua:
1505 1294 1538 1314 ex
1563 1288 1690 1322 operibus
1705 1290 1826 1325 profecta
1853 1298 1910 1328 est,

1115 1327 1179 1355 fecit
1194 1332 1222 1355 ut
1235 1329 1361 1363 praeclara
1377 1335 1419 1358 tua
1442 1330 1509 1358 facta
1530 1332 1729 1368 evulgarentur.
1744 1336 1825 1364 Facta
1839 1339 1909 1366 enim

1116 1373 1223 1402 fuerunt
1236 1374 1262 1402 in
1277 1375 1428 1409 Palaestina,
1443 1377 1491 1404 sed
1503 1382 1614 1413 propter
1632 1380 1768 1415 ingentem
1791 1383 1910 1418 ipsorum

1117 1420 1324 1454 magnitudinem
1343 1427 1523 1456 pervenerunt
1540 1423 1572 1451 ad
1598 1430 1733 1455 extremos
1755 1428 1823 1457 ﬁnus
1837 1430 1910 1458 orbis

1117 1469 1248 1493 terrarum
1260 1486 1268 1499 ,
1294 1472 1322 1494 et
1333 1468 1376 1502 qui
1392 1473 1468 1496 erant
1476 1469 1571 1504 procul
1583 1471 1697 1505 remoti,
1723 1480 1755 1501 ea
1776 1475 1909 1504 sciebant.

1116 1510 1182 1544 Quae
1193 1511 1260 1539 facta
1272 1512 1360 1548 itaque
1373 1512 1479 1541 fuerant
1493 1515 1519 1542 in
1530 1514 1648 1551 Egypto
1656 1537 1664 1549 ,
1680 1519 1809 1548 meretrix
1823 1520 1911 1549 Hieri-

1115 1556 1223 1583 cuntina
1235 1557 1335 1584 sciebat
1345 1558 1438 1585 melius
1447 1567 1527 1594 quam
1543 1560 1574 1593 ii,
1589 1561 1634 1595 qui
1645 1562 1823 1593 interfuerant
1839 1565 1908 1601 (los.

1114 1600 1141 1628 2.
1154 1600 1210 1637 10),
1223 1601 1326 1629 Rursus
1335 1610 1395 1637 qua}
1410 1603 1436 1630 in
1450 1604 1590 1631 Palaestina
1604 1613 1759 1642 evenerant,
1773 1609 1793 1636 ii
1802 1600 1911 1646 quoque

1115 1647 1160 1681 qui
1183 1646 1209 1674 in
1224 1655 1333 1682 regione
1354 1648 1494 1676 Persarum
1515 1650 1686 1686 habitabant,
1710 1655 1909 1690 pradicubunt:

1115 1698 1175 1726 qua:
1189 1699 1281 1719 rursus
1291 1698 1364 1728 gesta
1378 1693 1484 1722 fuerant
1496 1694 1524 1722 in
1537 1695 1647 1725 Perside
1656 1718 1663 1731 ,
1677 1705 1808 1728 noverant
1821 1702 1869 1737 qui
1882 1703 1911 1730 in

1115 1737 1242 1765 extremis
1252 1738 1349 1766 finibus
1363 1744 1441 1767 terra:
1451 1741 1576 1776 agebant.
1591 1742 1759 1780 Quapropter
1771 1754 1819 1775 rex
1839 1756 1909 1783 quo-

1114 1791 1167 1818 que
1179 1784 1251 1811 misit
1261 1784 1352 1812 literas
1365 1793 1414 1820 per
1429 1787 1583 1816 universum
1595 1789 1687 1818 orbem
1704 1795 1793 1825 terrae,
1810 1795 1910 1828 prati-

1114 1836 1179 1856 cans
1191 1836 1223 1857 ea
1244 1836 1304 1864 quae
1323 1830 1349 1857 iu
1369 1830 1477 1859 fornace
1492 1839 1637 1861 evenerant
1650 1834 1731 1871 (Dan.
1759 1837 1786 1865 ὅ.
1801 1839 1861 1874 98).
1877 1840 1911 1868 Et

1116 1872 1176 1901 ideo
1190 1873 1233 1901 hic
1244 1881 1350 1909 quoque
1360 1883 1421 1903 eum
1432 1876 1553 1910 dixisset,
1569 1878 1639 1906 Latia
1653 1885 1698 1906 tua
1708 1881 1734 1908 in
1747 1882 1813 1916 ﬁnes
1823 1872 1907 1920 terra,

1115 1918 1251 1955 subiungit
1266 1929 1274 1947 ε
1288 1920 1394 1948 Juuitia
1403 1923 1479 1957 plena
1500 1927 1537 1951 est
1548 1924 1651 1952 dextera
1675 1930 1728 1954 tua.
1743 1928 1825 1962 Quod
1835 1918 1908 1960 enim

1114 1964 1222 1992 assidue
1236 1964 1324 1993 facere
1337 1968 1486 2000 consuevit,
1502 1969 1571 1996 utab
1584 1969 1616 1997 iis
1630 1979 1690 2006 quae
1704 1980 1769 2008 erga
1783 1974 1909 2006 homines

1115 2010 1182 2038 ﬁunt
1195 2012 1322 2039 ascendat
1341 2012 1374 2040 ad
1389 2020 1420 2041 ea
1432 2033 1441 2046 ,
1461 2021 1521 2049 quae
1540 2015 1575 2043 ad
1588 2016 1673 2051 ipsius
1686 2023 1810 2048 neutram
1825 2024 1907 2056 perii-

1115 2060 1195 2090 nent,
1216 2056 1268 2084 hoc
1279 2058 1360 2085 etiam
1375 2058 1438 2086 fecit
1455 2059 1481 2087 in
1497 2062 1643 2095 praesenti:
1657 2071 1711 2091 non
1727 2069 1757 2092 ut
1770 2066 1861 2102 aliqua
1875 2067 1908 2096 ad

1116 2101 1200 2129 Deum
1212 2102 1341 2130 accedere
1354 2107 1400 2148 aut
1413 2103 1447 2131 ab
1460 2111 1493 2132 eo
1506 2106 1634 2135 recedere
1646 2109 1813 2145 cogitemus,
1824 2112 1906 2148 aluit;

1116 2146 1297 2181 sedquoniam
1320 2147 1472 2176 inﬁrmatur
1494 2157 1583 2179 sermo
1606 2156 1634 2181 et
1657 2153 1747 2190 lingua
1771 2146 1905 2194 humana,

1115 2195 1221 2226 oportet
1233 2192 1310 2220 dictis
1324 2192 1379 2221 Deo
1391 2193 1498 2230 dignum
1512 2203 1620 2225 sensum
1635 2200 1763 2229 tribuere.

1151 2236 1256 2265 lautitia
1275 2237 1329 2266 Deo
1342 2239 1460 2267 cohaeret.
1473 2256 1508 2261 —
1521 2242 1588 2276 Quae
1599 2251 1663 2280 ergo
1678 2245 1726 2274 Dei
1739 2252 1845 2277 natura:
1858 2251 1905 2279 ad-

1116 2287 1187 2316 sunt,
1200 2288 1230 2310 ea
1243 2282 1307 2311 dicit
1317 2303 1325 2317 ,
1347 2291 1408 2319 quae
1420 2290 1483 2313 sunt
1503 2286 1562 2321 ejus
1573 2288 1727 2318 substantia
1750 2294 1905 2329 conjuncta.

1116 2327 1242 2360 Quaenam
1255 2333 1345 2356 autem
1358 2337 1389 2357 ea
1409 2331 1491 2358 sunt?
1503 2331 1626 2366 Iustitia,
1646 2335 1746 2371 inquit,
1773 2327 1851 2374 plena
1871 2346 1907 2369 est

1117 2373 1285 2402 uerterat”.
1299 2373 1422 2403 Ostendit
1434 2377 1521 2411 enim,
1541 2385 1574 2406 ea
1598 2387 1659 2415 qua
1684 2381 1751 2410 ﬁunt
1767 2373 1821 2412 non
1847 2393 1907 2416 esse

1116 2425 1148 2445 ex
1162 2419 1263 2447 meritis
1284 2427 1377 2448 eorum
1398 2429 1467 2456 quos
1479 2422 1609 2453 beneﬁcio
1618 2426 1708 2460 afﬁcit,
1724 2429 1773 2457 sed
1797 2438 1833 2459 ex
1858 2439 1906 2461 sua

1116 2462 1280 2498 substantia,
1298 2465 1423 2501 quoniam
1438 2467 1495 2502 ipsa
1509 2469 1568 2504 ejus
1584 2471 1732 2500 substantia
1754 2474 1906 2506 delectatur

1114 2508 1215 2542 justitia
1225 2530 1233 2543 ,
1248 2510 1351 2538 laetatur
1361 2511 1521 2547 benignitate
1532 2518 1561 2543 et
1570 2516 1719 2546 clementia.
1730 2518 1786 2548 Hoc
1798 2527 1840 2550 est
1848 2524 1907 2558 ejus

1116 2561 1200 2588 opus,
1216 2554 1274 2583 haec
1287 2560 1329 2583 est
1349 2556 1406 2591 ejus
1422 2560 1604 2595 consuetudo,
1626 2567 1655 2590 et
1666 2564 1726 2592 idco
1750 2570 1824 2595 tanta
1836 2554 1906 2597 acci-

1117 2599 1224 2634 piebant
1244 2601 1279 2629 ab
1291 2609 1324 2629 eo
1345 2602 1483 2632 beneﬁcia.
1498 2605 1726 2640 Quemadmodum
1750 2612 1822 2640 enim
1838 2613 1906 2650 ignis

1117 2649 1159 2672 est
1170 2646 1318 2675 calefacere
1327 2668 1335 2680 ,
1349 2652 1377 2675 et
1400 2649 1463 2677 solis
1477 2651 1609 2681 illustrare
1624 2663 1632 2681 :
1647 2655 1682 2681 ita
1695 2655 1775 2684 etiam
1788 2646 1906 2693 ejus'est

1116 2689 1294 2726 benefacere;
1309 2693 1362 2721 imo
1376 2702 1440 2722 vero
1452 2703 1486 2724 ne
1497 2697 1536 2724 sie
1550 2698 1657 2733 quidem
1667 2719 1675 2732 .
1689 2701 1736 2729 sed
1757 2689 1836 2739 longe
1850 2713 1905 2733 am-

1117 2737 1195 2772 plius.
1211 2738 1244 2765 Et
1263 2738 1324 2766 ideo
1347 2740 1387 2784 sic
1404 2748 1510 2777 quoque
1528 2742 1617 2771 dixit:
1639 2744 1745 2774 Iustitia
1767 2737 1844 2784 pictus
1870 2757 1906 2780 es:

1117 2781 1220 2809 dextera
1241 2787 1301 2816 tua,
1329 2783 1386 2819 ejus
1412 2786 1594 2821 affluentiam,
1618 2790 1744 2826 illumque
1767 2781 1826 2828 ejus
1846 2804 1905 2825 esse

1119 2826 1273 2856 substantia
1285 2829 1463 2865 conjunctam,
1477 2832 1640 2867 signiﬁcans.
1656 2836 1698 2863 Β.
1712 2826 1824 2866 Lcteiur
1837 2847 1905 2870 non:

1122 2872 1195 2907 Sion,
1212 2879 1235 2901 et
1254 2876 1376 2902 etenim"
1397 2878 1458 2910 Μίαν
1478 2878 1591 2912 Jndtm,
1610 2886 1713 2917 propter
1725 2882 1827 2917 judicia
1846 2891 1905 2921 tua,
