4058 6444
335 402 436 461 221

330 515 566 572 Domine.
603 516 776 584 Alius,
812 516 889 571 0b
909 514 1111 586 judicia
1141 522 1248 570 tua.
1282 514 1369 569 13.
1399 512 1725 569 Circumdate
1764 509 1917 575 Sion,

325 619 375 661 et
397 606 790 679 complectimini
808 623 941 662 eam.
992 607 1165 673 Alius,
1214 604 1283 659 Et
1324 605 1551 659 circuite.
1598 600 1825 656 Narrate
1865 600 1921 654 in

326 697 548 753 turribus
574 699 707 768 ejus.
740 698 912 763 Alius,
937 695 1219 751 Numerate
1242 705 1404 749 turres
1430 696 1558 764 ejus.
1586 693 1755 757 Alius,
1777 690 1919 744 Lau-

325 786 458 841 dute.
484 787 572 844 ιι.
604 787 786 842 Ponite
808 787 964 841 corda
1004 797 1169 841 uestra
1196 786 1251 839 in
1276 786 1459 840 uirtute
1485 784 1615 853 ejus.
1648 782 1819 847 Alius,
1848 778 1917 835 In

324 878 586 933 ambitum.
616 877 787 941 Alius,
830 875 895 931 In
915 876 1300 931 abundantiam.
1325 873 1395 929 Et
1424 873 1710 928 distribuite
1737 871 1915 926 domos

324 968 450 1039 ejus.
482 967 663 1033 Alius,
722 966 1036 1023 Dimetimini
1072 967 1240 1038 regias
1286 967 1415 1036 ejus.
1466 963 1535 1019 Ut
1585 962 1827 1018 ennrretis
1860 961 1915 1015 in

322 1059 562 1131 progenie
595 1059 777 1114 altera.
820 1062 970 1116 Alius
991 1101 1007 1127 ,
1053 1058 1121 1113 In
1161 1060 1482 1130 generatione
1503 1055 1787 1127 posteriori.
1818 1054 1909 1111 15.

326 1149 577 1218 Quoniam
598 1151 681 1204 In'c
699 1160 770 1206 est
800 1150 935 1206 Deus
963 1160 1131 1205 noster
1156 1150 1209 1205 in
1230 1151 1493 1214 secutum,
1517 1157 1562 1202 et
1590 1149 1645 1200 in
1668 1145 1912 1200 steculum

318 1239 513 1293 seculi.
535 1237 660 1310 Ipse
692 1251 828 1307 reget
856 1257 948 1297 nos
993 1241 1048 1297 in
1099 1240 1307 1295 uacula.
1360 1239 1601 1307 Quanam
1629 1236 1698 1292 de
1747 1248 1911 1291 causa

320 1331 437 1387 haec
477 1334 745 1403 pracipit,
772 1334 1003 1390 circuire
1038 1334 1309 1389 civitatem
1329 1372 1346 1397 ,
1386 1344 1672 1387 numerare
1692 1339 1868 1385 turres
1889 1369 1907 1395 ,

317 1423 596 1485 attendere
621 1423 842 1479 aedilicia
865 1465 881 1491 ,
910 1423 1251 1481 considerare
1275 1424 1392 1494 ejus
1418 1421 1672 1478 decorem
1688 1462 1705 1489 ,
1756 1428 1908 1490 septa

316 1520 432 1589 ejus
457 1530 512 1577 et
540 1536 721 1578 muros
749 1532 1061 1593 computare
1078 1562 1096 1590 ,
1127 1520 1318 1577 domos
1345 1528 1401 1576 et
1448 1518 1643 1591 palatia
1689 1516 1903 1583 metiri,

315 1624 420 1666 non
445 1624 579 1681 opus
603 1620 687 1667 est
711 1621 889 1669 nostra
938 1613 1408 1684 interpretatione,
1452 1609 1549 1666 sed
1590 1608 1762 1665 oratio
1790 1608 1906 1677 ipsa

312 1702 544 1773 seipsam
571 1704 823 1774 explicat.
851 1704 985 1760 Cum
1024 1706 1169 1760 enim
1221 1704 1335 1759 haec
1379 1702 1638 1767 dixisset,
1686 1714 1901 1756 causam

311 1806 524 1862 quoque
549 1794 730 1848 statim
781 1793 999 1864 adjecit.
1048 1793 1387 1862 Quamnam?
1439 1791 1508 1847 Ut
1557 1791 1804 1846 enarratis
1847 1790 1903 1844 in

310 1884 547 1953 progenie
572 1884 754 1938 altera.
792 1883 945 1952 Quod
969 1893 1147 1939 autem
1194 1882 1359 1949 dicit,
1417 1880 1723 1952 hujusmodi
1766 1887 1851 1935 est
1881 1895 1898 1935 :

310 1971 640 2043 Impleamiui
668 1975 901 2047 gaudio,
950 1974 1236 2043 laetemini,
1289 1973 1588 2031 exsultetis.
1639 1970 1744 2027 Sed
1792 1985 1898 2025 non

307 2063 496 2120 leviter
517 2080 583 2121 ac
601 2067 791 2131 obiter,
824 2066 920 2122 sed
943 2074 1192 2122 accurate
1215 2072 1270 2121 et
1299 2064 1586 2135 diligenter
1611 2062 1728 2133 ejus
1753 2062 1897 2116 vires

307 2157 604 2228 intelligite.
644 2158 905 2227 Quoniam
932 2160 1075 2215 enim
1115 2158 1215 2214 fuit
1237 2158 1448 2227 diruta,
1477 2159 1728 2229 quoniam
1757 2156 1899 2213 radi-

304 2248 442 2302 citus
467 2250 753 2318 convulsa,
781 2250 1006 2321 ejusque
1030 2251 1205 2305 solum
1231 2248 1617 2320 propemodum
1659 2248 1895 2317 interiit,

303 2346 357 2392 et
383 2336 736 2408 desperarunt
763 2338 879 2396 fore
926 2348 984 2394 ut
1010 2354 1072 2395 ea
1105 2339 1159 2395 in
1189 2339 1385 2395 melius
1414 2348 1731 2405 mutaretur,
1760 2336 1897 2393 adeo

303 2438 360 2484 ut
405 2428 697 2486 dicerent:
746 2431 1001 2486 Aruerunt
1037 2448 1153 2487 ossa
1223 2441 1428 2498 nostra,
1467 2432 1644 2486 lassati
1694 2447 1893 2495 sumus,

301 2523 582 2591 consumpti
606 2538 780 2578 sumus
811 2525 827 2556 ¹
860 2523 1069 2592 (Exerit.
1111 2524 1201 2579 37.
1230 2524 1344 2594 11),
1377 2538 1477 2579 nec
1512 2523 1896 2593 exspectabant

301 2611 416 2667 fore
468 2620 527 2666 ut
566 2628 686 2668 eam
731 2614 1034 2683 reciperent
1082 2632 1098 2671 :
1148 2628 1267 2669 eam
1314 2623 1491 2669 tamen
1549 2622 1889 2684 receperunt,

299 2712 354 2760 et
388 2718 495 2758 non
534 2704 693 2759 talem
741 2705 953 2776 qualem
999 2705 1322 2771 amiserant,
1358 2704 1452 2760 sed
1498 2705 1656 2774 longe
1704 2704 1895 2760 melio-

300 2809 413 2849 rem
429 2835 445 2860 ,
474 2794 756 2849 clariorem
772 2835 789 2861 ,
814 2804 977 2866 atque
1005 2795 1349 2851 illustriorem
1370 2835 1385 2859 ,
1408 2794 1667 2865 majorem
1687 2835 1705 2861 ,
1732 2793 1893 2848 ditio-

299 2897 434 2949 rem,
456 2884 832 2952 potentiorem,
856 2892 912 2940 et
949 2883 1463 2955 tuagniﬂceutiorem
1510 2883 1565 2939 in
1614 2882 1889 2948 aedificiis,

298 2974 350 3030 in
377 2974 542 3030 rebus
584 2975 882 3043 venalibus,
916 2976 970 3031 in
1000 2976 1236 3045 potentia
1257 3016 1272 3041 ,
1298 2975 1354 3031 in
1374 2974 1743 3030 facultatibus.
1772 2973 1890 3029 Erit

299 3065 443 3119 enim
464 3103 482 3126 .
512 3065 717 3136 inquit,
748 3066 931 3121 ultima
957 3066 1119 3136 gloria
1163 3066 1343 3121 domus
1380 3068 1532 3137 hujus
1554 3083 1715 3138 supra
1745 3068 1889 3137 pria-

295 3171 401 3209 rem
428 3155 581 3227 (Agg.
613 3155 670 3210 Ξ.
702 3155 814 3229 10).
847 3156 1174 3213 Adhortatur
1192 3158 1446 3228 populum
1471 3197 1488 3225 ,
1508 3166 1564 3213 et
1604 3172 1889 3228 propemo-

295 3246 423 3303 dum
446 3247 562 3303 hzec
590 3249 718 3304 dicit
746 3266 761 3302 :
793 3247 935 3304 Ecce
958 3248 1074 3303 haec
1092 3248 1281 3303 civitas
1301 3289 1317 3315 ,
1343 3248 1412 3303 de
1436 3262 1541 3319 qua
1568 3257 1685 3303 erat
1712 3247 1888 3303 omnis

293 3353 419 3410 spes
442 3339 670 3411 abiecta,
692 3356 812 3412 qua:
838 3340 1012 3395 diruta
1029 3350 1083 3396 et
1097 3354 1285 3397 eversa
1309 3340 1507 3407 fuerat,
1538 3340 1809 3411 quomodo
1834 3340 1887 3396 in

295 3429 710 3500 splendidiorem
741 3432 977 3502 speciem
1015 3440 1319 3503 statumque
1346 3430 1590 3487 restituta
1613 3431 1738 3487 est?
1762 3430 1889 3486 Haec

293 3535 423 3590 ergo
452 3520 561 3593 ipsa
584 3521 796 3588 discite,
813 3522 928 3592 ejus
951 3522 1377 3587 aediﬁcationem,
1398 3521 1762 3593 splendorem,
1779 3522 1890 3577 cla-

294 3610 530 3678 ritatem,
564 3619 623 3666 ut
645 3626 766 3667 cum
792 3611 917 3667 hinc
939 3611 1032 3667 Dei
1054 3612 1303 3667 virtutem
1333 3611 1629 3680 didiceritis
1646 3650 1662 3677 ,
1692 3626 1889 3682 nempe

294 3717 402 3774 quo
431 3712 589 3773 pacto
628 3718 747 3759 eam
768 3745 784 3771 ,
814 3703 966 3773 cujus
995 3703 1140 3757 nulla
1166 3713 1281 3759 erat
1312 3717 1437 3774 spes
1466 3701 1648 3758 relicta
1666 3744 1683 3769 ,
1713 3702 1888 3772 majo-

294 3810 407 3851 rem
433 3796 636 3861 fecerit,
656 3797 885 3853 narretis
910 3798 1140 3867 posteris
1156 3796 1349 3852 vestris
1369 3796 1461 3852 Dei
1491 3796 1804 3866 potentiam,
1833 3804 1889 3852 et

293 3897 603 3957 perpetuam
659 3886 775 3957 ejus
824 3887 1244 3958 providentiam,
1284 3900 1520 3957 eumque
1568 3886 1739 3942 nostri
1784 3900 1885 3941 cu-

292 3992 407 4033 ram
435 3993 649 4047 semper
682 3992 905 4049 gerere,
944 3992 1043 4033 nos
1080 3992 1299 4048 regere,
1328 3986 1385 4033 et
1426 3976 1737 4033 defendere.
1794 3976 1887 4033 lite

292 4069 435 4124 enim
465 4069 800 4123 narrationes
826 4068 1055 4139 posteris
1071 4083 1282 4139 quoque
1302 4076 1461 4124 erunt
1488 4084 1693 4140 magna
1720 4084 1885 4140 argu-

292 4172 527 4217 mentum
550 4160 901 4232 philosophia:
920 4203 935 4229 ,
967 4172 1021 4217 et
1046 4162 1261 4217 occasio
1287 4162 1645 4223 exactissima:
1672 4162 1764 4217 Dei
1792 4177 1885 4217 co-

291 4254 577 4324 gnitionis,
628 4263 676 4309 et
714 4255 883 4312 studii
914 4254 1144 4310 virtutis.
1175 4254 1533 4321 Quamobrem
1572 4255 1725 4325 jubet
1763 4256 1885 4311 illos

290 4358 409 4400 eam
431 4346 676 4411 circuire,
703 4354 759 4399 ut
784 4345 891 4400 sint
909 4345 1127 4415 perfecti
1143 4345 1392 4401 doctores
1418 4354 1752 4416 posterorum
1782 4344 1879 4419 (a).

364 4437 414 4491 ι.
454 4436 711 4504 Quocirca
738 4451 835 4491 nos
860 4451 1071 4507 quoque
1094 4450 1310 4505 semper
1337 4444 1393 4491 et
1415 4435 1673 4491 continuo
1704 4436 1884 4492 consi-

288 4528 541 4585 derantes
563 4568 579 4596 ,
610 4528 875 4583 civitatem
905 4540 1141 4584 nostram
1169 4528 1466 4584 Jerusalem
1494 4538 1675 4586 mente
1695 4544 1883 4587 verse-

290 4633 443 4685 mus,
486 4634 551 4675 ac
580 4618 1028 4689 pulchritudinem
1058 4620 1175 4690 ejus
1203 4620 1357 4676 nobis
1384 4620 1454 4676 ob
1478 4620 1665 4677 oculos
1694 4636 1885 4691 perpe-

289 4719 381 4764 tuo
420 4725 709 4780 ponamus,
739 4726 857 4781 qua:
878 4710 1038 4781 Regis
1069 4712 1387 4766 stcculorum
1416 4720 1501 4767 est
1528 4712 1841 4782 metropolis
1863 4752 1880 4780 ,

288 4798 341 4854 in
382 4815 483 4870 qua
517 4801 783 4870 justorum
812 4810 939 4857 sunt
967 4801 1214 4871 spiritus,
1239 4802 1388 4857 chori
1422 4804 1842 4874 patriarcharum
1862 4843 1877 4869 ,

287 4891 687 4959 apostolorum,
737 4892 1084 4962 omniumque
1139 4901 1482 4960 sanctorum;
1530 4894 1620 4948 ubi
1670 4893 1882 4949 stabilia

286 4990 411 5035 sunt
452 4988 679 5048 cuncta,
726 4996 833 5037 non
877 4983 1254 5052 praetereuntia
1291 4999 1307 5049 ;
1346 4982 1433 5038 ubi
1460 4984 1883 5054 pulchritudines

284 5080 413 5126 sunt
458 5070 787 5126 immortales
809 5112 824 5133 ,
852 5080 906 5127 et
936 5087 1055 5142 quae
1083 5072 1184 5128 sub
1212 5082 1485 5143 aspectum
1512 5089 1620 5130 non
1646 5075 1878 5143 cadunt,

285 5176 409 5230 quzc
455 5161 584 5216 solis
622 5161 688 5216 iis
729 5161 1025 5218 hereditate
1058 5166 1316 5235 consequi
1346 5166 1503 5234 licet,
1531 5168 1619 5239 qui
1650 5168 1880 5223 caduca-

286 5268 404 5308 rum
444 5262 500 5309 et
538 5252 807 5308 ﬂuxarum
846 5254 1179 5311 saecularium
1215 5272 1463 5313 curarum
1494 5260 1705 5329 penitus
1730 5260 1883 5316 obliti

358 5361 381 5393 ι
434 5358 551 5409 Hec
603 5362 793 5420 verba,
850 5373 940 5413 con

302 5419 462 5489 μεθα).
503 5435 598 5469 non
637 5419 884 5474 habentur
921 5439 1017 5489 apu

300 5488 507 5542 carptus
525 5491 619 5531 est.

366 5540 438 5617 (ft)
466 5540 781 5617 lluﬂaliquot
830 5544 947 5617 llas.
1002 5549 1085 5617 hic
1128 5549 1675 5617 desinit_ex_planatlo,
1718 5554 1885 5607 addita

299 5604 641 5679 YE'JW'FJ'E
680 5604 938 5679 διψευιξν
976 5608 1105 5679 sui“
1146 5609 1262 5679 ipsi-
1300 5604 1486 5679 gloria,
1544 5604 1636 5665 at;
1661 5604 1882 5679 ἀὐτῷίῆ

302 5665 432 5734 {Sf-Ea,
463 5669 560 5713 etc.
591 5665 663 5714 De
684 5665 949 5734 authentia
976 5665 1124 5734 h'ujus
1152 5665 1485 5726 additi'mentl'
1510 5665 1707 5729 dubitat
1744 5665 1882 5728 Sat-i4.

301 5724 437 5799 lius:
467 5727 889 5799 ancepsmhtereor;
938 5724 1061 5799 non-
1084 5734 1316 5787 videntur
1363 5724 1884 5791 tamen—'hmcialicua

302 5796 413 5836 esse
441 5800 467 5836 a
490 5789 619 5849 style
644 5788 996 5852 Chrysastomi.

1089 5368 1123 5414 li
1180 5378 1349 5417 sumus
1412 5368 1536 5432 (Gr.
1600 5373 1887 5433 mpavqltb-

1089 5426 1401 5478 Ezeehielem
1423 5467 1437 5492 ,
1467 5430 1600 5481 unde
1627 5433 1766 5482 locus
1792 5446 1886 5483 ex-

1342 396 1708 457 axrosmo
1745 395 1811 454 IN
1840 392 2168 453 essanun
2212 372 2443 451 XLVlll.

2032 504 2264 573 iuerint,
2315 521 2479 577 opum
2526 504 2732 563 scilicet
2772 520 2837 564 ac
2879 505 3194 567 deliciarum
3217 552 3235 580 ,
3262 511 3633 573 etdamnoea-

2028 614 2148 654 rum
2188 596 2386 653 diaboli
2413 597 2781 669 voluptatum;
2824 599 3116 655 fraternum
3158 611 3337 658 autem
3386 619 3632 665 amorem

2026 698 2084 745 et
2111 686 2527 755 hospitalitatem
2551 703 2676 760 erga
2705 704 2986 760 pauperes,
3003 700 3057 746 et
3071 692 3348 748 caritatem
3373 694 3426 750 in
3442 700 3633 768 proxi-

2025 795 2173 834 mum
2204 780 2256 833 in
2282 779 2399 835 dies
2418 789 2634 850 augent,
2663 789 2821 850 atque
2845 789 3095 850 acceptas
3117 781 3339 851 injurias
3359 800 3426 840 ex
3448 787 3633 842 animo

2024 870 2364 926 condonant:
2411 880 2504 937 ut,
2548 885 2671 925 cum
2716 870 2818 926 hac
2857 871 3068 925 ratione
3112 871 3338 929 honeste
3381 884 3544 943 atque
3573 888 3629 932 ut

2024 960 2137 1016 Deo
2169 970 2448 1032 acceptum
2488 968 2598 1025 est,
2629 960 2791 1015 vitam
2821 961 3250 1029 traduxerimus,
3282 964 3431 1035 regni
3463 965 3629 1021 erelo-

2020 1067 2141 1107 rum
2166 1051 2517 1109 hereditatem
2547 1053 2902 1123 accipiamus,
2928 1054 2980 1108 in
3009 1053 3127 1123 ipso
3153 1052 3370 1109 Christo
3402 1056 3629 1112 Domino

2020 1151 2209 1198 nostro
2227 1185 2242 1211 ,
2265 1143 2352 1198 cui
2380 1144 2547 1215 gloria
2574 1153 2629 1199 et
2650 1145 2935 1214 imperium
2961 1160 3063 1199 una
3095 1160 3217 1200 cum
3244 1145 3403 1203 Patre
3431 1156 3486 1202 et
3507 1147 3630 1219 Spi-

2018 1233 2125 1288 ritu
2163 1244 2350 1290 sancto
2372 1276 2387 1300 ,
2432 1250 2575 1291 nunc
2620 1246 2674 1292 et
2714 1250 2963 1307 semper,
2996 1245 3052 1293 et
3080 1237 3135 1294 in
3172 1239 3371 1295 sucula
3397 1242 3628 1298 uinculo;

2016 1337 2160 1378 rum.
2186 1325 2382 1380 Amen.

2471 1394 2539 1451 IN
2568 1394 2896 1453 PSALMUII
2927 1396 3160 1453 XLVIII.

2136 1484 2191 1539 1.
2220 1483 2286 1539 In
2314 1486 2467 1556 ﬁnem
2492 1488 2616 1557 ﬁliis
2634 1487 2784 1543 Core.
2815 1489 2967 1545 Alius
2989 1492 3100 1561 (a).
3128 1489 3497 1564 Triumphalis.

2011 1591 2067 1649 2.
2101 1595 2287 1651 Audite
2322 1598 2430 1652 hac
2450 1639 2467 1667 ,
2508 1614 2681 1655 omnes
2722 1609 2912 1672 gentes.
2938 1600 3125 1667 Alius,
3153 1603 3338 1659 Audite
3365 1604 3480 1661 Itoc.
3512 1606 3620 1662 Au-

2082 1686 2222 1740 ribus
2260 1690 2535 1759 percipite,
2577 1705 2752 1745 omnes
2789 1693 2877 1759 qui
2917 1692 3155 1748 habitatis
3198 1694 3387 1749 orbem.
3427 1696 3616 1765 Alius,

2080 1775 2331 1832 lntimum
2361 1776 2708 1836 Occidentem.
2734 1782 2918 1848 Alius,
2952 1784 3296 1840 Occidentem.
3321 1785 3578 1845 llebrmus
3595 1829 3617 1857 ,

2084 1868 2206 1923 Old.
2249 1871 2304 1926 5.
2350 1872 2549 1943 Quique
2585 1876 2851 1946 terrigena
2872 1885 2920 1931 et
2957 1876 3053 1942 lilii
3092 1878 3375 1935 hominum.
3422 1883 3575 1939 Alius
3599 1926 3615 1950 ,

2078 1960 2253 2016 Etiam
2277 1962 2555 2019 hnntunum
2599 1982 2779 2035 genus,
2810 1978 2857 2022 et
2887 1979 3132 2040 prwterea
3157 1972 3255 2040 ﬁlii
3280 1975 3617 2045 uniuscujus-

2077 2070 2174 2126 que
2216 2056 2329 2109 viri.
2373 2053 2548 2113 Simul
2597 2059 2652 2113 in
2699 2075 2857 2114 unum
2902 2062 3042 2117 diues
3080 2072 3128 2117 et
3164 2080 3381 2135 pauper.
3423 2067 3614 2138 Alius,

2080 2145 2302 2203 Pariter.

2078 2239 2132 2294 l.
2171 2239 2358 2311 Magna
2402 2240 2646 2313 qumdam
2679 2254 2735 2299 et
2758 2258 2951 2300 arcana
2982 2230 3304 2305 nobis'nunc
3332 2259 3416 2307 est
3438 2254 3615 2309 dictu-

2003 2342 2097 2383 rus
2115 2329 2406 2400 propheta.
2433 2331 2617 2403 Neque
2632 2335 2774 2389 enim
2798 2346 3060 2407 quotquot
3078 2349 3204 2393 sunt
3229 2340 3426 2412 ubique
3444 2354 3614 2400 terra-

2004 2435 2124 2474 rum
2163 2421 2232 2475 ad
2270 2422 2593 2478 audiendum
2632 2436 2910 2496 vocasset,
2955 2444 3055 2484 nec
3091 2430 3255 2485 totius
3283 2433 3429 2488 orbis
3456 2434 3609 2490 thea-

2004 2519 2144 2566 trum
2174 2514 2487 2580 excivisset,
2517 2515 2621 2571 nisi
2662 2532 2915 2588 magnum
2942 2518 3069 2589 quid
3095 2531 3145 2576 et
3171 2522 3489 2592 pratclarum
3512 2566 3527 2592 ,
3556 2535 3613 2581 et

2006 2605 2137 2658 tanti
2181 2614 2477 2661 conventus
2514 2609 2883 2678 magnitudine
2924 2611 3144 2680 dignum
3171 2612 3326 2668 nobis
3351 2624 3497 2670 esset
3524 2615 3611 2671 di-

2001 2702 2205 2749 cturus.
2249 2694 2434 2766 Neque
2468 2698 2611 2752 enim
2658 2699 2886 2769 amplius
2929 2701 3165 2773 loquitur
3201 2713 3257 2757 ut
3283 2696 3611 2776 prophetaus

1998 2785 2200 2842 Judazis
2238 2788 2324 2858 qui
2368 2787 2711 2845 Palaestinam
2758 2789 3033 2860 habitant,
3067 2793 3163 2849 sed
3191 2795 3351 2850 veluti
3392 2796 3607 2867 quidam

1998 2876 2274 2945 apostolus
2314 2886 2369 2932 et
2408 2878 2735 2949 evangelista
2770 2880 2836 2935 ad
2885 2897 3102 2939 omnem
3135 2884 3423 2941 humanam
3452 2896 3610 2943 natu-

1999 2983 2115 3023 ram
2155 2968 2336 3040 dirigit
2360 2970 2680 3027 orationem.
2712 2971 2822 3028 Lex
2851 2975 2994 3029 enim
3027 2990 3134 3031 uno
3161 2978 3214 3031 in
3237 2976 3385 3033 orbis
3412 2984 3611 3051 angulo

1996 3076 2160 3115 unam
2206 3071 2419 3132 gentem
2458 3062 2688 3119 docebat
2732 3082 2747 3119 :
2790 3080 2970 3121 sermo
3004 3077 3182 3123 autem
3209 3067 3609 3139 prwdicationie

1998 3150 2201 3221 ubique
2250 3160 2515 3208 terrarum
2562 3156 2837 3224 resouuit,
2879 3166 2935 3213 et
2976 3158 3213 3229 scipsum
3243 3161 3518 3229 extendit,
3548 3173 3609 3219 ut

1996 3240 2087 3310 qui
2121 3251 2318 3297 tantam
2358 3245 2657 3312 pervaserit
2686 3246 2957 3314 regionem
2988 3257 3240 3318 quantam
3266 3250 3349 3306 sol
3382 3266 3606 3321 percur-

1995 3333 2086 3388 rit.
2127 3334 2222 3389 llla
2259 3336 2404 3391 enim
2442 3344 2597 3392 erant
2625 3337 2960 3409 pmdagogica
2987 3340 3231 3411 quadam
3263 3343 3525 3400 institutio
3548 3354 3607 3402 et

1997 3425 2353 3481 ministerium
2393 3426 2858 3485 condemnationis
2899 3437 2955 3486 et
2997 3432 3186 3488 mortis
3224 3449 3240 3488 :
3275 3433 3391 3489 hinc
3423 3445 3603 3491 autem

1996 3516 2164 3585 gratia
2204 3525 2258 3571 et
2299 3532 2421 3587 pax.
2459 3518 2721 3585 Quoniam
2749 3535 2882 3592 ergo
2905 3523 3220 3579 convocavit
3245 3538 3408 3581 omne
3432 3540 3601 3597 genus

1997 3609 2063 3663 ad
2094 3609 2419 3665 audiendum
2440 3651 2457 3677 ,
2490 3626 2589 3666 nos
2610 3628 2823 3683 quoque
2848 3612 2936 3669 hic
2962 3613 3221 3682 adsimus,
3249 3626 3304 3672 et
3328 3617 3605 3675 videamus

1995 3700 2121 3771 quid
2166 3703 2279 3757 vult
2322 3702 2475 3757 nobis
2498 3702 2678 3759 dicere
2710 3704 3151 3777 psalmographus
3170 3747 3185 3771 ,
3212 3702 3301 3779 qui
3330 3712 3602 3767 communi

1997 3790 2272 3848 hominum
2300 3794 2483 3861 generi
2511 3804 2726 3865 prteest.
2760 3794 2908 3851 Licet
2930 3812 3061 3868 ergo
3090 3798 3199 3853 sint
3223 3799 3458 3865 barbari,
3478 3802 3608 3859 licet

1994 3884 2295 3953 sapientes,
2346 3884 2468 3941 licet
2518 3886 2746 3956 privati,
2788 3888 2947 3958 jubcs
2991 3903 3182 3946 omnes
3228 3906 3328 3947 eos
3367 3892 3610 3951 adesse?

1995 3976 2171 4032 Etiam
2192 4017 2206 4043 ,
2236 3978 2423 4048 inquit.
2449 3978 2520 4033 Et
2546 3979 2667 4034 ideo
2689 3980 2949 4051 incipiens
2973 3998 3190 4052 quoque
3211 3983 3343 4038 dixit
3368 4002 3382 4038 :
3411 3986 3610 4042 Omnes

1992 4079 2202 4139 gentes;
2228 4076 2283 4123 et
2307 4084 2493 4125 rursus
2520 4070 2868 4141 amplificavit
2896 4076 3195 4130 orationem
3222 4074 3407 4132 dicens
3438 4094 3452 4132 :
3476 4077 3605 4146 Qui-

1992 4177 2090 4234 que
2129 4163 2392 4233 terrigena.
2433 4172 2481 4217 et
2528 4163 2625 4232 ﬁlii
2662 4164 2962 4231 hominum,
3006 4180 3207 4221 vocans
3244 4182 3406 4224 omne
3429 4184 3602 4240 genus

1993 4255 2291 4311 hominum.
2326 4256 2485 4325 Papa:
2513 4272 2634 4327 quas
2672 4256 2946 4312 doctrina!
2980 4272 3138 4328 quam
3167 4268 3251 4314 est
3274 4269 3397 4331 apta
3427 4262 3605 4317 omni-

1992 4345 2094 4401 bus
2128 4357 2182 4402 et
2222 4346 2555 4402 communis!
2602 4346 2671 4402 Et
2705 4346 2825 4402 ideo
2851 4361 2957 4403 non
2993 4348 3168 4403 solum
3194 4360 3349 4407 vocat
3372 4367 3597 4420 omnes,

1992 4437 2086 4493 sed
2129 4453 2323 4508 magno
2366 4438 2546 4493 studio
2572 4446 2629 4493 et
2650 4437 2929 4509 diligentia
2955 4440 3107 4508 jubet
3130 4455 3226 4496 eos
3256 4441 3343 4497 illa
3370 4459 3491 4513 qua:
3514 4443 3600 4499 di-

1990 4536 2185 4583 cuntur
2210 4528 2505 4584 attendere.
2535 4528 2651 4584 Non
2681 4529 2855 4584 solum
2880 4531 3024 4585 enim
3056 4530 3220 4597 dixit,
3252 4532 3436 4588 Audite
3464 4535 3599 4603 haec,

1992 4635 2163 4673 omnes
2205 4630 2417 4691 gentes;
2454 4620 2548 4675 sed
2590 4620 2751 4675 etiam
2773 4661 2789 4688 ,
2820 4621 3041 4676 Auribus
3068 4623 3333 4694 percipite.
3360 4625 3602 4685 Auribus

1992 4713 2270 4782 percipere
2299 4721 2477 4768 autem
2506 4712 2635 4767 nihil
2667 4723 2752 4769 est
2775 4714 2917 4769 aliud
2944 4730 3103 4786 quam
3130 4717 3417 4788 diligenter
3440 4728 3599 4774 etat-

1994 4813 2138 4860 tcute
2166 4805 2373 4859 audire.
2406 4805 2640 4861 Auribus
2669 4806 2812 4861 enim
2836 4806 3113 4876 percipere
3139 4806 3190 4861 id
3222 4810 3436 4879 proprie
3461 4807 3600 4866 dici-

1992 4904 2080 4951 tur
2099 4937 2113 4962 ,
2146 4898 2359 4968 quando
2384 4897 2503 4968 quis
2532 4911 2663 4952 aure
2682 4897 2796 4952 auri
2817 4896 3029 4953 admota
3051 4896 3307 4969 loquitur,
3330 4899 3604 4971 scipsum~

2054 5049 2128 5112 (α)
2165 5056 2492 5122 Interpretum
2515 5052 2711 5100 nomina
2736 5050 2863 5122 διῖμά
2906 5052 3047 5101 Savil.
3074 5051 3151 5122 ad
3167 5064 3321 5117 marg.
3347 5061 3595 5107 notantur.

1989 5118 2168 5161 Verum
2192 5120 2276 5175 aut
2296 5112 2474 5168 codex,
2500 5126 2599 5175 quo
2622 5125 2740 5175 usus
2764 5112 2849 5161 ille
2869 5123 2964 5175 est,
2990 5114 3183 5164 mendis
3203 5112 3383 5175 sca'tet,
3409 5124 3493 5167 aut
3510 5131 3601 5168 no-

1990 5180 2068 5240 ta_s_
2088 5173 2431 5240 Hexaplorum
2459 5172 2555 5240 non
2582 5174 2828 5240 intellexit
2849 5172 2955 5223 ille.
2982 5176 3227 5240 Siquidem
3271 5172 3404 5240 prior
3428 5178 3598 5238 lectio,

1990 5234 2142 5294 Alius,
2171 5252 2193 5309 ς
2216 5233 2597 5309 j‘riwnpltqlis,»
2629 5235 2755 5309 apud
2774 5238 2929 5309 ipsum
2952 5233 3113 5309 senta;
3128 5233 3329 5309 Editio'ni
3347 5233 3598 5309 tribuitur,

1989 5310 2102 5359 qua:
2122 5305 2199 5346 est
2218 5296 2495 5363 Symmachi,
2524 5304 2579 5346 ut
2602 5296 2769 5347 videas
2790 5296 2841 5347 iu
2867 5299 3100 5363 Hexaplis
3131 5303 3328 5350 nostris.
3354 5303 3431 5352 sic
3464 5296 3599 5353 enini

1990 5356 2076 5428 ille
2100 5356 2456 5437 soleh'mim5
2482 5382 2703 5429 vertere.
2740 5378 2866 5429 Infra
2912 5356 3033 5431 vero
3077 5381 3223 5443 illud,
3268 5381 3598 5445 occidentem,

1991 5450 2119 5516 quod
2139 5450 2205 5516 ab
2228 5452 2332 5516 ipso
2349 5448 2735 5516 sextaefditioni
2774 5450 3021 5516 tribuitur,
3061 5458 3141 5501 est
3176 5451 3358 5516 Aquilae
3393 5459 3447 5504 et
3468 5460 3600 5516 Sym-

1992 5509 2167 5578 machi,
2192 5509 2259 5578 ut
2270 5513 2316 5578 in
2342 5509 2572 5578 tlexaplis
2586 5511 2766 5578 nostris
2791 5512 2975 5571 videas,
2992 5521 3045 5562 et
3060 5520 3165 5562 uss.
3183 5509 3474 5567 auctoritate

1992 5570 2159 5644 batur.
2179 5573 2295 5645 Illud
2320 5584 2457 5641 vero,
2468 5570 2650 5650 :etitu-n‘
2673 5571 2955 5650 humanum
2975 5587 3143 5650 genus.
3168 5582 3214 5625 et
3243 5570 3599 5650 premerem/ili

1992 5635 2368 5695 uniuscujusque
2388 5635 2715 5695 pirihnotatur
2736 5635 2863 5695 apud
2908 5636 3050 5684 Savil.
3079 5640 3141 5687 θ’.
3168 5653 3217 5688 θ.
3243 5635 3383 5701 quasi
3404 5635 3601 5689 scilicet

2001 5705 2139 5762 esset
2170 5704 2488 5762 septuaginta
2516 5702 2853 5762 litterpretum
2886 5708 2942 5762 et
2973 5702 3361 5762 'l'heodotiouis;
3400 5703 3489 5752 sed
3515 5708 3597 5755 est

2001 5757 2304 5821 Symmachi,
2331 5766 2383 5811 ut
2410 5758 2580 5813 videas
2604 5757 2670 5811 iu'
2690 5760 2930 5826 llcxaplis
2962 5761 3164 5814 nostris.
