4058 6444
467 409 569 467 2‘23

465 543 569 594 que
595 535 649 579 et
677 523 818 578 illum
845 521 988 588 jubet
1015 517 1265 571 adhibere
1296 515 1527 568 animum
1556 513 1618 566 iis
1642 510 2040 582 qur-dicuntur.

469 615 686 669 Auribus
731 611 1004 681 percipite,
1035 623 1204 661 omnes
1233 605 1317 675 qui
1344 605 1578 658 habitatis
1607 603 1794 654 orbem.
1829 597 2047 652 Etiamsi

467 705 555 772 qui
581 744 597 770 ,
647 701 846 772 inquit,
889 713 992 752 non
1030 696 1332 752 referuntur
1372 694 1423 747 in
1462 706 1739 746 numerum
1778 689 2044 759 gentium,

468 793 563 854 sed
587 802 713 850 sunt
740 792 914 857 misti,
941 799 995 845 et
1019 788 1244 858 dispersi
1275 787 1546 851 nomades,
1575 798 1670 840 eos
1690 797 1899 854 quoque
1916 796 2047 836 voco

469 884 536 939 ad
566 882 908 937 audiendum.
938 882 1070 937 Vide
1096 880 1483 935 concionatoris
1512 879 1844 948 prudentiam
1869 877 1907 929 ¹.
1934 875 2052 930 Pri-

468 990 612 1029 mum
653 988 836 1030 eorum
890 974 1122 1027 animum
1180 971 1466 1037 excitavit,
1513 979 1568 1026 et
1623 971 1792 1025 erexit
1841 967 1907 1023 ad
1951 983 2045 1022 au-

468 1064 753 1127 diendum,
800 1079 865 1118 eo
902 1062 1041 1131 quod
1081 1075 1268 1116 omnes
1314 1061 1469 1114 simul
1511 1060 1793 1114 vocaverit.
1843 1058 2046 1114 Deinde

469 1163 746 1225 postquam
778 1153 1014 1217 vocavit,
1042 1153 1234 1207 fastum
1262 1166 1447 1204 eorum
1478 1149 1806 1218 comprimit,
1837 1164 1903 1201 ne
1925 1163 2051 1218 pro-

471 1251 590 1312 pter
618 1236 1004 1296 multitudinem
1032 1240 1084 1293 in
1115 1241 1465 1309 arrogantiam
1495 1237 1801 1294 oderantur.
1836 1239 2049 1293 Talibus

471 1335 614 1389 enim
664 1334 893 1388 maxime
930 1332 1257 1386 auditoribus
1281 1345 1415 1402 opus
1442 1341 1558 1396 est,
1591 1329 1803 1400 quando
1826 1332 1944 1399 quis
1968 1340 2050 1384 est

471 1424 632 1478 verba
671 1423 902 1478 tacturus
929 1438 1049 1494 qua:
1079 1423 1145 1477 ad
1170 1422 1399 1477 studium
1426 1423 1698 1492 sapientiae
1719 1423 2047 1491 pertineant,

472 1528 663 1583 nempe
704 1512 979 1580 contritis,
1020 1513 1324 1582 compositis
1365 1513 1513 1567 etab
1537 1513 1680 1567 omni
1711 1512 1846 1566 fastu
1872 1526 1934 1566 ac
1964 1521 2049 1565 tu-

474 1618 622 1657 more
662 1603 858 1656 liberis.
886 1603 1159 1671 Quomodo
1185 1617 1311 1673 ergo
1349 1602 1580 1657 ferocem
1604 1617 1786 1657 eorum
1813 1602 2046 1656 animum

473 1697 835 1768 compescuit?
872 1695 1126 1751 Naturam
1166 1697 1220 1750 in
1245 1697 1556 1752 memoriam
1584 1710 1860 1751 revocans.
1894 1696 2054 1750 Pes:-

476 1802 633 1856 quam
675 1785 815 1841 enim
844 1786 995 1852 dixit,
1023 1784 1223 1853 Gentes,
1253 1786 1552 1855 subjunxit,
1580 1786 1772 1856 Quique
1790 1787 2053 1857 terrigenis

474 1889 522 1932 et
561 1878 655 1946 ﬁlii
679 1879 960 1932 hominum.
989 1878 1130 1932 Dixit
1149 1878 1494 1934 substantiam
1527 1894 1591 1934 ex
1620 1893 1721 1949 qua
1746 1885 1830 1935 est
1853 1879 2052 1948 princi-

475 1971 620 2040 pium
660 1977 856 2024 nostra:
896 1971 1280 2040 generationis,
1310 1985 1643 2025 communem
1670 1972 1906 2027 omnium
1933 1986 2048 2025 ma-

476 2067 611 2115 trem
643 2061 909 2115 revocavit
952 2062 1004 2114 in
1044 2062 1370 2117 memoriam.
1414 2062 1478 2117 Et
1521 2077 1686 2132 quare
1728 2063 1886 2127 dixit,
1925 2061 2052 2116 Filii

479 2151 777 2206 hominum!
805 2150 935 2218 Quia
957 2151 1162 2206 dixerat
1190 2153 1480 2224 terrigenas
1498 2193 1514 2218 ,
1543 2167 1610 2206 ne
1639 2153 1756 2223 quis
1775 2153 2051 2207 existima-

478 2251 596 2305 ret,
638 2249 696 2295 ut
719 2241 902 2295 volunt
939 2241 1225 2314 mytlnologi
1245 2282 1262 2307 ,
1307 2242 1552 2299 homines
1581 2242 1648 2296 ab
1673 2243 1821 2297 initio
1849 2259 1880 2298 e
1908 2251 2047 2297 terra

477 2332 800 2402 pullulasse,
853 2333 1296 2402 quemadmodum
1343 2335 1580 2389 nonnulli
1629 2333 1843 2391 fabulati
1887 2344 2049 2404 sunt,

475 2423 730 2493 quosdam
755 2434 870 2478 satu
887 2425 1056 2480 editos
1076 2425 1384 2480 introducen
1395 2433 1473 2481 tes
1491 2465 1506 2489 ,
1535 2434 1811 2495 prepterea
1833 2426 2052 2495 subjun-

477 2515 585 2579 xit,
611 2513 734 2568 Filii
759 2517 1035 2570 hominum.
1066 2516 1251 2571 Patres
1273 2517 1413 2570 enim
1441 2516 1590 2571 vobis
1619 2526 1742 2571 sunt
1768 2516 2010 2570 homines
2034 2534 2048 2571 :

479 2605 796 2672 principium
826 2614 1002 2659 autem
1027 2606 1381 2674 generationis
1407 2604 1556 2660 vobis
1582 2614 1636 2660 et
1655 2606 1757 2660 illis
1783 2614 1920 2660 terra
1948 2614 2048 2661 est.

480 2693 616 2759 Quid
643 2709 769 2763 ergo
792 2695 1011 2763 superbit
1034 2704 1165 2748 terra
1193 2704 1237 2749 et
1265 2695 1392 2750 cinis
1416 2694 1602 2764 (Eccli.
1632 2695 1718 2750 10.
1740 2694 1840 2766 9)?
1867 2693 2051 2766 Cugita

476 2783 615 2851 apud
638 2791 690 2837 te
711 2799 954 2852 quaenam
982 2785 1052 2839 sit
1075 2792 1246 2840 mater
1274 2794 1391 2849 tua,
1420 2793 1472 2840 et
1498 2785 1688 2839 fastum
1712 2786 2003 2856 comprime
2032 2803 2045 2840 :

478 2875 613 2927 altos
654 2874 869 2943 spiritus
915 2874 1167 2930 conculca
1203 2890 1266 2930 ac
1293 2875 1568 2945 deprime:
1598 2877 1870 2931 considera
1902 2877 2052 2941 Quod

475 2976 607 3017 terra
634 2980 706 3031 es,
722 2977 767 3017 et
791 2966 842 3019 in
871 2973 1054 3019 terram
1070 2967 1327 3019 reverteris
1357 2966 1506 3038 (Gen.
1540 2968 1594 3022 3.
1624 2965 1733 3038 19),
1763 2977 1814 3022 et
1839 2982 2050 3022 omnem

475 3055 826 3123 arrogantiam
867 3055 1092 3124 expelle.
1134 3055 1244 3110 Tali
1283 3056 1424 3111 enim
1467 3056 1597 3110 mihi
1640 3057 1879 3112 auditore
1916 3071 2050 3126 opus

473 3155 572 3199 est.
612 3146 734 3201 Ideo
762 3155 812 3201 te
837 3146 1077 3200 sedatum
1108 3147 1272 3202 reddo
1301 3163 1362 3202 ac
1386 3149 1733 3218 compositum
1754 3191 1770 3217 ,
1798 3158 1857 3204 ut
1886 3159 1936 3204 te
1961 3165 2052 3204 ac-

473 3235 663 3303 cipiam
697 3244 873 3304 aptum
906 3235 970 3290 ad
993 3252 1053 3290 ea
1075 3252 1191 3307 qua:
1215 3237 1463 3292 dicuntur
1488 3238 1843 3308 suscipienda.
1878 3239 2050 3295 Simul

472 3328 523 3378 in
553 3342 711 3379 unum
740 3326 874 3380 diues
901 3336 944 3379 et
961 3343 1171 3397 pauper.
1206 3328 1391 3383 Vidisti
1417 3329 1743 3386 nobilitatem
1774 3330 2046 3385 Ecclesiae.

472 3413 666 3480 Quidni
703 3415 843 3469 enim
873 3415 1230 3484 nobilitatem,
1269 3418 1479 3487 quando
1509 3418 1579 3474 ob
1602 3419 1920 3476 conditionis
1947 3421 2049 3476 dif-

476 3504 748 3558 t‘crentiam
779 3520 883 3558 non
911 3514 1056 3559 arcet
1079 3506 1396 3573 auditorem,
1425 3508 1519 3563 sed
1537 3509 1778 3564 universa
1805 3511 2046 3567 doctrina

470 3609 536 3647 ex
586 3609 737 3661 :equo
788 3594 1150 3663 profunditur,
1190 3607 1242 3653 ct
1288 3599 1538 3668 pauperi,
1585 3609 1638 3655 et
1681 3599 1829 3655 diviti
1865 3617 2047 3657 mensa

470 3684 767 3738 communis
810 3684 1126 3740 exhibetur?
1165 3687 1447 3758 Postquam
1487 3691 1628 3744 enim
1669 3690 1802 3745 dixit
1827 3691 1877 3746 id
1906 3693 2048 3761 quod

468 3791 658 3835 omnes
699 3779 848 3843 nuit,
893 3792 986 3832 eos
1027 3778 1275 3835 videlicet
1318 3795 1436 3836 esse
1464 3783 1796 3852 terrigenas,
1825 3791 1878 3838 et
1903 3782 2043 3839 ﬁlios

473 3866 778 3934 hominum,
827 3876 881 3922 et
922 3882 1254 3924 communem
1309 3884 1427 3926 esse
1477 3880 1716 3927 naturam
1765 3873 2040 3928 ostendit:

471 3965 596 4011 tunc
637 3971 754 4025 qua:
798 3971 861 4010 ex
904 3957 1062 4012 rebus
1090 3959 1433 4015 secularibus
1461 3961 1734 4016 videbatur
1759 3977 1878 4019 esse
1897 4004 1912 4027 ,
1941 3963 2045 4019 dii-

470 4040 741 4100 terentiam
771 4053 825 4102 et
849 4048 1253 4118 inaequalitatem
1274 4051 1512 4107 oratione
1537 4052 2044 4122 ejicitcommuniter

469 4155 654 4194 omnes
691 4155 886 4195 vocans
934 4159 948 4196 Ξ
996 4148 1078 4197 881
1105 4143 1247 4197 enim
1275 4146 1570 4199 communis
1598 4153 1776 4200 nostra
1804 4157 1989 4202 natura
2023 4167 2038 4203 Ξ

469 4231 831 4285 Communiter
861 4246 1045 4286 omnes
1066 4248 1236 4299 voco;
1267 4236 1564 4290 communis
1592 4237 1732 4290 enim
1761 4247 1937 4293 nostra
1965 4241 2040 4293 ci-

471 4320 602 4373 vitas
646 4330 727 4374 est
765 4321 907 4376 orbis
949 4333 1210 4378 terrarum
1254 4323 1390 4397 (Act.
1420 4326 1508 4380 17.
1538 4327 1652 4397 26).
1680 4328 1785 4384 Sed
1815 4346 1881 4385 ex
1913 4347 2040 4401 pau-

471 4419 671 4480 pertate
701 4422 754 4466 et
791 4413 990 4469 divitiis
1027 4414 1374 4471 diﬁ‘erentiam
1404 4418 1632 4487 aliquam
1666 4423 2036 4493 excogitastis,

466 4513 519 4557 et
568 4504 972 4574 inaequalitatem
1025 4508 1408 4565 introduxistis.
1459 4512 1618 4582 Atqui
1670 4528 1786 4568 eam
1830 4531 2037 4586 quoque

468 4609 651 4648 rursus
685 4597 836 4664 ejicio
855 4638 870 4661 ,
909 4613 1010 4652 non
1037 4598 1227 4654 divites
1255 4602 1467 4671 quidem
1496 4602 1810 4671 admittens,
1843 4621 2038 4676 paupe-

467 4700 556 4740 res
598 4695 773 4741 autem
815 4688 1015 4745 habens
1052 4690 1380 4761 despicatui,
1409 4709 1508 4750 nec
1538 4710 1797 4766 pauperes
1820 4697 2034 4768 quidem

467 4791 688 4844 vocans,
725 4780 914 4834 divites
938 4788 1114 4836 autem
1141 4785 1412 4852 expellens
1430 4825 1446 4852 ,
1475 4786 1568 4840 sed
1595 4795 1649 4841 et
1676 4786 1773 4843 hos
1799 4797 1850 4844 et
1878 4789 2031 4858 illos,

463 4880 519 4925 et
563 4886 667 4925 non
708 4872 1042 4929 solummodo
1089 4875 1186 4929 bos
1233 4884 1286 4931 et
1333 4877 1482 4945 illos,
1525 4879 1670 4934 verbi
1696 4881 1861 4950 gratia
1890 4924 1905 4948 ,
1935 4881 2034 4937 hos

463 4960 675 5029 quidem
717 4963 949 5031 priores,
980 4965 1100 5019 illos
1129 4981 1256 5020 vero
1284 4969 1630 5035 posteriores,
1659 4970 1738 5024 vel
1770 4972 1887 5026 illos
1912 4974 2029 5042 qui-

461 5052 584 5105 dein
632 5055 984 5120 posteriores,
1029 5055 1126 5110 hos
1170 5072 1296 5111 vero
1336 5060 1571 5128 priores,
1614 5061 1706 5116 sed
1749 5063 1923 5117 simul.
1954 5063 2033 5117 Sit

459 5143 754 5197 communis
789 5155 1080 5200 conventus
1103 5185 1119 5212 ,
1160 5150 1454 5202 communis
1487 5151 1702 5214 concio,
1735 5154 2030 5209 communis

459 5231 754 5286 auditorum
784 5243 970 5288 curtus.
1003 5235 1150 5290 Licet
1175 5237 1248 5292 sis
1273 5237 1420 5293 dives
1439 5278 1454 5303 ,
1485 5255 1548 5294 ex
1579 5241 1762 5297 eodem
1793 5244 1902 5298 luto
1932 5260 2028 5299 na-

459 5334 542 5381 tus
581 5342 640 5382 es
687 5345 700 5379 :
747 5328 884 5382 idem
923 5329 1016 5383 iuit
1046 5333 1136 5385 tibi
1163 5347 1281 5386 cum
1307 5349 1538 5404 paupere
1563 5335 1857 5405 ingressus,
1889 5339 2026 5393 idem

455 5435 505 5472 οι
521 5428 622 5475 tus.
648 5421 712 5474 Et
739 5429 792 5475 tu
821 5420 1049 5476 hominis
1072 5422 1206 5478 ﬁlius
1235 5439 1322 5491 es,
1349 5435 1403 5479 et
1434 5425 1541 5480 ille.

518 5601 545 5668 '_
568 5601 676 5649 cod.
700 5602 810 5668 65d,
836 5600 1140 5668 prudentiam
1171 5602 1452 5668 defensoris,
1487 5611 1568 5654 aut
1599 5606 1752 5668 potius
1774 5609 2024 5661 contiona-

453 5665 569 5709 toris
599 5674 614 5708 :
638 5675 748 5711 ante
769 5665 963 5711 l'omitan
989 5673 1065 5712 est
1089 5677 1204 5713 vera
1228 5665 1374 5713 lectio
1399 5680 1411 5713 ε
1440 5679 1548 5714 nam
1583 5665 1697 5716 illud
1731 5670 2020 5721 additamen-

453 5729 556 5793 tum
579 5735 672 5771 nec
691 5724 846 5793 lapsu,
874 5723 1463 5793 ncc_consilio__inductt_ttn
1500 5727 1649 5778 fuisse
1673 5730 1880 5781 videtur.
1906 5734 2022 5784 sibi!

451 5789 614 5835 tmen
640 5786 779 5834 unius
801 5788 1082 5838 auctoritate
1107 5786 1284 5836 codicis
1317 5789 1495 5839 addere
1521 5794 1623 5840 ausi
1646 5803 1824 5842 sumus.

1203 402 1258 458 S.
1301 396 1576 457 JOANMS
1613 380 2080 448 CIIBYSOSTOMI
2121 377 2436 435 ARClllEP.
2464 372 3000 431 CONSTANTINOP.

3629 359 3734 416 125

2225 492 2279 545 2.
2311 489 2443 544 Cum
2473 503 2598 556 ergo
2632 502 2750 555 qua:
2779 494 2902 539 sunt
2931 481 3216 554 praecipua,
3260 492 3311 537 et
3344 481 3511 553 magis
3541 497 3745 553 oppor-

2154 592 2278 635 tuna
2304 623 2318 647 ,
2367 590 2420 634 et
2467 580 2666 632 honore
2705 576 2946 644 aequalia,
3010 589 3077 628 ex
3119 585 3271 642 teque
3315 569 3592 636 habeatis,
3645 587 3744 626 cur

2155 681 2371 741 propter
2403 669 2614 724 umbras
2638 676 2692 722 et
2716 668 2919 720 somnia
2949 665 3284 729 intumescis,
3317 677 3382 718 ex
3423 662 3488 716 iis
3516 678 3638 733 qua:
3664 662 3750 716 ni-

2155 764 2224 818 hil
2258 772 2381 816 sunt
2424 759 2724 816 communia
2761 756 3132 825 distinguens?
3159 753 3473 810 Communia
3499 763 3704 807 natura:
3727 795 3746 812 .

2153 852 2450 908 communia
2481 861 2650 916 ortus,
2695 848 2999 903 communia
3044 845 3316 901 afﬁnitatis
3352 852 3407 899 et
3444 843 3740 899 necessitu-

2153 946 2311 1000 dinis.
2337 945 2447 999 Cur
2465 944 2715 996 amictum
2737 938 3056 993 exteriorem
3084 935 3322 1000 adducis,
3356 946 3413 989 ut
3437 933 3743 991 distinctio-

2155 1050 2274 1089 nem
2292 1049 2355 1088 ex
2382 1047 2446 1087 eo
2470 1029 2706 1086 efﬁcias?
2726 1027 2842 1082 Non
2871 1028 3002 1089 iero,
3027 1041 3130 1080 non
3161 1025 3350 1094 patior.
3377 1024 3443 1079 Et
3470 1023 3588 1079 ideo
3607 1037 3746 1078 voco

2155 1134 2208 1178 te
2235 1137 2356 1178 cum
2381 1135 2640 1191 paupere,
2664 1119 2848 1174 dicens
2874 1133 2890 1171 :
2918 1116 3087 1172 Simul
3111 1117 3163 1168 in
3190 1131 3344 1168 unum
3370 1116 3507 1168 dives
3530 1122 3576 1168 et
3607 1129 3743 1183 pau-

2152 1233 2257 1286 per.
2279 1215 2336 1270 in
2357 1214 2475 1270 aliis
2492 1213 2633 1268 enim
2652 1227 2755 1265 non
2777 1217 2998 1281 possunt
3014 1207 3169 1263 simul
3191 1205 3356 1262 videri
3374 1205 3524 1260 dives
3548 1214 3601 1260 et
3624 1219 3748 1274 pau-

2157 1321 2252 1376 per
2276 1321 2290 1370 ;
2327 1320 2431 1359 non
2460 1305 2510 1356 in
2529 1300 2764 1370 judiciis,
2792 1315 2897 1353 non
2928 1299 2981 1353 in
3010 1298 3146 1353 aulis
3164 1296 3347 1366 regiis,
3375 1310 3484 1350 non
3510 1294 3563 1349 in
3591 1292 3745 1358 foris,

2157 1410 2262 1448 non
2289 1395 2340 1448 in
2371 1393 2569 1448 mensis
2599 1409 2613 1445 :
2642 1389 2735 1445 sed
2778 1388 2923 1443 illum
2968 1386 3180 1457 quidem
3213 1385 3566 1450 honoratum,
3601 1383 3747 1438 hunc

2158 1498 2286 1538 vero
2314 1489 2676 1552 contemptum
2704 1488 2758 1535 et
2785 1478 3051 1548 abjectum
3078 1496 3093 1544 ;
3125 1477 3274 1531 illum
3304 1475 3468 1531 libere
3495 1485 3550 1530 et
3572 1473 3748 1531 conti-

2154 1576 2346 1632 denter
2373 1583 2616 1645 agentem
2639 1614 2654 1640 ,
2686 1571 2826 1626 hunc
2862 1570 3064 1641 pudore
3091 1577 3145 1623 et
3171 1568 3459 1637 ignominia
3485 1567 3736 1622 allectum

2154 1668 2334 1723 videas
2361 1685 2374 1720 :
2407 1666 2672 1734 Sapientia
2693 1665 2822 1719 enim
2848 1664 3081 1733 pauperis
3105 1660 3252 1715 nihili
3281 1661 3501 1727 ducitur,
3523 1670 3570 1714 et
3598 1662 3748 1715 verba

2158 1760 2269 1829 ejus
2293 1774 2390 1811 non
2417 1757 2719 1824 audiuntur(-
2741 1754 2909 1808 Eecle.
2931 1754 2986 1808 9.
3010 1753 3122 1824 16).
3165 1751 3438 1823 Loquutus
3467 1761 3548 1808 est
3571 1752 3745 1819 dives,

2161 1859 2215 1905 et
2243 1863 2364 1904 eum
2392 1846 2614 1916 pulchre
2636 1860 2700 1901 ac
2723 1854 2868 1900 recte
2891 1844 3090 1898 dixisse
3110 1844 3296 1910 aiunt;
3329 1857 3529 1914 pauper
3557 1842 3746 1914 loquu-

2153 1949 2239 1995 tus
2270 1949 2386 2004 cst,
2412 1945 2466 1992 et
2489 1951 2593 1992 non
2613 1944 2695 1991 est
2718 1934 2871 1992 datus
2894 1934 2943 1989 ei
2975 1933 3159 2001 tocus(
3181 1933 3344 1988 Eccli.
3387 1934 3474 1988 l5.
3503 1932 3594 1986 27.
3625 1932 3742 2003 28).

2153 2033 2220 2085 At
2264 2046 2367 2085 non
2409 2029 2515 2084 hic.
2555 2028 2738 2098 Neque
2761 2027 2902 2082 enim
2933 2027 2987 2081 in
3013 2024 3113 2080 hac
3138 2025 3374 2081 Ecclesia
3399 2039 3463 2081 ac
3489 2026 3751 2083 concione

2153 2121 2370 2176 stultam
2429 2120 2576 2174 illam
2625 2117 2971 2173 ambitionem
3024 2116 3346 2186 honorisque
3397 2115 3744 2186 cupiditatem

2155 2211 2328 2283 patior
2349 2253 2363 2277 ,
2397 2210 2489 2265 sed
2515 2223 2851 2263 communem
2881 2207 3129 2262 omnibus
3157 2206 3453 2261 doctrinam
3479 2222 3742 2279 propono.

2157 2302 2287 2358 Vide
2328 2303 2563 2356 doctoris
2593 2299 2950 2372 prudentiam,
2977 2296 3245 2368 quomodo
3274 2298 3431 2351 etiam
3462 2307 3747 2368 antequam

2153 2393 2368 2463 incipiat
2394 2391 2706 2446 concionem
2735 2431 2749 2456 ,
2777 2405 2842 2444 ex
2874 2388 2986 2458 ipsa
3021 2389 3136 2442 sola
3157 2386 3436 2442 vocatione
3456 2387 3747 2445 maximum

2152 2485 2409 2540 doctrina:
2430 2483 2700 2538 decretum
2729 2479 3026 2551 protulerit.
3072 2478 3172 2548 Qui
3196 2479 3339 2533 enim
3371 2493 3558 2534 omnes
3585 2479 3743 2535 simul

2154 2575 2400 2640 vocavit,
2452 2588 2622 2642 neque
2653 2573 2800 2626 illum
2848 2569 2971 2624 sivit
3013 2572 3409 2634 intumescere,
3459 2583 3560 2624 nec
3604 2567 3748 2626 hune
3807 2584 3812 2588 ‘

2153 2666 2311 2719 vitem
2354 2673 2409 2718 et
2446 2663 2710 2733 abjcctum
2737 2675 2892 2728 esse,
2925 2658 3020 2714 sed
3065 2658 3339 2725 ostendit,
3387 2673 3486 2715 nec
3529 2659 3746 2718 divitias

2151 2769 2272 2810 esse
2305 2756 2498 2808 bonum
2524 2795 2539 2819 ,
2569 2753 2705 2808 sicut
2746 2765 2846 2806 nec
2885 2757 3249 2819 paupertatem
3279 2750 3474 2804 malum
3496 2789 3513 2814 ,
3558 2749 3654 2804 sed
3682 2765 3748 2805 ea

2155 2862 2273 2902 esse
2303 2860 2697 2918 supervacanea
2724 2853 2778 2899 et
2800 2852 3040 2899 externa.
3068 2842 3244 2911 Quare
3271 2841 3402 2897 nihil
3430 2856 3550 2897 mea
3572 2839 3742 2897 refert

2151 2954 2218 2992 an
2247 2937 2349 2991 hoc
2374 2935 2447 2990 sis
2471 2976 2487 3002 ,
2517 2936 2600 2990 vel
2638 2934 2768 2989 illud
2801 2952 2814 2987 :
2844 2949 3017 3003 neque
3045 2934 3188 2989 enim
3217 2934 3260 2989 si
3289 2934 3362 2988 sis
3389 2933 3559 3001 dives,
3585 2932 3748 2988 video

2155 3029 2251 3085 tibi
2281 3026 2480 3097 aliquid
2522 3027 2812 3092 accedere;
2841 3040 2940 3080 nec
2978 3026 3024 3081 si
3066 3027 3142 3080 sis
3185 3039 3420 3095 pauper,
3461 3024 3743 3080 decedere.

2159 3120 2264 3175 Sed
2290 3120 2425 3174 forte
2453 3118 2648 3173 dixerit
2687 3119 2877 3188 aliquis
2908 3135 2921 3172 :
2955 3117 3018 3172 Et
3046 3131 3141 3171 cur
3164 3130 3287 3171 cum
3310 3116 3469 3172 homo
3493 3118 3568 3170 sis
3595 3115 3744 3187 ejus-

2150 3212 2380 3282 demque
2421 3220 2623 3264 natura:
2667 3210 2972 3279 particeps,
3022 3209 3248 3277 teipsum
3288 3209 3422 3264 tanti
3468 3207 3636 3276 facis,
3683 3219 3744 3264 ut

2152 3313 2306 3373 putes
2337 3311 2388 3357 te
2416 3316 2536 3356 esse
2563 3300 2813 3355 idoneum
2837 3299 2983 3354 orbis
3022 3307 3283 3354 terrarum
3312 3301 3621 3370 magistrum
3645 3340 3660 3364 ,
3687 3309 3744 3356 et

2152 3410 2244 3450 eos
2264 3396 2352 3462 qui
2379 3401 2502 3447 sunt
2527 3393 2578 3447 in
2607 3394 2862 3446 extremis
2894 3390 3088 3446 ﬁnibus
3113 3392 3258 3446 orbis
3283 3405 3547 3446 convoces
3567 3393 3590 3445 ?
3612 3392 3742 3463 quid

2153 3496 2305 3558 potes
2332 3487 2512 3541 dicere
2542 3484 2684 3555 quod
2705 3485 2775 3538 sit
2795 3493 2942 3538 tanto
2966 3482 3183 3553 dignum
3212 3482 3463 3538 theatro?
3487 3483 3736 3551 Possum,

2151 3580 2340 3648 inquit.
2387 3578 2676 3646 Postquam
2703 3576 2844 3630 enim
2885 3576 3094 3630 vocavit
3120 3575 3307 3629 orbem
3339 3582 3528 3642 terras,
3560 3574 3736 3631 credi-

2150 3670 2312 3724 bilem
2355 3683 2417 3723 ac
2458 3667 2563 3722 ﬁde
2582 3666 2802 3736 dignam
2832 3665 3062 3720 reddens
3091 3666 3385 3719 orationem
3410 3704 3426 3730 ,
3457 3665 3579 3718 audi
3609 3664 3735 3735 quid

2149 3761 2289 3816 dicat
2317 3779 2329 3814 :
2359 3771 2412 3814 4.
2465 3759 2535 3813 0s
2557 3774 2721 3812 meum
2767 3756 2993 3828 loquetur
3035 3757 3332 3826 sapientiam
3358 3797 3372 3820 ,
3404 3767 3450 3810 et
3480 3757 3736 3812 meditatio

2147 3853 2311 3906 cordis
2341 3849 2436 3904 mei
2460 3848 2797 3920 prudentiam.
2828 3846 2978 3901 Alius
3000 3887 3015 3912 ,
3045 3845 3110 3899 Et
3135 3845 3416 3899 cantillabit
3444 3861 3532 3900 cor
3556 3862 3722 3900 meum

2147 3945 2487 4016 prudentiam.
2520 3942 2774 3998 Hebraeus
2799 3951 2977 3996 autem
3007 3941 3109 3995 hoc
3144 3941 3276 3994 dixit
3304 3938 3540 4008 Ouaqitlt.
3572 3940 3736 3997 Vides

2146 4034 2414 4106 quomodo
2457 4034 2634 4089 statim
2676 4032 2860 4088 extulit
2886 4032 3201 4086 orationem.
3251 4029 3368 4085 Non
3402 4031 3611 4098 dicam,
3645 4033 3731 4088 in-

2145 4128 2278 4196 quit,
2307 4125 2375 4181 de
2397 4126 2654 4195 pecuniis,
2683 4138 2790 4179 non
2820 4122 2886 4178 de
2914 4121 3274 4191 dignitatibus,
3308 4135 3413 4176 non
3439 4121 3508 4178 de
3535 4132 3728 4194 poten-

2144 4222 2251 4285 tia,
2282 4234 2388 4274 non
2429 4218 2497 4272 de
2535 4217 2729 4272 robore
2769 4216 3043 4286 corporis,
3071 4231 3176 4271 non
3215 4215 3283 4270 de
3322 4216 3495 4286 aliqua
3525 4217 3626 4272 alia
3671 4234 3728 4274 ro

2143 4311 2284 4366 ﬂuxa
2320 4328 2333 4364 :
2367 4311 2434 4366 de
2462 4310 2720 4380 sapientia
2770 4323 2887 4364 sum
2928 4316 3114 4364 exacte
3155 4308 3410 4374 dicturus,
3458 4325 3577 4380 qua:
3620 4326 3726 4367 non

2144 4413 2343 4459 temere
2390 4403 2519 4458 mihi
2567 4403 2792 4458 accessit
2833 4416 2898 4457 ex
2944 4410 3205 4470 tempore.
3251 4402 3306 4455 5.
3363 4399 3629 4457 Inclinabo
3673 4405 3726 4457 iu

2143 4496 2432 4565 parabolam
2472 4510 2644 4549 aurem
2686 4510 2866 4548 meam.
2911 4493 3060 4548 Alius
3083 4534 3098 4558 ,
3154 4491 3420 4548 Inclinabo
3466 4496 3723 4563 parabolis

2139 4603 2312 4640 aurem
2351 4602 2533 4639 meam.
2588 4584 2841 4640 Hebraeus
2890 4582 3056 4648 dicit,
3103 4583 3343 4639 Lamasal
3390 4585 3628 4655 Aperiam
3669 4587 3723 4640 in

2141 4676 2375 4747 psalterio
2405 4676 2657 4748 problema
2695 4692 2877 4730 meum.
2911 4676 3079 4742 Alius,
3116 4674 3364 4745 Enigma
3403 4693 3587 4732 meum.
3609 4675 3720 4732 He-

2139 4771 2313 4824 braeus
2353 4777 2530 4824 autem
2556 4809 2572 4836 ,
2602 4767 2796 4822 Idatlti.
2846 4769 2912 4822 Et
2937 4765 3204 4836 quomodo
3247 4775 3374 4823 sunt
3411 4767 3527 4823 hare
3559 4783 3716 4838 supra

2139 4859 2294 4915 dictis
2329 4859 2753 4929 consequentia?
2781 4859 2883 4913 Pro
2924 4858 3147 4913 doctore
3185 4857 3327 4913 enim
3378 4873 3521 4913 nunc
3564 4858 3722 4913 video

2137 4951 2455 5006 auditorem.
2499 4950 2608 5005 Nos
2635 4950 2778 5005 enim
2806 4949 3004 5004 vocasti
3045 4957 3314 5018 tamquam
3354 4947 3550 5019 aliquid
3591 4948 3715 5004 boni

2137 5051 2192 5098 et
2217 5042 2360 5097 utilis
2387 5040 2695 5105 audituros;
2725 5048 3000 5110 postquam
3027 5049 3202 5094 autem
3233 5055 3418 5095 omnes
3445 5038 3640 5094 adsunt
3663 5050 3717 5095 et

2137 5141 2521 5201 convenerunt,
2578 5140 2634 5186 et
2685 5141 2737 5186 te
2787 5131 2986 5202 aliquid
3035 5131 3251 5186 doctum
3295 5139 3350 5184 ct
3395 5129 3711 5199 praeclarum

2133 5228 2398 5282 dicturum
2443 5241 2501 5280 es
2531 5223 2816 5295 pollicitus,
2844 5223 2974 5277 nihil
3008 5223 3180 5278 adhuc
3210 5224 3458 5291 loquutus
3480 5263 3494 5287 ,
3527 5221 3712 5277 relicto

2133 5318 2263 5374 loco.
2295 5317 2568 5379 doctoris,
2619 5302 2874 5371 auditoris
2928 5323 3103 5383 partes
3149 5312 3394 5381 suscipis.
3446 5309 3711 5366 Inclinabo

2133 5413 2272 5465 enim
2293 5451 2312 5477 ,
2342 5411 2542 5479 inquit,
2573 5409 2625 5460 in
2653 5406 2946 5478 pambolam
2973 5422 3145 5459 aurem
3174 5419 3353 5458 meum.
3391 5403 3568 5470 Quare
3610 5403 3713 5460 hoc

2134 5503 2294 5558 facit?
2318 5500 2489 5557 Valde
2510 5499 2818 5569 prudenter,
2845 5507 2898 5552 et
2921 5506 3312 5566 consequenter
3339 5495 3403 5549 iis
3431 5509 3550 5564 quae
3571 5492 3712 5549 dicta

2131 5604 2272 5649 sunt.
2318 5592 2578 5662 Quoniam
2623 5590 2765 5645 enim
2793 5589 2964 5655 dixit,
3001 5588 3208 5657 Loquar
3242 5586 3591 5656 sapientiam,
3646 5599 3714 5640 ne

2132 5686 2248 5755 quis
2267 5685 2598 5740 existimaret
2620 5696 2736 5735 esse
2764 5681 3051 5735 humanum
3076 5678 3215 5749 quod
3237 5677 3447 5740 dicitur,
3473 5686 3527 5731 et
3545 5675 3710 5730 medi-

2125 5782 2380 5835 tationem
2411 5772 2622 5844 cordis,
2653 5787 2720 5830 ue
2743 5771 2960 5830 haberet
2986 5779 3284 5842 suspectam
3311 5770 3423 5840 ejus
3452 5769 3708 5825 inventio-
