4058 6430
268 395 373 451 εις

270 525 393 567 stem
413 550 429 573 ,
460 520 555 578 per
582 503 699 561 lucc
726 496 960 558 ostendit
985 494 1164 551 divina
1187 504 1252 549 ea
1277 504 1398 547 esse
1423 503 1542 559 qua:
1568 485 1856 578 dicuntur,

269 613 436 671 seque
461 573 591 652 nihil
616 592 755 663 loqui
785 589 1056 661 proprium
1075 626 1092 652 ,
1119 583 1213 639 sed
1242 597 1307 637 ea
1331 580 1535 645 dicere,
1565 591 1686 648 quzn
1710 573 1865 671 ειιιιιίῖ

270 663 367 745 vit:
397 685 649 744 lnolinavi
673 682 814 738 enim
840 721 858 748 ,
884 679 1073 748 inquit,
1104 675 1216 730 Deo
1238 686 1421 727 aurem
1454 683 1651 732 meam,
1683 663 1863 720 audivi

271 782 339 837 ab
370 781 461 836 illo
480 818 498 845 ,
525 785 583 833 et
608 790 729 845 qua:
754 775 808 828 in
837 780 1069 826 mentem
1111 779 1283 821 meam
1309 778 1339 816 a
1365 759 1614 831 superuis
1633 756 1864 812 demissa

269 883 495 939 suut,ea
524 870 668 925 dico.
715 866 785 921 Et
822 863 943 919 ideo
984 860 1196 916 dicebat
1239 856 1401 911 Isaias
1432 871 1446 909 :
1482 851 1730 906 Dominus
1778 848 1864 901 dat

273 967 398 1022 mihi
424 965 650 1034 linguam
675 959 941 1019 doctrina,
969 964 1023 1008 ut
1043 951 1221 1015 sciam,
1248 947 1449 1019 quando
1471 958 1749 999 sermonem
1786 940 1866 1034 di-

268 1074 382 1113 cere
398 1031 629 1123 oporteat
642 1068 661 1107 :
673 1050 857 1120 adjecit
875 1046 998 1101 mihi
1009 1060 1181 1099 aurem
1197 1043 1265 1095 ad
1276 1039 1584 1094 audiendum
1606 1034 1653 1107 (Ι
1660 1036 1755 1089 sai.
1772 1031 1862 1089 50.

270 1148 347 1221 6).
374 1145 444 1202 Et
461 1159 645 1200 rursus
659 1141 854 1198 Paulus
874 1150 886 1193 ς
905 1135 1061 1191 Fides
1072 1150 1134 1189 ea:
1152 1132 1352 1196 auditu,
1374 1128 1580 1183 auditus
1593 1135 1760 1180 autem
1778 1140 1867 1194 per

271 1216 478 1291 uerbum
498 1232 636 1303 οεε(
663 1232 813 1285 Rom.
850 1226 1075 1297 10.17).
1102 1224 1263 1280 Vides
1288 1219 1435 1276 illum
1468 1234 1680 1289 quoque
1720 1216 1867 1286 prius

274 1327 439 1384 fuisse
478 1326 798 1389 auditorem,
827 1327 882 1375 et
912 1318 1105 1374 deinde
1143 1312 1464 1369 doctorem?
1495 1312 1561 1366 Et
1589 1310 1709 1365 ideo
1734 1306 1868 1362 dixit

276 1419 435 1474 etiam
460 1416 599 1470 alius
622 1413 904 1481 interpres,
934 1408 995 1462 Et
1010 1405 1285 1462 cantitlabit
1304 1419 1390 1457 cor
1406 1417 1589 1456 meum.
1610 1397 1744 1466 Quid
1761 1405 1866 1462 est,

272 1506 552 1563 cantillabit
568 1505 594 1557 ει
613 1504 801 1569 Canet,
821 1500 964 1555 dicet
983 1497 1243 1568 psalmum
1269 1494 1497 1563 aliquem
1513 1487 1864 1559 spiritualcm.

270 1598 323 1654 Si
370 1606 551 1655 autem
589 1594 718 1650 dicit
766 1590 1187 1653 meditationem,
1220 1600 1291 1641 ne
1329 1580 1683 1639 couturbcris.
1737 1578 1869 1646 Qua:

271 1691 413 1744 enim
444 1704 475 1742 a
504 1686 705 1757 Spiritu
736 1691 1039 1753 acceperat,
1068 1696 1130 1736 ea
1159 1678 1372 1734 assidue
1401 1674 1753 1730 meditabatur
1776 1712 1790 1732 ,
1816 1680 1870 1724 et

275 1780 417 1851 apud
450 1794 511 1835 se
550 1776 799 1831 versabat
825 1791 840 1839 ;
866 1782 1065 1828 etcum
1102 1771 1192 1825 diu
1229 1777 1515 1831 versasset,
1545 1764 1661 1819 aliis
1690 1761 1867 1833 profe-

273 1872 445 1927 rebat.
493 1867 629 1936 Quid
660 1875 743 1923 est
768 1875 979 1931 autem,
1028 1861 1094 1917 In
1137 1858 1479 1933 parabolam.’
1536 1856 1632 1912 Est
1675 1869 1868 1909 nomen

273 1960 418 2034 quod
470 1959 632 2015 habet
678 1957 848 2013 multa
895 1952 1211 2025 signiﬁcata.
1274 1950 1372 2005 Est
1423 1949 1567 2004 enim
1619 1945 1869 2017 parabola

279 2054 516 2125 loquela,
547 2051 850 2121 exemplum
869 2090 885 2116 ,
912 2056 966 2102 et
993 2044 1351 2116 exprobratio,
1377 2050 1435 2097 ut
1459 2040 1672 2111 quando
1697 2037 1827 2092 dicit
1852 2052 1866 2091 :

280 2143 510 2201 Posuisti
550 2158 642 2196 nos
669 2142 721 2195 in
751 2139 1048 2209 parabolam
1097 2138 1151 2190 in
1190 2132 1439 2205 gentibus,
1489 2130 1872 2185 commotionem

278 2235 457 2303 capitis
481 2234 534 2286 in
561 2230 764 2303 populis
794 2230 818 2301 (
838 2227 984 2283 Psat.
1006 2227 1095 2282 45.
1129 2222 1259 2297 15).
1311 2224 1403 2278 Est
1431 2222 1591 2277 etiam
1621 2217 1870 2289 parabola

278 2326 447 2384 oratio
484 2322 841 2393 :enigmatica,
885 2333 1041 2388 quam
1073 2315 1226 2372 multi
1263 2314 1444 2369 dicunt
1479 2311 1827 2381 quaestionem
1852 2348 1868 2374 ,

277 2433 398 2490 qm
424 2414 571 2471 aliud
601 2412 815 2484 quidem
844 2409 1126 2481 significat,
1157 2405 1253 2463 sed
1295 2405 1346 2460 id
1384 2419 1492 2459 non
1517 2412 1599 2457 est
1626 2408 1870 2470 apertum

279 2507 467 2566 statim
489 2520 555 2561 ex
584 2504 713 2575 ipsis
741 2501 939 2567 verbis,
970 2499 1063 2555 sed
1105 2498 1262 2553 habet
1289 2509 1505 2551 sensum
1532 2492 1674 2547 intus
1700 2491 1873 2544 laten-

281 2608 409 2667 tem,
440 2595 739 2667 cujusmodi
764 2601 916 2648 erant
940 2606 1001 2648 ea
1022 2606 1140 2661 qure
1165 2588 1372 2644 dicebat
1388 2586 1611 2642 Samson
1641 2599 1655 2635 :
1686 2579 1876 2652 Egres-

277 2704 364 2744 sus
386 2697 460 2742 est
478 2703 511 2740 α
529 2685 820 2739 comedente
836 2683 993 2747 cibus,
1024 2690 1069 2736 et
1092 2697 1124 2734 a
1146 2680 1265 2750 [arti
1280 2677 1426 2731 dulce
1454 2674 1601 2748 (Iud.
1633 2673 1719 2728 l4.
1749 2674 1871 2740 M);

278 2786 334 2835 et
361 2775 636 2839 Salomon,
670 2773 1138 2841 Animadvertetque
1177 2767 1492 2839 parabatam,
1525 2778 1569 2820 et
1608 2764 1875 2819 obscurum

281 2882 556 2924 mortem
581 2863 601 2939 (
623 2863 779 2919 Prov.
806 2865 858 2920 1.
890 2861 979 2929 6).
1016 2862 1220 2916 Dicitur
1246 2860 1407 2915 etiam
1438 2856 1689 2928 parabola
1720 2855 1871 2911 simi-

284 2959 451 3015 litudo
482 2974 499 3014 :
529 2959 698 3013 Atiam
748 2956 1062 3028 parabatam,
1116 2953 1308 3024 inquit,
1356 2952 1619 3023 proposuit
1670 2950 1741 3003 eis
1796 2948 1876 3001 di-

279 3066 395 3106 cens
432 3048 660 3108 :Simile
707 3058 780 3103 est
828 3064 1036 3119 regnum
1088 3046 1324 3099 cistarum
1371 3041 1564 3096 homini
1609 3037 1878 3095 seminanti

286 3142 469 3198 bonum
482 3158 652 3197 semen
678 3138 905 3211 (Matth.
938 3138 1024 3193 15.
1052 3136 1122 3191 24
1143 3138 1183 3205 ).
1215 3135 1412 3189 Dicitur
1438 3133 1599 3188 etiam
1628 3129 1876 3200 parabola

285 3234 504 3307 ﬁgurata
541 3232 715 3286 oratio
746 3248 758 3283 :
792 3228 900 3283 Fili
921 3228 1138 3282 hominis
1157 3268 1173 3294 ,
1197 3227 1279 3280 dic
1299 3227 1370 3280 eis
1396 3224 1693 3295 parabotam
1721 3222 1874 3275 hanc.

284 3326 466 3396 Aquila
485 3342 672 3396 magna
691 3364 706 3388 ,
737 3338 950 3394 magnas
976 3321 1163 3375 habens
1188 3336 1377 3389 pennas
1429 3316 1657 3390 (Ezech.
1688 3316 1774 3370 17.
1820 3315 1878 3368 1-

284 3419 357 3483 5)
384 3437 397 3472 :
446 3420 675 3488 aquilam
702 3417 887 3472 dicens
919 3415 1141 3485 Regem.
1190 3413 1391 3467 Dicitur
1417 3412 1576 3466 etiam
1626 3408 1876 3478 parabola

286 3507 449 3579 figura
494 3517 550 3563 et
596 3508 792 3576 imago,
837 3503 1282 3576 quemadmodum
1310 3501 1542 3558 ostendit
1566 3501 1781 3563 Paulus,
1806 3498 1881 3553 di-

280 3612 408 3655 cens
438 3615 455 3653 :
482 3596 619 3651 Fide
645 3596 825 3650 obtulit
852 3595 1107 3649 Abraham
1125 3592 1279 3647 Isaac
1298 3635 1311 3658 ,
1340 3608 1456 3646 cum
1486 3598 1759 3645 tentaretur
1778 3631 1793 3654 ,
1832 3598 1879 3643 ct

280 3691 596 3761 unigenitum
622 3687 863 3754 o/ferebat
906 3689 950 3741 is
975 3688 1061 3757 qui
1102 3694 1389 3755 susceperat
1418 3683 1831 3753 repromissiones
1857 3697 1876 3735 :

282 3783 414 3835 unde
434 3781 588 3835 etiam
614 3779 667 3833 in
696 3777 941 3849 parabola
965 3794 1076 3831 eum
1097 3778 1267 3830 retulit
1285 3774 1304 3846 (
1325 3774 1481 3829 Hebr.
1508 3776 1596 3829 11.
1621 3776 1708 3829 17.
1738 3773 1804 3829 19
1820 3776 1875 3844 );

282 3873 383 3928 hoc
404 3882 508 3935 est,
541 3872 593 3926 in
626 3865 812 3940 figura,
844 3876 898 3924 et
928 3870 979 3923 in
1021 3869 1270 3937 imagine.

351 3967 405 4021 5.
448 3964 714 4020 Lectorem
744 3962 813 4015 ad
839 3961 1212 4032 inquisitionem
1248 3962 1424 4014 invitat
1465 3959 1752 4029 Scriptum
1790 3959 1876 4013 ob-

277 4060 513 4113 scuritas.
543 4054 780 4124 —Quid
809 4069 937 4125 ergo
982 4052 1083 4108 sibi
1131 4053 1245 4107 vult
1290 4053 1375 4108 hic
1417 4053 1710 4123 parabola?
1750 4051 1878 4107 Mihi

280 4149 490 4205 videtur
516 4148 699 4203 dicere
723 4147 1104 4201 narrationem.
1136 4144 1191 4200 Si
1222 4152 1401 4199 autem
1426 4143 1720 4199 orationem
1752 4143 1877 4198 facit

277 4238 565 4295 obscuram
614 4246 672 4294 et
715 4237 1127 4307 aenigmaticam,
1154 4247 1208 4292 et
1251 4252 1369 4306 qua:
1416 4236 1637 4290 multum
1685 4235 1876 4291 habeat

276 4331 627 4397 difficultatis,
651 4345 720 4385 ne
747 4330 825 4384 sic
851 4329 1063 4398 quidem
1090 4328 1426 4382 conturberis
1459 4349 1472 4383 :
1505 4327 1607 4382 hoc
1625 4327 1766 4381 enim
1796 4327 1875 4380 l'a-

277 4424 346 4478 cit
376 4434 435 4478 ut
465 4421 765 4476 auditorem
794 4423 1027 4485 excitet;
1057 4428 1112 4474 et
1134 4419 1328 4489 alioqui
1354 4420 1604 4489 quoniam
1649 4418 1876 4473 facilitas

278 4513 478 4568 multos
516 4511 586 4566 ad
630 4511 1003 4581 negligentiam
1041 4510 1277 4576 adducit,
1313 4519 1594 4580 propterea
1644 4510 1879 4579 loquitur

279 4603 333 4660 in
363 4601 639 4674 parabola.
670 4600 804 4655 Nam
833 4598 1082 4654 Christus
1118 4614 1331 4671 quoque
1362 4599 1525 4655 multa
1560 4600 1877 4669 loquebatur

279 4696 330 4751 in
363 4693 650 4765 parabolis,
684 4693 971 4763 separatim
1011 4702 1187 4747 autem
1219 4707 1312 4747 eas
1336 4692 1578 4748 solvebat
1603 4693 1875 4760 discipulis

280 4786 472 4855 (Marc.
500 4789 554 4842 4.
585 4787 676 4841 55.
703 4785 818 4854 54).
850 4783 1106 4839 Parabola
1134 4784 1276 4838 enim
1303 4783 1521 4853 dignum
1561 4783 1629 4838 ab
1658 4782 1877 4853 indigno

275 4878 590 4948 distinguit:
619 4877 811 4947 dignus
827 4877 968 4932 enim
989 4875 1179 4947 quaerit
1202 4874 1440 4929 invenire
1466 4890 1528 4928 ea
1550 4889 1669 4944 quae
1689 4874 1876 4928 dicun-

279 4981 385 5036 tur,
430 4971 679 5040 indignus
706 4977 883 5023 autem
924 4969 1289 5039 praetereurrit
1315 4986 1327 5020 :
1358 4967 1500 5038 quod
1550 4976 1676 5021 tunc
1713 4967 1874 5022 etiam

280 5062 480 5119 evenit.
521 5060 693 5116 Judaei
742 5060 884 5115 enim
934 5075 1003 5114 ne
1049 5058 1358 5114 difﬁcultate
1400 5058 1613 5129 quidem
1660 5058 1874 5112 excitati

281 5153 693 5224 impellebantur
707 5151 771 5205 ad
795 5149 1225 5221 interrogandum
1262 5170 1275 5205 :
1304 5150 1372 5203 ita
1398 5165 1502 5203 non
1530 5149 1876 5205 attendebant

282 5245 499 5299 omnino
543 5258 605 5297 ea
649 5257 769 5312 qua:
814 5241 1144 5297 dicebantur.
1195 5240 1275 5295 Ad
1334 5240 1649 5295 movendam
1695 5251 1873 5295 autem

282 5337 630 5405 quaestionem
658 5334 875 5401 sufﬁcit,
899 5333 1111 5405 quando
1136 5332 1260 5404 quid
1282 5332 1653 5388 adumbratam
1682 5346 1877 5401 prapo-

283 5427 441 5483 nitur.
474 5427 738 5495 Quocirca
769 5426 1013 5482 Christus
1038 5442 1251 5498 quoque
1279 5426 1381 5480 hoc
1407 5425 1651 5489 faciebat,
1693 5436 1747 5481 et
1784 5426 1872 5481 lo-

281 5517 539 5587 quebatur
577 5516 629 5571 in
658 5518 949 5589 parabolis,
997 5532 1093 5572 eos
1135 5517 1413 5579 stimulans
1451 5526 1506 5571 et
1550 5516 1776 5572 incitans
1814 5525 1873 5571 ut

282 5606 459 5664 audire
486 5617 748 5680 cuperent
778 5609 795 5639 ¹
821 5608 911 5677 qui
940 5610 1115 5679 supini
1159 5607 1498 5664 dormiebant
1525 5631 1538 5664 :
1567 5609 1660 5663 sed
1690 5625 1755 5665 ne
1795 5610 1872 5666 sic

347 5778 367 5809 ι
392 5774 567 5835 Morel,
589 5772 817 5837 faciebat,
842 5770 1048 5826 incitans
1069 5777 1121 5825 ut
1146 5776 1324 5826 audire
1346 5777 1593 5839 cuperent,
1618 5781 1715 5824 etc.

1399 368 1757 433 EXPOSITIO
1798 367 1865 424 IN
1894 364 2214 423 PSALMUM
2241 365 2470 424 XLVIII.

3469 371 3576 427 226

1975 479 2191 551 quidem
2240 479 2586 536 attendebant
2611 496 2627 547 ;
2657 478 2903 550 discipuli
2935 488 3113 536 autem
3142 479 3382 537 animum
3417 484 3577 540 adhi-

1969 576 2189 643 hebant,
2237 586 2292 632 et
2336 590 2460 631 cum
2510 582 2694 631 essent
2744 576 3088 645 ignorantes,
3119 576 3205 650 vel
3234 590 3301 630 eo
3342 577 3576 633 maxime

1972 666 2279 733 manebant,
2298 666 2549 738 quoniam
2582 666 2916 737 ignorabant.
2948 666 3206 734 Quocirca
3228 668 3308 721 eis
3330 681 3574 723 seorsum

1969 761 2212 817 solvebat
2258 760 2559 830 parabolas,
2592 769 2647 815 et
2688 758 2810 815 ideo
2845 774 3059 830 quoque
3101 759 3229 814 dicit
3260 776 3274 814 :
3306 757 3575 813 Inclinaba

1969 853 2022 906 in
2051 852 2347 923 parabaiam
2387 868 2562 906 aurem
2601 867 2783 905 arcam.
2825 851 3065 921 Aperiunt
3096 850 3149 904 in
3187 850 3428 921 psalterio
3454 866 3578 919 pro-

1970 946 2132 1000 blema
2159 962 2346 999 meum.
2394 945 2489 1000 ESt
2513 954 2693 999 autem
2743 944 3020 1014 problema
3064 943 3238 997 oratio
3264 942 3490 997 obscura
3519 950 3577 996 ct

1969 1036 2323 1103 aenigmatica,
2343 1044 2397 1090 et
2418 1034 2538 1090 ideo
2563 1034 2688 1088 alibi
2709 1048 2923 1103 quoque
2943 1032 3072 1087 dicit
3102 1050 3115 1086 :
3145 1032 3352 1101 Loquar
3371 1032 3575 1101 proble-

1971 1136 2108 1181 mata
2137 1143 2170 1181 a
2207 1126 2561 1182 constitutione
2582 1127 2761 1180 mundi
2788 1124 2967 1196 (Psat.
2992 1126 3079 1180 77.
3126 1124 3207 1197 2).
3237 1124 3582 1195 Quapropter

1970 1234 2136 1275 ausus
2164 1228 2246 1273 est
2276 1219 2437 1273 etiam
2478 1232 2674 1273 vocare
2703 1216 3018 1286 sapientiam
3040 1259 3055 1282 ,
3087 1216 3265 1271 divina
3294 1217 3459 1272 fretus
3488 1232 3577 1271 re-

1972 1309 2258 1375 velatione,
2296 1317 2349 1363 et
2377 1309 2496 1363 ideo
2522 1310 2685 1364 etiam
2714 1308 2864 1375 dicit,
2894 1306 2960 1362 In
2983 1308 3245 1379 psalterio,
3275 1307 3575 1363 doctrinam

1972 1400 2306 1469 spiritualcm
2339 1400 2605 1466 indicans,
2635 1409 2690 1455 et
2716 1415 2775 1455 se
2803 1415 3036 1471 superno
3074 1416 3194 1456 esse
3233 1400 3460 1456 Numine
3491 1404 3577 1456 al“-

1972 1492 2178 1548 ﬂatum.
2210 1491 2267 1546 lu
2306 1492 2503 1549 cantici
2544 1491 2719 1547 forma
2757 1498 2937 1546 autem
2985 1491 3076 1546 dat
3121 1491 3423 1556 consilium,
3454 1505 3578 1546 ora-

1977 1584 2176 1639 tionem
2207 1582 2439 1639 reddens
2478 1583 2805 1638 suaviorem.
2847 1582 3039 1636 Vidisti
3065 1582 3227 1651 quale
3253 1582 3574 1652 prooemium

1973 1674 2318 1744 composuit?
2351 1674 2573 1729 Vocavit
2598 1674 2783 1729 orbem
2817 1682 2996 1739 terrm,
3019 1690 3138 1744 quae
3166 1685 3248 1729 est
3273 1674 3327 1729 in
3366 1675 3473 1729 vita
3497 1676 3579 1729 in-

1972 1769 2329 1838 aequalitatem
2359 1768 2581 1838 expulit,
2630 1777 2875 1823 naturam
2918 1767 2971 1821 iu
3017 1768 3330 1823 memoriam
3359 1784 3578 1824 revoca—

1978 1861 2072 1925 vit,
2103 1860 2460 1931 arrogantiam
2505 1860 2860 1929 compressit;
2894 1859 3159 1929 pollicitus
3179 1868 3263 1915 est
3291 1875 3349 1914 se
3376 1862 3578 1931 aliquid

1976 1965 2225 2020 magnum
2258 1958 2313 2005 et
2353 1949 2671 2019 praeclarum
2704 1963 2822 2005 esse
2860 1949 3125 2005 dicturum
3150 1966 3166 2007 :
3196 1949 3329 2004 dixit
3357 1966 3415 2006 se
3446 1952 3577 2007 nihil

1976 2056 2042 2097 ex
2073 2056 2132 2097 se
2156 2042 2379 2096 allatum
2427 2040 2697 2111 proloqui,
2727 2041 2820 2095 sed
2851 2056 2970 2110 quae
3000 2040 3067 2094 ab
3108 2040 3200 2093 illo
3228 2042 3468 2107 audivit;
3500 2042 3577 2096 si-

1979 2132 2251 2205 gniﬁcavit
2281 2134 2333 2187 in
2356 2132 2601 2188 oratione
2621 2145 2742 2186 esse
2774 2146 3017 2201 magnam
3051 2131 3453 2201 obscuritatem,
3479 2149 3578 2189 nos

1978 2226 2211 2282 reddens
2242 2225 2591 2289 attentiores;
2625 2223 2891 2293 pollicitus
2922 2230 3005 2279 est
3031 2238 3090 2278 se
3120 2239 3218 2279 nos
3247 2225 3577 2293 spiritualcm

1975 2317 2255 2373 docturum
2296 2317 2647 2388 sapientiam,
2700 2331 2858 2387 quam
2910 2324 3170 2386 perpetuo
3198 2317 3577 2373 meditabatur.

1977 2409 2330 2464 Attendamus
2377 2424 2527 2478 ergo,
2568 2416 2622 2463 et
2665 2422 2732 2462 ne
2781 2416 3179 2476 prastereamus.
3218 2407 3275 2464 Si
3313 2418 3394 2464 est
3436 2409 3579 2464 enim

1980 2500 2193 2570 sapiens
2216 2500 2410 2564 oratio,
2434 2510 2487 2555 et
2504 2498 2775 2570 parabola,
2799 2508 2852 2553 et
2877 2498 3172 2567 problcma,
3190 2508 3371 2553 mente
3399 2511 3582 2555 erecta

1978 2602 2032 2647 et
2079 2592 2307 2648 excitata
2358 2607 2494 2662 opus
2533 2601 2636 2647 est.
2677 2591 2831 2657 Quod
2880 2599 2963 2646 est
3013 2606 3141 2661 ergo
3180 2592 3486 2658 consilium,
3529 2604 3585 2647 et

1978 2682 2119 2754 quod
2150 2682 2447 2752 problenta,
2466 2697 2584 2752 qua:
2604 2680 2878 2751 parabola,
2901 2689 2956 2735 et
2972 2697 3092 2751 qua:
3112 2681 3393 2749 sapientia,
3420 2697 3581 2751 quant

1980 2774 2182 2829 audivit
2207 2790 2237 2829 e
2261 2774 2551 2843 supernis?
2578 2774 2630 2830 6.
2655 2773 2759 2829 Cur
2788 2773 2991 2839 timebo,
3014 2774 3201 2844 inquit,
3228 2774 3283 2827 in
3303 2774 3386 2827 die
3410 2775 3587 2830 mala?

1980 2866 2152 2929 Alius,
2180 2863 2251 2918 'In
2293 2866 2468 2920 diebus
2498 2866 2731 2932 maligni.
2760 2867 2934 2931 Alius,
2976 2862 3127 2918 Mali.
3161 2864 3330 2933 Syrus
3367 2874 3545 2920 autem
3566 2907 3583 2931 ,

1982 2955 2099 3011 Rha
2119 2952 2219 3028 (α).
2252 2954 2507 3024 lniquitas
2532 2955 2757 3009 calcanei
2784 2957 2878 3008 mei
2907 2955 3242 3009 circumdabit
3269 2971 3365 3008 me.
3397 2953 3547 3010 Alius
3566 2995 3582 3019 .

1989 3044 2328 3117 Vestigiarum
2375 3063 2617 3101 meorum.
2669 3046 2925 3102 Hebra'us
2972 3054 3174 3112 autem,
3222 3046 3336 3099 Aon
3377 3045 3587 3099 accubui

1979 3137 2236 3192 isubbum’.
2270 3137 2459 3201 Vidisti
2488 3138 2761 3208 quomodo
2790 3146 2872 3191 est
2900 3137 3174 3207 problema
3199 3178 3214 3199 ,
3239 3147 3295 3191 et
3333 3137 3584 3206 aenigma,

1982 3239 2032 3284 et
2061 3230 2289 3284 obscura
2319 3232 2511 3294 oratio,
2541 3241 2597 3283 et
2617 3231 2941 3300 permultum
2973 3230 3315 3284 obscuritatis
3340 3230 3363 3282 ?
3390 3231 3516 3295 Sed,
3542 3231 3587 3287 si

1983 3322 2212 3385 videtur,
2254 3322 2485 3392 primum
2520 3322 2877 3391 intelligamus
2908 3336 3195 3391 quemnam
3228 3322 3359 3376 dicit
3388 3322 3587 3377 malum

1982 3416 2145 3471 diem.
2173 3416 2468 3483 Quemnam
2496 3430 2623 3484 ergo
2652 3415 2847 3468 malum
2880 3415 3021 3468 diem
3050 3414 3189 3468 solet
3218 3428 3412 3469 vocare
3440 3413 3589 3469 Scri-

1982 3510 2183 3581 plura?
2212 3509 2363 3563 Diem
2405 3508 2794 3573 calamitatum,
2824 3508 2964 3562 diem
3007 3507 3413 3577 suppl‘ciorum,
3445 3507 3587 3564 diem

1983 3614 2363 3655 aerumnarum.
2393 3598 2547 3665 Quod
2590 3598 2752 3654 etiam
2780 3598 2909 3653 dicit
2937 3598 3062 3653 alibi
3104 3617 3117 3652 :
3145 3597 3334 3651 Beatus
3381 3598 3470 3666 qui
3505 3600 3589 3652 in-

1985 3692 2164 3763 telligit
2189 3708 2342 3762 super
2367 3708 2578 3762 egenum
2605 3700 2651 3744 et
2684 3706 2958 3761 pauperem
2989 3706 3007 3743 :
3034 3690 3086 3743 in
3120 3691 3202 3744 die
3233 3690 3370 3742 mala
3399 3689 3587 3743 libera-

1983 3784 2053 3838 bit
2093 3800 2207 3838 eum
2233 3783 2482 3838 Dominus
2511 3782 2686 3853 (Psat.
2730 3783 2925 3853 40.1).
2971 3782 3117 3836 Talis
3141 3792 3225 3837 est
3250 3793 3425 3835 autem
3473 3782 3589 3836 dies

1984 3878 2076 3932 ille
2125 3877 2335 3932 futurus
2384 3876 2759 3946 peccatoribus
2811 3875 3065 3929 terribilis
3113 3884 3167 3928 ct
3214 3871 3585 3927 intolerabilis.

1985 3969 2175 4024 Vidisti
2229 3969 2458 4038 primum
2492 3968 2509 3999 ³
2542 3966 2819 4021 decretum
2860 3979 3126 4034 suprema:
3172 3964 3449 4033 sapientiae
3473 4004 3489 4030 ,
3536 3975 3587 4019 et

1982 4060 2251 4133 quomodo
2274 4060 2365 4116 tibi
2395 4058 2611 4114 deﬁniat
2627 4058 2821 4122 oratio,
2844 4072 3091 4127 quaenam
3115 4058 3223 4111 sint
3242 4057 3401 4126 digna
3420 4066 3587 4121 metu,

1982 4168 2228 4223 quaenam
2284 4149 2776 4207 condemnationc?
2821 4149 2930 4201 Nisi
2982 4150 3100 4217 quis
3153 4149 3297 4202 enim
3353 4148 3467 4202 hmc
3511 4149 3591 4202 sic

1984 4247 2188 4315 Optime
2215 4244 2526 4314 distinguat,
2574 4252 2845 4309 tamquam
2892 4242 2944 4293 in
2991 4240 3269 4307 profundis
3311 4239 3546 4294 tenebris
3573 4281 3588 4304 ,

1984 4352 2273 4407 rerumque
2299 4336 2614 4390 confusione
2636 4334 2741 4387 huc
2767 4342 2820 4388 et
2846 4332 2973 4386 illuc
2999 4330 3359 4395 circumlatus,
3386 4331 3589 4385 exitum

1983 4447 2091 4486 non
2114 4429 2334 4483 invenit.

2059 4520 2302 4575 Timenda
2326 4535 2355 4569 a
2381 4534 2478 4571 non
2500 4515 2731 4569 timendis
2752 4515 2876 4568 utile
2890 4522 2962 4567 est
2990 4529 3285 4577 secernere;
3322 4522 3583 4581 peccatum

1982 4614 2146 4669 solum
2184 4611 2405 4665 terribile
2434 4622 2504 4664 est
2534 4626 2593 4663 ac
2633 4608 2933 4662 timendum.
2965 4634 3036 4645 —
3065 4604 3178 4659 Nisi
3208 4606 3277 4658 sit
3304 4604 3458 4658 nobis
3489 4603 3588 4659 de-

1986 4708 2193 4761 finitum
2225 4714 2275 4760 et
2307 4705 2652 4759 constitutum
2680 4715 2922 4769 quamam
2951 4697 3165 4767 quidem
3200 4699 3407 4761 timere,
3438 4711 3589 4766 qua:-

1985 4816 2107 4854 nam
2142 4814 2269 4854 vero
2293 4797 2559 4852 exsecrari
2588 4802 2856 4863 oporteat,
2888 4805 3113 4860 magnus
3142 4790 3239 4843 erit
3274 4790 3324 4842 in
3357 4790 3463 4843 vita
3494 4806 3589 4843 er—

1985 4906 2095 4957 ror,
2124 4899 2177 4944 et
2203 4903 2450 4959 magnum
2480 4886 2795 4956 periculum.
2824 4882 2919 4936 Est
2941 4882 3081 4935 enim
3110 4890 3369 4934 extremm
3402 4894 3593 4933 amen-

1985 4983 2071 5037 tiae
2102 4982 2295 5035 timere
2322 4993 2383 5035 ea
2413 4993 2532 5048 qua:
2561 4992 2665 5031 non
2711 4983 2837 5029 sunt
2866 4972 3119 5035 timenda,
3154 4986 3216 5024 ea
3257 4987 3382 5025 vero
3412 4970 3591 5025 ridere

1982 5090 2101 5145 qua:
2127 5073 2248 5143 jure
2278 5070 2513 5126 timenda
2541 5078 2685 5123 sunt.
2716 5066 2771 5121 ln
2806 5066 2907 5123 hoc
2935 5064 3179 5118 homines
3213 5078 3243 5116 a
3276 5064 3453 5129 pueris
3483 5063 3589 5117 dif-

1984 5170 2183 5233 ferunt,
2215 5165 2356 5236 quod
2399 5164 2451 5218 hi
2494 5163 2731 5234 quidem,
2764 5170 2824 5216 ut
2850 5174 3077 5229 quorum
3106 5172 3211 5210 non
3244 5158 3313 5211 sit
3356 5156 3587 5225 perium

1983 5260 2159 5315 adhuc
2188 5257 2558 5328 intelligentia,
2593 5256 2768 5309 larvas
2799 5254 3008 5316 timent,
3035 5250 3385 5319 hominesque
3415 5250 3588 5303 saccis

2048 5456 2065 5486 ι
2100 5462 2219 5511 Vox,
2241 5450 2471 5515 primum,
2496 5450 2640 5498 deest
2660 5448 2708 5495 iu
2731 5444 2873 5495 Savil.
2905 5450 2955 5492 et
2978 5436 3027 5489 in
3051 5453 3151 5489 uno
3173 5438 3363 5488 Codice.

2044 5536 2118 5599 (a)
2153 5543 2251 5585 Non
2275 5542 2421 5597 Syrus
2457 5530 2618 5587 modo,
2643 5529 2733 5578 sed
2775 5528 2921 5599 etiam
2952 5524 3191 5599 ttebretts
3212 5521 3585 5599 ra,habet.

1980 5591 2188 5659 ηοίῂιε
2212 5591 2379 5666 voces,
2405 5609 2545 5657 unus
2569 5604 2705 5682 upy
2729 5603 2825 5679 py,
2843 5593 3131 5658 signiﬁcant,
3158 5591 3387 5655 iniquitas
3423 5594 3589 5641 calca-

1979 5714 2177 5753 nearum
2199 5709 2414 5749 meorum
2437 5690 2754 5745 circumdabit
2776 5701 2884 5753 me;
2904 5689 3043 5749 juxta
3065 5686 3400 5748 Symmachum
3419 5691 3587 5736 autem

1982 5750 2237 5817 vertendae
2259 5770 2393 5824 sunt,
2419 5755 2647 5821 ita'qnitas
2670 5750 2975 5818 vestigiorum
2993 5760 3228 5801 meorum.
