4058 6438
542 372 643 430 1άῖ

542 482 753 537 indutas
775 498 792 547 ;
818 492 1022 553 patrem
1049 487 1224 534 autem
1268 487 1358 531 aut
1401 486 1625 533 matrem
1652 477 1968 532 contumelia
1990 476 2109 531 affi-

540 587 663 628 cere
708 572 842 628 nihil
868 585 987 628 esse
1028 569 1371 633 existimant;
1403 579 1458 624 ct
1500 568 1553 623 in
1584 570 1757 638 ignem
1804 565 2016 637 quidem
2057 575 2114 621 et

542 663 787 719 lucernas
824 660 1072 715 ardentes
1101 658 1352 723 insiliunt,
1381 656 1631 726 strepitus
1651 665 1826 711 autem
1854 655 2112 725 quosdam

544 752 762 807 minime
779 748 1041 805 timendos
1060 749 1411 804 extimesth
1434 764 1448 800 :
1471 746 1568 802 viri
1588 754 1763 801 autem
1781 744 1908 800 nihil
1923 747 2110 799 horum

540 849 749 896 curant.
777 841 910 908 Quia
940 853 1066 909 ergo
1093 838 1243 894 multi
1269 845 1395 891 sunt
1434 836 1614 905 pueris
1641 834 1931 899 stultiores,
1952 832 2113 888 tradit

540 928 680 985 hanc
704 929 1117 991 distinctionem,
1135 937 1193 982 et
1214 926 1341 981 dicit
1364 939 1606 994 quaenam
1636 924 1822 980 timere
1845 930 2108 996 oporteat,

540 1038 645 1077 non
671 1036 737 1077 ea
763 1036 883 1091 qua:
923 1018 1102 1074 multis
1127 1015 1373 1073 videntur
1414 1016 1695 1081 terribilia,
1745 1021 2109 1083 paupertatem

540 1110 683 1178 dico,
714 1108 1075 1180 ignominiam,
1099 1114 1155 1162 et
1199 1107 1445 1162 morbum
1474 1106 1495 1177 (
1519 1105 1633 1161 htec
1672 1103 1813 1160 enim
1842 1118 1950 1157 non
1987 1109 2114 1157 sunt

538 1198 711 1254 solum
740 1199 920 1253 multis
944 1193 1223 1266 terribilia,
1254 1196 1349 1253 sed
1372 1198 1531 1251 etiam
1556 1195 1784 1250 molesta
1812 1202 1868 1248 et
1893 1192 2109 1263 gravia;

535 1299 590 1344 at
616 1288 747 1349 nihil
770 1288 958 1344 borum
984 1288 1086 1343 tale
1104 1300 1226 1343 esse
1249 1287 1475 1357 statuit),
1499 1284 1596 1341 sed
1620 1286 1798 1342 solum
1814 1292 2109 1355 peccatum:

538 1378 641 1434 hoc
665 1379 806 1434 enim
832 1377 935 1432 sibi
955 1377 1066 1432 vult
1090 1376 1241 1441 illud,
1270 1375 1520 1455 Iniquitas
1539 1374 1763 1430 calcmtei
1786 1374 1884 1427 mei
1900 1373 2115 1427 circum-

535 1467 675 1522 dabit
716 1484 815 1523 me.
854 1466 968 1522 [loc
992 1475 1076 1521 est
1117 1481 1243 1536 ergo
1285 1466 1456 1521 oratio
1498 1464 1848 1535 :enigmatica,
1891 1462 1994 1518 hoc
2030 1471 2114 1518 est

536 1574 706 1618 novus
736 1568 918 1627 tropus
943 1566 997 1611 et
1035 1554 1383 1611 admirabilis.
1416 1554 1583 1610 Valde
1624 1553 1766 1608 enim
1813 1566 2004 1607 novum
2028 1551 2111 1607 vi-

538 1648 694 1704 detur
717 1662 837 1703 esse
872 1646 1055 1701 multis
1078 1654 1132 1701 et
1156 1644 1466 1701 admirabile
1504 1644 1702 1712 dicere,
1732 1659 1838 1700 non
1866 1651 2113 1712 oportere

537 1738 827 1808 quidquam
874 1736 1060 1791 timere
1104 1750 1287 1791 eorum
1314 1750 1435 1805 quae
1480 1734 1679 1788 suntin
1706 1735 1808 1788 vita
1852 1733 2030 1803 gravia
2058 1740 2113 1787 et

535 1828 779 1882 molesta.
829 1825 966 1893 Quid
1009 1840 1139 1895 ergo
1193 1824 1411 1891 timebo,
1461 1824 1650 1894 inquit.
1698 1823 1751 1877 in
1798 1823 1888 1878 die
1928 1822 2112 1877 mala?

537 1916 713 1988 Unum
738 1926 967 1983 tantum,
988 1931 1056 1971 ne
1082 1915 1221 1972 forte
1248 1916 1349 1970 vite
1374 1929 1508 1971 mea:
1534 1922 1589 1969 et
1613 1914 1735 1968 vitae
1758 1912 2005 1983 iniquitas
2025 1927 2111 1969 me

535 2007 849 2063 circumdet.
896 2004 1044 2061 Solet
1084 2003 1359 2075 Scriptura
1419 2003 1657 2059 fraudem
1698 2017 1890 2058 vocare
1934 2002 2110 2057 calca-

538 2113 694 2153 neum
728 2114 743 2150 :
776 2096 877 2163 Qui
897 2096 1073 2150 edebat
1094 2094 1259 2157 enim,
1283 2094 1470 2163 inquit,
1497 2108 1690 2147 mecum
1714 2107 1915 2163 pawn,
1942 2102 2111 2146 sustu-

538 2189 595 2243 lit
616 2187 671 2242 in
707 2203 788 2241 me
821 2187 1110 2240 calcaneum
1134 2183 1304 2256 (Ptol.
1346 2183 1437 2239 40.
1484 2181 1593 2255 1ο).
1636 2182 1701 2237 Ει
1741 2181 1883 2237 Esau
1924 2194 2110 2236 rursus

535 2278 749 2334 dicebat
768 2277 837 2333 de
859 2275 1025 2332 Jacob
1053 2292 1071 2331 :
1101 2274 1222 2329 lam
1245 2274 1462 2330 secundo
1486 2289 1565 2328 me
1587 2272 1930 2344 supplantavit
1955 2270 2107 2342 (Gen.

534 2367 622 2424 27.
652 2366 769 2438 36).
816 2366 911 2421 Est
938 2366 1078 2421 enim
1123 2373 1398 2436 peccatum
1438 2379 1528 2420 res
1568 2361 1849 2433 ejusmodi,
1895 2360 2111 2417 fraudu-

535 2459 699 2521 lenta,
748 2462 808 2512 et
849 2466 973 2526 apta
1012 2455 1084 2510 ad
1120 2453 1507 2524 'arripiendum.
1537 2454 1671 2521 Hoc,
1704 2453 1892 2525 inquit,
1921 2467 2110 2509 vereor

538 2556 809 2618 peccatum
836 2546 979 2617 quod
1010 2561 1096 2601 me
1123 2545 1341 2617 decipit,
1367 2545 1505 2615 quod
1542 2560 1629 2601 me
1652 2545 1965 2602 circumdat.

605 2637 659 2691 4.
690 2635 759 2691 Et
779 2635 897 2690 ideo
913 2634 1109 2689 Paulus
1126 2633 1180 2687 id
1203 2642 1351 2688 vocat
1371 2633 1765 2689 circumsistens
1805 2631 1992 2704 (Hebr.
2017 2631 2106 2688 12.

535 2729 613 2796 1),
627 2727 946 2797 signiﬁcans,
961 2725 1011 2782 id
1020 2724 1164 2796 quod
1178 2726 1444 2793 continue,
1460 2724 1601 2796 quod
1616 2726 1790 2794 facile,
1805 2725 1946 2797 quod
1962 2725 2108 2782 nullo

535 2817 701 2872 ambit
727 2826 781 2873 et
802 2815 1094 2873 circumdat
1119 2817 1348 2888 negotio.
1376 2818 1432 2871 in
1455 2816 1539 2873 his
1557 2832 1685 2887 ergo
1709 2817 1919 2887 judiciis
1943 2818 2108 2873 multa

535 2910 725 2964 timent
752 2907 1018 2977 homines,
1041 2918 1096 2963 et
1120 2908 1226 2961 vim
1246 2922 1432 2978 opum,
1462 2917 1516 2963 et
1544 2908 1853 2978 potentiam,
1884 2916 1939 2963 et
1965 2907 2109 2978 inju-

531 3001 696 3067 riam,
723 3008 776 3054 et
800 2997 1038 3054 fraudem
1069 3013 1086 3050 :
1114 2997 1222 3052 illic
1243 3008 1417 3053 autem
1445 2997 1577 3053 nihil
1598 3007 1677 3053 cst
1704 2997 1984 3066 ejusmodi,
2012 2996 2109 3053 sed

534 3097 809 3158 peccatum
848 3086 1024 3142 solum
1065 3096 1147 3142 est
1176 3087 1430 3154 terribile,
1470 3088 1610 3158 quod
1650 3087 1884 3160 undique
1920 3087 2109 3143 circuit

532 3192 629 3232 ens
669 3180 758 3247 qui
805 3178 1104 3246 capiuntur,
1151 3176 1363 3247 gravius
1406 3192 1565 3248 quam
1607 3177 1780 3247 quivis
1820 3179 2106 3234 exercitus.

533 3266 669 3323 Sunt
708 3281 837 3336 ergo
863 3267 1038 3322 omnia
1077 3264 1300 3335 agenda,
1330 3274 1520 3321 utnon
1546 3266 1612 3321 ab
1654 3266 1772 3337 ipso
1810 3266 2107 3323 circumde—

535 3371 691 3419 mur;
718 3364 996 3425 postquam
1016 3362 1191 3408 autem
1213 3354 1495 3409 viderimus
1522 3354 1572 3409 id
1591 3368 1690 3410 nos
1715 3353 1853 3412 velle
1869 3370 2111 3424 compre-

538 3444 792 3509 hendere,
824 3450 1035 3513 oportet
1073 3442 1190 3511 ejus
1236 3441 1542 3498 occasiones
1578 3442 1780 3513 fugere,
1812 3451 1869 3497 ut
1914 3443 2110 3499 faciunt
2168 3459 2175 3462 '

536 3535 731 3605 egregii
760 3530 958 3588 milites
988 3550 1003 3587 :
1034 3532 1174 3603 quod
1200 3532 1245 3587 si
1271 3534 1427 3588 etiam
1471 3530 1608 3604 capti
1637 3533 1913 3601 fuerimus,
1944 3551 2107 3607 opor-

536 3638 609 3683 tet
649 3626 699 3681 id
726 3627 973 3681 celeriter
1016 3625 1340 3692 rescindere,
1370 3625 1813 3695 quemadmodum
1855 3625 1981 3681 fecit
2006 3627 2109 3682 Da-

532 3717 643 3785 vid,
678 3716 765 3787 qni
798 3732 893 3787 per
921 3716 1282 3786 pmnitentiam
1309 3715 1448 3771 vires
1471 3716 1586 3786 ejus
1614 3717 1836 3772 abscidit
1864 3718 1941 3787 (Ξ.
1974 3717 2105 3788 Reg.

536 3808 625 3865 η.
658 3809 771 3878 15).
798 3806 920 3861 Fuit
941 3806 1083 3862 enim
1125 3806 1193 3861 ab
1220 3806 1682 3887 eocircumdatus,
1712 3806 1806 3863 sed
1836 3807 1887 3863 id
1930 3807 2107 3863 statim

536 3899 736 3969 effugit.
763 3898 863 3966 Qui
888 3896 991 3952 hoc
1015 3896 1264 3963 timuerit,
1282 3896 1417 3952 nihil
1433 3889 1578 3952 alin
1603 3913 1853 3968 umquam
1881 3898 2105 3963 timebit,

537 3988 633 4044 sed
680 3988 919 4042 irridebit
965 4000 1027 4041 ea
1054 4002 1172 4057 qua:
1218 3986 1273 4042 in
1303 3988 1550 4057 praesenti
1589 3989 1694 4043 vita
1723 3988 1863 4044 bona
1885 3998 2028 4055 sunt,
2055 3997 2111 4044 et

536 4095 658 4148 qua:
684 4077 905 4134 molesta
948 4085 1070 4130 sunt
1108 4086 1431 4139 contemnet.
1459 4092 1578 4141 cum
1615 4079 1762 4134 solus
1806 4080 1897 4134 ille
1936 4089 2109 4135 metus

538 4171 654 4239 ejus
678 4177 909 4223 mentem
951 4167 1132 4237 agitet.
1160 4167 1303 4221 Nihil
1326 4167 1488 4233 enim,
1520 4170 1649 4223 nihil
1688 4179 1831 4225 certe
1858 4170 1999 4224 aliud
2030 4177 2113 4224 est

540 4259 591 4314 ei
622 4257 973 4320 formidabile,
1018 4256 1109 4325 qui
1146 4264 1228 4309 est
1255 4256 1358 4311 hoc
1404 4259 1591 4311 timore
1633 4259 1885 4327 praeditus
1913 4276 1926 4310 :
1954 4268 2112 4327 atque

536 4349 743 4404 adeone
785 4348 898 4416 ipsa
933 4346 1147 4416 quidem
1174 4360 1341 4409 mors,
1370 4362 1485 4415 qua:
1514 4356 1598 4402 est
1618 4357 1775 4417 caput
1799 4363 1977 4402 rerum
2008 4358 2113 4404 lcr-

539 4439 790 4503 ribilium,
819 4437 919 4491 nisi
956 4436 1057 4490 hoc
1086 4451 1246 4490 unum
1273 4434 1462 4492 solum.
1510 4436 1827 4504 Quomodo?
1851 4438 2110 4506 Quoniam

542 4529 700 4584 tradit
734 4528 1012 4599 gehennae,
1037 4528 1283 4597 quoniam
1337 4527 1647 4581 transmittit
1690 4528 1755 4582 ad
1796 4529 2111 4583 immortalia

538 4618 810 4687 supplicia.
842 4616 898 4672 Si
940 4616 1057 4684 quis
1085 4630 1268 4669 rursus
1295 4616 1346 4668 in
1386 4630 1452 4670 eo
1481 4631 1539 4671 se
1566 4624 1710 4671 recte
1745 4619 1992 4687 gesserit,
2026 4619 2106 4673 in-

542 4709 684 4763 ducit
707 4721 920 4762 omnem
951 4708 1216 4760 virtutem.
1256 4704 1441 4774 Cogita
1471 4708 1613 4761 enim
1642 4719 1836 4776 quanta
1878 4723 1964 4763 res
2006 4710 2108 4776 sit,

542 4813 639 4850 nec
678 4797 830 4851 bonis
872 4795 1029 4851 rebus
1070 4796 1451 4861 intumescere,
1479 4810 1577 4850 nec
1605 4798 1840 4853 molestis
1877 4801 2111 4854 animum

542 4885 838 4949 demittere,
866 4883 1202 4953 prmsentium
1220 4884 1413 4937 nullam
1439 4886 1694 4941 rationem
1707 4888 1920 4958 ducere,
1938 4890 2111 4945 futura

542 4976 830 5039 rczpicere,
863 4974 1001 5028 diem
1043 4974 1189 5028 illum
1218 4984 1547 5044 exspectare,
1582 4976 1634 5030 in
1662 4977 1750 5030 tali
1795 4986 1936 5033 metu
1978 4977 2113 5034 assi-

545 5069 648 5121 due
664 5068 882 5121 versari.
912 5066 1011 5131 Qui
1038 5067 1154 5123 talis
1180 5076 1277 5131 est,
1302 5069 1405 5122 erit
1428 5070 1669 5138 angelus,
1696 5070 1782 5138 qui
1818 5068 1919 5125 hoc
1941 5072 2111 5126 solent

548 5159 781 5214 timuerit
809 5166 862 5211 et
901 5158 1031 5211 nihil
1073 5157 1212 5210 aliud
1240 5175 1254 5211 :
1288 5158 1418 5212 nihil
1460 5160 1601 5212 enim
1632 5159 1773 5212 aliud
1816 5160 2038 5226 timebit,
2065 5163 2111 5215 si

545 5251 649 5306 hoc
673 5265 837 5303 unum
851 5248 1089 5301 timuerit
1109 5256 1165 5301 ut
1189 5248 1372 5302 timere
1396 5258 1604 5317 oportet
1631 5267 1643 5303 :
1672 5250 2111 5319 quemadmodum

545 5341 633 5409 qui
660 5354 764 5393 non
810 5338 913 5392 hoc
941 5337 1191 5403 timuerit,
1216 5338 1260 5392 is
1284 5339 1385 5392 erit
1409 5340 1668 5394 obnoxius
1693 5342 1872 5394 multis
1900 5344 2111 5396 terrori—

550 5433 666 5485 bus.
700 5431 751 5486 7.
802 5429 899 5495 Qui
940 5430 1198 5497 conﬁdunt
1224 5430 1277 5483 in
1305 5431 1481 5484 uirtute
1508 5448 1599 5483 sua
1630 5442 1675 5485 et
1718 5434 1770 5486 in
1798 5434 2116 5489 multitudine

552 5522 834 5575 diuitiarum
872 5536 1078 5571 suarum
1116 5520 1415 5589 gloriantur.
1443 5522 1616 5587 Alius,
1660 5522 2029 5592 Superbientes.
2058 5525 2111 5579 8.

554 5608 733 5662 Frater
756 5626 852 5661 non
878 5609 1095 5669 redimit,
1124 5610 1328 5661 redimet
1354 5611 1501 5662 homo
1518 5610 1543 5661 ?
1566 5609 1683 5665 Non
1714 5612 1849 5665 dabit
1880 5609 1981 5667 Deo
2001 5614 2117 5681 pla-

555 5702 795 5754 cutt'onem
824 5715 985 5767 suam,
1012 5699 1064 5755 9.
1096 5709 1141 5752 et
1161 5701 1371 5769 pretium
1400 5702 1747 5772 redemptionis
1773 5703 1953 5759 anima
1987 5720 2111 5761 ssc.

1226 369 1281 424 S.
1322 366 1597 423 JOANNIS
1628 366 2096 429 CHRYSOSTOMI
2134 361 2451 425 ARCIIIEP.
2494 368 3031 428 CONSTANTINOP.

3699 378 3812 435 29.8

2223 478 2289 533 Et
2324 496 2568 551 quaenam
2597 491 2679 537 est
2708 484 2822 539 haec
2845 488 3228 557 consequentia
3250 490 3273 542 τ
3296 489 3491 546 dixerit
3519 490 3811 562 quispiam.

2219 570 2470 637 Pulchra,
2500 583 2555 628 et
2578 583 2723 629 recte
2743 575 3041 643 coharrens,
3069 588 3125 634 et
3149 594 3471 650 magnopere
3495 581 3818 651 dependens

2218 675 2247 713 a
2272 661 2555 732 prioribus.
2592 664 2727 732 Quia
2757 668 2898 723 enim
2939 669 3254 737 loquebatur
3290 673 3359 728 de
3391 672 3613 741 judicio,
3656 683 3714 729 et
3738 674 3816 730 de

2219 750 2307 805 illa
2354 753 2571 809 terribili
2615 755 2885 812 reddenda
2932 759 3159 825 ratione,
3191 760 3341 819 etde
3379 764 3643 819 sententia
3680 778 3815 833 quae

2219 843 2485 912 corrumpi
2507 858 2614 899 non
2638 856 2811 915 potest
2840 865 2856 902 :
2882 850 3037 905 multi
3062 857 3240 908 autem
3264 854 3317 908 in
3349 854 3414 908 iis
3435 868 3556 925 qua:
3574 853 3663 910 hic
3678 864 3815 910 sunt

2130 996 2133 997 ν
2215 928 2449 999 judiciis,
2472 932 2975 1009 judicibusemptis,
2999 940 3088 1008 jus
3115 951 3485 1010 corruperunt,
3504 953 3559 999 et
3585 959 3809 1014 partam

2221 1019 2490 1088 vitarunt;
2543 1025 2861 1081 sententiam
2908 1028 3053 1083 illam
3098 1045 3221 1100 quae
3262 1033 3484 1089 minime
3530 1036 3812 1107 corrumpi

2220 1117 2392 1179 potest
2419 1113 2736 1183 praedicans,
2781 1127 2833 1172 et
2860 1133 3022 1188 quem
3060 1120 3208 1190 prius
3246 1121 3380 1177 dixit
3416 1125 3657 1181 timorem
3699 1142 3811 1182 au-

2216 1215 2369 1271 gens,
2392 1202 2506 1268 bazc
2529 1203 2823 1274 subjunxit,
2840 1207 3132 1263 ostendens
3151 1222 3211 1265 se
3234 1220 3378 1267 recte
3392 1209 3616 1281 dixisse,
3639 1229 3810 1285 opor—
3852 1210 3853 1213 “

2218 1302 2337 1350 tere
2361 1309 2526 1350 unum
2550 1310 2671 1352 esse
2691 1296 2962 1363 timorem,
2992 1313 3187 1368 nempe
3208 1316 3330 1355 eum
3360 1302 3446 1371 qui
3474 1317 3539 1357 ex
3580 1315 3806 1373 peccato

2221 1384 2601 1454 proficiscitur,
2628 1393 2686 1441 et
2724 1387 2926 1443 nullum
2955 1388 3139 1444 alium.
3184 1390 3280 1445 Ius
3302 1392 3443 1446 enim
3474 1407 3579 1447 non
3621 1404 3805 1464 potest

2220 1472 2331 1528 illic
2380 1475 2649 1546 corrumpi
2696 1477 2917 1545 pecunia
2950 1494 2965 1530 :
2997 1493 3098 1535 nec
3142 1479 3269 1536 licet
3309 1480 3465 1537 donis
3509 1483 3805 1553 seipsume

2216 1564 2461 1634 gehenna
2493 1567 2702 1636 eripere
2730 1588 2744 1623 :
2776 1560 2876 1623 nec
2901 1569 3124 1624 salutem
3147 1569 3339 1626 ali'erre
3369 1580 3542 1641 potest
3562 1576 3801 1643 patroci-

2218 1656 2365 1711 nium
2390 1664 2443 1712 et
2464 1657 2691 1713 oratoris
2715 1657 2977 1726 defensio,
3005 1673 3105 1716 nec
3128 1660 3325 1731 aliquid
3349 1662 3517 1717 aliud.
3544 1663 3804 1731 Quamvis

2216 1749 2360 1804 enim
2391 1749 2466 1804 sis
2491 1748 2658 1813 dives.
2684 1751 2927 1820 quamvis
2955 1760 3164 1822 potens,
3190 1756 3433 1823 quamvis
3455 1756 3610 1812 alicui
3638 1768 3803 1813 notus

2219 1847 2270 1891 et
2294 1837 2592 1906 familiaris,
2613 1838 2730 1895 bac
2753 1841 2935 1896 omnia
2958 1850 3081 1897 sunt
3108 1842 3214 1898 illic
3238 1843 3479 1909 inutilia;
3506 1846 3616 1901 illic
3633 1861 3796 1902 unus-

2217 1927 2442 1998 quisque
2465 1943 2531 1983 ex
2559 1926 2713 1984 factis
2737 1929 2821 1985 vel
2850 1931 3085 2001 punitur,
3112 1930 3195 1987 vel
3216 1944 3520 1988 coronatur.
3547 1934 3804 2002 Quando-

2216 2019 2431 2089 quidem
2461 2028 2516 2075 et
2535 2030 2539 2033 '
2560 2020 2651 2091 qui
2695 2030 2811 2076 erat
2835 2031 2991 2077 etate
3015 2021 3223 2089 Lazari,
3267 2024 3419 2080 valde
3445 2024 3593 2081 dives
3634 2038 3754 2084 erat
3780 2070 3798 2093 ,

2214 2106 2311 2162 sed
2356 2107 2489 2162 nihil
2532 2110 2580 2165 ei
2610 2113 2923 2181 profuerunt
2963 2111 3161 2168 divitia
3207 2111 3358 2187 (Luc.
3409 2115 3499 2187 16)
3530 2134 3545 2173 :
3573 2126 3628 2172 et
3654 2127 3802 2174 notae

2214 2205 2371 2252 erant
2410 2197 2646 2270 virgines
2672 2199 2984 2269 virginibus,
3011 2200 3108 2257 sed
3147 2201 3279 2257 nihil
3305 2218 3399 2259 eas
3419 2204 3558 2274 juvit
3597 2206 3684 2261 illa
3711 2208 3800 2262 fa-

2215 2286 2494 2344 miliaritas
2534 2288 2748 2363 (Matth.
2778 2290 2873 2362 25)
2905 2312 2920 2348 :
2950 2308 3113 2347 unum
3154 2302 3240 2349 est
3274 2294 3421 2350 enim
3466 2295 3577 2352 illic
3620 2298 3798 2353 solum

2217 2379 2358 2450 quod
2381 2381 2663 2449 qnazritur.
2687 2380 2800 2438 Vos
2822 2398 2972 2452 ergo,
2998 2382 3183 2453 inquit,
3213 2385 3302 2455 qui
3323 2386 3514 2456 opibus
3538 2386 3715 2454 liditis,
3741 2402 3801 2443 et

2214 2470 2346 2525 estis
2371 2470 2693 2549 circumdati
2704 2472 2962 2542 potentia,
2991 2471 3186 2528 frustra
3214 2474 3566 2531 intumescitis
3585 2497 3599 2533 :
3620 2492 3800 2548 neque

2218 2559 2361 2614 enim
2383 2560 2660 2617 vobiscum
2684 2561 3071 2617 transmittatur
3096 2562 3149 2617 in
3193 2562 3322 2619 illud
3346 2564 3602 2634 judicium
3630 2582 3795 2637 pecu-

2213 2651 2318 2706 nia:
2358 2650 2701 2717 abundantia,
2747 2666 2849 2707 nec
2896 2654 3037 2708 vires
3084 2654 3372 2723 potentiae;
3402 2655 3499 2712 sed
3544 2671 3645 2712 nec
3684 2656 3797 2714 ulta

2210 2741 2554 2796 necessitudo
2580 2750 2673 2797 aut
2709 2742 2977 2812 cognatio,
3026 2756 3126 2798 nec
3171 2743 3370 2815 aliquid
3407 2745 3669 2814 ejusmodi
3696 2762 3797 2803 vos

2216 2830 2322 2885 illic
2352 2830 2560 2901 eripiet.
2600 2830 2717 2886 Non
2747 2831 2875 2888 licet
2913 2833 3022 2888 illic
3048 2833 3237 2890 solutis
3275 2837 3536 2905 pecuniis,
3563 2846 3653 2893 aut
3686 2838 3796 2895 ulla

2214 2922 2537 2991 explatione,
2566 2930 2658 2977 aut
2680 2922 2854 2993 pretio
2875 2923 3066 2979 animas
3096 2925 3261 2980 ullum
3292 2941 3540 2996 umquam
3567 2930 3793 2984 servari.

2218 3008 2357 3079 Quid
2385 3025 2514 3080 ergo
2543 3018 2625 3066 est
2647 3010 2789 3081 quod
2815 3011 2947 3067 dicit
2970 3012 3242 3082 Scriptura
3272 3034 3287 3070 :
3315 3012 3493 3068 Facite
3516 3015 3652 3070 vobis
3666 3020 3808 3075 ami-

2214 3115 2299 3155 cos
2325 3117 2389 3155 es;
2427 3099 2603 3171 iniquo
2641 3116 2893 3169 montana,
2921 3111 2977 3156 ut
3012 3119 3099 3157 sos
3135 3104 3381 3174 recipiant
3405 3105 3458 3157 in
3487 3116 3675 3160 aterna
3716 3118 3800 3160 ta-

2215 3190 2485 3246 bernacula
2536 3189 2685 3263 (Luc.
2730 3191 2820 3247 is.
2861 3191 2962 3263 9)?
2991 3192 3253 3260 Quidnam
3296 3204 3379 3251 est
3404 3194 3557 3266 quod
3590 3195 3797 3252 dictum

2213 3282 2339 3337 est?
2362 3282 2501 3339 Nihil
2547 3284 2895 3350 contrarium,
2923 3299 3024 3339 nec
3050 3299 3351 3355 repugnans
3377 3286 3661 3355 prioribus,-
3696 3302 3796 3344 seu

2213 3372 2369 3428 valde
2436 3374 2595 3428 etiam
2659 3373 3019 3428 consentiens.
3066 3372 3123 3429 In
3177 3376 3427 3444 praesenti
3490 3377 3636 3432 enim
3687 3378 3799 3434 vita

2212 3461 2437 3520 faciendi
2487 3474 2611 3519 sunt
2664 3464 2861 3530 amici,
2913 3464 3170 3520 solvendo
3219 3467 3469 3536 pecunias
3491 3507 3507 3533 ,
3562 3483 3797 3539 erogan-

2213 3553 2285 3609 do
2321 3563 2384 3610 ac
2420 3554 2783 3611 consumendo
2825 3553 3105 3611 facultates
3146 3556 3198 3610 in
3227 3571 3445 3627 egenos.
3496 3556 3641 3612 Nihil
3665 3574 3797 3629 ergo

2215 3646 2304 3700 hic
2340 3646 2482 3701 aliud
2528 3634 2810 3717 signiﬁcat,
2836 3647 2939 3702 nisi
2985 3646 3185 3717 largam
3231 3658 3286 3703 et
3334 3648 3607 3718 copiosam
3650 3649 3798 3705 elec-

2213 3752 2514 3807 mosynam.
2560 3737 2617 3794 Si
2658 3738 2800 3793 enim
2829 3754 2952 3795 cum
3000 3737 3131 3792 nihil
3176 3753 3363 3794 eorum
3402 3738 3619 3807 feceris,
3668 3740 3798 3797 illuc

2215 3828 2454 3895 recedas,
2509 3843 2667 3884 nemo
2704 3838 2757 3885 te
2803 3828 3072 3885 defendet.
3101 3830 3309 3900 .Neque
3347 3830 3493 3885 enim
3539 3845 3639 3886 nos
3695 3831 3796 3887 de-

2215 3920 2382 3975 fendit
2414 3919 2624 3975 illorum
2667 3919 2922 3987 amicitia,
2960 3919 3054 3976 sed
3079 3919 3221 3989 quod
3258 3936 3327 3975 ex
3364 3936 3611 3977 mamona
3637 3922 3795 3978 amici

2215 4017 2339 4074 facti
2382 4016 2581 4073 fuerint
2609 4036 2624 4076 :
2652 4026 2935 4089 propterea
2964 4016 3178 4085 adjecit,
3203 4017 3404 4072 Amicos
3431 4033 3495 4071 ea:
3518 4034 3753 4072 montana
3775 4058 3795 4085 ,

2217 4118 2275 4163 ut
2302 4110 2437 4164 scias
2464 4108 2605 4178 quod
2632 4108 2747 4176 ipsa
2779 4103 2867 4162 tui
2912 4121 3075 4177 opera
3106 4106 3198 4161 tibi
3236 4116 3456 4177 parcent
3482 4106 3524 4172 ⁸,
3555 4107 3796 4163 eleemo-

2217 4214 2370 4271 syna,
2398 4200 2700 4263 clementia,
2728 4200 2782 4254 in
2807 4213 3065 4269 pauperes
3082 4197 3465 4254 munificentia.
3490 4198 3623 4253 Nam
3652 4199 3795 4269 quod

2218 4304 2318 4343 nec
2346 4289 2617 4358 cognatio,
2648 4303 2747 4343 nec
2790 4288 3126 4344 necessitudo
3152 4288 3439 4359 quidquam
3465 4289 3632 4359 prosit
3671 4287 3798 4343 abs-

2219 4395 2322 4451 que
2350 4379 2618 4449 operibus,
2666 4378 2791 4434 audi
2828 4379 2971 4448 quod
3014 4379 3140 4433 dicit
3180 4379 3436 4448 propheta
3466 4395 3482 4433 :
3510 4377 3573 4435 Si
3606 4379 3797 4434 steterit

2221 4472 2355 4540 Noe,
2383 4484 2429 4527 et
2446 4472 2567 4538 Job,
2595 4483 2642 4526 et
2680 4472 2886 4539 Daniel,
2918 4473 3053 4541 ﬁlios
3078 4487 3195 4525 suos
3221 4481 3268 4525 et
3296 4472 3430 4540 ﬁlias
3448 4488 3568 4525 suas
3603 4487 3703 4524 non
3728 4473 3797 4525 li-

2218 4568 2454 4621 berabunt
2487 4565 2696 4636 (EzecIt.
2740 4567 2830 4621 14.
2864 4567 2954 4622 14.
2986 4566 3098 4635 18).
3126 4564 3195 4619 Et
3226 4565 3352 4635 quid
3392 4563 3514 4619 dico
3540 4565 3593 4619 in
3620 4564 3796 4618 futura

2218 4657 2345 4723 vita,
2372 4656 2583 4725 quando
2612 4670 2709 4710 ncc
2738 4655 2793 4711 in
2840 4654 3091 4726 praesenti
3118 4655 3404 4724 quidquam
3427 4655 3579 4724 juvat
3605 4656 3795 4711 amici-

2221 4748 2288 4802 tia
2314 4748 2338 4801 ?
2374 4747 2639 4815 Quantum
2670 4746 2801 4801 luxit
2828 4757 2884 4801 et
2924 4747 3070 4801 flevit
3097 4746 3333 4813 Samuel,
3365 4756 3419 4801 et
3444 4747 3662 4803 Saulem
3688 4764 3796 4803 non

2217 4838 2413 4906 eripuit
2447 4837 2521 4909 (l.
2555 4836 2684 4906 Reg.
2719 4837 2805 4892 l5.
2836 4835 2926 4907 55)
2951 4836 2975 4889 i
3005 4844 3259 4905 quantum
3289 4852 3416 4891 vero
3442 4848 3691 4906 precatus
3717 4852 3795 4893 est

2219 4926 2497 4992 Jeremias,
2524 4936 2578 4981 et
2604 4924 2816 4980 Judaros
2844 4925 2974 4980 nihil
2997 4924 3133 4995 juvit
3160 4924 3290 4998 (Jer.
3324 4927 3411 4982 M.
3443 4928 3497 4981 7.
3529 4928 3660 4998 ll)?
3692 4928 3800 4984 imo

2221 5019 2379 5073 etiam
2408 5019 2534 5071 dum
2562 5027 2739 5072 oraret
2768 5015 2866 5070 fuit
2908 5015 3285 5085 reprehensus.
3316 5016 3380 5069 Et
3408 5016 3535 5085 quid
3562 5018 3796 5086 miraris,

2220 5110 2262 5163 si
2290 5109 2419 5163 nihil
2460 5108 2655 5177 profuit
2681 5107 2961 5173 Jercmias,
2990 5105 3202 5176 quando
3231 5120 3327 5161 nec
3356 5105 3557 5160 Mosem
3583 5108 3798 5177 quidem

2220 5202 2315 5266 ait,
2357 5201 2401 5254 si
2426 5199 2617 5253 fuisset
2642 5200 2731 5253 illo
2765 5208 3026 5267 tempore,
3058 5212 3275 5252 servare
3301 5198 3536 5267 potuisse
3561 5199 3796 5267 Judzeos,

2220 5291 2649 5361 quandoquidem
2674 5304 2859 5345 eorum
2908 5290 3204 5343 invaiuerat
3230 5289 3486 5358 nequitia,
3516 5304 3615 5343 nec
3638 5305 3705 5344 ex
3739 5306 3800 5347 se

2219 5384 2414 5454 aliquid
2444 5383 2731 5437 attulerant
2760 5380 2885 5452 (Jer.
2915 5382 3001 5436 i5.
3035 5378 3129 5449 1)?

2290 5481 2343 5532 ὃ.
2376 5476 2681 5533 Sanctorum
2706 5491 2905 5544 preces;
2935 5474 3117 5527 animm
3154 5473 3405 5545 dignitas;
3446 5492 3598 5547 Opera
3629 5490 3797 5529 neces-

2285 5656 2299 5683 ι
2336 5658 2473 5698 3mm
2498 5649 2701 5697 Boisiurn
2724 5647 2985 5716 legendum
3003 5659 3153 5713 esset,
3175 5659 3433 5715 protegent,
3456 5666 3559 5716 pro,
3585 5658 3791 5715 par-rem.

2225 5717 2314 5763 Sed
2342 5720 2554 5770 vernum,
2578 5720 2791 5773 parcent,
2809 5714 3026 5775 quadrat.
