4058 6436
241 435 355 500 mi

241 568 389 608 sana
431 561 570 605 sunt.
612 581 680 590 —
721 547 992 614 Quantum
1032 558 1127 614 pro
1168 542 1368 598 Judteis
1407 543 1727 596 lamentatus
1766 550 1850 596 est

245 643 474 710 Paulus,
505 642 689 697 dicens
721 659 734 693 :
771 637 1009 698 Fratres,
1042 637 1174 690 bona
1200 635 1400 704 quidem
1423 634 1654 687 voluntas
1683 632 1851 684 cordis

242 733 347 786 mei
381 742 432 787 et
462 731 740 785 obsecratio
776 729 844 782 ad
881 728 1044 782 Deum
1080 735 1152 780 est
1192 739 1284 794 pro
1327 723 1451 793 ipsis
1479 724 1496 754 ¹
1534 722 1602 776 ad
1639 723 1852 776 salutem

245 823 267 895 (
293 822 452 877 Rom.
488 821 576 876 10.
608 822 630 874 1
653 820 672 891 )
693 819 718 872 ?
743 819 880 887 Quid
908 832 1034 887 ergo
1063 815 1229 869 valuit
1256 814 1372 882 ejus
1401 812 1740 869 obsecratio?
1760 811 1846 866 Nic

243 911 348 969 hil.
379 915 448 970 Et
475 913 604 983 quid
631 913 753 967 dico
783 911 1082 966 obsecratio
1100 950 1114 973 ,
1143 923 1265 961 cum
1291 921 1388 975 pro
1415 906 1492 959 eis
1528 919 1647 959 esse
1687 905 1849 958 etiam

243 1005 540 1060 anathema
567 1004 833 1073 optaverit
859 1000 1032 1074 (Rom.
1064 998 1118 1054 9.
1151 1000 1186 1054 3
1207 998 1225 1068 )
1250 996 1274 1050 ’ἰ
1303 996 1439 1063 Quid
1465 1011 1591 1064 ergo
1612 996 1634 1049 ?
1659 1004 1852 1049 suntn':

241 1109 668 1164 supervacanea:
715 1101 1019 1147 sanctorum
1051 1087 1286 1159 preces?
1329 1086 1677 1155 Nequaquam
1707 1126 1721 1150 ,
1755 1084 1849 1139 sed

242 1199 475 1256 magnas
495 1186 654 1240 etiam
679 1184 822 1237 vires
848 1181 1066 1244 habent,
1094 1177 1309 1248 quando
1331 1186 1383 1229 tu
1412 1189 1623 1246 quoque
1653 1175 1732 1228 eis
1759 1189 1852 1227 au-

245 1272 442 1329 xilium
471 1274 676 1328 tuleris.
713 1272 787 1325 Ita
816 1272 978 1325 etiam
1009 1269 1198 1324 Petrus
1230 1266 1504 1320 suscitavit
1528 1264 1810 1318 Tabitbam
1831 1303 1846 1326 ,

244 1381 356 1419 non
384 1365 561 1419 solum
583 1363 850 1427 oratione,
881 1360 974 1415 sed
999 1361 1158 1413 etiam
1185 1357 1326 1411 illius
1351 1356 1691 1425 elcemosyna
1710 1352 1850 1421 (Act.

245 1454 304 1511 9.
338 1457 429 1511 36.
459 1453 614 1525 sqq.)
643 1472 657 1506 :
687 1455 757 1507 ita
785 1451 952 1506 saneti
981 1458 1196 1504 orantes
1234 1447 1368 1502 alios
1403 1444 1742 1514 adjuverunt.
1786 1443 1852 1496 Et

247 1549 354 1602 hoc
383 1547 598 1617 quidem
631 1545 737 1609 hic,
766 1545 852 1598 ubi
881 1543 1108 1597 stadium
1138 1548 1220 1595 est
1249 1548 1302 1594 et
1330 1539 1469 1592 luela
1499 1554 1511 1590 :
1535 1537 1646 1592 illic
1670 1546 1848 1590 autem

246 1638 383 1693 nihil
413 1638 630 1700 horum,
662 1636 754 1690 sed
779 1643 948 1689 estex
973 1633 1098 1686 solis
1129 1630 1282 1685 factis
1308 1630 1470 1682 salus.
1503 1627 1732 1682 Pulchre
1755 1642 1850 1680 au-

246 1737 358 1783 tem
389 1727 477 1781 hic
513 1726 816 1780 ludiﬁcatur
847 1723 1038 1777 divites
1063 1762 1077 1783 ,
1108 1729 1162 1775 et
1206 1734 1300 1774 eos
1336 1719 1427 1788 qui
1468 1719 1846 1772 intumescunt.

246 1819 432 1890 Neque
470 1821 615 1874 enim
656 1817 829 1881 dixit,
863 1815 961 1882 Qui
1008 1813 1206 1866 habent
1250 1811 1533 1881 pecunias.
1578 1824 1715 1874 nec,
1744 1808 1845 1875 Qui

244 1922 492 1979 magnam
539 1894 752 1961 habent
782 1904 1073 1974 potentiam
1107 1920 1121 1956 :
1153 1900 1245 1955 sed
1270 1943 1284 1963 ,
1335 1900 1436 1964 Qui
1483 1896 1748 1966 conﬁdunt
1790 1897 1845 1950 in

245 2000 571 2055 multitudine
594 1999 884 2051 divitiarum
908 2009 1135 2058 suarum,
1163 2002 1208 2045 et
1226 1993 1276 2044 in
1293 1991 1396 2043 suis
1411 1987 1597 2042 viribus
1613 1987 1845 2058 glorian-

245 2101 348 2158 tur,
371 2107 468 2147 eos
487 2090 718 2145 irridens
743 2097 798 2143 et
824 2089 1091 2143 insectans
1116 2127 1129 2148 ,
1156 2084 1296 2154 quod
1325 2083 1525 2138 umbris
1551 2081 1844 2147 confidant,

247 2192 308 2237 et
346 2191 564 2251 propter
604 2178 807 2234 fumum
850 2193 911 2232 se
939 2177 1230 2231 venditent.
1272 2173 1439 2228 Recte
1466 2180 1643 2226 autem
1668 2171 1840 2237 dixit,

249 2267 481 2327 Pretium
507 2268 869 2340 redemptionis
898 2270 1084 2322 animm
1110 2281 1218 2320 sua:
1258 2280 1360 2318 non
1402 2263 1539 2317 dabit
1567 2279 1586 2316 :
1616 2263 1845 2331 pretium

244 2365 385 2418 enim
412 2363 609 2417 anima:
636 2376 742 2415 non
761 2369 842 2414 est
864 2374 932 2413 ne
961 2357 1245 2411 universus
1265 2353 1479 2423 quidem
1503 2351 1752 2406 mundus.
1782 2350 1848 2405 Et

249 2454 366 2508 ideo
393 2453 610 2508 dicebat
644 2470 657 2506 :
692 2451 828 2518 Quid
852 2449 1052 2519 prodest
1077 2447 1269 2501 honuni
1299 2446 1341 2499 si
1370 2444 1655 2498 universum
1693 2458 1845 2495 mun-

244 2545 364 2597 dum
388 2547 646 2606 lucretur,
675 2543 861 2594 animi:
883 2548 1048 2591 autem
1086 2551 1192 2590 suae
1234 2535 1586 2589 detrimentum
1622 2533 1845 2603 patiatur

249 2633 458 2706 (Matth.
483 2634 570 2690 16.
592 2632 686 2704 26)
703 2633 727 2686 ?
747 2632 815 2687 Ut
836 2639 1012 2686 autem
1043 2629 1181 2684 scias
1201 2643 1268 2683 ne
1294 2630 1601 2682 universum
1628 2623 1844 2695 quidem

247 2726 500 2782 mundum
549 2739 672 2779 esse
711 2724 938 2792 pretium
981 2720 1212 2785 animm,
1255 2717 1378 2771 audi
1418 2716 1668 2786 quidnam
1701 2715 1844 2768 Pau-

254 2814 332 2871 lus
363 2817 510 2871 dicat
533 2815 602 2868 de
623 2813 747 2867 aliis
772 2813 971 2867 salictis
998 2828 1014 2867 :
1045 2809 1411 2864 Circumierunt
1445 2810 1497 2862 in
1532 2805 1693 2864 ovinitl
1715 2815 1764 2860 ct
1791 2807 1845 2861 in

247 2905 465 2976 caprinis
489 2900 732 2974 pellibus.
756 2908 980 2970 egentes,
1003 2901 1191 2969 pressi,
1219 2898 1389 2970 afﬂicti
1405 2939 1420 2962 ,
1455 2896 1634 2963 quibus
1658 2897 1844 2966 dignus

249 3013 342 3051 non
370 3006 478 3051 erat
506 2993 732 3048 mundus
759 2989 940 3061 (Hebr.
968 2991 1052 3045 11.
1074 2990 1164 3043 37.
1193 2989 1304 3058 58).
1335 2987 1562 3044 Mundus
1587 2989 1729 3041 enim
1760 2995 1842 3040 est

249 3098 462 3158 propter
485 3087 742 3141 animam.
775 3080 1231 3150 Quemadmodum
1261 3093 1392 3149 ergo
1422 3093 1526 3130 non
1570 3077 1841 3146 acceperit

251 3188 394 3246 pater
410 3177 630 3231 domum
662 3189 759 3243 pro
778 3173 907 3238 ﬁlio,
933 3174 1002 3226 ita
1027 3187 1124 3227 nec
1149 3172 1294 3226 Deus
1315 3167 1572 3223 mundum
1603 3182 1700 3237 pro
1723 3168 1840 3220 ani-

251 3282 367 3331 ma;
402 3265 497 3320 sed
525 3263 778 3333 operibus
817 3270 873 3315 et
913 3269 1058 3316 recte
1096 3258 1252 3313 factis
1282 3273 1416 3326 opus
1440 3266 1541 3311 est.
1574 3253 1667 3310 Vis
1701 3255 1842 3309 scire

247 3365 498 3424 quantum
550 3354 619 3407 sit
672 3352 898 3421 pretium
949 3350 1242 3402 animarum
1297 3345 1642 3399 nostrarum?
1695 3341 1839 3397 Bed-

247 3457 523 3516 empturus
551 3458 670 3498 eam
701 3441 1040 3511 Unigi-nitus,
1070 3456 1174 3492 non
1217 3434 1471 3490 numdum
1521 3434 1703 3500 dedit,
1733 3449 1838 3488 nou

247 3535 536 3602 hominem,
559 3549 666 3589 non
689 3545 909 3599 terram,
945 3546 1054 3585 non
1075 3544 1241 3594 mare,
1257 3527 1350 3582 sed
1372 3541 1526 3582 suum
1548 3526 1838 3595 pretiosum

247 3634 578 3700 sanguinem.
614 3627 873 3695 Quocirca
918 3621 1128 3677 dicebat
1172 3620 1369 3675 Paulus
1413 3634 1428 3670 :
1472 3614 1646 3671 Pretio
1685 3619 1842 3686 empti

242 3723 378 3785 estis,
402 3720 560 3773 nolite
583 3717 694 3787 ﬁeri
713 3716 843 3770 servi
869 3715 1125 3767 hominum
1156 3711 1230 3778 (l.
1257 3709 1375 3764 Cor.
1398 3707 1449 3762 7.
1481 3706 1555 3761 25
1573 3707 1617 3780 ).
1649 3704 1839 3761 Vidisti

246 3810 660 3881 magnitudinem
685 3807 880 3877 pretii?
908 3801 1131 3872 Quando
1158 3817 1284 3871 ergo
1304 3815 1420 3854 eam
1452 3799 1580 3852 lauti
1604 3807 1838 3866 emptam

245 3901 578 3971 perdideris,
620 3896 888 3969 quomodo
919 3896 1116 3966 poteris
1156 3908 1274 3948 eam
1314 3891 1568 3960 deinceps
1611 3891 1838 3945 emere?

242 3993 473 4048 Christus
502 3993 634 4045 enim
657 4007 688 4042 a
714 3988 922 4041 mortuis
941 3985 1229 4046 suscitatus,
1253 3999 1353 4035 non
1379 3981 1602 4052 amplius
1623 3980 1838 4034 moritur

243 4081 435 4155 (Rom.
462 4083 517 4138 6.
549 4079 644 4154 9).
678 4079 864 4134 Vidisti
901 4093 1058 4147 quam
1103 4077 1174 4129 sit
1223 4073 1452 4142 pretiosa
1508 4072 1682 4125 anima
1719 4111 1734 4136 ,
1785 4079 1840 4125 et

241 4185 436 4248 quanta
466 4175 537 4229 sit
575 4173 688 4241 ejus
725 4170 990 4239 dignitas?
1027 4166 1106 4220 Ne
1151 4179 1268 4219 eam
1317 4179 1444 4232 ergo
1487 4163 1758 4232 negligas,
1789 4172 1840 4216 et

240 4267 506 4336 captivam
534 4262 754 4318 efﬁcias.
783 4257 851 4312 Et
879 4256 1121 4312 laboravit
1145 4258 1196 4308 in
1219 4265 1462 4308 quernum
1480 4292 1495 4318 ,
1522 4253 1610 4307 10.
1642 4261 1686 4305 et
1713 4253 1839 4304 vivet

240 4361 291 4412 in
314 4358 488 4425 ﬁnem.
517 4353 666 4409 Alius
696 4353 957 4419 interpres
983 4348 1149 4410 dixit,
1185 4347 1251 4400 Et
1279 4346 1463 4414 quievit
1491 4345 1543 4398 in
1570 4346 1835 4398 steculum.

247 4453 419 4516 Alius,
445 4451 574 4504 Cum
599 4444 798 4500 desierit
818 4445 932 4496 huic
951 4441 1160 4505 sarculo,
1187 4440 1313 4492 vivet
1333 4439 1384 4491 in
1405 4447 1666 4492 aeternum.
1687 4435 1835 4501 Quo-

241 4543 381 4596 niam
412 4541 556 4594 enim
584 4537 717 4591 dixit
741 4535 805 4588 de
831 4533 1107 4594 divitibus,
1138 4530 1388 4598 quoniam
1411 4527 1542 4581 dixit
1561 4527 1628 4580 de
1651 4534 1838 4595 poten-

240 4632 413 4696 tibus,
449 4639 504 4685 et
531 4627 765 4683 ostendit
791 4640 860 4680 ex
890 4623 973 4677 his
1002 4620 1132 4675 nihil
1165 4619 1298 4673 lucri
1330 4619 1440 4671 ﬁeri
1477 4636 1490 4671 :
1525 4617 1654 4671 dicit
1678 4615 1834 4670 dein-

238 4736 365 4791 ceps
389 4720 458 4776 de
479 4721 544 4773 iis
564 4719 652 4787 qui
679 4717 926 4770 vixerunt
956 4713 1008 4766 in
1041 4710 1255 4772 virtute,
1286 4708 1354 4762 de
1385 4707 1450 4760 iis
1473 4707 1562 4776 qui
1587 4707 1834 4760 vixerunt

240 4814 291 4866 iu
322 4810 596 4866 laboribus
625 4815 680 4862 et
707 4803 1084 4859 afﬂictionibus
1108 4841 1124 4865 ,
1169 4813 1367 4854 acuens
1396 4794 1624 4851 athletas
1652 4796 1834 4867 philo-

239 4901 462 4970 sophiae.
506 4896 624 4951 Noli
663 4897 804 4950 enim
844 4893 946 4947 hoc
985 4890 1115 4944 mihi
1155 4887 1371 4953 dicere,
1399 4884 1505 4952 ait,
1542 4900 1834 4940 aerumnam

240 4990 309 5045 illi
337 5005 402 5046 ac
426 4988 666 5042 laborem
692 4982 1066 5039 exantlandum
1099 4980 1294 5043 fuisse;
1329 4992 1514 5033 verum
1555 4976 1835 5031 considera

241 5082 490 5145 fructum,
515 5077 659 5148 quod
684 5074 847 5130 homo
867 5073 937 5127 sit
957 5067 1297 5133 immortalis,
1324 5066 1465 5138 quod
1486 5068 1592 5121 vita
1616 5067 1834 5121 immor-

241 5173 358 5226 talis
385 5171 648 5239 eseipiat,
677 5167 786 5220 vita
811 5178 931 5233 quae
961 5164 1118 5217 linem
1147 5176 1255 5215 non
1284 5159 1462 5214 habet.
1494 5159 1706 5224 Quanto
1732 5159 1831 5228 igi-

241 5273 323 5316 tur
349 5262 420 5316 sit
451 5259 642 5314 melius
662 5296 676 5317 .
709 5269 830 5310 cum
862 5253 949 5306 hic
976 5266 1163 5321 parum
1193 5249 1524 5304 Iaboraveris
1543 5291 1558 5314 ,
1591 5249 1829 5318 requiem

241 5364 490 5408 mternam
535 5347 751 5419 assequi
780 5387 794 5410 ,
826 5359 983 5414 quam
1019 5359 1141 5398 cum
1179 5342 1267 5398 hic
1297 5342 1390 5397 tibi
1433 5356 1721 5412 parumper
1749 5344 1832 5397 in-

241 5443 488 5506 dulseris,
516 5449 777 5510 perpetuo
797 5434 1067 5491 cruciari?
1091 5431 1294 5490 Deinde
1320 5432 1608 5488 ostendens
1630 5445 1736 5486 non
1767 5432 1831 5486 il-

241 5533 306 5588 lie
326 5532 498 5588 solum
529 5545 650 5585 esse
676 5526 895 5597 praemia
925 5533 978 5579 et
997 5537 1224 5578 coronas
1251 5539 1264 5589 ;
1296 5521 1390 5577 sed
1411 5521 1572 5576 etiam
1601 5521 1687 5576 hic
1701 5535 1833 5592 quo—

241 5639 340 5694 que
365 5636 486 5678 esse
530 5617 787 5690 principia
825 5616 1168 5688 praemiorum
1194 5654 1209 5680 ,
1252 5613 1557 5683 subjunxit:
1587 5612 1674 5668 11.
1711 5609 1832 5666 Non

242 5713 427 5769 ridebit
455 5713 719 5766 interitum
740 5750 756 5775 ,
789 5725 903 5762 cum
942 5705 1120 5762 viderit
1159 5705 1410 5777 sapientes
1439 5704 1720 5759 morientes.
1755 5701 1832 5758 Ne

301 5847 320 5880 ⁸
353 5853 479 5897 Unus
500 5845 614 5896 (ιώ.
631 5879 648 5901 ,
671 5854 762 5905 pro
790 5843 954 5892 Israel.

1365 426 1722 489 EXPOSITIO
1761 428 1827 485 IN
1868 426 2191 486 PSALMUM
2226 424 2455 482 XLVI".

3455 422 3558 479 230

1961 541 2102 594 enim
2138 539 2264 592 mihi
2304 537 2488 603 dicas,
2539 537 2887 593 Solummodo
2932 538 3108 591 futura
3156 539 3438 608 promittis.
3485 544 3556 594 Du

1961 632 2052 685 tibi
2082 630 2168 684 hic
2193 631 2352 685 etiam
2386 631 2604 700 pignora
2634 644 2952 684 coronarum
2983 670 2997 692 ,
3041 631 3146 683 imo
3180 645 3306 685 vero
3347 632 3558 687 arrham

1961 722 2129 790 ipsam
2155 731 2209 776 et
2238 722 2474 791 pnemia.
2496 721 2791 788 Quomodo,
2819 731 2870 775 et
2890 736 3120 790 quanam
3149 724 3393 778 ratione?
3415 725 3553 792 Quo-

1960 813 2100 867 niam
2127 815 2215 884 qui
2246 813 2669 883 philosophatur,
2688 821 2742 868 et
2771 829 2867 882 spe
2897 813 3194 868 futurorum
3220 816 3464 884 erigitur,
3496 838 3564 878 ιη

1959 915 2186 961 mortem
2208 906 2421 975 quidem
2446 913 2671 960 mortem
2693 920 2812 960 esse
2835 905 3036 975 putabit
3058 925 3070 959 :
3090 906 3183 961 sed
3211 906 3394 962 videns
3416 922 3557 960 mur-

1960 1005 2105 1048 tuum
2123 995 2390 1063 jacentem
2414 1004 2538 1049 ante
2558 994 2761 1060 oculos,
2783 1009 2888 1048 non
2912 994 2982 1048 ita
3014 993 3278 1050 afﬁcietur
3303 1006 3358 1049 ut
3382 996 3553 1061 multi,

1957 1100 2078 1139 eum
2097 1085 2236 1156 apud
2253 1099 2312 1140 se
2333 1095 2541 1155 reputet
2558 1100 2806 1150 coronas,
2829 1085 3070 1154 praemia,
3090 1085 3225 1139 bona
3246 1085 3555 1150 ineffabilia,

1957 1190 2074 1244 quae
2097 1191 2272 1244 neque
2297 1177 2485 1230 oculus
2501 1176 2648 1240 vidit,
2671 1190 2768 1231 nec
2784 1176 2928 1231 auris
2949 1175 3151 1229 audivit
3174 1176 3250 1248 (2.
3270 1175 3388 1229 Cor.
3402 1175 3457 1228 2.
3472 1176 3553 1247 9),

1956 1267 2118 1319 vitam
2146 1266 2288 1320 illam
2312 1305 2328 1331 ,
2352 1265 2650 1321 ducendam
2676 1280 2796 1320 cum
2821 1266 3023 1336 angelis
3048 1265 3326 1322 choreum.
3352 1265 3555 1332 Quem-

1955 1359 2243 1413 admodum
2263 1373 2390 1428 ergo
2410 1360 2641 1428 agricola
2665 1373 2786 1414 cum
2811 1358 2955 1413 videt
2982 1357 3311 1414 frumentum
3334 1357 3552 1412 dissolvi

1956 1460 2011 1503 et
2041 1449 2277 1513 interire,
2306 1465 2412 1502 non
2434 1449 2617 1518 abjieit
2642 1449 2900 1514 animum,
2924 1462 3025 1502 nec
3045 1462 3280 1504 maerore
3301 1447 3551 1514 allicitur,

1955 1538 2050 1593 sed
2095 1549 2219 1592 tunc
2265 1539 2494 1593 maxime
2531 1538 2762 1594 exsultat
2797 1547 2850 1592 et
2894 1539 3121 1603 laetatur,
3150 1541 3328 1593 sciens
3357 1539 3471 1593 fore
3496 1550 3553 1593 ut

1953 1628 2046 1683 ille
2075 1627 2318 1682 interitus
2346 1629 2416 1683 sit
2439 1637 2590 1683 ortus
2621 1629 2859 1683 melioris
2889 1629 3207 1697 principium
3231 1669 3244 1691 ,
3277 1637 3334 1683 et
3361 1627 3552 1683 funda-

1957 1728 2194 1774 mentum
2226 1718 2444 1790 majoris
2472 1719 2759 1774 lertilitatis
2787 1736 2802 1771 :
2835 1719 2908 1773 ita
2937 1721 3096 1772 etiam
3120 1716 3317 1787 justus,
3346 1719 3436 1788 qui
3463 1735 3552 1774 re-

1955 1819 2042 1865 cte
2087 1811 2237 1865 factis
2264 1811 2558 1880 gloriatur,
2601 1817 2657 1864 et
2702 1823 2923 1880 regnum
2967 1809 3208 1880 quotidie
3236 1819 3551 1879 exspectat,

1955 1902 2169 1973 quando
2208 1904 2399 1957 viderit
2437 1911 2662 1958 mortem
2703 1903 2858 1957 sitam
2898 1911 3020 1956 ante
3051 1903 3234 1957 oculos
3259 1942 3275 1970 ,
3319 1919 3424 1958 non
3451 1919 3551 1959 au-

1953 1995 2116 2064 gitur,
2152 2007 2250 2048 nec
2273 2008 2332 2048 se
2362 1992 2583 2049 afﬂictat
2611 2002 2667 2049 ut
2705 1994 2897 2060 multi,
2940 2008 3046 2048 non
3092 2004 3316 2050 vexatur
3341 2005 3397 2050 et
3433 2010 3552 2065 per-

1956 2086 2198 2139 turbatur
2221 2102 2234 2138 :
2258 2086 2358 2139 scit
2380 2085 2545 2152 enim,
2568 2095 2791 2141 mortem
2811 2086 2876 2140 iis
2892 2085 2980 2155 qui
3004 2095 3146 2140 recte
3166 2087 3412 2142 vixerunt
3431 2102 3552 2142 esse

1953 2175 2323 2244 migrationem
2354 2184 2408 2231 et
2437 2176 2715 2230 transitum
2758 2175 2825 2230 ad
2869 2177 3088 2231 meliora
3113 2217 3128 2242 ,
3156 2186 3211 2231 et
3237 2190 3453 2232 cursum
3482 2179 3549 2231 ad

1952 2266 2290 2336 accipiendas
2313 2281 2560 2321 coronas.
2589 2267 2858 2334 Quasnam
2883 2277 3062 2322 autem
3089 2266 3220 2322 dicit
3245 2269 3550 2338 sapientes‘!

1953 2356 2068 2412 Non
2090 2372 2184 2413 eos
2202 2357 2292 2428 qui
2315 2371 2440 2412 vere
2460 2365 2584 2411 sunt
2605 2358 2894 2427 sapientes,
2918 2357 3012 2412 sed
3032 2357 3122 2427 qui
3141 2357 3410 2428 sapientes
3430 2372 3552 2414 esse

1950 2448 2344 2503 existimantur.
2375 2447 2499 2503 Mihi
2527 2457 2710 2503 autem
2740 2446 2950 2503 videtur
2973 2449 3153 2504 dicere
3183 2458 3437 2505 externos
3464 2465 3551 2505 sa-

1952 2538 2180 2608 pientes,
2209 2553 2305 2593 eos
2330 2538 2450 2593 ideo
2477 2537 2707 2595 irridens
2725 2578 2741 2606 ,
2769 2537 2911 2608 quod
2940 2553 3061 2593 cum
3090 2537 3400 2594 viderentur
3428 2554 3549 2594 esse

1949 2628 2219 2697 sapientes
2241 2669 2256 2693 ,
2289 2628 2436 2683 stulti
2473 2628 2596 2684 facti
2618 2631 2724 2684 sint
2742 2670 2756 2693 ,
2778 2644 2899 2684 cum
2926 2628 2996 2685 de
3022 2630 3413 2686 resurrectione
3441 2645 3548 2686 non

1948 2721 2056 2774 sint
2082 2720 2441 2791 pbiIOSOpbati
2471 2721 2646 2792 (Rom.
2679 2722 2732 2776 1.
2763 2720 2894 2792 22).

2021 2810 2167 2866 Mors
2181 2811 2513 2866 substantiam
2527 2828 2629 2867 non
2649 2812 2911 2878 interimit;
2942 2815 3244 2868 resurrectio
3263 2817 3544 2868 communis

1947 2901 2191 2956 omnium.
2207 2931 2276 2940 —-
2292 2901 2515 2967 Quando
2537 2917 2665 2972 ergo
2690 2902 2879 2958 viderit
2898 2904 3021 2960 illos
3046 2903 3395 2974 philosophos
3415 2919 3537 2974 per-

1945 3003 2155 3057 euntes,
2169 3007 2289 3047 cum
2305 2993 2570 3056 lamentis.
2587 2993 2915 3064 laerymis.et
2929 2994 3068 3049 lucta
3081 2995 3270 3058 elatos,
3287 3004 3413 3050 tunc
3428 2996 3542 3064 ipse

1947 3081 2079 3135 nihil
2106 3081 2210 3137 tale
2239 3082 2486 3152 patietur,
2517 3082 2610 3136 sed
2639 3085 2741 3137 erit
2765 3085 2885 3138 telis
2914 3084 3174 3154 ejusmodi
3196 3087 3458 3154 superior,
3491 3100 3546 3141 ut

1945 3171 2035 3241 qui
2078 3171 2215 3226 bona
2249 3185 2345 3241 spe
2387 3172 2643 3243 erigatur,
2683 3182 2740 3229 et
2781 3174 2916 3230 sciat
2955 3177 3098 3231 hunc
3128 3176 3402 3232 interitum
3437 3193 3544 3232 neu

1948 3263 2255 3318 interimere
2283 3263 2655 3330 substantiam,
2696 3266 2789 3320 sed
2829 3275 3033 3322 tantum
3063 3269 3463 3332 mortalitatem,
3494 3283 3546 3325 ot

1945 3356 2340 3424 corruptionem
2372 3370 2707 3413 consumere.
2739 3358 2864 3413 llazc
2897 3362 3036 3414 enim
3062 3376 3207 3417 mors
3237 3377 3343 3416 non
3371 3363 3546 3432 perdit

1943 3462 2160 3517 corpus,
2193 3449 2286 3503 sed
2314 3449 2581 3503 consumit
2610 3451 3008 3519 corruptionem
3034 3469 3049 3506 :
3071 3453 3367 3508 substantia
3394 3454 3541 3508 enim

1945 3547 2161 3602 manet,
2187 3548 2241 3593 et
2265 3539 2493 3609 resurgit
2516 3554 2636 3594 cum
2665 3541 2852 3610 majori
2882 3550 2936 3596 et
2962 3543 3203 3612 ampliori
3229 3544 3420 3614 gloria,
3449 3546 3544 3600 sed

1945 3643 2052 3682 non
2081 3629 2341 3684 omnium.
2369 3629 2711 3685 Resurrecuo
2741 3633 2884 3685 enim
2911 3632 3014 3686 erit
3038 3633 3276 3687 omnium
3302 3649 3545 3690 comnm-

1945 3719 2029 3775 nis
2062 3738 2075 3772 :
2109 3720 2430 3774 resurrectio
2472 3731 2650 3776 autem
2693 3738 2813 3776 cum
2857 3723 3022 3792 gloria
3045 3764 3060 3789 ,
3103 3728 3404 3781 communis
3441 3728 3544 3783 erit

1944 3827 2128 3867 eorum
2168 3813 2256 3881 qui
2293 3823 2438 3867 recte
2487 3815 2751 3869 vixerunt.
2799 3814 2971 3870 Simul
2998 3816 3241 3885 insipiens
3280 3828 3327 3873 et
3356 3820 3542 3874 stultus

1945 3901 2208 3972 peribunt,
2243 3902 2327 3956 12.
2359 3911 2406 3955 et
2441 3902 2720 3970 relinquent
2748 3903 2926 3958 alienis
2954 3904 3156 3958 divitias
3181 3922 3321 3960 suas.
3359 3906 3427 3961 Et
3451 3923 3537 3962 se-

1945 3995 2122 4063 pulcra
2165 4010 2338 4047 eorum
2385 3993 2564 4047 domus
2592 4010 2766 4048 eorum
2800 3995 2852 4048 in
2891 4006 3135 4052 aeternum
3166 4014 3185 4050 :
3215 3999 3542 4053 tabernacula

1944 4101 2117 4138 eorum
2142 4085 2192 4136 iu
2220 4083 2507 4154 progeniem
2545 4093 2591 4136 et
2632 4085 2919 4153 progeniem
2948 4102 2967 4140 :
2999 4096 3299 4140 vocaverunt
3333 4089 3539 4142 nomina

1946 4177 2105 4229 suain
2134 4176 2279 4229 terris
2303 4176 2428 4229 suis.
2455 4176 2605 4230 Alius
2628 4175 2777 4242 dicit,
2811 4175 2937 4241 Qua:
2955 4187 3071 4232 sunt
3095 4179 3228 4231 intra
3252 4179 3431 4234 domos
3455 4195 3540 4232 eo-

1941 4283 2056 4318 rum
2084 4267 2137 4320 in
2166 4275 2426 4321 (sternam.
2459 4266 2638 4333 Alius,
2672 4265 3024 4322 Ilabitationes
3051 4285 3222 4323 eorum
3246 4271 3298 4324 in
3325 4287 3541 4342 genera-

1945 4358 2128 4411 tionem
2154 4399 2167 4423 ,
2216 4359 2530 4413 nominantes
2566 4358 2850 4412 nominibus
2873 4360 2977 4412 suis
3018 4368 3176 4413 terras
3206 4361 3244 4413 ¹.
3281 4361 3537 4417 llebrmus

1942 4459 2119 4504 autem
2141 4491 2153 4513 ,
2186 4452 2277 4504 Ale
2313 4451 2589 4508 adamoth.

2015 4543 2069 4596 6.
2101 4542 2290 4598 Vidisti
2315 4542 2582 4612 quomodo
2607 4558 2712 4596 non
2736 4541 2905 4597 solum
2932 4558 2996 4596 ex
3026 4541 3238 4608 futuris,
3263 4543 3356 4597 sed
3385 4559 3448 4598 ex
3477 4545 3541 4596 iis

1941 4636 2101 4688 etiam
2125 4649 2243 4703 quzc
2266 4633 2352 4689 hic
2377 4635 2628 4688 eveniunt
2650 4632 2896 4697 ,abdueit
2917 4649 2947 4686 a
2975 4633 3102 4687 vitio
3122 4635 3266 4690 etab
3291 4636 3535 4699 avaritia,

1941 4734 1997 4779 et
2021 4725 2236 4780 deducit
2260 4724 2327 4778 ad
2355 4724 2624 4786 virtutem,
2658 4723 2710 4777 in
2739 4723 2978 4792 pecuniis
3005 4723 3361 4792 congerendis
3390 4726 3538 4779 insa-

1944 4817 2084 4869 uiam
2106 4830 2390 4879 coercens,
2422 4824 2476 4868 et
2498 4829 2593 4869 eos
2614 4814 2702 4883 qui
2733 4813 3082 4880 preesentibus
3112 4815 3336 4881 inhiant,
3366 4829 3537 4886 eaque

1941 4909 2292 4975 admirantur,
2313 4906 2508 4963 stultos
2531 4920 2751 4972 vocans,
2782 4914 2836 4960 et
2863 4905 2912 4959 id
2935 4920 3032 4975 per
3059 4920 3149 4959 res
3178 4904 3322 4974 ipsas
3349 4915 3536 4962 osten-

1940 4999 2116 5054 dens?
2138 4996 2278 5063 Quid
2297 5006 2378 5052 est
2396 4996 2565 5059 enim,
2582 4994 2690 5060 dic,
2721 5008 2926 5063 quaeso,
2959 4994 3174 5049 stultius
3201 4993 3419 5050 homine
3447 4998 3539 5065 qui

1941 5092 2166 5155 laborat,
2196 5100 2248 5146 et
2276 5105 2335 5144 se
2361 5089 2652 5156 excruciat,
2683 5097 2738 5142 et
2763 5097 2937 5142 tantas
2964 5103 3093 5156 opes
3122 5097 3447 5158 congregat,
3482 5101 3541 5142 ut

1940 5199 2004 5238 ex
2032 5183 2150 5253 ejus
2177 5181 2447 5236 laboribus
2473 5180 2562 5234 alii
2593 5194 2654 5234 se
2682 5179 2952 5247 voluptate
2981 5179 3268 5248 expleant?
3300 5178 3426 5249 quid
3456 5192 3537 5233 est

1940 5273 2042 5330 hoc
2069 5274 2211 5329 inani
2241 5273 2422 5329 labore
2449 5271 2686 5326 deterius
2706 5312 2721 5337 ,
2750 5268 2964 5340 quando
2990 5273 3102 5339 ipse
3129 5270 3345 5339 quidem
3371 5269 3538 5325 sudu-

1941 5380 2027 5420 res
2053 5373 2106 5419 et
2135 5363 2344 5418 labores
2372 5375 2656 5432 perpessus
2683 5360 3007 5425 decesserit,
3035 5360 3154 5415 aliis
3192 5369 3371 5414 autem
3399 5359 3538 5417 divi-

1942 5457 2045 5510 tias
2074 5453 2324 5510 l'ruendas
2349 5455 2623 5524 reliquerit
2647 5494 2660 5519 ,
2695 5461 2750 5507 et
2774 5467 2874 5508 nec
2897 5451 3163 5524 aliquibus
3189 5451 3408 5523 quidem
3438 5467 3535 5508 ne-

1985 5607 2002 5639 ι
2041 5605 2159 5655 Hec
2196 5603 2349 5654 lectio
2377 5606 2456 5652 est
2489 5601 2804 5662 Symmachi:
2836 5600 3053 5650 secunda
3084 5611 3211 5662 pars
3232 5597 3510 5662 Symmachi

1921 5666 2086 5716 fertur
2101 5664 2159 5714 in
2187 5663 2427 5727 Hexaplis
2452 5659 2666 5723 nostris,
2700 5662 2785 5712 ubi
2807 5665 3023 5724 legitur,
3068 5659 3390 5727 ὄνομάραντες
3439 5659 3511 5706 ἐπ’

1921 5754 2184 5864 ῗνομασίαν
2237 5722 2392 5801 attith
2437 5752 2520 5806 τὰς
2560 5753 2714 5814 γαίας.
2765 5722 2921 5801 Hebr.
2971 5749 3163 5802 mm}:
3197 5722 3314 5808 ⁷511,
3361 5759 3508 5810 super

1938 5829 2094 5864 ρι’νηε.

1938 5829 2094 5866 erras.
