4058 6434
564 421 664 476 ‘2'.“

560 530 806 585 cessariis
827 538 880 584 et
899 526 946 582 ei
977 526 1325 580 familiaricae
1347 522 1662 592 conjunctis,
1691 518 1782 575 sed
1806 531 1949 587 sirpe
1971 515 2130 572 etiam

562 618 799 673 hostibus
824 627 878 671 et
903 615 1174 671 inimicis?
1200 613 1266 668 Et
1301 613 1424 668 ideo
1463 628 1568 667 non
1599 608 1769 676 dixit,
1798 608 1928 663 Aliis
1946 647 1962 672 ,
2002 607 2096 660 sed
2115 646 2130 668 ,

562 708 751 763 Alienis
777 707 1052 773 relinquent
1077 705 1275 757 divitias
1296 719 1432 756 suas.
1465 697 1602 770 Quid
1629 708 1714 755 est
1734 702 1932 763 autem,
1965 694 2137 753 Simul

560 799 800 869 insipiens
840 805 887 850 et
921 797 1104 850 stultus
1143 793 1413 865 peribunt?
1438 791 1606 849 Simul
1632 805 1754 846 cum
1783 789 1849 843 iis
1873 787 1962 857 qui
1990 787 2136 856 prius

561 889 689 944 dicti
713 897 870 950 sunt,
903 886 1088 954 inquit.
1132 885 1230 939 llic
1265 883 1390 938 mihi
1417 882 1624 937 videtur
1661 879 1822 935 verba
1863 876 2039 932 facere
2067 875 2134 930 de

564 978 758 1048 impiis,
789 977 877 1046 qui
906 975 999 1030 toti
1031 974 1192 1029 rebus
1217 971 1566 1043 praesentibus
1589 968 1734 1024 affixi
1763 975 1907 1032 sunt,
1939 979 2136 1036 easque

565 1067 893 1137 suspiciunt,
920 1065 986 1120 de
1012 1063 1200 1118 futuris
1217 1071 1393 1117 autem
1422 1061 1552 1116 nihil
1581 1057 2039 1129 philosophantur,
2070 1069 2130 1109 ea

567 1159 633 1212 de
655 1171 813 1212 causa
840 1169 1035 1209 vocans
1062 1168 1156 1208 eos
1181 1151 1505 1222 insipientes.
1536 1149 1592 1204 Si
1620 1148 1762 1204 enim
1793 1144 2010 1217 posthac
2032 1185 2046 1209 ,
2079 1153 2136 1198 ut

566 1258 736 1317 putas,
767 1232 898 1300 nihil
923 1246 1046 1311 erit,
1073 1247 1169 1298 cur
1196 1243 1421 1311 teipsum
1449 1253 1611 1294 vexas
1638 1247 1693 1294 et
1718 1235 2009 1299 excrucias,
2036 1250 2135 1288 un-

561 1342 722 1409 dique
763 1338 1011 1408 pecunias
1049 1338 1342 1406 cOngerens
1363 1374 1380 1400 ,
1411 1341 1466 1388 et
1492 1331 1700 1386 labores
1729 1329 1940 1400 quidem
1969 1327 2132 1382 susti-

565 1443 718 1494 nens,
742 1429 966 1482 fructum
991 1434 1168 1481 autem
1200 1439 1302 1478 non
1331 1421 1670 1494 percipiens?
1694 1417 1764 1473 Et
1791 1417 2020 1488 sepulcra
2047 1431 2134 1469 co-

559 1535 673 1571 rum
715 1517 893 1572 domus
931 1514 1135 1570 illorum
1160 1515 1213 1567 in
1241 1522 1500 1567 (sternam.
1547 1509 1657 1565 Hoc
1680 1507 1825 1573 dicit,
1859 1506 1996 1561 sicut
2022 1511 2137 1559 erat

561 1622 743 1662 eorum
785 1603 1122 1661 existimatio.
1169 1599 1512 1657 Tabernacula
1546 1607 1721 1653 eorum
1757 1597 1811 1651 in
1850 1595 2134 1666 progeniem

563 1706 610 1748 et
638 1699 918 1767 progeniem
941 1711 960 1758 ;
989 1701 1284 1748 vocaverunt
1312 1690 1515 1744 nomina
1537 1705 1630 1744 sua
1657 1689 1710 1742 in
1739 1686 1884 1741 terris
1903 1687 2027 1740 suis.
2055 1684 2135 1753 (a)

564 1788 734 1859 [Alius
749 1797 922 1841 autem
941 1785 1086 1851 dicit,
1108 1782 1234 1850 Quia
1250 1792 1366 1837 sunt
1385 1783 1519 1835 intra
1539 1779 1714 1834 domos
1733 1793 1903 1833 eorum
1919 1777 1972 1830 in
1988 1785 2133 1831 teter-

564 1895 702 1931 nnm.
731 1876 980 1931 llebrmus
995 1882 1192 1939 autem,
1203 1865 1696 1928 Carermnbatlteimo
1710 1863 2134 1939 laltolam.]Quid

566 1969 664 2033 hac
696 1965 922 2020 amentia
962 1962 1128 2034 possit
1168 1975 1289 2016 esse
1323 1960 1557 2015 deterius
1579 1997 1597 2024 ,
1631 1972 1789 2029 quam
1827 1964 2010 2026 putare
2042 1967 2132 2010 se-

565 2054 742 2124 pulcra
769 2068 890 2109 esse
919 2051 1136 2108 domum
1165 2048 1515 2121 perpetuam?
1541 2049 1594 2102 in
1621 2047 1691 2102 iis
1715 2044 1938 2116 gloriam
1968 2041 2135 2099 ambi-

564 2146 703 2199 tioso
731 2143 976 2213 persequi
994 2141 1021 2195 ’ἲ

637 2232 997 2302 Sepulcrorum
1030 2233 1207 2302 fastus.
1237 2227 1411 2282 Virtus
1449 2241 1628 2281 nomen
1667 2221 1951 2279 immortale
1979 2223 2132 2292 parit.

569 2321 756 2376 Petrus
781 2321 998 2391 piscator
1023 2317 1237 2372 Romam
1261 2317 1542 2386 occuparit.
1562 2343 1634 2354 —
1654 2312 1799 2368 Multi
1819 2319 1966 2368 certe
1994 2325 2136 2381 smpe

568 2414 811 2484 sepulcra
835 2418 1244 2468 construxerunt
1260 2406 1713 2486 magnificentiora
1742 2403 2009 2459 domibus.
2037 2402 2135 2458 γει

575 2505 717 2559 cnim
751 2502 993 2557 hostibus
1018 2499 1261 2555 laborant
1282 2539 1297 2564 ,
1324 2505 1378 2553 et
1405 2496 1744 2563 alliictantur,
1776 2494 1861 2550 vel
1885 2494 2053 2549 venui
2083 2501 2138 2548 et

567 2593 756 2658 cineri,
779 2591 897 2646 hazc
912 2591 1074 2645 stulte
1100 2595 1496 2644 consumentes.
1526 2585 1668 2640 Talis
1692 2585 1834 2639 enim
1852 2590 1934 2639 est
1950 2597 2134 2638 eorum

568 2696 719 2737 mens
735 2689 789 2735 et
807 2682 1085 2742 sententia,
1101 2678 1190 2749 qui
1215 2677 1284 2733 de
1311 2677 1499 2732 futuris
1515 2673 1644 2730 nihil
1665 2684 1898 2744 sperant.
1926 2671 2030 2728 Sed
2053 2673 2138 2726 hic

567 2771 696 2825 mihi
737 2769 881 2826 venit
909 2770 960 2825 in
991 2776 1223 2824 mentem
1252 2766 1529 2837 deplorare
1560 2804 1576 2830 ,
1606 2763 1746 2834 quod
1783 2763 1934 2818 multi
1976 2765 2134 2818 etiam

565 2873 775 2924 eorum,
814 2859 902 2928 qui
929 2863 1144 2928 sperant
1186 2857 1377 2921 futura,
1403 2855 1524 2908 illos
1555 2853 1653 2907 hac
1673 2853 1727 2906 in
1751 2867 1810 2906 re
1839 2853 2132 2918 imitentur,

565 2949 653 3020 qui
681 2947 876 3002 nullam
908 2947 1102 3002 habent
1127 2960 1276 3015 spem
1317 2943 1610 2998 futurorum
1637 2982 1653 3006 ,
1696 2941 1937 3012 sepulcra
1964 2939 2134 2995 aedifi-

567 3047 768 3100 cantes,
808 3046 862 3091 et
901 3035 1150 3106 praeclara
1192 3033 1513 3088 monimenta
1543 3041 1930 3096 construentes,
1973 3039 2027 3084 et
2053 3045 2138 3083 au-

567 3143 686 3183 rum
727 3125 1062 3189 inlodientes,
1091 3133 1145 3177 et
1171 3136 1294 3176 suas
1319 3122 1594 3176 facultates
1619 3120 1686 3174 ad
1711 3120 1843 3174 alios
1872 3120 2140 3174 transmit-

569 3227 777 3274 tentes:
802 3215 892 3287 qui
915 3213 1127 3284 quidem
1154 3219 1278 3266 sunt
1302 3213 1398 3266 hac
1424 3214 1475 3266 in
1503 3226 1559 3265 re
1577 3211 1682 3264 illis
1705 3210 2016 3266 deteriores.
2036 3209 2134 3276 Qui

568 3308 709 3364 enim
731 3315 846 3375 post
871 3303 985 3357 haec
1007 3300 1137 3356 nihil
1165 3307 1455 3368 eXSpectat,
1483 3298 1692 3354 etiamsi
1716 3298 1767 3353 id
1789 3297 1915 3353 facit
1941 3307 2135 3366 praeter

571 3398 846 3460 rationem,
864 3403 1095 3448 attamen
1116 3391 1236 3461 quia
1254 3389 1384 3444 nihil
1403 3396 1702 3459 exspectat,
1723 3404 1877 3445 suum
1900 3388 2134 3445 laborem

567 3500 622 3544 et
661 3485 970 3542 industriam
1011 3479 1217 3538 confert
1258 3481 1310 3534 in
1361 3493 1448 3534 res
1493 3489 1799 3549 praesentes.
1827 3477 1908 3534 Tu
1936 3487 2140 3544 autem,

571 3578 750 3641 homo,
775 3574 866 3644 qui
893 3571 1030 3627 nosti
1059 3570 1222 3624 vitam
1253 3569 1501 3632 futuram,
1529 3577 1582 3622 et
1603 3568 1742 3623 bene
1767 3566 1856 3622 illa
1892 3566 2135 3623 ineffabi-

569 3671 660 3733 lia,
690 3675 744 3722 et
768 3663 907 3735 quod
947 3679 1011 3718 es
1039 3661 1182 3717 dioto
1204 3659 1504 3730 cvangelico
1527 3699 1542 3726 ,
1573 3657 1709 3712 Iusti
1736 3668 1854 3713 tunc
1879 3659 2137 3730 fulgebunt

568 3766 694 3817 sicut
739 3763 814 3816 sol
846 3759 1054 3830 (Matth.
1085 3759 1177 3812 13.
1206 3756 1332 3820 45);
1363 3768 1519 3825 quam
1565 3753 1772 3808 veniam
1814 3755 2132 3822 assequeris,

568 3851 835 3924 quomodo
863 3860 917 3906 te
941 3848 1217 3912 defendes,
1247 3845 1391 3916 quod
1420 3859 1524 3899 non
1554 3843 1869 3913 supplicium
1892 3844 2012 3912 jure
2040 3859 2135 3912 pa-

569 3943 737 4009 tieris,
779 3941 868 4011 qui
895 3941 982 3994 hic
1009 3938 1186 3993 omnia
1212 3951 1493 3992 consumas
1518 3935 1570 3989 in
1593 3934 1830 4003 pulvere,
1853 3933 1906 3987 in
1931 3934 2131 4000 cinere,

571 4035 625 4087 in
664 4031 1038 4094 monumentis,
1073 4029 1126 4083 in
1154 4027 1414 4093 hostibus,
1447 4023 1789 4079 ininimicis?
1828 4021 2137 4078 Vocauerunt

569 4123 773 4176 nomina
798 4121 894 4174 sua
927 4119 981 4172 in
1007 4117 1151 4172 terris
1174 4117 1301 4170 suis.
1329 4115 1466 4169 Ecce
1493 4112 1638 4168 aliud
1678 4126 1846 4184 genus
1869 4114 2135 4180 amentiae,

568 4211 827 4274 mdiliciis,
869 4209 1011 4279 agris
1037 4213 1095 4263 et
1121 4199 1324 4266 balneis
1367 4220 1461 4260 sua
1507 4205 1720 4260 nomina
1746 4205 2060 4271 inscribere,
2083 4215 2138 4260 et

569 4309 757 4372 putare
796 4313 856 4355 se
891 4300 1136 4368 magnam
1160 4295 1573 4350 consolationem
1599 4309 1666 4350 ex
1703 4310 1769 4350 eo
1797 4296 2059 4363 accipere,
2087 4305 2142 4349 et

573 4390 813 4446 umbram
829 4403 927 4458 pro
950 4389 1029 4442 rei
1048 4387 1268 4440 veritate
1291 4386 1558 4454 persequi.
1588 4383 1645 4438 Si
1663 4385 1806 4438 enim
1831 4392 2138 4453 perpetuam

571 4479 883 4537 memoriam
922 4476 1215 4542 desideras,
1265 4491 1333 4529 ne
1376 4489 1590 4538 nomen,
1617 4489 1652 4528 o
1690 4469 1871 4540 homo,
1905 4475 2142 4531 aediﬁciis

572 4571 830 4628 inscribas
853 4609 869 4635 ,
901 4567 996 4624 sed
1021 4559 1216 4636 tropaea
1246 4573 1391 4620 recte
1418 4565 1676 4620 factorum
1718 4565 1913 4635 erigas,
1941 4575 2060 4636 quae
2083 4575 2140 4621 et

572 4663 625 4716 in
669 4657 923 4729 priesenti
951 4657 1058 4710 vita
1084 4669 1279 4710 nomen
1309 4653 1401 4709 tibi
1428 4662 1765 4720 conservant,
1805 4663 1862 4710 et
1888 4655 1941 4709 in
1967 4654 2139 4711 futura

573 4751 682 4805 vita
719 4747 1071 4806 immortalem
1101 4745 1193 4800 tibi
1218 4744 1454 4814 requiem
1489 4753 1817 4814 comparant.
1845 4742 1902 4800 Si
1929 4745 2002 4802 sis
2033 4762 2146 4802 me-

579 4838 764 4893 moria:
807 4834 1047 4905 cupidus,
1072 4847 1172 4904 ego
1213 4841 1267 4888 to
1306 4832 1474 4888 doceo
1497 4832 1636 4888 viam
1682 4845 1862 4890 veram
1891 4844 1945 4890 et
1988 4849 2142 4906 aper-

580 4929 834 4984 tissimam
865 4923 1111 4980 :virtutis
1138 4935 1321 4978 curam
1359 4937 1506 4991 gere.
1551 4921 1691 4978 Nihil
1714 4925 1857 4980 enim
1890 4924 2016 4980 facit
2043 4941 2142 4981 no-

582 5036 706 5077 men
729 5019 864 5074 adeo
887 5016 1207 5082 immortale,
1235 5021 1295 5070 ut
1314 5024 1499 5070 natura
1520 5015 1755 5071 virtutis.
1775 5016 1832 5072 ld
1856 5015 2144 5074 ostendunt

581 5099 864 5180 martyres,
903 5106 1188 5163 ostendunt
1224 5106 1583 5177 apostolorum
1625 5107 1885 5177 reliquiae,
1914 5112 2143 5167 ostendit

582 5199 836 5256 memoria
859 5211 1041 5253 eorum
1067 5188 1158 5266 qui
1179 5203 1391 5251 recteet
1410 5196 1464 5250 in
1489 5195 1686 5251 virtute
1713 5197 1975 5253 vixerunt.
2003 5199 2145 5267 Quot

581 5304 734 5360 reges
758 5289 916 5343 urbes
942 5286 1308 5352 condiderunt,
1338 5295 1522 5358 portus
1542 5297 1937 5356 exstruxerunt,
1964 5302 2019 5346 et
2047 5307 2144 5346 no-

641 5412 716 5475 (a)
745 5419 857 5475 qu
889 5409 968 5475 hic
1010 5392 1198 5475 (Induis
1237 5409 1526 5475 clauduntur
1568 5413 1617 5475 in
1657 5411 1889 5464 νει-εἱωο
1929 5417 2146 5466 Gentiani

581 5469 914 5539 mrem-nec
928 5471 980 5519 in
999 5469 1146 5520 aditis
1166 5483 1262 5539 nec
1283 5472 1333 5523 in
1512 5471 1768 5539 habentia,
1788 5487 1852 5539 ac
1871 5477 2147 5539 redundare

582 5536 837 5592 uocumr’;
860 5543 970 5594 qua
991 5539 1157 5580 autem
1176 5530 1256 5580 hic
1277 5531 1628 5603 exprimuntur_
1646 5530 1829 5603 latinis
1871 5535 2031 5603 literis
2050 5545 2145 5588 tte-

583 5593 928 5670 hraies‘verba,
948 5611 1019 5662 sic
1040 5611 1090 5660 iu
1113 5608 1318 5662 Hebraeo
1340 5593 1552 5672 exstant,
1573 5593 1739 5674 ἀπ’)
1763 5599 1933 5671 γαπ-τι
1955 5622 2106 5676 nam
2128 5659 2143 5685 ,

582 5697 1037 5813 ἆυπαῗῗκῧῗθηὶι
1053 5704 1218 5753 nescio
1234 5703 1360 5764 quis,
1385 5715 1492 5765 qua
1513 5712 1620 5754 sunt
1640 5704 1768 5777 intra
1802 5707 1966 5760 domos
1982 5722 2146 5760 eorum

1269 414 1324 467 S.
1365 410 1642 468 JOANNIS
1679 401 2156 462 CIIRYSOSTOHI
2196 400 2514 458 ARCHIEP.
2555 401 3087 460 CONSTANTINOI’.
3712 400 3835 453 '25:!

2249 514 2479 569 minibus
2514 517 2625 570 suis
2667 517 2925 586 impositis
2967 517 3330 580 decesserunt,
3376 529 3473 569 nec
3524 526 3702 568 tamen
3745 528 3836 568 eis

2242 599 2526 674 quidquam
2575 596 2768 674 profuit
2797 647 2811 670 ,
2847 605 2952 661 scd’
2978 606 3190 660 silentio
3220 615 3274 659 et
3306 604 3557 659 oblivioni
3585 603 3837 658 mandati

2243 706 2366 750 sunt
2394 699 2407 750 ε
2459 697 2694 751 Piscator
2729 707 2910 750 autem
2945 698 3153 762 Petrus,
3183 696 3272 766 qui
3302 695 3432 750 nihil
3457 693 3583 750 fecit
3606 708 3833 758 eorum,

2241 790 2488 859 quoniam
2518 789 2763 843 virtutem
2795 796 2876 844 est
2906 798 3256 858 persequutus
3281 830 3294 854 ,
3327 797 3383 842 et
3410 788 3678 843 civitatem
3706 799 3829 839 ma-

2243 879 2384 931 xime
2413 878 2609 947 regiam
2636 876 2912 944 occltpavit
2936 919 2952 943 ,
2980 877 3138 932 etiam
3171 884 3291 946 post
3325 877 3550 931 mOrtem
3577 876 3837 944 resplen-

2241 965 2329 1018 det
2353 965 2467 1020 sole
2486 967 2698 1020 clarius.
2731 965 2881 1034 Quod
2915 974 2966 1019 tu
2994 977 3170 1020 autem
3199 966 3327 1020 lucis
3352 1006 3368 1029 ,
3399 975 3481 1020 est
3509 964 3835 1032 ridiculum,

2240 1062 2293 1105 et
2323 1055 2534 1122 plenum
2567 1041 2872 1124 ignominia.
2917 1055 3037 1109 llaec
3063 1057 3204 1110 enim
3233 1056 3559 1110 monimenta
3591 1071 3700 1110 non
3729 1067 3819 1109 so-

2246 1143 2353 1198 lum
2379 1160 2482 1199 non
2514 1156 2564 1200 te
2590 1144 2790 1200 clarum
2821 1145 3063 1212 reddent,
3096 1146 3187 1201 sed
3217 1148 3376 1201 etiam
3404 1143 3600 1202 facient
3625 1146 3839 1200 ridicu—

2242 1232 2371 1299 lum,
2400 1242 2464 1288 et'
2496 1247 2590 1288 ora
2615 1235 2852 1288 omnium
2880 1236 3139 1304 aperient.
3166 1235 3409 1290 Aidilicia
3435 1237 3578 1291 enim
3607 1252 3715 1291 non
3747 1237 3836 1290 si-

2242 1333 2376 1377 nunt
2418 1334 2558 1378 tuam
2597 1325 2871 1379 avaritiam
2897 1366 2910 1390 ,
2956 1341 3075 1395 quae
3121 1326 3372 1381 oblivioni
3405 1327 3539 1381 tradi
3591 1335 3832 1396 poterat,

2242 1415 2497 1481 temporis
2520 1428 2746 1468 excursu
2773 1415 3033 1484 exstingui
3058 1455 3073 1480 ,
3102 1426 3156 1468 ct
3195 1427 3336 1469 stant
3365 1417 3529 1470 veluti
3557 1417 3836 1470 columna

2239 1510 2292 1555 et
2338 1511 2749 1571 trapaea'erecta
2797 1505 3055 1559 adversus
3104 1506 3398 1559 avaritiam.
3434 1507 3520 1561 l3.
3555 1504 3627 1559 Et
3671 1507 3835 1561 homo

2239 1606 2353 1644 cum
2373 1591 2428 1644 in
2450 1594 2640 1646 [tenere
2661 1602 2803 1659 esset,
2833 1610 2932 1648 non
2962 1595 3203 1649 intellexit
3230 1612 3249 1649 :
3285 1607 3604 1666 comparatus
3632 1609 3708 1652 est
3725 1601 3832 1667 ju-

2241 1672 2417 1734 mentis
2439 1681 2807 1747 insipientibus,
2838 1694 2884 1737 et
2909 1685 3086 1738 similis
3112 1689 3277 1756 factus
3305 1697 3376 1740 est
3403 1687 3524 1741 illis.
3556 1687 3655 1743 llic
3687 1689 3828 1742 mihi

2239 1769 2445 1823 videtur
2489 1769 2742 1840 deinceps
2779 1773 3034 1843 propheta
3077 1775 3376 1844 deplorare,
3432 1777 3574 1847 quod
3623 1778 3830 1833 animal

2239 1861 2459 1915 rat-iouis
2486 1863 2764 1932 particeps,
2791 1864 2876 1918 cui
2900 1863 2998 1918 fuit
3025 1865 3272 1920 traditum
3308 1882 3526 1936 regnum
3557 1869 3610 1921 in
3640 1870 3830 1931 terris.

2238 1965 2306 2006 eo
2343 1949 2710 2020 declinaverit,
2740 1963 2796 2009 ut
2818 1965 2962 2010 esset
2990 1973 3093 2010 non
3123 1959 3300 2012 minus
3324 1960 3428 2012 vile
3455 1958 3824 2030 etabjectum,

2239 2055 2397 2114 quam
2425 2044 2611 2113 bruta,
2648 2044 2774 2100 dum
2803 2047 2855 2100 in
2895 2047 3053 2103 rebus
3081 2049 3234 2103 vanis
3262 2049 3483 2116 laborat,
3517 2059 3572 2106 et
3598 2066 3661 2106 ea
3701 2067 3831 2122 qu-c

2238 2147 2364 2191 sunt
2407 2151 2517 2192 sua:
2564 2137 2719 2193 saluti
2757 2139 3023 2194 contraria
3066 2139 3302 2203 molitur,
3344 2141 3554 2197 inanem
3593 2142 3828 2211 gloriam

2241 2228 2594 2298 persequitur,
2623 2230 2842 2284 avaritia
2892 2239 3120 2297 tenetur,
3152 2233 3204 2285 in
3247 2232 3406 2287 rebus
3446 2233 3718 2291 inutilist
3764 2252 3830 2290 se

2239 2326 2473 2372 exercet.
2509 2317 2686 2372 Virtus
2729 2319 2868 2373 enim
2906 2329 2988 2374 est
3027 2321 3196 2375 honor
3216 2322 3466 2387 hominis,
3488 2332 3542 2377 et
3568 2323 3634 2378 de
3659 2324 3830 2379 rebus

2240 2407 2431 2463 futuris
2475 2409 2856 2480 pbilosOpltari,
2886 2421 2939 2466 et
2967 2413 3144 2467 omnia
3176 2427 3485 2483 procurare,
3516 2431 3633 2486 qua:
3660 2417 3728 2471 ad
3760 2418 3831 2472 il-

2241 2497 2346 2553 lam
2372 2499 2532 2554 vitam
2563 2501 2848 2570 pertinent,
2881 2509 2935 2555 et
2964 2505 3244 2572 praesentia
3286 2505 3578 2574 negligere.
3624 2505 3824 2560 Bruto-

2245 2608 2364 2647 rum
2391 2582 2531 2647 enim
2557 2591 2660 2646 vita
2685 2595 2959 2662 praesentis
2988 2595 3108 2648 vitae
3139 2594 3396 2649 limitibus
3437 2597 3773 2652 concluditur
3807 2616 3827 2654 :

2241 2691 2418 2737 nostra
2445 2693 2618 2737 autem
2646 2683 2813 2739 tendit
2835 2684 2900 2738 ad
2929 2684 3082 2738 aliam
3121 2687 3417 2752 meliorem,
3444 2697 3497 2742 et
3524 2689 3673 2756 cujus
3704 2706 3820 2746 non

2239 2784 2321 2829 est
2351 2774 2490 2829 finis.
2520 2774 2624 2830 Sed
2655 2773 2709 2829 bi
2736 2776 2911 2845 qui'de
2939 2773 3128 2831 futuris
3153 2777 3282 2831 nihil
3313 2779 3507 2845 sciunt,
3538 2789 3662 2835 sunt
3683 2781 3820 2838 bru-

2241 2865 2310 2919 tis
2336 2864 2627 2920 deteriores
2659 2883 2674 2919 :
2703 2881 2806 2921 nec
2828 2867 2865 2920 ii
2887 2867 3059 2922 solum
3091 2909 3106 2934 ,
3138 2867 3230 2922 sed
3270 2868 3430 2922 etiam
3461 2871 3548 2940 qui
3583 2871 3828 2927 scelera-

2243 2964 2346 3008 tam
2395 2964 2449 3009 ct
2496 2955 2751 3024 perditam
2777 2958 2936 3013 vitam
2977 2967 3159 3027 agunt,
3191 2967 3378 3029 utp0tc
3425 2961 3514 3030 qui
3546 2961 3672 3016 liant
3699 2977 3827 3018 scr-

2242 3054 2447 3113 pentes,
2473 3045 2685 3114 scorpii,
2710 3054 2763 3100 et
2780 3045 2887 3116 lupi
2914 3057 3128 3117 propter
3152 3049 3562 3119 improbitatem,
3590 3061 3642 3107 et
3655 3053 3828 3111 boves

2242 3144 2458 3203 propter
2483 3135 2806 3202 vecordiam,
2837 3145 2890 3191 et
2915 3152 3074 3193 canes
3105 3149 3321 3206 propter
3343 3140 3743 3210 impudentiam.

2310 3225 2361 3278 7.
2407 3224 2571 3278 Virtus
2591 3226 2701 3279 sola
2725 3228 3014 3280 memoriam
3042 3227 3314 3298 gloriosam
3340 3233 3508 3298 parit;
3531 3249 3680 3301 quam
3701 3235 3828 3305 glo-

2239 3317 2374 3370 riOsa
2414 3325 2594 3368 natura
2637 3315 2889 3381 hominis;
2932 3330 3120 3386 quanta
3162 3319 3321 3372 animi
3371 3322 3625 3390 dignitas;
3664 3323 3823 3381 homo

2239 3405 2397 3459 brutis
2417 3413 2757 3473 comparatus.
2781 3435 2851 3445 —
2872 3404 3006 3471 Quid
3028 3408 3191 3475 enim,
3221 3408 3334 3474 dic,
3356 3422 3559 3476 qumso,
3580 3418 3664 3464 est
3683 3409 3820 3466 insi—

2241 3491 2470 3564 pientius
2506 3494 2570 3549 iis
2595 3495 2684 3564 qui
2727 3495 2778 3549 in
2810 3495 3068 3565 sepulcris
3110 3505 3165 3552 et
3188 3499 3548 3554 monumentis
3595 3515 3820 3571 operam

2239 3580 2391 3638 suam
2415 3584 2694 3651 collecaut,
2718 3593 2771 3640 et
2791 3584 2859 3640 ad
2882 3585 3105 3640 aliorum
3133 3586 3406 3641 nominum
3436 3590 3822 3660 appellationes

2240 3684 2383 3729 stant
2427 3674 2636 3730 hiantes
2682 3684 2738 3731 et
2782 3676 3123 3731 mirabundi?
3151 3676 3289 3731 Nihil
3320 3679 3459 3733 enim
3504 3683 3818 3738 memoriam

2240 3764 2400 3819 efﬁcit
2431 3776 2778 3838 przcterquam
2809 3769 2920 3822 sola
2941 3769 3128 3835 virtus,
3161 3786 3264 3823 non
3290 3771 3450 3836 mdes,
3477 3787 3580 3827 non
3598 3783 3812 3840 statua),

2242 3869 2346 3906 non
2375 3854 2484 3918 filii,
2513 3869 2620 3910 non
2639 3855 2835 3924 aliquid
2855 3855 2994 3910 aliud
3017 3856 3295 3925 ejusmodi.
3328 3858 3491 3914 :15ch
3514 3861 3656 3916 enim
3679 3877 3819 3933 Opus

2240 3952 2364 3997 sunt
2391 3944 2697 4010 architecti,
2743 3949 2928 3999 statuat
2968 3945 3248 4014 statuarii,
3282 3945 3371 4001 ﬁlii
3398 3963 3526 4003 vero
3565 3961 3815 4016 naturae;

2242 4037 2315 4089 tui
2353 4043 2531 4090 autem
2568 4051 2824 4105 nusquam
2854 4044 2935 4091 est
2958 4039 3232 4093 memoria.
3264 4038 3332 4093 Et
3370 4039 3490 4095 ideo
3515 4050 3670 4096 vocat
3691 4056 3816 4098 eum

2243 4127 2452 4181 brutum
2484 4127 2739 4198 propheta
2768 4145 2782 4180 :
2811 4129 3059 4197 quoniam
3095 4144 3215 4182 cum
3242 4131 3556 4200 insipientia:
3586 4148 3646 4188 se
3687 4134 3820 4204 jugo

2242 4216 2564 4282 submiserit,
2613 4218 2769 4272 bruto
2803 4217 3040 4273 deterius
3087 4219 3318 4275 ducitur.
3367 4221 3500 4277 illud
3547 4225 3691 4280 enim
3733 4235 3824 4282 est

2240 4307 2371 4364 utile
2396 4316 2452 4363 et
2478 4297 2668 4378 aptum
2685 4308 2750 4362 ad
2780 4309 3156 4378 agriculturam
3182 4327 3198 4375 ;
3228 4312 3314 4366 hic
3355 4321 3553 4380 autem,
3582 4316 3670 4384 qui
3716 4330 3820 4379 se—

2244 4395 2416 4466 ipsum
2440 4397 2664 4467 subjecit
2681 4398 3018 4466 insipientia,
3039 4399 3128 4453 illo
3147 4401 3306 4454 etiam
3333 4401 3386 4455 in
3417 4401 3517 4456 hoc
3539 4401 3711 4459 factus
3735 4417 3820 4461 est

2244 4487 2498 4542 deterior.
2525 4488 2784 4556 Quoniam
2809 4489 2952 4543 enim
2968 4491 3214 4559 superius
3242 4492 3468 4558 dixerat,
3487 4508 3645 4564 quam
3671 4506 3819 4553 esset

2245 4594 2396 4634 meus
2415 4595 2596 4635 eorum
2623 4582 2818 4647 crassa,
2849 4589 3082 4646 terrena,
3113 4581 3233 4636 vilis
3259 4589 3312 4636 et
3336 4583 3561 4652 objecta,
3584 4595 3639 4641 et
3656 4599 3816 4658 quam

2247 4665 2447 4723 inutilis
2474 4678 2617 4725 esset
2640 4669 2793 4726 labor
2815 4684 2998 4725 eorum
3027 4670 3086 4724 in
3124 4671 3378 4741 cogendis
3416 4676 3691 4742 pecuniis:
3721 4691 3830 4731 vo-

2249 4758 2366 4814 lens
2402 4759 2723 4829 amplificare
2762 4768 2946 4814 eorum
2989 4762 3416 4828 accusationem,
3464 4763 3680 4820 adducit
3725 4767 3819 4823 Dei

2247 4846 2501 4906 beneficia
2533 4869 2546 4904 :
2591 4850 2734 4921 quod
2758 4851 2933 4906 solent
2967 4865 3108 4920 saepe
3137 4851 3313 4908 facere
3336 4854 3626 4924 prOph'ette.
3658 4857 3820 4913 lsaiss

2247 4943 2412 5007 enim,
2455 4956 2577 4997 cum
2620 4945 2766 4996 esset
2809 4944 2902 4996 eas
2925 4951 3288 5006 accusaturus,
3335 4943 3564 5012 primum
3605 4944 3818 5017 quidem

2249 5031 2378 5086 dicit
2401 5028 2659 5086 honorem
2683 5045 2788 5100 quo
2815 5029 2982 5086 Judaei
3007 5047 3037 5086 a
3069 5031 3178 5086 Deo
3219 5032 3393 5088 affecti
3415 5043 3560 5101 sunt,
3589 5036 3660 5090 ita
3683 5037 3821 5091 scri-

2250 5123 2381 5178 bens
2401 5140 2414 5175 :
2438 5120 2601 5176 Filios
2625 5123 2807 5191 genui,
2836 5130 2883 5175 et
2922 5122 3144 5176 exaltari
3171 5137 3190 5175 :
3226 5123 3324 5190 ipsi
3345 5133 3513 5177 autem
3542 5140 3620 5179 me
3649 5124 3824 5179 nihili-

2252 5209 2650 5284 {ecerunt‘asah
2680 5211 2732 5266 ί.
2758 5211 2837 5280 2).
2865 5210 2978 5266 Hoc
3001 5211 3160 5282 igitur
3183 5213 3236 5266 in
3267 5213 3386 5268 loco
3410 5253 3426 5278 ,
3455 5227 3557 5268 una
3586 5213 3821 5271 dictione

2254 5302 2531 5359 declarans
2553 5301 2808 5359 beneﬁcia
2836 5318 2954 5372 quas
2990 5302 3234 5359 homines
3260 5318 3292 5358 a
3318 5303 3429 5359 Deo
3457 5307 3814 5375 acceperunt,

2260 5393 2442 5458 Homo,
2488 5393 2674 5464 inquit,
2723 5403 2836 5445 eum
2870 5393 2922 5445 in
2974 5391 3164 5447 honore
3207 5401 3356 5459 esset,
3405 5407 3509 5446 non
3555 5392 3816 5449 intellexit.

2251 5487 2543 5555 Quemnam
2588 5494 2764 5539 autem
2815 5482 2944 5539 dicit
3006 5483 3305 5539 honorem?
3357 5483 3494 5540 Audi
3550 5497 3674 5540 eum
3720 5485 3823 5541 alio

2251 5578 2461 5634 Psalmo
2487 5578 2750 5633 dicentem
2779 5573 3048 5630 :Hinuisti
3084 5587 3197 5628 eum
3223 5574 3377 5643 paulo
3399 5575 3563 5628 minus
3581 5575 3643 5628 ab
3667 5591 3822 5646 ange-

2255 5672 2335 5736 lis,
2363 5672 2525 5743 gloria
2552 5679 2598 5723 et
2622 5670 2808 5722 honore
2825 5665 3076 5722 coronasti
3095 5665 3243 5736 eum(
3270 5664 3414 5721 Psal.
3435 5668 3488 5722 8.
3511 5665 3544 5721 ϐ
3561 5668 3600 5736 ).
3628 5665 3822 5721 Deinde

2257 5775 2530 5833 exponens
2556 5760 2836 5827 honorem,
2861 5754 3169 5828 subiungit:
3206 5755 3392 5811 Omnia
3436 5755 3692 5827 σιώ]εὼεὲ
3735 5761 3821 5809 suo
