4058 6428
230 347 330 407 235

236 483 444 553 peditus
489 479 602 549 ejus
625 517 638 538 ,
671 488 803 537 eccs,
828 479 874 523 et
913 467 1057 520 bores
1099 461 1390 553 universas
1416 456 1626 553 insuper
1653 455 1698 503 et
1727 461 1816 553 pe-

383 538 577 638 campi,
604 565 830 620 volucres
854 557 966 613 ccli
989 564 1038 610 et
1071 554 1229 622 pisces
1253 546 1410 638 maris
1431 544 1519 613 qui
1551 538 1823 638 put-imbu-

234 664 339 716 ιω
597 653 754 708 utaris
781 647 958 720 (Ibid.
988 661 1036 699 ο.
1064 643 1117 699 8.
1141 641 1221 710 9).
1251 637 1350 692 Hic
1376 642 1459 690 est
1482 631 1626 686 enim
1653 629 1826 720 honor

237 754 388 821 longe
412 747 704 808 maximus,
733 717 800 796 ei-
813 739 867 793 in
893 735 1070 791 omnia
1099 746 1220 802 qua:
1239 717 1827 821 videntur-permisisse

238 808 604 898 damnatum,
633 830 793 899 idque
840 840 961 882 cum
997 821 1130 878 nihil
1172 825 1317 874 recte
1365 811 1638 884 gessisset.
1688 808 1824 899 Cum

239 931 378 986 enim
407 940 534 983 eum
567 897 805 978 nondum
836 917 1101 978 tinxisset,
1126 909 1300 965 dixit:
1332 905 1610 960 Faciamus
1654 897 1823 952 homi-

240 1038 349 1076 nem
362 1020 432 1074 ad
453 1016 729 1086 imaginem
765 1021 811 1064 et
827 1003 1207 1063 similitudinem
1221 1006 1447 1053 nostram
1467 991 1625 1086 (Gen.
1644 990 1697 1044 Ι.
1710 987 1826 1086 Eli).

247 1107 447 1166 Deinde
477 1079 843 1174 interpretans
864 1094 994 1152 illud
1018 1135 1034 1162 ,
1057 1093 1138 1146 Ad
1172 1087 1441 1158 imaginem
1464 1125 1480 1151 ,
1499 1079 1824 1179 subiunxit,

243 1201 304 1256 Et
328 1197 544 1270 prasini
567 1169 788 1264 piicibtts
825 1187 981 1241 maris
999 1225 1014 1249 ,
1041 1193 1089 1238 et
1107 1178 1396 1270 volatilibus
1417 1173 1529 1270 cali
1545 1214 1561 1240 ,
1582 1179 1632 1226 et
1660 1169 1828 1270 lies-liis

241 1258 402 1346 tare.
431 1285 501 1341 Et
541 1258 683 1337 hunc
715 1281 931 1335 brevem
950 1315 966 1341 ,
991 1269 1348 1327 tricubitalem
1378 1264 1475 1337 (α),
1525 1269 1582 1317 et
1623 1258 1829 1314 viribus

241 1377 485 1449 corporis
510 1373 684 1430 brutis
725 1369 888 1438 longe
923 1364 1229 1420 inferiorem
1252 1401 1268 1420 .
1315 1355 1539 1449 rationis
1565 1351 1827 1449 afﬁnitate

246 1438 364 1524 fecit
388 1463 604 1522 cunctis
629 1458 1006 1518 excelsiorem,
1035 1452 1268 1507 animam
1295 1444 1611 1502 rationalem
1634 1441 1684 1496 ei
1715 1438 1825 1494 lar-

245 1561 382 1628 gitus
410 1575 424 1611 :
454 1552 599 1625 quod
641 1549 858 1622 quidem
888 1554 971 1602 est
1001 1541 1224 1598 honoris
1261 1541 1473 1607 signum
1513 1531 1826 1628 maximum.

245 1626 341 1706 i’er
359 1659 490 1702 eum
514 1643 658 1699 enim
678 1640 921 1696 civitates
936 1632 1194 1696 condidit,
1223 1643 1372 1684 mare
1395 1626 1589 1691 secuit,
1621 1632 1820 1677 terram

241 1740 421 1804 coluit,
443 1743 592 1791 artes
616 1730 820 1788 invenit
849 1723 1285 1787 innumerabiles,
1313 1717 1603 1775 ferociores
1625 1713 1832 1770 belluas

245 1826 533 1900 superavit,
569 1820 791 1892 etquod
810 1827 894 1874 est
914 1816 1151 1872 omnium
1178 1812 1468 1900 maximum
1497 1817 1552 1900 et
1574 1807 1829 1900 primum,

248 1895 436 1983 ῡέιιω,
459 1916 552 1986 qui
583 1913 709 1968 fecit
734 1912 908 1981 ipsum
926 1948 942 1974 ,
972 1904 1250 1976 cognovit,
1281 1910 1337 1956 et
1366 1899 1433 1955 ad
1458 1899 1704 1952 virtutem
1730 1895 1829 1949 de-

246 2011 438 2067 ductus
477 2016 584 2071 est,
609 2004 863 2072 novitque
889 1997 1021 2071 quid
1044 1999 1116 2054 sit
1135 1997 1355 2058 bonum,
1382 1990 1508 2064 quid
1535 2004 1713 2046 secus.
1733 1988 1834 2044 εδ-

246 2103 322 2158 lus
348 2116 416 2155 cx
453 2099 521 2153 iis
543 2110 667 2168 qua
690 2093 967 2158 videntur,
987 2090 1155 2145 Deum
1182 2095 1330 2149 orat;
1363 2082 1717 2138 revelationes
1741 2093 1832 2134 ac-

247 2194 426 2262 cepit,
456 2190 618 2259 idque
643 2186 795 2241 solus
817 2197 1006 2239 rursus
1035 2198 1050 2235 :
1093 2179 1343 2250 cognovit
1363 2176 1531 2232 multa
1557 2187 1751 2230 arcana
1779 2181 1835 2227 et

248 2281 557 2344 ineﬂahilia,
587 2276 778 2333 didicit
794 2289 917 2345 qua
953 2280 1078 2328 sunt
1106 2272 1159 2326 in
1186 2270 1385 2333 caelis;
1415 2275 1634 2337 propter
1659 2266 1833 2334 ipsum

251 2383 420 2437 terra,
448 2378 672 2439 propter
699 2367 876 2435 ipsum
898 2363 1109 2426 caelum,
1134 2370 1351 2430 propter
1372 2358 1545 2429 ipsum
1570 2353 1653 2410 sol
1682 2363 1737 2409 et
1758 2353 1835 2408 si-

247 2463 394 2527 dera,
419 2467 645 2532 propter
673 2459 848 2528 ipsum
887 2455 1029 2509 luna:
1053 2465 1264 2517 cursus,
1291 2455 1674 2519 tempestatum
1700 2458 1831 2500 con-

247 2552 662 2619 rersionumque
680 2543 1072 2602 vicissitudines
1087 2543 1142 2610 ¹;
1169 2551 1387 2612 propter
1409 2539 1582 2608 ipsum
1609 2534 1837 2601 fructus,

247 2643 467 2700 arbores
490 2649 548 2696 et
568 2647 644 2694 tot
666 2651 862 2708 genera
884 2633 1256 2696 animantium;
1282 2639 1502 2699 propter
1515 2629 1688 2696 ipsum
1720 2626 1839 2680 dies

251 2743 303 2789 et
345 2747 496 2797 nox;
547 2737 768 2800 propter
796 2727 969 2798 ipsum
1009 2723 1157 2778 missi
1194 2729 1320 2777 sunt
1345 2719 1572 2789 apostoli
1621 2727 1676 2773 et
1716 2731 1841 2786 pro-

253 2825 445 2895 pheta,
475 2830 698 2893 propter
740 2820 915 2889 ipsum
942 2831 1087 2886 saepe
1116 2814 1262 2869 missi
1302 2821 1428 2868 sunt
1455 2812 1652 2882 angeli.
1699 2809 1839 2878 Quid

254 2911 492 2984 pluribus
512 2925 650 2980 opus
673 2917 754 2964 est
772 2908 800 2961 τ
839 2906 1024 2976 Neque
1047 2907 1193 2960 enim
1226 2902 1342 2958 ﬁeri
1373 2911 1550 2973 potest
1575 2910 1635 2956 ut
1657 2900 1837 2955 omnia

256 3015 658 3073 persequamur.
689 2997 915 3066 Propter
962 2996 1134 3064 ipsum
1185 2993 1488 3064 unigenitus
1531 2991 1627 3046 ι)θὶ
1674 2989 1841 3046 Filius

258 3094 415 3148 horno
445 3089 620 3144 factus
644 3096 749 3151 est,
776 3085 1088 3149 cruciﬁxus,
1106 3092 1162 3140 et
1186 3083 1430 3154 sepultus
1448 3122 1466 3147 ,
1495 3090 1552 3136 et
1579 3080 1838 3135 terribilia

257 3182 344 3237 illa
363 3179 622 3236 miracula
647 3177 784 3232 iacta
812 3184 938 3232 sunt
969 3183 1088 3244 post
1115 3173 1584 3228 resurrectionem.
1615 3171 1843 3240 Pmpter

257 3276 428 3343 ipsum
456 3273 576 3338 lex,
608 3277 827 3340 propter
865 3269 1036 3340 ipsum
1065 3266 1375 3334 paradisus,
1423 3274 1639 3334 propter
1666 3266 1842 3332 ipsum

258 3363 547 3420 diluvium.
578 3360 710 3416 Nam
753 3359 857 3413 hoc
878 3372 1090 3428 quoque
1118 3366 1200 3411 est
1225 3355 1516 3410 maximum
1543 3369 1713 3425 genus
1747 3354 1844 3409 ho-

255 3457 424 3524 noris,
456 3469 581 3510 eum
623 3460 678 3507 et
703 3449 979 3506 beneflciis
1005 3456 1060 3505 et
1087 3449 1262 3520 pmuis
1285 3448 1574 3516 corrigere.
1618 3446 1846 3516 Pr0pter

260 3546 431 3616 ipsum
457 3542 606 3598 omni
626 3541 792 3612 priori
823 3548 1064 3609 tempore
1091 3538 1458 3593 iuumerabilia
1483 3546 1634 3607 gesta
1660 3545 1717 3593 et
1744 3535 1843 3592 ad-

259 3634 560 3690 ministrata
585 3639 736 3686 sunt.
781 3630 950 3686 Porro
974 3629 1148 3699 ipsum
1178 3641 1395 3698 quoque
1433 3625 1668 3682 futurum
1697 3627 1846 3697 judi-

258 3726 399 3779 cium
427 3723 486 3778 lit
510 3731 731 3794 propter
754 3720 872 3791 ejus
906 3720 1185 3774 honorem.
1217 3718 1479 3786 Quocirca
1504 3716 1607 3775 Job
1635 3735 1848 3790 quoque

260 3815 391 3873 dicit
423 3835 439 3872 :
470 3813 609 3882 Quid
631 3820 704 3870 est
752 3811 902 3866 homo
939 3811 1075 3882 quod
1125 3810 1317 3865 duxisti
1344 3825 1462 3864 eum
1500 3811 1555 3865 in
1589 3811 1845 3882 judicium

261 3904 408 3975 (Job
440 3905 529 3960 14.
574 3904 690 3971 5)?
740 3901 1189 3971 quemadmodum
1235 3900 1364 3962 alibi
1391 3899 1521 3956 dicit
1550 3900 1664 3971 ipse
1700 3901 1848 3970 psal-

261 3997 418 4051 mista
444 4013 459 4048 :
489 3993 624 4059 Quid
645 4004 717 4046 est
744 3993 892 4046 homo
917 3991 1054 4061 quod
1072 4006 1263 4045 metuar
1288 4007 1342 4046 es
1365 3992 1476 4059 ejus
1503 3990 1675 4061 (Psal.
1694 3992 1749 4046 8.
1767 3991 1850 4061 5)?

262 4088 490 4157 Propter
512 4086 686 4155 ipsum
713 4097 899 4138 rursus
923 4084 1101 4138 veniet
1127 4081 1444 4153 Unigenitus
1469 4082 1679 4138 donans
1709 4085 1848 4139 bona

263 4175 690 4234 innumerabilia.
712 4175 830 4230 Alia
858 4175 999 4230 enim
1021 4174 1130 4243 jam
1163 4173 1311 4229 dedit
1351 4188 1450 4243 per
1482 4174 1804 4244 baptismum
1831 4213 1848 4241 ,

261 4276 316 4322 et
334 4268 763 4330 sacramenta,et
784 4263 1062 4336 mysticam
1097 4265 1256 4318 aliam
1277 4264 1629 4320 initiationem
1655 4266 1849 4321 collata

263 4360 403 4416 bona
422 4399 441 4424 ,
472 4369 530 4415 et
555 4359 675 4413 aliis
703 4357 975 4413 miraculis
1012 4368 1206 4412 terram
1234 4357 1474 4427 implevit
1493 4360 1512 4389 ³
1538 4373 1551 4410 :
1582 4360 1684 4412 alia
1715 4375 1845 4414 vero

266 4465 325 4505 se
348 4449 602 4504 daturum
640 4457 725 4502 est
771 4447 1042 4516 pollicitus
1065 4487 1081 4512 ,
1125 4463 1346 4517 regmun
1380 4449 1652 4514 cmlorum,
1685 4450 1849 4504 vitam

268 4551 524 4596 mternam
549 4579 567 4606 ,
611 4538 874 4594 iacturum
926 4553 1055 4593 suos
1098 4538 1346 4603 heredes,
1383 4539 1613 4610 illosque
1639 4555 1761 4596 cum
1790 4556 1857 4596 eo

269 4639 581 4702 regnaturas
608 4629 628 4700 (
654 4627 807 4684 Rom.
835 4627 890 4684 8.
916 4629 981 4682 l7
1009 4629 1050 4698 ).
1088 4627 1348 4695 Quocirca
1401 4629 1597 4684 Paulus
1644 4646 1858 4700 quoque

268 4719 480 4777 dicebat
507 4735 521 4772 :
558 4717 620 4774 Si
639 4719 964 4783 sustinemus,
1001 4728 1047 4771 et
1078 4719 1491 4788 conregnabimus
1513 4721 1531 4790 (
1554 4720 1608 4774 2.
1636 4719 1766 4774 Tim.
1799 4721 1854 4774 2.

272 4811 338 4866 η
361 4811 403 4882 ).
431 4809 560 4864 llaec
586 4824 714 4879 ergo
733 4809 910 4862 omnia
935 4808 1283 4863 considerans
1324 4810 1580 4879 propheta
1619 4827 1713 4866 eos
1739 4813 1859 4878 jure

272 4902 441 4956 brutis
461 4908 756 4968 comparat,
790 4899 882 4969 qui
915 4907 1115 4952 tantam
1156 4899 1484 4954 nobilitatem
1527 4902 1656 4955 vitio
1684 4903 1847 4969 prodi-

274 4993 487 5056 derunt,
519 4998 578 5043 et
612 4988 678 5042 ad
731 4988 1039 5043 aliectiones
1090 4989 1302 5043 illorum
1345 4989 1707 5046 desciverunt.
1743 4991 1855 5048 lloc

274 5088 449 5153 ipsum
496 5094 645 5149 saepe
670 5078 870 5134 iaciunt
896 5079 986 5133 alii
1018 5094 1229 5150 quoque
1255 5082 1548 5150 prephetce,
1582 5083 1861 5151 impuden-

277 5188 380 5230 tem
405 5172 710 5228 auditorem
750 5170 993 5226 volentes
1031 5185 1129 5241 per
1176 5175 1630 5240 comparationem
1660 5179 1863 5245 pudere

277 5265 604 5320 suffundere.
657 5261 728 5317 Et
755 5261 847 5317 ille
884 5262 1100 5333 quidem
1149 5263 1323 5328 dicit,
1369 5263 1504 5333 Equi
1551 5268 1606 5319 in
1650 5267 1866 5334 [ciuiuus

336 5403 352 5431 ¹
374 5397 627 5464 Δεἱς-βεηήι.
665 5403 725 5464 et
758 5404 864 5447 uss.
892 5403 942 5464 tu
977 5397 1144 5464 Morel.
1166 5407 1350 5459 autem,
1375 5407 1420 5450 et
1443 5405 1774 5464 tempestatum
1799 5403 1865 5454 ci-

274 5459 596 5516 cissitudines,
625 5463 672 5508 et
694 5457 1053 5508 conversimm
1076 5460 1290 5511 cltorus..

337 5525 357 5586 ξ
391 5522 568 5580 verba,
591 5518 862 5586 collatas:
883 5518 1114 5583 implevit,
1148 5521 1328 5571 desunt
1367 5523 1414 5571 in
1449 5522 1579 5572 Oolh.
1607 5532 1659 5575 et
1691 5526 1866 5586 Savil.;

277 5582 420 5631 habet
437 5591 604 5632 autem
629 5588 746 5632 Itast.
771 5582 879 5630 655.

315 5593 420 5631 anet
437 5593 604 5632 autem
629 5593 746 5690 “cf.

315 5643 424 5713 I(a)_
443 5642 790 5713 'rricupita‘em
815 5641 1058 5713 hominem
1096 5641 1214 5694 dicit
1255 5645 1402 5695 etiam
1440 5648 1753 5711 Geographus
1777 5657 1865 5698 Mt-

277 5703 454 5755 bicnsis
475 5708 525 5756 iu
546 5703 747 5754 climate
773 5703 932 5754 tertio.

1323 332 1682 402 EXPOSITIO
1709 328 1773 384 IN
1815 326 2138 384 I'SALMUM
2187 324 2412 382 XLVIII.

3425 321 3529 375 ΞΜ

1928 436 2233 490 insanientes
2256 437 2376 506 facti
2418 445 2536 490 sunt
2563 437 2581 505 (
2610 435 2720 490 Jer.
2751 435 2806 490 5.
2835 434 2868 489 8
2896 434 2952 503 );
2982 431 3066 484 hic
3098 447 3220 483 vcru
3251 430 3531 501 :Cognouit

1929 527 2018 580 bos
2061 542 2400 597 possessorem
2444 542 2592 581 suum
2618 567 2634 592 ,
2692 533 2740 579 et
2767 526 2943 578 asinus
2969 539 3196 594 prtrsepe
3230 524 3424 577 domini
3444 524 3528 579 sui

1935 617 2090 688 (lsai.
2130 619 2182 674 l.
2213 619 2249 674 5
2275 616 2294 689 )
2317 660 2331 683 ,
2383 617 2629 673 acerbius
2655 631 2818 687 quam
2865 614 3033 669 David
3084 615 3330 684 loquens.
3368 615 3535 670 David

1930 712 2074 764 enim
2106 709 2274 764 dicit:
2306 708 2641 779 Comparatus
2682 717 2755 762 est
2788 708 3040 778 jumentis
3072 707 3423 777 insipientibus
3444 749 3460 773 ,
3487 717 3536 760 et

1932 799 2112 853 similis
2151 800 2318 868 factus
2343 799 2484 865 illis;
2514 799 2606 853 ille
2651 807 2832 864 autem
2864 799 2996 853 dicit
3036 813 3132 853 eos
3161 797 3329 854 fuisse
3365 800 3538 868 inagis

1930 901 2182 959 expertes
2231 890 2457 944 rationis
2482 903 2644 959 quam
2693 889 2850 945 bruta
2879 889 3028 953 tilla
3079 889 3225 945 enim
3251 930 3266 954 ,
3317 891 3491 959 inquit
3522 932 3538 954 .

1930 990 2293 1049 cognoverunt
2322 995 2707 1050 possessorem,
2732 978 2899 1034 Israel
2916 969 3053 1045 vero,
3066 997 3147 1035 me
3165 998 3268 1036 non
3285 983 3537 1054 cognorit.

2008 1069 2062 1126 8.
2094 1069 2234 1124 Alibi
2264 1084 2482 1140 quoque
2511 1071 2648 1125 alius
2682 1069 2900 1139 quidam
2930 1071 3013 1123 vir
3054 1071 3274 1139 Sapiens
3296 1112 3312 1138 ,
3355 1080 3541 1126 osten-

1936 1159 2072 1214 dens
2106 1159 2192 1214 vel
2221 1159 2460 1215 formicis
2485 1175 2607 1215 esse
2655 1159 2982 1217 deteriorem
3027 1163 3201 1215 virum
3245 1163 3453 1232 pigrum
3485 1173 3544 1217 et

1938 1249 2214 1316 desidem,
2251 1260 2307 1306 et
2350 1252 2464 1306 otio
2487 1251 2831 1322 languentem
2858 1291 2875 1318 ,
2920 1267 3045 1307 eum
3097 1253 3221 1308 illuc
3249 1253 3414 1308 mittit
3436 1295 3452 1318 ,
3484 1262 3544 1307 ut

1933 1341 2106 1396 discat
2125 1355 2247 1396 esse
2289 1341 2585 1397 laboriosus
2615 1359 2630 1396 :
2670 1340 2834 1409 Vade,
2853 1341 3062 1406 dicens,
3094 1343 3166 1396 ad
3195 1344 3444 1411 [emicant
3464 1384 3479 1408 ,
3506 1361 3538 1397 ο

1937 1433 2077 1502 piger
2097 1472 2113 1498 ,
2144 1441 2192 1486 et
2218 1431 2423 1487 imitare
2443 1433 2553 1488 vias
2577 1434 2690 1504 eius
2716 1433 2736 1507 (
2760 1432 2921 1490 Prov.
2954 1435 3010 1490 6.
3039 1435 3200 1505 6-8).
3230 1435 3337 1490 Illa
3384 1437 3539 1503 enim,

1937 1538 2053 1574 cum
2078 1537 2170 1576 nec
2193 1539 2376 1592 agrum
2404 1524 2599 1577 cultum
2631 1523 2814 1578 habeat
2831 1565 2846 1590 ,
2873 1540 2966 1579 nec
3002 1527 3066 1580 sit
3086 1525 3173 1594 qui
3202 1542 3315 1580 eam
3355 1535 3541 1597 cogat,

1938 1631 2028 1668 nec
2053 1614 2246 1668 domini
2275 1616 2487 1686 imperio
2511 1625 2722 1685 pareat,
2753 1625 2902 1685 parat
2937 1626 3112 1672 testate
3132 1618 3431 1672 alimentum
3449 1658 3464 1680 ,
3494 1629 3544 1672 et

1940 1715 2164 1774 tempore
2212 1707 2386 1761 messis
2423 1708 2586 1761 multa
2632 1710 2853 1780 reponit.
2907 1708 3117 1764 Rursus
3163 1720 3341 1765 autem
3391 1709 3545 1779 jubet

1943 1795 2022 1850 ire
2049 1794 2116 1850 ad
2145 1810 2303 1864 apem
2336 1811 2351 1850 :
2384 1794 2724 1867 Proﬁciscere
2746 1800 2816 1851 ad
2845 1814 3026 1869 apem,
3068 1807 3113 1853 et
3161 1801 3298 1854 disce
3324 1798 3465 1871 quod
3485 1815 3544 1854 ea

1941 1888 2007 1941 sit
2023 1888 2280 1956 operaria.
2324 1887 2467 1941 Nam
2515 1888 2824 1961 principium
2869 1888 3138 1944 dulcorum
3167 1891 3363 1962 [metus
3392 1891 3504 1960 ejus
3529 1934 3544 1952 ,

1939 1979 2084 2048 cujus
2129 1977 2328 2032 labores
2372 1995 2516 2050 reges
2569 1988 2617 2033 et
2662 1981 2854 2060 priuati
2884 1980 2956 2034 ad
2996 1981 3267 2035 sanitatem
3319 1979 3547 2047 a/I'ernnt

1940 2066 2146 2138 (Eccli.
2192 2069 2282 2125 ll.
2325 2070 2360 2125 '5
2389 2067 2431 2140 ).
2459 2070 2613 2126 Alius
2638 2085 2770 2126 vero
2805 2069 2965 2127 dicit:
2992 2070 3262 2142 Principes
3295 2073 3370 2126 tui
3397 2081 3548 2126 tam—

1939 2174 2093 2227 quam
2128 2158 2236 2229 lupi
2265 2160 2469 2214 Arabia:
2507 2159 2789 2231 (Sophon.
2832 2162 2887 2217 5.
2937 2164 2972 2218 5
3002 2164 3044 2232 ).
3098 2163 3163 2217 Ει
3200 2163 3336 2218 alius
3376 2180 3392 2216 :
3431 2163 3550 2220 Se—

1945 2247 2067 2302 disti
2093 2249 2148 2303 in
2181 2247 2382 2306 deserto
2402 2291 2417 2315 ,
2447 2260 2704 2318 tamquam
2729 2253 2911 2308 canna:
2938 2253 3072 2325 (θεν.
3091 2255 3144 2308 5.
3161 2255 3241 2324 2).
3269 2253 3545 2310 Zacharize

1942 2347 2123 2393 autem
2164 2338 2306 2394 ﬁlius
2334 2339 2466 2396 dicit
2505 2358 2519 2394 :
2554 2341 2860 2413 Serpentes,
2909 2344 3164 2414 genimiua
3212 2345 3504 2414 viperarum
3527 2387 3543 2409 ,

1941 2429 2054 2499 quis
2081 2429 2222 2486 vobis
2251 2431 2470 2484 ostendit
2499 2434 2725 2503 fugerea
2757 2443 2970 2487 uentura
2994 2435 3076 2488 ira
3106 2438 3124 2504 (
3157 2434 3425 2490 Mattiacis.
3444 2435 3500 2505 7)
3524 2437 3549 2487 ἲ

1947 2518 2015 2572 Et
2038 2519 2178 2575 alius
2212 2535 2442 2576 rursus:
2483 2521 2594 2576 Ova
2633 2523 2876 2593 aspidem
2917 2535 3211 2595 ruperunt,
3253 2537 3301 2580 et
3347 2542 3551 2581 aranea:

1945 2609 2099 2664 telam
2123 2619 2303 2665 texunt
2329 2609 2484 2684 μιαί.
2512 2611 2602 2667 59.
2631 2612 2713 2683 5).
2743 2614 2882 2668 Alibi
2910 2625 3089 2669 autem
3114 2615 3253 2670 idem
3288 2617 3547 2686 propheta

1945 2699 2073 2755 dicit
2094 2717 2110 2754 :
2147 2697 2403 2756 Venenum
2419 2702 2660 2774 aspidum
2675 2702 2767 2757 sub
2783 2703 2933 2757 labiis
2949 2720 3121 2758 eorum
3136 2704 3307 2775 (Psal.
3324 2706 3449 2762 139.
3464 2707 3547 2777 ι).

1947 2791 2016 2846 Et
2037 2807 2254 2848 rursus:
2273 2790 2365 2848 Ira
2391 2797 2464 2849 eis
2490 2794 2558 2847 ad
2576 2795 2966 2848 similitudinem
2982 2797 3230 2865 serpentis
3255 2797 3432 2870 (Psal.
3455 2799 3545 2854 57.

1949 2881 2034 2954 Β).
2056 2881 2189 2938 Tale
2212 2892 2297 2938 est
2325 2885 2468 2938 enim
2499 2885 2683 2939 vitium
2713 2903 2728 2939 :
2756 2900 2879 2940 eum
2906 2888 2996 2955 qui
3027 2887 3150 2941 talis
3171 2899 3258 2943 est
3275 2898 3329 2943 ct
3351 2899 3547 2953 tantus,

1948 2980 2134 3042 totque
2160 2973 2555 3030 diadematihus
2575 2984 2885 3039 coronatus.
2918 2993 2986 3032 eo
3011 2979 3226 3049 redigit,
3259 2989 3316 3034 ut
3344 2981 3414 3035 sit
3443 2995 3550 3037 ηοιι

1950 3066 2127 3119 minus
2152 3065 2401 3136 ignobilis
2430 3080 2590 3136 quam
2614 3067 2790 3122 bruta.
2812 3067 2882 3122 Et
2911 3068 3030 3123 ideo
3052 3070 3104 3123 in
3134 3072 3388 3140 pratsenti
3417 3087 3554 3142 quo-

1949 3173 2055 3226 que
2081 3156 2296 3213 Psalmo
2341 3173 2464 3211 cum
2516 3159 2766 3228 elegisset
2792 3159 2901 3214 duo
2936 3159 3050 3215 vitii
3081 3176 3280 3232 genera
3303 3203 3318 3228 ,
3349 3172 3406 3219 et
3446 3164 3552 3220 alia

1950 3249 2280 3305 auditoribus
2300 3249 2604 3319 reliquisset
2625 3250 2949 3321 colligenda,
2981 3267 3076 3307 eos
3095 3253 3193 3324 qui
3227 3254 3335 3310 illis
3365 3262 3562 3312 tenen-

1952 3348 2039 3394 tur
2068 3339 2139 3395 ita
2172 3340 2377 3410 pungit.
2429 3339 2567 3408 Quid
2602 3341 2748 3395 enim
2794 3339 2956 3397 fuerit
2993 3357 3025 3396 a
3073 3343 3283 3400 ratione
3327 3345 3562 3402 alienius

1954 3430 2188 3494 homine,
2217 3431 2308 3502 qui
2338 3439 2542 3487 temere
2565 3440 2766 3486 etcum
2797 3433 2879 3486 sui
2902 3433 3094 3503 capitis
3117 3433 3260 3489 malo
3286 3450 3350 3490 ac
3365 3435 3556 3491 discri-

1954 3521 2101 3577 mine
2129 3520 2315 3578 orbem
2348 3528 2506 3576 terra).
2534 3522 2820 3590 percurrit,
2853 3531 2907 3578 et
2935 3523 3356 3580 innumerabiles
3387 3541 3553 3597 pecu-

1955 3615 2072 3669 nias
2098 3613 2321 3684 colligit,
2359 3628 2468 3670 non
2509 3614 2637 3679 sibi,
2671 3614 2766 3670 sed
2803 3614 2925 3668 aliis
2959 3614 3060 3670 sibi
3088 3631 3194 3669 non
3226 3616 3388 3684 notis,
3411 3631 3559 3688 saepe

1952 3716 2133 3761 autem
2196 3707 2441 3762 hostibus
2509 3718 2568 3764 et
2621 3705 3087 3764 insidiatoribus?
3128 3708 3300 3764 Recte
3374 3721 3554 3765 autem
3649 3734 3651 3736 ·

1955 3797 2091 3850 dixit
2120 3812 2132 3848 :
2165 3796 2473 3867 Relinquent
2510 3800 2692 3853 alienis
2724 3797 2928 3853 divitias
2955 3813 3095 3854 suas.
3126 3798 3264 3865 Quid
3301 3808 3385 3854 est
3411 3801 3556 3856 cnim

1957 3886 2193 3951 stultius,
2227 3902 2391 3957 quam
2432 3896 2492 3942 ut
2534 3888 2590 3942 hi
2633 3887 2854 3955 faciunt,
2877 3888 3092 3946 labores
3114 3888 3328 3961 quidem
3353 3901 3408 3944 ct
3435 3906 3558 3959 pec~

1957 3986 2099 4042 cata,
2132 3991 2254 4047 qua:
2283 3977 2339 4032 in
2375 3977 2462 4033 his
2499 3979 2816 4050 colligendis
2841 3981 3214 4050 admittuntur,
3247 3982 3553 4055 suscipere,

1961 4068 2155 4123 alienis
2192 4083 2322 4125 vero
2355 4084 2546 4125 eorum
2595 4071 2872 4128 usuiructu
2922 4073 3158 4130 cedere?
3186 4075 3392 4132 Deinde
3434 4092 3556 4132 cum

1960 4174 2149 4216 amore
2179 4161 2421 4229 pecuniae
2449 4161 2665 4218 inanem
2692 4179 2906 4234 quoque
2947 4165 3174 4235 gloriam
3203 4166 3478 4222 adducens
3504 4171 3555 4222 in

1958 4249 2220 4315 medium,
2248 4264 2344 4306 eos
2384 4253 2570 4322 pungit
2595 4253 3089 4320 vehementissime,
3121 4256 3308 4311 dicens
3334 4273 3347 4309 :
3395 4255 3554 4311 Voca-

1959 4351 2134 4396 rerunt
2158 4343 2366 4397 nomina
2386 4360 2480 4399 sua
2507 4345 2560 4397 in
2581 4345 2727 4399 terris
2747 4346 2874 4401 suis.
2914 4345 3054 4412 Quid
3085 4346 3170 4402 his
3199 4363 3386 4404 rursus
3411 4359 3495 4403 est
3521 4364 3552 4402 a

1962 4433 2170 4488 ratione
2192 4433 2440 4502 alienius,
2467 4434 2560 4505 qui
2591 4435 2856 4506 lapidibus
2884 4445 2943 4491 et
2970 4437 3128 4506 lignis
3156 4446 3212 4492 et
3249 4437 3558 4493 inanimatm

1966 4527 2204 4582 materiae
2230 4541 2382 4581 suam
2417 4528 2763 4584 committunt
2797 4530 3114 4584 memoriam
3136 4571 3151 4595 ,
3195 4538 3251 4585 et
3289 4532 3558 4601 propriam

1966 4617 2196 4673 credunt
2219 4619 2490 4687 glorianti
2523 4614 2745 4689 Aliquos
2767 4621 2910 4675 enim
2942 4621 3100 4675 bonis
3127 4623 3377 4677 omnibus
3402 4638 3560 4677 ever-

1969 4716 2166 4772 terunt,
2208 4709 2394 4762 viduas
2435 4708 2779 4778 spoliarunt,
2810 4723 2866 4766 et
2911 4712 3233 4782 pupillorum
3283 4712 3563 4768 facultates

1967 4800 2329 4869 diripuerunt,
2354 4809 2412 4855 ut
2441 4802 2612 4858 vermi
2641 4803 2858 4858 domum
2900 4803 3140 4859 facerent
3181 4805 3519 4875 splendidam
3544 4850 3560 4871 ,

1968 4890 2234 4958 tinemque
2259 4899 2318 4945 et
2342 4892 2672 4960 corruptioni
2710 4894 3022 4963 magniﬁcos
3058 4895 3289 4949 ambitus
3328 4897 3563 4951 :editica-

1969 4989 2106 5042 rcnt,
2127 4981 2268 5048 quod
2297 4982 2606 5037 existiment
2631 4998 2783 5038 suam
2814 4999 2909 5053 per
2929 4999 2991 5038 ea
3021 4984 3257 5040 futuram
3286 4987 3565 5041 immorta-

1970 5069 2072 5123 lem
2104 5071 2440 5140 memoriam,
2459 5088 2579 5141 qua:
2607 5088 2673 5128 ne
2697 5089 2862 5144 parvo
2890 5074 3104 5144 quidem
3129 5086 3405 5133 momento
3431 5088 3564 5132 tem-

1971 5162 2118 5231 poris
2158 5172 2446 5231 potuerunt
2483 5179 2708 5234 corpora
2750 5166 3006 5223 retinere.
3039 5168 3124 5223 14.
3159 5168 3288 5223 Haec
3325 5171 3406 5224 via
3449 5172 3566 5225 illo-

1970 5267 2084 5304 rum
2114 5252 2412 5306 scandalum
2438 5253 2583 5323 ipsis.
2613 5254 2868 5320 Quaenam
2898 5267 2980 5310 est
2999 5299 3013 5320 ,
3044 5273 3228 5327 quaeso
3253 5300 3267 5323 ,
3303 5260 3416 5313 hanc
3441 5262 3566 5314 via?

1971 5339 2215 5396 Studium
2246 5344 2386 5411 quod
2410 5344 2460 5396 in
2490 5359 2577 5398 res
2597 5345 2857 5412 ejusmodi
2881 5346 3175 5412 confertur,
3197 5364 3364 5403 vanus
3391 5349 3564 5419 labor,

1976 5432 2162 5485 insana
2195 5433 2435 5501 pecunia:
2477 5433 2740 5490 habendae
2770 5437 3065 5507 cupiditas,
3111 5441 3428 5496 insatiabilis
3452 5445 3560 5514 glo-

1977 5523 2073 5578 riae
2098 5523 2330 5579 ebrietas
2360 5536 2453 5583 :et
2481 5536 2605 5582 ante
2626 5526 2885 5592 futurum,
2916 5530 3109 5599 inquit,
3141 5533 3458 5604 supplicium
3482 5535 3566 5590 hic

1979 5614 2037 5668 lit
2060 5615 2139 5670 eis
2162 5616 2472 5672 scandalum
2504 5631 2558 5673 et
2584 5619 3044 5688 impedimentum.
3072 5622 3187 5676 Non
3222 5639 3442 5692 parvum
3472 5626 3567 5694 ἰείη

1981 5716 2068 5762 tur
2095 5709 2469 5766 oll‘cndiculum
2501 5752 2512 5776 ,
2564 5726 2669 5766 non
2700 5727 2918 5782 parvum
2950 5712 3560 5783 impedimentumnton
