4058 6440
507 378 614 433 135

515 502 735 563 parvum
761 483 1090 542 obstaculum
1116 480 1232 536 hac
1257 481 1342 535 via
1365 488 1451 535 est
1477 478 1544 534 ad
1570 479 1932 550 operationem
1971 477 2080 530 vir-

515 581 663 639 tutis.
692 578 758 643 Et
786 576 907 636 ideo,
927 575 1075 640 dicit,
1105 571 1229 632 Hac
1252 572 1332 625 ria
1356 571 1564 626 illorum
1605 569 1900 624 scandalum
1938 568 2082 636 ipsis.

519 672 689 727 [tecte
720 676 895 724 autem
938 665 1073 720 dixit
1099 671 1235 718 hanc
1262 663 1400 717 viam
1438 676 1558 716 esse
1599 661 1727 731 ipsis
1753 658 2081 734 scandalum.

511 758 756 828 Sibiipsis
773 755 984 810 vincula
1015 753 1277 823 injiciunt,
1300 752 1503 820 seipsos
1523 750 1836 820 impediunt.
1859 748 1928 802 Et
1946 759 2085 820 postv

512 867 572 906 re
595 851 650 905 in
675 865 762 904 ore
787 865 877 902 suo
901 846 1295 917 complacebunt.
1317 843 1430 899 Hoc
1466 843 1606 912 quod
1651 842 1821 907 dixit,
1850 849 1932 896 est
1966 854 2083 908 grav

509 942 786 997 vissimum
813 980 831 1006 ,
864 948 917 993 et
947 950 1103 992 causa
1137 930 1453 991 ceterorum
1505 935 1789 990 malorum.
1815 933 1915 1001 Qui
1941 933 2082 989 enim

513 1034 569 1087 in
600 1031 683 1086 his
713 1037 960 1099 peccant,
983 1037 1036 1081 et
1057 1026 1392 1096 delinquunt,
1419 1035 1474 1080 et
1494 1024 1630 1080 adeo
1659 1023 1963 1094 desipiunt,
1993 1038 2084 1080 se-

509 1123 657 1191 ipsos
698 1120 882 1175 felices
931 1134 993 1173 ac
1047 1119 1232 1174 beatos
1290 1131 1412 1172 esse
1465 1116 1697 1181 ducunt,
1747 1115 2084 1172 aemulatione

509 1210 719 1280 dignos,
751 1218 805 1263 et
833 1209 896 1262 iis
939 1223 1057 1277 qua:
1111 1207 1248 1262 liunt
1275 1205 1606 1262 delectantur
1637 1223 1650 1260 :
1684 1207 1870 1261 vilium
1907 1216 2082 1262 autem

509 1299 654 1370 quod
679 1299 924 1354 laudatur
941 1300 1010 1354 ab
1039 1298 1106 1354 iis
1133 1299 1222 1370 qui
1247 1313 1313 1354 eo
1333 1297 1597 1364 laborant,
1614 1298 1891 1354 considera
1917 1313 2085 1369 quan-

509 1401 619 1446 tam
640 1389 762 1444 facit
789 1390 1147 1446 accessionem
1167 1391 1322 1444 mala;
1351 1388 1668 1459 cupiditatis.
1700 1390 1756 1445 Si
1786 1389 2083 1455 enimdum

509 1481 876 1550 vituperatur,
907 1479 1034 1534 dum
1080 1478 1290 1548 probris
1329 1476 1560 1533 afﬁcitur
1582 1519 1596 1542 ,
1627 1477 1754 1532 dum
1805 1477 2080 1547 arguitur,

508 1573 638 1628 dum
665 1573 733 1628 ab
760 1571 876 1642 ejus
903 1571 993 1641 qui
1027 1571 1191 1626 sobrii
1217 1569 1449 1626 hominis
1473 1571 1845 1641 cogitationem
1871 1584 2086 1639 parum-

508 1677 608 1731 per
641 1662 881 1731 suscipit,
909 1659 1232 1716 conscientia
1281 1660 1593 1730 llagellatur,
1630 1659 1759 1715 dum
1800 1660 2080 1723 laceratur,

512 1759 571 1806 et
601 1752 725 1806 odio
771 1750 1034 1816 habetur,
1078 1749 1212 1804 adeo
1257 1759 1434 1804 tamen
1482 1749 1818 1819 impudenter
1845 1749 2003 1819 viget,
2029 1759 2086 1804 et

508 1839 801 1904 invalescit,
829 1847 884 1893 et
909 1838 961 1892 in
984 1837 1099 1896 dies
1113 1847 1335 1908 augetur
1363 1854 1376 1892 :
1406 1837 1620 1908 quando
1646 1853 1749 1893 non
1778 1839 1951 1893 solum
1977 1854 2084 1894 non

506 1930 705 1991 fuerint
729 1943 848 1999 quae
877 1927 1215 1998 prohibeant,
1241 1942 1434 2000 nempe
1462 1928 1732 1983 accusatio
1753 1969 1768 1994 ,
1807 1929 2086 1984 conscien-

505 2013 598 2076 tia:
625 2019 998 2088 reprehensio,
1025 2026 1295 2089 gestorum
1322 2019 1590 2088 correptio
1611 2059 1625 2082 ,
1658 2019 1728 2073 de
1764 2017 2084 2075 facinoribus

505 2109 838 2180 pmnitentia,
861 2108 1044 2174 rubor,
1073 2107 1264 2178 pudor,
1284 2107 1438 2162 ﬂetus
1458 2122 1522 2162 ac
1550 2109 1824 2178 lacrymm,
1846 2106 1938 2163 sed
1969 2122 2084 2162 om-

507 2199 637 2253 nino
665 2207 870 2262 contra,
891 2199 1098 2266 seipsos
1125 2197 1286 2252 etiam
1317 2195 1535 2252 laudant
1557 2197 1646 2266 qui
1669 2195 1890 2261 faciunt,
1905 2205 1961 2252 et
1982 2196 2082 2252 sibi

504 2287 745 2343 cncomia
769 2294 1117 2356 componunt,
1147 2294 1203 2341 et
1221 2301 1288 2340 eo
1309 2286 1426 2355 ipso
1456 2299 1516 2340 se
1537 2285 1658 2340 aliis
1682 2284 1938 2341 meliores
1964 2301 2085 2342 esse

503 2375 725 2443 ducunt,
751 2385 804 2431 et
820 2383 1097 2446 postquam
1123 2373 1367 2444 fecerint,
1387 2374 1601 2429 laudant
1622 2389 1821 2445 eaquze
1850 2375 2088 2431 fecerunt

505 2471 525 2536 (
556 2469 658 2530 hoc
693 2469 837 2530 enim
887 2469 989 2525 sibi
1033 2469 1145 2524 vult
1182 2469 1309 2525 illud
1334 2511 1350 2536 ,
1382 2469 1449 2524 Et
1477 2473 1531 2524 in
1559 2486 1646 2525 ore
1671 2487 1762 2525 suo
1799 2472 2084 2542 cumplace-

505 2558 653 2630 bunt)
689 2575 704 2612 :
734 2575 841 2629 quo
889 2573 996 2614 non
1022 2559 1056 2614 ii
1097 2558 1411 2620 deflexerint
1436 2561 1461 2613 ἓ
1504 2561 1638 2616 Sunt
1660 2561 1800 2615 enim
1833 2569 1979 2616 tanto
2001 2561 2086 2617 fu-

504 2665 627 2706 mre
651 2650 860 2720 perciti,
900 2658 955 2705 et
983 2649 1117 2705 adeo
1137 2658 1331 2705 emota:
1357 2651 1576 2718 mentis,
1607 2658 1666 2706 ut
1688 2652 1848 2706 etiam
1873 2653 2085 2723 quando

506 2757 656 2798 suam
685 2741 954 2798 libidinem
979 2742 1332 2812 expleverint,
1352 2741 1565 2812 quando
1592 2757 1686 2798 eos
1711 2743 1953 2799 videntes
1980 2743 2087 2804 ini-

503 2833 757 2902 quitatem
787 2839 1056 2902 oporteret
1083 2832 1420 2896 erubescere,
1449 2833 1736 2900 exsultant,
1755 2833 2083 2900 seeﬂ’erunt,

505 2922 574 2977 de
609 2921 840 2976 facinore
878 2921 1230 2982 delectantur.
1253 2921 1384 2978 Tale
1411 2932 1494 2978 est
1524 2923 1666 2978 enim
1697 2931 1971 2992 peccatum
1989 2962 2004 2986 ,
2027 2932 2087 2980 ut

502 3011 807 3080 priusquam
829 3011 1021 3067 factum
1052 3011 1141 3077 sit,
1156 3025 1306 3066 suam
1326 3012 1466 3067 velet
1490 3013 1886 3087 turpitudinem,
1906 3013 2083 3075 ebrie-

502 3109 613 3164 tate.
652 3099 937 3170 voluptatis
977 3114 1127 3155 suam
1151 3101 1406 3171 obtegens
1450 3101 1896 3159 abominationem
1932 3120 1948 3157 :
1986 3103 2082 3159 sed

501 3198 782 3260 postquam
819 3188 1014 3246 factum
1040 3188 1219 3257 fuerit,
1242 3200 1298 3246 et
1332 3190 1563 3246 libidinis
1604 3191 1814 3262 quidem
1838 3193 2083 3265 voluptas

502 3290 791 3346 parumper
833 3278 1090 3344 cesserit,
1116 3279 1457 3335 conscientia
1483 3289 1662 3337 autem
1689 3284 1957 3338 accusatio
1995 3284 2080 3341 iu-

504 3365 705 3422 vaserit
727 3404 746 3432 ,
791 3366 986 3426 nudam
1032 3368 1292 3432 rationem
1335 3368 1608 3439 ﬂagellans
1630 3411 1646 3438 ,
1680 3380 1806 3426 tunc
1846 3373 2080 3430 maxime

502 3455 744 3518 cernitur
771 3469 929 3525 quam
975 3457 1046 3510 sit
1088 3457 1465 3526 perniciosum.
1516 3459 1578 3513 lli
1623 3470 1801 3518 autem
1830 3477 1930 3519 nec
1956 3473 2080 3520 tunc

502 3545 718 3612 quidem
747 3554 1025 3616 postquam
1053 3561 1113 3602 se
1141 3548 1510 3618 expleverint,
1543 3551 1636 3608 sed
1684 3563 1963 3624 postquam
1994 3555 2078 3609 vi-

501 3637 678 3690 derint
715 3651 844 3707 opes
891 3647 1270 3706 eoacervatas,
1321 3641 1563 3710 sepulcra
1599 3644 1856 3712 excitata,
1904 3646 2079 3700 inania

505 3725 730 3781 xediﬁcia
759 3725 996 3796 perfecta
1021 3767 1038 3793 ,
1082 3742 1205 3782 cum
1241 3741 1514 3797 oporteret
1558 3747 1652 3788 eos
1695 3737 1974 3805 compungi
2016 3752 2081 3793 ac

504 3813 723 3879 deﬂere,
751 3824 873 3885 post
900 3815 1016 3871 h:ec
1043 3817 1228 3884 etiam,
1258 3817 1361 3873 hoc
1383 3829 1467 3875 est
1485 3832 1604 3890 post
1625 3837 1778 3893 opus,
1801 3837 2078 3896 postquam

501 3916 590 3956 res
633 3901 794 3958 fuerit
833 3902 1150 3974 adimpleta,
1200 3915 1326 3962 tunc
1374 3907 1549 3964 adhttc
1583 3912 1754 3981 magis
1795 3922 2077 3983 aegrotant.

505 3991 792 4062 Postquam
835 4007 965 4065 ergo
1016 3993 1144 4049 nihil
1191 3998 1270 4050 eis
1321 3997 1568 4055 relictum
1611 4011 1694 4056 est
1722 4018 1788 4057 ex
1819 4005 1961 4073 ipsis,
1987 4020 2078 4062 re-

501 4080 684 4147 medii,
713 4091 839 4150 tunc
865 4091 1034 4138 restat
1051 4093 1108 4138 ut
1123 4085 1261 4140 Deus
1287 4098 1610 4157 exsequatur
1631 4092 1770 4160 quod
1798 4107 1952 4147 suum
1971 4106 2076 4149 est.

574 4169 631 4224 ο.
659 4169 1122 4235 Quemadmodum
1139 4174 1280 4229 enim
1301 4176 1392 4246 qui
1412 4179 1619 4246 seipsos
1634 4181 1993 4236 condemnant
2008 4184 2080 4238 ob

507 4269 727 4330 peccata
759 4275 790 4316 a
818 4277 878 4316 se
897 4262 1344 4334 admissa,qua:a
1383 4267 1494 4322 Deo
1524 4269 1743 4338 ferenda
1782 4281 1928 4336 esset
1951 4289 2079 4328 sen-

505 4351 722 4405 tentiam
748 4351 1100 4420 anticipantes
1119 4353 1341 4425 evitant,
1353 4357 1494 4429 sicut
1515 4358 1677 4413 etiam
1698 4359 1829 4429 dicit
1847 4362 2075 4418 Paulus:

507 4439 570 4494 Si
594 4441 727 4493 enim
755 4445 984 4508 uosipsos
999 4442 1369 4512 judicaremus,
1399 4463 1501 4501 non
1527 4449 1697 4520 utique
1739 4451 2078 4522 iudicaremur

510 4529 588 4596 (i.
615 4526 736 4583 Cur.
760 4529 958 4596 H.3l)
987 4546 999 4580 :
1026 4530 1097 4583 ita
1123 4544 1347 4601 quorum
1378 4542 1484 4590 tam
1511 4539 1688 4605 gravis
1710 4547 1795 4595 est
1818 4542 2032 4611 morbus
2055 4583 2070 4608 ,

514 4627 577 4672 ut
596 4617 742 4673 nulla
761 4617 1022 4672 ducantur
1053 4620 1368 4689 pmoitcntia
1393 4663 1409 4687 ,
1439 4633 1495 4678 et
1521 4637 1801 4694 peccantes
1824 4644 1918 4684 sua
1948 4646 2074 4700 pec-

505 4717 624 4764 cata
650 4721 756 4762 non
781 4707 1170 4785 condemnem,
1197 4711 1289 4765 Dei
1319 4712 1372 4765 in
1401 4727 1461 4767 se
1484 4717 1798 4788 supplicium
1819 4735 1940 4775 cum
1963 4737 2076 4775 ma-

505 4796 649 4851 xima
691 4796 1027 4852 vehementia
1075 4801 1371 4877 attrahunt.
1415 4801 1675 4869 Quoniam
1732 4823 1861 4877 ergo
1901 4809 1936 4864 ii
1985 4813 2076 4880 qui

505 4887 680 4943 aliena
719 4888 952 4956 rapiunt,
983 4891 1066 4944 vel
1105 4892 1192 4960 qui
1240 4904 1335 4946 sua
1388 4900 1588 4950 temere
1631 4898 1993 4966 profundunt,
2021 4913 2078 4959 et

509 4989 627 5045 quae
654 4975 706 5030 in
736 4990 1000 5047 pauperes
1023 4993 1245 5048 erogare
1269 4991 1562 5050 oporteret,
1599 4985 1650 5039 in
1672 4989 1934 5055 sepulcra,
1957 5007 2079 5047 ver-

505 5078 624 5119 mes
645 5074 699 5119 et
719 5066 889 5121 tineas
909 5080 1260 5146 consumunt,
1291 5081 1349 5128 et
1378 5086 1478 5130 nec
1501 5089 1684 5130 eorum
1713 5078 1927 5147 quidem
1957 5098 2075 5150 qua-

507 5153 756 5208 Iecerunt
798 5155 904 5208 ulla
949 5163 1235 5225 tanguntur
1262 5159 1592 5228 paenitentia,
1623 5164 1715 5218 sed
1759 5177 1977 5236 manent
2001 5189 2071 5222 a:-

502 5241 645 5310 groti
668 5241 1128 5301 immedicabiliter
1156 5262 1171 5299 :
1205 5246 1329 5303 audi
1357 5248 1484 5319 quid
1508 5250 1764 5325 deinceps
1789 5255 1901 5310 liat.
1939 5258 2073 5326 Quid

505 5345 636 5401 ergo
673 5331 773 5385 lit?
815 5334 859 5386 Α
883 5333 1008 5412 ⁴θεῖε)
1037 5334 1316 5393 traduntur
1352 5341 1652 5411 supplicio;
1698 5355 1754 5402 et
1802 5347 1923 5405 ideo
1949 5351 2076 5405 sub-

502 5419 680 5489 iunxit
723 5438 740 5474 :
786 5420 873 5477 l5.
923 5421 1071 5478 Sicut
1108 5440 1226 5480 oves
1267 5427 1320 5482 in
1358 5430 1557 5501 inferno
1589 5436 1739 5503 positi
1766 5447 1912 5504 sunt;
1941 5455 2076 5497 mors

507 5511 738 5579 depascst
770 5530 855 5569 eos
881 5531 902 5570 :
937 5531 1045 5572 non
1097 5517 1186 5596 hic
1229 5525 1685 5584 mansuetudinem
1733 5545 1830 5600 per
1877 5548 2069 5591 nomen

507 5616 687 5657 ovium
712 5605 1012 5675 signiﬁcans
1045 5609 1065 5678 (
1102 5609 1227 5681 quid
1273 5615 1413 5670 enim
1466 5619 1633 5684 possit
1683 5619 1788 5677 illis
1828 5638 1946 5682 esse
1975 5642 2075 5683 saa-

507 5690 644 5758 vius,
672 5694 759 5765 qui
782 5710 1070 5766 pauperum
1093 5699 1303 5770 quidem
1329 5703 1483 5759 nuda
1515 5722 1736 5778 corpora
1777 5723 1829 5768 ct
1856 5725 2066 5775 ventres

1199 368 1254 423 S.
1293 363 1572 422 JOANNIS
1607 359 2088 419 CﬂﬂYSOSTOill
2124 358 2442 418 ARCHIEP.
2479 360 3012 422 CONSTANTINOP.

3655 368 3767 426 236

2193 474 2336 531 fame
2379 489 2599 556 enectos
2635 479 2954 550 despiciunt,
2985 480 3175 536 domos
3209 491 3386 538 autem
3417 484 3773 554 corruptioni,

2189 569 2358 622 vermi
2399 577 2453 624 et
2492 569 2646 634 tinea:
2689 571 2968 642 magnifice
3009 575 3398 646 exstruuntt),
3426 574 3522 631 sed
3557 572 3774 633 facilem

2190 674 2376 714 eorum
2407 660 2700 730 interitum,
2727 654 3063 732 rspentinnm
3090 665 3331 741 exitium,
3361 675 3417 721 et
3437 653 3596 736 quam
3617 665 3780 724 facile

2188 751 2304 820 capi
2328 752 2534 821 possint
2555 751 2624 806 ab
2645 752 2726 807 eis
2748 755 2839 823 qui
2860 754 2967 808 illis
2994 755 3330 810 insidiantur.
3361 756 3502 812 Nihil
3523 767 3608 813 est
3629 760 3778 813 enim

2191 826 2507 897 imbecillius
2535 841 2772 910 homine,
2796 846 2886 913 qui
2915 845 2968 899 in
2987 846 3116 900 vitio
3136 846 3298 900 vitam
3329 848 3589 918 transigit.
3620 847 3778 914 Quod

2189 932 2275 988 bis
2301 949 2512 1004 quoque
2539 936 2750 991 eveniet
2781 954 2794 990 :
2825 943 2880 991 et
2921 937 2991 990 ita
3023 937 3401 1003 concidentur,
3436 938 3508 992 ita
3538 937 3781 995 funditus

2189 1023 2460 1092 peribunt,
2483 1031 2540 1080 et
2566 1034 2671 1078 tam
2698 1023 2856 1080 facile
2877 1024 3168 1081 devenient
3191 1025 3256 1079 ad
3283 1025 3502 1092 inferos,
3525 1035 3634 1082 tam
3655 1028 3783 1084 bre-

2188 1112 2358 1178 viter,
2401 1122 2508 1168 tam
2549 1112 2829 1183 expedite,
2860 1123 2966 1168 tam
2997 1115 3145 1170 nullo
3183 1116 3429 1186 negotio,
3459 1131 3620 1186 quam
3646 1131 3780 1173 oves

2190 1217 2310 1272 quae
2330 1212 2649 1258 mactantur.
2679 1203 2789 1259 lloc
2813 1213 2893 1258 est
2920 1220 3084 1270 mors,
3108 1211 3218 1260 imo
3239 1220 3369 1261 vero
3390 1221 3477 1262 res
3499 1216 3581 1261 est
3603 1215 3778 1265 morte

2188 1293 2448 1348 acerbior.
2479 1293 2607 1348 Post
2635 1293 2796 1348 talem
2831 1295 2974 1348 enim
3002 1307 3227 1350 mortem
3257 1309 3351 1351 eos
3377 1309 3525 1352 mors
3553 1296 3779 1352 immor-

2191 1384 2310 1438 talis
2339 1384 2587 1454 excipiet,
2616 1393 2673 1440 et
2699 1385 2821 1440 ideo
2849 1399 3110 1456 nusquam
3143 1389 3198 1441 in
3228 1386 3378 1443 sinus
3398 1387 3647 1455 Abrahae,
3675 1404 3780 1446 nec

2189 1475 2243 1528 in
2274 1474 2435 1529 ullam
2466 1475 2622 1528 aliam
2653 1475 2922 1545 regionem
2962 1489 3253 1532 cernuntur
3280 1477 3568 1545 recedere,
3599 1477 3694 1534 sed
3721 1479 3777 1534 in

2189 1564 2449 1618 infernum
2475 1583 2489 1618 :
2514 1564 2616 1619 hoc
2641 1579 2834 1635 pmnm,
2857 1565 2960 1621 hoc
2985 1566 3249 1636 supplicii,
3276 1566 3380 1624 hoc
3406 1569 3601 1623 summi
3627 1567 3778 1623 exitii

2192 1670 2384 1710 nomen
2414 1663 2516 1710 est.
2548 1654 2618 1710 Et
2645 1657 2730 1711 hic
2757 1672 2904 1712 mors
2933 1673 3118 1713 eorum
3143 1659 3262 1713 vilis
3303 1670 3414 1722 est.
3443 1669 3498 1715 et
3532 1669 3778 1716 eontem-

2189 1745 2362 1802 nenda
2392 1763 2406 1800 :
2436 1757 2491 1802 et
2531 1746 2641 1807 illic
2669 1747 2722 1801 in
2750 1747 3011 1818 supplicio
3039 1757 3276 1804 manent.
3319 1747 3395 1803 Ita
3430 1748 3592 1804 etiam
3631 1750 3776 1805 sole-

2188 1851 2306 1892 mus
2333 1835 2513 1892 dicere
2536 1836 2603 1891 de
2632 1837 2697 1891 iis
2725 1839 2814 1908 qui
2857 1836 3010 1892 facile
3054 1846 3281 1907 pereunt
3311 1855 3325 1890 :
3355 1837 3454 1894 llic
3494 1838 3639 1894 sicut
3659 1839 3777 1896 ovis

2187 1925 2395 1980 occisus
2421 1936 2521 1982 est.
2553 1925 2686 1994 Quia
2716 1926 2858 1982 enim
2893 1927 3031 1982 sicut
3058 1927 3209 1981 bruta
3237 1927 3500 1993 vixerunt,
3531 1929 3692 1984 etiam
3719 1939 3776 1986 ut

2187 2015 2340 2069 bruta
2367 2024 2616 2086 pereunt,
2647 2031 2753 2071 non
2780 2015 3036 2072 habentes
3064 2016 3261 2072 bonam
3285 2032 3434 2088 spem
3455 2017 3522 2074 de
3547 2018 3775 2076 futuris:

2188 2119 2288 2161 nec
2313 2106 2415 2161 hoc
2441 2105 2614 2160 solum
2633 2147 2649 2171 ,
2693 2107 2791 2163 sed
2817 2109 2979 2163 etiam
3010 2123 3202 2179 magno
3230 2123 3416 2165 eorum
3441 2109 3602 2166 malo.
3633 2111 3776 2166 Mors

2187 2195 2420 2264 deposcet
2446 2211 2550 2250 eos.

2261 2283 2440 2341 Perire
2460 2287 2682 2340 animus
2705 2287 2847 2358 quid.
2888 2287 3168 2342 Auroram
3192 2289 3407 2358 punitio.
3430 2318 3504 2330 —
3521 2287 3621 2346 llic
3644 2289 3774 2345 mihi

2188 2375 2396 2431 videtur
2426 2388 2649 2431 mortem
2678 2376 2857 2432 dicere
2883 2376 3153 2432 interitum
3179 2377 3268 2451 qui
3300 2377 3406 2434 illic
3429 2379 3532 2445 est,
3561 2389 3618 2435 et
3643 2387 3776 2451 sup-

2189 2467 2428 2538 plicium,
2455 2467 2904 2537 quemadmodum
2928 2469 3088 2522 etiam
3111 2467 3234 2524 alibi
3259 2470 3389 2526 dicit
3416 2488 3431 2525 :
3454 2473 3639 2526 Anima
3662 2488 3779 2544 qua:

2188 2566 2395 2628 peccat,
2424 2559 2537 2627 ipsa
2565 2559 2745 2627 peribit
2768 2557 2787 2628 (
2807 2557 2994 2612 ExecIt.
3018 2559 3107 2615 18.
3133 2559 3240 2628 20)
3268 2578 3281 2614 :
3314 2575 3420 2616 non
3445 2571 3649 2618 natura:
3676 2577 3774 2619 ex-

2188 2645 2527 2702 stinctionem
2548 2687 2565 2713 ,
2605 2647 2702 2704 sed
2731 2662 2943 2717 plenam
2971 2636 3294 2719 significans.
3327 2650 3570 2706 Persistit
3594 2661 3775 2709 autent

2189 2737 2245 2792 in
2272 2735 2602 2807 metaphora.
2631 2737 2895 2805 Quoniam
2923 2737 3067 2794 enim
3095 2738 3230 2794 dixit
3253 2753 3401 2806 oves,
3431 2755 3617 2797 eorum
3641 2756 3778 2814 quo-

2188 2843 2295 2898 que
2323 2836 2592 2898 pastorem
2621 2828 2875 2883 ostendit.
2915 2828 3048 2897 Quis
3075 2839 3254 2885 autem
3283 2829 3372 2884 hic
3411 2829 3538 2886 est?
3565 2817 3777 2888 vermis

2187 2928 2480 2974 venenatus
2503 2959 2518 2984 ,
2563 2919 2798 2974 tenebrze
2843 2935 3132 2990 numquam
3190 2930 3518 2990 cessatum,
3566 2921 3776 2980 vincula

2186 3023 2306 3078 quae
2334 3008 2469 3063 solvi
2498 3017 2769 3077 nequeunt
2790 3048 2807 3074 ,
2838 3010 3038 3065 stridor
3073 3011 3333 3067 dentium.
3364 3011 3496 3068 Vide
3523 3027 3654 3084 ergo
3677 3028 3776 3072 eos

2187 3096 2422 3168 undique
2441 3097 2636 3167 puniri.
2667 3097 2723 3152 In
2745 3097 2874 3165 vita,
2895 3099 3145 3170 quoniam
3170 3101 3249 3156 eis
3271 3101 3338 3156 ad
3366 3103 3616 3158 virtutem
3639 3103 3777 3160 alla-

2187 3195 2299 3242 tum
2327 3195 2414 3243 est
2440 3186 2878 3257 impedimentum
2899 3229 2915 3256 ,
2947 3189 3198 3260 quoniam
3225 3190 3337 3246 vitii
3362 3192 3504 3247 servi
3532 3200 3587 3248 et
3613 3207 3773 3250 man-

2184 3276 2322 3348 cipia
2350 3277 2473 3332 facti
2501 3289 2647 3344 sunt,
2671 3289 2725 3334 et
2747 3293 3200 3350 supervacaneum
3220 3280 3602 3354 ridiculumque
3629 3283 3786 3341 labo-

2183 3382 2295 3433 rem
2316 3362 2700 3440 susceperunt;
2729 3371 2784 3425 in
2805 3381 2998 3437 morte,
3020 3373 3272 3443 quoniam
3293 3373 3392 3429 fuit
3417 3389 3563 3432 mors
3580 3390 3772 3432 eoru

2183 3459 2419 3530 vulgaris
2453 3469 2510 3516 et
2544 3461 2806 3532 ingloria;
2853 3463 2907 3517 in
2940 3473 3180 3532 tempore
3220 3475 3450 3520 mortem
3489 3470 3770 3537 sequente.

2182 3549 2432 3623 quoniam
2457 3559 2744 3622 perpetuus
2763 3566 2859 3607 eos
2882 3561 3029 3608 tenet
3051 3552 3316 3610 interitus.
3345 3551 3414 3608 Et
3436 3547 3774 3611 «taurinum-

2184 3649 2267 3692 tur
2288 3655 2462 3694 eorum
2477 3641 2612 3710 justi
2623 3641 2686 3693 in
2706 3641 2970 3696 matutino.
2993 3641 3255 3709 Quoniam
3281 3644 3430 3700 multi
3453 3645 3769 3710 crassiores,

2184 3737 2241 3783 et
2267 3742 2374 3783 non
2402 3728 2523 3798 plus
2562 3743 2727 3784 sensu
2754 3729 2962 3799 praediti
2989 3745 3149 3801 quam
3175 3731 3410 3802 lapides,
3440 3750 3548 3789 non
3574 3734 3773 3791 habent

2181 3826 2384 3873 certam
2411 3827 2469 3873 et
2497 3817 2692 3874 claram
2734 3833 2886 3890 spem
2910 3819 2979 3875 de
3016 3820 3209 3876 futuris
3226 3863 3243 3888 ,
3271 3812 3369 3878 sed
3408 3822 3474 3878 iis
3496 3837 3618 3895 qua
3641 3836 3767 3881 suut

2183 3909 2466 3980 praesentia
2488 3949 2508 3975 ,
2539 3918 2595 3966 et
2619 3925 2740 3981 qua
2767 3910 3014 3970 videntur
3037 3911 3282 3981 inhiant,
3313 3917 3409 3970 eos
3436 3913 3772 3984 aenigmatice

2184 4002 2370 4072 tangit.
2392 4001 2593 4057 Deinde
2611 4016 2732 4057 cum
2755 4003 2937 4072 paucis
2955 4003 3132 4060 futura
3148 4005 3378 4061 obscure
3391 4006 3764 4077 signiﬁcasset,

2183 4093 2393 4148 confert
2431 4107 2620 4148 rursus
2660 4093 2957 4149 orationem
2998 4093 3066 4149 ad
3095 4092 3457 4167 contemptum
3499 4109 3685 4154 eorum
3712 4109 3768 4157 et

2185 4198 2395 4254 poenam
2422 4183 2475 4237 in
2503 4183 2610 4240 vita
2645 4184 2894 4253 praesenti
2911 4224 2928 4250 ,
2960 4184 3250 4242 ostendens
3276 4202 3433 4259 quam
3459 4187 3568 4244 sint
3594 4189 3766 4247 imbe-

2183 4272 2290 4326 cilli
2311 4313 2327 4338 ,
2358 4271 2526 4337 viles,
2565 4272 2974 4341 contemnendi,
3003 4283 3056 4330 et
3087 4275 3228 4345 quod
3267 4276 3391 4331 licet
3429 4277 3540 4331 sint
3573 4277 3766 4336 millies

2181 4361 2394 4426 divites,
2419 4371 2475 4417 et
2499 4376 2690 4433 magm
2714 4363 2822 4418 sint
2837 4360 3094 4420 succincti
3123 4367 3382 4437 potentia,
3405 4366 3474 4426 ab
3498 4369 3564 4424 iis
3586 4379 3764 4428 tamen

2180 4452 2270 4522 qui
2298 4451 2547 4508 virtutem
2574 4463 2866 4520 exemerit,
2894 4454 3160 4511 habentur
3189 4473 3285 4528 pro
3310 4459 3481 4514 servis
3529 4469 3586 4515 et
3608 4477 3763 4517 mau-

2181 4543 2353 4612 cipiis.
2383 4543 2510 4599 Ideo
2533 4543 2663 4600 dicit
2681 4585 2698 4610 ,
2732 4543 3137 4600 Dominabuutur
3165 4563 3336 4602 eorum
3349 4550 3486 4620 justi
3512 4552 3564 4604 in
3593 4563 3760 4607 utatu-

2182 4635 2286 4687 tino
2313 4649 2332 4687 :
2358 4633 2461 4692 hoc
2506 4642 2621 4700 est,
2652 4636 2934 4704 celeriter,
2974 4638 3262 4706 continuo,
3292 4626 3356 4694 et
3383 4655 3492 4697 nec
3523 4639 3760 4713 tempore

2179 4722 2396 4793 quidem
2420 4716 2558 4794 opus
2581 4723 2885 4792 habebunt,
2912 4740 3012 4781 nec
3038 4725 3218 4783 labore
3235 4767 3251 4792 ,
3278 4743 3379 4784 nec
3405 4719 3578 4787 mora.
3617 4732 3763 4788 Talis

2179 4822 2264 4868 est
2308 4813 2454 4868 enim
2503 4829 2684 4870 rerum
2733 4823 2954 4878 natura,
3001 4825 3056 4871 ut
3094 4811 3276 4871 vitium
3315 4819 3757 4890 virtutigserviat,

2181 4917 2407 4972 eamque
2449 4897 2699 4960 formidet
2731 4917 2798 4959 ac
2825 4900 3195 4973 pertimescat,
3225 4906 3352 4962 licet
3387 4907 3517 4966 illud
3545 4909 3759 4979 quidem

2181 4995 2252 5049 sit
2281 4985 2401 5050 fuco
2427 5003 2484 5050 et
2511 4995 2799 5065 pigmentis
2826 4991 3124 5053 innumeris
3148 4998 3420 5054 obtutum
3445 5017 3468 5055 τ
3492 4999 3607 5057 haec
3631 5015 3761 5058 vero

2176 5083 2318 5142 nuda
2340 5125 2356 5148 ,
2395 5091 2453 5140 et
2490 5098 2588 5154 per
2615 5083 2840 5154 seipsam
2869 5081 3171 5141 decertans.
3209 5087 3371 5158 Atqui
3395 5099 3582 5144 contra
3606 5090 3758 5148 vide-

2181 5186 2300 5227 mus
2336 5173 2507 5229 malos
2547 5173 2788 5229 obtinere
2827 5175 3157 5230 dominatum
3203 5176 3257 5232 in
3304 5178 3492 5235 bonos.
3543 5179 3648 5236 Sed
3691 5199 3760 5239 ne

2179 5263 2578 5320 consideremus
2619 5281 2854 5322 errorem
2896 5270 3176 5324 sententia:
3204 5270 3344 5340 vulgi
3383 5289 3398 5327 :
3443 5271 3489 5328 is
3517 5276 3659 5330 enim
3684 5293 3754 5332 ex

2181 5352 2310 5409 falsa
2334 5355 2587 5424 opinione
2613 5356 2818 5424 oritur;
2857 5357 2951 5413 sed
2977 5367 3124 5414 recto
3149 5374 3236 5415 res
3260 5361 3460 5431 judicio
3483 5364 3755 5422 discerna-

2182 5460 2299 5499 mus
2320 5486 2335 5510 ,
2363 5456 2418 5500 et
2443 5446 2651 5502 videbis
2688 5448 2741 5502 in
2770 5449 2912 5518 quod
2951 5449 3075 5506 dico
3099 5465 3222 5508 esse
3256 5454 3634 5513 certissimum.
3676 5457 3758 5517 Sit

2182 5536 2322 5589 enim
2352 5535 2544 5617 aliquis
2582 5538 2753 5592 malus
2789 5539 3073 5608 dominus,
3103 5552 3159 5598 ct
3184 5543 3356 5600 bonus
3389 5560 3610 5614 servus;
3651 5551 3754 5618 vel,

2181 5626 2225 5680 si
2255 5628 2447 5688 mavis,
2468 5614 2534 5681 ad
2562 5627 2707 5682 aliud
2727 5629 2900 5699 majus
2925 5632 3102 5702 potius
3124 5637 3426 5706 exemplum
3452 5653 3564 5693 rem
3591 5614 3752 5696 dedu;

2185 5735 2382 5775 camus.
2417 5719 2494 5775 Sit
2531 5735 2622 5776 rex
2652 5722 2820 5777 malus
2843 5763 2859 5791 ,
2889 5732 2944 5779 et
2983 5726 3214 5794 privatus
3245 5728 3445 5797 bonus,
3479 5730 3750 5789 videamus
