4058 6432
238 349 347 406 137

237 461 364 534 quis
392 459 467 515 ait
493 454 742 511 dominus
769 451 990 508 alterius
1009 492 1024 514 ,
1061 459 1117 504 et
1145 448 1361 505 ubinam
1406 444 1710 518 resplendet
1739 443 1840 499 do-

239 552 522 613 minatus;
552 548 673 617 quis
698 545 770 600 sit
796 542 887 613 qui
917 542 1178 611 imperat,
1210 547 1264 593 et
1291 541 1410 609 quis
1439 547 1593 607 paret
1618 537 1844 592 alterius

241 640 496 712 imperio.
526 634 810 705 Quomodo
839 648 970 703 ergo
1003 631 1106 687 hoc
1129 631 1361 687 sciemus
1380 630 1406 682 ‘t
1442 629 1555 684 ilex
1586 643 1698 683 rem
1728 643 1842 682 ma-

241 735 351 789 lam
394 741 453 788 et
495 731 702 785 scelere
728 727 945 798 plenam
973 725 1177 796 privato
1207 725 1463 795 imperet;
1514 723 1640 793 quid
1688 722 1847 791 igitur

241 823 422 878 bonus
458 822 547 876 ille
590 819 831 889 privatus
861 825 916 872 et
944 816 1032 886 qui
1077 815 1127 870 ei
1174 812 1493 882 subjicitur?
1536 811 1652 866 Non
1685 811 1846 866 modo

241 931 353 970 non
378 913 689 982 acquiescet
708 953 724 973 ,
755 925 856 964 nec
883 909 1129 968 obediet.
1159 906 1253 962 sed
1282 922 1403 960 eum
1428 908 1588 961 etiam
1620 905 1708 975 qui
1739 904 1842 958 im-

242 1015 440 1074 perat,
487 1003 771 1056 conabitur
797 999 1065 1055 abducere
1106 998 1175 1052 ab
1219 997 1495 1062 instituto,
1541 997 1664 1050 licet
1705 995 1842 1051 muri

241 1103 513 1164 Oporteat.
561 1093 692 1162 Quis
739 1100 824 1147 est
867 1104 996 1160 ergo
1044 1088 1224 1143 liber?
1266 1089 1382 1142 isne
1426 1088 1515 1158 qui
1559 1087 1701 1156 quod
1734 1087 1846 1141 vult

244 1191 372 1245 facit
391 1231 404 1253 ,
436 1198 493 1244 et
521 1203 591 1242 ne
619 1201 800 1256 regem
828 1184 1044 1254 quidem
1083 1182 1272 1236 metuit
1299 1198 1312 1232 :
1341 1196 1408 1234 an
1441 1195 1512 1250 qu
1570 1195 1602 1234 a
1629 1179 1843 1234 subdito

242 1294 344 1335 suo
367 1276 779 1336 contemnitur?
810 1275 881 1330 Et
924 1289 993 1330 ne
1035 1274 1089 1328 in
1120 1271 1323 1326 incerto
1350 1269 1597 1338 exemplo
1640 1269 1842 1340 prolixa

244 1381 464 1424 utamur
489 1369 738 1423 oratione
776 1384 790 1420 :
831 1379 967 1419 uxor
996 1363 1312 1432 Pentephrte
1337 1360 1590 1431 Egyptia
1615 1399 1631 1422 ,
1661 1374 1842 1413 annon

242 1472 361 1517 erat
387 1459 576 1530 regina
601 1456 678 1528 (α)
701 1457 727 1510 ‘l
753 1470 932 1511 annon
973 1455 1067 1509 toti
1096 1452 1332 1524 Egypto
1358 1450 1626 1522 praeth
1662 1465 1842 1505 annon

245 1550 478 1607 habebat
514 1563 700 1620 regem
728 1545 1051 1617 coniugem?
1083 1559 1261 1599 annon
1294 1543 1583 1598 maximam
1614 1542 1846 1598 habebat

244 1649 566 1713 potestatem
594 1636 750 1708 (Gen.
779 1636 871 1692 59.
898 1635 1008 1705 7)?
1037 1633 1173 1701 Quid
1211 1647 1340 1688 vero
1375 1631 1619 1702 Joseph?
1661 1647 1844 1687 nonne

243 1746 431 1788 servus
451 1730 477 1783 ?
521 1741 706 1784 nonne
735 1725 1020 1796 captivus?
1059 1737 1238 1778 nonne
1265 1721 1500 1777 famulus
1523 1722 1843 1793 emptitius?

243 1838 421 1880 nonne
460 1821 552 1876 illa
596 1819 856 1875 adversus
893 1816 1284 1872 adolescentem
1313 1829 1529 1869 omnem
1553 1815 1728 1869 aciem
1757 1814 1830 1868 in-

243 1915 437 1970 stmxit
461 1953 477 1977 ,
512 1924 621 1965 non
665 1909 755 1963 alii
801 1907 926 1963 belli
971 1920 1153 1962 curam
1183 1905 1562 1970 committens,
1604 1904 1698 1960 sed
1728 1905 1842 1974 ipsa

243 2005 581 2064 descendens
608 2005 667 2060 in
693 2002 908 2059 aciem?
955 2000 1086 2068 Quis
1124 2015 1254 2071 ergo
1300 2007 1430 2055 tunc
1471 2006 1588 2055 erat
1629 2011 1842 2061 servus,

244 2100 363 2170 quis
390 2097 578 2154 liber?
606 2096 768 2152 illane
797 2109 918 2166 qua:
943 2092 1282 2164 precabatur,
1313 2093 1532 2156 orabat,
1559 2099 1615 2146 et
1639 2091 1845 2163 suppli-

245 2190 420 2255 cabat,
447 2197 505 2245 et
531 2202 641 2243 non
670 2185 898 2250 homini,
919 2184 1013 2241 sed
1039 2183 1436 2254 improbissimo
1458 2182 1622 2238 animi
1652 2183 1845 2238 morbo

244 2277 514 2334 serviebat
537 2294 554 2330 :
576 2292 647 2331 an
671 2277 718 2331 is
741 2275 832 2346 qui
857 2273 1234 2330 contemnebat
1251 2271 1520 2339 diadema,
1546 2281 1840 2342 sceptrum,

249 2385 537 2440 purpuram
563 2409 579 2432 ,
621 2377 678 2424 et
721 2381 938 2423 omnem
980 2366 1122 2422 illam
1167 2375 1447 2422 externam
1499 2365 1736 2436 speciem
1780 2380 1846 2422 ac

250 2475 522 2531 pompam,
554 2468 608 2514 et
638 2455 978 2514 rescindebat
1001 2456 1119 2527 ejus
1141 2455 1629 2512 machinationem?
1655 2454 1846 2512 Nonne

249 2551 330 2605 illa
358 2549 581 2622 quidem
604 2548 873 2620 repulsam
902 2561 1056 2618 passa
1080 2547 1324 2614 recessit,
1343 2556 1396 2602 et
1416 2547 1507 2601 alii
1530 2561 1718 2603 rursus
1734 2547 1848 2603 ani-

249 2643 318 2697 mi
337 2642 532 2697 morbo
551 2640 851 2710 mancipata
869 2647 972 2705 est,
1002 2653 1194 2710 nempe
1223 2639 1339 2706 iraa,
1361 2654 1483 2709 qua:
1503 2639 1711 2694 ratione
1735 2653 1845 2694 non

251 2733 470 2804 regitur,
501 2741 555 2786 et
591 2729 883 2795 vindicta;
925 2728 1016 2784 hic
1042 2743 1172 2784 vero
1207 2729 1338 2784 exiit
1376 2729 1553 2798 capite
1595 2728 1848 2786 redimite

251 2823 464 2878 mronis
511 2820 832 2887 innumeris,
879 2829 935 2875 et
978 2819 1031 2873 in
1078 2819 1189 2890 ipsa
1235 2819 1496 2874 servitute
1541 2818 1846 2876 libertatem

253 2913 422 2984 magis
461 2911 900 2981 resplendentem
942 2909 1230 2964 ostendens
1255 2908 1280 2960 τ

319 3002 411 3061 10.
447 3000 620 3056 Virtus
643 2999 843 3064 libera;
866 2999 1043 3053 vitium
1067 3014 1286 3054 servum.
1311 3029 1384 3040 —
1410 2997 1554 3054 Nihil
1579 3007 1664 3056 est
1699 2999 1846 3057 enim

253 3109 404 3164 teque
424 3094 651 3150 liberum
677 3102 739 3149 ut
762 3093 951 3160 virtus,
981 3091 1112 3146 nihil
1135 3107 1288 3162 aeque
1311 3105 1530 3148 servum
1557 3101 1616 3148 ut
1636 3092 1844 3148 vitium.

253 3185 322 3244 Et
365 3186 490 3242 ideo
536 3185 666 3241 dicit
707 3183 874 3241 etiam
915 3183 1044 3240 alibi
1086 3182 1350 3254 quispiam
1381 3203 1396 3238 :
1426 3183 1648 3254 Sapiens
1674 3199 1848 3240 seruus

254 3279 490 3333 obtinebit
518 3277 836 3332 dontinatum
871 3275 927 3330 in
953 3275 1184 3330 dominos
1209 3275 1504 3347 insipientes
1530 3275 1551 3346 (
1565 3274 1725 3331 Prov.
1753 3276 1844 3331 17.

252 3368 350 3440 2).
395 3367 860 3436 Quemadmodum
902 3366 1047 3422 enim
1084 3361 1365 3438 captivus,
1408 3366 1511 3422 etsi
1557 3367 1850 3424 immensas

254 3457 448 3515 habeat
472 3457 707 3521 divitias,
754 3470 824 3513 eo
869 3456 986 3526 ipso
1023 3455 1182 3513 facile
1226 3458 1345 3528 capi
1392 3464 1570 3527 potest
1594 3465 1652 3514 et
1676 3471 1848 3529 expu-

251 3549 400 3618 gnari
429 3547 499 3604 ab
526 3547 776 3603 omnibus
805 3564 818 3601 :
846 3547 917 3602 ita
947 3547 1107 3602 etiam
1133 3547 1222 3619 qui
1263 3547 1334 3603 ab
1359 3548 1524 3602 animi
1563 3547 1847 3618 perturba-

257 3639 490 3695 tionibus
513 3647 702 3708 captus
730 3644 850 3704 est,
876 3645 959 3692 est
985 3637 1091 3693 tela
1117 3651 1329 3692 araneae
1353 3638 1531 3693 vilior.
1554 3637 1690 3706 Quid
1719 3653 1849 3694 vero

255 3732 308 3786 in
338 3729 483 3786 bello
504 3730 530 3784 ἲ
555 3744 732 3784 annon
758 3742 855 3785 eos
883 3728 1123 3784 videmus
1141 3729 1406 3788 vincere?
1440 3729 1581 3799 Quid
1607 3730 1661 3784 in
1686 3729 1848 3786 rebus

253 3819 641 3876 tractandis'et
668 3819 1077 3874 consultandis?
1115 3834 1292 3875 annon
1335 3835 1458 3891 qua:
1484 3818 1671 3874 dicunt
1695 3817 1848 3875 firma

254 3920 378 3965 sunt
405 3919 463 3966 et
489 3909 700 3965 stabilia
725 3949 740 3974 ,
783 3910 886 3965 etsi
914 3909 1092 3965 nullus
1118 3911 1348 3979 pareat?
1391 3909 1531 3977 Quid
1572 3921 1753 3966 autem
1794 3911 1848 3965 in

255 4005 318 4058 iis
345 4018 468 4073 quae
496 4001 635 4057 hanc
660 4004 826 4056 vitam
867 4003 1311 4073 consequuntur?
1348 4017 1528 4058 annon
1569 4003 1721 4059 dives
1760 4002 1850 4059 ille

255 4106 526 4166 tamquam
557 4094 836 4150 mendicus
871 4103 1072 4164 guttam
1104 4094 1277 4164 petiit,
1319 4109 1419 4149 nec
1446 4109 1564 4149 eam
1593 4094 1852 4164 impetra-

254 4185 370 4239 vitl
413 4197 618 4254 pauper
642 4193 852 4250 autem,
898 4182 1148 4253 quoniam
1177 4192 1296 4238 erat
1333 4183 1505 4240 bonus
1546 4193 1602 4239 et
1639 4184 1853 4240 virtutis

254 4272 552 4338 studiosus,
579 4287 757 4326 annon
789 4271 842 4326 in
874 4273 1104 4327 maxima
1129 4272 1228 4326 fuit
1266 4271 1536 4338 felicitate,
1573 4282 1629 4329 et
1662 4273 1851 4330 eadem

253 4367 303 4422 ei
331 4380 455 4421 sors
480 4380 602 4435 qute
626 4364 857 4420 Abrahae
883 4365 1072 4436 obtigit
1099 4362 1252 4437 (Luc.
1281 4364 1368 4420 16.
1391 4362 1548 4437 24)ἳ
1584 4366 1721 4433 Quid
1749 4381 1851 4421 au-

257 4467 366 4513 tem
397 4456 452 4511 iu
481 4454 783 4525 apostolis?
824 4469 1001 4510 annon
1043 4456 1245 4520 vincti,
1289 4456 1470 4527 ﬂagris
1497 4458 1620 4511 ctesi
1645 4498 1660 4522 ,
1693 4457 1852 4512 innu-

256 4563 405 4604 mera
436 4547 575 4602 mala
607 4547 771 4616 passi,
801 4561 898 4602 eos
921 4546 1244 4616 superabant
1272 4547 1364 4618 qui
1403 4547 1523 4602 illos
1549 4549 1702 4603 malis
1732 4548 1854 4602 affi-

255 4637 474 4693 ciebant
510 4634 688 4705 (Rom.
717 4636 771 4692 8.
788 4635 902 4702 37.;
917 4635 973 4689 2.
995 4634 1119 4691 Cor.
1143 4635 1196 4689 4.
1218 4634 1272 4707 8)
1288 4636 1312 4691 ἲ
1331 4635 1519 4708 Cogita
1543 4653 1672 4709 ergo
1693 4654 1853 4709 quam

257 4726 421 4780 animi
465 4725 659 4780 dubios
700 4736 756 4782 et
799 4726 1087 4798 perplexos
1115 4741 1211 4782 eos
1251 4726 1586 4794 reddebant,
1632 4728 1770 4784 adeo
1799 4739 1854 4785 ut

256 4820 502 4875 dicerent
531 4833 546 4871 :
581 4817 720 4884 Quid
745 4818 989 4887 faciemus
1017 4820 1096 4873 Itis
1136 4819 1421 4874 hominibus
1447 4819 1467 4889 (
1482 4819 1596 4875 Att.
1624 4821 1679 4876 4.
1708 4820 1851 4893 Ιϐ)1

257 4908 420 4979 Atqui
450 4909 703 4962 tenebant
729 4921 823 4962 eos
846 4910 1074 4971 vinctos,
1099 4917 1155 4962 et
1182 4910 1234 4963 in
1259 4909 1452 4964 mediis
1466 4911 1682 4980 judiciis
1701 4926 1842 4967 cem.

262 5001 594 5069 prehensus;
625 5007 681 5054 et
709 4999 1022 5054 obtinebant
1061 4999 1134 5054 illi
1172 5000 1386 5070 quidem
1419 5001 1592 5057 locum
1615 5002 1856 5072 iudicum

260 5098 318 5144 et
342 5090 752 5159 magistratuum
774 5130 789 5156 ,
837 5089 890 5143 hi
919 5105 1044 5145 vero
1076 5099 1343 5161 tamquam
1374 5094 1450 5148 rei
1491 5093 1598 5148 illic
1623 5094 1857 5160 stabant,

264 5189 316 5233 ct
348 5180 398 5233 bi
443 5188 622 5233 tamen
664 5179 785 5234 illos
814 5179 1075 5234 vicerunt.
1107 5179 1316 5252 Ubique
1353 5182 1587 5255 denique
1607 5225 1623 5247 ,
1665 5185 1710 5239 si
1739 5186 1860 5256 quis

263 5270 551 5342 diligenter
577 5271 923 5337 consideret,
962 5273 1164 5328 videbit
1205 5275 1373 5330 virum
1416 5277 1615 5333 bonum
1645 5279 1861 5335 vincere

267 5362 434 5417 virum
462 5361 771 5432 improbum
802 5381 816 5417 :
846 5379 1014 5432 eaque
1044 5381 1171 5420 vere
1200 5375 1284 5420 est
1313 5367 1532 5425 victoria
1556 5410 1571 5433 ,
1613 5385 1718 5425 non
1744 5370 1861 5425 vul-

263 5454 403 5522 garis
436 5453 525 5508 illa
553 5468 673 5523 quae
702 5452 834 5508 falsa
859 5465 938 5509 est
969 5463 1024 5510 ct
1055 5457 1259 5523 fucata,
1301 5472 1364 5512 ac
1391 5473 1511 5528 qua:
1549 5461 1702 5516 facile
1727 5476 1861 5516 con-

297 5558 398 5632 .(a)
432 5565 551 5607 Cum
575 5560 645 5607 ait
668 5558 963 5631 Petephren,
989 5572 1102 5632 _seu
1138 5561 1447 5632 Putipharem
1481 5561 1646 5632 fuisse
1671 5579 1862 5629 regem,

264 5624 470 5683 eiusque
491 5632 703 5687 uxorem
727 5624 966 5687 reginam,
987 5629 1124 5682 tropo
1141 5627 1382 5687 modoque
1418 5624 1649 5687 loquendi
1676 5624 1769 5676 non
1797 5624 1866 5677 in;

263 5689 405 5794 sum)
430 5685 608 5741 utitur,
633 5696 732 5743 quo
757 5696 846 5732 rex
870 5683 1043 5734 dicitur
1074 5688 1113 5733 is
1131 5686 1211 5747 qui
1248 5683 1556 5746 potestate-ct
1580 5691 1867 5742 auctoritate

261 5755 322 5804 sa
389 5755 459 5795 et.

1343 329 1698 393 EXPOSITIO
1737 326 1802 385 IN
1847 326 2168 388 PSALMUﬂ
2208 334 2437 392 XLVI".

3442 344 3552 402 ω

1952 447 2218 514 vincitur,
2261 451 2355 507 sed
2402 451 2493 507 illa
2536 452 2724 518 ﬁrma,
2758 454 3004 520 stabilis,
3043 466 3099 514 et
3142 458 3449 515 immobilis.
3483 461 3554 516 Et

1948 541 2201 597 auxilium
2242 559 2417 598 eorum
2460 553 2730 600 seterascet
2773 547 2827 601 in
2871 549 3074 620 inferno
3102 563 3122 604 :
3153 548 3256 606 hoc
3296 560 3400 615 est,
3445 552 3552 607 erit

1948 634 2297 690 imbecillum.
2342 636 2495 703 Quod
2540 646 2722 693 autem
2768 638 2930 706 dicit,
2955 649 3039 695 est
3082 640 3346 710 ejusmodi
3381 660 3396 697 :
3429 641 3546 697 Non

1947 721 2122 777 solum
2169 723 2258 779 hic
2297 724 2449 781 facile
2473 727 2592 797 capi
2625 737 2913 798 poterunt,
2945 730 3094 785 nullo
3121 746 3281 799 opem
3317 731 3547 798 ferente,

1947 813 2098 868 nullo
2127 829 2344 870 manuni
2372 816 2666 886 prmbente,
2689 819 2940 874 omnibus
2965 819 3216 888 expositi,
3247 821 3355 875 imo
3382 822 3547 878 etiam
3589 830 3594 837 '

1945 904 2088 974 quod
2114 915 2202 961 est
2227 906 2478 977 gravius,
2521 923 2593 965 ne
2634 909 2745 964 illic
2771 908 2988 980 quidem
3018 910 3291 966 habebunt
3329 913 3420 982 qui
3451 913 3531 968 de

1946 996 2151 1062 feudat,
2181 1011 2341 1068 opem
2367 998 2505 1054 ferat
2523 1039 2537 1064 ,
2573 1014 2789 1055 manum
2818 1001 3053 1071 praebeat
3071 1041 3086 1067 ,
3118 1013 3174 1058 et
3201 1017 3387 1057 eorum
3413 1018 3540 1075 sup-

1948 1086 2164 1156 plicium
2217 1089 2544 1144 consoletur.
2590 1090 2773 1160 itaque
2825 1107 2926 1147 nec
2970 1091 3207 1162 virgines
3254 1093 3552 1163 prudentes

1945 1178 2125 1234 stultis
2172 1195 2331 1250 opem
2379 1180 2522 1237 ferre
2567 1191 2856 1251 potuerunt
2902 1182 3127 1252 (Matth.
3154 1184 3244 1239 25.
3275 1184 3310 1240 9
3337 1186 3392 1254 ),
3438 1201 3546 1240 non

1947 1268 2217 1323 Abraham
2243 1270 2392 1325 diviti
2423 1269 2597 1339 (Luc.
2624 1271 2713 1327 i6.
2739 1271 2881 1342 25),
2913 1288 3019 1328 non
3056 1273 3170 1330 Noe
3192 1315 3208 1338 ,
3238 1283 3294 1328 ct
3314 1273 3452 1341 Joh,
3484 1285 3544 1330 et

1947 1358 2134 1413 Daniel
2165 1359 2288 1414 ﬁliis
2325 1363 2384 1409 et
2423 1357 2646 1418 ﬁliabus
2683 1359 2908 1432 (Eseclt.
2942 1363 3032 1418 η.
3057 1363 3185 1432 20).
3217 1363 3351 1419 Illud
3375 1364 3540 1430 enim,

1957 1448 2262 1516 Veterascet,
2291 1458 2397 1515 est,
2425 1451 2526 1504 erit
2555 1451 2902 1516 imbecillum,
2932 1463 3219 1509 evanescet
3246 1471 3310 1509 ac
3334 1453 3543 1509 delebi-

1947 1547 2036 1594 tur
2063 1555 2078 1592 :
2112 1537 2263 1605 Quod
2290 1539 2434 1593 enim
2467 1541 2724 1593 ceterascit
2767 1557 2828 1594 ac
2865 1544 3209 1608 consenescit,
3257 1561 3361 1598 non
3396 1544 3548 1614 longe

1944 1631 2084 1684 abest
2119 1630 2184 1684 ab
2219 1631 2443 1685 interitu.
2483 1631 2529 1684 A
2565 1631 2735 1704 gloria
2762 1649 2856 1688 sua
2893 1635 3145 1689 δεικνύαιὶ
3187 1645 3306 1689 sunt
3337 1633 3547 1707 (Hebr.

1945 1721 2001 1777 8.
2030 1721 2100 1776 is
2115 1723 2160 1789 ).

1996 1810 2326 1866 Monumenta
2341 1819 2560 1883 animos
2579 1815 2926 1870 accusationes
2952 1825 3289 1871 mortuorum.
3303 1847 3376 1858 -
3391 1815 3548 1884 Quod

1945 1903 2181 1958 maxime
2203 1902 2608 1970 desiderabant,
2638 1913 2861 1977 prapter
2878 1906 3022 1977 quod
3047 1909 3226 1962 omnia
3257 1908 3546 1974 faciebant,

1942 2003 2002 2050 et
2048 1994 2184 2050 nihil
2225 2010 2334 2050 non
2376 1997 2764 2064 moliebantur,
2811 2013 3006 2070 nempe
3049 2008 3110 2055 ut
3149 2010 3269 2071 post
3312 2010 3544 2058 mortem

1945 2101 2197 2157 magnam
2240 2086 2342 2143 sibi
2385 2097 2638 2158 pararent
2675 2089 2900 2159 gloriam
2925 2130 2943 2158 ,
2982 2104 3080 2160 per
3116 2091 3409 2162 pecunias,
3451 2107 3551 2164 per

1945 2178 2198 2243 mdificia,
2227 2192 2326 2250 per
2347 2180 2617 2251 sepulcra,
2643 2197 2744 2252 per
2763 2182 2981 2237 nomina
3009 2182 3266 2254 inscripta
3287 2183 3339 2238 in
3366 2184 3550 2255 sepul-

1945 2271 2095 2336 cris;
2135 2269 2203 2325 ab
2227 2284 2318 2336 eo,
2347 2270 2539 2340 inquit,
2569 2271 2848 2336 excident,
2877 2271 3021 2342 quod
3047 2288 3142 2328 eos
3169 2273 3401 2329 maxima
3432 2289 3550 2330 mo-

1946 2358 2100 2416 lestia
2130 2360 2398 2416 afﬂciebat
2424 2360 2552 2416 dum
2593 2361 2876 2429 viverent,
2914 2369 2970 2418 et
2993 2363 3110 2418 haec
3137 2365 3360 2420 scirent.
3396 2363 3549 2421 Talia

1946 2450 2092 2508 enim
2136 2449 2362 2506 aedificia
2413 2460 2542 2506 sunt
2587 2452 2966 2509 accusationes
3013 2463 3372 2510 mortuorum.
3414 2453 3550 2511 Nam

1947 2543 2048 2599 etsi
2075 2557 2275 2613 corpus
2303 2550 2445 2598 terra
2473 2549 2701 2615 tegatur,
2734 2543 2940 2615 lapides
2968 2552 3148 2599 tamen
3174 2559 3364 2601 vocem
3394 2545 3552 2601 emit-

1950 2642 2090 2702 tunt,
2135 2648 2323 2689 eorum
2369 2633 2743 2690 crudelitatem
2788 2644 2844 2690 et
2882 2635 3268 2707 impudentiam
3311 2635 3552 2707 quotidie

1947 2733 2284 2791 accusantes,
2325 2740 2643 2782 communes
2669 2741 2763 2782 eos
2789 2725 2974 2782 hostes
3002 2727 3427 2796 proclamantes,
3453 2742 3552 2784 eos

1945 2815 2038 2889 qui
2065 2825 2416 2887 praetereunt,
2443 2825 2505 2872 ut
2527 2831 2622 2872 eos
2651 2816 2784 2872 diris
2810 2825 2866 2872 et
2892 2816 3194 2872 maledictis
3223 2832 3551 2889 persequan-

1949 2916 2037 2962 tur
2060 2916 2117 2963 et
2142 2917 2400 2963 accusent
2422 2948 2440 2975 ,
2475 2906 2784 2964 imitantes.
2828 2907 3090 2977 Quanam
3131 2917 3217 2964 est
3259 2923 3390 2981 ergo
3431 2908 3551 2966 haec

1946 2996 2118 3070 gloria
2137 3037 2154 3064 ,
2191 3006 2560 3055 accusatorem
2605 2997 2912 3070 relinquere
2956 3011 3062 3054 non
3107 3006 3374 3054 tacentem
3395 3039 3413 3066 ,
3453 3000 3552 3055 sed

1949 3088 2070 3145 solo
2095 3099 2316 3159 aspectu
2341 3103 2437 3144 ora
2462 3089 2706 3145 omnium
2734 3089 3090 3159 aperientem,
3117 3100 3174 3145 et
3196 3088 3340 3160 apud
3360 3104 3552 3147 omnes

1949 3181 2043 3251 qui
2071 3178 2256 3236 vident
2289 3186 2347 3235 et
2386 3179 2693 3246 accedunt,
2723 3194 2818 3236 eos
2847 3179 2943 3251 qui
2969 3178 3306 3236 aediﬁcarunt
3340 3181 3552 3252 gravis-

1949 3273 2089 3329 sime
2113 3271 2522 3343 increpauteml
2545 3270 2815 3342 Quidnam
2840 3279 3019 3343 potest
3041 3287 3167 3328 cum
3193 3271 3295 3328 hac
3317 3271 3551 3330 conferri

1950 3362 2199 3430 stultitia,
2225 3361 2443 3433 quando
2467 3377 2531 3419 ea
2559 3362 2764 3419 faciunt
2787 3361 2858 3430 de
2882 3363 3078 3433 quibus
3105 3363 3420 3434 puniuntur,
3452 3378 3553 3435 pro

1949 3453 2144 3526 quibus
2171 3462 2497 3510 accusantur
2515 3495 2531 3522 ,
2570 3460 2792 3526 propter
2819 3468 2941 3525 qua:
2970 3454 3134 3510 etiam
3176 3463 3297 3524 post
3321 3462 3550 3511 mortem

1949 3561 1982 3602 a
2006 3546 2190 3603 multis
2211 3545 2538 3603 effodiuntur
2563 3563 2577 3601 :
2605 3562 2671 3602 ex
2698 3546 2894 3618 quibus
2921 3547 3342 3614 exsecrationes,
3369 3562 3552 3617 repre—

1950 3638 2241 3694 hensiones
2268 3645 2324 3693 et
2350 3637 2514 3694 multa
2539 3637 2767 3693 crimina
2799 3638 3046 3694 oriuntur
3063 3678 3080 3705 ,
3110 3647 3219 3692 tam
3243 3637 3317 3693 ab
3354 3638 3436 3694 eis
3458 3639 3550 3709 qui

1951 3729 2147 3800 injuria
2167 3727 2343 3785 aﬂecti
2369 3735 2514 3795 sunt,
2535 3743 2697 3798 quam
2716 3727 2808 3798 qui
2836 3740 2943 3782 non
2967 3726 3145 3782 allecti
3169 3728 3328 3783 sunt?
3350 3727 3438 3783 16.
3455 3726 3552 3783 Ve-

1950 3829 2235 3874 rumtamen
2257 3816 2398 3873 Deus
2417 3817 2628 3873 redimet
2647 3817 2872 3872 animum
2893 3832 3057 3871 nteant
3079 3815 3144 3871 de
3165 3833 3322 3871 manu
3341 3817 3551 3890 inferni,

1951 3913 2159 3985 quando
2178 3911 2424 3983 acceperit
2450 3927 2550 3965 nte.
2581 3910 2871 3981 Postquam
2896 3909 3031 3965 dixit
3057 3909 3362 3966 mercedem
3384 3909 3556 3965 malo-

1953 4019 2071 4059 rum
2097 4045 2113 4070 ,
2145 4012 2199 4058 et
2223 4001 2550 4072 stipendium
2580 4000 2806 4070 peccati,
2848 3999 2979 4054 dicit
3014 4000 3175 4055 etiam
3202 3999 3422 4070 pra-mia
3455 3999 3555 4056 bo-

1955 4109 2148 4150 norum
2181 4112 2196 4148 :
2228 4092 2373 4164 quod
2399 4101 2454 4148 et
2479 4092 2595 4162 ipse
2623 4103 2677 4147 et
2711 4092 2801 4147 alii
2832 4090 3107 4163 pr0phette
3146 4091 3326 4148 faccre
3355 4092 3552 4160 solent,

1950 4183 2014 4241 ut
2057 4202 2122 4242 ex
2167 4193 2396 4255 utroque
2438 4183 2744 4239 auditorum
2791 4183 3094 4249 instituant,
3147 4198 3341 4255 nempe
3383 4191 3440 4238 et
3480 4199 3549 4239 cx

1955 4277 2133 4350 poenis
2159 4286 2502 4349 peccatorum
2528 4317 2543 4342 ,
2575 4287 2630 4333 et
2659 4292 2724 4331 ex
2766 4277 3001 4349 prmmiis
3025 4277 3259 4332 virtutis.
3307 4275 3382 4330 ita
3425 4292 3557 4347 ergo

1955 4383 2015 4424 se
2042 4369 2243 4424 habent
2265 4383 2354 4423 res
2379 4369 2617 4434 illorum,
2647 4365 2886 4434 infamia,
2912 4367 3062 4422 labor
3085 4367 3281 4432 inanis,
3304 4367 3554 4434 stultitia,

1957 4461 2118 4525 risus,
2146 4460 2382 4516 dedecus
2401 4500 2416 4524 ,
2448 4459 2727 4524 interitus,
2757 4474 2902 4514 mors
2923 4500 2940 4525 ,
2969 4468 3318 4526 tormentum,
3357 4473 3555 4529 perpe.

1957 4560 2110 4606 tuum
2155 4551 2513 4622 supplicium,
2562 4549 2822 4605 molestiis
2870 4551 3170 4620 expositum
3217 4565 3247 4604 a
3288 4550 3458 4621 gloria
3503 4561 3560 4607 et

1956 4642 2250 4698 securitate
2286 4639 2580 4707 excidisse,
2608 4641 2760 4696 vivos
2787 4649 2842 4695 ct
2880 4648 3153 4707 mortuos,
3187 4643 3472 4712 vituperari
3504 4653 3562 4698 et

1959 4731 2224 4796 accusari,
2258 4730 2461 4785 nullum
2488 4729 2736 4785 invenire
2761 4729 3024 4785 malorum
3055 4730 3324 4785 solatium.
3367 4731 3560 4786 Nostra

1961 4832 2141 4877 autem
2167 4829 2355 4893 contra
2385 4835 2446 4876 se
2473 4821 2678 4876 habent
2705 4820 2906 4889 omnia,
2945 4821 3194 4877 liberatio
3218 4836 3248 4876 a
3275 4823 3559 4892 supplicio,

1961 4913 2181 4966 libertas
2209 4899 2405 4966 anima:
2423 4951 2439 4977 ,
2476 4913 2738 4968 securitas
2757 4953 2773 4979 ,
2805 4911 2981 4967 honor
2999 4953 3014 4978 ,
3041 4913 3230 4984 gloria.
3265 4915 3390 4970 llznc
3415 4917 3562 4971 enim

1963 5006 2143 5058 omnia
2169 5004 2547 5071 subindicavit,
2573 5020 2694 5060 cum
2716 5005 2878 5060 dixit:
2896 5004 3249 5062 Verumtamen
3279 5006 3418 5061 Deus
3447 5008 3566 5062 red-

1963 5097 2081 5150 imet
2125 5098 2350 5152 animant
2379 5114 2542 5152 meam
2569 5098 2634 5152 de
2659 5115 2814 5153 manu
2845 5099 3057 5170 inferni,
3082 5102 3288 5170 quando
3315 5103 3566 5172 acceperit

1964 5204 2043 5242 me
2078 5189 2324 5244 :inferos
2363 5188 2451 5244 hic
2495 5189 2683 5245 dicens
2725 5191 3044 5260 supplicium
3071 5234 3087 5259 ,
3133 5194 3402 5248 cruciatus
3447 5195 3567 5249 illos

1967 5281 2355 5338 intolerabiles.
2405 5280 2698 5337 Considera
2748 5293 2926 5337 autem
2972 5294 3202 5353 quantus
3249 5285 3320 5339 sit
3370 5285 3564 5352 honor,

1972 5389 2079 5428 non
2113 5383 2330 5444 propter
2359 5373 2461 5429 hoc
2491 5382 2734 5440 tantum,
2767 5375 2860 5430 sed
2907 5377 3069 5430 etiam
3096 5387 3316 5448 propter
3348 5379 3399 5432 id
3423 5381 3564 5449 quod

1969 5465 2328 5535 subjungitur.
2371 5467 2503 5520 Cum
2544 5467 2705 5532 enim,
2753 5467 2942 5536 inquit,
2984 5469 3255 5537 acceperit
3289 5484 3405 5536 me,
3445 5480 3568 5525 tunc

1972 5556 2146 5626 ipsum
2186 5555 2379 5611 videbo
2421 5557 2621 5611 clarius
2663 5574 2820 5626 quam
2873 5572 3033 5612 nunc.
3079 5557 3233 5614 Nunc
3280 5559 3422 5614 enim
3475 5577 3569 5630 per

1974 5650 2132 5704 fidem
2161 5650 2517 5713 ambulamus,
2543 5667 2648 5703 non
2670 5662 2768 5714 per
2795 5649 3053 5718 speciem,
3080 5660 3206 5705 tunc
3231 5662 3410 5705 autem
3436 5651 3571 5709 facie

1977 5743 2040 5798 ad
2070 5742 2256 5797 faciem
2295 5742 2377 5814 (l.
2404 5741 2522 5797 Cor.
2559 5741 2639 5795 l5.
2677 5739 2791 5810 1'2).
2825 5738 3118 5811 iicdempta
3149 5749 3326 5796 autem
3364 5743 3567 5810 anima,
