4058 6440
241 432 352 487 ιιι

239 547 488 598 deorum.
515 542 583 598 Et
611 542 767 612 paulo
795 547 917 610 post
947 557 960 594 :
995 537 1106 610 Ego
1133 537 1262 604 dixi,
1290 536 1381 590 Dii
1401 538 1520 592 estis
1549 535 1570 608 (
1587 534 1733 588 Psal.
1761 533 1853 589 8|.

242 638 304 692 1.
340 646 388 691 et
416 638 451 691 6
468 643 509 706 ).
535 636 598 690 Et
620 635 817 689 Paulus
846 650 860 685 :
894 631 1006 686 Etsi
1053 631 1185 685 enim
1210 638 1329 684 sunt
1369 629 1455 699 qui
1496 629 1736 682 dicuntur
1784 629 1857 681 dii

243 738 300 781 et
332 728 525 781 domini
556 726 697 778 multi
746 724 838 794 (1.
885 721 1003 775 Cor.
1031 723 1085 777 8.
1137 721 1227 790 5).
1268 720 1337 774 Et
1360 719 1534 775 Moses
1569 737 1582 772 ε
1609 717 1726 772 Diis
1754 735 1856 772 non

253 818 524 872 asaledices
551 817 570 886 (
603 815 769 869 Exod.
799 813 893 867 22.
913 812 1042 884 28).
1071 813 1132 866 Et
1164 810 1291 865 alibi
1323 829 1338 864 :
1377 808 1614 864 Videntes
1637 808 1733 876 ﬁlii
1759 806 1859 862 Dei

249 909 390 968 ﬁlias
431 907 690 960 hominum
734 903 754 968 (
773 902 902 958 Gen.
939 903 993 958 6.
1041 903 1140 964 2).
1181 900 1251 954 Et
1292 915 1481 954 rursus
1520 899 1660 952 idem
1713 897 1857 963 :Qui

245 1005 545 1050 exsecratur
596 993 775 1058 Deum,
827 1001 1084 1061 peccatum
1105 991 1312 1058 accipiet
1337 1005 1357 1042 :
1385 989 1471 1056 qui
1494 998 1663 1042 autem
1693 1004 1857 1041 nonn-

247 1094 344 1138 ιω
378 1100 561 1138 nomen
602 1080 833 1146 Domini,
864 1079 1116 1151 lapidibus
1145 1079 1384 1133 obruetur
1413 1076 1610 1148 (Leuit.
1642 1077 1734 1130 24.
1766 1077 1852 1130 15.

254 1175 373 1244 16).
405 1175 472 1229 Et
501 1189 683 1228 rursus
711 1191 724 1227 :
758 1171 868 1238 Dii,
891 1171 977 1240 qui
1005 1171 1184 1224 caelum
1205 1179 1249 1224 et
1275 1179 1462 1224 terram
1487 1184 1588 1221 non
1609 1171 1852 1238 fecerunt,

251 1276 465 1336 pereant
493 1266 585 1321 sub
620 1266 746 1319 ca'lo
774 1265 791 1296 ¹
825 1263 968 1336 (Jer.
1005 1263 1090 1317 lO.
1125 1263 1186 1318 11
1208 1264 1250 1333 ).
1299 1262 1570 1328 Quosnam
1602 1275 1732 1330 ergo
1778 1260 1854 1314 si-

252 1356 476 1427 gniﬁcat
497 1372 590 1425 per
616 1356 717 1410 hoc
739 1369 933 1408 nomen
955 1355 1007 1407 in
1030 1353 1134 1407 illis
1157 1353 1499 1417 testimoniis,
1518 1358 1572 1406 et
1593 1365 1853 1420 quosnam

251 1448 341 1501 hic
371 1447 502 1501 dicit
545 1445 710 1500 deos?
755 1445 1048 1515 Principes.
1094 1444 1354 1512 Quocirca
1396 1443 1707 1512 subjungit:
1739 1441 1854 1496 Diis

251 1553 355 1590 non
402 1536 703 1601 maledicas,
751 1551 843 1589 nec
901 1535 1120 1605 principi
1168 1534 1346 1604 populi
1398 1535 1472 1587 tui
1524 1534 1662 1587 dices
1721 1533 1856 1588 male

252 1627 462 1698 (Exod.
487 1626 579 1680 22.
609 1627 740 1696 28).
769 1626 907 1681 Dicit
931 1626 1091 1680 etiam
1124 1640 1220 1680 eos
1247 1625 1335 1695 qui
1381 1640 1448 1679 es
1487 1633 1706 1696 parente
1756 1625 1854 1678 ali-

246 1733 359 1784 quo
387 1721 582 1771 virtute
609 1717 833 1786 praedito
869 1717 1128 1786 originem
1179 1716 1474 1770 duxerunt.
1528 1714 1663 1782 Quia
1708 1715 1851 1768 enim

253 1807 419 1873 Enos,
452 1809 542 1878 qui
588 1821 856 1862 summam
885 1806 1120 1861 ostendit
1167 1807 1441 1872 virtutem,
1495 1805 1589 1860 Dei
1635 1805 1854 1860 nomine

251 1907 470 1952 vocatus
528 1906 613 1952 est
650 1913 665 1951 :
705 1897 797 1967 qui
856 1907 1034 1952 autem
1059 1911 1127 1951 ex
1155 1897 1248 1951 illo
1272 1895 1381 1950 nati
1410 1905 1533 1950 sunt
1558 1910 1768 1961 omnes,
1798 1902 1855 1949 et

250 1997 477 2058 nepotes
519 1986 703 2042 fratris
730 1987 894 2054 illius,
923 1987 1062 2042 inter
1086 2001 1148 2042 se
1185 1985 1680 2056 conjungebantur,
1715 1985 1854 2041 ﬁlios

252 2078 342 2134 Dei
366 2085 551 2143 vocat,
601 2078 692 2149 qui
722 2094 790 2134 ex
835 2079 950 2133 viro
974 2077 1117 2132 bono
1145 2091 1314 2147 genus
1352 2077 1638 2132 duxerant.
1676 2075 1852 2146 Coepe-

245 2179 364 2223 runt
385 2168 556 2235 enim,
588 2169 779 2239 inquit,
809 2169 979 2223 vocari
1017 2169 1218 2222 nomine
1261 2166 1360 2222 Dei
1403 2167 1569 2239 (Gen.
1619 2169 1674 2223 4.
1713 2167 1850 2239 26).

247 2259 385 2315 Dicit
405 2260 571 2314 etiam
595 2260 852 2330 populum
881 2259 1185 2314 Iudaeorum
1213 2300 1227 2325 ,
1257 2259 1346 2328 qui
1373 2258 1474 2314 hac
1498 2259 1853 2328 appellatione

245 2350 566 2405 honestatus
593 2360 696 2414 est,
725 2350 852 2404 dum
883 2349 1013 2406 dicit
1043 2368 1058 2406 :
1090 2349 1204 2420 Ego
1232 2351 1361 2416 dixi,
1388 2349 1476 2403 Dii
1515 2351 1656 2413 estis,
1679 2360 1726 2404 et
1755 2352 1853 2418 ﬁlii

249 2440 456 2496 επιιεὶ
483 2457 658 2494 omnes
683 2441 702 2510 (
724 2439 870 2494 Psal.
901 2442 990 2495 81.
1031 2440 1129 2512 6).
1161 2441 1226 2496 Et
1253 2442 1388 2497 alius
1420 2461 1434 2496 :
1463 2440 1514 2494 F
1514 2442 1633 2495 ilius
1658 2442 1852 2512 primo-

249 2534 449 2602 genita
479 2549 622 2587 meus
651 2532 817 2587 Israel
843 2533 862 2603 (
884 2531 1055 2587 Exod.
1100 2534 1154 2588 4.
1180 2531 1310 2607 22).
1345 2533 1434 2589 Sic
1455 2534 1597 2587 enim
1629 2533 1851 2587 vocabat

244 2639 433 2680 eorum
455 2625 712 2693 populum
728 2634 952 2695 propter
977 2639 1128 2680 suam
1148 2626 1548 2695 benignitatem.
1574 2624 1662 2679 Sic
1686 2624 1848 2679 etiam

243 2715 469 2770 solvitur
487 2715 622 2770 illud
652 2733 664 2768 :
697 2716 800 2782 Qui
836 2727 1132 2772 exsecratur
1180 2715 1367 2784 Deum,
1417 2727 1674 2788 peccatum
1715 2718 1852 2771 acci-

248 2806 346 2873 piet
375 2821 395 2860 :
435 2805 540 2861 hoc
583 2816 702 2871 est,
745 2806 837 2876 qui
879 2807 1104 2878 principi
1149 2808 1455 2874 maledicit,
1499 2818 1702 2878 peccat.
1749 2807 1850 2873 Qui

242 2905 410 2950 autem
460 2897 694 2950 nominat
733 2912 915 2950 nomen
957 2895 1075 2962 Dei,
1129 2899 1369 2952 obruetur
1400 2899 1655 2968 lapidibus
1684 2898 1847 2970 (Leo.

243 2988 441 3058 HAS)
470 3005 483 3040 :
519 2987 624 3041 hoc
649 2995 754 3052 est,
787 2988 875 3057 qui
899 2988 962 3041 iis
988 2988 1079 3059 qui
1111 3003 1215 3043 non
1254 2996 1398 3054 sunt,
1431 2990 1549 3058 ejus
1588 2990 1676 3059 qui
1705 2989 1849 3044 Deus

243 3087 324 3133 est
353 3093 556 3133 nomen
584 3078 790 3133 tribuit.
814 3077 956 3144 Quia
978 3079 1122 3133 enim
1149 3093 1255 3133 non
1283 3088 1460 3149 potest
1485 3080 1602 3148 ejus
1629 3090 1848 3148 peccato

242 3169 467 3239 ignosci,
518 3169 573 3222 in
617 3168 798 3237 ipsum
841 3168 1214 3238 gravissimum
1238 3169 1584 3223 constitutum
1612 3177 1694 3223 est
1718 3183 1847 3237 sup-

243 3258 481 3328 plicium.
527 3257 788 3312 Dicuntur
839 3257 1001 3311 etiam
1044 3257 1118 3312 dii
1165 3259 1426 3327 gentium,
1473 3273 1582 3312 non
1631 3268 1849 3329 propter

243 3349 528 3411 honorem,
584 3361 685 3402 nec
725 3346 869 3417 quod
919 3348 988 3401 ita
1016 3347 1125 3403 sint
1149 3347 1472 3418 appellandi,
1504 3349 1598 3404 sed
1631 3359 1849 3420 propter

243 3451 432 3493 eorum
452 3437 546 3506 qui
590 3437 804 3507 decepti
840 3444 984 3502 sunt,
1017 3447 1072 3491 et
1117 3437 1239 3491 illos
1275 3437 1348 3492 ita
1376 3449 1661 3504 vocarunt,
1695 3454 1847 3494 erro-

242 3542 378 3583 rem.
408 3526 750 3596 Quapropter
777 3526 904 3582 dicit
928 3542 1143 3598 quoque
1169 3528 1368 3584 Paulus
1396 3546 1410 3583 :
1445 3529 1585 3584 Nam
1613 3531 1704 3584 etsi
1729 3540 1847 3585 sunt

239 3619 328 3688 qui
351 3619 596 3672 dicuntur
639 3618 713 3670 dii
735 3617 756 3690 (
779 3618 832 3672 l.
879 3616 998 3672 Cor.
1051 3619 1106 3674 8.
1137 3619 1240 3690 5),
1265 3619 1573 3690 signiﬁcans
1613 3636 1706 3677 eos
1737 3636 1844 3677 non

239 3722 361 3764 esse
383 3708 542 3768 deos.
570 3722 638 3763 ne
663 3708 1036 3779 appellationis
1075 3709 1289 3780 quidem
1318 3709 1521 3765 honorc
1545 3721 1721 3766 tenus.
1747 3711 1847 3767 Hic

241 3813 372 3870 ergo
401 3799 472 3854 de
497 3799 825 3869 quibusnam
852 3800 1002 3865 dicit,
1028 3799 1169 3854 Deus
1204 3801 1414 3855 deorum
1431 3803 1457 3856 .’
1474 3802 1602 3857 Mihi
1631 3803 1844 3858 videtur

238 3889 421 3945 dicere
444 3888 514 3944 de
534 3889 637 3943 diis
659 3888 922 3959 gentium,
952 3903 1058 3944 non
1080 3898 1138 3944 ut
1159 3890 1251 3960 qui
1275 3891 1403 3957 sint,
1429 3891 1525 3946 sed
1555 3901 1614 3947 ut
1649 3892 1740 3961 qui
1773 3893 1844 3946 ita

237 3979 618 4034 existimentur
667 3979 738 4034 ab
789 3980 854 4033 iis
900 3980 991 4049 qui
1043 3980 1096 4034 in
1147 3996 1385 4036 errorem
1434 3981 1648 4037 abducti
1697 3992 1842 4038 sunt.

237 4069 505 4137 Quoniam
526 4070 671 4124 enim
691 4070 985 4125 crassiores
1009 4081 1162 4127 erant
1182 4072 1354 4128 Judmi
1375 4082 1429 4129 et
1447 4090 1477 4127 a
1503 4074 1646 4128 cultu
1677 4075 1844 4130 idolo-

235 4174 356 4214 rum
388 4174 496 4214 non
519 4167 674 4214 erant
707 4161 928 4216 omnino
975 4162 1148 4229 liberi,
1201 4163 1297 4218 sed
1340 4163 1623 4219 simulacra
1671 4166 1846 4234 suspi-

234 4249 445 4305 cientes
511 4249 798 4314 colebant,
855 4260 909 4305 et
971 4252 1169 4307 multas
1224 4253 1524 4323 iniquitatis
1577 4254 1844 4310 habebant

236 4338 499 4409 reliquias
531 4357 544 4392 :
571 4340 659 4394 vel
686 4355 752 4396 ex
780 4356 845 4396 eo
871 4342 988 4409 ipso
1028 4357 1213 4398 eorum
1246 4343 1456 4400 animos
1498 4345 1750 4416 deprimit
1778 4349 1798 4379 ²
1823 4388 1840 4414 ,

234 4429 533 4485 ostetidens
557 4429 706 4484 illum
736 4446 924 4486 eorum
941 4447 1060 4488 esse
1079 4433 1379 4489 dominum.
1404 4435 1540 4491 Nam
1583 4448 1668 4492 est
1700 4439 1843 4507 ipso-

234 4535 356 4574 rum
396 4535 613 4591 quoque
660 4521 964 4577 dazmonum
1018 4523 1267 4580 dominus
1297 4543 1312 4580 :
1341 4526 1531 4597 loquor
1587 4528 1655 4583 de
1713 4531 1841 4599 ipsis

236 4611 588 4675 substantiis;
623 4613 758 4667 mala
787 4615 928 4668 enim
951 4631 1104 4671 mens
1130 4625 1186 4672 et
1211 4633 1370 4673 omne
1395 4621 1586 4675 vitium
1613 4622 1682 4676 ab
1713 4623 1840 4692 ipsis

241 4700 449 4757 invecta
479 4710 625 4756 sunt.
661 4703 881 4759 Videtur
898 4717 1076 4760 autem
1098 4707 1228 4762 mihi
1259 4707 1344 4764 hic
1363 4725 1576 4781 quoque
1597 4712 1842 4768 Psalmus

241 4791 518 4847 conterere
545 4793 733 4863 priori.
764 4793 896 4850 Nam
924 4798 977 4851 in
1005 4797 1105 4852 hoc
1150 4814 1363 4870 quoque
1402 4803 1599 4873 scripta
1642 4814 1725 4859 est
1751 4819 1842 4861 re-

244 4880 535 4948 prehensio
582 4892 638 4937 et
671 4886 945 4939 accusatio
994 4902 1182 4943 eorum
1213 4892 1302 4959 qui
1341 4892 1716 4962 deliquerunt:
1744 4897 1840 4952 sed

243 4968 350 5023 illic
402 4969 622 5039 quidem
658 4979 830 5027 totum
860 4975 1044 5031 orbem
1087 4986 1244 5032 terra:
1272 4981 1496 5036 vocabat
1524 4984 1590 5037 ad
1620 4983 1843 5040 audien-

239 5058 389 5124 dum,
419 5058 508 5114 hic
534 5071 713 5115 autem
747 5062 859 5132 ipsa
887 5065 1174 5132 elementa,
1198 5084 1317 5137 qua}
1346 5079 1566 5126 extensa
1591 5083 1719 5128 sunt
1746 5091 1842 5144 per

243 5152 549 5206 universum
592 5153 801 5208 orbem.
833 5155 989 5210 Aliud
1015 5170 1097 5213 est
1145 5159 1232 5215 hic
1279 5161 1567 5232 theatrum,
1599 5175 1654 5222 et
1696 5169 1838 5223 aliud

241 5240 587 5296 auditorium.
613 5241 724 5297 Illic
748 5253 873 5298 sunt
901 5256 1108 5314 gentes,
1155 5251 1458 5321 terrigenae,
1506 5254 1678 5322 dives,
1710 5272 1842 5327 pau-

244 5341 335 5395 per
362 5345 376 5381 :
406 5329 497 5384 hic
525 5331 718 5386 calum
746 5341 801 5387 et
827 5342 964 5388 terra
991 5352 1005 5387 :
1037 5337 1210 5405 ipsum
1237 5354 1448 5410 quoque
1475 5343 1643 5400 Deum
1670 5348 1838 5401 intro-

240 5417 383 5474 ducit
407 5421 825 5493 disceptantem,
884 5434 938 5479 et
978 5430 1027 5481 ci
1074 5429 1260 5484 tribuit
1305 5434 1602 5491 orationem
1651 5438 1840 5495 defen-

240 5510 396 5566 dcudi
417 5528 641 5569 causam
661 5529 815 5570 suam
843 5517 983 5586 apud
1011 5521 1262 5589 populum
1281 5521 1609 5582 Judaeorum.
1640 5529 1842 5601 Maiore

298 5669 314 5738 ξ
350 5674 482 5738 nec,
504 5665 598 5718 sub
622 5668 760 5729 calo,
778 5671 961 5738 desunt
985 5675 1030 5724 in
1056 5677 1219 5735 Savil.,
1245 5681 1370 5728 etin
1400 5694 1498 5733 uno
1518 5687 1712 5738 Codice.

295 5731 314 5760 '
348 5731 494 5802 sarit.
523 5738 578 5779 et
607 5743 750 5802 unus,
796 5733 994 5802 excitat,
1043 5750 1146 5798 pro,
1193 5731 1440 5802 deprimit.
1466 5731 1836 5802 minii—s'rccte:

237 5801 423 5840 names
438 5793 691 5842 diametro
713 5796 981 5855 oppositam
1005 5793 1299 5851 sententiain
1328 5793 1493 5856 efﬁcit.

1359 417 1725 477 EXPOSITIO
1763 415 1830 474 ΙΝ
1870 417 2194 480 ΡεΑιΜυΜ
2233 424 2419 484 XLIX.

3464 432 3572 492 242

1966 540 2145 608 itaque
2166 543 2320 598 nobis
2345 544 2644 600 attentione
2663 561 2800 616 opus
2825 554 2927 602 est.
2960 543 3074 603 Hoc
3103 547 3267 604 etiam
3296 550 3573 607 facitalius

1967 632 2262 701 propheta;
2292 633 2583 689 introducit
2607 634 2778 690 Deum
2798 651 3019 692 causam
3047 653 3204 694 suam
3223 649 3493 710 agentem,
3517 655 3571 695 rt

1965 723 2148 776 statuit
2161 723 2526 791 locojudicum
2542 727 2815 781 convalles
2826 737 2881 783 et
2897 728 3242 784 fundamenta
3259 740 3438 786 turne.
3461 733 3569 785 Au-

1964 812 2068 868 dite
2082 814 2248 880 enim,
2259 817 2446 886 inquit,
2460 819 2714 874 convalles
2722 828 2770 873 et
2786 821 3118 891 fundamenta
3133 832 3282 878 terra!
3294 839 3313 877 :
3327 826 3568 896 quoniam

1954 905 2215 976 judicium
2242 915 2312 960 est
2336 906 2447 961 Deo
2462 924 2575 962 cum
2598 911 2791 981 populo
2808 928 2902 965 suo
2931 921 2978 965 et
3006 929 3124 966 cum
3153 917 3345 983 populo
3362 915 3572 971 disseret

1964 997 2168 1069 (Mica.
2203 999 2255 1053 6.
2284 997 2382 1070 2).
2413 999 2482 1053 Et
2509 1015 2697 1056 rursus
2727 1021 2741 1057 :
2772 1001 2982 1057 Iudicio
3006 1006 3271 1060 contendet
3293 1008 3570 1074 nobiscum,

1964 1098 2152 1142 etcum
2182 1089 2409 1158 patribus
2434 1092 2609 1146 vestris
2635 1091 2780 1162 (Jer.
2813 1093 2870 1147 2.
2903 1094 2937 1150 9
2977 1093 3020 1165 ).
3063 1092 3119 1148 In
3165 1097 3348 1153 multis
3389 1107 3569 1152 autem

1963 1179 2097 1234 locis
2126 1180 2417 1251 Scriptum
2439 1191 2618 1250 potest
2645 1183 2811 1240 videri
2835 1183 2952 1240 hare
2991 1185 3158 1255 ﬁgura
3187 1202 3200 1239 :
3253 1187 3396 1257 quod
3449 1189 3566 1258 qui-

1962 1269 2087 1325 dem
2142 1279 2226 1327 est
2264 1271 2317 1325 in
2351 1272 2536 1340 primis
2565 1273 2901 1339 admirabile,
2947 1284 3002 1330 et
3042 1276 3262 1345 dignum
3288 1277 3383 1334 Del
3413 1277 3570 1333 beni-

1959 1362 2185 1431 gnitate.
2229 1362 2473 1417 Ostendit
2520 1365 2664 1419 enim
2715 1365 2832 1434 ejus
2883 1365 3205 1422 ineffabilem
3251 1368 3567 1435 bonitatem,

1961 1453 2051 1523 qui
2078 1468 2138 1508 se
2163 1453 2298 1509 adeo
2324 1454 2624 1522 demiserit,
2650 1465 2711 1510 ut
2731 1472 2851 1511 cum
2877 1457 3183 1514 hominibus
3197 1459 3402 1530 judicio
3430 1476 3568 1516 con-

1963 1543 2163 1600 tendat.
2195 1544 2254 1599 2.
2279 1542 2364 1600 Ea:
2393 1545 2522 1601 Sion
2543 1548 2734 1616 species
2771 1549 2967 1602 decoris
2993 1549 3124 1620 ejus.
3167 1549 3339 1605 Habet
3365 1550 3566 1622 aliquid

1960 1635 2352 1706 propheticum,
2412 1636 2573 1692 habet
2610 1639 2774 1694 etiam
2819 1640 3152 1707 historicum,
3182 1642 3324 1712 quod
3363 1642 3567 1698 dictum

1964 1737 2049 1783 est
2079 1746 2095 1782 :
2129 1727 2226 1783 fuit
2268 1729 2412 1784 enim
2438 1740 2491 1785 et
2537 1731 2590 1785 in
2639 1731 2818 1787 Veteri
2840 1748 2904 1788 ex
2927 1733 3024 1787 illo
3044 1735 3162 1803 ejus
3194 1734 3380 1790 decor.
3404 1733 3568 1791 Tem—

1961 1818 2106 1887 plum
2120 1817 2288 1884 enim,
2309 1827 2496 1875 sancta
2516 1829 2856 1889 sanctorum,
2872 1823 3258 1890 omniscultus,
3282 1825 3570 1896 omnisque

1961 1908 2132 1964 forma
2161 1924 2225 1964 ac
2262 1910 2396 1981 ritus
2445 1911 2576 1981 legis
2592 1911 2808 1975 veteris,
2867 1913 3156 1969 multitudo
3185 1916 3566 1985 sacerdotum,

1960 2002 2222 2058 sacriﬁcia
2265 2011 2321 2058 ct
2362 2004 2692 2071 holocausta,
2739 2005 2878 2062 sacri
2936 2005 3163 2078 hymni,
3207 2010 3523 2080 psalmodire
3549 2053 3565 2075 ,

1959 2093 2138 2148 omnia
2168 2093 2313 2149 illinc
2342 2095 2838 2166 proﬁciscebantur,
2868 2105 2924 2153 et
2948 2109 3104 2170 typus
3125 2097 3426 2155 futurorum
3459 2100 3570 2156 illic

1959 2193 2084 2240 ante
2113 2185 2412 2258 descriptus
2441 2187 2633 2265 fuerat.
2671 2188 2962 2258 Postquam
2997 2200 3178 2247 autem
3209 2193 3410 2251 veritas
3435 2210 3570 2265 quo-

1958 2293 2066 2348 que
2111 2278 2298 2344 adluit,
2355 2294 2420 2335 ea
2464 2294 2653 2335 rursus
2709 2280 2857 2336 illinc
2898 2296 3116 2353 quoque
3150 2285 3297 2354 cepit
3329 2284 3564 2341 initium.

1960 2366 2108 2422 Illinc
2132 2369 2276 2423 enim
2293 2383 2422 2424 crux
2449 2369 2817 2439 resplenduit;
2845 2370 2994 2426 illinc
3014 2373 3424 2429 innumerabilia
3445 2390 3567 2446 qua:

1957 2460 2218 2530 praeclare
2258 2469 2407 2531 gesta
2443 2472 2588 2517 sunt.
2629 2463 2695 2518 Et
2743 2462 2866 2519 ideo
2894 2463 3062 2520 Isaias
3084 2480 3299 2537 quoque
3322 2466 3567 2523 scribens

1959 2549 2028 2604 de
2053 2550 2172 2620 lege
2195 2551 2330 2606 Novi
2355 2550 2708 2618 Testamenti,
2744 2553 2876 2609 dicit
2917 2572 2931 2609 :
2976 2553 3061 2610 Ea:
3107 2556 3239 2611 Sion
3283 2559 3568 2628 egredietur

1960 2639 2062 2705 lex,
2089 2650 2136 2695 et
2164 2641 2367 2696 verbum
2406 2641 2612 2698 Domini
2640 2661 2704 2699 ea:
2746 2643 3037 2699 Jerusalem
3056 2687 3072 2713 ,
3121 2656 3171 2700 et
3209 2647 3466 2716 judicabit
3511 2650 3566 2703 in

1958 2732 2123 2785 medio
2166 2733 2390 2802 gentium
2422 2732 2583 2806 (Isai.
2624 2734 2681 2788 2.
2729 2735 2784 2789 3.
2837 2733 2928 2807 4).
2972 2733 3105 2790 Sion
3142 2738 3287 2792 enim
3318 2735 3409 2792 hic
3435 2735 3567 2793 dicit

1959 2822 2136 2877 locum
2160 2824 2517 2895 integrum,et
2540 2825 2810 2881 civitatem
2833 2842 2954 2898 quae
2974 2827 3123 2896 juxta
3152 2827 3300 2884 illum
3327 2827 3429 2884 sita
3455 2839 3562 2897 est,

1954 2915 2261 2972 Iudaeorum
2290 2919 2650 2989 metropolim.
2677 2918 2828 2975 Illinc
2864 2920 3006 2975 enim
3038 2929 3310 2990 tamquam
3349 2937 3416 2977 ex
3445 2922 3562 2992 qui-

1958 3008 2180 3064 busdam
2227 3011 2537 3066 carceribus
2583 3011 2800 3068 veloces
2854 3013 3001 3083 equi,
3061 3027 3255 3082 nempe
3295 3014 3560 3083 apostoli,

1955 3099 2138 3156 emissi
2181 3101 2383 3156 suntin
2414 3109 2580 3156 totum
2609 3102 2795 3157 orbem
2847 3113 3036 3169 terrae;
3089 3103 3236 3158 illinc
3281 3115 3561 3174 cceperunt

1954 3189 2104 3259 signa
2131 3189 2308 3246 facere
2341 3209 2354 3245 :
2388 3191 2496 3247 illic
2522 3193 2620 3248 luit
2647 3194 2994 3261 resurrectio,
3026 3194 3133 3249 illic
3157 3196 3424 3261 ascensio,
3454 3195 3563 3250 illic

1955 3285 2216 3352 prooemia
2262 3292 2317 3338 et
2376 3285 2524 3338 initia
2573 3293 2772 3340 nostra
2817 3287 3047 3350 salutis;
3097 3287 3207 3342 illic
3247 3302 3440 3342 arcana
3471 3287 3560 3343 illa

1954 3383 2234 3443 coeperunt
2254 3374 2530 3445 prrcdicari
2555 3375 2806 3446 dogmata
2830 3392 2894 3432 ac
2918 3377 3156 3433 decreta.
3191 3378 3304 3435 Illic
3329 3380 3559 3449 primum

1955 3465 2117 3519 Pater
2141 3466 2408 3520 revelatus
2435 3474 2516 3521 est
2535 3508 2551 3534 ,
2579 3467 2827 3537 cognitus
2875 3477 2960 3523 est
2989 3467 3330 3539 Unigenitcs,
3362 3479 3417 3524 et
3435 3470 3560 3524 data

1956 3563 2041 3609 est
2088 3563 2232 3610 tanta
2277 3555 2446 3625 gratia
2497 3556 2748 3626 Spiritus.
2797 3557 2910 3613 lllic
2957 3559 3188 3628 apostoli
3246 3558 3563 3614 revelarunt

1953 3655 2258 3700 sermonem
2285 3645 2352 3700 de
2374 3646 2535 3702 rebus
2560 3647 2910 3718 incorporeis,
2933 3647 3001 3703 de
3025 3649 3203 3716 donis,
3233 3649 3301 3705 de
3323 3660 3562 3721 pomata-

1955 3737 2132 3803 tibus,
2164 3737 2232 3792 de
2281 3738 2580 3792 futurorum
2627 3739 2889 3795 bonorum
2936 3740 3400 3810 promissionibus.
3427 3741 3560 3809 Qua:

1953 3831 2131 3884 omnia
2161 3829 2421 3900 propheta
2466 3831 2815 3887 considerans
2835 3874 2850 3900 ,
2876 3832 2929 3888 id
2956 3841 3112 3890 vocat
3141 3834 3260 3903 ejus
3278 3833 3556 3889 decorem.

1953 3920 2049 3975 Dei
2074 3922 2216 3974 enim
2238 3923 2444 3991 species
2470 3937 2534 3976 ac
2559 3924 2724 3978 decor
2750 3931 2833 3979 est
2855 3924 2974 3993 ejus
2997 3923 3208 3980 bonitas
3227 3940 3290 3980 ac
3317 3925 3561 3997 benigni-

1954 4023 2054 4080 tas,
2083 4024 2136 4068 et
2163 4013 2215 4068 in
2245 4029 2434 4069 omnes
2463 4014 2835 4072 beneﬁcentia.
2887 4017 2942 4072 5.
2997 4016 3138 4073 Deus
3175 4019 3444 4089 manifeste
3470 4035 3556 4074 ve-

1951 4104 2074 4165 niet,
2098 4103 2237 4160 Deus
2260 4115 2448 4174 noster,
2473 4117 2520 4161 et
2561 4123 2664 4161 non
2702 4108 2887 4162 silebit.

2022 4195 2280 4252 Adventus
2321 4199 2509 4253 Christi
2537 4201 2678 4270 prior
2705 4201 2955 4257 occultus.
2983 4233 3056 4244 —
3085 4202 3247 4260 Vides
3280 4207 3556 4276 quomodo

1952 4289 2249 4358 procedens
2290 4291 2461 4360 aperit
2490 4305 2832 4358 sermonem,
2873 4304 2928 4348 et
2968 4289 3171 4350 revelat
3219 4297 3553 4363 thesaurum,

1950 4391 2008 4436 et
2046 4382 2304 4437 lmtiorem
2351 4384 2548 4437 emittit
2577 4384 2784 4439 radium
2805 4426 2820 4450 ,
2849 4386 3038 4442 dit-ens
3071 4405 3085 4441 :
3121 4387 3260 4443 Deus
3291 4391 3558 4461 manifeste

1951 4475 2129 4528 veniet.
2162 4474 2387 4542 Quando
2427 4477 2569 4531 enim
2603 4492 2708 4531 non
2734 4479 2881 4533 venit
2911 4480 3240 4535 manifeste?
3285 4482 3554 4550 Quando?

1949 4564 2007 4621 ln
2047 4567 2212 4638 priori
2254 4567 2483 4623 adventu
2523 4587 2536 4624 :
2571 4570 2716 4625 venit
2748 4570 2894 4625 enim
2926 4571 3131 4641 absque
3159 4573 3271 4627 ullo
3298 4575 3551 4644 strepitu,

1949 4657 2148 4713 multos
2166 4658 2364 4725 celans,
2396 4669 2450 4714 ct
2465 4660 2555 4715 diu
2579 4662 2769 4716 latens.
2798 4661 2934 4729 Quid
2957 4663 3077 4718 dico
3099 4663 3316 4730 multos,
3338 4666 3556 4735 quando

1948 4765 2050 4806 nec
2080 4751 2194 4821 ipsa
2241 4752 2456 4822 quidem
2505 4752 2698 4823 Virgo,
2750 4769 2871 4824 quae
2915 4768 3038 4810 eum
3084 4763 3242 4809 utero
3285 4756 3552 4828 gestabat,

1949 4852 2174 4897 noverat
2197 4857 2454 4898 arcanum
2495 4845 2733 4916 mysterii
2763 4847 2814 4912 ³,
2849 4862 2950 4902 nec
2978 4847 3097 4916 ejus
3137 4845 3331 4902 fratres
3356 4846 3553 4902 crede-

1950 4935 2074 4990 bant
2097 4936 2150 4991 in
2173 4937 2368 5007 ipsum,
2390 4954 2490 4993 nec
2511 4939 2556 4993 is
2579 4940 2667 5009 qui
2689 4939 2970 4994 videbatur
2989 4955 3111 4997 esse
3128 4949 3278 5010 pater
3299 4954 3552 5011 magnum

1950 5029 2078 5100 quid
2108 5030 2176 5084 de
2212 5045 2280 5085 eo
2307 5031 2686 5103 concipiebat?

2020 5121 2077 5174 2.
2111 5122 2177 5175 Et
2206 5121 2334 5191 quid
2366 5122 2489 5177 dico
2517 5124 2801 5180 homines?
2830 5124 3011 5194 lpum
3041 5141 3254 5198 quoque
3275 5127 3551 5183 diabolum

1951 5207 2104 5266 latuit
2135 5230 2148 5265 :
2179 5227 2353 5282 neque
2377 5214 2521 5268 enim
2552 5215 2595 5268 si
2623 5216 2872 5270 scivisset
2898 5256 2913 5280 ,
2957 5226 3109 5272 muto
3153 5227 3276 5288 post
3306 5229 3553 5289 tempore

1953 5306 2004 5356 in
2033 5313 2214 5360 monte
2238 5320 2358 5360 eum
2387 5305 2769 5378 interrogasset
2793 5349 2809 5376 ,
2840 5324 2909 5364 an
2939 5319 3084 5365 esset
3113 5311 3204 5366 Dei
3231 5311 3421 5378 Filius,
3451 5328 3551 5368 ne-

2014 5507 2029 5574 }
2067 5507 2272 5574 δίο-ηδε,
2291 5513 2344 5557 et
2365 5509 2505 5574 savii.
2527 5516 2645 5569 vox,
2670 5508 2904 5574 mysterii,
2929 5510 3106 5563 deerat
3127 5515 3175 5563 in
3199 5513 3385 5573 Morel,
3408 5523 3460 5566 et
3481 5520 3555 5567 sic

1951 5567 2303 5640 infrasubinde
2343 5567 2742 5640 quasdamVOces'
2760 5567 3056 5640 necessaria:
3091 5574 3320 5640 deerant,
3351 5567 3462 5640 qua
3488 5593 3549 5629 ex

1948 5636 2052 5678 Mss.
2067 5629 2340 5699 desumpta:
2361 5629 2492 5699 sunt.
2521 5634 2688 5680 Mirum
2702 5632 2831 5699 quod
2855 5633 2935 5699 hic
2955 5634 3075 5684 dicit
3094 5629 3476 5699 chrysosiotittts,
3491 5654 3552 5688 ne

1951 5703 2101 5760 ipsam
2120 5692 2322 5760 quidem
2347 5693 2594 5754 Virginem
2619 5692 2745 5760 quze
2765 5693 3005 5744 Christum
3043 5692 3436 5760 utero'gestabat
3463 5692 3554 5749 ἠο-

1950 5752 2081 5859 tis|se
2105 5754 2409 5812 mysterium.
2431 5752 2651 5805 “noverat
2667 5757 2798 5804 enim
2835 5766 3090 5818 postquam
3128 5752 3337 5822 ang'elus
3359 5761 3449 5823 ipsi
3473 5773 3555 5812 re-

1952 5825 2012 5859 ve
2036 5824 2217 5859 atterat.

1952 5824 2217 5864 velaverat.
