4058 6436
577 385 683 440 Ei?»

569 516 675 570 que
705 497 755 551 id
794 494 992 553 seuiel.
1025 503 1076 548 et
1117 491 1196 546 bis
1220 532 1234 555 ,
1276 500 1330 545 et
1375 491 1531 545 tertio
1577 489 1791 554 fecisset
1836 487 2054 556 (Matth.
2085 489 2139 542 4.

569 590 624 644 5.
656 587 732 652 6).
782 587 846 641 Et
873 585 991 639 ideo
1017 583 1148 636 dixit
1174 580 1362 635 Juanni
1391 595 1512 635 eum
1553 581 1793 635 revelare
1822 579 2092 646 incipienti
2129 595 2141 606 -

569 681 694 734 Sine
743 677 890 734 modo
934 673 1116 745 (1d.5.
1156 673 1293 740 l5);
1345 671 1446 724 hoc
1503 680 1612 732 est,
1645 669 1786 722 'l‘aee
1833 681 1974 721 nunc
2000 686 2014 729 ;
2045 684 2143 720 uc-

565 785 669 839 que
705 769 848 830 enim
895 775 1103 830 tempus
1141 771 1223 815 est
1263 770 1322 816 ut
1367 760 1631 815 reveletur
1678 773 1931 813 arcanum
1969 771 2144 812 carum

561 867 825 928 suscepta:
861 856 1141 918 consilium
1164 871 1201 918 ;.
1234 852 1358 911 volo
1403 850 1576 915 adhuc
1620 850 1788 906 latere
1829 848 2096 906 diabolum
2128 870 2136 898 ε

564 961 679 1006 tace
698 962 852 1018 ergo,
874 947 1042 1014 inquit
1111 942 1140 997 ι
1148 953 1203 1002 tu
1219 943 1349 999 enim
1367 958 1461 994 nos
1487 940 1645 997 decet.
1676 941 1886 998 Etcum
1907 946 2145 999 amomo

561 1037 965 1104 descendisset,
997 1033 1278 1104 praecepit,
1323 1039 1381 1085 ut
1408 1031 1724 1099 ipsumesse
1747 1025 2017 1088 Christum
2037 1043 2142 1082 .ne-

564 1130 693 1186 mini
746 1128 984 1182 dicerem
1034 1123 1140 1194 (id.
1175 1123 1260 1177 l7.
1289 1121 1368 1190 9).
1408 1121 1556 1174 Tunc
1595 1119 1736 1174 enim
1777 1117 1920 1172 venit
1954 1126 2017 1173 ut
2052 1131 2144 1186 pa-

563 1230 676 1272 star
695 1218 784 1292 qui
811 1213 1079 1287 qwerebnt
1104 1220 1370 1270 errantem
1393 1224 1545 1263 ovem
1571 1207 1737 1276 etqui
1759 1213 2140 1278 repugnantem

565 1306 730 1377 ieram
764 1303 940 1362 venari
969 1303 1180 1356 volebat
1209 1318 1222 1353 :
1256 1313 1307 1353 et
1341 1298 1459 1364 ideo
1485 1297 1719 1366 scipsum
1764 1294 2141 1354 adumbrabat.

558 1396 712 1452 Sicut
739 1395 879 1450 enim
920 1392 1157 1446 medicus
1189 1405 1293 1446 non
1331 1403 1451 1444 sese
1493 1389 1735 1457 protinus
1761 1395 1964 1460 aegroto
1990 1386 2141 1447 terri-

560 1486 723 1541 bilem
770 1483 1015 1545 exhibet,
1063 1481 1139 1534 ita
1172 1495 1268 1534 nec
1314 1480 1430 1547 ipse
1481 1479 1534 1532 in
1580 1477 1841 1547 principio
1879 1492 1940 1532 se
1974 1477 2142 1534 voluit

558 1575 922 1640 manifestare.
948 1571 1039 1628 sed
1065 1572 1324 1642 paulatim
1344 1581 1397 1624 et
1416 1569 1635 1626 sensim.
1657 1568 1807 1623 Hunc
1834 1569 2006 1644 itaque
2025 1568 2141 1650 ejus

562 1667 852 1726 adventum
876 1706 891 1730 ,
932 1665 1020 1734 qui
1066 1663 1166 1717 iuit
1183 1665 1394 1729 absque
1431 1661 1654 1730 strepitu
1675 1701 1696 1728 ,
1722 1661 2037 1732 siguilimns
2055 1658 2142 1720 hic

564 1757 989 1826 ipsepropbela.
1019 1752 1148 1816 dicit
1171 1762 1353 1821 postea
1383 1769 1396 1804 :
1429 1749 1700 1808 Descendet
1729 1749 2136 1828 tamquamu-

564 1850 645 1902 t-ia
665 1849 717 1900 in
746 1848 903 1904 vellus
922 1886 940 1910 ,
967 1853 1011 1903 et
1035 1853 1290 1913 tamquam
1323 1841 1459 1899 stilla
1486 1856 1600 1915 gula
1626 1841 1837 1897 distillat
1861 1855 2014 1917 super
2041 1848 2142 1895 ler-

562 1955 674 1999 rem
702 1936 869 2007 (Ptol.
895 1936 982 1993 7t.
1006 1935 1082 2004 6).
1106 1932 1292 2003 Neque
1313 1932 1456 1990 enim
1476 1931 1623 1990 venit
1650 1931 1932 2004 strepitum
1943 1928 2137 1990 edens.

564 2027 911 2098 maturbans
937 2039 996 2080 ac
1024 2023 1374 2098 tumultuans,
1401 2036 1508 2082 non
1533 2029 2138 2099 terram.,_movens,,non

564 2117 772 2186 fulgura
802 2115 1080 2180 emittens,
1123 2129 1228 2173 non
1258 2113 1448 2169 caelum
1475 2110 1810 2176 concutiens,
1843 2125 1949 2165 non
1978 2124 2140 2190 ange—

567 2207 738 2266 lorum
777 2213 977 2258 turmas
1016 2204 1332 2267 imminens,
1361 2216 1464 2254 non
1493 2200 1723 2254 medium
1750 2199 2139 2254 ﬁrmamentum

563 2298 938 2367 disrumpens,
987 2302 1040 2346 et
1087 2294 1159 2346 ita
1205 2306 1368 2360 super
1409 2290 1576 2344 nubes
1627 2287 1995 2356 descendens;
2047 2287 2141 2350 sed

562 2386 764 2454 absque
792 2383 1015 2450 strepitu
1045 2397 1138 2451 per
1179 2390 1387 2434 uterum
1414 2377 1665 2448 Virginis,
1696 2393 1914 2458 cumiea
1951 2392 2142 2437 novem

563 2474 838 2529 mensibus
863 2474 1008 2527 illum
1035 2472 1278 2534 tulisset,
1313 2480 1582 2538 tamquam
1610 2467 1742 2522 labri
1771 2468 1914 2523 Illius
1934 2469 1988 2527 in
2007 2483 2147 2539 pra:-

564 2564 676 2632 scpi
704 2563 938 2631 paritur,
987 2561 1040 2614 in
1071 2560 1263 2612 vilibus
1292 2557 1471 2613 fasciis
1495 2556 1703 2615 insidiis
1729 2557 1994 2624 appetitur
2017 2597 2032 2614 .
2059 2556 2144 2618 iu-

561 2656 640 2725 git
676 2669 795 2711 cum
844 2661 1012 2706 matre
1043 2654 1095 2704 in
1128 2651 1436 2720 Aigyptum.
1495 2647 1694 2702 Deinde
1741 2658 1861 2716 post
1913 2658 2140 2705 mortem

564 2747 679 2813 ejus
706 2744 793 2812 qui
825 2743 1062 2795 maxima
1087 2741 1287 2794 scelera
1314 2739 1642 2803 admiserat,
1675 2748 1802 2792 tunc
1833 2740 2138 2803 revertitur,

564 2848 618 2890 et
649 2836 751 2889 huc
780 2835 901 2888 illuc
922 2834 1238 2886 circumiens
1261 2871 1276 2896 ,
1330 2831 1508 2884 habitu
1538 2845 1754 2900 semper
1781 2840 1895 2883 erat
1922 2841 1979 2882 ut
2008 2846 2144 2884 unus

568 2942 633 2980 ex
668 2926 821 2995 plebe
846 2966 860 2991 ,
893 2935 948 2978 et
976 2932 1093 2976 erat
1138 2922 1213 2974 illi
1245 2921 1409 2974 chtis
1435 2920 1554 2973 vilis
1579 2960 1598 2984 ,
1640 2927 1696 2972 et
1737 2933 1921 2973 mensa
1961 2917 2142 2982 vilior;

566 3027 852 3087 perpetuus
896 3017 1160 3077 incessus,
1191 3021 1246 3065 et
1276 3014 1343 3064 ita
1373 3019 1657 3080 perpetuus
1679 3051 1693 3077 ,
1739 3018 1798 3063 ut
1839 3025 1909 3063 ex
1954 3009 2145 3063 itinere

565 3110 723 3162 etiam
754 3105 1150 3174 defatigaretur.
1189 3102 1380 3156 Verum
1408 3117 1514 3156 non
1541 3110 1664 3155 tunc
1701 3101 1778 3156 sic
1807 3103 1982 3155 veniet
2006 3139 2022 3166 ,
2049 3100 2143 3155 sed

565 3200 698 3251 adeo
723 3196 1001 3252 manifeste
1025 3236 1039 3260 ,
1071 3202 1125 3247 ut
1153 3208 1219 3246 ne
1251 3192 1358 3245 ullo
1392 3191 1604 3260 quidem
1636 3206 1770 3260 opus
1798 3191 1990 3245 habeat
2011 3232 2026 3258 ,
2056 3191 2146 3258 qui

567 3289 684 3357 ejus
699 3287 980 3340 adventum
1009 3282 1305 3336 annuntiet.
1330 3282 1612 3351 Propterea
1635 3281 1747 3351 ipse
1766 3295 1976 3351 quoque
1995 3296 2144 3334 suam

569 3378 863 3432 claritatem
909 3375 1244 3444 signiﬁcans,
1274 3373 1482 3428 dicebat
1515 3391 1529 3429 :
1559 3372 1617 3424 Si
1663 3372 1922 3426 audieritis
1949 3387 2053 3425 esse
2091 3373 2146 3424 in

569 3468 921 3538 penetralibus,
947 3467 1103 3521 nolite
1127 3465 1317 3518 intrare
1345 3480 1364 3516 :
1393 3464 1438 3516 si
1479 3463 1532 3515 in
1558 3462 1770 3529 deserto,
1798 3463 1953 3516 nolite
1987 3463 2142 3520 exire.

570 3554 712 3610 Sicut
756 3557 887 3608 enim
929 3556 1103 3626 fulgur
1139 3557 1242 3608 exit
1283 3553 1343 3606 ab
1388 3557 1576 3606 oriente
1613 3562 1659 3604 et
1690 3552 1875 3604 relucet
1900 3568 2054 3622 usque
2077 3551 2146 3604 ad

569 3647 916 3700 occidentem:
945 3651 1016 3697 ita
1061 3645 1152 3698 erit
1197 3643 1441 3696 adventus
1486 3640 1612 3694 Filii
1657 3641 1872 3694 hominis
1917 3641 2144 3712 (Matth.

567 3739 662 3792 24.
684 3737 772 3791 26.
803 3738 868 3790 27
890 3737 909 3807 )
933 3775 948 3799 ,
1001 3735 1370 3806 ipseseipsum
1392 3736 1682 3788 ostendens
1701 3772 1717 3800 ,
1750 3739 1804 3786 et
1831 3731 2143 3802 praedicans.

572 3828 703 3882 Nam
726 3828 832 3881 hoc
855 3827 1014 3880 etiam
1057 3825 1108 3879 in
1139 3825 1346 3895 fulgure
1375 3823 1572 3889 evenit,
1604 3837 1705 3876 nec
1731 3836 1864 3895 opus
1891 3820 2148 3876 habemus

573 3922 749 3990 aliquo
773 3921 860 3987 qui
888 3918 1188 3980 annuutiet,
1211 3915 1306 3970 sed
1331 3915 1488 3970 simul
1512 3925 1669 3984 atque
1695 3913 1961 3983 apparuit,
1991 3913 2148 3966 simul

573 4009 820 4063 omnibus
840 4008 1108 4076 cognitum
1135 4005 1254 4060 fuit.
1287 4005 1360 4060 Ita
1381 4005 1539 4059 etiam
1576 4004 1704 4058 dicit
1735 4003 1934 4058 Paulus
1961 4017 1977 4055 :
2010 4001 2148 4067 Quo-

573 4102 710 4155 niam
739 4101 846 4169 ipse
884 4098 1131 4152 Dominus
1171 4099 1225 4150 in
1265 4098 1450 4166 jussu,
1493 4097 1548 4150 in
1589 4112 1707 4151 voce
1744 4096 2069 4165 archangeli,
2096 4096 2150 4147 in

574 4202 795 4245 extrema
841 4191 955 4244 tuba
997 4191 1256 4243 descendet
1290 4189 1354 4240 de
1378 4189 1501 4240 ctclo
1531 4189 1605 4258 (1.
1634 4185 1816 4241 Thess.
1844 4189 1896 4241 ι.
1933 4183 2044 4256 15).
2077 4185 2150 4238 Ita

576 4284 736 4338 etiam
767 4282 1022 4351 propheta
1050 4279 1182 4333 vidit
1205 4293 1325 4332 cum
1354 4277 1478 4331 ferri
1510 4293 1670 4346 super
1717 4279 1885 4330 nubes
1911 4317 1925 4340 ,
1972 4285 2025 4329 et
2052 4275 2150 4328 llu-

575 4374 717 4425 vium
738 4381 860 4425 ante
875 4385 995 4426 eum
1019 4369 1148 4423 trahi
1173 4378 1226 4422 et
1255 4368 1483 4422 tribunal
1506 4368 1761 4431 terribile,
1789 4374 1842 4420 et
1857 4365 2153 4420 reddendas

575 4467 698 4517 vita:
725 4462 958 4516 rationes
987 4475 1104 4530 quae
1145 4460 1302 4514 vitari
1341 4476 1448 4512 non
1495 4471 1738 4530 possunt.
1795 4457 1947 4513 Tunc
1984 4459 2148 4523 enim,

578 4566 706 4609 tunc
741 4553 940 4622 judicio
966 4561 1021 4606 et
1049 4551 1309 4607 sententia
1339 4565 1474 4620 Opus
1500 4561 1582 4606 est
1615 4570 1629 4606 :
1660 4559 1715 4604 et
1747 4551 1867 4605 ideo
1907 4566 2010 4604 non
2041 4565 2154 4604 am-

578 4646 716 4716 plius
762 4654 820 4699 ut
844 4643 1110 4710 medicus,
1149 4643 1247 4697 sed
1277 4628 1778 4710 utjndexapparet.
1831 4641 2016 4696 Daniel
2046 4642 2146 4696 ita-

573 4749 680 4804 que
703 4742 759 4788 et
785 4732 1030 4786 thronum
1055 4732 1170 4800 ejus
1198 4728 1359 4793 videt,
1389 4739 1442 4784 et
1466 4729 1679 4784 fluvium
1710 4730 1799 4799 qui
1828 4739 1952 4784 ante
1980 4731 2151 4785 tribu-

578 4822 663 4876 nal
696 4820 922 4878 trahitur
941 4861 956 4883 ,
985 4831 1039 4876 et
1059 4820 1234 4874 omnia
1264 4821 1336 4874 illi
1375 4820 1537 4890 ignita
1568 4821 1939 4897 ostenduntur.
1962 4835 2151 4875 currus

575 4922 630 4966 et
658 4920 789 4965 rota:
841 4909 998 4980 (Dan.
1031 4911 1083 4964 7.
1109 4909 1161 4965 9.
1194 4909 1304 4980 l0).
1349 4908 1455 4965 Sed
1496 4925 1600 4964 non
1630 4909 1683 4963 in
1724 4910 1981 4979 principio
2002 4952 2018 4976 ,
2055 4926 2152 4964 uec

575 5000 790 5071 quando
824 5001 875 5054 iu
903 5000 1075 5068 primo
1104 4999 1333 5065 advequ
1355 5000 1498 5054 venit
1525 5000 1542 5030 ί
1571 5039 1587 5064 ,
1619 4999 1724 5054 tale
1749 4999 1873 5069 quid
1895 5000 2148 5063 ostendit,

582 5107 687 5147 non
719 5093 911 5162 ignem,
936 5107 1040 5146 nou
1067 5091 1304 5160 (luvium,
1333 5107 1435 5144 nou
1461 5091 1657 5160 aliquid
1682 5091 1826 5145 aliud
1855 5090 2149 5158 ejusmodi;

581 5181 676 5237 Sed
703 5196 937 5258 praisepe
959 5224 974 5246 .
1005 5175 1386 5248 diversarium,
1417 5183 1702 5251 tugurium,
1732 5192 1784 5237 et
1805 5182 2017 5252 inopem
2043 5197 2151 5238 ma-

582 5284 735 5326 trem.
766 5272 1094 5341 Quamquam
1118 5272 1316 5341 alioqui
1337 5287 1399 5326 ex
1425 5273 1528 5328 hoe
1555 5273 1789 5328 ostendit
1824 5288 1946 5328 eum
1977 5288 2096 5328 esse
2122 5292 2151 5328 a

580 5363 927 5416 conversione
964 5369 1020 5415 et
1064 5363 1355 5418 mutatione
1397 5363 1650 5418 alienum.
1703 5365 1965 5432 Quoniam
2010 5366 2152 5421 enim

582 5453 861 5510 dixitcum
899 5453 986 5522 qui
1013 5452 1227 5508 sedebat
1258 5469 1419 5524 super
1456 5454 1700 5510 thronum
1728 5498 1743 5522 ,
1789 5456 2038 5512 habuisse
2065 5472 2154 5513 ca-

583 5548 766 5618 pillum
796 5548 1074 5604 candidum
1121 5559 1175 5604 ut
1218 5551 1393 5606 lanam
1418 5593 1434 5618 ,
1466 5563 1520 5608 et
1548 5565 1746 5610 vestem
1777 5557 1914 5612 sicut
1938 5558 2114 5612 nivem
2139 5574 2153 5611 :

648 5661 663 5690 ί
699 5657 839 5732 _sa_vil.
858 5668 916 5732 et
943 5660 1070 5732 (τῲ.
1098 5666 1308 5732 sequuti.
1333 5665 1563 5732 verbum.
1587 5667 1725 5727 venit,
1751 5671 2151 5732 interposuitnus,

581 5721 710 5782 quod
732 5721 872 5770 deest
896 5723 941 5769 in
967 5729 1078 5784 Reg.
1109 5721 1264 5772 Boi-el.
1299 5732 1347 5773 et
1372 5729 1558 5774 Mentel.

1309 383 1366 433 S.
1407 377 1684 434 JOANNIS
1722 374 2188 432 LHRYSOSTOMI
2222 373 2534 432 ARCIllEP.
2577 378 3109 439 (ZONSTANTINOP.

3731 397 3850 453 ξω

2257 504 2321 540 ne
2367 489 2501 557 pilos
2540 500 2810 548 vestcmve
2852 496 3221 558 existimares,
3269 499 3376 554 sed.
3404 501 3742 570 Splendorem
3774 524 3849 563 ac

2251 579 2530 646 puritatem
2557 621 2572 646 ,
2626 581 2801 647 ignem
2855 584 3047 655 ubique
3093 602 3214 642 esse
3257 588 3386 644 dicit
3415 609 3428 644 :
3454 591 3599 662 Ignis
3633 596 3685 648 in
3710 613 3847 652 con-

2247 681 2419 734 spectu
2460 673 2570 740 ejus
2599 673 2921 740 exardescet,
2975 687 3023 729 et
3064 678 3118 731 in
3165 681 3380 734 circuitu
3417 683 3526 752 ejus
3565 694 3850 755 tempestas

2248 759 2416 822 valida
2449 760 2617 829 (Dan.
2666 764 2717 816 7.
2765 764 2847 830 9).
2895 765 2969 819 lta
3011 769 3170 822 etiam
3215 769 3302 824 hic
3345 773 3502 827 simul
3539 789 3663 828 eum
3710 791 3849 833 esse

2247 851 2526 906 .nutstioni
2554 860 2608 906 et
2629 857 3209 913 eonversionimiuime
3224 859 3532 930 obnoxium,
3567 863 3845 920 lucidum-

2247 953 2350 1007 que
2384 948 2454 997 .et
2501 941 2832 998 inaccessum
2877 947 3115 1000 ostendit
3160 962 3255 1016 per
3293 949 3389 1003 has
3432 951 3845 1010 similitudines.

2247 1024 2431 1096 Neque
2468 1043 2594 1086 vero
2629 1031 2769 1085 sistit
2793 1031 2859 1086 ad
2886 1033 3060 1102 ignem
3089 1052 3274 1105 usque,
3306 1038 3400 1093 sed
3427 1040 3614 1095 volens
3643 1053 3848 1098 osten-

2249 1116 2376 1173 dere
2403 1118 2792 1176 vehementiam
2820 1126 3084 1194 supplicii,
3117 1129 3388 1199 subjungit
3417 1131 3602 1188 dicens
3634 1151 3648 1186 :
3681 1133 3848 1188 Tem-

2249 1219 2419 1277 pestas
2454 1211 2641 1269 salida.
2691 1213 2790 1269 Est
2834 1225 3009 1274 autem
3052 1232 3304 1286 καταιγις,
3349 1223 3432 1278 vel
3476 1225 3845 1282 intolerabilis

2248 1314 2422 1362 massa
2469 1304 2646 1372 nivis,
2695 1319 2812 1374 quae
2843 1306 2896 1360 in
2939 1310 3162 1379 quodvis
3205 1313 3450 1370 inciderit
3482 1318 3742 1384 pertrabit
3785 1327 3850 1374 et

2248 1391 2458 1459 evertit,
2485 1393 2570 1451 vel
2597 1393 2886 1453 vehemens
2909 1409 3189 1454 ventorum
3210 1401 3459 1470 impetus,
3487 1407 3573 1472 qui
3598 1405 3845 1476 idipsum

2237 1482 2444 1549 .eilicit,
2473 1493 2527 1540 et
2555 1495 2635 1542 est
2673 1487 2737 1542 iis
2760 1504 2880 1558 quae
2909 1502 3194 1560 occurrunt
3231 1494 3594 1551 intolerabilis.
3632 1497 3845 1556 Volens

2247 1573 2408 1644 igitur
2442 1576 2728 1649 “tetidem
2775 1579 2900 1633 illud
2943 1583 3260 1649 supplicium
3302 1598 3422 1639 esse
3467 1586 3839 1656 intolerabile,

2245 1663 2467 1723 adduxit
2489 1664 2592 1722 has
2625 1668 3021 1724 similitudines.
3068 1673 3121 1725 4.
3145 1672 3418 1726 Aduocabit
3444 1677 3624 1727 carlum
3649 1677 3846 1732 desur-

2241 1769 2396 1820 sum,
2441 1765 2492 1810 et
2524 1764 2755 1821 terram,
2796 1758 3077 1814 discernere
3119 1760 3363 1830 populum
3405 1779 3573 1815 suum.
3625 1764 3845 1822 Rursus

2247 1845 2488 1904 meminit
2523 1845 2910 1905 elementorum
2931 1890 2946 1914 ,
2981 1865 3076 1918 per
3099 1865 3217 1919 qua:
3256 1852 3393 1906 b0ua
3425 1853 3842 1910 innumerabilia

2235 1934 2313 1992 ad
2339 1948 2505 2001 genus
2532 1934 2804 1991 hominum
2832 1949 3202 2004 pervenerunt,
3238 1955 3343 1994 non
3373 1943 3546 1996 solum
3575 1943 3642 1998 ad
3669 1944 3841 1998 vitam

2246 2023 2298 2069 et
2325 2019 2758 2084 constitutionem
2801 2023 3040 2089 corporis
3063 2061 3080 2086 ,
3115 2022 3209 2075 sed
3237 2025 3396 2077 etiam
3426 2024 3500 2082 ad.
3522 2025 3613 2080 Dei
3641 2029 3842 2096 cognio

2249 2106 2468 2165 tionem.
2514 2109 2944 2165 Pulchritudiues
2982 2113 3157 2177 enim,
3199 2123 3254 2168 et
3294 2116 3688 2185 magnitudines
3712 2157 3728 2183 ,
3779 2129 3842 2172 et

2239 2199 2479 2264 rationes
2520 2201 2715 2254 situum
2737 2242 2752 2268 ,
2799 2213 2852 2258 et
2883 2203 3192 2259 substantiae
3213 2248 3228 2272 ,
3274 2222 3338 2261 ex
3367 2208 3558 2278 quibus
3587 2219 3844 2265 constant

2247 2287 2362 2368 huic
2393 2291 2653 2350 elementa
2674 2333 2695 2359 ,
2724 2303 2776 2348 et
2802 2311 2922 2365 quae
2945 2311 3012 2349 ex
3035 2298 3114 2350 eis
3145 2297 3296 2364 fiunt,
3327 2313 3389 2354 ac
3414 2314 3533 2368 qua!
3563 2302 3839 2370 generali-

2248 2390 2328 2446 ter
2357 2382 2500 2436 omni
2529 2392 2765 2452 tempore
2789 2427 2804 2448 ,
2841 2386 2924 2439 vel
2953 2401 3093 2455 smpe
3119 2388 3386 2456 sigillatim
3412 2392 3685 2456 eveniunt,
3719 2391 3841 2446 hac

2240 2474 2684 2541 .omuiaeorpnra
2733 2476 2884 2527 alunt
2910 2485 2964 2528 et
2995 2477 3354 2541 constituunt,
3404 2486 3458 2537 et
3502 2479 3571 2533 ad
3613 2481 3840 2550 Opilicis

2247 2563 2601 2632 cognitionem
2627 2563 2913 2618 deducunt.
2971 2566 3037 2619 Ει
3073 2566 3193 2620 ideo
3219 2567 3349 2622 dixit
3373 2568 3570 2622 Paulus
3597 2586 3611 2622 :
3643 2568 3808 2624 Int't'si
3829 2600 3843 2612 -

2245 2652 2368 2719 bilia
2408 2655 2518 2724 ejus
2559 2671 2622 2709 ea:
2653 2665 2883 2714 creatura
2930 2659 3106 2710 mundi
3147 2659 3379 2726 operibus
3423 2661 3677 2714 intellecta
3720 2678 3843 2730 per-

2245 2745 2561 2810 spiciuntur,
2593 2756 2876 2814 ceteraeque
2912 2748 3020 2816 ejus
3047 2757 3269 2815 potestas
3300 2765 3358 2801 ac
3386 2749 3624 2804 divinitas
3652 2750 3839 2817 (Rom.

2249 2834 2300 2887 1.
2332 2832 2446 2903 20).
2501 2835 2566 2888 Et
2610 2850 2796 2892 rursus
2819 2876 2835 2900 ,
2894 2835 3024 2899 Quia
3065 2837 3195 2889 enim
3238 2839 3288 2890 in
3327 2839 3574 2906 sapientia
3605 2838 3699 2892 Dei
3731 2856 3842 2893 non

2248 2928 2476 2996 cognouit
2501 2929 2719 2980 mundus
2748 2944 2836 2996 per
2857 2928 3152 2994 sapientiam
3174 2927 3337 2980 Deum
3369 2930 3445 2996 (l.
3475 2927 3594 2984 Cor.
3627 2931 3677 2984 1.
3711 2929 3838 2999 21),

2251 3013 2352 3070 hoc
2377 3024 2460 3070 est
2481 3055 2497 3080 ,
2544 3031 2635 3083 per
2680 3015 3022 3084 sapientiam,
3062 3031 3178 3085 quin
3201 3017 3438 3071 cernitur
3468 3017 3521 3071 in
3549 3019 3838 3083 creaturis,

2250 3115 2306 3172 ut
2341 3122 2461 3175 qua:
2489 3122 2595 3161 non
2623 3107 2692 3161 sit
2720 3124 2876 3175 parva
2902 3149 2917 3170 ,
2956 3107 3046 3162 sed
3079 3108 3164 3162 vel
3197 3108 3426 3161 maxima
3454 3119 3507 3163 et
3534 3109 3840 3164 clarissima

2249 3196 2506 3253 doctrina.
2557 3199 2634 3252 Ac
2675 3213 2792 3266 quae
2839 3199 3072 3266 quotidie
3114 3198 3327 3268 quidem
3378 3215 3473 3269 per
3513 3216 3634 3254 eum
3677 3200 3839 3266 ﬁunt,

2249 3287 2456 3342 etiamsi
2482 3287 2761 3347 videantur
2782 3287 2894 3342 ﬁeri
2923 3297 3126 3345 naturae
3153 3289 3533 3357 consequentia
3552 3329 3569 3356 ,
3604 3289 3717 3358 ipsa
3745 3298 3833 3343 ta-

2250 3391 2372 3431 men
2416 3377 2574 3438 etiam
2613 3376 2866 3444 Opilicem
2895 3377 3203 3446 praedicant.
3248 3378 3436 3447 Opifex
3463 3378 3605 3433 enim
3631 3388 3714 3434 est
3742 3393 3841 3433 na-

2251 3479 2382 3530 tum
2407 3468 2680 3525 Dominus.

2320 3559 2374 3613 3.
2403 3559 2484 3614 Ne
2508 3557 2714 3611 mireris
2730 3567 2904 3610 autem
2928 3557 2971 3616 si
2993 3555 3059 3611 ad
3077 3555 3290 3612 Iudaeos
3309 3555 3839 3627 dirigatorationem,

2251 3648 2318 3701 de
2341 3647 2572 3716 generali
2596 3639 2792 3714 judicio
2815 3646 3105 3702 disserens.
3133 3646 3210 3700 Ita
3230 3648 3372 3701 enim
3400 3648 3596 3701 Paulus
3619 3661 3838 3716 quoque

2252 3738 2383 3792 dicit
2413 3755 2426 3787 :
2463 3736 2551 3789 Ira
2588 3747 2635 3791 et
2680 3737 2993 3811 indignatio,
3025 3736 3282 3790 tribulatio
3320 3746 3369 3790 et
3403 3737 3640 3810 angustia
3682 3754 3839 3806 super

2251 3843 2449 3882 omnem
2477 3827 2696 3880 animum
2726 3827 2940 3878 hominis
2969 3826 3224 3894 ,operantis
3251 3828 3476 3890 malum,
3520 3825 3692 3880 Judcci
3730 3827 3844 3896 pri-

2252 3933 2387 3976 mum
2415 3926 2460 3970 et
2489 3917 2650 3971 (ἐνωεί
2677 3915 2850 3984 (Rom.
2878 3916 2931 3969 9.
2967 3914 3020 3970 8.
3052 3915 3129 3992 9).
3163 3915 3222 3970 Et
3255 3931 3439 3971 rursus
3473 3934 3486 3970 :
3521 3915 3841 3987 Quicumque

2251 4011 2358 4062 sine
2401 4009 2506 4077 lege
2539 4016 2806 4077 peccarunt
2824 4049 2840 4073 ,
2881 4007 2990 4060 sine
3019 4006 3124 4076 lege
3149 4017 3195 4061 et
3221 4009 3451 4076 peribunt
3480 4023 3498 4060 :
3525 4018 3570 4061 et
3598 4009 3839 4076 quicum-

2251 4114 2345 4166 que
2365 4100 2418 4150 in
2448 4097 2554 4166 lege
2574 4105 2864 4166 peccarunt,
2893 4113 2980 4166 per
3005 4099 3158 4166 legem
3177 4099 3544 4165 judicabuntur
3591 4097 3753 4167 (Ibid.
3787 4115 3838 4153 ν.

2255 4187 2364 4255 12).
2397 4187 2450 4241 5.
2484 4187 2790 4256 Congregate
2816 4187 2892 4240 illi
2919 4198 3117 4240 sanctos
3145 4191 3272 4254 ejus,
3301 4190 3386 4260 qui
3414 4189 3650 4242 ordinant
3678 4200 3842 4243 testu-

2255 4287 2475 4330 mentum
2500 4279 2608 4346 ejus
2648 4293 2799 4345 super
2835 4279 3104 4347 sacriﬁcia.
3154 4277 3262 4333 Cur
3286 4294 3417 4349 quos
3446 4290 3528 4334 est
3552 4291 3837 4334 accusatu-

2256 4382 2366 4432 rus,
2395 4376 2448 4420 et
2471 4381 2605 4436 quos
2632 4367 3104 4432 condemnaturus,
3140 4379 3354 4423 sanctos
3380 4367 3483 4423 hoc
3512 4369 3631 4425 loco
3649 4371 3838 4440 appel-

2258 4455 2368 4511 lat?
2411 4456 2815 4510 Accusationem
2844 4472 3066 4526 augens,
3096 4467 3151 4512 et
3178 4456 3434 4513 honorem
3465 4459 3741 4528 adjicieus,
3769 4461 3837 4514 ad

2256 4546 2512 4616 majorem
2539 4545 2976 4616 signiﬁcationem
3006 4547 3270 4616 supplicii.
3301 4546 3374 4601 lta
3395 4548 3552 4603 etiam
3581 4563 3680 4603 nos
3699 4563 3839 4620 quo-

2254 4655 2358 4708 que
2380 4655 2501 4692 eum
2532 4639 2773 4693 videmus
2813 4639 3018 4708 aliquos
3061 4653 3344 4709 peccasse,
3376 4651 3431 4694 et
3471 4641 3716 4696 volumus
3741 4657 3842 4696 eos

2265 4730 2621 4785 .ebementius
2661 4731 2942 4796 insectari,
2994 4745 3114 4785 cum
3143 4745 3330 4786 eorum
3369 4731 3720 4800 dignitatibus
3743 4747 3840 4787 eos

2257 4835 2508 4873 vocamus
2531 4860 2546 4884 ,
2577 4829 2634 4873 ut
2656 4819 2952 4890 graviorem
2987 4819 3270 4874 reddamus
3303 4822 3720 4888 accusationem,
3751 4821 3839 4876 die

2256 4919 2441 4964 rentes
2470 4926 2482 4961 ε
2521 4907 2662 4962 Voca
2689 4908 2970 4964 diaconum
2990 4950 3008 4974 ,
3037 4911 3122 4964 vel
3159 4912 3546 4982 presbyterum.
3575 4912 3837 4978 Quoniam

2255 5015 2383 5070 ergo
2408 5001 2459 5053 hi
2493 5017 2706 5071 quoque
2731 5002 3130 5071 appellabantur
3155 5003 3333 5074 regale
3360 5003 3714 5058 sacerdotium
3741 5045 3756 5066 .
3787 5013 3842 5060 ct

2260 5093 2482 5162 populus
2510 5092 2810 5161 peculiaris,
2833 5102 2887 5146 et
2906 5107 2972 5146 eo
2992 5094 3206 5147 nomine
3229 5094 3328 5148 sibi
3349 5095 3503 5148 valde
3525 5094 3840 5163 placebant:

2259 5200 2323 5239 ex
2369 5199 2434 5237 eo
2476 5184 2591 5252 ipso
2633 5183 2868 5238 contexit
2914 5183 3198 5238 criminum
3249 5183 3686 5253 magnitudinem.
3742 5183 3846 5252 Qui

2258 5273 2491 5326 ordinant
2535 5281 2874 5328 testamentum
2915 5274 3024 5345 ejus
3075 5289 3228 5342 super
3265 5274 3532 5341 sacriﬁcia.
3577 5274 3846 5342 Quoniam

2259 5378 2379 5416 cum
2407 5362 2540 5414 mala
2571 5363 2975 5417 innumerabilia
3001 5364 3260 5417 auderent
3281 5403 3294 5426 ,
3325 5372 3380 5418 et
3410 5372 3487 5418 tot
3514 5364 3568 5420 in
3595 5379 3654 5420 se
3680 5367 3843 5421 vitio-

2260 5469 2376 5507 rum
2407 5468 2603 5523 geuera
2629 5455 2959 5524 susciperent
2979 5493 2996 5521 ,
3035 5455 3334 5524 rapientes,
3367 5456 3420 5509 in
3446 5454 3587 5511 bona
3613 5457 3843 5512 aliorum

2263 5559 2356 5612 per
2397 5543 2669 5598 avaritiam
2711 5544 3062 5612 invadentes,
3107 5545 3428 5612 occidentes,
3457 5545 3840 5611 adulterantes,

2262 5638 2570 5706 sanguinem
2597 5637 2854 5705 sanguine
2874 5637 3180 5704 miscentes,
3197 5637 3574 5692 existimabant
3587 5637 3841 5707 przcclare

2267 5742 2323 5782 se
2360 5742 2579 5797 gerere,
2623 5735 2677 5782 et
2723 5727 2890 5796 legem
2922 5741 2982 5782 ac
3022 5736 3392 5783 testamentum
3425 5725 3747 5798 adimplere,
3795 5737 3840 5787 εἰ
