4058 6454
278 448 384 503 H5

274 577 407 619 oves
444 569 502 616 et
539 559 737 617 vitulos
775 558 1141 613 sacrificarent
1172 573 1185 609 :
1212 554 1335 610 ideo
1376 556 1571 623 probra
1599 556 1704 615 illis
1735 555 1889 624 inge-

275 667 421 718 rens,
445 667 649 722 eosque
679 649 910 705 irridens
939 648 1091 715 dicit,
1137 648 1237 715 Qui
1262 648 1503 701 ordinant
1527 656 1879 702 testamentum

272 764 389 819 qus
408 762 568 817 super
594 744 850 811 sacriﬁcia
871 759 891 797 :
918 742 1022 797 hoc
1050 749 1153 807 est,
1183 740 1273 811 qui
1295 741 1360 794 ad
1382 740 1609 794 salutem
1636 738 1891 795 sufﬁcere

273 839 623 900 existimant,
668 834 716 890 si
757 848 983 904 corpora
1023 832 1301 886 hrutoruin
1338 830 1661 886 sacriﬁcent.
1713 832 1767 884 6.
1812 828 1881 884 Et

271 912 655 981 annuntiabunt
692 926 807 981 ccli
839 926 1096 996 justitiam
1140 925 1271 995 ejus.
1320 922 1522 977 Volens
1566 923 1656 978 hic
1696 938 1887 977 rursus

269 1018 563 1074 ostendere
590 1016 708 1086 ejus
730 1002 994 1085 justitiam
1026 1028 1148 1069 esse
1174 1014 1399 1079 claram,
1430 1012 1655 1068 nitidam
1679 1055 1695 1078 ,
1724 1028 1855 1084 aper

274 1118 407 1172 tam,
437 1108 527 1163 cui
551 1106 852 1163 contradici
883 1122 991 1161 non
1021 1106 1229 1175 possit,
1278 1115 1337 1161 et
1376 1092 1592 1174 quain
1634 1104 1888 1159 confesso

271 1200 362 1264 sit,
393 1197 686 1253 introducit
713 1198 983 1253 elementa
1009 1195 1337 1251 insensibilia
1364 1209 1483 1249 eam
1515 1193 1884 1263 praedicanda,

271 1291 487 1355 eadem,
508 1306 670 1361 quam
696 1289 846 1361 prius
867 1289 1022 1353 dixit,
1054 1286 1245 1357 ﬁgura.
1278 1285 1535 1352 Quoniam
1568 1283 1703 1339 Deus
1720 1285 1888 1357 judea:

272 1395 363 1440 est.
392 1384 512 1451 Jus,
553 1385 749 1455 inquit,
781 1384 1071 1454 unicuique
1094 1381 1377 1439 deﬁniens.
1406 1380 1596 1453 Neque
1619 1381 1764 1437 enim
1797 1380 1887 1435 hic

271 1484 477 1528 temere
506 1476 707 1545 posuit,
739 1474 891 1535 illud,
912 1473 1180 1543 judicare,
1210 1471 1305 1527 sed
1331 1480 1391 1527 ut
1415 1471 1727 1528 ostenderet
1751 1487 1877 1527 eum

267 1567 429 1617 etiam
460 1578 585 1619 esse
604 1563 810 1634 justum
829 1604 846 1630 ,
874 1572 930 1617 et
956 1563 1075 1617 aliis
1113 1562 1341 1618 reddere
1365 1562 1508 1633 quod
1544 1561 1749 1631 justum
1775 1569 1879 1616 est.

270 1655 327 1708 In
358 1655 468 1709 Deo
497 1655 645 1709 enim
688 1654 817 1708 illud
843 1695 859 1718 ,
889 1653 1065 1707 Judex
1086 1694 1102 1717 ,
1146 1667 1246 1721 pro
1286 1652 1434 1722 justo
1459 1663 1733 1722 sumptum
1774 1662 1879 1719 est,

266 1746 721 1815 quemadmodum
744 1744 942 1799 Paulus
967 1744 1020 1799 id
1048 1760 1264 1815 quoque
1290 1744 1469 1816 posuit
1488 1746 1677 1801 dicens
1701 1762 1716 1799 :
1738 1744 1881 1799 Nam

265 1841 519 1907 qumodo
550 1837 810 1904 judicabit
847 1836 988 1891 Deus
1030 1837 1283 1890 mundum
1330 1835 1508 1907 (Rom.
1536 1837 1592 1891 5.
1622 1836 1724 1908 6)?
1767 1835 1879 1891 lloc

264 1940 352 1986 est
378 1930 523 1984 enim
552 1931 787 1984 maxime
812 1928 1072 1997 judicium
1092 1968 1109 1994 ,
1143 1929 1246 1982 hoc
1268 1935 1353 1983 est
1378 1928 1614 1983 maxime
1641 1942 1763 1982 esse
1784 1928 1878 1995 ju-

262 2020 439 2075 dicem
464 2062 481 2087 ,
526 2035 635 2074 non
679 2019 856 2074 solum
887 2018 1032 2074 ferre
1058 2020 1379 2074 sententiam
1405 2061 1423 2087 ,
1467 2018 1564 2074 sed
1591 2035 1711 2075 eam
1736 2019 1879 2088 juste

264 2113 426 2168 ferre.
478 2112 873 2167 Judicabuntur
896 2123 1074 2166 autem
1100 2110 1273 2167 Iudici
1298 2151 1315 2177 ,
1342 2121 1395 2166 et
1421 2111 1511 2181 qui
1542 2120 1671 2165 tunc
1699 2122 1875 2178 erant,

259 2216 316 2260 et
341 2205 430 2274 qui
467 2212 654 2274 postea
684 2204 749 2257 in
778 2202 930 2257 Novo
955 2203 1309 2258 Testamento
1336 2202 1353 2232 ⁸
1385 2216 1445 2257 se
1486 2202 1669 2272 inique
1693 2216 1877 2272 gesse-

260 2307 389 2352 runt
420 2314 435 2350 :
480 2297 560 2352 illi
602 2306 659 2351 et
701 2306 947 2350 naturam
984 2303 1041 2350 et
1070 2294 1243 2365 legem
1274 2293 1535 2348 habentes
1577 2294 1875 2349 accusatri—

259 2406 416 2456 eem;
471 2389 530 2444 bi
574 2399 758 2443 autem
798 2396 995 2457 praeter
1044 2386 1134 2442 illa
1160 2429 1177 2455 ,
1221 2387 1385 2440 etiam
1415 2400 1479 2441 ea
1509 2400 1631 2455 quae
1658 2385 1873 2440 illorum

258 2484 430 2553 gratia
467 2481 720 2536 Christus
756 2480 899 2535 fecit.
942 2478 1079 2547 Quid
1103 2480 1250 2534 enim
1280 2487 1531 2549 poterunt
1555 2476 1757 2543 dicere,
1788 2478 1873 2533 vel

256 2591 419 2645 quam
448 2588 667 2629 causam
694 2570 909 2637 aﬁ'erre,
932 2585 1100 2642 quare
1125 2586 1231 2625 non
1258 2570 1626 2625 crediderint?
1654 2569 1763 2624 Sed
1784 2585 1871 2634 ea,

257 2682 463 2739 qumso,
493 2683 616 2738 qum
644 2667 896 2722 dicuntur
915 2665 1175 2720 attendite
1196 2706 1210 2728 ,
1241 2674 1299 2719 ut
1328 2665 1547 2733 possitis
1566 2679 1662 2719 ora
1682 2680 1870 2720 eorum

256 2759 348 2829 qui
368 2757 747 2814 contradicunt
774 2757 1076 2812 obstruere.
1104 2757 1283 2811 Satius
1307 2764 1391 2809 est
1418 2755 1563 2810 enim
1595 2770 1690 2809 eos
1713 2770 1744 2807 a
1775 2770 1874 2809 no-

258 2852 341 2908 bis
368 2854 539 2906 vietos
572 2866 717 2904 nunc
759 2849 995 2917 corrigi,
1045 2862 1205 2918 quam
1253 2861 1313 2901 se
1356 2846 1576 2899 vincere
1623 2854 1873 2914 putantes

257 2943 387 2998 illuc
434 2942 587 2997 abire
628 2950 684 2995 et
722 2940 1073 2995 condemnari
1102 2956 1133 2991 a
1171 2936 1445 2991 communi
1489 2930 1687 2990 Judice
1722 2934 1873 2990 orbis

256 3045 435 3090 terrae.
467 3032 607 3101 Quid
632 3046 764 3102 ergo
807 3039 1059 3100 poterunt
1085 3030 1265 3083 dicere
1290 3027 1483 3091 Judaei,
1516 3026 1871 3097 quamobrem

255 3126 529 3181 Christum
582 3122 994 3179 interfecerint?
1041 3121 1312 3190 quodnam
1360 3134 1585 3189 parvum
1629 3118 1714 3172 vel
1748 3132 1867 3170 ma-

254 3233 418 3288 gnum
463 3216 671 3271 crimen
701 3215 752 3279 ei
802 3222 1028 3283 possunt
1067 3211 1342 3282 objicere?
1397 3209 1550 3279 Quod
1595 3224 1655 3263 se
1698 3209 1868 3263 Deum

254 3308 484 3364 faciebat
516 3305 697 3377 (Joan.
724 3305 814 3359 10.
846 3304 939 3375 53)
960 3346 974 3368 ,
1006 3302 1196 3371 inquit.
1230 3300 1391 3372 Atqui
1422 3300 1533 3354 non
1568 3307 1723 3353 erant
1753 3298 1870 3351 hzec

254 3401 414 3457 verba
443 3414 553 3469 quo
580 3410 827 3467 tempore
854 3396 1146 3450 cruciﬁxus
1183 3402 1267 3448 est
1286 3434 1300 3457 ,
1333 3392 1430 3447 sed
1457 3392 1704 3461 quaedam
1735 3390 1861 3445 alia.

253 3497 370 3552 Non
394 3496 539 3550 enim
565 3493 822 3547 dicebant
855 3509 865 3542 :
896 3489 999 3558 Qui
1042 3488 1166 3542 facit
1208 3488 1444 3556 seipsum
1492 3485 1664 3538 Deum
1687 3525 1702 3549 ,
1749 3483 1865 3548 sed,

255 3587 355 3653 Qui
384 3586 506 3657 facit
527 3586 750 3651 seipsum
777 3598 963 3652 regem,
993 3596 1093 3633 non
1140 3588 1215 3632 est
1262 3578 1457 3631 amicus
1482 3576 1704 3630 Cwsaris
1753 3574 1865 3643 (Id.

256 3676 490 3747 19.12).
540 3674 700 3744 Atqui
729 3673 1013 3726 voluerant
1055 3684 1177 3724 eum
1218 3683 1364 3737 saepe
1412 3682 1597 3737 regem
1641 3665 1863 3734 eligere,

250 3781 307 3825 et
332 3768 557 3839 aufugit.
590 3765 697 3821 Sed
724 3773 883 3819 antea
909 3804 924 3827 ,
956 3762 1150 3832 inquit,
1183 3762 1231 3814 ei
1259 3760 1471 3814 crimini
1500 3758 1701 3812 dabant
1722 3757 1867 3825 quod

249 3877 310 3916 se
338 3860 510 3915 Deum
539 3858 776 3914 fecisset.
822 3854 961 3921 Quid
995 3854 1099 3908 hoc
1122 3852 1187 3906 ad
1221 3867 1333 3905 rem
1355 3849 1379 3901 ?
1401 3850 1456 3904 Si
1484 3849 1628 3902 enim
1652 3847 1786 3901 falso
1811 3856 1868 3902 et

249 3954 443 4022 injuria
468 3992 485 4016 ,
514 3962 571 4005 et
600 3964 724 4024 cum
752 3931 883 4004 vere
914 3963 1019 4001 non
1046 3955 1224 4010 esset,
1255 3944 1397 4013 juste
1425 3942 1522 3996 fuit
1549 3942 1753 3997 crimen
1784 3942 1865 3996 iti-

248 4052 513 4098 tentatum
546 4059 560 4095 :
596 4041 643 4096 si
674 4049 854 4094 autem
894 4039 1039 4105 juste
1064 4079 1079 4101 ,
1131 4051 1255 4091 eum
1282 4034 1572 4099 adorasse,
1606 4048 1713 4086 non
1740 4047 1865 4087 cru-

243 4133 481 4188 ciﬁsisse
506 4132 764 4202 Oportuit.
812 4128 1106 4184 Videamus
1134 4140 1263 4195 ergo
1287 4123 1566 4193 numquid,
1597 4139 1720 4178 cmn
1755 4139 1862 4178 non

243 4236 388 4281 esset
426 4240 561 4279 vere
606 4223 786 4287 Deus,
837 4222 1006 4275 Deum
1048 4221 1284 4288 seipsum
1338 4217 1575 4282 faceret,
1625 4217 1729 4271 hoc
1756 4227 1859 4284 est,

242 4318 557 4373 ostenderet
584 4326 641 4372 et
668 4317 1087 4370 demonstraret.
1148 4313 1427 4367 Undenam
1469 4327 1600 4382 ergo
1641 4315 1722 4365 vis
1757 4314 1861 4368 hoc

241 4408 613 4480 cognoscere?
633 4407 701 4461 ab
731 4392 797 4460 iis
820 4422 940 4476 quae
962 4415 1089 4459 tunc
1119 4404 1254 4457 facta
1278 4414 1422 4467 sunt,
1457 4419 1523 4456 an
1551 4404 1618 4456 ab
1649 4403 1713 4457 iis
1740 4420 1861 4472 qua:

226 4504 385 4556 nunc
411 4500 591 4554 ﬁunt?
620 4498 688 4553 ab
715 4498 781 4552 iis
806 4513 925 4567 qua:
949 4497 1000 4549 in
1034 4505 1186 4563 partu
1215 4496 1350 4549 facta
1375 4494 1543 4547 sunt?
1568 4494 1714 4561 Quis.
1733 4511 1855 4547 um-

240 4610 401 4665 quam
420 4604 582 4647 nalus
593 4602 675 4646 est
690 4606 755 4644 ex
773 4591 977 4658 virgine
995 4588 1018 4641 ?
1039 4588 1331 4656 quistalcm
1354 4586 1563 4640 stellam
1588 4587 1860 4639 ostendit?

240 4686 362 4756 quis
408 4694 593 4738 autem
654 4696 841 4749 magos
874 4690 1022 4733 tanto
1073 4678 1225 4731 duxit
1272 4676 1503 4741 itinere,
1554 4693 1659 4728 non
1689 4679 1737 4728 vi
1766 4686 1858 4729 aut

242 4778 590 4838 necessitate,
614 4772 709 4827 sed
733 4773 986 4825 suasione
1012 4785 1073 4823 ac
1102 4769 1431 4823 revelationc
1454 4768 1735 4838 (Hall/(.2.
1766 4772 1857 4836 l)?

242 4869 402 4924 Vides
427 4868 737 4920 universam
760 4871 1060 4917 creaturam
1090 4862 1378 4915 Dominum
1402 4872 1814 4929 cognoscentem
1833 4864 1857 4913 ?

241 4960 418 5014 l'i'ima
449 4957 830 5019 cedibnalura,
857 4969 956 5008 nec
982 4962 1159 5023 potest
1189 4967 1508 5021 repugnare,
1533 4968 1631 5005 nec
1648 4962 1856 5006 contra-

238 5053 416 5105 dicere
438 5094 454 5115 ,
486 5050 677 5102 dicens
708 5063 722 5099 :
756 5048 974 5100 Partum
1009 5062 1117 5100 non
1145 5046 1374 5114 expedio
1408 5062 1419 5095 :
1450 5062 1555 5097 non
1595 5046 1755 5099 didici
1788 5064 1852 5100 ex

242 5152 394 5195 utero
444 5140 671 5209 virginis
724 5135 982 5191 infantem
1033 5137 1085 5189 in
1138 5137 1311 5191 lucem
1361 5136 1710 5205 producere:
1746 5152 1852 5191 non

242 5234 360 5287 novi
389 5241 628 5286 matrem
647 5221 824 5281 facere
855 5228 1058 5297 absque
1084 5227 1368 5297 conjugio;
1399 5230 1492 5281 sed
1521 5229 1631 5281 suis
1660 5245 1851 5282 exces-

239 5326 309 5379 sit
336 5324 599 5378 limitibus
630 5340 643 5375 :
675 5321 960 5375 Dominum
991 5321 1134 5374 enim
1166 5334 1322 5373 suum
1349 5333 1696 5390 cognoverat.
1732 5322 1849 5375 lam

238 5424 415 5470 autem
459 5425 590 5468 nato
631 5412 807 5481 angeli
854 5411 1178 5477 adfuerunt,
1213 5428 1335 5463 cum
1368 5414 1458 5481 qui
1490 5422 1572 5466 est
1600 5399 1849 5479 in'cmlis,

240 5523 356 5563 esse
379 5510 431 5560 in
465 5516 609 5559 terra
637 5505 1001 5572 significantes
1047 5501 1199 5575 (Luc.
1231 5502 1286 5555 2.
1320 5502 1374 5556 9.
1401 5504 1561 5574 seqq.)
1602 5524 1614 5558 :
1654 5516 1709 5560 et
1747 5521 1850 5558 οςιτ-

242 5600 346 5653 lmn
373 5609 517 5651 terra
546 5594 690 5649 facta
710 5602 1017 5663 est,utpote
1039 5609 1161 5647 cum
1187 5608 1281 5647 rex
1310 5593 1395 5647 hic
1416 5606 1560 5648 esset
1592 5612 1603 5647 :
1634 5607 1688 5649 et
1710 5597 1849 5665 magi

238 5693 560 5754 adorarunt,
610 5689 702 5758 qhi
745 5703 811 5742 ex
861 5696 970 5741 tam
1013 5689 1236 5742 remotis
1279 5687 1414 5742 locis
1458 5698 1763 5743 venerant:
1797 5697 1853 5743 et

312 5820 512 5891 tumuti,
555 5815 609 5867 in
644 5817 1133 5891 norohfl'eslamen-‘o
1170 5822 1284 5883 (ἐπὶ
1309 5830 1394 5882 τῆς
1416 5826 1645 5891 Καινῆς),
1682 5830 1862 5879 deerat

248 5891 298 5939 in
323 5878 506 5938 Morel.
529 5894 544 5934 ;
570 5880 662 5927 sed
688 5879 737 5927 in
760 5878 870 5929 aliis
902 5879 1105 5943 legitur.

1391 439 1757 496 exeosmo
1799 438 1863 493 IN
1907 437 2233 495 PSAIMUM
2275 425 2465 493 XLIX.

3505 440 3612 494 εις.

2003 554 2182 609 infans
2225 553 2444 624 quidem
2476 554 2527 607 in
2562 553 2845 607 Palmstma
2883 552 3096 622 jarcbat
3143 556 3194 608 in
3226 557 3488 626 praua-pi,
3536 557 3612 611 illi

2002 660 2132 699 vero
2162 659 2228 699 ex
2255 644 2483 700 barbara
2515 644 2733 714 regione
2761 653 2965 698 tantum
3001 646 3259 699 honorem
3292 656 3607 713 tantumque

1998 741 2205 795 cultum
2225 737 2562 803 oﬁ'erebant,
2609 748 2867 808 quantum
2897 754 3110 809 :rquum
3147 749 3264 794 erat
3291 740 3402 793 Deo
3431 739 3613 794 oll’crri

1998 832 2211 901 (Matth.
2243 830 2300 885 2.
2334 831 2451 901 11).
2503 832 2573 886 At
2621 830 2739 886 hate
2764 831 2980 901 quidem
3008 830 3241 887 fortasse
3278 848 3385 887 non
3412 832 3613 888 admit-

1999 932 2141 986 tcnt,
2174 922 2269 977 sed
2298 922 2401 977 alia
2424 923 2577 992 signa
2600 934 2844 992 qumrcnt
2870 923 2922 976 in
2962 924 3215 991 praesenti
3240 925 3611 993 generatione.

1994 1015 2099 1071 Sed
2132 1029 2199 1069 ne
2226 1014 2346 1068 haec
2384 1014 2602 1085 quidem
2640 1013 2797 1069 nobis
2839 1013 3120 1069 deﬁcient.
3169 1014 3316 1070 Talis
3344 1015 3488 1071 enim
3519 1032 3611 1071 res

1993 1118 2079 1162 est
2114 1108 2316 1177 veritas
2351 1124 2364 1160 :
2395 1105 2633 1161 abundat
2664 1104 2827 1177 justis
2872 1106 3172 1161 rationibus
3218 1107 3412 1178 quibus
3456 1122 3611 1163 suam

1991 1213 2210 1254 causam
2260 1207 2493 1253 tueatur.
2522 1196 2658 1253 Nam
2705 1196 2793 1253 hic
2825 1200 3074 1253 maxime
3099 1214 3170 1254 ne
3198 1199 3361 1253 ullam
3390 1200 3611 1270 quidem

1991 1298 2219 1360 possunt
2252 1289 2511 1349 umbram
2554 1287 2749 1344 afferre
2793 1289 3258 1344 contradictionis.
3306 1290 3419 1345 Etsi
3463 1293 3608 1346 enim

1990 1397 2098 1436 non
2129 1382 2345 1447 aderas,
2373 1380 2589 1450 quando
2619 1380 2942 1436 nascebatur
2962 1396 3027 1437 ex
3057 1380 3612 1452 Virgine,'oportebat

1989 1480 2171 1528 tamen
2202 1471 2426 1527 credere
2452 1470 2732 1541 propheta:
2758 1470 2954 1525 dicenti
2986 1488 3000 1525 :
3030 1468 3169 1525 Ecce
3201 1472 3343 1543 virgo
3375 1473 3430 1525 in
3460 1482 3607 1526 utero

1988 1565 2279 1635 concipiet,
2327 1574 2377 1618 et
2414 1564 2580 1635 pariet
2623 1563 2792 1631 ﬁlium
2822 1580 2835 1616 :
2868 1574 2917 1618 et
2963 1563 3215 1618 vocabunt
3261 1581 3445 1619 nomen
3491 1566 3605 1637 ejus

1987 1655 2294 1710 Emmanuel
2316 1654 2470 1725 (Isai.
2501 1656 2554 1709 7.
2586 1655 2698 1725 M).
2730 1654 2786 1709 Si
2816 1670 2922 1709 non
2948 1656 3164 1722 aderas,
3196 1656 3413 1726 quando
3440 1672 3608 1712 carne

1987 1755 2163 1802 tectus
2197 1754 2402 1802 terram
2434 1745 2637 1810 ebibat,
2673 1755 2729 1801 et
2756 1746 2913 1801 simul
2946 1762 3067 1801 cum
3091 1748 3264 1802 servis
3289 1730 3605 1805 versabatur

1987 1838 2283 1904 Dominus,
2329 1837 2448 1909 lege
2473 1837 2764 1893 Jeremiam
2790 1881 2804 1903 ,
2835 1846 2892 1893 et
2918 1838 3010 1893 ille
3040 1847 3215 1893 tecum
3247 1839 3499 1908 loquetur
3528 1840 3605 1893 sic

1983 1931 2169 1988 dicens
2206 1948 2219 1984 :
2258 1929 2358 1984 Hic
2402 1939 2476 1984 est
2520 1929 2663 1984 Deus
2715 1939 2884 1983 noster
2910 1944 2929 1983 :
2954 1945 3059 1984 non
3106 1930 3427 1999 reputabitur
3471 1931 3607 1983 alius

1983 2034 2167 2095 prater
2208 2025 2397 2093 ipsum.
2452 2022 2654 2079 Invenit
2692 2040 2892 2077 omnem
2916 2023 3051 2077 viam
3079 2025 3341 2091 scientia,
3379 2036 3426 2079 et
3466 2027 3605 2081 dedit

1984 2133 2097 2171 eam
2123 2115 2287 2170 Iacob
2319 2132 2476 2188 puero
2502 2132 2595 2170 suo
2616 2156 2634 2172 .
2665 2125 2711 2169 et
2739 2114 2927 2168 lsraeli
2952 2115 3138 2171 dilecto
3175 2133 3291 2171 suo.
3336 2115 3467 2171 Post
3490 2118 3601 2171 Iuro

1980 2210 2036 2263 in
2066 2209 2211 2262 terris
2230 2208 2366 2263 visus
2386 2218 2480 2277 est,
2509 2218 2557 2263 et
2574 2224 2691 2262 cum
2718 2207 3007 2263 hominibus
3033 2218 3358 2264 conuersatus
3377 2218 3451 2263 est
3476 2208 3605 2283 (Ba-

1980 2300 2110 2354 ruch
2158 2301 2211 2355 3.
2243 2300 2466 2371 56-58).
3540 2284 3545 2288 ’

2052 2394 2109 2448 4.
2150 2392 2213 2447 In
2264 2394 2387 2448 aliis
2430 2409 2646 2464 quoque
2696 2393 2948 2449 omnibus
2996 2394 3208 2451 videbis
3253 2394 3584 2466 prophetas,

1979 2501 2212 2557 quorum
2237 2486 2407 2541 libros
2428 2485 2528 2541 hac
2557 2487 2626 2541 de
2650 2502 2811 2543 musa
2838 2487 2893 2542 iu
2924 2486 3247 2542 hodiernum
3270 2502 3439 2558 usque
3457 2489 3600 2543 diem

1979 2582 2177 2637 frustra
2205 2598 2393 2639 versas
2419 2592 2474 2638 et
2499 2584 2691 2653 agitas,
2716 2584 2834 2639 haec
2861 2583 3040 2637 omnia
3067 2593 3254 2653 aperte
3280 2582 3598 2654 praedicare.

1977 2676 2084 2731 Sed
2113 2676 2383 2747 ejusmodi
2412 2676 2630 2747 quidem
2657 2676 2954 2731 certamina
2981 2690 3129 2745 saepe
3157 2675 3418 2731 adversus
3447 2690 3545 2730 eos
3569 2692 3599 2729 τι

1982 2770 2139 2825 nobis
2164 2770 2391 2825 dicenda
2430 2778 2678 2839 suscepta
2709 2780 2878 2833 sunt,
2910 2780 2966 2824 et
3005 2784 3153 2838 saepe
3197 2771 3599 2838 suscipientnr:

1982 2877 2131 2916 nunc
2170 2870 2351 2915 autem
2392 2875 2513 2930 qure
2543 2869 2669 2915 sunt
2693 2871 2941 2930 suscepta
2971 2874 3383 2930 prosequamur.
3418 2859 3484 2914 Et
3508 2877 3603 2915 an-

1977 2952 2286 3006 nuntiabunt
2302 2950 2423 3002 εωιὶ
2429 2947 2709 3019 justitiam
2721 2951 2856 3019 ejus,
2874 2952 3127 3021 quoniam
3147 2950 3285 3005 Deus
3306 2952 3472 3023 judea:
3498 2962 3594 3005 est.

1977 3041 2078 3097 Hic
2122 3041 2252 3096 mihi
2302 3041 2515 3096 videtur
2556 3040 2741 3096 dicere
2788 3041 3090 3110 justitiam,
3139 3042 3429 3096 maximam
3480 3042 3603 3109 ejus

1976 3147 2160 3187 curam
2190 3143 2245 3187 et
2268 3145 2535 3186 summam
2567 3132 2619 3185 in
2644 3146 2745 3185 eos
2772 3131 2919 3199 ipsos
2954 3131 3340 3200 benignitatem
3367 3174 3382 3198 ,
3415 3133 3601 3187 multi-

1976 3226 2192 3295 plicem,
2218 3223 2422 3278 variam
2450 3238 2514 3277 ac
2540 3221 2928 3276 multiformem
2960 3223 3014 3276 in
3042 3223 3288 3278 homines
3311 3223 3601 3293 providen-

1978 3320 2125 3381 tiam,
2153 3332 2249 3385 per
2274 3316 2633 3381 creationem,
2652 3330 2751 3384 per
2784 3314 2977 3383 legem,
3010 3330 3107 3383 per
3133 3316 3382 3384 gratiam,
3409 3330 3505 3384 per
3534 3332 3598 3370 ea

1974 3425 2095 3479 qua:
2124 3410 2226 3463 sub
2252 3408 2425 3462 visum
2454 3405 2655 3479 cadunt
2678 3446 2693 3472 ,
2726 3415 2781 3459 et
2818 3420 2937 3475 quae
2965 3421 3072 3460 non
3094 3405 3324 3471 cadunt,
3355 3421 3451 3475 per
3476 3422 3600 3478 pro-

1975 3504 2187 3572 phetas,
2222 3517 2316 3570 per
2341 3499 2584 3570 angelos,
2612 3513 2708 3567 per
2731 3498 3026 3566 apestolos,
3055 3513 3153 3567 per
3178 3498 3439 3568 supplicia
3464 3539 3478 3561 ,
3506 3514 3601 3569 per

1973 3592 2256 3655 beneﬁcia,
2282 3607 2375 3660 per
2401 3593 2593 3653 minas,
2631 3606 2725 3660 per
2754 3590 3043 3658 promissa,
3068 3605 3165 3660 per
3187 3591 3433 3645 ordinem
3466 3598 3598 3644 tem-

1975 3684 2144 3753 poris.
2167 3684 2221 3735 7.
2247 3682 2403 3742 Audi,
2438 3682 2660 3751 populus
2696 3698 2858 3747 meus,
2884 3690 2930 3734 et
2961 3680 3142 3750 loquar
3172 3682 3280 3745 tibi,
3310 3680 3479 3736 Israel
3498 3725 3513 3749 ,
3550 3694 3597 3736 et

1973 3773 2279 3842 testiﬁcabor
2298 3775 2387 3827 tibi
2406 3776 2446 3825 ί.
2474 3774 2609 3829 Vide
2639 3789 2825 3829 rursus
2849 3773 3231 3843 benignitatem
3264 3784 3318 3829 et
3343 3791 3596 3830 mansuu-

1974 3870 2212 3922 tudinem
2240 3884 2304 3921 ex
2337 3868 2454 3935 ipso
2491 3867 2775 3935 prommin.
2810 3865 3042 3921 Perinde
3080 3867 3226 3921 enim
3256 3881 3321 3921 ac
3347 3868 3389 3920 si
3431 3866 3596 3920 homo

1972 3961 2239 4031 quisniam
2268 3960 2471 4013 homini
2502 3959 2845 4012 tumultuanti
2873 3970 2928 4013 et
2954 3958 3141 4012 turbas
3161 3960 3413 4012 excitanti
3441 3958 3592 4013 dice-

1971 4061 2091 4107 ret:
2116 4050 2171 4105 Si
2198 4051 2407 4115 audias,
2443 4050 2668 4119 loquar;
2697 4048 2753 4104 Si
2778 4050 3050 4113 attendas,
3083 4049 3259 4104 dicam
3287 4069 3299 4103 :
3326 4050 3397 4103 ita
3425 4051 3588 4103 etiam

1970 4144 2143 4198 servis
2174 4142 2435 4196 Dominus
2462 4159 2475 4194 :
2500 4140 2559 4196 Si
2591 4157 2677 4195 me
2706 4141 2964 4204 audieris,
2986 4140 3178 4211 inquit,
3203 4140 3397 4195 dicam.
3422 4141 3591 4196 Erant

1969 4236 2117 4290 enim
2169 4234 2302 4303 pigri
2344 4246 2408 4288 ac
2454 4234 2820 4303 negligentes,
2850 4241 2906 4287 et
2943 4248 3010 4288 ne
3057 4234 3326 4287 tantillum
3366 4233 3586 4302 quidem

1972 4329 2146 4397 legum
2177 4325 2393 4381 lectioni
2426 4325 2607 4395 quiete
2643 4324 2952 4394 praebebant
3002 4339 3182 4379 aures.
3211 4325 3267 4379 ld
3300 4334 3478 4379 autem
3511 4326 3589 4380 si-

1967 4422 2227 4490 gnilicans
2250 4419 2514 4487 quispiam
2539 4417 2824 4487 propheta,
2849 4418 2939 4486 qui
2964 4425 3093 4472 tunc
3120 4428 3238 4472 erat
3260 4418 3312 4471 in
3341 4418 3587 4483 Perside,

1967 4514 2178 4567 diccbat
2204 4528 2218 4565 :
2247 4510 2354 4564 Ero
2382 4513 2453 4564 eis
2496 4522 2753 4581 (cuiquam
2782 4528 2879 4564 rex
2907 4512 3135 4577 psallerii
3173 4511 3322 4563 dulce
3360 4511 3589 4563 canentis

1968 4605 2185 4673 (Ezech.
2230 4606 2319 4659 55.
2368 4601 2481 4673 59.).
2515 4602 2671 4672 Satpe
2718 4602 2844 4655 item
2892 4602 3147 4656 dicebant
3194 4603 3475 4671 prolilictis
3519 4618 3587 4656 ne

1965 4699 2355 4769 prophetarcut
2380 4698 2456 4765 (5.
2486 4695 2617 4765 Reg.
2649 4695 2737 4749 19.
2776 4694 2864 4761 10)
2892 4736 2907 4758 ,
2934 4696 3047 4749 imo
3074 4710 3171 4748 eos
3210 4695 3585 4762 repellebant,

1964 4803 2125 4857 atque
2171 4791 2203 4841 ii
2248 4788 2424 4858 urgeri
2468 4787 2789 4841 videbantur
2820 4785 3002 4855 (Zacli.
3051 4786 3105 4838 7.
3141 4784 3255 4855 11).
3300 4784 3371 4838 lla
3421 4786 3583 4840 etiam

1964 4882 2296 4935 videtnrrex
2332 4881 2523 4932 minari
2554 4889 2607 4933 et
2634 4880 2928 4948 praecipere
2962 4879 3121 4934 alicui
3163 4879 3440 4949 propheta-
3470 4922 3483 4941 ,
3517 4897 3585 4935 ne

1964 4973 2222 5043 populum
2253 4981 2518 5026 convocet
2551 4971 2728 5041 (Amos
2757 4971 2808 5023 7.
2845 4972 2958 5040 15).
2989 4970 3131 5024 Deus
3158 4970 3295 5024 Deus
3343 4982 3460 5024 tuus
3489 4990 3583 5041 ego

1962 5084 2075 5120 sum
2107 5064 2237 5135 (Jer.
2268 5065 2353 5119 52.
2383 5064 2459 5133 5).
2501 5064 2617 5118 Non
2663 5074 2865 5118 temere
2906 5066 3075 5133 posita
3132 5076 3216 5119 est
3266 5065 3379 5119 haec
3420 5081 3570 5134 repe-

1965 5160 2082 5211 titio
2114 5175 2125 5209 :
2159 5157 2253 5210 sed
2294 5158 2547 5226 quoniam
2594 5158 2658 5209 iis
2689 5156 3007 5221 loquebatur
3055 5158 3145 5226 qui
3190 5168 3346 5211 erant
3392 5158 3579 5222 surdi,

1960 5250 2157 5319 stupidi
2183 5257 2237 5303 ct
2266 5248 2414 5301 nullo
2445 5263 2605 5301 sensu
2635 5247 2844 5318 prtcditi
2866 5290 2880 5313 ,
2903 5247 3141 5314 loquitur
3166 5247 3234 5303 de
3260 5250 3376 5315 ejus
3408 5248 3583 5303 domi-

1962 5343 2074 5406 nio,
2108 5356 2234 5395 mox
2280 5339 2471 5393 fUlUl‘LB
2517 5339 3151 5407 narrationisoptimum
3201 5340 3327 5393 hinc
3358 5356 3579 5394 sumens

1961 5434 2243 5489 exordium
2269 5476 2282 5499 ,
2315 5434 2608 5487 ostendens
2654 5448 2751 5487 eos
2793 5432 2867 5486 illi
2910 5433 3111 5487 debere
3152 5432 3495 5496 libertatem,
3526 5443 3581 5486 et

1960 5540 2170 5595 aequum
2206 5539 2327 5578 esse
2356 5534 2410 5577 ut
2444 5524 2519 5577 illi
2558 5524 2768 5579 solvant
2811 5523 3051 5579 debitum
3072 5566 3087 5589 ,
3120 5534 3392 5594 tamquam
3435 5526 3578 5579 servi

1962 5618 2190 5671 Domino
2215 5658 2229 5683 ,
2258 5625 2527 5685 tamquam
2556 5630 2717 5683 Opera
2746 5616 2935 5683 Opiﬁci
2962 5657 2979 5681 ,
3020 5624 3291 5684 tamquam
3328 5616 3579 5670 maximis

1959 5708 2236 5763 beneﬁciis
2282 5717 2336 5761 et
2382 5706 2677 5763 honoribus
2726 5707 2926 5761 allecti.
2958 5707 3012 5761 8.
3042 5705 3166 5760 Non
3212 5713 3266 5759 in
3308 5706 3580 5771 sacriﬁciis

2027 5824 2042 5852 ι
2081 5828 2205 5879 iure,
2240 5817 2406 5874 Israel.
2432 5826 2477 5869 et
2496 5816 2788 5881 testiﬁcabor
2812 5818 2917 5879 tibi,
2934 5818 3144 5868 deerant
3166 5820 3215 5867 in
3242 5818 3362 5867 tulit.
3384 5815 3575 5879 Μοῖρις

1961 5883 2050 5933 sed
2076 5883 2317 5931 habentur
2345 5883 2390 5930 in
2416 5889 2523 5930 Mss.
