4058 6458
507 466 612 520 N7

508 579 609 632 tuis
633 589 843 647 arguam
865 581 910 627 te
934 587 951 627 :
974 572 1271 627 holocausta
1292 582 1463 626 autem
1494 581 1581 626 tua
1603 572 1657 625 in
1680 578 1953 638 conspectu
1981 584 2094 624 meo

505 676 623 722 sunt
640 681 857 732 seniper.
888 663 960 718 Ita
986 664 1145 718 etiam
1180 678 1274 719 eos
1299 670 1551 720 accusant
1574 662 1753 718 czeteri
1783 659 2091 731 prophetze.

506 758 648 827 quod
689 758 901 829 potiore
927 756 1143 813 virtutis
1186 765 1335 827 parte
1359 764 1665 827 contempta
1686 794 1703 822 ,
1725 753 1913 810 salutis
1941 767 2092 822 spem

509 853 563 905 in
585 854 661 907 eis
690 855 1026 921 reponerent.
1060 848 1142 905 Ad
1171 863 1233 906 se
1259 850 1399 905 enim
1419 847 1784 904 defendendos
1806 845 1923 901 haec
1940 852 2095 900 erant

509 940 718 995 allaturi
740 956 756 994 :
778 938 1172 1005 Sacriﬁcamus,
1196 940 1498 995 holocausta
1528 937 1821 994 oll‘erimus.
1854 934 1959 992 Sed
1986 949 2091 988 non

508 1032 734 1098 accessi,
768 1032 955 1103 inquit,
983 1034 1052 1087 de
1079 1030 1166 1088 his
1190 1031 1509 1102 litigaturos,
1533 1044 1634 1086 nec
1661 1028 1802 1100 quod
1827 1028 1942 1084 haec
1964 1041 2094 1083 con-

510 1130 707 1192 tempta
734 1129 915 1177 essent
938 1135 1034 1176 vos
1059 1132 1421 1178 accusaturus.
1444 1120 1606 1177 lsaias
1632 1129 1808 1183 autem
1829 1132 1924 1174 eos
1951 1118 2094 1174 inse-

508 1222 682 1267 ctatur
702 1212 1073 1269 vehementius
1100 1253 1114 1275 ,
1137 1212 1359 1268 dicens:
1388 1211 1527 1281 Quid
1565 1210 1692 1265 milli
1720 1209 2095 1265 multitudinem

506 1302 877 1370 sacriﬁcion
926 1302 1246 1357 uestrorum?
1296 1300 1489 1357 Plenus
1539 1317 1672 1355 sum.
1722 1299 2095 1356 Holocaustum

507 1394 741 1460 arietum,
768 1402 816 1448 et
840 1393 1043 1461 adipem
1067 1410 1338 1464 agnorum,
1361 1402 1408 1448 et
1430 1393 1725 1463 sanguinem
1755 1402 2022 1447 taurorum
2046 1400 2094 1447 et

504 1488 764 1540 hircorum
808 1486 946 1540 nolo.
981 1486 1106 1551 Quis
1144 1486 1276 1539 enim
1317 1486 1574 1553 requisiuit
1614 1485 1725 1540 lucc
1765 1486 1829 1539 de
1863 1484 2096 1539 manibus

505 1578 684 1632 castris
716 1576 865 1648 (lani.
912 1578 962 1631 1.
998 1578 1085 1633 ll.
1118 1577 1245 1648 l2)?
1274 1578 1431 1647 Atqui
1474 1577 1737 1648 permulta
1785 1577 1925 1632 dicta
1967 1585 2095 1633 sunt

506 1667 574 1721 de
612 1666 1044 1723 sacriﬁciis:sed
1086 1683 1191 1723 non
1232 1666 1345 1721 h:ec
1374 1668 1614 1723 decernit
1659 1677 1929 1738 tamquam
1978 1666 2095 1723 haec

510 1755 775 1826 praecipue
807 1756 965 1824 velit,
987 1756 1084 1813 sed
1115 1757 1179 1812 ad
1208 1755 1570 1815 inﬁrmitatem
1602 1772 1788 1813 eorum
1815 1771 1876 1813 se
1909 1756 2096 1813 demit-

507 1847 593 1904 tit.
616 1845 873 1902 Jeremias
897 1863 1108 1918 quoque
1134 1848 1293 1904 dicit:
1312 1848 1416 1905 Cur
1442 1848 1568 1903 mihi
1587 1854 1690 1921 fers
1713 1850 1828 1905 titus
1846 1866 1910 1904 ea:
1929 1849 2089 1916 Saba,

505 1948 555 1992 et
605 1940 944 1995 cinamomum
986 1957 1051 1995 ea:
1092 1950 1228 1996 terra
1269 1940 1545 2012 longinqua
1600 1941 1813 2013 (Jcrem.
1861 1941 1916 1998 6.
1960 1941 2093 2015 20)?

505 2027 721 2085 Omnes
760 2030 1031 2102 denique,
1082 2039 1142 2086 ut
1192 2033 1358 2087 semel
1408 2033 1620 2099 dicam,
1665 2033 1941 2103 prophetat
1990 2034 2093 2090 hoc

507 2122 639 2177 nihil
667 2123 843 2193 magni
879 2137 1000 2179 esse
1028 2124 1230 2180 dicunt.
1256 2124 1517 2194 Quocirca
1545 2126 1663 2195 ipse
1700 2141 1913 2197 quoque
1954 2126 2092 2183 inci-

505 2215 659 2283 piens
683 2214 763 2269 sic
789 2214 917 2269 dicit
941 2231 955 2269 :
977 2213 1115 2269 Deus
1135 2214 1274 2271 Deus
1299 2226 1418 2271 tuus
1436 2232 1527 2287 ego
1553 2234 1666 2271 sum
1686 2232 1705 2271 :
1726 2231 1790 2271 ex
1813 2230 1880 2272 eo
1904 2226 2091 2273 osten-

504 2302 641 2358 dens
669 2305 784 2373 ipso
810 2320 932 2360 esse
957 2305 1223 2375 indignam
1247 2306 1386 2362 hanc
1411 2306 1621 2363 colendi
1646 2308 1929 2363 rationem.

575 2394 716 2450 Deus
740 2405 795 2450 ut
821 2386 887 2451 sit
909 2398 1179 2462 colendus;
1201 2400 1453 2468 sacriﬁcia
1474 2416 1572 2454 cur
1596 2399 1798 2455 Judteis
1824 2402 2089 2471 permissa.

510 2517 580 2528 —
595 2488 761 2543 Deum
778 2488 919 2545 enim
942 2505 1049 2545 non
1074 2489 1240 2558 fumo,
1266 2506 1365 2547 nec
1384 2491 1590 2559 nidore,
1604 2494 1698 2548 sed
1719 2508 1814 2564 per
1832 2494 2091 2565 optimum

505 2579 628 2635 vita:
651 2580 970 2647 institutum,
994 2597 1102 2637 non
1130 2598 1468 2654 corporeum,
1495 2585 1591 2641 sed
1621 2586 1673 2640 in
1701 2596 1881 2642 mente
1903 2587 2090 2655 situm,

498 2672 687 2728 colere
704 2680 765 2729 et
793 2669 1060 2730 honorare
1085 2684 1315 2745 oportet.
1345 2674 1451 2731 Sed
1490 2692 1595 2731 non
1632 2678 1711 2732 sic
1739 2685 2090 2734 externorum

505 2768 778 2824 daemones
801 2810 817 2837 ,
840 2772 949 2825 imo
975 2772 1135 2826 etiam
1165 2770 1279 2826 haec
1316 2773 1600 2839 requirunt
1624 2812 1639 2837 ,
1671 2781 1727 2829 et
1751 2771 1855 2829 hoc
1882 2772 2093 2831 videtur

506 2860 790 2917 ostendere
816 2862 1030 2932 quidam
1057 2871 1214 2932 poeta
1233 2864 1370 2934 apud
1399 2862 1637 2933 Griecos,

688 2986 739 3048 εδ
770 2987 838 3039 τδρ
868 2986 1024 3048 um
1059 2987 1311 3048 mauu-

688 3042 787 3086 }loc
809 3042 940 3086 enim
960 3050 1050 3087 nos
1071 3042 1229 3087 sortiti
1253 3050 1422 3087 sumus
1444 3050 1636 3089 munus.

1123 3097 1304 3161 (Iliad.
1329 3116 1373 3151 Α.
1392 3112 1435 3148 υ.
1460 3100 1551 3160 to,
1568 3114 1682 3152 0.1:.
1706 3102 1815 3164 70.)

503 3197 649 3256 Dens
682 3210 857 3256 autem
883 3208 1067 3257 noster
1091 3214 1199 3263 non
1225 3203 1303 3257 sic
1327 3221 1343 3258 :
1369 3204 1443 3258 illi
1470 3203 1612 3258 enim
1640 3204 1930 3263 humanum
1959 3221 2089 3263 san-

498 3290 718 3361 guinem
748 3292 1009 3358 sitientes,
1036 3300 1091 3347 et
1115 3305 1209 3347 eos
1234 3292 1299 3346 ad
1330 3294 1426 3348 has
1445 3293 1619 3349 cades
1646 3295 1887 3351 volentes
1908 3297 2092 3367 paula-

502 3383 601 3435 tim
628 3380 896 3452 pellicere,
929 3381 1044 3437 haec
1066 3382 1317 3452 petebant
1350 3383 1599 3438 assidue:
1624 3385 1737 3454 ipse
1764 3394 1941 3441 autem
1968 3402 2088 3444 cum

506 3472 667 3527 vellet
690 3485 783 3526 cos
810 3470 1059 3539 paulatim
1085 3486 1115 3525 a
1145 3473 1465 3528 mactatione
1494 3472 1771 3530 brutorum
1792 3476 2087 3545 abducere,

508 3562 609 3617 hac
651 3561 971 3631 indulgentia
1013 3576 1138 3616 usus
1180 3572 1302 3629 est,
1333 3570 1387 3618 et
1423 3563 1668 3632 permisit
1705 3566 1965 3623 sacriﬁcia
1988 3610 2005 3634 ,
2034 3578 2092 3624 ut

505 3650 763 3706 sacriﬁcia
803 3650 1034 3705 tolleret.
1061 3650 1115 3706 9.
1144 3648 1265 3705 Non
1294 3652 1543 3722 accipiam
1566 3653 1631 3708 de
1658 3654 1809 3710 domo
1844 3667 1933 3712 tua
1960 3660 2091 3712 vitu~

503 3740 583 3794 los
605 3780 620 3804 ,
646 3755 804 3810 neque
843 3739 907 3793 de
941 3738 1173 3810 gregibus
1209 3742 1309 3794 tuis
1339 3741 1526 3795 hircos.
1559 3743 1647 3799 1ο.
1684 3744 1939 3811 Quoniam
1968 3764 2092 3802 mea:

504 3840 619 3884 sunt
636 3846 802 3885 omnes
827 3830 950 3899 ferte
968 3830 1241 3900 syluarum,
1264 3832 1499 3901 jumenta
1516 3834 1571 3887 in
1588 3835 1836 3890 montibus
1855 3847 1902 3891 et
1922 3837 2087 3893 bores.

504 3923 593 3977 11.
634 3919 853 3992 Cognovi
880 3923 1051 3975 omnia
1072 3906 1303 3975 volatilia
1336 3924 1448 3977 cali
1476 3965 1492 3990 ,
1520 3934 1565 3980 et
1617 3927 1940 3995 pulchritudo
1979 3932 2092 4001 agri

505 4029 697 4067 mecum
715 4022 807 4066 est.
836 4012 966 4067 Vide
991 4013 1259 4085 quomodo
1283 4014 1534 4084 paulatim
1563 4019 1722 4089 erigit
1744 4035 1933 4077 eorum
1970 4027 2089 4079 ani-

507 4120 674 4170 mum,
705 4104 793 4173 qui
827 4104 877 4157 in
920 4112 1088 4159 terras
1114 4104 1275 4160 deﬁxi
1314 4117 1469 4161 erant
1491 4149 1507 4171 ,
1533 4119 1853 4167 excaecatum
1902 4129 2088 4171 eorum

507 4201 742 4248 mentem
775 4193 1041 4262 aperiens,
1070 4204 1123 4248 et
1149 4196 1443 4251 ostendens
1469 4210 1529 4252 se
1558 4197 1673 4254 haec
1694 4200 1947 4270 iussisse,
1982 4221 2087 4262 non

505 4285 645 4356 quod
670 4286 749 4341 eis
782 4294 991 4353 egeret,
1019 4302 1118 4341 nec
1144 4287 1261 4365 lege
1288 4289 1531 4345 sanxisse
1555 4292 1695 4360 qttod
1722 4309 1785 4349 ea
1813 4297 2086 4366 probaret.

506 4377 561 4433 Si
590 4378 758 4441 enim,
784 4377 974 4445 inquit,
1002 4378 1071 4430 ita
1104 4378 1207 4431 coli
1236 4378 1427 4433 vellem
1445 4421 1461 4445 ,
1486 4394 1607 4434 cum
1635 4398 1847 4440 omnem
1891 4398 2086 4447 terram

505 4483 624 4537 quae
654 4467 753 4521 sub
773 4467 888 4521 sole
912 4477 996 4521 est
1016 4468 1304 4533 obtineam,
1335 4479 1389 4524 et
1412 4472 1589 4527 omnia
1623 4478 1939 4544 creaverim,
1965 4496 2092 4549 pro-

504 4574 746 4613 curarem
777 4568 836 4612 ut
882 4558 1011 4613 mihi
1059 4558 1201 4613 lauta
1241 4571 1296 4614 et
1324 4562 1543 4631 opipare
1589 4564 1778 4622 ﬁerent
1803 4571 2088 4627 sacriﬁcia.

508 4650 709 4704 Deinde
734 4664 827 4704 eos
851 4650 1010 4705 etiam
1040 4651 1269 4709 irridens
1297 4668 1359 4707 ac
1385 4654 1806 4725 reprehendens,
1838 4672 1896 4717 ut
1922 4668 2092 4736 magis

509 4752 703 4812 pungat
724 4744 1010 4811 accusatio,
1035 4742 1305 4812 subjunxit
1324 4762 1338 4799 :
1357 4744 1445 4803 12.
1467 4747 1530 4801 Si
1551 4751 1789 4821 csuriero,
1803 4771 1904 4809 non
1922 4757 2091 4811 dicant

507 4834 633 4887 tibi:
656 4850 796 4887 meus
828 4844 902 4888 est
939 4836 1073 4888 enim
1098 4837 1231 4891 orbis
1270 4847 1416 4891 terra
1440 4848 1485 4892 et
1514 4842 1771 4909 plenitudo
1794 4848 1923 4915 ejus.
1957 4849 2091 4917 Quia

507 4922 649 4975 enim
685 4922 797 4993 ipse
835 4938 896 4977 ea
924 4925 1225 4991 concessit,
1256 4935 1312 4979 ut
1338 4943 1431 4982 eos
1453 4931 1703 4997 paulatim
1732 4936 1799 4989 ab
1823 4938 1899 4992 eis
1924 4940 2092 4995 abdu-

506 5024 685 5080 ceret;
713 5014 811 5082 ipsi
837 5024 1014 5070 autem
1052 5018 1102 5071 in
1129 5033 1188 5072 re
1221 5018 1353 5075 adeo
1387 5020 1474 5075 vili
1520 5004 1573 5076 et
1596 5024 1799 5093 abiecta
1848 5034 2093 5098 perstite-

508 5114 650 5169 runt,
679 5119 798 5159 cum
827 5120 890 5160 ex
919 5120 979 5160 ea
1011 5107 1331 5177 indulgentia
1357 5111 1557 5165 nullum
1585 5128 1831 5185 magnum
1861 5120 2090 5179 fructum

509 5197 809 5264 cepissent:
834 5208 1112 5266 propterea
1143 5202 1375 5257 crassius
1398 5213 1452 5258 et
1482 5203 1766 5265 humanius
1796 5210 2090 5284 disserens,

511 5288 677 5341 dicit:
703 5287 764 5343 Si
800 5289 1052 5354 esuriero,
1084 5308 1183 5361 non
1228 5292 1316 5345 tibi
1362 5294 1549 5350 dicam.
1597 5297 1708 5353 lloc
1748 5311 1865 5366 est,
1910 5302 2091 5374 Neque

512 5380 715 5445 esurio;
746 5379 885 5435 Deus
908 5381 1051 5435 enim
1083 5398 1190 5437 non
1218 5385 1414 5439 esuriet
1434 5427 1448 5453 ,
1481 5402 1653 5458 neque
1682 5388 2087 5463 deﬁitigabitur;

512 5488 611 5528 nec
637 5473 679 5528 si
713 5473 793 5527 his
820 5475 1007 5529 vellem
1036 5476 1161 5539 coli,
1193 5477 1441 5535 deessent
1466 5483 1593 5536 mihi
1624 5483 1898 5556 innumera
1925 5493 2091 5547 sacri-

510 5566 625 5618 licia
652 5573 705 5619 et
723 5563 1046 5621 holocausta.
1068 5567 1254 5623 Omnia
1276 5571 1415 5625 enim
1436 5573 1564 5627 mihi
1590 5574 1785 5631 aﬁ’atim
1806 5587 1861 5634 et
1882 5580 2093 5638 abunde

511 5665 817 5725 suppetunt,
849 5666 900 5711 et
925 5673 1045 5712 cum
1084 5660 1185 5713 sint
1213 5665 1323 5731 ipse
1352 5663 1606 5719 Dominus
1630 5708 1644 5731 ,
1673 5682 1790 5725 mea
1816 5672 1937 5726 volo
1966 5690 1993 5725 a
2042 5683 2094 5729 te

511 5748 774 5816 accipere,
804 5757 859 5802 ut
888 5748 989 5805 hac
1012 5751 1093 5805 via
1116 5761 1169 5806 et
1194 5754 1397 5810 ratione
1428 5765 1479 5810 te
1508 5757 1574 5811 ad
1601 5774 1773 5816 meam
1804 5764 2093 5820 amicitiam

511 5841 793 5905 attraham,
820 5850 870 5895 ot
895 5856 922 5894 a
951 5856 1126 5897 rerum
1149 5845 1381 5900 inanium
1408 5852 1790 5910 consuetudine
1809 5854 2089 5913 abducam.

1327 456 1382 513 s.
1409 452 1689 513 JOANNIS
1716 451 2196 511 cnnvsosrout
2238 440 2555 529 ARCHIEP.
2594 426 3144 514 consumimur.

3687 456 3798 514 ω

2273 568 2327 625 5.
2357 568 2507 635 Quod
2527 570 2593 623 sit
2610 569 2715 625 Deo
2738 582 2939 641 gratum
2956 572 3285 641 sacriﬁcium.
3300 600 3370 612 —
3388 568 3589 626 Deinde
3614 586 3803 628 rursus

2201 662 2410 732 erigens
2431 662 2496 717 ad
2518 662 2570 717 id
2590 663 2730 734 quod
2750 672 2833 719 est
2858 664 3157 731 sublimius,
3181 663 3487 732 subiunxit:
3513 664 3601 737 13.
3627 662 3799 717 Nutu-

2199 755 2321 823 quid
2339 754 2653 809 manducabo
2678 772 2860 811 carnes
2884 766 3167 820 taurorum,
3195 766 3284 811 aut
3312 757 3607 829 sanguinem
3632 758 3803 810 Itirco-

2198 862 2314 900 rum
2362 847 2593 913 potabo?
2644 847 2810 915 llaec,
2860 848 3067 918 inquit,
3116 863 3187 904 ne
3233 846 3539 904 hominibus
3580 848 3800 918 quidem

2194 936 2331 1005 jussi
2356 937 2551 1005 facere,
2576 937 2671 994 sed
2696 939 2855 993 etiam
2881 938 3171 993 maximum
3200 939 3451 994 constitui
3477 938 3799 1009 supplicium

2199 1027 2266 1082 iis
2289 1027 2380 1097 qui
2406 1021 2695 1084 vescuntur
2715 1029 2977 1099 sanguine
2998 1027 3182 1097 (Leuit.
3206 1029 3259 1082 7.
3287 1028 3376 1084 lﬁ.
3398 1028 3488 1085 26.
3511 1028 3629 1099 27).
3654 1027 3806 1096 Quo-

2198 1119 2361 1174 modo
2396 1133 2525 1189 ergo
2570 1118 2863 1190 indigerem
2905 1119 3198 1189 sanguine,
3231 1119 3323 1190 qui
3363 1134 3551 1176 servos
3591 1133 3744 1174 meos
3769 1134 3802 1173 a

2197 1210 2293 1265 tali
2316 1224 2435 1266 esca
2460 1209 2711 1265 abduco?
2734 1209 2871 1265 Cum
2900 1208 3017 1265 hac
3039 1224 3170 1281 ergo
3204 1209 3385 1264 omnia
3410 1210 3714 1279 repulisset,
3744 1216 3806 1263 et

2198 1315 2260 1357 se
2286 1315 2406 1357 esse
2437 1302 2650 1371 indigna
2670 1300 3016 1366 ostendisset,
3046 1301 3552 1371 accusationemque
3573 1300 3805 1371 permul-

2198 1392 2270 1448 tis
2294 1392 2569 1449 deridendi
2595 1407 2757 1450 causa
2779 1392 2939 1449 dictis
2961 1395 3311 1464 respersisset
3333 1432 3351 1459 ,
3376 1407 3484 1448 non
3523 1392 3612 1450 hic
3639 1391 3801 1448 ﬁnem

2198 1484 2449 1553 loquendi
2493 1483 2616 1540 fecit
2639 1525 2655 1550 ,
2676 1484 2772 1541 sed
2798 1485 3035 1541 ostendit
3066 1480 3229 1542 alium
3257 1486 3506 1543 sacriﬁcii
3537 1485 3755 1542 modum
3782 1528 3801 1552 ,

2200 1573 2411 1631 functus
2439 1575 2618 1631 hacin
2642 1591 2700 1632 re
2719 1576 2906 1646 optimi
2931 1575 3130 1632 medici
3162 1576 3359 1643 ofﬁcio,
3390 1586 3449 1633 ut
3476 1577 3748 1634 abducens
3768 1592 3803 1632 a

2198 1667 2358 1722 rebus
2400 1667 2713 1734 inutilibus,
2745 1682 2808 1723 ea
2847 1682 2969 1738 quae
3006 1668 3201 1738 iuvare
3244 1670 3455 1740 possint
3491 1669 3804 1725 vulneribus

2196 1759 2447 1827 applicet.
2506 1758 2793 1829 Postquam
2837 1758 2983 1815 enim
3034 1758 3154 1815 haec
3200 1760 3471 1830 perfecit,
3501 1760 3674 1817 dicit:
3707 1761 3799 1815 14.

2196 1849 2420 1905 Iinmola
2446 1850 2575 1905 Deo.
2604 1851 2671 1906 Et
2688 1851 2959 1922 quomodo
2983 1850 3327 1907 sacriﬁcabo?
3350 1853 3544 1921 inquit.
3582 1854 3807 1921 Absque

2196 1943 2472 2012 sanguine.
2498 1942 2610 1997 Hoc
2632 1944 2773 1999 enim
2798 1942 3120 1999 sacriﬁcium
3143 1934 3254 1999 Deo
3274 1944 3506 1999 maxime
3526 1944 3800 2000 convenit.

2199 2034 2263 2088 Et
2293 2034 2414 2090 ideo
2442 2050 2565 2089 cum
2591 2034 2849 2100 dixisset,
2873 2033 3098 2090 Immola
3128 2034 3257 2103 Deo,
3288 2035 3587 2107 subiunxit,
3618 2036 3805 2092 Sacri-

2196 2124 2371 2193 ﬁcium
2403 2124 2573 2179 laudis
2596 2140 2616 2179 :
2636 2124 2739 2180 hoc
2764 2134 2878 2191 est,
2906 2125 3201 2197 gratiarum
3238 2125 3465 2181 actionis
3485 2168 3499 2189 ,
3522 2141 3801 2182 sacrorum

2197 2213 2555 2287 hymnorum,
2580 2215 2764 2286 gloriae
2794 2230 2891 2286 per
2932 2215 3075 2272 bona
3114 2230 3277 2284 opera
3318 2215 3432 2272 Deo
3478 2214 3799 2271 tribuendas.

2195 2303 2350 2372 Quod
2392 2314 2570 2360 autem
2611 2304 2777 2370 dicit,
2805 2313 2890 2362 est
2913 2304 3178 2375 ejusmodi
3202 2323 3217 2357 :
3243 2306 3317 2361 lta
3348 2306 3496 2362 vivas
3520 2314 3580 2360 ut
3612 2305 3798 2361 Domi-

2196 2412 2298 2451 nus
2344 2405 2467 2451 tuus
2505 2395 2855 2465 gloriﬁcetur.
2887 2396 3045 2465 Quod
3087 2396 3250 2452 etiam
3293 2396 3544 2452 Christus
3578 2396 3803 2457 docuit.

2196 2486 2382 2542 dicens
2410 2503 2425 2540 :
2453 2484 2643 2541 Luceat
2669 2486 2758 2541 lux
2781 2494 2947 2541 uestra
2974 2503 3148 2541 coram
3173 2486 3461 2542 hominibus
3480 2528 3496 2554 ,
3518 2496 3574 2541 ut
3596 2486 3799 2542 uideant

2195 2576 2328 2632 bona
2353 2586 2518 2632 uestra
2543 2594 2697 2648 apem
2715 2620 2730 2643 ,
2758 2586 2805 2631 et
2828 2577 3115 2649 gloriﬁcent
3136 2575 3348 2632 Patrem
3372 2588 3593 2632 uestrum
3632 2578 3721 2649 qui
3747 2578 3802 2632 in

2196 2670 2335 2723 ctzlis
2374 2668 2699 2739 est(Mattlt.
2729 2669 2783 2725 5.
2814 2666 2945 2741 16).
2978 2667 3123 2723 Laus
3167 2668 3311 2724 enim
3359 2667 3491 2723 nihil
3528 2667 3675 2724 aliud
3716 2678 3804 2725 est

2193 2775 2355 2831 quam
2382 2760 2615 2815 laudatio
2638 2802 2652 2825 ,
2678 2760 2845 2831 gloria
2872 2768 2927 2817 et
2953 2759 3263 2816 celebratio.
3293 2759 3376 2815 Sit
3403 2773 3534 2832 ergo
3561 2760 3671 2815 vita
3711 2769 3800 2816 tua

2193 2852 2478 2923 ejusmodi,
2502 2860 2561 2906 ut
2588 2861 2711 2907 tuus
2740 2853 2987 2907 laudetur
3008 2868 3073 2907 ac
3098 2852 3402 2909 celebretur
3433 2852 3710 2917 Dominus,
3740 2863 3799 2909 et
3874 2892 3879 2897 ι

2195 2943 2493 3014 perfectum
2520 2943 2758 2999 obtulisti
2787 2944 3133 2999 sacriﬁcium.
3162 2944 3276 2999 Hoc
3301 2946 3625 3000 saerilicium
3656 2945 3799 3000 Pau-

2196 3035 2281 3090 lus
2316 3051 2527 3105 quoque
2561 3036 2805 3114 requirit,
2836 3036 3020 3091 dicens
3048 3058 3062 3093 :
3100 3036 3346 3093 Esbibete
3382 3039 3607 3093 membra
3638 3048 3803 3095 vestra

2194 3126 2410 3181 hostiam
2438 3129 2711 3195 uiuentem,
2731 3137 2961 3182 sanctam
2980 3170 2996 3195 ,
3029 3127 3140 3184 Deo
3182 3129 3464 3199 placentem
3491 3130 3666 3204 (Rom.
3707 3133 3798 3188 12.

2195 3220 2271 3290 1).
2302 3219 2369 3274 Et
2393 3226 2581 3275 rursus
2609 3219 2697 3275 hic
2722 3220 2835 3289 ipse
2862 3219 3122 3289 propheta
3152 3220 3279 3277 alibi
3308 3240 3321 3274 :
3346 3220 3592 3277 Laudabo
3616 3240 3802 3279 nomen

2195 3309 2293 3365 Dei
2329 3312 2428 3364 mei
2466 3328 2581 3364 cum
2610 3313 2840 3377 cantico,
2867 3312 3206 3382 magniﬁcabo
3246 3314 3415 3383 ipsum
3454 3314 3507 3369 in
3538 3316 3692 3369 laude
3711 3334 3731 3369 :
3755 3325 3806 3371 et

2196 3400 2412 3472 placebit
2431 3400 2540 3457 Deo
2566 3403 2683 3473 plus
2704 3420 2854 3472 quam
2880 3404 3067 3459 vitulus
3081 3405 3287 3475 juvenis
3306 3422 3498 3461 cornua
3517 3408 3803 3478 producens

2194 3502 2245 3547 et
2280 3494 2499 3565 ungulas
2523 3492 2694 3560 (Psal.
2738 3495 2829 3551 68.
2869 3496 2959 3551 51.
2992 3495 3063 3553 32
3083 3498 3129 3568 ).
3159 3496 3239 3553 Ita
3275 3498 3439 3554 etiam
3480 3501 3805 3560 sacriﬁcavit

2193 3582 2296 3639 Job
2324 3591 2444 3653 post
2468 3583 2649 3654 plagas
2672 3585 2789 3639 illas
2814 3600 2933 3657 quae
2953 3595 3198 3641 naturam
3229 3590 3575 3659 superabant,
3599 3593 3803 3663 gratias

2192 3686 2379 3743 agens,
2407 3684 2463 3728 et
2491 3674 2607 3730 haec
2622 3674 2787 3730 verba
2811 3677 3067 3747 loquens:
3091 3677 3345 3735 Dominus
3369 3682 3528 3751 dedit,
3552 3682 3802 3743 Dominus

2193 3764 2396 3818 abstulit
2413 3765 2577 3820 :sicut
2593 3761 2825 3821 'Domino
2853 3768 3066 3837 placuit,
3089 3770 3163 3823 ita
3184 3774 3376 3841 factum
3396 3783 3469 3827 est
3491 3790 3510 3827 :
3530 3775 3595 3828 sit
3613 3792 3799 3833 nomen

2195 3855 2405 3909 Domini
2439 3856 2751 3911 benedictum
2786 3858 2840 3912 in
2866 3859 3077 3913 secula.
3106 3860 3177 3913 Et
3203 3862 3358 3917 redde
3384 3864 3645 3920 Altissimo
3684 3878 3800 3923 vota

2194 3956 2284 4002 tua
2331 3947 2451 4016 (.lob
2479 3949 2529 4003 1.
2556 3949 2673 4018 21).
2706 3948 2805 4004 llic
2841 3948 2972 4005 dicit
2997 3951 3417 4021 supplicationes
3439 3996 3454 4019 ,
3484 3957 3715 4013 suadens
3740 3967 3801 4014 ut

2196 4039 2249 4094 in
2294 4038 2537 4094 oratione
2589 4038 2803 4095 assidue
2839 4055 3250 4109 perseveremus
3273 4085 3288 4111 ,
3320 4055 3374 4099 et
3411 4061 3531 4116 qua;
3571 4047 3796 4119 professi

2197 4129 2453 4184 fuerimus
2499 4144 2619 4183 cum
2667 4129 2945 4186 celeritate
2983 4132 3293 4188 reddamus.
3336 4134 3565 4193 Pulchre
3617 4149 3797 4196 autem

2196 4220 2372 4287 dixit,
2405 4219 2599 4274 Redde.
2633 4221 2761 4276 Post
2789 4222 3203 4290 promissionem
3245 4227 3388 4282 enim
3438 4244 3526 4283 res
3564 4230 3800 4287 efﬁcitur

2195 4312 2455 4367 debitum.
2486 4312 2575 4366 Sic
2605 4316 2757 4367 Anna
2784 4313 3004 4369 tradidit
3036 4315 3204 4371 ﬁlium
3224 4358 3239 4381 ,
3269 4328 3331 4373 ut
3357 4318 3596 4376 debitum
3622 4325 3797 4379 maxi-

2196 4417 2343 4457 mum
2371 4402 2447 4473 (l.
2478 4401 2604 4474 Reg.
2636 4404 2688 4457 1.
2717 4402 2830 4473 28).
2859 4404 2936 4459 Tu
2961 4420 3090 4475 ergo
3120 4407 3234 4462 sive
3264 4410 3541 4477 promittas
3564 4412 3799 4469 eleemo-

2196 4507 2384 4563 synam
2410 4534 2423 4556 ,
2456 4494 2569 4549 sive
2598 4495 2758 4547 vitam
2787 4494 3036 4565 pudicam
3059 4537 3075 4563 ,
3100 4498 3216 4552 sive
3256 4499 3455 4570 aliquid
3483 4501 3629 4557 aliud
3655 4504 3797 4572 tale,

2195 4583 2261 4637 ad
2291 4584 2341 4637 id
2367 4585 2750 4640 exsolvendum
2779 4586 2992 4642 festina.
3022 4588 3080 4643 Si
3106 4589 3227 4659 quis
3252 4580 3433 4647 autem
3461 4604 3650 4652 exacte
3672 4612 3797 4668 per-

2196 4673 2473 4755 penderit,
2504 4676 2603 4732 etsi
2648 4677 2867 4732 minime
2910 4679 3283 4747 promittatur,
3311 4684 3483 4740 virtus
3525 4695 3705 4744 tamen
3744 4691 3796 4746 ei

2193 4765 2441 4821 debetur.
2467 4767 2521 4821 ld
2547 4777 2723 4823 autem
2753 4768 2999 4825 Christus
3025 4772 3355 4843 signiﬁcans,
3390 4775 3602 4833 dicebat
3625 4795 3645 4834 :
3673 4781 3800 4847 Qua

2195 4858 2329 4911 enim
2378 4858 2640 4913 debuimus
2688 4864 2858 4930 facere
2879 4903 2894 4925 ,
2922 4862 3137 4931 fecimus
3181 4863 3331 4933 (Luc.
3362 4868 3451 4923 l7.
3486 4869 3601 4940 1ο).
3634 4873 3797 4944 Atqui

2194 4947 2334 5002 dixit
2364 4948 2666 5017 parabolam
2693 4952 2855 5013 servi,
2887 4954 2971 5007 cui
2998 4964 3115 5009 erat
3144 4958 3422 5013 minimum
3451 4960 3795 5033 imperatum,

2195 5054 2390 5109 nempe
2418 5049 2476 5094 ut
2504 5056 2609 5096 non
2640 5043 3011 5111 accumberet,
3043 5048 3139 5102 sed
3168 5052 3421 5106 transiret
3447 5060 3504 5108 et
3527 5056 3801 5113 ministra-

2194 5140 2295 5187 ret.
2328 5132 2551 5198 Quidam
2574 5143 2751 5189 autem
2774 5152 2984 5208 quoque
3007 5138 3140 5194 dicit
3164 5159 3177 5194 :
3204 5140 3287 5197 Ne
3315 5147 3594 5201 tardaueris
3618 5151 3801 5205 redde-

2195 5239 2251 5279 re
2274 5233 2439 5277 votum
2467 5234 2607 5278 tuum
2632 5224 2823 5297 (Eccli.
2854 5229 2907 5285 5.
2936 5230 3015 5301 3).
3044 5230 3324 5289 Pollicitus
3349 5236 3445 5291 es?
3479 5236 3663 5295 Redde
3685 5282 3702 5305 ,
3728 5258 3801 5299 no

2196 5312 2334 5368 forte
2362 5328 2509 5368 mors
2532 5324 2585 5369 te
2611 5316 2844 5384 invadat,
2868 5329 2922 5373 et
2953 5321 3003 5374 id
3028 5323 3318 5379 rescindat.
3344 5325 3413 5380 Et
3430 5327 3558 5397 quid
3578 5330 3647 5385 ad
3675 5331 3801 5388 mel

2197 5404 2409 5473 inquit:
2438 5405 2545 5459 vita
2574 5408 2715 5461 enim
2747 5423 2853 5464 non
2886 5420 3002 5464 erat
3039 5410 3092 5465 in
3126 5429 3243 5468 mea
3268 5426 3549 5484 potestate.
3584 5420 3652 5476 Et
3676 5423 3801 5480 ideo

2172 5494 2416 5550 .dillcrrc
2439 5510 2547 5551 non
2575 5501 2805 5567 oportuit
2832 5542 2848 5566 ,
2878 5500 3005 5555 dum
3037 5507 3242 5572 cogitas
3271 5523 3389 5563 esse
3416 5510 3678 5569 incertum
3704 5532 3800 5572 ex-

2197 5588 2351 5651 itum,
2373 5598 2427 5643 et
2455 5603 2561 5644 non
2590 5604 2711 5645 esse
2740 5591 2792 5645 in
2825 5602 2909 5646 tua
2941 5604 3206 5662 potestate
3233 5607 3325 5653 aut
3349 5601 3549 5669 vivere,
3575 5616 3664 5659 aut
3695 5607 3800 5664 hoc

2198 5694 2230 5733 e
2256 5677 2374 5733 loco
2398 5681 2676 5737 excedere.
2698 5681 2847 5749 Quod
2868 5699 2997 5755 ergo
3026 5686 3222 5743 videris
3255 5705 3350 5759 pro
3379 5702 3463 5747 tua
3486 5694 3797 5754 defensione

2199 5768 2409 5835 afferre,
2433 5770 2487 5825 id
2510 5772 2666 5840 plane
2695 5782 2748 5828 te
2776 5775 2969 5844 arguit.
3000 5775 3185 5847 Neque
3215 5781 3357 5835 enim
3387 5799 3532 5839 mors
3557 5787 3609 5839 in
3633 5802 3795 5845 causa

2203 5858 2319 5927 l‘ttit,
2340 5864 2622 5932 quominus
2637 5864 2907 5934 redderes,
2927 5868 3021 5923 sed
3036 5878 3293 5928 tua‘mora
3311 5889 3372 5931 ac
3393 5876 3596 5933 dilatio.
3618 5878 3699 5932 l5.
3729 5878 3793 5932 Et
