4058 6452
475 363 584 418 εις)

1173 361 1229 415 S.
1272 359 1562 416 JO.\1\'NIS
1591 358 2086 416 CHRYSOSTOMI
2125 359 2445 414 ARCIIIEP.
2481 359 3035 418 CONSTANTINOP.‘

3665 362 3770 418 250

476 479 576 532 καί
609 476 933 544 ἐξελοῦμαί
971 492 1064 540 σε,
1087 479 1182 530 καὶ
1207 475 1360 548 [9.52]
1383 474 1666 541 δοξάσεις
1701 491 1797 544 με.
1815 473 1979 544 Ὁρᾷς
2000 475 2066 528 ἐκ
2175 475 2358 538 αὐτὸς,
2380 477 2461 528 ὅτι
2481 475 2633 528 οὐδὲν
2653 475 2843 544 ὄφελος
2860 477 2955 530 τοῦ
2977 475 3249 530 διδάσκειν
3269 476 3510 548 ἑτέρους,
3532 478 3661 530 ὅταν
3683 494 3769 542 τις

476 563 672 616 πολλοῦ
694 561 790 614 τοῦ
811 562 1091 630 περιόντος
1110 562 1209 632 τὴν
1229 561 1496 614 ἀντίδοσιν
1513 561 1797 630 διδομένην
1817 578 1831 624 ;
1855 557 1920 611 Τί
1957 559 2065 611 τοί-

2168 558 2363 611 ὲαυτὺν
2382 559 2648 628 πρότερον
2686 558 2869 612 λαϐὼν
2892 563 2967 631 μὴ
2988 559 3234 633 διδάσκῃ.
3255 560 3471 631 Ἐπειδὴ
3492 560 3602 631 γάρ
3623 560 3772 630 μέγα

475 665 570 699 νυν
608 647 708 717 τῆς
745 646 1000 714 τοιαύτης
1033 645 1444 716 φιλανθρωπίας
1479 643 1592 696 ἴσον
1612 643 1808 712 γένοιτ’
1828 642 1914 703 ἂν,
1935 643 2064 694 ὅταν
2169 640 2438 710 ἐφρόνουν
2474 640 2662 710 ὥσπερ
2699 641 2792 693 ἐπὶ
2827 646 2949 706 ταῖς
2987 643 3222 706 θυσίαις,
3243 642 3386 697 οὕτω
3422 646 3517 696 καὶ
3558 646 3652 696 ἐπὶ
3686 645 3770 716 τῷ

476 732 571 784 καὶ
590 731 760 800 αὐτῆς
797 731 898 800 τῆς
934 731 1136 801 ἀρετῆς
1161 730 1383 800 μισθοὺς
1402 730 1531 800 ῂμῖν
1550 727 1694 797 διδῷ,
1719 726 1812 778 καὶ
1836 725 2062 791 μισθοὺς
2169 726 2332 794 νόμον
2371 723 2536 794 ἔχειν,
2562 726 2655 777 καὶ
2691 723 3002 779 διδάσκαλοι
3038 728 3150 779 τῶν
3187 727 3364 780 ἄλλων
3384 727 3766 798 χρηματίζειν,

476 813 658 883 πολλῷ
690 814 940 884 μείζονας
958 812 1066 866 τῶν
1086 814 1283 878 πόνων,
1307 813 1400 866 καὶ
1421 811 1626 881 σφόδρα
1648 812 1703 862 ἐν
1726 808 1900 879 καιρῷ
1918 807 2060 860 διδο-

479 898 706 966 μένουςς
741 899 849 950 Καὶ
885 896 1062 960 διὰτί,
1088 896 1269 966 φησὶν,
1293 891 1476 948 εἶπενο
1534 891 1917 946 Ἑπικάὶεσαί
1945 907 2059 960 με;

475 981 562 1034 διὰ
582 985 633 1034 τί
654 982 911 1052 ἀναμένει
931 980 1210 1032 καλεῖσθαι
1234 979 1364 1048 παρ’
1387 977 1544 1048 ἡμῶν
1564 993 1577 1041 ;
1600 974 1840 1038 Μείζονα
1860 975 1957 1046 τὴν
1975 976 2057 1028 οἰ-

477 1063 696 1116 κείωσιν
733 1066 863 1134 ἡμῖν
901 1064 1123 1132 ποιῆσαι
1146 1061 1486 1132 βουλόμενος,
1508 1060 1602 1112 καὶ
1620 1059 1716 1128 τὴν
1738 1059 1874 1128 πρὸς
1895 1056 2074 1110 αὐτὸν

477 1146 658 1213 φιλίαν
678 1145 1033 1216 θερμοτέραν,
1058 1146 1151 1198 καὶ
1187 1144 1265 1213 τῷ
1312 1143 1512 1201 δοῦναι,
1537 1143 1629 1194 καὶ
1647 1142 1724 1211 τῷ
1752 1141 2055 1205 καλεῖσθαι,

475 1230 568 1280 καὶ
587 1227 665 1298 τῷ
685 1227 1000 1298 λαμϐάνειν.
1023 1229 1132 1281 Καὶ
1152 1227 1308 1298 γὰρὴ
1333 1226 1500 1297 ἀρετὴ
1524 1225 1658 1294 πρὸς
1691 1223 1824 1276 Θεὸν
1845 1226 2054 1286 οἰκειοῖ,

450 1324 454 1327 ·
476 1311 569 1362 καὶ
608 1313 641 1381 ὴ
678 1311 944 1374 ἀντίδοσις
984 1311 1044 1364 τὸ
1081 1313 1212 1364 αὐτὸ
1233 1311 1549 1380 ἐργάζεται·
1573 1309 1667 1360 καὶ
1688 1309 1720 1376 ἠ
1739 1306 1872 1376 εὐχὴ
1896 1306 2056 1359 πάλιν

473 1392 676 1466 ταύτην
699 1397 989 1464 συγκροτεῖ
1010 1395 1110 1464 τὴν
1145 1394 1434 1446 οίκείωσιν.
1458 1392 1556 1443 Διά
1585 1389 1742 1442 τοῦτό
1763 1406 1896 1459 φησι
1919 1407 1933 1422 ο
1956 1389 2058 1451 Δός

475 1492 586 1544 μοι,
610 1476 704 1530 καὶ
722 1476 914 1546 δίδωμί
936 1493 1036 1529 σοι.
1053 1477 1162 1528 Καὶ
1182 1478 1238 1527 έν
1259 1473 1336 1544 τῷ
1353 1473 1552 1527 διδόναι
1570 1472 1627 1526 δὲ
1650 1473 1712 1526 σὺ
1734 1471 2052 1542 λαμϐάνεις·

472 1558 636 1622 αὐτὸς
669 1561 778 1630 γὰρ
811 1559 1013 1613 τούτων
1045 1560 1488 1630 ἀνενδεὴς.Ὤστε
1508 1557 1611 1611 κᾶν
1630 1559 1879 1626 ἐπιεικὴς
1897 1556 2051 1626 γένῃ,

474 1641 574 1694 κάν
613 1643 852 1714 μέτριος,
871 1643 975 1696 κᾶν
1012 1643 1264 1712 σώφρων,
1285 1642 1347 1696 ού
1379 1641 1458 1712 τῷ
1476 1641 1596 1710 θεῷ
1613 1658 1665 1693 τι
1685 1639 2050 1711 προσέθηκας,

473 1726 607 1778 ἀλλά
630 1727 824 1779 σαυτὸν
844 1726 1096 1798 λαμπρὸν
1115 1725 1377 1796 ἐποίησας
1397 1725 1491 1778 καὶ
1511 1724 1720 1794 ἀμείνω
1737 1740 1748 1754 ·
1773 1723 1886 1775 ἀλλ’
1903 1723 2053 1793 ὅμως

473 1810 566 1860 καὶ
602 1809 804 1861 τούτων
844 1809 920 1872 ὡς
959 1808 1122 1861 αὑτὸν
1141 1809 1436 1878 ώφελοῦντι
1460 1807 1688 1877 μισθούς
1709 1824 1790 1858 σοι
1813 1806 1906 1858 καὶ
1929 1821 2052 1857 στε-

471 1893 672 1960 φάνους
713 1892 884 1962 ὁρίζει
929 1893 1372 1962 μεγίστους.·Καὶ
1410 1891 1517 1961 πρὸ
1554 1891 1660 1944 τῶν
1698 1890 1976 1958 στεφάνων
1995 1889 2053 1945 δὲ

469 1975 694 2028 ἐκείνων
731 1975 793 2027 οὐ
833 1977 1035 2046 μικρᾶς
1069 1973 1363 2037 ἀπολαύεις
1379 1975 1594 2044 ἡδονῆς,
1617 1973 1807 2042 ἀγαθῷ
1829 1990 2053 2044 συντρε-

470 2059 702 2130 φόμενος
722 2060 1005 2124 συνειδότι,
1029 2065 1121 2114 καὶ
1141 2061 1406 2130 χρησταῖς
1427 2075 1524 2110 πτε
1535 2058 1626 2128 ρού
1635 2075 1793 2128 μενος
1812 2058 2046 2111 ἐλπίσιν.

479 2143 720 2214 Ἢμέραν
756 2143 812 2196 δὲ
853 2143 1082 2212 θλίψεως
1114 2141 1347 2196 ἐνταῦθά
1382 2157 1564 2211 φησιν,
1584 2141 1644 2192 οὐ
1663 2140 1763 2204 τὰς
1782 2141 1889 2194 τῶν
1911 2159 2052 2212 συμ-

469 2226 672 2295 φορῶν,
694 2223 816 2278 οὔτε
834 2226 938 2288 τάς
958 2226 1067 2278 τῶν
1085 2225 1480 2295 περιστάσεων,
1501 2223 1614 2276 ἀλλ’
1635 2225 1717 2276 ὅτι
1744 2224 1847 2278 κᾶν
1869 2225 2051 2294 ἀμαρ-

466 2328 488 2360 '.
503 2311 559 2362 ία
577 2307 807 2378 πολεμῇ,
821 2307 922 2361 κᾶν
941 2307 1182 2371 διάϐολος
1205 2307 1486 2378 πολιορκῇ,
1501 2306 1796 2377 ἐπιθυμίας
1813 2308 2049 2375 εἰσάγων

467 2396 728 2466 πονηρὰς,
751 2397 951 2469 πολλῆς
982 2397 1267 2469 ἀπολαύσῃ
1305 2397 1406 2466 τῆς
1446 2396 1782 2466 συμμαχίας.
1807 2396 1914 2450 Καὶ
1949 2397 2048 2462 ἐξ·

464 2485 716 2554 ε’λοῦμαί
751 2501 846 2548 σε,
868 2486 965 2539 καὶ
1005 2482 1286 2550 δοξάσεις
1314 2501 1410 2553 με.
1434 2485 1602 2538 Πάλιν
1621 2484 1854 2538 ἐνταῦθα
1872 2487 1932 2538 οὐ
1951 2488 2049 2556 τῆς

466 2571 596 2643 παρ’
618 2573 774 2642 ἡμῶν
791 2573 948 2642 δόξης
967 2571 1217 2642 δεόμενός
1238 2589 1370 2642 φησι
1391 2573 1550 2626 τοῦτο
1587 2578 1603 2643 (
1621 2574 1740 2636 πῶς
1772 2573 1882 2646 γάρ
1901 2575 1929 2626 6
1948 2574 2050 2644 τῆς

463 2659 622 2729 δόξης
640 2659 774 2724 Θεός
793 2661 855 2728 ;),
878 2660 990 2713 ἀλλ’
1010 2659 1149 2712 ὥστε
1170 2660 1258 2714 διὰ
1277 2660 1368 2713 τὸν
1386 2661 1484 2730 τῆς
1503 2661 1854 2731 εὐχαριστίας
1881 2662 2047 2732 ὕμνον

463 2747 708 2814 γίνεσθαι
746 2749 842 2818 τῆς
879 2748 1192 2819 εὐεργεσίας
1210 2747 1310 2819 τὴν
1332 2749 1575 2820 μνήμην,
1597 2749 1692 2802 καὶ
1713 2748 2048 2822 θερμοτέραν

461 2839 560 2910 τὴν
601 2840 735 2912 πρὸς
749 2840 926 2912 Δαὑτὸν
943 2840 1200 2904 διάθεσιν,
1225 2841 1318 2894 καὶ
1339 2844 1568 2912 πρώτως
1587 2839 1818 2904 εύζωῖαν
1839 2854 1864 2882 ι
1891 2843 2044 2912 μεγίι

467 2909 600 2979 στην
621 2909 936 2979 λαμϐάνειν.
1385 2909 1397 2912 ⁷
1661 2956 1663 2958 ς
1803 2913 1821 2932 ¹

543 2999 617 3064 ς’.
637 3001 748 3070 Οὐχ
786 3001 1163 3071 ἁμαρτήσεται
1203 2999 1262 3052 δὲ
1300 2999 1394 3054 τοῦ
1437 3000 1741 3071 πρέποντος
1777 2999 1946 3054 είπών
1964 3019 2048 3065 τις

465 3086 699 3140 ἐνταῦθα
719 3087 931 3157 ἡμέραν
951 3086 1182 3155 θλίψεως
1201 3087 1362 3140 αὐτὸν
1374 3087 1574 3156 λέγειν,
1598 3088 1690 3141 καὶ
1707 3088 1806 3158 τὴν
1829 3089 2048 3158 μέλλου-

467 3189 566 3226 σαν
593 3174 829 3245 ἡμέρανο
857 3175 889 3242 ἡ
921 3174 1046 3258 γάρι
1067 3173 1244 3244 θλίψις
1263 3173 1445 3245 ἐκείνη
1467 3176 1762 3236 ἄπαυστος.
1781 3175 2047 3230 Ἐνταῦθα

409 3312 425 3321 ,
468 3261 566 3330 μὲν
587 3263 695 3328 γάρ
715 3263 807 3314 καὶ
827 3261 1054 3324 θάνατος
1073 3260 1240 3316 ἐπιὼν
1260 3261 1376 3314 λύει
1395 3263 1492 3325 τάς
1513 3263 1822 3333 συμφορὰς,
1842 3263 1936 3316 καὶ
1956 3264 2047 3332 φί-

463 3349 546 3401 λοι
584 3348 1047 3419 παρακαλοῦντες,
1069 3351 1163 3403 καὶ
1184 3349 1336 3412 τέλος
1357 3349 1825 3420 προσδοκώμενον,
1848 3350 2043 3404 πολλά-

466 3455 553 3501 κις
572 3437 626 3491 δὲ
647 3439 738 3491 καὶ
759 3440 1098 3510 πραγμάτων
1121 3439 1391 3511 μεταϐολὴ
1425 3439 1776 3510 ἐλπιζομένη,
1798 3441 1890 3494 καὶ
1921 3441 2045 3511 χρό-

465 3543 556 3578 νου
597 3526 769 3596 μῆκος
805 3526 1042 3596 ἐμάλαξε
1077 3527 1178 3596 τῆς
1213 3527 1390 3598 ψυχῆς
1425 3527 1486 3582 τὺ
1521 3527 1715 3593 πάθος,
1734 3530 1828 3583 κα)⁸
1861 3532 1895 3602 ή
1936 3529 2045 3584 τῶν

466 3614 708 3684 πλησίων
727 3614 1052 3684 δυσημερία.
1075 3615 1148 3667 Τὸ
1167 3604 1275 3687 γὰρ
1296 3615 1383 3686 ἔχε
1393 3633 1441 3667 ιν
1460 3619 1749 3680 κοινωνοὺς
1782 3617 1892 3670 τῶν
1926 3618 2048 3671 ὀδυ-

466 3703 666 3771 νηρῶν,
691 3703 784 3754 καὶ
827 3701 997 3754 πολλὰ
1033 3701 1260 3756 τοιαῦτα
1296 3706 1429 3774 ὁρᾷν
1469 3704 1860 3774 ὑποδείγματα,
1903 3707 2047 3776 μέγα

466 3789 679 3853 πολλοῖς
715 3790 797 3854 είς
835 3792 1191 3861 παραμυθίαν
1229 3786 1370 3845 εἶναι
1409 3791 1607 3858 ἔδοξεν.
1627 3794 1774 3846 Ἐκεῖ
1805 3793 1863 3847 δὲ
1893 3795 2046 3848 οὐδὲν

463 3877 705 3930 τοιοῦτόν
744 3879 926 3931 ἐστιν’
966 3879 1091 3932 οὕτε
1129 3878 1237 3950 γάρ
1275 3897 1357 3942 τις
1394 3880 1728 3952 παρακαλῶν
1759 3881 2041 3954 πάρεστιν,

441 3959 579 4019 ἀλλ’
597 3967 658 4017 ἐν
678 3965 886 4037 ἐρημίᾳ
904 3965 1072 4031 φίλων
1093 3967 1331 4030 ἅπαντές
1352 3969 1507 4021 είσιν.
1532 3969 1606 4020 Ού
1643 3967 1833 4038 χρόνου
1872 3969 2045 4039 μῆκος

352 4081 356 4085 -
469 4052 732 4123 μαλάσσει
752 4053 849 4123 τὴν
869 4053 1060 4124 ὀδύνην
1076 4054 1216 4122 (πῶς
1235 4056 1305 4123 γά
1314 4072 1343 4126 ρ
1361 4056 1713 4129 ἐπικειμένης
1731 4055 1831 4127 τῆς
1850 4057 2046 4126 φλογὸς

463 4141 529 4193 δι’
549 4141 671 4195 ὅλου
692 4141 753 4210 ;)°
778 4143 877 4195 οὐκ
896 4143 1052 4208 ἐλπὶς
1071 4143 1420 4214 ἀπαλλαγῆς·
1443 4145 1637 4198 αἰωνία
1659 4145 1767 4216 γάρ
1807 4147 1840 4217 ή
1878 4146 2044 4200 κόλα-

467 4246 551 4291 σις
571 4245 583 4258 ·
607 4231 667 4282 οὐ
690 4229 921 4283 θανάτου
951 4231 1244 4302 προσδοκία
1265 4249 1280 4263 ο
1312 4231 1583 4296 ἀθάνατος
1599 4232 1708 4304 γὰρ
1727 4235 1761 4304 ή
1783 4232 2043 4303 τιμωρία,

466 4320 562 4371 καὶ
581 4317 648 4371 τά
669 4317 897 4388 σώματα
930 4318 987 4371 δὲ
1025 4319 1094 4372 τά
1134 4317 1470 4391 κολαζόμενα
1491 4320 1732 4374 ἀθάνατα
1752 4337 1766 4351 ’
1787 4322 1900 4375 ἀλλ’
1922 4322 2046 4375 οὐδὲ

464 4404 622 4457 τοῦτο
657 4405 686 4458 ὃ
721 4405 869 4458 δοκεῖ
903 4405 1119 4469 πολλοῖς
1147 4407 1494 4476 παραμυθίαν
1516 4407 1722 4477 φέρειν,
1743 4407 1804 4460 τὸ
1825 4409 2046 4480 ἐτέρους

463 4495 595 4565 όρᾷν
615 4496 674 4547 ἐν
693 4495 932 4549 κολάσει.
969 4495 1192 4566 Πρῶτον
1214 4496 1314 4566 μὲν
1333 4495 1442 4567 γὰρ
1461 4497 1580 4550 οὐδὲ
1607 4496 1734 4550 ίδεῖν
1752 4497 1866 4552 ἐστι
1886 4500 2048 4555 κολα-

465 4582 742 4654 ζομένους,
760 4582 856 4638 τοῦ
877 4584 1098 4650 σκότους
1122 4586 1242 4638 ἀντ)⁸
1261 4586 1458 4650 παντὸς
1491 4586 1905 4658 διαφράγματος
1929 4590 2048 4643 ἐπι-

467 4671 780 4736 σκιάζοντος
815 4672 912 4734 τὰς
950 4672 1102 4742 ὄψεις
1121 4685 1136 4700 ⁶
1159 4671 1348 4726 ἔπειτα
1366 4675 1400 4744 ἡ
1423 4673 1700 4745 ὑπερϐολὴ
1721 4675 1821 4745 τῆς
1855 4675 2049 4748 ὀδύνης

467 4757 590 4811 οὔτε
610 4759 811 4830 ταύτης
831 4760 1052 4831 ἀφίησιν
1072 4761 1319 4832 αἴσθησιν
1338 4761 1521 4816 λαϐεῖν
1540 4762 1640 4833 τῆς
1672 4763 2043 4835 παραμυθίας.

477 4845 538 4900 Ὀ
557 4847 686 4916 γοῦν
705 4848 961 4912 πλούσιος
979 4849 1132 4902 οὐδὲν
1150 4849 1302 4902 ἐνθεν
1320 4851 1399 4913 είς
1420 4851 1774 4921 παραμυθίας
1793 4853 2050 4923 ἐκαρπώ-

468 4952 598 4988 σατο
627 4935 806 5003 λόγον,
828 4936 947 4989 οὐδὲ
979 4938 1028 4989 οἱ
1072 4935 1220 5008 [255]
1242 4938 1367 5000 τοὺς
1385 4938 1604 5001 ὀδόντας
1625 4937 1935 5009 βρύχοντες.
1963 4939 2050 5006 Τῷ

462 5023 533 5076 δὲ
563 5023 886 5092 ἁμαρτωλῷ
913 5021 1086 5078 εἶπεν
1105 5028 1137 5077 ό
1163 5025 1336 5090 Θεός·
1375 5025 1510 5080 Ἵνα
1530 5026 1588 5079 τί
1607 5027 1688 5080 σὺ
1709 5025 1958 5095 ἐκδιηῃῖ
1976 5029 2050 5082 τὰ

464 5108 822 5180 δικαιώματά
836 5127 989 5180 μου;
1015 5107 1166 5176 Εἶδες
1185 5111 1282 5184 τὴν
1304 5114 1717 5186 ἀπηρτισμένην
1739 5115 1929 5184 λύραν,
1951 5117 2048 5185 τὴν

467 5199 758 5268 σύμφωνον
799 5199 1054 5270 κιθάραν,
1074 5199 1170 5270 τὴν
1210 5202 1269 5253 ἐν
1308 5199 1585 5272 διαφόροις
1622 5202 1880 5271 φθόγγοις
1919 5205 2046 5274 μίαν

468 5288 734 5359 ἁρμονίαν
767 5287 1038 5356 ἡχοῦσανς
1078 5287 1248 5341 Τοῦτο
1283 5289 1392 5362 γὰρ
1431 5291 1491 5342 τὺ
1529 5291 1724 5361 νόημα,
1766 5292 1858 5345 καὶ
1897 5294 2047 5363 παρά

468 5379 782 5441 ἀποστόλοις
821 5380 969 5433 ἐστιν
1011 5379 1158 5446 ίδεῖν,
1183 5383 1275 5436 καὶ
1316 5382 1467 5454 παρά
1505 5387 1809 5456 προφήταις
1841 5383 2048 5454 ἑτέροις

469 5473 718 5542 κείμενον
738 5489 752 5502 ·
775 5475 869 5526 καί
889 5472 1104 5538 Παῦλος
1127 5475 1225 5544 μὲν
1243 5473 1386 5530 οὕτω
1406 5474 1520 5540 πώς
1543 5493 1698 5546 φησι,
1718 5477 1931 5541 δεικνὺς
1953 5479 2048 5530 καὶ

531 5667 565 5739 ξ
583 5665 650 5714 ιω
669 5666 930 5741 Βεβηϐδδ.
955 5669 1084 5741 Εᾳὶιί
1110 5672 1179 5741 τῷ
1198 5674 1384 5741 πρῶτον
1407 5674 1604 5741 εύζωΐαν
1621 5712 1632 5722 .
1660 5675 1811 5724 Savil.
1835 5689 1954 5724 vero
1977 5680 2045 5741 τῷ

468 5731 658 5782 πρῶτος
678 5730 892 5797 εύζςηίαν,
917 5736 1044 5783 male
1073 5747 1086 5775 ε
1128 5730 1207 5784 hic
1232 5730 1366 5784 locus
1403 5739 1473 5786 sic
1508 5746 1767 5799 corruplus
1794 5742 1916 5788 mire
1942 5730 2046 5790 ιοιί-

471 5797 602 5838 srral
623 5789 876 5839 Savullum.

2164 805 2403 871 δεικνὺς,
2432 807 2514 859 ὅτι
2551 807 2704 860 οὐδὲν
2745 808 2891 877 μέγα
2929 809 3291 880 καρποῦνται,
3327 810 3453 863 ὅταν
3489 809 3769 864 ἀδίδακτοι

2170 888 2406 957 μένωσιν
2442 891 2614 953 αὐτοὶ,
2637 889 3049 962 καθαπτόμενος
3080 892 3438 964 σφοδρότερον
3455 892 3564 946 τῶν
3582 892 3767 946 τοιού-

2163 989 2292 1034 των,
2315 971 2496 1041 λέγει’
2550 973 2604 1025 '0
2643 968 2759 1028 οὖν
2795 973 3102 1028 διδάσκων
3137 975 3656 1044 ἕτερονγσεαυτὸν
3688 978 3767 1031 οὐ

2163 1052 2505 1120 διδάσκεις;
2525 1057 2556 1108 ὁ
2578 1058 2908 1124 κηρύσσων
2921 1057 3008 1126 μὴ
3030 1054 3334 1121 κλέπτειν,
3367 1059 3652 1126 κλέπτεις
3671 1076 3692 1123 ;
3727 1060 3768 1113 ό

2156 1137 2662 1208 ,ϐδελυσσόμενος
2681 1139 2753 1193 τὰ
2770 1139 3010 1202 εἴδωλα,
3033 1141 3401 1208 ὶεροσυλεῖς;
3422 1143 3491 1209 ὃς
3507 1143 3580 1197 ὲν
3597 1145 3768 1213 νόμῳ

2161 1219 2487 1288 καυχᾶσαι,
2531 1222 2627 1275 διὰ
2670 1220 2781 1290 τῆς
2826 1223 3220 1290 παραϐάσεως
3263 1225 3370 1278 τοῦ
3416 1227 3606 1296 νόμου
3651 1226 3766 1281 τὸν⁹

2163 1305 2315 1356 Θεὸν
2353 1304 2684 1373 ἀτιμάζεις;
2718 1305 2818 1358 Διά
2854 1306 3014 1359 τοῦτο
3052 1307 3148 1360 καὶ
3189 1309 3317 1380 περὶ
3345 1309 3541 1362 ἑαυτοῦ
3562 1310 3717 1378 ἔλεγε
3739 1325 3760 1341 ⁶

2161 1387 2480 1456 Φοϐοῦμαι.
2508 1387 2593 1456 μή
2637 1406 2762 1455 πως
2791 1388 3005 1454 ἄλλοις
3025 1391 3313 1458 κηρύξας,
3335 1395 3516 1459 αὐτὸς
3553 1391 3763 1448 ἀδόκι-

2153 1486 2268 1536 μος
2305 1471 2558 1540 γένωμαι
2579 1488 2592 1502 ο
2639 1472 2918 1542 καθαιρῶν
2956 1472 3018 1526 τὸ
3053 1474 3284 1545 φύσημα
3320 1475 3430 1528 τῶν
3462 1477 3557 1528 ἐπὶ
3575 1478 3638 1548 τῇ
3659 1472 3762 1529 τοῦ

2159 1553 2318 1620 λόγου
2356 1553 2675 1626 διδασκαλίᾳ
2706 1557 2850 1626 μέγα
2871 1557 3232 1628 φρονούντων,
3257 1559 3436 1612 αὐτῶν
3453 1559 3510 1612 δὲ
3529 1559 3761 1630 ἐρήμων

2159 1637 2328 1692 όντων
2365 1639 2463 1708 τῆς
2481 1640 2703 1710 ἀρετῆς.
2730 1641 2840 1693 Καὶ
2858 1641 3062 1712 ἑτέρως
3080 1642 3138 1694 δὲ
3158 1641 3247 1694 τὸν
3268 1642 3424 1710 λόγον
3443 1645 3631 1697 τοῦτον
3653 1659 3764 1713 με·

2156 1720 2452 1792 ταχειρίζει
2474 1723 2610 1793 πρὸς
2643 1722 2925 1786 Ἰουδαίους
2958 1725 3395 1796 ἀποτεινόμενος,
3418 1728 3546 1780 ὅταν
3581 1726 3715 1800 λέγῃ
3737 1742 3756 1758 ⁶

2161 1811 2338 1863 Ὅταν
2356 1809 2467 1879 γὰρ
2487 1809 2632 1877 ἔθνη
2651 1811 2721 1863 τὰ
2738 1811 2823 1880 μὴ
2844 1812 3037 1880 νόμον
3053 1812 3295 1880 ἔχοντα,
3319 1815 3502 1883 φύσει
3537 1813 3609 1869 τὰ
3644 1813 3758 1868 τοῦ

2155 1898 2344 1967 νόμου
2369 1896 2533 1965 ποιῇ,
2553 1894 2721 1953 οὗτοι
2742 1900 2932 1968 νόμον
2963 1899 3052 1968 μὴ
3085 1901 3335 1968 ἔχοντες
3364 1901 3601 1967 ἑαυτοῖς
3633 1904 3758 1956 εισι

2153 1987 2356 2054 νόμος.
2381 1986 2492 2039 Καὶ
2527 1987 2688 2040 πάλιν
2708 2004 2722 2018 ο
2751 1990 2833 2041 Οὐ
2869 1974 2979 2056 γὰρ
3015 1991 3070 2042 οἱ
3101 1989 3388 2057 ἀκροαταί
3422 1990 3530 2045 τοῦ
3562 1993 3757 2059 νόμου

2156 2072 2375 2126 δίκαιοι
2413 2075 2573 2141 παρὰ
2605 2073 2684 2140 τῷ
2725 2073 2869 2140 Θεῷ,
2894 2075 3033 2129 ἀλλ’
3055 2079 3108 2130 οί
3148 2076 3392 2144 ποιηταὶ
3422 2077 3532 2137 τοῦ
3563 2077 3756 2147 νόμον

2155 2159 2668 2226 δικαιωθήσονται.
2702 2163 2813 2216 Καὶ
2847 2164 2876 2215 6
2911 2165 3224 2235 προφήτης
3260 2168 3326 2219 Ol
3365 2165 3756 2235 ἀντεχόμενοι

2155 2248 2264 2302 τοῦ
2302 2249 2512 2318 νόμου,
2535 2252 2647 2304 οὐκ
2683 2251 3026 2318 ἠπίσταντό
3051 2269 3141 2320 με.
3165 2253 3275 2306 Καὶ
3297 2253 3458 2307 πάλιν
3476 2271 3489 2284 ·
3514 2256 3622 2318 Είς
3637 2251 3755 2320 μά-

2155 2353 2268 2400 την
2302 2336 2687 2406 ἐγενήθησαν
2722 2337 2975 2406 σχοῖνος
3028 2339 3266 2408 ψευδὴς
3318 2340 3752 2410 γραμματεῦσι.

2155 2422 2310 2486 Τίνος
2348 2423 2535 2476 ἕνεκεν
2556 2440 2570 2487 ;
2594 2424 2716 2477 Ὅτι
2751 2426 2987 2495 τρυγὼν
3010 2427 3106 2481 καί
3128 2428 3405 2497 χελιδὼν,
3429 2429 3525 2482 καί
3564 2427 3754 2497 ἀγροῦ

2153 2499 2442 2576 στρουθία
2478 2511 2760 2580 ἔγνωσαν
2795 2513 3042 2582 καιροὺς
3078 2515 3334 2569 εἰσόδων
3370 2514 3592 2578 αὐτῶν,
3614 2519 3647 2570 ό
3681 2515 3754 2568 δὲ

2151 2597 2303 2662 λαός
2331 2615 2452 2664 μου
2473 2600 2585 2651 οὐκ
2603 2598 2758 2667 ἔγνω
2779 2601 2852 2654 τὰ
2871 2600 3128 2670 κρίματα
3139 2619 3281 2672 μου.
3306 2595 3478 2666 Οὗτος
3495 2603 3553 2656 δὲ
3571 2605 3632 2656 οὐ
3655 2602 3752 2674 p.6-

2153 2701 2241 2737 νον
2261 2685 2411 2738 οὐδὲν
2431 2686 2732 2756 κερδαίνειν
2749 2689 2914 2758 φησὶν
2933 2691 2997 2741 ἐκ
3016 2688 3111 2741 τοῦ
3131 2690 3404 2744 διδάσκειν
3419 2691 3640 2762 ἐτέρους
3657 2689 3752 2744 τὸν

2157 2775 2230 2845 μὴ
2273 2775 2528 2844 μετιόντα
2563 2777 2664 2846 τὴν
2699 2778 2922 2848 ἀρετὴν,
2943 2779 3194 2833 ἀλλὰκαὶ
3223 2781 3510 2835 ἐκϐάλλειν
3544 2781 3750 2852 ταύτης

2151 2862 2316 2914 αὑτὸν
2336 2864 2436 2932 τῆς
2454 2863 2768 2934 προεδρίας.
2809 2865 2872 2918 Et
2894 2865 3004 2934 γάρ
3024 2866 3244 2920 ἐπὶτῶν
3265 2867 3465 2932 ἔξωθεν
3485 2870 3750 2940 δικαστηο

2157 2949 2286 3018 ρίων
2305 2951 2333 3001 ὀ
2351 2949 2530 3020 πεπλη
2541 2952 2835 3022 μμεληκὼς
2850 2957 2916 3025 τῇ
2934 2955 3033 3023 τῆς
3051 2957 3205 3026 σιγῆς
3224 2957 3418 3029 ἀτιμίᾳ
3434 2957 3750 3021 κολάζεται,

2151 3035 2269 3099 πῶς
2300 3036 2365 3090 ἂν
2397 3039 2456 3090 ἐν
2490 3039 2655 3110 κοινῷ
2684 3040 3064 3112 διδασκαλείῳ,
3087 3045 3241 3114 φησὶ,
3265 3050 3451 3116 φωνὴν
3473 3045 3585 3116 ἔχοι
3604 3048 3634 3100 6
3653 3047 3750 3116 τῆς

2153 3127 2426 3198 ἁμαρτίας
2457 3128 2756 3192 ὑπεύθυνος
2773 3147 2787 3194 ;
2822 3133 3025 3196 Μεῖζον
3044 3133 3102 3186 δὲ
3120 3134 3278 3188 τοῦτο
3297 3135 3357 3189 τὸ
3375 3135 3749 3190 διδασκαλεῖον

2149 3214 2244 3266 τοῦ
2283 3215 2636 3286 δικαστηρίου
2655 3218 2888 3270 ἐκείνου.
2907 3220 3054 3272 Ἑκεῖ
3074 3221 3172 3290 μὲν
3191 3222 3302 3292 γάρ
3321 3225 3369 3276 οί
3395 3223 3750 3295 κολαζόμενοι

2149 3305 2354 3357 τίνουσι
2373 3305 2644 3377 τιμωρίας
2664 3326 2676 3338 ο
2696 3307 2930 3362 ἐνταῦθα
2947 3309 3007 3363 δὲ
3026 3309 3240 3364 ἅπαντα
3258 3312 3488 3380 γίνεται,
3505 3313 3646 3368 ὥστε
3672 3311 3746 3384 μὴ

2152 3393 2480 3463 κολασθῆναι
2502 3395 2627 3458 τοὺς
2648 3395 2826 3467 πεπλη
2835 3414 2872 3464 μ
2881 3395 3186 3466 μεληκότας
3204 3439 3219 3461 ,
3243 3399 3378 3453 ἀλλά
3398 3405 3466 3472 τῇ
3491 3402 3750 3474 μετανοίᾳ

2149 3484 2550 3554 διορθώσασθαι
2571 3487 2632 3539 τὸ
2654 3486 2761 3555 πλη
2769 3487 3066 3557 μμεληθέν.
3089 3490 3202 3542 Καὶ
3221 3490 3278 3544 ἐν
3297 3493 3419 3556 ταῖς
3441 3493 3748 3563 βασιλικαῖς

2149 3575 2205 3628 δὲ
2227 3577 2414 3639 αὐλαῖς
2435 3577 2611 3640 οὐδεὶς
2629 3576 2696 3630 ἂν
2716 3579 2925 3645 γένοιτο
2965 3579 3237 3650 ἑρμηνεὺς
3260 3581 3544 3654 βασιλικῆς
3562 3586 3749 3652 φωνῆς

2153 3667 2246 3719 ἐπὶ
2269 3668 2370 3737 βίῳ
2389 3667 2768 3748 διεφθαρμένῳ
2793 3669 2974 3733 ἁλούς.
2997 3670 3154 3736 Τίνος
3175 3673 3284 3746 γὰρ
3303 3673 3469 3729 ’ἑνεκα
3485 3675 3648 3745 διηγῇ
3668 3675 3750 3729 δι-

2153 3759 2465 3830 καιώματα,
2485 3760 2579 3814 καὶ
2609 3761 2880 3826 διδάσκεις
2901 3762 3120 3834 ἐτέρους
3141 3806 3158 3831 ,
3189 3765 3286 3819 κα)⁵
3309 3767 3417 3839 μὴν
3435 3767 3751 3822 τούναντίον

2153 3850 2350 3912 ποιεῖς,
2369 3848 2463 3901 τοῦ
2488 3848 2604 3918 βίου
2627 3865 2721 3901 σου
2742 3852 2855 3913 τοῖς
2873 3849 3188 3922 λεγομένοις
3223 3854 3746 3926 ἀντιφθεγγομένου,

2151 3938 2250 3996 καί
2284 3936 2460 3999 ἐνίους
2495 3935 2606 3988 τῶν
2646 3937 2988 4008 βουλομένων
3016 3940 3304 4012 προσέχειν
3340 3943 3747 4014 ἀποστρέφεις;

2153 4025 2226 4076 Ού
2250 4025 2357 4096 γὰρ
2377 4023 2518 4078 οὕτω
2539 4025 2809 4090 διδάσκεις
2827 4027 2915 4080 διὰ
2933 4027 3045 4080 τῶν
3065 4028 3260 4098 λόγων,
3281 4029 3358 4094 ὡς
3402 4032 3638 4100 ἀπάγεις
3656 4032 3748 4088 διὰ

2151 4112 2259 4165 τῶν
2281 4113 2644 4183 πραγμάτων.
2663 4113 2761 4167 Διά
2779 4113 2941 4168 τοῦτο
2961 4116 3056 4169 καὶ
3073 4119 3101 4170 6
3117 4118 3350 4189 Χριστὸς
3368 4119 3577 4174 ἐκεῖνον
3595 4122 3750 4176 ἐπαι-

2151 4204 2234 4254 νεῖ
2251 4202 2341 4254 τὸν
2361 4202 2698 4266 διδάσκαλον,
2720 4203 2814 4256 τὸν
2846 4204 2934 4258 διὰ
2959 4204 3078 4258 -τῶν
3100 4205 3276 4277 ἔργων
3296 4208 3390 4260 καὶ
3407 4208 3494 4260 διὰ
3513 4208 3623 4261 τῶν
3645 4213 3747 4282 ρη-

2156 4289 2342 4358 μάτων
2380 4289 2798 4362 ἀπηρτισμένην
2830 4292 3209 4347 ἐπιδεικνύντα
3244 4293 3344 4364 τὴν
3374 4295 3744 4354 διδασκαλίαν.

2149 4367 2258 4443 ’Ὃς
2290 4376 2398 4446 γὰρ
2431 4377 2508 4431 ἂν
2528 4379 2754 4447 ποιήσῃ
2777 4381 2875 4433 καὶ
2895 4381 3132 4451 διδάξῃ,
3155 4385 3340 4454 φησὶν,
3362 4381 3543 4453 οὗτος
3557 4389 3751 4456 μέγας

2153 4466 2521 4532 κληθήσεται
2555 4467 2627 4521 ἐν
2663 4466 2738 4536 τῇ
2774 4469 3067 4538 ,βασιλείᾳ
3092 4471 3214 4525 τῶν
3228 4473 3528 4542 οὐρανῶν.
3547 4475 3752 4546 Ἐχέτω

2152 4554 2334 4608 τοίνυν
2357 4573 2451 4608 σου
2471 4555 2730 4628 λαμπρὰν
2750 4557 2933 4628 φωνὴν
2953 4560 2981 4612 6
3002 4559 3137 4629 βίος,
3159 4561 3332 4615 ταῦτα
3351 4563 3710 4620 διδάσκουσαν
3727 4581 3746 4597 ⁶

2153 4643 2256 4697 κᾶν
2288 4643 2351 4696 τὸ
2389 4643 2565 4713 στόμα
2601 4645 2924 4716 ἀποφράξῃς
2947 4685 2962 4708 ,
3010 4646 3309 4717 σάλπιγγος
3367 4649 3749 4724 λαμπρότερον

2151 4734 2399 4803 ἠχήσεις,
2421 4733 2516 4785 καὶ
2535 4733 2613 4795 εἰς
2631 4735 2758 4796 τοὺς
2780 4733 3078 4803 παρόντας,
3101 4736 3195 4789 καὶ
3215 4737 3296 4800 είς
3315 4739 3440 4801 τοὺς
3460 4740 3748 4811 πόρρωθεν

2152 4821 2330 4884 ὄντας.
2356 4820 2544 4884 Οῦτως
2564 4822 2591 4873 6
2610 4821 2835 4892 οὐρανὸς
2853 4822 3121 4892 διηγεῖται
3140 4823 3298 4890 δόξαν
3322 4823 3472 4897 [254]
3501 4826 3660 4886 Θεοῦ.
3683 4828 3746 4882 οῦ

2155 4909 2328 4978 στόμα
2360 4908 2519 4978 ἔχων,
2541 4910 2602 4960 οὐ
2635 4908 2886 4976 γλῶσσαν
2909 4911 3098 4974 κινῶν,
3117 4912 3238 4964 οὐδὲ
3258 4913 3478 4984 πνεῦμα
3499 4916 3747 4972 κάτωθεν

2156 4997 2494 5066 προϊέμενος,
2517 4995 2654 5049 ἀλλά
2688 4995 2767 5066 τῷ
2803 4996 2990 5050 κάλλει
3024 4999 3124 5069 τῆς
3141 4998 3317 5068 ὄψεως
3336 5000 3428 5055 τὸν
3449 5001 3646 5074 θεατὴν
3666 5006 3748 5070 είς

2154 5082 2340 5154 θαῦμα
2377 5083 2470 5138 τοῦ
2511 5083 2847 5156 δημιουργοῦ
2869 5087 3465 5162 παραπέμπων.”οπερ
3483 5087 3576 5147 οῦν
3596 5093 3749 5146 ἐστιν

2153 5179 2268 5229 ἐκεῖ
2286 5178 2380 5230 ἐπὶ⁵
2398 5176 2491 5230 τοῦ
2513 5178 2572 5229 ού
2581 5178 2743 5247 ρανοῦ
2779 5179 2841 5232 τὸ
2881 5179 3077 5243 κάλλος
3097 5181 3195 5248 τῆς
3211 5179 3408 5250 ὄψεως,
3428 5183 3586 5238 τοῦτο
3606 5184 3749 5240 ἔστω

2151 5264 2243 5316 ἐπὶ
2279 5263 2377 5332 τῆς
2416 5263 2594 5335 ψυχῆς
2621 5265 2724 5336 τῆς
2744 5266 2845 5336 σῆς
2865 5267 2898 5337 ἡ
2919 5267 3219 5338 ἀρετή.“Αν
3237 5268 3292 5321 δέ
3311 5273 3748 5344 κατερῤυπωμέ-

2151 5368 2260 5418 νος,
2283 5353 2378 5405 καὶ
2419 5353 2642 5423 μυρίους
2663 5354 3000 5424 κατηγόρους
3021 5354 3180 5425 ἔχων,
3203 5357 3297 5410 καὶ
3319 5358 3426 5428 πρὸ
3445 5357 3664 5414 πάντων
3677 5362 3746 5414 ’τὺ

2153 5440 2410 5503 συνειδὸς,
2435 5441 2741 5515 σπουδάζῃς
2779 5443 3248 5512 ἐπιλαμϐάνεσθαι
3278 5443 3469 5517 θρόνου
3491 5447 3746 5504 διδασκα-

2151 5528 2327 5590 λικοῦ,
2343 5529 2562 5582 ἐπειδάν
2583 5531 2782 5594 κακίας
2801 5534 3246 5604 κατηγορῇς,οῦχ
3265 5535 3467 5605 ἐτέρων
3493 5539 3694 5606 μᾶλλον
3708 5539 3742 5609 ἢ

2154 5617 2352 5670 σαυτοῦ
2373 5619 2789 5690 κατηγορήσεις.
2816 5620 2919 5673 Καὶ
2942 5620 3384 5690 ἀνιινίαμϐἁνεις
3403 5624 3518 5692 τὴν
3535 5626 3745 5694 διαθή-

2151 5725 2269 5774 κην
2293 5726 2412 5777 μου
2448 5709 2545 5762 διὰ
2579 5710 2876 5776 στόματός
2907 5725 3058 5774 (Iov;
3079 5712 3274 5774 Καλῶς
3293 5711 3412 5768 εἷπε
3434 5732 3449 5746 ·
3474 5717 3576 5770 Διά
3597 5720 3741 5772 στό-

2151 5813 2353 5866 μιιτρςς.
2373 5797 2436 5850 'll
2477 5797 2582 5865 γὰρ
2623 5798 2818 5868 καρδία
2841 5798 3045 5870 ἔρημός
3068 5803 3181 5854 ἐστι
3205 5801 3312 5854 τῶν
3333 5803 3584 5859 ἐντεῦθεν
3605 5823 3742 5875 καρ-
