4058 6458
271 389 379 443 2&9

271 512 458 560 invoca
482 517 563 556 me
590 503 641 553 in
668 498 750 551 die
765 489 1106 549 tribulationis
1129 496 1245 550 tum,
1276 493 1322 538 et
1341 497 1514 536 eruam
1534 488 1600 544 te,
1625 485 1668 530 et
1686 471 1892 529 honori-

272 597 454 668 ﬁcabis
476 609 576 646 me.
606 589 770 643 Vides
796 583 1070 655 copiosam
1091 579 1208 635 dari
1238 573 1542 631 mercedem
1555 565 1894 668 ?_Quidergo

272 660 458 763 potest
483 683 720 742 conferri
742 694 864 736 cum
895 678 997 731 hac
1026 671 1357 763 benignitate
1379 709 1394 734 ,
1424 663 1640 763 quando
1667 660 1760 762 dat
1794 671 1894 763 nos

273 758 361 840 bis
392 776 700 836 mercedem
725 770 942 828 virtutis
967 810 980 832 ,
1011 775 1068 821 et
1103 760 1411 819 mercedem
1440 758 1600 825 longe
1629 758 1893 818 majorem

273 874 594 936 laboribus,
635 880 807 936 eaque
852 863 1013 918 datur
1056 859 1112 912 in
1156 865 1405 923 tempore
1450 845 1756 936 admodum;
1793 856 1893 910 op-

274 933 678 1037 portuno‘t'Et
719 933 854 1018 cur,
906 950 1111 1020 inquit,
1159 939 1590 1037 dixit__:_lnvoca
1639 933 1759 1037 me?
1800 945 1898 1037 cur

277 1021 566 1122 chpectat
603 1059 663 1104 ut
701 1062 729 1100 a
756 1044 916 1099 nobis
945 1036 1268 1095 invocetur?
1297 1032 1498 1087 Volens
1528 1027 1588 1122 in
1614 1024 1771 1080 nobis
1811 1021 1896 1122 ef-

278 1114 446 1203 ficere
465 1141 724 1211 majorem
752 1133 1186 1196 familiaritatem,
1207 1137 1262 1183 et
1284 1119 1745 1181 vehementiorem
1763 1114 1898 1211 ami-

279 1239 486 1298 citiam,
516 1205 715 1295 dando,
744 1224 1066 1284 invocando,
1097 1229 1153 1276 et
1179 1213 1512 1287 accipiendo.
1539 1210 1724 1264 Virtus
1752 1205 1896 1261 enim

282 1331 397 1384 Deo
445 1325 766 1380 familiarem
814 1314 1266 1383 efficit;idipsum
1313 1308 1438 1363 facit
1484 1299 1894 1359 remuneratio:

281 1433 472 1476 rursus
497 1425 677 1469 autem
703 1421 826 1466 vota
853 1424 916 1463 ac
946 1418 1134 1476 preces
1165 1403 1302 1456 hanc
1333 1395 1756 1454 familiaritatem
1771 1409 1903 1448 con-

281 1502 494 1558 ciliant.
518 1503 588 1556 Et
611 1502 736 1557 ideo
758 1499 891 1554 dicit
914 1515 927 1551 :
953 1497 1030 1550 Da
1048 1495 1205 1554 mihi,
1229 1499 1285 1547 et
1309 1492 1380 1544 do
1403 1489 1502 1544 tibi
1554 1481 1772 1555 (Matth.
1807 1478 1895 1533 19.

287 1596 399 1666 15).
438 1592 740 1662 Qn'netiam
774 1589 828 1642 in
871 1585 1050 1640 dando
1090 1597 1191 1637 una
1222 1579 1420 1648 accipis
1447 1596 1460 1631 ε
1487 1577 1602 1645 ipse
1640 1572 1782 1627 enim
1815 1569 1900 1624 his

286 1703 392 1743 non
424 1685 648 1754 indiget.
675 1678 1036 1747 Quamobrem
1057 1674 1158 1730 etsi
1189 1671 1355 1727 fueris
1383 1666 1716 1731 moderatus,
1746 1677 1900 1717 man-

286 1781 471 1842 suetus
495 1816 511 1842 ,
536 1783 593 1830 et
617 1772 845 1844 pudicus
862 1811 877 1835 ,
905 1770 1014 1824 Deo
1041 1782 1108 1824 ex
1137 1765 1242 1820 hoc
1271 1777 1377 1819 non
1405 1759 1606 1830 aliquid
1630 1756 1896 1820 accessit,

288 1869 380 1923 sed
425 1867 658 1937 teipsnm
703 1859 932 1918 effecisti
975 1858 1258 1914 meliorem
1298 1872 1314 1909 :
1349 1851 1418 1908 et'
1447 1860 1627 1906 tamen
1676 1863 1773 1919 pro
1814 1845 1900 1901 his

287 1971 558 2030 tamquam
584 1972 704 2027 qum
724 1955 898 2025 ipsum
921 1953 1192 2022 juvarent,
1222 1947 1484 2002 maximas
1506 1942 1598 1997 tibi
1623 1940 1902 1997 mercedes

287 2063 341 2109 et
381 2064 612 2106 coronas
651 2045 946 2102 constituit.
981 2041 1288 2110 Quinetiam
1328 2045 1457 2092 ante
1502 2035 1621 2090 illas
1666 2047 1899 2088 coronas

289 2158 392 2198 non
423 2154 587 2209 parva
611 2137 885 2206 voluptate
912 2132 1128 2197 frueris,
1160 2138 1221 2186 ut
1245 2129 1334 2200 qui
1366 2128 1563 2183 bonam
1590 2135 1765 2181 tecum
1791 2124 1902 2179 cir-

288 2232 555 2289 cumferas
583 2227 971 2284 conscientiam
990 2267 1005 2289 ,
1032 2232 1088 2278 et
1113 2223 1254 2276 bona
1283 2234 1379 2290 spe
1406 2219 1458 2273 in
1481 2225 1758 2296 posterum
1785 2214 1900 2269 eri-

289 2325 450 2394 garis.
487 2322 640 2376 Diem
667 2327 847 2373 autem
871 2315 1182 2371 afflictionis
1207 2313 1295 2368 hic
1318 2311 1468 2377 dicit,
1493 2325 1602 2364 non
1623 2307 1903 2364 calamita-

291 2431 418 2480 tum,
447 2430 552 2470 nec
577 2413 919 2469 fortuitorum
940 2423 1185 2472 casuum,
1210 2405 1306 2462 sed
1329 2405 1453 2476 quia
1478 2403 1591 2459 sive
1617 2410 1896 2472 peccatum

292 2509 426 2563 bello
455 2508 718 2575 impetat,
741 2504 855 2558 sive
879 2501 1125 2557 diabolus
1149 2498 1392 2554 obsideat
1433 2495 1603 2551 malas
1637 2493 1900 2548 invehens

288 2599 630 2669 cupiditates,
650 2609 902 2663 magnum
925 2591 1179 2647 auxilium
1197 2587 1521 2658 assequeris.
1545 2585 1615 2639 Et
1632 2600 1808 2638 eruam
1827 2593 1895 2646 te,

289 2703 332 2746 ct
375 2687 740 2757 honori/icabis
766 2703 865 2740 me.
894 2684 1007 2739 Hoc
1035 2698 1225 2738 rursus
1253 2681 1417 2744 dicit,
1449 2695 1557 2733 non
1589 2693 1754 2747 egens
1795 2691 1898 2730 no-

289 2794 394 2837 stra
419 2781 594 2852 gloria
621 2776 919 2850 (quomodo
949 2775 1092 2830 enim
1123 2783 1341 2843 egeret,
1371 2773 1460 2842 qui
1491 2781 1574 2825 est
1601 2770 1741 2823 Deus
1786 2767 1901 2838 glo-

298 2876 420 2930 rite‘l
445 2875 490 2946 ),
518 2873 615 2928 sed
658 2881 716 2926 ut
757 2885 853 2940 per
898 2869 1156 2942 hymnum
1196 2867 1487 2936 gratiarum
1538 2862 1765 2918 actionis
1806 2861 1902 2914 fiat

290 2968 548 3022 memoria
593 2963 885 3030 beneficii,
919 2971 974 3018 et
1017 2961 1088 3017 sit
1137 2959 1510 3016 vehementior
1553 2958 1607 3011 in
1645 2971 1780 3012 -eum
1820 2955 1900 3009 af-

288 3057 446 3116 fectio
473 3100 489 3125 ,
517 3068 574 3114 et
606 3068 664 3111 ut
688 3057 864 3126 primo
889 3054 1196 3109 felicitatem
1226 3051 1514 3105 maximam
1544 3048 1894 3117 accipiamus.

357 3152 408 3208 6.
435 3149 735 3221 Aﬁlictionis
759 3146 1022 3217 praesentis
1048 3153 1094 3198 et
1116 3146 1305 3215 futura:
1336 3142 1671 3211 comparatio.
1693 3169 1764 3179 —-
1789 3137 1897 3191 Ne-

289 3259 390 3311 que
409 3259 440 3297 a
467 3242 670 3296 decoro
694 3236 1052 3302 aberraveris,
1082 3236 1125 3290 si
1155 3234 1358 3290 dixeris
1390 3249 1513 3289 eum
1538 3231 1684 3302 loqui
1716 3230 1784 3284 de
1809 3229 1898 3284 die

290 3332 618 3396 afﬂictionis,
647 3338 702 3386 et
729 3329 798 3384 de
818 3327 908 3383 die
935 3327 1114 3382 futuro
1143 3343 1156 3379 :
1189 3326 1276 3380 illa
1303 3325 1446 3380 enim
1464 3337 1755 3392 numquam
1775 3336 1897 3376 ces-

288 3437 370 3482 sat
395 3424 638 3480 afﬂictio.
673 3421 771 3476 Hic
798 3420 943 3475 enim
972 3427 1028 3474 et
1058 3432 1204 3473 mors
1243 3417 1536 3471 adveniens
1562 3413 1723 3468 solvit
1749 3413 1896 3468 cala-

288 3521 523 3576 mitates.
546 3514 704 3570 amici
733 3513 1095 3572 consolantes.
1133 3518 1187 3565 et
1218 3509 1340 3565 finis
1383 3509 1473 3578 qui
1513 3515 1894 3576 exspectatur,

289 3625 432 3680 saepe
451 3608 616 3663 etiam
640 3620 819 3661 rerum
841 3619 961 3673 quae
991 3612 1240 3674 speratur
1270 3602 1516 3661 m’utatio,
1546 3600 1900 3654 diuturnitas-

287 3717 389 3773 que
434 3697 967 3770 temporismollivit
1005 3709 1070 3749 ac
1119 3694 1384 3764 mitigavit
1430 3693 1895 3764 perturbationem

287 3794 473 3859 animi,
503 3793 744 3860 itemque
768 3804 859 3844 res
898 3789 1139 3842 adversa:
1179 3785 1626 3856 propinquorum.
1678 3784 1890 3839 Habere

290 3887 429 3942 enim
460 3895 827 3939 aerumnarum
854 3878 1033 3934 socios
1052 3921 1067 3942 ,
1118 3886 1173 3932 et
1203 3876 1388 3931 videre
1416 3876 1582 3931 multa
1628 3875 1895 3946 ejusmodi

287 3976 553 4046 exempla,
587 3975 763 4027 visum
789 3980 873 4026 est
899 3971 1081 4025 multis
1106 3983 1227 4025 esse
1256 3967 1382 4039 quid
1407 3969 1586 4039 magni
1608 3969 1674 4022 ad
1703 3983 1898 4023 conso-

288 4073 564 4127 lationem.
597 4066 710 4122 lllic
733 4077 910 4121 autem
939 4064 1072 4120 nihil
1103 4073 1186 4120 est
1209 4064 1475 4134 ejusmodi
1502 4081 1515 4116 :
1550 4080 1724 4135 neque
1750 4065 1895 4120 enim

287 4164 440 4218 adest
463 4160 661 4231 aliquis
689 4159 778 4229 qui
810 4158 1143 4224 consoletur,
1170 4148 1264 4212 sed
1296 4157 1484 4211 amicis
1512 4156 1752 4211 deStituti
1780 4171 1898 4211 om-

287 4273 381 4314 nes
423 4264 572 4312 sunt.
618 4253 737 4310 Non
791 4252 1069 4323 longitudo
1115 4252 1375 4322 temporis
1435 4250 1609 4306 mollit
1651 4250 1894 4307 dolorem

287 4347 602 4422 (quomodo
639 4346 814 4410 enim,
871 4359 994 4399 cum
1041 4344 1256 4398 flamma
1299 4352 1561 4413 perpetuo
1607 4343 1728 4400 illos
1776 4359 1898 4415 pre-

288 4441 509 4512 rnati),
537 4455 648 4495 non
693 4453 820 4509 spes
862 4436 1201 4494 liberationis
1244 4453 1257 4488 :
1302 4445 1387 4491 est
1439 4438 1582 4492 enim
1631 4447 1894 4493 aeternum

285 4534 649 4605 supplicium;
679 4531 1003 4587 nonmortis
1027 4531 1362 4594 exspectatio
1403 4546 1416 4582 :
1451 4539 1535 4585 est
1563 4532 1705 4586 enim
1737 4547 1896 4603 poena

286 4638 509 4693 :eterna,
535 4633 594 4681 et
617 4633 745 4679 sunt
772 4623 935 4679 etiam
953 4637 1075 4693 quae
1093 4622 1387 4691 puniuntur
1408 4637 1635 4692 corpora
1665 4624 1892 4680 immor-

287 4720 448 4782 talia;
476 4726 533 4772 et
558 4732 627 4772 ne
656 4715 761 4770 hoc
801 4715 1019 4785 quidem
1047 4712 1192 4784 quod
1221 4712 1436 4770 videtur
1465 4716 1653 4770 multis
1698 4716 1896 4772 afferre

285 4810 561 4874 solatium,
591 4807 734 4879 quod
755 4806 973 4862 videant
1001 4807 1206 4862 scilicet
1233 4806 1368 4861 alios
1392 4807 1597 4877 puniri.
1647 4808 1889 4862 Primum

282 4903 428 4958 enim
458 4916 568 4956 non
589 4898 994 4969 possuntvideri
1018 4898 1109 4970 qui
1133 4899 1454 4966 puniuntur,
1481 4915 1603 4955 cum
1632 4901 1892 4971 tenebrae,

284 5007 402 5064 qua:
442 4997 573 5046 sunt
602 4990 769 5044 instar
795 4989 1081 5061 sepimenti
1112 5030 1128 5056 ,
1177 4990 1350 5045 oculis
1391 4991 1671 5062 caliginem
1715 4991 1895 5048 offun-

284 5087 413 5141 dant
444 5101 458 5137 :
489 5083 689 5140 deinde
723 5081 1034 5151 magnitudo
1058 5081 1262 5138 doloris
1288 5099 1357 5139 ne
1384 5084 1512 5138 sinit
1553 5084 1896 5155 quidemad-

285 5181 499 5234 mittere
525 5184 744 5233 sensum
776 5174 934 5246 hujus
957 5175 1368 5231 consolationis.
1415 5177 1574 5232 Dives
1603 5193 1732 5249 ergo
1761 5179 1893 5234 nihil

285 5287 346 5325 ex
375 5284 440 5326 ea
471 5284 533 5324 re
561 5268 832 5337 acceperit
863 5266 1065 5330 solatii,
1113 5281 1216 5322 nec
1245 5267 1278 5320 ii
1307 5267 1401 5336 qui
1433 5266 1664 5323 strident
1712 5269 1892 5324 denti-

285 5362 402 5417 bus.
437 5360 530 5417 16.
567 5359 834 5414 Peccatori
857 5369 1026 5413 autem
1048 5358 1178 5413 dixit
1210 5357 1348 5413 Deus
1372 5373 1392 5412 :
1425 5359 1596 5426 Quare
1616 5370 1671 5414 tu
1686 5377 1896 5417 enarras

286 5455 508 5527 justitias
557 5452 743 5507 meas?
786 5451 988 5507 Vidisti
1029 5451 1202 5524 lyram
1252 5449 1578 5521 perfectam,
1630 5453 1893 5508 citharam

284 5545 424 5603 bene
448 5546 832 5617 compositam,
861 5544 1093 5599 diversis
1121 5544 1269 5598 sonis
1291 5559 1458 5599 unum
1479 5544 1642 5600 edere
1662 5561 1895 5601 concen-

288 5638 438 5693 tum?
469 5637 571 5693 llic
607 5644 692 5693 est
736 5636 879 5691 enim
921 5649 1116 5691 sensus
1154 5643 1210 5690 et
1254 5633 1308 5690 id
1338 5635 1481 5704 apud
1526 5637 1799 5706 apostolos
1841 5647 1894 5692 et

290 5731 425 5797 apud
446 5731 585 5787 alios
609 5729 900 5802 prophetas
926 5729 1186 5799 scriptum
1212 5728 1362 5784 cerni
1391 5738 1587 5799 potest,
1612 5739 1667 5784 ct
1698 5730 1892 5787 Paulus

289 5824 446 5880 etiam
496 5829 568 5880 ita
617 5822 786 5888 dicit,
823 5821 938 5894 ipse
968 5835 1180 5892 quoque
1221 5821 1513 5878 ostendens
1546 5822 1677 5878 nihil
1723 5833 1887 5893 prou-

1390 355 1757 419 EXPOSITIO
1800 350 1866 408 ΙΝ
1907 344 2232 406 ΡΒΜιΜυΜ
2274 348 2461 439 XLlX.

3517 343 3626 401 κιο

2005 482 2128 522 esse
2179 468 2315 523 alios
2349 466 2570 532 docere,
2607 467 2707 522 nisi
2757 466 2879 537 quis
2919 466 3161 535 seipsnm
3209 464 3357 532 prius
3409 462 3624 518 doceat.

2005 560 2269 628 Quoniam
2289 560 2434 614 enim
2465 559 2567 614 sibi
2595 557 2754 614 valde
2786 556 3094 627 placebant,
3127 557 3272 611 sicut
3301 564 3526 623 propter
3540 568 3624 609 sa-

2004 655 2230 718 crificia,
2265 653 2338 707 ita
2362 653 2525 708 etiam
2559 661 2845 721 propterea
2874 651 3018 721 quod
3049 651 3222 719 legem
3255 651 3544 712 haberent,
3575 654 3632 700 et

2005 744 2317 800 dicerentur
2355 745 2586 798 aliorum
2617 742 2909 804 doctores;
2946 737 3240 796 05tendens
3289 753 3386 793 eos
3425 754 3492 792 ex
3539 737 3628 792 illa

2007 852 2066 893 re
2097 852 2204 891 non
2233 851 2486 906 magnum
2517 836 2750 893 fructum
2776 849 2996 905 capere,
3028 832 3246 904 quando
3293 832 3395 901 ipsi
3438 846 3632 885 mane-

2005 942 2127 987 rent
2155 931 2375 997 indocti,
2405 930 2586 985 acrius
2634 944 2731 985 eos
2775 929 3050 984 insectans
3075 968 3089 990 ,
3123 926 3257 982 dicit
3298 945 3310 980 :
3352 926 3456 994 Qui
3511 941 3634 998 ergo

2006 1026 2170 1078 alium
2198 1029 2372 1089 doces,
2404 1025 2620 1093 teipsum
2648 1039 2752 1077 non
2783 1021 2980 1076 doces?
3010 1022 3098 1091 qui
3126 1020 3379 1090 prcedicas
3408 1037 3509 1073 non
3544 1025 3634 1090 {u-

2005 1117 2261 1181 randum,
2315 1115 2549 1187 furoris?
2576 1115 2661 1180 qui
2707 1112 3021 1167 abominaris
3067 1111 3250 1178 idola,
3305 1111 3642 1181 sacrilegium-

2008 1207 2237 1261 admittis
2259 1206 2285 1259 ?
2327 1207 2414 1276 qui
2432 1193 2504 1260 'de
2528 1206 2637 1276 lege
2665 1205 2909 1276 gloriaris
2929 1243 2944 1269 ,
2974 1220 3063 1273 per
3093 1202 3220 1274 legis
3267 1202 3634 1268 transgressio-

2008 1316 2123 1355 nem
2151 1298 2320 1353 Deum
2351 1299 2654 1353 dehonestas
2709 1298 2895 1371 (Rom.
2926 1299 2981 1351 ‘2.
3012 1297 3077 1352 21
3110 1328 3154 1339 -
3176 1297 3249 1352 25
3281 1295 3340 1366 )?
3389 1296 3456 1350 Et
3507 1295 3639 1350 ideo

2006 1389 2075 1446 de
2103 1391 2283 1461 seipso
2309 1391 2446 1446 dixit
2470 1392 2599 1446 alibi
2631 1407 2645 1445 :
2687 1382 2874 1445 Vereor
2897 1409 2960 1446 ne
2983 1408 3096 1445 cum
3115 1391 3230 1444 aliis
3257 1389 3630 1460 prwdicavcro,

2005 1483 2116 1553 ipse
2137 1483 2384 1552 reprobus
2404 1483 2592 1553 eﬂiciar
2621 1482 2638 1552 (
2669 1483 2718 1536 l.
2742 1479 2861 1537 Cor.
2892 1480 2946 1536 9.
2969 1482 3065 1552 27)
3094 1500 3106 1533 :
3137 1495 3326 1536 eorum
3363 1493 3630 1535 tumorem

2007 1574 2345 1644 deprimens,
2377 1575 2579 1646 quibus
2610 1574 2863 1630 doctrina
2915 1574 3065 1628 verbi
3118 1588 3346 1644 magnos
3397 1572 3634 1628 faciebat

2008 1654 2410 1736 spiritus,‘cum
2433 1675 2615 1722 essent
2646 1667 2749 1737 ipsi
2773 1667 2973 1721 virtute
2993 1666 3264 1721 destituti.
3290 1665 3466 1720 Aliter
3491 1680 3632 1734 quo-

2010 1774 2115 1829 que
2147 1760 2250 1813 hoc
2281 1757 2422 1829 quod
2451 1773 2596 1814 nunc
2626 1751 2759 1814 dicit
2793 1765 3008 1824 tractat,
3060 1757 3128 1812 ad
3160 1757 3380 1814 Judaeos
3405 1772 3465 1812 se
3495 1771 3634 1812 con-

2011 1859 2249 1917 vertens,
2281 1850 2500 1922 quando
2527 1850 2660 1906 dicit
2685 1867 2698 1904 :
2737 1851 2960 1920 Quando
2989 1853 3124 1906 enim
3150 1860 3323 1922 gentes
3346 1892 3362 1918 ,
3411 1866 3526 1921 qua'
3556 1849 3633 1905 ie-

2008 1961 2121 2014 gem
2152 1960 2254 1998 non
2275 1943 2482 2011 habent,
2510 1959 2626 2015 qua:
2647 1925 2778 2016 leéis
2803 1952 2942 2012 sunt,
2996 1954 3181 1998 natura
3205 1944 3405 2014 faciunt
3436 1957 3456 1996 :
3482 1944 3534 1996 hi
3557 1943 3636 1997 Ie-

2008 2051 2121 2106 gem
2148 2051 2252 2088 non
2278 2034 2520 2089 habentes
2539 2035 2765 2105 sibiipsis
2793 2046 2912 2090 sunt
2941 2036 3023 2090 (ex
3055 2036 3072 2104 (
3105 2035 3253 2089 Rom.
3309 2035 3365 2088 2.
3402 2035 3516 2098 14).
3567 2035 3640 2090 Et

2008 2139 2198 2180 rursus
2235 2141 2251 2179 :
2285 2123 2409 2179 Non
2449 2127 2586 2181 enim
2614 2127 2876 2182 auditores
2917 2129 3044 2198 legis
3069 2128 3203 2196 justi
3238 2128 3382 2198 apud
3427 2126 3592 2181 Deum
3617 2167 3633 2189 ,

2007 2217 2099 2271 sed
2119 2220 2337 2289 factores
2363 2218 2489 2288 legis
2521 2218 2948 2287 justiﬁeabuntur
2994 2216 3146 2291 (Ibid
3194 2234 3242 2272 υ.
3266 2217 3378 2286 15’).
3415 2217 3481 2272 Et
3509 2232 3640 2287 pro-

2009 2309 2213 2378 pheta:
2245 2305 2353 2375 Qui
2376 2308 2608 2364 tenebant
2627 2309 2810 2386 iegem,
2845 2311 3133 2366 nesciebant
3160 2327 3241 2364 me
3287 2309 3421 2382 (Jer.
3465 2309 3520 2364 2.
3551 2311 3636 2379 8).

2013 2403 2079 2457 Et
2100 2418 2286 2457 rursus
2313 2418 2328 2455 :
2365 2401 2588 2457 Frustra
2609 2405 2735 2474 facti
2755 2413 2871 2458 sunt
2891 2405 3075 2466 iuncus
3098 2404 3266 2476 falsus
3289 2403 3468 2458 scribis
3497 2405 3515 2471 (
3538 2401 3628 2457 Id.

2009 2496 2063 2551 8.
2093 2494 2170 2566 8).
2224 2495 2338 2563 Qua
2367 2494 2438 2550 de
2468 2497 2565 2551 re?
2590 2496 2849 2564 Quoniam
2877 2507 3045 2550 turtur
3081 2505 3128 2550 et
3156 2495 3381 2550 hirundo
3431 2504 3478 2549 et
3521 2495 3636 2566 agri

2009 2605 2239 2657 passeres
2287 2597 2632 2660 cognoverunt
2671 2597 2903 2656 tempora
2937 2590 3198 2660 ingressas
3237 2591 3318 2658 sui
3343 2631 3358 2657 ,
3414 2590 3639 2660 papulas

2007 2689 2178 2736 autem
2223 2698 2368 2735 meus
2392 2698 2500 2735 non
2521 2682 2757 2753 cognovit
2777 2680 2986 2752 judicia
3009 2699 3121 2735 mea
3145 2682 3163 2746 (
3181 2680 3208 2734 Ι
3217 2681 3320 2736 bid.
3347 2697 3394 2735 υ.
3421 2679 3500 2750 7).
3537 2679 3642 2736 llic

2008 2785 2192 2831 autem
2217 2774 2370 2838 dicit,
2405 2791 2513 2829 non
2543 2775 2720 2829 solum
2752 2775 2888 2829 nihil
2917 2775 3117 2829 lucrari
3152 2790 3222 2830 ex
3257 2790 3324 2830 eo
3355 2774 3499 2844 quod
3525 2773 3634 2826 do—

2007 2875 2130 2935 ceat
2150 2866 2285 2919 alios
2301 2880 2424 2920 eum
2446 2865 2536 2935 qui
2567 2866 2828 2920 virtutem
2856 2879 2962 2919 non
2991 2874 3233 2929 exercet,
3259 2865 3356 2920 sed
3390 2865 3631 2934 seipsum

2007 2957 2168 3012 etiam
2192 2959 2368 3026 primo
2406 2955 2576 3027 gradu
2597 2956 2874 3026 dignitatis
2897 2955 3158 3026 dejicere.
3185 2956 3238 3012 Si
3268 2958 3412 3011 enim
3446 2957 3502 3011 in
3534 2971 3637 3012 ex-

2010 3051 2178 3106 ternis
2200 3050 2420 3120 judiciis
2448 3051 2541 3120 qui
2566 3050 2816 3120 deliquit,
2851 3050 2896 3105 is
2942 3050 3127 3105 indicti
3176 3050 3381 3105 silentii
3414 3049 3632 3104 infamia

2002 3143 2265 3212 punitur:
2299 3143 2350 3197 in
2382 3142 2600 3213 publico
2629 3141 2892 3198 doctrina:
2929 3142 3059 3198 ludo
3089 3142 3361 3212 quomodo
3405 3142 3452 3196 ei
3482 3143 3632 3213 loqui

2007 3235 2386 3305 permittetur,
2430 3235 2521 3304 qui
2566 3244 2649 3288 est
2690 3245 2913 3304 peccato
2941 3234 3249 3289 obnoxius?
3304 3233 3474 3303 Major
3516 3248 3625 3287 au-

2006 3336 2114 3382 tem
2145 3334 2230 3381 est
2255 3324 2344 3380 hic
2366 3325 2628 3381 doctrina:
2668 3325 2824 3381 ludus
2857 3325 2952 3381 illo
2972 3325 3201 3396 judicio.
3227 3325 3342 3381 Illic
3371 3326 3517 3382 enim
3541 3328 3633 3398 qui

2005 3419 2303 3491 puniuntur
2324 3435 2514 3490 poenas
2543 3420 2699 3474 luunt
2729 3438 2742 3474 :
2777 3420 2865 3474 hic
2883 3429 3065 3476 autem
3087 3435 3155 3476 eo
3175 3421 3401 3477 tendunt
3423 3421 3630 3493 omnia,

2006 3521 2066 3568 ut
2097 3525 2202 3566 non
2231 3513 2526 3581 puniantur
2547 3513 2638 3582 qui
2671 3521 3070 3582 peccaverunt,
3122 3513 3218 3569 sed
3261 3523 3318 3568 ut
3348 3521 3631 3584 peccatum

2007 3604 2321 3675 ptenitentia
2352 3607 2644 3676 corrigunt.
2671 3605 2816 3660 Sane
2844 3605 2901 3660 in
2927 3605 3063 3662 aulis
3093 3607 3256 3676 regiis
3277 3622 3439 3662 nemo
3471 3605 3632 3664 fuerit

2007 3700 2171 3771 regiae
2191 3700 2342 3754 vocis
2371 3701 2660 3771 interpres,
2691 3701 2734 3756 si
2763 3700 2928 3757 fuerit
2955 3715 3137 3772 prava:
3167 3710 3220 3756 et
3250 3711 3520 3771 corruptae
3549 3701 3630 3758 vi-

2007 3802 2075 3848 tae
2100 3794 2404 3848 convictus.
2433 3793 2612 3862 Quare
2654 3809 2784 3865 ergo
2812 3810 3034 3850 enarras
3057 3795 3297 3865 justitias
3342 3810 3492 3851 meas
3513 3837 3528 3861 ,
3575 3803 3632 3852 et

2003 3887 2139 3942 alios
2169 3887 2354 3952 doces,
2381 3898 2437 3942 et
2468 3895 2648 3943 tamen
2674 3889 3006 3943 contrarium
3035 3889 3191 3954 facis,
3216 3890 3323 3944 vita
3347 3888 3627 3945 contradi-

2004 3988 2161 4034 cente
2180 3978 2246 4033 iis
2269 3994 2392 4050 quae
2417 3993 2446 4033 a
2469 3979 2811 4048 tedicuntur,
2836 3983 3109 4037 etavertis
3131 3981 3419 4036 nonnullos
3436 3997 3628 4038 eorum

2004 4073 2096 4144 qui
2123 4073 2790 4129 voluntattendereiNon
2820 4075 2964 4130 enim
2995 4076 3066 4130 ita
3095 4074 3260 4131 doces
3290 4075 3494 4140 verbis,
3518 4074 3628 4130 sic-

2004 4176 2063 4221 ut
2103 4169 2265 4223 rebus
2305 4177 2361 4223 et
2402 4167 2557 4223 factis
2600 4167 2842 4225 abducis.
2895 4168 3160 4237 Quocirca
3190 4169 3444 4224 Christus
3474 4169 3624 4224 illum

2006 4259 2186 4314 laudat
2215 4259 2516 4325 doctorem,
2557 4260 2647 4331 qui
2689 4261 2870 4316 verbis
2917 4271 2972 4315 et
2999 4259 3156 4317 factis
3188 4261 3482 4331 perfectam
3526 4261 3628 4317 do-

2002 4353 2232 4407 ctrinam
2271 4351 2589 4408 ostenderit.
2617 4353 2720 4418 Qui
2747 4353 2891 4409 enim
2921 4355 3114 4424 fecerit,
3147 4353 3336 4425 inquit,
3365 4363 3411 4409 et
3436 4353 3627 4409 docue-

2003 4443 2092 4509 rit,
2127 4444 2209 4496 hic
2246 4460 2464 4515 magnus
2510 4445 2772 4499 vocabitur
2809 4446 2862 4498 in
2905 4461 3062 4516 regno
3106 4446 3347 4500 calorum
3401 4445 3623 4517 (Matth.

2004 4535 2060 4589 5.
2094 4536 2211 4606 l9).
2248 4535 2453 4592 Habeat
2483 4551 2614 4607 ergo
2638 4537 2743 4590 vita
2789 4545 2876 4593 tua
2920 4538 3123 4592 claram
3162 4553 3382 4601 vocem,
3437 4537 3627 4593 eadem

2005 4644 2125 4697 qua:
2147 4629 2283 4684 dicis
2304 4629 2588 4685 docentem
2613 4646 2626 4683 :
2653 4639 2708 4686 et
2738 4631 2866 4687 licet
2887 4646 2951 4686 os
2973 4641 3123 4687 tuum
3151 4631 3509 4698 obstruxeris,
3538 4633 3626 4689 vel

2005 4719 2130 4774 tuba
2158 4719 2354 4776 clarius
2376 4723 2715 4792 personabis,
2758 4740 2866 4780 non
2895 4725 3071 4780 solum
3102 4725 3243 4796 apud
3278 4735 3579 4797 praesentes
3607 4770 3625 4795 ,

2003 4812 2098 4869 sed
2130 4815 2292 4869 etiam
2324 4815 2465 4884 apud
2496 4831 2591 4872 eos
2635 4817 2724 4887 qui
2769 4819 2960 4889 procul
3000 4819 3086 4874 siti
3131 4829 3276 4874 sunt.
3326 4821 3400 4874 lta
3454 4822 3621 4876 etiam

2003 4899 2193 4953 etelum
2214 4909 2430 4954 enarrat
2446 4901 2673 4970 gloriam
2693 4902 2788 4958 Dei
2804 4902 3141 4976 (ΡδαΜὸΑ)
3160 4919 3283 4959 cum
3307 4919 3410 4960 nec
3428 4920 3492 4960 os
3523 4907 3624 4961 ha-

2003 4992 2150 5057 heat,
2167 5008 2266 5048 nec
2283 4993 2520 5064 linguam
2541 5004 2775 5061 moveat,
2797 5012 2972 5068 neque
2987 4998 3235 5068 spiritum
3261 5013 3326 5052 ex
3355 4999 3464 5053 imo
3497 5014 3624 5070 pro-

2005 5085 2214 5151 fundat,
2237 5087 2332 5142 sed
2355 5103 2454 5159 per
2473 5102 2662 5182 eorum
2694 5103 2814 5159 quae
2832 5089 3082 5145 videntur
3111 5091 3576 5161 pulchritudinem
3605 5137 3622 5160 ,

2003 5179 2235 5234 deducat
2264 5188 2626 5249 spectatorem
2645 5179 2722 5237 'ad
2754 5181 3168 5239 admirationem
3193 5182 3435 5254 Opificis.
3471 5185 3627 5254 Quod

2002 5288 2131 5344 ergo
2149 5271 2258 5328 illic
2273 5274 2422 5328 estin
2435 5274 2569 5329 caelo
2585 5275 2932 5345 pulchritudo
2944 5286 3216 5348 aspectus,
3236 5278 3338 5334 hoc
3355 5279 3427 5334 sit
3443 5279 3494 5334 in
3511 5281 3628 5335 ani-

2001 5379 2089 5418 ma
2106 5372 2194 5419 tua
2222 5363 2413 5419 virtus.
2428 5364 2585 5432 Quod
2603 5367 2646 5421 si
2661 5382 2782 5423 eum
2800 5367 2874 5423 sis
2891 5368 3221 5437 sordidatus,
3241 5381 3295 5426 et
3309 5373 3626 5427 innumera-

2002 5454 2140 5509 biles
2193 5454 2396 5512 habeas
2453 5469 2820 5527 accusatores,
2876 5461 3218 5531 maximeque
3264 5471 3413 5519 tuam
3457 5467 3629 5535 ipsius

2001 5546 2411 5616 conscientiam,
2433 5547 2672 5605 doctoris
2698 5549 2883 5606 sedem
2906 5553 3124 5607 coneris
3151 5553 3430 5622 invadere,
3453 5571 3626 5626 quan-

2003 5636 2075 5692 do
2136 5636 2205 5692 ad
2255 5637 2385 5692 vitia
2434 5640 2886 5710 reprehendenda
2933 5644 3266 5708 accesseris,
3329 5661 3440 5700 non
3483 5646 3624 5701 alios

2004 5731 2177 5802 magis
2201 5747 2361 5802 quam
2393 5732 2622 5803 teipsum
2652 5735 2954 5792 accusabis.
2993 5734 3061 5789 Et
3091 5736 3314 5792 assumis
3345 5747 3622 5793 testamen-

2006 5833 2110 5878 tum
2137 5841 2301 5880 mcum
2324 5843 2412 5897 per
2439 5843 2493 5884 os
2517 5836 2658 5883 tuum
2683 5828 2707 5882 ?
2737 5827 2902 5885 nocte
2930 5828 3080 5895 dixit,
3112 5827 3216 5883 Per
3247 5847 3321 5885 os.
3357 5830 3452 5887 Est
3474 5830 3621 5888 enim
