4058 6450
463 458 563 501 cor
582 443 895 499 destitutum
921 443 1183 499 fructibus
1205 445 1296 515 qui
1324 460 1392 500 ex
1421 462 1487 501 eo
1519 447 1783 511 oriuntur,
1820 458 1873 503 et
1903 448 2053 505 labra

458 536 730 590 incassum
756 532 1074 600 moventur,
1101 543 1156 589 et
1197 536 1264 590 ad
1289 535 1409 604 ejus
1446 539 1536 604 qui
1567 538 1803 606 loquitur
1851 539 2056 594 conde-

459 623 813 678 mnationem.
844 623 897 680 Si
927 625 1048 694 quis
1085 635 1265 680 autem
1295 635 1524 681 mentem
1556 627 1716 681 fuerit
1749 637 2018 684 scrutatus
2038 669 2051 694 ,

462 727 714 782 magnum
746 713 942 768 bellum
972 715 1229 770 inveniet.
1252 717 1340 770 17.
1371 714 1450 769 Tu
1502 731 1619 772 vero
1645 719 1795 773 odisti
1826 719 2055 789 discipli-

458 818 581 856 nam
599 813 647 856 et
665 805 925 874 proiecisti
951 821 1205 860 sermones
1231 822 1365 859 meos
1389 815 1684 860 retrorsum.
1709 808 2049 878 Disciplinam

457 890 546 946 hic
569 892 699 947 dicit
722 894 852 963 legis
879 894 1199 961 doctrinam,
1223 912 1342 964 qua:
1370 896 1608 952 animum
1633 901 1930 967 componit,
1959 900 2048 952 vi-

451 983 589 1038 tium
611 985 848 1055 expellit,
880 995 936 1040 et
959 987 1205 1040 virtutem
1236 987 1444 1042 inserit.
1475 987 1757 1055 Quomodo
1779 1005 1908 1059 ergo
1928 1006 2046 1045 eam

452 1069 674 1141 tractas,
715 1088 770 1132 et
799 1079 851 1132 in
880 1078 1015 1132 alios
1038 1079 1271 1134 seminas
1294 1094 1418 1135 cum
1457 1081 1573 1150 ipse
1609 1096 1726 1136 eam
1763 1082 1915 1137 factis
1939 1099 2047 1140 nnn

451 1164 694 1240 habeas?
739 1166 1013 1238 Projecisti
1038 1169 1206 1237 enim,
1255 1171 1445 1241 inquit,
1495 1188 1749 1227 sermones
1779 1189 1915 1228 meos
1963 1192 2046 1229 re-

452 1265 692 1312 trorsunt.

526 1348 576 1400 7.
605 1347 720 1402 Non
747 1348 922 1404 solum
952 1350 1094 1404 enim
1125 1365 1189 1405 ex
1215 1350 1348 1421 legis
1383 1351 1623 1408 doctrina
1662 1354 1804 1408 nulla
1840 1366 1921 1411 est
1948 1356 2043 1411 tibi

453 1438 586 1491 facta
603 1440 862 1502 accessio,
887 1441 980 1495 sed
1001 1442 1159 1494 etiam
1181 1443 1320 1512 quod
1337 1443 1501 1497 habes
1519 1459 1548 1498 a
1570 1456 1777 1511 natura,
1798 1447 2040 1500 mutilum

447 1528 744 1585 reddidisti.
791 1531 988 1586 Eorum
1032 1534 1175 1587 enim
1220 1549 1338 1604 qua:
1381 1544 1504 1588 sunt
1541 1536 1746 1605 agenda
1772 1579 1786 1601 ,
1835 1547 1890 1592 et
1934 1553 2042 1592 non

445 1619 670 1689 agenda,
715 1623 951 1676 rationes
977 1639 1007 1677 a
1035 1633 1221 1679 natura
1252 1626 1424 1680 insitae
1449 1638 1594 1681 sunt.
1633 1627 1712 1682 Tu
1743 1637 1917 1683 autem
1948 1629 2041 1685 eas

445 1713 707 1782 repulisti,
739 1725 794 1769 et
825 1717 1191 1773 nonltabuisti
1223 1719 1277 1773 in
1315 1721 1592 1774 memoria.
1631 1722 1716 1777 18.
1747 1723 1808 1779 Si
1839 1724 2042 1780 videbas

443 1809 626 1873 furem,
664 1807 900 1860 currebas
937 1822 1052 1862 cum
1095 1827 1174 1876 eo,
1221 1820 1268 1865 et
1315 1828 1430 1864 cum
1476 1814 1721 1868 adulteris
1759 1817 2039 1884 portionem

443 1905 581 1948 tuam
611 1897 850 1966 ponebas.
875 1899 1134 1965 Quoniam
1157 1902 1298 1955 enim
1325 1903 1438 1957 ﬁeri
1467 1919 1570 1956 non
1591 1914 1765 1972 potest
1795 1916 1852 1960 ut
1878 1907 2038 1962 homo

441 1988 511 2041 sit
538 1989 666 2042 nulli
687 1992 909 2044 omnino
935 2001 1151 2060 peccato
1172 1995 1434 2050 obnoxius
1459 2015 1472 2048 :
1502 2007 1556 2051 et
1583 1997 1704 2053 ideo
1724 1999 1857 2054 dixit
1885 2002 2034 2070 quis-

440 2079 582 2146 piam
613 2098 624 2131 :
661 2079 786 2146 Quis
837 2083 1134 2152 gloriabitur
1173 2086 1419 2140 mundum
1451 2104 1505 2141 se
1548 2089 1730 2144 habere
1773 2107 1860 2144 cor
1896 2092 1922 2144 .’
1949 2102 2036 2146 aut

439 2169 550 2228 quis
572 2170 814 2224 audacter
840 2173 967 2225 dicet
1001 2190 1056 2227 se
1093 2191 1200 2251 esse
1225 2193 1408 2245 parum
1439 2194 1471 2230 a
1496 2191 1704 2247 peccato
1735 2180 1912 2251 (Prov.
1939 2182 2030 2238 20.

437 2262 492 2328 9)
515 2260 536 2311 ?
557 2269 614 2316 et
650 2262 844 2317 Paulus
868 2279 988 2320 cum
1018 2250 1240 2324 dixisset
1264 2286 1278 2323 :
1308 2269 1460 2338 Nihil
1485 2272 1610 2326 mihi
1630 2250 1859 2328 conscius
1884 2290 2033 2341 sum;

378 2418 383 2424 ι
437 2352 739 2424 subjunxit,
772 2354 880 2410 Sed
907 2374 1011 2412 non
1041 2359 1094 2412 in
1118 2361 1551 2432 lioctjustiﬁcatus
1578 2381 1690 2420 sunt
1719 2364 1796 2437 (Δ.
1827 2365 1946 2419 Cor.
1974 2368 2029 2421 4.

407 2444 490 2512 ’4)
512 2460 528 2508 ;
551 2453 625 2510 et,
647 2445 830 2501 Justus
855 2447 908 2500 in
935 2449 1184 2519 principio
1209 2454 1457 2507 sermonis
1481 2454 1560 2507 sui
1585 2455 1746 2523 ipsius
1770 2467 2035 2511 accusator

433 2546 505 2590 est
534 2535 718 2606 (Prov.
753 2537 840 2593 18.
874 2538 984 2607 i7),
1015 2539 1264 2596 videlicet
1287 2557 1512 2600 suorum
1551 2554 1890 2614 peccatorum
1922 2564 1936 2600 :
1972 2549 2029 2603 tit

434 2641 595 2682 nemo
638 2643 768 2698 ergo
809 2638 994 2699 posset
1024 2630 1222 2689 dicere.
1245 2630 1303 2688 Si
1332 2647 1521 2689 omnes
1545 2644 1669 2690 sunt
1696 2647 2024 2706 peccatores,

430 2729 766 2789 peccatorem
806 2730 983 2776 autem
1017 2722 1178 2793 jussit
1215 2739 1322 2780 non
1353 2728 1864 2800 narrarejustitias,
1905 2732 2027 2803 quis

427 2824 557 2879 ergo
595 2822 905 2867 narraturus
929 2813 1076 2869 erit?
1113 2827 1184 2870 ne
1209 2818 1330 2886 quis
1355 2831 1486 2886 ergo
1515 2816 1632 2874 haec
1666 2818 1888 2888 diceret,
1934 2838 2027 2892 ge-

427 2916 554 2954 nera
583 2911 915 2970 peccatorum
943 2913 1222 2960 enumerat
1249 2920 1343 2975 per
1366 2909 1593 2976 species.
1624 2907 1718 2963 Est
1747 2912 1881 2965 enim
1909 2930 2026 2982 per.

423 3003 592 3048 catum
621 2994 689 3047 ad
713 3006 921 3050 mortem
945 2996 1197 3069 (idean.
1221 2997 1411 3070 5.1ϋ),
1429 3000 1880 3070 quemadmodum
1906 3004 2024 3062 Heli

423 3100 636 3155 quoque
659 3085 926 3143 dicebat:
964 3088 1039 3143 ‘Si
1064 3105 1279 3158 peccans
1319 3090 1471 3145 homo
1514 3094 1812 3162 peccaverit,
1859 3097 2023 3154 orabit

424 3191 518 3244 pro
553 3192 611 3229 eo
652 3178 886 3232 sacerdos
925 3193 946 3234 :
989 3179 1036 3233 si
1074 3189 1244 3234 autem
1291 3178 1514 3235 Domino
1557 3185 1858 3251 peccaverit,
1907 3188 2020 3258 quis

421 3269 585 3322 orabit
627 3285 720 3338 pro
745 3287 803 3324 eo
832 3272 911 3337 (l.
946 3269 1076 3342 Reg.
1102 3271 1162 3328 2.
1185 3271 1324 3343 25)?
1352 3272 1411 3327 ln
1444 3273 1561 3344 lege
1586 3275 1746 3330 etiam
1770 3277 1870 3332 alia
1894 3279 2018 3349 qui-

422 3360 544 3414 dem
571 3369 726 3415 erant
746 3363 1178 3429 immedicabilia,
1207 3375 1266 3420 ut
1284 3365 1446 3421 etiam
1476 3375 1648 3422 morte
1671 3370 2016 3440 punirentur;

418 3450 522 3505 alia
543 3465 668 3505 vero
685 3451 951 3508 habebant
969 3452 1183 3524 aliquod
1205 3456 1662 3526 promptissimum
1684 3459 2014 3518 remedium:

420 3543 492 3595 ita
523 3543 681 3596 etiam
709 3541 956 3599 Christus
984 3545 1035 3599 in
1063 3545 1232 3612 Novo,
1267 3547 1330 3602 Si
1355 3549 1630 3618 peccaverit
1658 3549 1820 3619 frater
1864 3561 1979 3608 tuus
1999 3596 2014 3620 ,

417 3637 612 3704 inquit,
633 3651 790 3707 argue
832 3654 946 3692 eum
984 3638 1117 3692 inter
1153 3649 1219 3703 te,
1247 3647 1295 3693 et
1333 3640 1502 3709 ipsum
1528 3642 1712 3696 solum.
1743 3643 1804 3698 Si
1847 3655 2017 3701 autem

417 3741 519 3778 non
548 3725 786 3792 audierit,
812 3743 1016 3783 assume
1040 3728 1209 3783 adhuc
1234 3738 1399 3784 tecum
1427 3731 1578 3786 duos.
1611 3731 1674 3787 Si
1699 3750 1762 3787 ne
1787 3736 1878 3789 hos
1905 3738 2018 3806 qui-

415 3815 532 3870 dem
567 3817 807 3885 audierit,
850 3819 916 3874 sit
956 3818 1043 3873 tibi
1071 3829 1328 3892 tamquam
1356 3823 1586 3880 ethnicus
1624 3835 1672 3880 et
1713 3828 2014 3898 publicanus

416 3907 634 3975 (ﬂaua.
660 3909 746 3963 i8.
772 3908 881 3972 £5).
903 3910 972 3965 Et
993 3919 1171 3968 tamen
1189 3925 1309 3968 cum
1330 3915 1524 3970 alicubi
1542 3916 1767 3972 dixisset
1787 3918 2008 3976 Petrus:

418 3998 645 4064 Quoties,
674 4001 718 4054 si
738 4003 1020 4070 peccaverit
1043 4005 1097 4057 in
1119 4021 1197 4058 me
1222 4005 1379 4073 frater
1403 4024 1564 4072 meus,
1588 4009 1840 4064 dimittam
1867 4013 1966 4083 ipsi
1988 4015 2014 4068 ?

414 4089 636 4156 audivit,
671 4089 841 4162 Usque
879 4093 950 4146 ad
976 4095 1263 4166 septuagies
1288 4098 1472 4168 septies
1504 4097 1726 4169 (Ibidem
1760 4101 1852 4173 21)
1877 4120 1892 4158 :
1922 4103 2011 4161 hic

415 4189 593 4237 autem
621 4194 740 4253 post
768 4184 900 4238 duas
925 4184 1317 4242 admonitiones
1345 4190 1580 4245 ostendit
1609 4207 1859 4263 magnum
1890 4211 2008 4252 esse

413 4273 689 4338 delictum,
730 4289 830 4329 nec
857 4290 977 4330 eum
1016 4277 1159 4346 cogit
1185 4293 1371 4334 rursus
1394 4292 1730 4349 exspectare.
1759 4283 1896 4351 Quid
1925 4303 2010 4341 er-

410 4361 522 4432 go?
547 4372 740 4418 suntne
782 4364 896 4420 haec
921 4365 1029 4420 illis
1054 4369 1362 4423 contraria?
1392 4371 1542 4425 Absit
1567 4391 1580 4428 :
1609 4375 1703 4429 sed
1733 4374 1883 4440 illud,
1914 4377 2011 4434 Se-

416 4453 646 4521 ptuagies
696 4453 902 4522 septies,
945 4455 1098 4521 dicit,
1134 4458 1191 4513 si
1237 4473 1360 4513 eum
1407 4463 1680 4530 pceniteat.
1730 4465 2011 4532 Quomodo

413 4543 556 4597 ettim
586 4543 817 4600 dimittet
841 4548 1100 4616 quispiam
1123 4551 1172 4604 ei
1193 4551 1282 4620 qui
1308 4566 1483 4621 neque
1502 4557 1785 4612 conﬁtetur
1807 4575 1865 4616 se
1894 4577 2011 4631 peo-

411 4647 587 4698 casse,
615 4650 788 4706 neque
815 4636 1026 4692 ducitur
1052 4642 1403 4708 ptenitentia?
1429 4644 1638 4701 Etenim
1678 4663 1801 4704 cum
1831 4666 1860 4704 a
1893 4668 2008 4708 me-

410 4723 533 4780 dico
585 4727 824 4782 remedia
878 4730 1142 4799 petimus,
1197 4734 1390 4789 vulnus
1434 4739 1596 4793 etiam
1649 4743 2004 4800 ostendimus.

409 4815 542 4882 Quis
565 4827 648 4872 est
672 4835 798 4889 ergo
824 4831 1074 4889 peccator
1088 4823 1287 4896 dequo
1321 4825 1408 4881 hic
1427 4827 1555 4905 dicit
1570 4829 1884 4903 Scriptura?
1913 4839 2009 4892 At-

411 4918 560 4962 tente
582 4910 880 4965 audiamus.
913 4913 1044 4968 Eum
1080 4917 1223 4970 enim
1246 4917 1503 4974 describit
1531 4937 1625 4991 per
1646 4939 1710 4978 ea
1731 4940 1851 4994 qua:
1871 4942 2005 4981 coa-

410 5010 724 5070 sequuntur,
747 5004 826 5056 sic
848 5003 1034 5060 dicens
1058 5023 1071 5057 :
1102 5006 1162 5061 Si
1186 5008 1388 5063 videbas
1410 5013 1596 5082 furem,
1627 5018 1866 5071 currebas
1891 5034 2004 5072 cum

409 5109 488 5158 eo,
529 5102 575 5146 et
603 5109 718 5146 cum
759 5095 1003 5151 adulteris
1045 5101 1322 5166 portionem
1362 5112 1500 5157 tuam
1536 5107 1776 5174 ponebas.
1814 5109 1901 5164 19.
1937 5111 2008 5166 0s

411 5196 552 5237 tuum
593 5187 866 5240 abundavit
894 5189 1108 5256 malitia,
1151 5203 1199 5245 et
1224 5193 1401 5263 lingua
1434 5205 1520 5249 tua
1556 5202 1886 5256 concinnabat
1913 5203 2007 5258 do-

408 5276 504 5328 los.
544 5275 635 5330 20.
670 5275 864 5331 Sedens
899 5279 1139 5335 adversus
1181 5288 1387 5352 fratrem
1419 5297 1558 5342 tuum
1597 5292 1910 5362 loquebaris,
1958 5306 2005 5350 et

407 5367 646 5420 adversus
676 5367 838 5434 ﬁlium
869 5373 1043 5425 matris
1071 5383 1172 5427 tute
1211 5376 1430 5444 ponebas
1469 5382 1786 5437 scandalum.
1819 5385 2003 5442 Vidisti

407 5458 730 5526 nequitiam,
765 5475 868 5514 non
910 5476 1066 5518 secus
1092 5468 1333 5536 atquein
1378 5469 1607 5540 imagine
1648 5475 1854 5544 aliqua,
1895 5480 2004 5535 suis

408 5549 676 5604 coloribus
721 5551 1082 5623 descriptam?
1121 5569 1176 5613 et
1225 5562 1494 5630 quomodo
1545 5566 1820 5635 improbus
1877 5571 2005 5626 vitio

411 5637 581 5691 bellua
606 5640 771 5696 factus
789 5653 888 5709 est,
912 5646 1036 5701 dum
1065 5661 1265 5705 natura:
1293 5653 1620 5710 nobilitatem
1642 5660 1907 5726 prodidit?
1930 5662 2004 5717 Ne

411 5727 544 5782 haut
574 5747 698 5802 ergo
728 5735 1004 5808 imaginem
1035 5741 1217 5798 leviter
1239 5755 1651 5817 pertractemus,
1682 5751 1776 5805 sed
1796 5752 1998 5824 singula

1162 324 1220 387 S.
1259 329 1538 387 JOANNIS
1573 322 2054 394 CIIRYSOSTOMI
2091 338 2407 398 ARCHIEP.
2447 342 2985 406 CONSTANTINOP.

3666 365 3777 426 25!

2164 465 2410 542 accurate
2431 457 2780 528 inquiramus.
2798 465 2862 519 Si
2881 466 3084 523 videbas
3095 469 3280 540 furem,
3297 476 3536 534 currebas
3551 496 3667 537 cunt
3687 500 3769 542 eo.

2235 539 2474 600 Laudare
2507 549 2682 602 vitium
2716 563 2975 621 peccatum
3003 567 3076 612 est
3090 576 3112 625 ;
3140 539 3464 628 peccantibus
3489 539 3771 642 indignas;

2163 631 2493 691 dum—Hoc
2519 648 2603 693 est
2630 655 2791 696 causa
2809 648 3047 702 omnium
3070 650 3335 709 malorum
3360 674 3374 710 :
3405 655 3505 715 hac
3520 631 3770 733 est'quod

2163 720 2411 779 virtutem
2456 729 2689 784 maxime
2727 735 2939 800 evertit,
2971 739 3113 808 quod
3143 744 3382 802 retardat
3416 763 3480 804 ac
3520 720 3772 822 reprimit

2159 812 2394 869 studium
2436 819 2727 876 multorum
2756 823 2822 878 ad
2854 840 2916 881 ea
2948 844 3068 897 quae
3095 843 3223 887 sunt
3254 834 3476 894 honesta
3505 859 3519 894 :
3549 812 3770 913 quando

2159 917 2265 957 non
2289 906 2463 960 solum
2493 925 2599 963 non
2629 914 3028 983 reprehendunt
3056 921 3239 992 aliqui,
3267 927 3362 982 sed
3391 932 3551 987 etiam
3566 906 3646 989 viis
3671 937 3766 1006 qui

2158 1005 2381 1064 peccant
2406 1001 2754 1080 gratulantur.
2787 1005 2901 1062 Hoc
2926 1021 3102 1064 autem
3133 1029 3239 1069 non
3269 1026 3352 1071 est
3381 1020 3558 1075 minus
3599 1001 3764 1094 quam

2155 1099 2399 1154 peccare.
2432 1091 2567 1145 Audi
2603 1092 2820 1150 Paulum
2844 1098 3112 1157 dicentem
3147 1123 3162 1159 :
3196 1105 3320 1161 Non
3344 1111 3511 1164 solum
3537 1091 3647 1168 hac
3675 1117 3763 1184 fa-

2152 1178 2309 1244 ciunt,
2327 1181 2416 1234 sed
2429 1184 2578 1237 etiam
2599 1189 2911 1244 consentiunt
2927 1195 3225 1263 facientibus
3247 1199 3422 1272 (Rom.
3438 1205 3462 1259 ι
3477 1244 3489 1256 .
3505 1206 3617 1276 52).
3643 1178 3762 1271 [ioc

2152 1276 2235 1322 est
2263 1281 2441 1325 autem
2483 1290 2590 1330 non
2617 1291 2840 1347 parvum
2885 1294 3159 1351 peccatum
3185 1329 3201 1355 ,
3234 1292 3445 1348 etiamsi
3468 1297 3590 1366 quis
3614 1301 3760 1355 mala

2151 1376 2259 1416 non
2289 1363 2469 1435 faciat,
2498 1383 2602 1424 una
2629 1386 2748 1427 cum
2791 1375 2945 1430 malis
2965 1379 3220 1450 gaudere,
3247 1384 3434 1455 eisque
3473 1363 3756 1460 gratulari.

2151 1452 2244 1510 Ille
2273 1459 2418 1512 enim
2461 1472 2634 1530 potest
2657 1464 2836 1524 dicere
2861 1472 3255 1541 necessitatem,
3281 1452 3502 1535 causari
3520 1498 3756 1555 pauper-

2150 1554 2313 1601 tatem
2339 1550 2377 1613 ‘,
2411 1553 2512 1607 etsi
2550 1570 2655 1610 non
2686 1557 2792 1613 sint
2829 1561 2962 1629 justi
3004 1575 3331 1634 praetextas:
3365 1582 3418 1626 tu
3447 1550 3757 1634 autem-cur

2147 1638 2331 1695 laudas
2355 1645 2494 1712 quod
2522 1646 2716 1704 factum
2742 1661 2844 1718 est,
2878 1670 2999 1711 cum
3031 1673 3132 1714 nec
3158 1663 3320 1716 ullam
3347 1668 3561 1735 quidem
3589 1687 3656 1727 ex
3683 1689 3754 1730 eo

2146 1731 2470 1801 veluptatem
2494 1741 2797 1811 percipias?
2824 1747 2999 1815 Atque
3027 1749 3116 1806 ille
3143 1731 3616 1822 quidem-fortasse
3643 1764 3749 1819 du-

2143 1833 2295 1878 cetnr
2317 1829 2626 1894 paenitentia
2657 1850 2670 1887 :
2697 1843 2751 1889 tu
2780 1845 2958 1893 autem
2995 1839 3098 1898 has
3122 1858 3335 1915 quoque
3362 1850 3454 1903 tibi
3475 1849 3621 1908 fores
3647 1870 3742 1910 oc-

2144 1917 2335 1983 cludis,
2367 1922 2812 1982 medicamentum
2837 1931 2996 1998 tollis,
3021 1943 3076 1990 et
3099 1945 3305 1995 tantum
3332 1943 3580 1999 solatium
3598 1961 3748 2004 ever-

2143 2008 2230 2076 tis,
2245 2021 2458 2080 portum
2481 2016 2716 2088 undique
2741 2021 2833 2075 tibi
2855 2026 3136 2082 obstruens
3160 2030 3361 2087 reditus
3387 2033 3454 2088 ad
3481 2038 3746 2104 paeniten-

2141 2100 2290 2155 tiam.
2309 2102 2533 2169 Quando
2548 2123 2678 2180 ergo
2696 2121 2747 2167 te
2764 2114 2973 2181 viderit,
2997 2120 3083 2187 qui
3109 2135 3214 2175 non
3239 2133 3458 2190 peccato
3477 2100 3744 2186 obnoxius

2139 2192 2273 2248 alios
2303 2195 2469 2252 debes
2508 2203 2928 2274 reprehendere,
2967 2225 3072 2264 non
3103 2213 3274 2269 solum
3303 2231 3409 2271 non
3446 2218 3497 2272 id
3537 2219 3738 2289 facere,

2139 2287 2234 2340 sed
2280 2291 2438 2344 etiam
2485 2303 2780 2362 praetexere
2826 2307 2880 2354 et
2924 2302 3272 2372 adumbrare;
3319 2319 3373 2363 et
3419 2327 3525 2365 non
3563 2287 3762 2386 solum~

2137 2377 2475 2447 adumbrare,
2504 2385 2599 2439 sed
2624 2389 2784 2444 etiam
2805 2405 2963 2460 opem
2993 2394 3138 2451 ferre
3162 2415 3176 2451 :
3199 2400 3324 2468 quid
3346 2401 3414 2456 de
3435 2403 3615 2473 scipso
3642 2383 3764 2474 pu-i

2140 2470 2288 2537 Iabit,
2323 2477 2523 2546 etquid
2549 2477 2621 2535 de
2654 2496 2720 2536 eo
2757 2485 2900 2554 quod
2938 2487 3231 2547 admissum
3268 2493 3384 2547 est?
3412 2470 3558 2550 Multi
3589 2470 3737 2554 enim

2136 2559 2400 2632 homines,
2429 2577 2486 2622 ut
2515 2571 2824 2641 plurimum,
2853 2591 2960 2632 non
2991 2594 3059 2634 ex
3093 2581 3158 2636 iis
3183 2583 3378 2648 solum,
3407 2601 3527 2654 qua:
3552 2589 3737 2644 animo

2132 2667 2515 2726 conceperunt,
2544 2661 2721 2719 ferunt
2743 2665 2812 2721 de
2839 2670 3000 2725 rebus
3027 2671 3247 2742 agendis
3274 2677 3616 2746 sententiam,
3637 2680 3735 2736 sed

2130 2745 2292 2801 etiam
2318 2748 2387 2804 ab
2405 2751 2634 2808 aliorum
2662 2756 2905 2818 instituto
2929 2761 3290 2835 opinioneque
3310 2770 3548 2838 corrupti
3573 2745 3666 2825 :et
3684 2772 3732 2828 si

2129 2837 2219 2905 qui
2247 2841 2506 2908 peccavit,
2537 2843 2732 2902 viderit
2767 2863 2956 2907 omnes
2988 2868 3050 2908 se
3077 2866 3408 2926 aversantes,
3453 2837 3732 2918 existima-

2128 2926 2207 2981 bit
2230 2931 2528 3020 seialiquod
2556 2950 2806 3007 magnum
2828 2949 2883 2996 et
2907 2941 3182 3014 indignum
3207 2948 3386 3003 scelus
3413 2949 3727 3020 admisisse;

2126 3019 2341 3088 quando
2359 3031 2538 3079 autem
2562 3027 2754 3084 viderit
2773 3046 2882 3087 non
2910 3034 3083 3090 solum
3109 3052 3218 3093 non
3243 3039 3603 3112 indignantes,

2126 3112 2289 3169 etiam
2334 3115 2543 3185 placide
2578 3117 2835 3190 ferentes,
2867 3133 3027 3197 atque
3050 3127 3187 3184 adeo
3214 3129 3572 3197 blandientes.
3601 3150 3728 3194 cor-

2123 3214 2284 3273 rupto
2307 3205 2562 3279 deinceps
2591 3214 2935 3272 conscientia:
2951 3216 3176 3288 judicio,
3199 3223 3488 3281 multorum
3515 3238 3729 3286 senten-

2125 3297 2197 3352 tia
2216 3299 2521 3370 depravatae
2544 3320 2658 3361 sua:
2681 3308 2847 3364 menti
2875 3312 3251 3382 adstipulante,
3275 3318 3405 3388 quid
3425 3334 3530 3375 non
3557 3321 3726 3380 aude-

2122 3389 2242 3445 bit?
2284 3393 2496 3462 quando
2537 3405 2718 3453 autem
2765 3401 3002 3478 seipsum
3049 3407 3458 3477 condemnabit,
3508 3421 3565 3468 et
3607 3414 3727 3472 sine

2122 3484 2374 3553 scrupulo
2417 3501 2642 3555 peccare
2682 3492 2951 3547 cessabit?
2991 3492 3216 3564 Oportet
3257 3499 3436 3570 itaque
3472 3503 3635 3560 etiam
3675 3505 3725 3563 si

2121 3580 2241 3644 quis
2269 3579 2466 3634 malum
2497 3579 2658 3646 iaciat
2682 3584 2918 3654 seipsum
2948 3587 3343 3658 condemnare;
3373 3607 3470 3663 per
3499 3594 3554 3651 id
3577 3597 3728 3658 enim

2121 3684 2187 3726 eo
2212 3671 2514 3742 devenitur,
2543 3683 2602 3730 ut
2629 3693 2660 3731 a
2689 3679 2830 3732 malo
2853 3689 3114 3747 cessetur,
3136 3692 3190 3738 et
3215 3685 3342 3740 licet
3362 3702 3480 3757 qua:
3501 3688 3640 3745 bona
3665 3698 3726 3748 et

2120 3763 2342 3818 honesta
2387 3776 2512 3821 sunt
2553 3783 2660 3823 non
2691 3768 2864 3836 iaciat,
2893 3787 2956 3828 ea
2985 3780 3164 3831 tamen
3195 3776 3434 3836 laudare.
3473 3779 3608 3837 Nam
3634 3785 3720 3840 via

2117 3856 2183 3911 ad
2214 3860 2578 3928 operationem
2601 3871 2687 3917 est
2707 3863 2974 3923 alacritas.
3001 3869 3073 3922 At
3097 3867 3204 3933 hic,
3232 3873 3486 3941 quoniam
3512 3873 3578 3930 iis
3599 3891 3721 3946 qua:

2116 3948 2252 4004 ﬁunt
2290 3953 2593 4022 applaudit,
2631 3955 2752 4025 jure
2785 3971 2909 4012 eum
2953 3959 3234 4032 insigniter
3277 3974 3334 4020 et
3368 3965 3723 4026 vehementer

2115 4043 2302 4112 pungit
2328 4059 2392 4099 ac
2414 4053 2583 4102 notat.
2608 4047 2665 4103 Si
2689 4049 2833 4105 enim
2854 4051 2935 4106 vel
2959 4053 3342 4122 reprehensum
3365 4059 3552 4114 vitium
3580 4063 3718 4116 adeo

2111 4133 2275 4204 viget,
2303 4145 2358 4190 et
2384 4137 2593 4194 laudata
2621 4141 2789 4197 virtus
2809 4143 2894 4199 vix
2917 4159 3046 4203 suos
3071 4148 3139 4203 ad
3167 4149 3394 4207 sudores
3419 4167 3713 4222 provocat:

2113 4594 2415 4664 contempta
2436 4608 2535 4663 est,
2565 4607 2642 4653 tot
2662 4611 2879 4670 peccata
2907 4604 2976 4659 ah
2994 4602 3406 4676 aliquoeorum,
3423 4613 3512 4682 qui
3535 4628 3712 4668 sacer-

2111 4683 2258 4740 dotio
2278 4685 2589 4760 funguntur,
2619 4693 2903 4750 commissa
2921 4705 3066 4763 sunt,
3094 4697 3300 4755 inferna
3319 4705 3564 4772 supernis
3583 4720 3714 4760 con-

2112 4773 2225 4829 fusa
2244 4788 2369 4832 sunt
2392 4797 2409 4836 :
2435 4788 2596 4851 atque
2613 4783 2749 4839 adeo
2764 4801 2885 4855 quae
2913 4801 3144 4858 superna
3165 4803 3312 4859 sunt,
3337 4794 3544 4852 inferna
3573 4797 3709 4857 facta

2111 4877 2252 4934 sunt,
2277 4879 2330 4925 et
2354 4879 2410 4925 tu
2436 4887 2544 4927 non
2565 4875 2964 4943 perhorrescis?
2983 4882 3052 4934 At
3073 4883 3331 4952 propheta
3353 4885 3570 4955 quidem
3594 4888 3708 4959 ipsa

2110 4959 2271 5015 etiam
2293 4961 2557 5018 elementa
2574 4965 2898 5024 insensibilia
2915 4980 3072 5025 vocat
3094 4973 3162 5028 ad
3185 4977 3502 5045 gravissimo
3520 4980 3728 5038 dolore.

2110 5051 2266 5105 simul
2293 5052 2538 5108 deﬂenda
2572 5070 2634 5111 ac
2661 5057 2985 5128 deploranda
3012 5065 3171 5129 mala,
3199 5081 3320 5135 quae
3351 5074 3711 5128 communiter

2113 5141 2244 5196 liunt
2266 5162 2278 5196 :
2304 5145 2513 5216 Stupuit
2529 5149 2727 5211 caelum,
2747 5162 2792 5205 et
2809 5161 2943 5207 terra
2957 5154 3152 5210 horruit
3170 5175 3330 5227 supra
3345 5163 3553 5216 modum
3574 5163 3627 5236 (J
3633 5182 3710 5221 er.

2110 5234 2163 5288 2.
2198 5236 2310 5307 12).
2348 5237 2411 5291 Et
2437 5254 2623 5294 rursus
2663 5259 2676 5296 :
2731 5241 2942 5314 Lugcbit
2971 5245 3253 5312 Carmelus,
3287 5251 3474 5323 lugebit
3501 5234 3704 5320 sinunt,

2111 5326 2295 5396 lugebit
2313 5329 2458 5383 vinea
2479 5328 2630 5401 (Isai.
2653 5331 2742 5388 94.
2762 5334 2838 5404 7).
2863 5335 2929 5389 Ει
2945 5331 3193 5392 inanima:
3212 5342 3428 5411 quidem
3448 5355 3710 5405 creatura

2110 5416 2292 5487 lugent
2330 5429 2384 5474 et
2425 5421 2797 5491 ingemiscant,
2831 5439 2992 5497 atque
3021 5446 3125 5484 una
3157 5446 3278 5487 cum
3309 5433 3537 5492 Domino
3562 5437 3702 5495 indi-

2108 5521 2336 5581 gnantur
2358 5532 2370 5566 :
2392 5525 2446 5568 tu
2467 5525 2640 5571 autem
2657 5519 2744 5590 qui
2767 5535 2828 5575 es
2854 5522 3078 5577 rationis
3099 5526 3385 5596 particeps,
3409 5545 3516 5583 non
3534 5530 3706 5600 doles,

2112 5621 2214 5662 non
2264 5608 2634 5678 reprehendis,
2677 5629 2781 5667 non
2811 5630 2872 5670 es
2902 5615 3192 5673 vehemens
3221 5619 3375 5676 ultor-
3401 5622 3576 5693 legum
3611 5625 3702 5682 Dei

2189 5765 2201 5794 ¹
2241 5771 2307 5813 5η
2328 5763 2522 5827 Morel;
2552 5773 2683 5830 Reg,
2712 5769 2790 5818 illc
2814 5772 2938 5822 cnim
2959 5780 3105 5836 potest
3140 5775 3301 5826 dicere
3326 5778 3614 5841 passionem.
