4058 6444
489 360 596 414 253

488 470 700 522 δεῖται;
741 463 814 536 μὴ
854 462 962 535 γὰρ
1004 461 1341 534 βοηθούντων
1384 461 1606 533 χρῄζει;
1662 460 1797 524 ἀλλᾲ
1832 460 2077 529 βούλεταί

494 570 554 607 σε
603 552 886 623 ὑπηρέτην
922 548 1109 601 τούτου
1160 547 1443 615 γενέσθαι,
1496 548 1582 599 ἵνα
1632 548 1706 617 μὴ
1739 549 1851 609 τοῖς
1896 547 2080 608 αὐτοῖς

491 629 816 710 περιπέσῃς),
844 638 902 692 ὲν
928 639 993 707 τῇ
1025 636 1147 690 καθ’
1182 636 1369 706 ἐτέρου
1398 635 1769 705 ἀγανακτήσει
1803 633 2078 705 σωφρονέ-

494 744 683 797 στερος
702 725 1005 795 γινόμενος,
1036 724 1122 777 ῖνα
1158 723 1451 778 κάντεῦθεν
1474 722 1536 775 τὸ
1563 721 1808 791 φιλόθεόν
1849 738 1942 795 σου
1967 720 2077 773 δεί-

494 812 609 885 ξῃς.
654 812 821 864 Ὅταν
850 810 961 882 γὰρ
984 810 1324 879 ἁμαρτόντος
1350 809 1538 879 ἐτέρου
1563 807 1949 879 παραδράμῃς,
1982 807 2077 859 καὶ

496 901 570 968 μὴ
606 896 897 967 ὲπεξέλθῃς
916 908 964 960 ι,
995 895 1125 966 μηδὲ
1154 896 1417 967 άλγήσῃς,
1447 894 1824 965 ῥᾳθυμοτέραν
1861 911 1953 946 σου
1976 893 2077 963 τήν

490 986 668 1056 ψυχὴν
704 988 875 1047 ποιεῖς
900 984 994 1039 καὶ
1017 984 1390 1054 εὑέμπτωτον.
1420 983 1515 1036 καὶ
1544 983 1777 1052 μάλιστα
1817 981 2077 1044 πολλάκις

494 1070 935 1143 παρασκευάζεις
955 1069 984 1110 ὶι
1007 1069 1329 1132 τοῖς-αὑτοῖς
1357 1071 1678 1140 περιπεσεῖν
1696 1083 1709 1098 ·
1737 1070 1986 1147 κάκεῖνον
2018 1067 2075 1119 δὲ

492 1161 554 1211 οὑ
578 1160 647 1214 τά
675 1158 903 1228 τυχόντα
939 1156 1351 1228 παραϐλάπτεις
1381 1160 1448 1228 τῇ
1476 1156 1691 1229 ἀκαίρῳ
1732 1156 1915 1226 χάριτι
1945 1154 2076 1225 ταύτ

491 1263 581 1318 τῃ,
614 1246 1017 1315 αὑστηροτέρας
1044 1243 1195 1313 αὐτῷ
1224 1244 1391 1297 ποιῶν
1417 1244 1516 1308 τὰς
1542 1246 1600 1297 ἐν
1618 1245 1698 1314 τῷ
1724 1244 1966 1315 μέλλοντι
1988 1243 2075 1296 εὑ-

494 1335 677 1396 θύνας,
701 1332 949 1403 καὶπρὸς
970 1328 1038 1383 τά
1069 1330 1313 1401 παρόντα
1343 1332 1713 1402 ῥᾳθυμότερον
1738 1330 2077 1383 κατασκευά-

491 1420 620 1485 ζων.
658 1418 841 1472 Ταῦτα
867 1418 923 1469 δὲ
958 1420 1019 1471 ού
1046 1418 1176 1490 περ).
1200 1418 1450 1470 κλεπτῶν
1483 1419 1643 1488 μόνον
1672 1419 1905 1489 εἴρηται,
1938 1416 2078 1470 άλλὰ

492 1507 585 1561 καὶ
608 1505 736 1576 περὶ
763 1504 963 1568 παντὸς
990 1505 1409 1574 ἁμαρτήματοςο
1439 1504 1501 1556 τὸ
1526 1506 1584 1558 δὲ
1611 1504 1836 1574 ἔσχατον
1864 1502 2073 1556 τέθεικε

489 1595 599 1647 τῶν
634 1592 1138 1664 πλημμελημάτων,
1169 1592 1236 1645 ἶν’
1262 1592 1409 1664 εἰδῇς
1445 1592 1527 1645 ὅτι
1560 1595 1589 1646 6
1623 1594 1715 1667 ἐπὶ
1740 1590 1819 1663 τῷ
1853 1590 2077 1657 τοιούτῳ

493 1682 824 1754 συγγνώμην
856 1682 957 1754 οὐκ
980 1681 1140 1752 ἔχων,
1170 1680 1354 1751 πολλῷ
1382 1681 1583 1753 μᾶλλον
1621 1683 1706 1750 ἐφ’
1740 1680 1928 1751 ἐτέρου
1974 1680 2076 1732 οὐκ

493 1752 857 1841 ἀπολαύσεται
876 1752 1091 1838 κταύτης
1112 1768 1211 1839 τῆς
1241 1752 1616 1839 παραμυθίας.
1652 1768 1918 1821 Ἀκουσον
1944 1765 2076 1834 γοῦν

492 1860 587 1911 καὶ
613 1856 739 1926 ἑξῆς
760 1856 811 1908 τί
835 1872 969 1925 φησι
984 1854 1006 1887 Ἀ
1023 1855 1133 1909 Καὶ
1158 1857 1310 1924 μετὰ
1325 1853 1558 1925 μοιχῶν
1583 1853 1699 1923 τὴν
1715 1853 1929 1923 μερίδα
1958 1870 2075 1907 σου

490 1946 732 2010 ἐτίθεις·
758 1944 850 1997 ἐπὶ
880 1944 942 1995 τὸ
970 1942 1153 2012 μεῖζον
1182 1941 1372 1995 ἐλθών.
1402 1940 1589 2011 Πολλῷ
1620 1941 1730 2012 7&9
1752 1942 1929 1994 ἐκεῖνο
1949 1939 2075 1992 τού-

491 2014 585 2084 του
612 2030 850 2083 ἔλαττον.
878 2028 988 2082 Καί
1018 2045 1101 2091 τις
1134 2027 1243 2081 τῶν
1271 2027 1682 2099 ἁμαρτημάτων
1707 2026 1912 2087 τούτων
1945 2025 2076 2094 σύγ-

494 2134 676 2188 κρισιν
705 2116 1026 2185 ποιούμενος
1055 2113 1226 2179 οὕτως
1255 2115 1460 2182 ἔλεγεν
1492 2117 1574 2169 Οὐ
1594 2112 1942 2184 θαύμαστὸν
1968 2114 2078 2167 ἐὰν

491 2201 621 2269 ἁλῷ
640 2219 727 2270 τις
746 2201 1039 2256 κλέπτων-ο
1064 2202 1305 2256 κλέπτει
1332 2202 1441 2272 γὰρ
1461 2202 1560 2255 ἵνα
1585 2200 1702 2271 τὴν
1730 2201 1944 2269 ψυχὴν
1966 2202 2073 2277 a6-

492 2289 600 2343 τοῦ
618 2287 905 2357 ἐμπλήσῃ
939 2286 1265 2343 πεινῶσαν.
1295 2289 1360 2342 Εἰ
1387 2289 1568 2343 τοίνυν
1598 2288 1757 2341 τοῦτο
1787 2288 2075 2357 ἁσύγγνω-

494 2393 639 2439 nov,
679 2375 859 2446 πολλῷ
911 2376 1111 2447 μᾶλλον
1147 2377 1384 2447 μοιχεία.
1429 2375 1695 2430 Ἐνταῦθα
1730 2377 1789 2430 δέ
1830 2378 2076 2447 μοιχείαν

492 2466 591 2533 τήν
636 2464 891 2535 πορνείαν
936 2464 1119 2533 φησίν.
1161 2465 1260 2517 “Av
1295 2465 1475 2517 τοίνυν
1506 2464 1622 2536 ἴδῃς
1652 2464 1777 2517 τινὰ
1798 2465 1908 2516 τῶν
1940 2464 2077 2534 μετά

496 2550 591 2604 σοῦ
616 2550 1031 2621 ἁγελαζομένων
1058 2550 1413 2622 πορνεύοντα,
1445 2551 1535 2604 καὶ
1560 2551 1877 2621 μυστηρίοις
1906 2567 2077 2623 προσ-

492 2638 808 2709 ερχόμενον,
850 2638 970 2697 εἰπὲ
1002 2636 1503 2708 τῷνδιακονουμένῳ
1544 2639 1613 2709 τῇ
1650 2640 1855 2691 τούτων
1902 2636 2078 2691 διανο-

495 2727 571 2796 μῇ
595 2735 618 2763 ο
639 2742 652 2755 ·
686 2725 742 2778 '0
770 2723 915 2778 δεῖνα
949 2724 1169 2789 ἀνάξιος
1196 2724 1306 2777 τῶν
1341 2723 1674 2796 μυστηρίων,
1707 2723 1950 2777 κώλυσον
1978 2724 2077 2789 τάς

494 2811 751 2883 βεϐήλους
794 2815 1002 2883 χεῖρας.
1039 2812 1102 2865 El
1125 2811 1231 2883 7&9
1268 2812 1402 2883 μηδὲ
1432 2811 1736 2881 διηγεῖσθαι
1760 2811 1830 2865 τά
1852 2810 2075 2865 δικαιώ-

495 2917 640 2970 para
662 2899 830 2979 ἄξιος,
860 2899 1133 2970 ἐννόησον,
1156 2894 1211 2952 οἷ
1231 2897 1564 2969 προϐήσεται
1592 2898 1659 2951 τὰ
1683 2900 1782 2968 τῆς
1803 2898 2077 2963 κολάσεως

490 2989 660 3060 αύτῷ,
708 2991 835 3044 ὅταν
884 2991 978 3043 καὶ
1028 2988 1130 3057 τῆς
1177 2990 1329 3059 ἱερᾶς
1363 2989 1601 3060 ἅπτηται
1631 2989 1932 3059 τραπέζης,
1975 2992 2077 3045 οὐκ
2129 3054 2134 3058 ,

490 3078 639 3147 αὐτῷ
666 3078 721 3131 δὲ
747 3078 928 3148 μόνον,
967 3077 1104 3131 ἀλλὰ
1131 3080 1225 3132 καὶ
1245 3076 1322 3147 τῷ
1354 3078 1721 3141 συσκιάζοντι.
1758 3079 1832 3131 υὺ
1860 3079 1968 3153 γάρ
1998 3074 2078 3132 εἴ-

492 3187 586 3235 πεη,
627 3170 737 3222 Καὶ
758 3168 1061 3240 ἐμοίχευες,
1093 3166 1249 3233 ἀλλὰ,
1277 3166 1439 3221 Μετὰ
1462 3165 1693 3237 μοιχῶν
1716 3167 1833 3236 τὴν
1863 3169 2077 3237 μερίδα

494 3260 648 3333 εεδη
676 3276 793 3315 σου
821 3261 1053 3326 ἐτίθεις.
1095 3258 1292 3321 Βαϐαῖ,
1324 3257 1510 3329 ἠλίκον
1530 3259 1649 3312 ἐστὶ
1674 3261 1845 3321 κακὸν
1880 3262 1946 3316 ἐκ
1977 3263 2074 3317 τοῦ

497 3352 863 3427 περιστέλλειν
889 3350 999 3403 τῶν
1030 3348 1203 3417 ἄλλων
1236 3348 1334 3413 τὰς
1368 3348 1685 3419 σηπεδόνας,
1717 3351 1851 3404 ὅπου
1890 3368 1952 3420 γε
1983 3353 2077 3406 καὶ

496 3443 748 3497 κοινωνὸν
778 3443 938 3497 αὐτόν
967 3458 1132 3511 φησιν
1154 3438 1293 3494 εἶναι
1310 3440 1408 3511 τῆς
1429 3441 1522 3493 ἐπὶ
1539 3440 1619 3511 τῷ
1643 3440 2075 3514 πλημμελήματι

493 3533 779 3604 τιμωρίας,
812 3532 903 3584 καὶ
923 3531 1023 3584 οὐκ
1050 3529 1267 3586 ἔλαττον
1292 3529 1325 3600 ἢ
1355 3531 1579 3594 ἐκεῖνος.
1621 3529 1683 3585 '0
1713 3531 1811 3601 μὲν
1832 3531 1941 3603 7&9
1964 3532 2076 3605 ἔχει

494 3621 553 3673 τὸ
586 3621 756 3683 πάθος
799 3621 997 3685 εἰπεῖν,
1047 3620 1096 3671 εί
1139 3618 1235 3671 καὶ
1275 3618 1665 3687 άσύγγνωστος
1709 3622 1744 3690 ἡ
1780 3622 2073 3692 πρόφασις,

494 3707 637 3761 καθὰ
661 3709 689 3760 6
720 3706 957 3777 κλέπτης
997 3706 1089 3758 τὸν
1118 3704 1297 3775 λιμόν·
1337 3707 1401 3759 σὺ
1447 3705 1505 3759 δὲ
1546 3707 1668 3761 οὐδὲ
1696 3708 1872 3762 τοῦτο.
1921 3710 2077 3774 Τίνος

491 3791 585 3848 οὖν
617 3793 947 3865 ἐνεκενντῆς
971 3789 1166 3865 ἠδονῆς
1194 3792 1294 3845 οὐκ
1319 3792 1629 3859 ἀπολαύων,
1669 3793 1772 3865 τῆς
1801 3795 2076 3861 κολάσεως

493 3890 769 3950 κοινωνεῖς
820 3888 914 3940 καὶ
971 3887 1233 3957 μεριστῆς
1274 3885 1429 3957 γίνῃ;
1480 3883 1582 3938 Διὰ
1614 3884 1680 3957 δή
1705 3884 1985 3941 τοῦτοααὶ
2023 3889 2074 3941 οί

493 3974 692 4039 ἔξωθεν
727 3974 977 4033 δικασταὶ
1006 3974 1126 4044 οὐχὶ
1146 3975 1274 4037 τοὺς
1300 3974 1683 4045 τολμήσαντας
1722 3977 1904 4047 μόνον,
1937 3978 2076 4033 ἀλλὰ

496 4071 589 4121 καὶ
626 4068 733 4120 τῶν
762 4066 990 4121 οἰκετῶν
1028 4066 1094 4121 ἂν
1132 4067 1282 4120 ῐδωσι
1316 4068 1624 4132 συνειδότας
1662 4070 1743 4143 τῷ
1787 4074 2074 4144 πράγματι

496 4158 801 4223 κολάζουσι,
824 4159 917 4212 καὶ
948 4159 997 4211 οί
1025 4158 1409 4231 παραδιδόντες
1435 4160 1693 4215 δεσπόται
1722 4162 1892 4233 ἠδέως
1918 4163 1986 4218 ἂν
2013 4164 2076 4217 τὸ

496 4245 633 4321 αἷμα
661 4249 839 4304 αὐτῶν
868 4248 1130 4312 ἐκπίοιεν,
1155 4255 1250 4319 καὶ
1272 4250 1380 4304 τῶν
1413 4251 1631 4321 σαρκῶν
1655 4252 2071 4322 άπογεύσαιντο,

498 4341 592 4394 καὶ
622 4340 803 4405 αὐτοῖς
834 4338 1136 4409 λογίζονται
1170 4340 1267 4412 τήν
1302 4340 1552 4407 ἐξουσίαν
1576 4342 1668 4395 τοῦ
1704 4344 2073 4415 γεγενημένου

496 4433 596 4485 οὐκ
626 4432 865 4493 ἔλαττον,
900 4432 933 4502 ἢ
968 4434 1034 4503 τῇ
1066 4432 1437 4507 μοιχευθείσῃ.
1470 4435 1533 4487 Ol
1570 4427 1679 4506 7&9
1723 4435 1792 4489 τὰ
1821 4454 2072 4507 παραπε-

494 4524 746 4593 τάσματα
790 4523 865 4595 μή
900 4523 1337 4601 ἀναστείλαντες,
1383 4525 1536 4579 αὐτοὶ
1585 4526 1808 4581 πλείονα
1850 4528 1949 4593 τὴν
1983 4530 2073 4596 ἐξ·

496 4618 679 4669 ουσίαν
712 4618 824 4678 τοῖς
862 4615 1259 4685 κρυπτομένως
1304 4615 1620 4678 δεδώκασινο
1661 4613 1805 4673 οὗτοι
1845 4623 1939 4674 καὶ
1974 4621 2072 4694 τήν

499 4706 875 4779 μοιχευθεῖσαν
918 4707 1015 4761 καὶ
1055 4706 1148 4760 τὸν
1168 4707 1496 4779 ἠδικημένον
1526 4709 1753 4784 ὕϐρισαν
1780 4711 1948 4783 ἄνδρα
1978 4715 2073 4770 καὶ
2148 4750 2151 4755 ‹

492 4800 655 4853 αὐτὸν
681 4798 771 4852 τὸν
804 4797 1188 4870 μοιχεύσαντα.
1224 4799 1286 4853 El
1326 4799 1436 4870 7&9
1477 4803 1976 4875 προκατήγγειλαν,
2022 4809 2072 4861 εί

492 4894 599 4965 γὰρ
624 4894 780 4964 δῆλον
807 4894 1093 4965 ἐποίησαν,
1128 4896 1307 4950 πᾶσαν
1342 4895 1409 4950 ἂν
1438 4896 1537 4971 τήν
1568 4900 1750 4972 άγραν
1779 4901 2069 4973 ἐσόϐησαν.

493 4988 602 5060 καὶ
642 4986 893 5056 καθάπερ
927 4989 1125 5040 ἐκεῖνοι
1167 4988 1403 5057 μάλιστά
1439 4992 1579 5044 είσιν
1625 4992 1674 5044 οι
1710 4992 2071 5062 ἐμϐάλλοντες

492 5065 581 5143 εἰς⁸
608 5080 705 5142 τάς
746 5079 949 5147 πάγας,
1001 5080 1050 5131 οἱ
1097 5077 1195 5141 τὰς
1237 5080 1421 5150 πάγας
1477 5082 1935 5153 περιστέλλοντες,
1976 5087 2071 5141 καὶ

492 5169 921 5243 περικαθήμενοι
946 5172 1055 5234 τοῖς
1077 5171 1360 5242 μέλλουσιν
1380 5172 1720 5240 ἁλίσκεσθαι,
1753 5176 1846 5229 καὶ
1869 5179 2070 5231 πάντο·

489 5263 581 5316 θεν
612 5263 826 5317 ἅπαντα
856 5262 1185 5332 κρύπτοντες
1213 5263 1383 5329 δόλον,
1410 5266 1505 5320 καὶ
1543 5267 1681 5337 μήτε
1709 5267 1902 5338 ψόφον,
1931 5271 2069 5341 μήτε

490 5355 617 5409 ἄλλο
654 5371 705 5409 τι
736 5354 1143 5425 συγχωροῦντες
1180 5356 1434 5423 γενέσθαι
1468 5357 1527 5411 τὸ
1566 5358 1865 5429 δυνάμενον
1909 5363 2070 5433 σοϐῆ-

552 5531 579 5561 ⁸
609 5529 692 5579 Sic
711 5543 827 5579 mss.
851 5536 904 5581 el
926 5530 1100 5602 Sui},
1118 5533 1273 5579 recte.
1300 5530 1471 5583 Morel.
1500 5538 1553 5582 et
1570 5534 1695 5599 Reg.
1718 5538 1986 5602 ὑπεξέλθῃς.

554 5592 755 5630 laneam
798 5605 1003 5630 mnam,
1034 5604 1082 5630 In
1116 5591 1255 5630 R90,
1302 5593 1404 5630 Im-
1446 5599 1495 5630 nl
1532 5595 1688 5630 Ilnml'
1736 5600 1860 5630 Illud
1901 5609 1977 5630 ...ι

554 5592 582 5630 ιι
605 5593 760 5642 Deest.
798 5605 1006 5654 παρασκ.
1034 5593 1082 5640 in
1114 5591 1259 5704 Reg:
1290 5593 1417 5665 μοι’.
1446 5599 1499 5644 ει
1532 5591 1699 5647 uouit.
1733 5591 1861 5649 ιιιιίά
1898 5591 2065 5653 εἷλἰεω

490 5652 773 5725 sugpjglum
788 5660 923 5725 sate
944 5653 1083 5725 C_olh.
1116 5663 1170 5725 ει
1258 5657 1339 5725 gn.
1367 5656 1501 5725 Εοιτ.
1537 5719 1558 5725 ρ
1601 5719 1619 5725 _
1719 5723 1733 5725 _

557 5714 597 5793 ξ
613 5714 1242 5793 Ερεζτήνᾼτούτων.
1263 5718 1663 5793 διανομήν.⁴ξη1ἰ·ε
1689 5723 1735 5770 οί
1773 5725 2064 5788 προϐήσεται

491 5790 607 5827 mss.
629 5780 681 5827 el
702 5776 882 5837 εἰμὴ,
909 5784 1062 5827 recte.
1094 5776 1263 5827 Morel.
1294 5776 1723 5844 οῖονπροσήσεται.

1174 354 1230 409 S.
1270 350 1556 410 JOANNIS
1592 348 2089 407 CHRYSOSTOMI
2128 347 2449 405 ARCHIEP.
2491 349 3042 407 CONSTANTINOP.

3678 337 3784 393 236

2188 478 2277 514 σαι
2307 462 2620 533 τῆνθήρανο
2644 462 2787 515 οῦτω
2807 462 2869 533 δή
2896 463 2991 517 καὶ
3020 460 3275 520 ἐνταῦθα.
3298 460 3363 515 ἂν
3395 459 3775 531 παρακαθίσῃς

2184 552 2249 619 τῇ
2274 550 2504 621 κειμένῃ
2536 550 2685 621 παρὰ
2711 551 2807 603 του
2834 550 3081 604 διαϐόλου
3112 549 3320 618 παγίδι.
3355 548 3447 601 καὶ⁸
3471 545 3625 610 εἰδὼς
3655 547 3777 617 μιλ-

2184 635 2343 689 λοντα
2394 637 2688 707 ἐμπίπτειν
2736 636 2828 689 τὸν
2882 637 3069 707 μοιχὸν
3124 635 3199 706 μὴ
3253 634 3581 706 θορυϐήσῃς,
3637 632 3778 704 μηδὲ

2185 724 2450 795 πτοήσῃς,
2473 723 2595 776 τότε
2636 723 2874 793 μάλιστα
2898 723 3062 776 αὑτὸν
3086 722 3329 783 ἀπολεῖς.
3411 739 3420 745 ·

2252 810 2346 880 Μὴ
2372 810 2480 878 γάρ
2520 826 2611 879 μοι
2645 812 2824 863 ἐκεῖνο
2853 809 2915 862 τὸ
2953 809 3107 878 ῥῆμα
3136 809 3263 876 λέγε
3286 807 3346 860 τὺ
3380 806 3584 876 πολλῆς
3603 805 3783 877 γέμον

2182 897 2537 967 ἀναλγησίας
2570 896 2633 949 Τί
2670 897 2727 951 δέ
2767 913 2858 967 μοι
2894 896 3082 965 μέλει;
3120 895 3188 948 τὰ
3229 894 3466 964 ἐμαυτοῦ
3500 892 3781 964 μεριμνῶν

2181 984 2305 1039 τότε
2343 983 2452 1053 7&9
2489 984 2725 1054 μάλιστα
2778 984 3139 1053 μεριμνήσεις
3185 982 3255 1035 τὰ
3305 979 3394 1036 σὰ.
3434 982 3561 1034 ὅταν
3600 984 3669 1034 τά
3707 979 3788 1034 σὰ

2184 1068 2352 1142 ζητῇς
2384 1074 2440 1125 ὲν
2472 1070 2551 1139 τῷ
2577 1068 2674 1127 τοῦ
2704 1068 2931 1139 πλησίον
2964 1064 3313 1138 συμφέροντι.
3340 1067 3432 1119 Διὸ
3455 1069 3549 1120 καὶ
3575 1070 3602 1120 6
3636 1066 3788 1121 [ἰαῦ⁹

2180 1159 2272 1222 λος
2301 1158 2473 1228 ἔλεγει
2506 1157 2730 1226 Μηδεὶς
2762 1157 2827 1211 τὸ
2850 1156 3068 1211 ἑαυτοῦ
3097 1156 3354 1224 ζητείτω,
3386 1156 3549 1210 ἀλλὰ
3576 1157 3638 1209 τό
3669 1147 3785 1211 τοῦ

2182 1250 2409 1318 ἐτέρου.
2446 1249 2583 1313 Ἵνα,
2619 1250 2805 1319 φησὶν,
2839 1248 3007 1321 εὕρῃς
3038 1248 3100 1302 τὸ
3127 1248 3349 1313 σαυτοῦ,
3383 1245 3535 1318 ζήτει
3575 1248 3637 1302 τὸ
3680 1245 3786 1301 τοῦ

2182 1337 2392 1409 ἐτέρου.
2432 1339 2501 1392 T6
2539 1338 2733 1406 στόμα
2764 1352 2881 1391 σου
2924 1337 3264 1390 ἐπλεόνασε
3310 1338 3551 1397 κακίαν,
3601 1335 3702 1390 καὶ
3736 1342 3785 1403 η

2181 1423 2435 1494 γλῶσσά
2463 1439 2580 1479 σου
2617 1424 2968 1492 περιέπλεκε
3012 1423 3385 1491 δολιότητας.
3428 1422 3788 1491 Καθήμενος

2181 1517 2331 1570 κατὰ
2355 1516 2461 1591 τοῦ
2484 1515 2753 1585 ἀδελφοῦ
2790 1531 2907 1571 σου
2940 1515 3315 1579 κατελάλεις,
3351 1514 3452 1567 καί
3480 1514 3632 1568 κατὰ
3668 1510 3788 1567 τοῦ

2181 1605 2316 1661 υίοῦ
2349 1606 2460 1675 τῆς
2476 1607 2703 1676 μητρός
2731 1620 2849 1659 σου
2871 1602 3492 1670 ὲτίθειςεσκάνδαλον.
3526 1603 3643 1657 ’Ὶνα
3666 1601 3785 1675 γὰρ

2186 1697 2261 1769 μή
2299 1696 2433 1769 λέγῃ
2459 1714 2475 1729 ·
2516 1697 2649 1751 Ἀπὸ
2675 1695 3089 1768 φιλανθρωπίας
3134 1692 3309 1749 ταῦτα
3336 1692 3511 1747 ποιῶ⁶
3544 1693 3784 1764 μάλιστα

2184 1791 2307 1860 μὲν,
2345 1790 2474 1844 ποία
2513 1789 2581 1844 ἂν
2613 1787 2701 1861 είη
2740 1788 2898 1843 τοῦτο
2928 1786 3343 1859 φιλανθρωπία,
3372 1786 3467 1841 τὸν
3513 1785 3789 1858 μέλλοντα

2182 1883 2262 1945 είς
2290 1878 2566 1953 βάραθρον
2602 1880 2901 1951 ἐμπίπτειν
2940 1878 3016 1949 μὴ
3052 1877 3305 1941 κωλύειν,
3346 1876 3481 1949 μηδέ
3510 1875 3787 1929 ἀναστέλ-

2182 1968 2325 2034 λειν;
2357 1968 2419 2021 τὸ
2450 1967 2775 2039 χαρίζεσθαι
2795 1966 2956 2037 ἡδονῇ
2985 1966 3192 2044 ἀδίκῳ;
3222 1965 3285 2017 τὸ
3324 1965 3584 2035 περιορᾷν
3609 1961 3787 2034 δηλη-

2181 2058 2369 2127 τήριον
2403 2056 2698 2131 φάρμακον
2727 2053 2950 2107 πίνοντα
2976 2069 2991 2118 ;
3019 2050 3166 2122 Πλήν
3193 2049 3308 2103 ἁλλ’
3340 2049 3465 2103 οὐδὲ
3490 2047 3651 2102 τοῦτο
3687 2046 3787 2100 δυ·-

2183 2147 2324 2219 νήσῃ
2351 2144 2549 2213 λέγειν.
2587 2146 2711 2199 Ὀτι
2748 2144 2859 2217 γὰρ
2888 2145 2951 2198 οὐ
2993 2143 3405 2217 φιλανθρωπίας
3440 2143 3622 2203 τοῦτο,
3661 2140 3784 2195 ἀλλ’

2184 2234 2354 2287 ὕπνου
2391 2234 2486 2287 καὶ
2512 2233 2741 2296 νωθείας
2767 2233 2861 2286 καὶ
2890 2231 3186 2303 ῥᾳθυμίας,
3218 2232 3334 2295 πῶς
3359 2231 3452 2285 τὸν
3485 2228 3783 2283 ἀδικοῦντα

2183 2323 2344 2391 ἀφεὶς
2382 2321 2475 2374 τὸν
2513 2321 2667 2375 οὐδὲν
2711 2320 3010 2391 ἠδικηκότα
3058 2318 3289 2388 ἀδελφὸν
3327 2317 3517 2381 κακῶς
3555 2317 3778 2385 λέγειςς

2185 2411 2304 2474 πῶς
2334 2395 2700 2474 ἐπιϐουλεύεις
2723 2409 2801 2481 τῷ
2832 2408 2998 2481 μηδὲν
3022 2407 3328 2478 ἠδικηκότι,
3361 2407 3498 2479 μηδὲ
3527 2407 3785 2477 πεπλημ-

2187 2501 2476 2571 μεληκότι;
2505 2501 2647 2571 Ὅρα
2673 2499 2874 2553 κακίαν
2918 2499 3261 2570 ἑκατέρωθεν
3287 2500 3367 2562 είς
3402 2499 3572 2568 ἄκρον
3599 2498 3784 2550 ἐκτει-

2182 2589 2435 2659 νομένην.
2472 2587 2577 2639 Τὸν
2624 2586 2721 2656 μὲν
2759 2585 2865 2637 ὑπὸ
2905 2585 3005 2654 τῆς
3051 2583 3350 2655 ἐπιθυμίας
3400 2580 3668 2653 μεθύοντα
3714 2581 3780 2635 οὐ

2184 2674 2416 2737 κωλύεις
2438 2673 2677 2747 μεθύειν,
2714 2673 2856 2728 ὥστε
2880 2671 3250 2743 σωφρονῆσαι,
3272 2670 3364 2724 τὸν
3395 2669 3452 2723 δέ
3489 2668 3641 2723 οὐδὲν
3662 2667 3783 2737 ἠδι-

2185 2765 2391 2837 κηκότα
2428 2763 2697 2827 κολάζεις.
2739 2760 3087 2831 Καθήμενος
3126 2760 3237 2829 7&9
3278 2758 3430 2813 κατὰ
3462 2757 3569 2812 τοῦ
3598 2756 3781 2812 ἁδελ-

2183 2856 2302 2925 φοῦ
2329 2870 2447 2909 σου
2478 2854 2851 2921 κατελάλεις,
2885 2853 2985 2907 καὶ
3018 2853 3170 2906 κατὰ
3208 2850 3318 2908 τοῦ
3343 2851 3478 2906 υἱοῦ
3516 2848 3626 2918 τῆς
3661 2865 3779 2919 μη-

2183 2944 2322 3012 τρός
2351 2959 2469 2996 σου
2494 2942 2708 3007 ἐτίθεις
2733 2940 3109 3017 σκάνδαλον.

2253 3033 2317 3087 θ’.
2344 3031 2495 3105 1258]
2526 3033 2666 3105 Ὀρα
2698 3032 2817 3095 πῶς
2844 3035 2912 3102 τῇ
2952 3029 3285 3102 ἐπεξηγήσει
3310 3028 3409 3101 τὴν
3434 3026 3773 3099 κατηγορίαν

2183 3121 2358 3187 αὔξει.
2387 3121 2490 3175 Τὸν
2515 3122 2618 3185 τὰς
2640 3120 2809 3184 αὑτὰς
2832 3120 3073 3175 λύσαντά
3093 3137 3197 3182 σοι,
3223 3121 3408 3189 φησιν,
3431 3117 3646 3181 ἀῆῖνας,
3678 3116 3772 3170 τὸν

2182 3209 2281 3279 τῆς
2309 3208 2480 3278 αὐτῆς
2510 3224 2592 3261 σοι
2624 3208 3059 3279 κεκοινωνηκότα
3087 3195 3303 3278 νηδύος,
3339 3204 3431 3258 τὸν
3468 3196 3773 3269 οἱκίαξκαὶ

2181 3299 2460 3370 τραπέζης
2485 3300 2579 3352 καὶ
2602 3299 2808 3372 τροφῆς
2838 3299 3178 3370 μετασχόντα
3206 3299 3306 3370 τῆς
3333 3299 3522 3368 αὐτῆς,
3545 3298 3636 3351 τὸν
3665 3295 3778 3352 άπὸ

2143 3445 2147 3449 ,
2186 3391 2329 3459 μιᾶςς
2352 3388 2726 3460 βλαστήσαντα
2772 3390 2951 3461 ῥίζης,
2978 3390 3073 3443 τὸν
3104 3391 3205 3461 τὴν
3244 3390 3423 3463 αὐτὴν
3443 3390 3638 3460 ἔχοντα
3673 3387 3775 3460 τῆς

2182 3480 2449 3549 γενέσεως
2470 3481 2669 3552 ἀρχὴν,
2693 3481 2788 3535 τὸν
2809 3483 2876 3536 ἐκ
2898 3480 3124 3555 πρώτης
3148 3483 3365 3554 ἡλικίας
3393 3480 3775 3537 συναναϐάντα

2185 3590 2289 3633 σοι,
2318 3572 2505 3626 τοῦτον
2530 3572 2718 3636 κακῶς
2754 3573 2954 3643 λέγεις,
2987 3577 3083 3628 καὶ
3117 3574 3180 3628 οὺ
3230 3574 3411 3638 κακῶς
3450 3574 3631 3643 λέγεις
3672 3573 3771 3645 μό-

2182 3682 2292 3726 νον,
2315 3664 2451 3719 ἁλλὰ
2468 3665 2563 3719 καὶ
2586 3654 2665 3727 είς
2692 3664 2854 3734 ἔργον
2876 3666 2977 3737 τήν
3004 3665 3298 3737 ἐπιϐουλὴν
3321 3666 3570 3735 ἐξάγεις;
3602 3666 3775 3720 Τοῦτο

2182 3754 2486 3826 γάρέστιν,
2523 3757 2771 3823 Ἐτίθεις
2814 3757 3186 3824 σκάνδαλον.
3224 3761 3287 3813 Εἰ
3310 3759 3367 3812 δὲ
3399 3759 3493 3813 τὸν
3526 3758 3773 3829 φυσικῶν

2182 3850 2584 3921 κοινωνήσαντα
2626 3849 2835 3904 ὠδίνων
2878 3850 2945 3904 »ού
2999 3851 3082 3905 δεῖ
3122 3851 3302 3920 λέγειν
3348 3853 3554 3917 κακῶς,
3592 3851 3772 3924 πολλῷ

2184 3940 2383 4013 μᾶλλον
2405 3942 2497 3996 τὸν
2523 3942 2931 4013 πνευματικῶν.
2956 3945 3047 4015 Μὴ
3069 3946 3245 3998 τοίνυν
3272 3946 3410 4017 μήτε
3434 3944 3526 3999 τὸν
3551 3945 3774 4016 μέλλον-

2180 4053 2247 4089 τα
2278 4036 2545 4106 ἁμαρτεῖν
2587 4034 2651 4088 Ea
2689 4036 3076 4100 καταπίπτειν,
3106 4039 3241 4107 μήτε
3275 4038 3366 4092 τὸν
3395 4039 3549 4091 οὐδὲν
3572 4039 3771 4111 ἠδικη-

2182 4127 2314 4181 κότα
2355 4126 2607 4181 διάϐαλλε
2641 4129 2738 4181 καὶ
2778 4127 3027 4199 λοιδόρει.
3059 4128 3135 4182 Τὸ
3165 4129 3285 4201 μὲν-
3306 4130 3415 4201 7&9
3448 4118 3668 4200 φθόνου,
3708 4131 3774 4185 τὸ

2180 4220 2236 4273 δὲ
2265 4220 2618 4293 ἀναλγησίας·
2648 4219 2711 4274 τὺ
2730 4220 2840 4294 γὰρ
2870 4222 2943 4292 μή
2978 4221 3350 4292 άναχαιτίζειν
3382 4223 3474 4277 τὸν
3507 4223 3771 4293 μέλλοντα

2182 4310 2423 4376 πίπτειν,
2450 4310 2782 4383 ἀναλγησίας
2798 4327 2814 4344 ’
2845 4313 3039 4382 φθόνου
3061 4312 3137 4375 δὲ,
3160 4314 3222 4367 τὸ
3245 4315 3338 4369 τὸν
3369 4317 3580 4371 ἑστῶτα
3600 4334 3768 4372 καταο

2182 4403 2419 4458 ϐάλλειν.
2450 4405 2559 4457 Καὶ
2584 4405 2687 4476 ὅρα
2711 4406 2830 4470 πῶς
2862 4407 2959 4476 οὺχ
2995 4406 3181 4470 ἁπλῶς
3212 4408 3305 4462 τὸν
3348 4412 3656 4483 κατήγορον
3685 4412 3770 4467 αι-

2179 4497 2433 4560 νίττεται,
2462 4494 2599 4548 ἁλλὰ
2631 4496 2724 4549 τὸν
2759 4496 2897 4566 μετὰ
2929 4496 3083 4551 δόλου
3121 4500 3215 4553 καὶ
3252 4501 3489 4572 σπουδῆς
3516 4502 3577 4555 τὸ
3605 4502 3769 4575 ἔργον

2180 4582 2336 4636 τοῦτο
2360 4583 2704 4656 ποιούμενον.
2737 4586 3086 4657 Καθήμενος
3122 4589 3251 4661 7&9,
3286 4590 3443 4662 φησὶ,
3479 4596 3632 4646 κατὰ
3658 4592 3769 4648 τοῦ

2177 4673 2443 4745 ἀδελφοῦ
2465 4690 2584 4730 σου
2612 4676 2986 4744 κατελάλεις.
3013 4680 3123 4733 Καὶ
3149 4682 3178 4733 ὁ
3208 4681 3310 4752 μὲν
3335 4682 3476 4749 Κάζίν
3501 4683 3595 4736 τὸν
3621 4683 3771 4738 ἁδελο

2178 4767 2277 4837 φὺν
2302 4765 2524 4829 ἀνελὼν,
2554 4768 2652 4821 Eva
2684 4768 2845 4838 μόνον
2866 4770 2965 4841 τῆς
2994 4770 3276 4843 παρούσης
3299 4773 3447 4844 ζωῆς
3476 4774 3764 4846 ἐξήλασεν⁴

2176 4854 2320 4913 οὗτοι
2351 4858 2409 4912 δὲ
2446 4859 2692 4931 μυρίους,
2718 4860 2786 4913 δι’
2819 4859 2895 4915 ὧν
2921 4863 3109 4928 κακῶς
3134 4862 3375 4934 λέγουσι,
3398 4867 3769 4924 καταϐάλλουέ

2178 4967 2253 5015 σι,
2285 4951 2382 5004 καὶ
2411 4952 2638 5014 ἑαυτοὺς
2666 4950 2938 5023 πρώτους.
2966 4954 3040 5008 Ού
3073 4956 3183 5025 γὰρ
3224 4956 3318 5011 τὸν
3354 4960 3769 5035 κατηγορούμε-

2177 5059 2267 5095 νον
2298 5044 2480 5113 μόνον,
2528 5041 2667 5096 ἁλλὰ
2697 5042 2792 5097 καὶ
2838 5045 3060 5116 ἐτέρους
3101 5043 3421 5116 βλάπτουσι·
3456 5051 3659 5121 μᾶλλον
3707 5052 3765 5106 δὲ

2177 5135 2416 5199 ἐκείνους
2455 5136 2616 5206 μόνον
2640 5136 2769 5199 τοὺς
2792 5137 3291 5210 παραδεχομένους.
3342 5143 3401 5196 '0
3432 5143 3544 5215 7&9
3578 5144 3765 5211 κακῶς

2174 5227 2387 5281 ἀκούων
2409 5226 2639 5298 ψευδῶς,
2664 5230 2724 5283 οὑ
2754 5232 2912 5302 μόνον
2938 5233 3040 5286 οὐκ
3064 5232 3341 5306 ἠδίκηται,
3373 5234 3511 5288 άλλὰ
3540 5237 3635 5290 καὶ
3669 5255 3762 5308 μι-

2177 5319 2302 5374 σθὸν
2347 5320 2460 5391 ἔχει
2491 5322 2770 5390 μέγιστον.
2806 5324 2883 5377 Οὐ
2916 5326 3027 5396 7&9
3063 5326 3092 5377 6
3132 5324 3378 5397 πάσχων,
3415 5328 3529 5382 ἀλλ’
3554 5330 3583 5381 ό
3620 5329 3764 5401 δρῶν

2174 5412 2383 5477 κακῶς,
2414 5406 2571 5478 οὗτός
2600 5417 2747 5469 ἐστιν
2773 5418 2802 5471 6
2826 5418 2923 5489 τῆς
2942 5419 3211 5489 τιμωρίας
3237 5418 3407 5485 ἄξιοςο
3434 5420 3579 5475 οὓτω
3613 5423 3706 5476 καὶ
3734 5424 3765 5473 6

2174 5505 2367 5575 λέγων,
2398 5508 2520 5577 οὐχὶ
2549 5509 2577 5559 6
2603 5508 2839 5573 ἁκούων,
2878 5511 3037 5580 μόνον
3082 5510 3149 5565 ἂν
3183 5513 3258 5584 μὴ
3289 5514 3550 5587 παράσχῃ
3591 5514 3761 5579 λαϐάς

2173 5599 2275 5671 τῆς
2319 5599 2661 5671 κακηγορίας
2713 5602 2970 5669 εὐλόγους
3006 5605 3233 5669 ἐκεῖνος.
3262 5605 3355 5676 Mi;
3388 5607 3452 5678 δή
3485 5603 3579 5660 οὖν
3604 5606 3762 5662 τοῦτο

2180 5689 2585 5768 σπουδάςωμεν,
2628 5691 2769 5746 ὥστε
2804 5693 2880 5764 μή
2932 5695 3121 5759 κακῶς
3164 5696 3388 5750 ἀκούειν
3422 5695 3603 5767 (τοῦτο
3650 5697 3758 5768 7&9

2176 5765 2477 5854 ἀμήχανον·
2509 5786 2601 5838 καὶ
2628 5785 2900 5856 ἀπόφασίς
2946 5790 3063 5841 ἐστι
3106 5788 3200 5842 τοῦ
3226 5765 3464 5856 Χριστοῦ
3500 5765 3761 5859 λέγουσα,
