4058 6436
256 389 362 444 ἓῑίῦ

254 513 599 572 violatarum,
622 504 716 561 sed
740 518 809 560 es
834 500 995 556 etiam
1020 502 1366 567 peccatorum
1392 482 1606 541 socius?
1634 488 1688 533 et
1713 491 1863 547 quae-

256 620 381 658 nam
408 602 505 655 tibi
530 598 700 669 possit
724 592 840 648 dari
864 586 1058 644 venia?
1085 579 1355 651 Numquid
1380 577 1524 634 enim
1554 574 1698 628 Deus
1726 581 1866 669 opus

250 696 421 749 habet
467 662 665 754 uliore,
703 680 965 753 numquid
994 680 1059 733 iis
1101 678 1191 745 qui
1236 685 1394 742 opem
1445 668 1618 722 ferant
1666 662 1868 731 indiget

254 788 409 857 (luti.
449 784 541 840 40.
576 781 699 848 13)?
736 776 832 832 sed
868 775 981 828 vult
1006 780 1057 826 te
1096 768 1255 838 hujus
1282 758 1358 819 rei
1391 774 1511 817 esse
1531 755 1863 857 ministrum,

257 851 324 936 ne
356 881 408 935 in
440 875 630 932 eadem
664 870 889 934 incidas,
923 866 1048 921 dum
1067 862 1151 916 alii
1180 868 1465 914 succenses
1491 851 1713 908 effectus
1732 856 1867 900 tem-

257 968 556 1041 perantior,
591 972 647 1016 ut
671 976 739 1020 ex
768 975 838 1014 eo
865 966 1008 1011 tuam
1040 956 1091 1008 in
1118 952 1286 1006 Deum
1308 949 1563 1017 pietatem
1592 936 1865 1039 ostendas.

255 1029 483 1127 Quando
526 1056 702 1115 enim,
745 1066 869 1106 cum
913 1047 1047 1102 alius
1097 1040 1363 1113 peccarit,
1403 1029 1886 1105 pnctercurreris,

259 1122 433 1217 neque
476 1138 912 1213 reprehenderis,
962 1149 1138 1204 neque
1180 1145 1324 1201 aegre
1363 1125 1581 1189 tuleris,
1628 1122 1871 1174 animum

261 1213 406 1297 tuum
439 1236 882 1309 negligentiorem
918 1240 973 1285 et
1014 1227 1083 1282 ad
1107 1240 1292 1281 casum
1326 1221 1630 1293 proniorem
1670 1213 1864 1278 efficis,

258 1347 311 1390 et
342 1307 879 1399 maximeiproenras
908 1331 964 1377 ut
986 1323 1037 1376 in
1060 1320 1248 1376 eadem
1278 1330 1420 1385 saepe
1450 1310 1648 1367 incidat
1675 1326 1687 1360 :
1716 1307 1867 1360 illum

257 1437 433 1479 autem
467 1398 772 1492 importuna
807 1416 905 1471 hac
936 1425 1023 1469 tua
1050 1412 1217 1484 gratia
1259 1425 1364 1463 non
1394 1406 1586 1461 leviter
1611 1398 1860 1461 offendis,

259 1517 500 1571 efficiens
527 1513 659 1577 utin
702 1510 885 1565 futuro
909 1508 976 1561 sit
1008 1504 1222 1576 gravior
1245 1502 1296 1557 ei
1324 1496 1596 1554 reddenda
1628 1494 1786 1557 ratio,
1814 1498 1867 1545 et

260 1609 321 1663 ad
345 1606 630 1678 praesentia
651 1618 775 1657 eum
800 1598 1029 1655 reddens
1045 1595 1368 1664 segniorem.
1415 1589 1540 1643 llaec
1558 1594 1737 1640 autem
1757 1597 1865 1637 non

259 1675 432 1756 solum
458 1698 526 1752 de
555 1695 761 1750 furibus
793 1692 935 1746 dicta
961 1696 1107 1755 sunt,
1138 1685 1231 1741 sed
1262 1686 1425 1740 etiam
1452 1682 1521 1736 de
1546 1678 1735 1750 quovis
1761 1675 1869 1730 alio

262 1801 479 1862 peccato
518 1787 705 1859 :quod
753 1794 835 1841 est
863 1791 1041 1837 autem
1078 1779 1321 1833 ultimum
1360 1782 1727 1847 peccatorum,
1759 1768 1870 1839 pri-

262 1861 403 1937 mum
436 1881 638 1950 posuit,
679 1885 756 1931 ut
782 1875 921 1930 scias
964 1888 1086 1928 eum
1118 1869 1207 1940 qui
1246 1876 1467 1938 propter
1508 1864 1611 1918 hoc
1656 1861 1869 1915 veniam

263 1992 365 2029 non
393 1972 723 2041 assequitur,
756 1968 925 2023 multo
955 1963 1125 2033 magis
1153 1963 1207 2015 in
1232 1959 1340 2015 alio
1368 1972 1475 2012 non
1504 1959 1872 2023 consequutu-

263 2086 399 2123 rum.
424 2067 567 2121 Audi
593 2079 724 2134 ergo
748 2060 1002 2132 quidnam
1029 2056 1284 2123 deinceps
1304 2051 1472 2106 dicit:
1497 2047 1566 2102 Et
1587 2062 1701 2099 cum
1722 2044 1873 2111 adul-

263 2165 380 2217 teris
406 2158 688 2232 portionem
733 2165 875 2208 tuam
903 2151 1161 2220 ponebas;
1189 2146 1409 2201 veniens
1437 2141 1504 2196 ad
1537 2140 1587 2194 id
1618 2136 1761 2207 quod
1791 2143 1874 2190 est

264 2230 455 2325 majus.
488 2250 618 2305 lllud
657 2248 800 2301 enim
835 2246 937 2299 hoc
965 2243 1123 2310 longe
1150 2239 1328 2293 minus
1370 2244 1472 2291 est.
1523 2230 1876 2325 Quidam-au-

268 2317 369 2401 tem
403 2343 519 2397 haec
559 2348 780 2411 peccata
812 2337 952 2391 inter
981 2348 1041 2388 se
1079 2331 1382 2388 conferens,
1412 2325 1490 2380 sic
1530 2323 1667 2377 dixit
1697 2339 1711 2375 :
1750 2317 1799 2372 Ν
1808 2334 1874 2371 an

265 2449 335 2491 est
377 2438 565 2490 mirum
592 2434 638 2487 si
676 2432 789 2502 quis
832 2429 1010 2498 [urens
1054 2423 1398 2494 deprehensus
1438 2417 1631 2487 fuerit:
1672 2417 1876 2485 furatqr

267 2532 394 2581 enim
413 2536 468 2579 ut
494 2541 644 2581 suam
659 2522 886 2576 animam
905 2517 1116 2587 impleat
1145 2514 1444 2567 esurientem
1473 2506 1656 2578 (Prov.
1681 2506 1734 2558 6.
1761 2503 1873 2577 30).

269 2622 320 2674 Si
350 2618 473 2671 huic
488 2630 617 2683 ergo
639 2610 842 2682 ignosci
865 2624 969 2662 non
1000 2602 1194 2677 potest,
1220 2601 1388 2656 multo
1411 2598 1703 2668 magisnec
1723 2592 1878 2648 adul-

270 2711 423 2764 terio.
456 2705 791 2762 Adulterium
818 2710 997 2774 autem
1042 2698 1128 2751 hic
1160 2702 1317 2749 vocat
1361 2688 1790 2745 fornicationem.
1820 2684 1878 2738 Si

270 2799 467 2854 videris
494 2810 623 2867 ergo
649 2795 884 2864 aliquem
919 2804 1104 2845 eorum
1139 2787 1228 2856 qui
1271 2794 1446 2838 tecum
1486 2787 1880 2848 congregantur

274 2894 646 2954 fornicautem,
675 2897 731 2944 et
751 2887 817 2941 ad
845 2889 1179 2940 sacramenta
1207 2876 1574 2940 accedentem,
1605 2870 1691 2926 die
1713 2868 1761 2924 ei
1790 2867 1882 2938 qui

274 2998 354 3046 est
381 2982 626 3041 minister
658 2976 1050 3036 distributionis
1084 2986 1273 3029 eorum
1309 2986 1324 3023 :
1370 2968 1469 3023 Hic
1511 2974 1595 3021 est
1632 2962 1883 3034 indignus

274 3077 645 3141 sacramentis,
668 3089 794 3128 arce
817 3068 1065 3141 profanas
1090 3077 1302 3120 manus.
1318 3061 1377 3117 Si
1395 3060 1540 3114 enim
1561 3072 1627 3112 ne
1649 3054 1882 3127 justitias

277 3173 490 3242 quidem
519 3180 774 3224 enarrare
799 3164 992 3233 dignus
1019 3168 1125 3236 est,
1158 3154 1441 3212 censidera
1479 3167 1586 3222 quo
1615 3150 1732 3219 ejus
1760 3161 1886 3218 pro-

276 3266 432 3318 cedet
463 3260 665 3332 punitio
689 3304 703 3325 ,
743 3253 959 3326 quando
999 3264 1205 3305 sacram
1234 3247 1394 3301 etiam
1435 3258 1677 3298 mensam
1721 3254 1885 3294 ausus

281 3357 436 3410 fucril
468 3331 771 3420 attingere,
820 3359 928 3399 non
979 3341 1153 3396 solum
1199 3346 1376 3393 autem
1419 3334 1557 3405 ejus,
1597 3331 1692 3387 sed
1742 3331 1886 3385 illius

278 3450 437 3503 etimn
465 3446 556 3517 qui
584 3441 855 3498 connivet.
882 3435 999 3491 Non
1023 3433 1158 3489 dixit
1180 3431 1349 3496 enim,
1378 3428 1447 3483 Et
1470 3423 1883 3488 adulterabaris,

280 3540 393 3608 sed,
433 3536 565 3594 Cum
602 3533 850 3589 adulteris
893 3529 1177 3601 portionem
1216 3532 1356 3576 luant
1400 3518 1641 3591 ponebas.
1690 3516 1884 3585 Papte,

281 3607 535 3700 quantum
575 3626 776 3680 malum
817 3636 884 3677 ex
918 3633 984 3675 eo
1020 3615 1163 3687 quod
1202 3614 1448 3669 celentur
1473 3619 1527 3663 et
1569 3607 1889 3677 obtegantnr

280 3727 508 3779 aliorum
550 3726 896 3791 putredines,
947 3710 1164 3783 quando
1204 3708 1334 3762 dicit
1371 3719 1494 3760 eum
1532 3716 1653 3757 esse
1683 3700 1887 3753 socium

283 3814 527 3872 solvendi
554 3790 668 3883 pro
693 3798 918 3880 peccato
942 3800 1212 3873 supplicii,
1254 3812 1354 3853 nec
1379 3796 1480 3849 hoc
1512 3794 1604 3847 illo
1632 3806 1753 3847 esse
1785 3790 1889 3844 mi-

285 3911 420 3965 nus!
468 3881 732 3960 lllevenim
765 3906 943 3970 potest
982 3894 1275 3951 obtendere
1313 3888 1479 3942 animi
1527 3881 1890 3955 perturbatio-

286 4015 427 4064 nem,
460 3998 587 4053 licet
626 3995 696 4049 sit
732 3996 1025 4062 praetextus
1067 3984 1279 4040 cuinon
1326 3979 1444 4035 dari
1474 3976 1645 4047 possit
1683 3973 1838 4029 venia
1871 3988 1885 4025 :

284 4085 735 4161 quemadmodum
780 4088 837 4135 et
864 4078 968 4138 fur.
999 4075 1228 4137 famem;
1256 4080 1308 4126 tu
1344 4077 1522 4124 autem
1550 4081 1619 4122 ne
1646 4067 1748 4121 hoc
1773 4066 1892 4134 qui-

284 4160 425 4238 dem.
459 4179 703 4248 Quanam
745 4188 875 4242 ergo
913 4171 981 4226 de
1019 4181 1201 4229 causa,
1243 4180 1365 4221 cum
1408 4179 1517 4218 non
1565 4160 1761 4215 fruaris
1801 4174 1895 4213 vo-

289 4276 510 4345 luptate,
543 4267 791 4339 supplicii
828 4266 1010 4322 socius
1037 4271 1093 4318 et
1123 4259 1388 4332 particeps
1426 4254 1645 4312 evadis?
1675 4253 1741 4308 Et
1772 4250 1894 4307 ideo

286 4366 493 4422 externi
520 4379 735 4437 quoque
758 4360 967 4430 judices
992 4373 1099 4412 non
1128 4369 1223 4411 eos
1250 4352 1424 4408 solum
1452 4349 1543 4419 qui
1570 4347 1747 4403 scelus
1777 4361 1898 4415 per-

289 4468 597 4532 petmrnnt,
639 4455 735 4511 sed
774 4467 962 4510 servos
991 4452 1190 4511 etiam,
1222 4462 1358 4518 quos
1399 4444 1632 4500 viderint
1675 4441 1898 4497 sceleris

294 4556 455 4610 nuisse
480 4550 750 4614 conscios,
780 4548 1009 4618 puniunt
1044 4561 1057 4596 :
1090 4553 1147 4599 et
1178 4540 1381 4596 domini
1414 4538 1506 4609 qui
1536 4550 1630 4593 eos
1658 4534 1895 4599 tradunt,

292 4649 539 4703 lubenter
564 4658 751 4699 eorum
794 4639 1105 4711 sanguinem
1134 4635 1411 4699 biberent,
1445 4641 1500 4688 et
1526 4630 1784 4686 carnibus
1808 4643 1902 4682 ve-

290 4746 593 4799 scerentur,
617 4748 719 4790 nec
739 4734 1001 4786 minorem
1021 4729 1155 4798 ejus,
1178 4725 1319 4797 quod
1340 4724 1535 4779 factum
1558 4731 1661 4787 est,
1686 4720 1899 4791 culpam

294 4832 344 4885 in
383 4844 479 4883 eos
507 4825 812 4889 conferunt,
854 4836 1016 4893 quam
1057 4820 1110 4873 in
1141 4834 1262 4874 eam
1300 4832 1421 4887 qua:
1461 4824 1545 4871 est
1577 4813 1904 4869 adulterata.

294 4920 393 4989 Qui
444 4919 591 4973 enim
629 4929 864 4984 expansa
908 4913 1024 4968 vela
1073 4925 1178 4964 non
1210 4914 1613 4969 contraxerunt,
1660 4906 1744 4970 iis,
1781 4919 1902 4973 qua:

296 5013 511 5067 occulte
556 5008 775 5072 fiebant,
803 5006 1068 5061 dederunt
1109 5004 1367 5073 majorem
1400 5000 1704 5055 facultatem
1738 5016 1752 5052 :
1784 4997 1819 5051 ii
1846 5005 1902 5052 et

298 5106 564 5161 adulterio
588 5101 841 5172 pollutam
867 5099 1171 5161 mulierem,
1200 5107 1252 5151 et
1278 5095 1527 5152 maritum
1550 5092 1636 5147 cui
1665 5092 1796 5146 facta
1821 5099 1904 5145 est

300 5196 516 5266 injuria,
540 5202 595 5248 et
625 5206 751 5248 eum
784 5191 957 5261 ipsum
988 5189 1079 5258 qui
1105 5188 1427 5243 adulterium
1456 5184 1745 5249 commisit,
1774 5198 1904 5238 cou-

302 5288 515 5342 tumelia
552 5294 609 5340 et
650 5285 846 5354 probro
887 5280 1199 5337 affecerunt.
1252 5279 1308 5334 Si
1353 5279 1495 5333 enim
1542 5274 1904 5348 praenuntias-

301 5389 440 5441 sent,
473 5379 519 5433 si
542 5377 595 5432 id
623 5375 1032 5445 significassent,
1075 5373 1261 5427 abacta
1287 5380 1337 5425 et
1361 5371 1569 5426 sublata
1604 5377 1751 5425 esset
1784 5384 1905 5424 om-

304 5478 384 5527 nis
424 5471 657 5528 venatio.
694 5469 762 5525 Et
798 5465 1251 5539 quemadmodum
1281 5466 1332 5519 in
1374 5465 1507 5519 retia
1534 5464 1768 5519 maxime
1808 5461 1909 5516 im-

305 5566 548 5627 mittunt,
581 5563 671 5632 qui
722 5562 856 5617 retia
901 5560 1228 5624 extendunt,
1279 5567 1334 5613 et
1376 5558 1441 5611 iis
1484 5572 1605 5626 quae
1645 5553 1907 5627 capienda

305 5664 429 5712 sunt
448 5653 711 5717 assident,
733 5666 1055 5723 omnemque
1075 5650 1256 5705 dolum
1280 5650 1427 5704 omni
1448 5664 1511 5703 ex
1536 5656 1686 5718 parte
1708 5648 1905 5712 celant,

306 5765 406 5805 nec
424 5746 734 5815 strepitum,
758 5760 858 5799 nec
877 5742 1072 5814 aliquid
1094 5742 1237 5797 aliud
1265 5741 1376 5797 fieri
1408 5742 1739 5810 permittunt,
1767 5739 1907 5811 quod

306 5850 491 5912 posset
533 5838 701 5895 feram
732 5838 944 5907 :d-igcre
978 5853 990 5887 :
1022 5836 1090 5891 ita
1122 5836 1204 5891 hic
1234 5836 1418 5902 ctiam,
1449 5835 1495 5891 si
1534 5832 1801 5890 asscdcris
1834 5834 1905 5887 la-

1385 360 1749 423 EXPOSITIO
1791 358 1853 414 IN
1896 354 2225 412 PSALMUM
2265 352 2460 409 XLIX.

3487 345 3597 402 254

1975 485 2137 543 queo,
2163 468 2253 537 qui
2275 473 2358 523 est
2379 466 2586 535 positus
2605 479 2634 517 a
2659 463 2898 529 diabolo,
2931 471 3126 518 etcum
3148 463 3290 518 scias
3316 461 3432 518 fore
3455 474 3511 516 ut
3541 465 3596 517 in

1971 576 2094 617 eum
2125 559 2339 614 adulter
2380 558 2600 624 incidat,
2645 572 2822 627 neque
2866 557 3157 626 strepitum
3188 557 3339 625 edas,
3373 574 3473 613 nec
3504 569 3591 612 tuo

1975 654 2200 707 multum
2237 651 2463 715 excites,
2498 658 2627 730 tunc
2654 665 2776 704 eum
2809 651 3044 715 maxime
3074 650 3276 718 perdis.

2047 743 2284 798 Proximi
2311 760 2437 797 cura
2463 742 2713 796 habenda.
2733 740 2907 797 --Νο
2926 743 3070 797 enim
3098 742 3300 797 dixeris
3326 742 3457 797 illud
3475 758 3596 799 ver-

1978 836 2125 898 bum,
2152 834 2293 904 quod
2326 848 2517 904 magna
2552 832 2845 889 indolentia
2880 834 3095 903 plenum
3134 843 3217 889 est
3248 835 3432 904 :Quid
3462 835 3596 891 mibi

1972 944 2118 982 cura:
2141 927 2263 982 est?
2303 942 2435 982 euro
2465 942 2567 997 ego
2598 942 2717 981 mea
2745 944 2759 980 :
2802 939 2932 981 tunc
2960 928 3103 981 enim
3132 936 3219 981 tua
3244 918 3476 984 maxime
3502 942 3597 983 cu-

1974 1022 2139 1086 rabis,
2174 1020 2390 1090 quando
2411 1030 2519 1085 tua
2546 1036 2760 1091 quaeres
2789 1019 2843 1074 in
2873 1035 2941 1075 co
2966 1020 3109 1090 quod
3136 1028 3220 1075 est
3249 1021 3379 1075 utile
3406 1021 3594 1090 proxi-

1974 1128 2083 1167 mo.
2116 1113 2184 1181 Et.
2201 1112 2321 1167 ideo
2347 1112 2558 1167 dicebat
2580 1112 2778 1168 Paulus
2804 1130 2817 1166 :
2851 1111 3020 1167 Nemo
3040 1114 3175 1181 quod
3195 1130 3346 1166 suum
3366 1123 3440 1168 est
3461 1130 3597 1183 qum-

1973 1216 2075 1273 rat,
2105 1206 2196 1260 sed
2230 1208 2366 1277 quod
2408 1206 2618 1260 alterius
2649 1206 2728 1275 (1.
2772 1204 2891 1260 Cor.
2928 1206 3016 1261 10.
3049 1206 3166 1276 24).
3211 1205 3283 1263 Ut
3326 1207 3593 1273 invenias,

1974 1302 2167 1371 inquit,
2196 1300 2339 1371 quod
2370 1310 2519 1355 tuum
2565 1309 2668 1371 est,
2697 1315 2878 1370 qumre
2919 1298 3063 1370 quod
3100 1308 3184 1356 est
3218 1301 3465 1356 alterius.
3515 1300 3589 1355 0s

1975 1404 2116 1447 tuum
2162 1392 2434 1452 abundavit
2464 1393 2685 1457 malitia,
2727 1404 2774 1447 et
2800 1394 2976 1463 lingua
3014 1404 3102 1447 tua
3139 1394 3473 1448 concinnabat
3500 1394 3598 1448 do-

1978 1488 2075 1542 les.
2118 1487 2317 1542 Sedens
2360 1487 2605 1541 adversus
2635 1490 2848 1558 fratrem
2893 1496 3037 1540 tuum
3065 1488 3372 1565 loquebaris,
3402 1474 3448 1541 et
3495 1489 3596 1541 ad-

1978 1596 2152 1635 versus
2177 1581 2344 1649 ﬁlium
2370 1580 2548 1633 matris
2585 1589 2686 1633 tua:
2725 1580 2946 1645 ponebas
2983 1581 3310 1638 scandalum.
3338 1580 3417 1637 Ne
3448 1582 3595 1637 enim

1977 1672 2219 1728 diceret:
2253 1672 2366 1728 Hoc
2398 1672 2532 1727 facio
2559 1688 2626 1727 cx
2657 1672 2996 1728 humanitate
3028 1691 3041 1724 :
3090 1688 3258 1744 ecqua
3302 1682 3449 1729 certe
3476 1672 3596 1731 fue-

1975 1764 2044 1819 rit
2073 1764 2399 1828 humanitas,
2424 1778 2548 1818 enm
2574 1764 2664 1834 qui
2687 1777 2915 1818 casurus
2940 1772 3021 1818 est
3048 1763 3101 1819 in
3137 1762 3596 1822 barathrumnon

1978 1854 2266 1923 prohibere
2306 1868 2407 1910 nec
2431 1853 2714 1909 retinere?
2744 1853 2942 1924 iniqua:
2982 1854 3241 1923 voluptati
3267 1855 3555 1924 gratificari
3574 1856 3600 1909 ’ἒ

1976 1962 2101 2001 eum
2130 1947 2221 2017 qui
2250 1946 2588 2001 mortiferum
2617 1946 2751 2001 bibit
2771 1961 3038 2001 venenum
3062 1947 3373 2017 negligere?
3397 1946 3597 2001 Vcrn'm

1977 2057 2048 2097 ne
2073 2041 2175 2097 hoc
2195 2042 2413 2111 quidem
2444 2041 2650 2113 poteris
2676 2041 2879 2096 dicere.
2906 2039 3061 2108 Quod
3087 2041 3232 2095 enim
3265 2055 3371 2094 non
3402 2040 3465 2095 sit
3498 2040 3601 2096 hoc

1978 2131 2349 2189 humanitatis.
2378 2132 2474 2187 sed
2530 2131 2926 2195 somnolentiaa,
2958 2131 3205 2201 sognitiei
3232 2142 3286 2185 et
3314 2131 3596 2195 socordiae,

1979 2222 2104 2278 hinc
2130 2238 2321 2279 cernas
2352 2240 2363 2276 :
2396 2215 2671 2292 quomodo
2701 2239 2769 2277 eo
2794 2223 3020 2277 dimisso
3047 2223 3139 2292 qui
3171 2221 3299 2276 facit
3323 2222 3597 2292 injuriam,

1979 2313 2201 2369 fratrem
2246 2314 2535 2369 maledicto
2564 2313 2735 2369 al'licis
2763 2313 2852 2383 qui
2895 2312 3094 2367 nullam
3136 2312 3267 2370 fecit
3305 2314 3553 2383 injuriam
3576 2314 3604 2368 2

1980 2409 2249 2478 quomodo
2269 2407 2541 2462 insidiaris
2557 2408 2605 2461 ei
2626 2408 2715 2478 qui
2738 2406 2870 2461 nihil
2889 2405 3133 2469 offendit,
3160 2387 3295 2460 nillil
3337 2406 3603 2477 deliquit?

1981 2499 2119 2555 Vide
2145 2513 2412 2552 summam
2440 2498 2726 2569 utrobique
2754 2494 3068 2567 nequitiam.
3101 2497 3237 2552 Eum
3265 2497 3482 2566 quidem
3510 2497 3600 2566 qui

1981 2601 2065 2647 est
2084 2593 2265 2647 ebrius
2292 2592 2607 2662 cupiditate,
2632 2608 2739 2645 non
2768 2591 3023 2660 prohibes
3048 2591 3338 2661 quominus
3365 2590 3601 2644 inebrie-

1986 2694 2089 2750 tur,
2124 2695 2183 2740 ut
2207 2686 2278 2741 sit
2307 2695 2639 2754 temperatus
2668 2703 2680 2738 :
2716 2700 2840 2740 eum
2868 2693 3047 2739 autem
3092 2684 3183 2754 qui
3226 2685 3427 2739 nullam
3480 2682 3605 2738 fecit

1985 2776 2260 2845 injuriam,
2306 2768 2483 2845 punis.
2521 2774 2720 2830 Sedens
2748 2775 2891 2829 enim
2922 2774 3165 2828 adversus
3208 2777 3421 2844 fratrem
3460 2783 3607 2827 tuum

1986 2867 2289 2936 loquebaris,
2323 2875 2370 2920 et
2402 2866 2646 2923 adversus
2679 2865 2847 2934 ﬁlium
2872 2865 3051 2919 matris
3079 2874 3181 2919 tua:
3206 2865 3429 2934 ponebas
3449 2880 3605 2917 scan-

1987 2959 2195 3014 dalum.

2059 3050 2113 3108 9.
2148 3050 2282 3109 Vide
2307 3050 2578 3121 quomodo
2608 3050 2659 3104 in
2690 3049 3014 3104 narrationis
3040 3048 3275 3119 decursu
3301 3056 3463 3118 auget
3490 3063 3589 3102 ac-

1988 3145 2347 3199 cusationem.
2403 3144 2565 3210 Eum,
2616 3143 2811 3214 inquit,
2858 3142 2949 3212 qui
3002 3141 3160 3195 matri
3205 3139 3305 3195 fuit
3355 3141 3408 3194 in
3449 3150 3607 3210 partu

1989 3252 2151 3293 causa
2192 3237 2523 3291 .eormndem
2572 3235 2823 3290 dolorum
2850 3277 2866 3301 ,
2895 3233 2985 3303 qui
3017 3231 3115 3288 fuit
3171 3231 3413 3303 ejusdem
3470 3234 3609 3287 uteri

1991 3331 2280 3401 particeps,
2311 3330 2400 3399 qui
2432 3331 2485 3382 in
2513 3329 2704 3384 eadem
2731 3328 2894 3381 domo
2920 3333 2977 3382 et
3005 3342 3071 3381 ex
3094 3325 3285 3381 eadem
3309 3341 3496 3380 mensa
3522 3326 3601 3380 ci-

1990 3422 2121 3477 bum
2171 3422 2423 3491 sumpsit,
2454 3421 2545 3491 qui
2576 3435 2642 3475 ex
2683 3418 2872 3474 eadem
2903 3418 3087 3473 radice
3132 3418 3471 3489 germinavit,
3517 3418 3610 3490 qui

1991 3513 2134 3569 idem
2177 3513 2339 3568 habet
2384 3523 2537 3566 ortus
2585 3511 2934 3582 principium,
2964 3510 3055 3581 qui
3103 3510 3170 3564 ab
3202 3510 3422 3565 ineunte
3451 3519 3612 3565 tutata

1994 3612 2172 3663 tecu‘m
2219 3605 2407 3666 crevit.
2439 3618 2564 3659 eum
2598 3602 2903 3659 maledictis
2930 3600 3215 3657 inseetaris
3244 3618 3258 3654 :
3287 3610 3342 3655 et
3376 3616 3483 3655 non
3517 3616 3608 3654 so-

1992 3699 2104 3753 lum
2148 3696 2569 3763 insectaris,sed
2598 3697 2763 3751 etiam
2812 3696 2867 3751 in
2912 3709 3050 3767 opus
3093 3693 3317 3750 deducis
3355 3693 3615 3748 insidias?

1994 3790 2110 3845 Hoc
2147 3790 2292 3845 enim
2335 3789 2437 3845 sibi
2475 3789 2610 3854 vult,
2669 3787 2907 3843 Ponebas
2954 3785 3277 3840 scandalum.
3325 3784 3380 3841 Si
3426 3794 3606 3840 autem

1994 3898 2104 3958 non
2118 3892 2201 3937 est
2222 3880 2562 3957 impetendus
2579 3879 2900 3943 maledictis,
2925 3878 3016 3949 qui
3034 3870 3350 3933 naturalium
3370 3876 3613 3947 pariendi

1996 3975 2246 4030 dolorum
2275 3974 2329 4029 in
2363 3973 2557 4029 eodem
2586 3971 2685 4028 fuit
2715 3983 2868 4026 utero
2896 3970 3167 4048 particeps
3198 3987 3210 4024 :
3245 3968 3417 4024 multo
3439 3969 3613 4040 magis

1996 4068 2090 4139 qui
2118 4066 2499 4138 spiritualium.
2524 4065 2638 4121 Nec
2665 4079 2798 4136 ergo
2823 4064 3099 4134 permitte,
3151 4070 3211 4117 ut
3236 4062 3282 4117 is
3322 4061 3480 4117 cadat
3515 4062 3611 4132 qui

1999 4172 2083 4218 est
2110 4175 2430 4234 peccaturus
2459 4178 2471 4216 :
2503 4175 2604 4216 nec
2630 4175 2754 4215 eum
2805 4158 2893 4229 qui
2936 4157 3137 4212 nullam
3178 4155 3310 4211 fecit
3360 4154 3615 4226 injuriam

2000 4254 2333 4309 calumniare
2364 4295 2378 4319 ,
2415 4263 2470 4311 et
2496 4252 2755 4306 conviciis
2787 4252 3019 4305 incesse.
3053 4248 3166 4304 Hoc
3191 4257 3275 4303 est
3300 4248 3447 4304 enim
3472 4248 3615 4302 invi-

2000 4347 2127 4414 ὀίω,
2157 4347 2289 4402 illud
2318 4361 2449 4402 vero
2478 4345 2791 4401 indolentia:
2836 4362 2851 4398 :
2896 4357 3005 4399 non
3037 4344 3275 4399 retinere
3317 4343 3463 4398 enim
3490 4357 3617 4399 eum

2002 4440 2093 4510 qui
2125 4448 2209 4498 est
2237 4453 2483 4504 casurus,
2514 4446 2600 4492 est
2630 4435 2943 4491 indolentia:
2972 4452 2987 4489 :
3016 4433 3231 4490 invidia:
3253 4441 3458 4501 autem,
3488 4448 3613 4488 eum

2003 4528 2217 4603 quistat
2241 4532 2495 4603 dejicere.
2525 4531 2661 4586 Vide
2686 4542 2866 4585 autem
2890 4528 3164 4600 quomodo
3193 4542 3301 4581 non
3333 4542 3457 4581 eum
3488 4528 3619 4583 sub-

2004 4626 2206 4682 indieat
2231 4626 2319 4695 qui
2368 4622 2690 4693 simpliciter
2721 4632 2775 4677 et
2802 4619 3049 4675 absolute
3093 4629 3332 4693 aceusat,
3364 4618 3460 4675 sed
3490 4635 3615 4674 eum

2005 4718 2096 4787 qui
2126 4733 2253 4773 cum
2282 4715 2429 4780 dolo,
2477 4724 2533 4771 et
2559 4713 2739 4769 dedita
2765 4726 2930 4782 opera
2958 4710 3012 4765 id
3038 4710 3187 4764 facit.
3218 4709 3417 4765 Sedens
3448 4711 3617 4777 enim,

2005 4810 2214 4880 inquit,
2264 4808 2509 4863 adversus
2557 4811 2772 4877 fratrem
2814 4814 2959 4859 tuum
3012 4803 3297 4875 loquebaris
3328 4842 3344 4856 .
3375 4803 3445 4858 Et
3487 4803 3621 4858 Cain

2007 4904 2227 4973 quidem
2259 4917 2431 4956 unum
2473 4900 2697 4955 fratrem
2723 4898 2992 4954 sublatum
3015 4897 3274 4966 pmsenti
3310 4897 3416 4952 vita
3442 4912 3621 4967 expu-

2009 4995 2071 5049 lit
2094 5013 2107 5051 :
2138 4995 2191 5048 bi
2220 5004 2399 5073 autem
2418 4991 2861 5059 innumerabiles,
2894 5005 2993 5061 per
3019 5005 3080 5046 ea
3102 5005 3221 5060 quae
3248 4989 3390 5045 male
3410 4988 3619 5055 dicunt,

2008 5088 2285 5157 dejiciunt,
2333 5096 2389 5142 et
2422 5086 2631 5156 seipsos
2675 5086 2902 5154 primos.
2950 5083 3069 5139 Non
3107 5098 3230 5139 eum
3271 5083 3415 5138 enim
3446 5083 3623 5138 solum

2008 5179 2102 5249 qui
2124 5188 2428 5243 accusatur,
2456 5176 2555 5232 sed
2581 5177 2718 5233 alios
2748 5176 2913 5232 etiam
2946 5176 3170 5242 lmdunt,
3216 5176 3327 5231 imo
3355 5190 3484 5231 vero
3506 5192 3625 5230 ma-

2009 5277 2091 5343 gis
2116 5286 2213 5328 eos
2240 5272 2416 5327 solum
2437 5272 2529 5341 qui
2565 5286 2628 5327 ea
2658 5270 2969 5335 admittunt.
2998 5270 3100 5335 Qui
3129 5272 3273 5324 enim
3304 5270 3439 5324 falso
3483 5269 3626 5323 male

2011 5365 2183 5430 audit,
2212 5381 2318 5419 non
2351 5364 2513 5419 modo
2545 5364 2689 5419 nulla
2732 5362 2927 5433 injuria
2949 5361 3172 5417 affectus
3192 5372 3295 5428 est,
3330 5361 3427 5415 sed
3450 5360 3624 5414 maxi-

2014 5473 2157 5513 mam
2185 5458 2348 5512 etiam
2378 5456 2540 5511 habet
2569 5455 2900 5511 mercedem.
2946 5454 3063 5509 Non
3090 5455 3233 5509 enim
3265 5454 3355 5523 qui
3402 5452 3623 5522 patitur,

2015 5553 2110 5608 sed
2153 5552 2244 5623 qui
2272 5552 2413 5607 male
2449 5551 2559 5621 agit
2589 5592 2603 5616 ,
2632 5558 2717 5606 est
2757 5550 2953 5621 dignus
2981 5549 3249 5619 supplicio
3294 5566 3307 5601 :
3340 5548 3414 5602 ita
3459 5547 3625 5602 etiam

2018 5647 2109 5718 qui
2138 5646 2288 5713 dicit,
2318 5660 2425 5701 non
2455 5645 2547 5716 qui
2570 5646 2740 5710 audit,
2769 5644 2933 5700 modo
2953 5658 3019 5699 ne
3047 5644 3137 5699 ille
3167 5641 3405 5711 praebeat
3418 5641 3620 5712 justam

2016 5726 2378 5793 maledicendi
2421 5738 2787 5794 occasionem.
2843 5735 2961 5791 Non
3017 5735 3121 5791 hoc
3168 5748 3298 5804 ergo
3328 5735 3631 5789 contenda-

2023 5847 2141 5887 mus
2163 5875 2178 5900 ,
2207 5849 2271 5888 ne
2301 5833 2439 5887 male
2469 5831 2751 5887 audiamus
2782 5827 2926 5903 (hoc
2954 5828 3097 5885 cnim
3132 5826 3244 5882 fieri
3271 5840 3375 5882 non
3404 5833 3586 5895 potest
