4058 6450
478 350 589 408 255

481 480 540 525 et
560 478 650 526 est
672 465 868 524 Christi
911 464 1197 530 sententia,
1227 478 1348 534 qua
1376 461 1545 518 dicit:
1583 461 1672 517 Vat
1694 460 1833 516 vobis
1858 460 2066 541 quando

481 559 826 614 benedixerint
860 554 1006 609 ~uoltis
1040 569 1211 611 omnes
1260 553 1485 606 homines
1515 549 1666 625 [Lua
1703 550 1757 606 6.
1786 548 1942 623 26]),
1974 548 2067 605 sed

483 666 554 707 ne
584 665 684 705 nos
720 648 1059 719 praebeamus
1101 646 1431 701 occasiones.
1476 643 1577 710 Qui
1617 643 1759 699 enim
1794 642 1906 697 vult
1930 641 2070 697 bene

483 740 671 796 audire
723 739 791 793 ab
842 738 1127 804 omnibus,
1182 751 1332 791 suam
1382 735 1614 790 animam
1669 748 1819 802 saepe
1868 730 2066 802 perdit,

483 846 670 887 amans
708 830 994 885 humanam
1020 828 1268 899 gloriam,
1316 828 1615 881 inserviens
1642 825 1697 879 in
1725 824 1791 879 iis
1811 838 1929 893 quae
1957 836 2065 877 non

482 922 660 988 decet,
692 922 906 992 placens
931 921 983 974 in
1008 921 1075 974 iis
1097 934 1216 988 quae
1246 932 1355 972 non
1381 926 1615 987 oportet,
1640 923 1698 969 ut
1727 915 1795 969 ab
1822 914 1903 969 eis
1924 922 2067 967 emat

483 1014 728 1084 gratiam.
753 1012 962 1067 Rursus
988 1010 1079 1081 qui
1104 1009 1403 1066 contemnit
1426 1008 1565 1062 male
1589 1005 1773 1061 audire
1803 1005 1871 1059 ab
1893 1004 2069 1057 omni-

487 1106 606 1171 bus,
630 1104 789 1159 etiam
816 1103 1050 1172 seipsum
1083 1100 1276 1171 perdit.
1304 1096 1762 1166 Quemadmodum
1785 1095 1930 1150 enim
1952 1092 2067 1177 ﬁeri

484 1209 592 1249 non
619 1188 793 1264 potest
818 1201 876 1246 ut
903 1191 985 1245 vir
1024 1192 1196 1245 bonus
1225 1190 1361 1245 bene
1384 1186 1564 1243 audiat
1591 1186 1659 1241 ab
1682 1184 1953 1250 omnibus,
1994 1185 2067 1238 ita

484 1287 646 1342 etiam
674 1282 787 1339 ﬁeri
816 1299 923 1339 non
966 1291 1166 1354 potest,
1193 1290 1252 1337 ut
1288 1282 1365 1337 ab.
1384 1279 1633 1335 omnibus
1674 1277 1814 1333 male
1862 1276 2065 1342 audiat,

484 1376 576 1445 qui
623 1375 815 1429 multas
841 1373 1022 1428 multis
1048 1374 1117 1427 de
1161 1373 1334 1427 causis
1363 1371 1587 1441 praebuit
1631 1370 1771 1424 male
1816 1366 2067 1423 audiendi

482 1467 814 1522 occasiones.
843 1464 901 1519 Si
940 1472 1119 1518 autem
1148 1464 1276 1517 dum
1308 1471 1363 1515 tu
1407 1460 1542 1515 nihil
1574 1458 1781 1529 prtebcs
1815 1457 2068 1512 oti'ensio-

483 1560 588 1627 nis,
610 1568 737 1616 sunt
760 1558 848 1629 qui
875 1556 966 1611 tibi
998 1555 1333 1619 maledicant,
1360 1562 1485 1607 tunc
1508 1559 1591 1607 est
1618 1551 1711 1606 tibi
1732 1550 1903 1619 major
1927 1562 2067 1602 mer—

483 1665 596 1715 ces,
627 1650 766 1705 sicut
806 1663 906 1703 usu
950 1647 1195 1702 veniebat
1221 1644 1497 1715 apostolis,
1540 1651 1597 1697 et
1643 1640 1918 1712 praeclaris
1962 1639 2068 1693 illis

482 1743 631 1796 viris.
684 1741 853 1797 Porro
884 1739 1013 1794 illud
1063 1751 1276 1807 quoque
1324 1734 1622 1800 sciendum,
1665 1732 1807 1802 quod
1854 1730 2065 1785 etiamsi

480 1830 600 1901 quis
630 1828 911 1883 maledicat
934 1828 985 1881 in
1013 1842 1093 1889 re,
1115 1825 1268 1894 cujus
1291 1838 1389 1878 nos
1412 1837 1518 1877 non
1542 1822 1759 1876 damnat
1796 1821 2068 1875 conscien-

478 1922 573 1986 tia,
600 1935 703 1974 non
734 1927 816 1973 est
860 1926 1142 1986 propterea
1172 1911 1602 1968 contemnendus
1630 1921 1914 1966 accusator
1951 1923 2069 1979 pro-

480 2019 597 2079 pter
622 2008 871 2064 damnum
894 2022 1000 2076 quo
1030 2016 1080 2059 te
1106 2004 1293 2069 allicit,
1325 2003 1420 2058 sed
1450 2002 1627 2057 omnia
1660 1999 1901 2055 facienda
1940 2008 2067 2054 sunt

477 2115 599 2154 cum
620 2114 682 2153 ea
707 2113 808 2168 qua
835 2113 928 2167 par
948 2105 1031 2152 est
1054 2096 1320 2159 cautione,
1364 2102 1425 2148 ut
1452 2093 1605 2147 tollas
1635 2091 1884 2160 injustam
1909 2102 2065 2145 ocea-

479 2190 709 2245 sionem.
731 2190 1001 2256 Quocirca
1022 2188 1214 2241 Paulus
1235 2186 1393 2240 etiam
1420 2183 1667 2238 mittebat
1695 2182 1895 2237 multos
1924 2180 2064 2236 datis

479 2281 743 2351 pecuniis,
773 2279 861 2349 qui
888 2279 1140 2333 aﬂ‘errent
1178 2278 1430 2332 alimenta
1460 2273 1779 2345 pauperibus
1818 2274 1908 2342 (1.
1940 2270 2061 2326 Cor.

476 2371 565 2427 16.
583 2371 641 2439 5)
662 2388 677 2424 :
701 2383 915 2425 causam
940 2376 1117 2423 autem
1142 2366 1313 2432 aﬂ‘ert,
1341 2365 1563 2421 dicens:
1588 2362 1673 2418 Ne
1694 2362 1803 2433 quis
1823 2378 1915 2417 nos
1936 2363 2068 2416 ritu-

475 2471 616 2536 petet
632 2463 685 2516 in
706 2464 801 2517 hac
830 2461 1143 2516 abundantia
1161 2474 1277 2531 qua
1298 2460 1617 2514 ministratur
1633 2473 1666 2511 a
1688 2456 1829 2511 nobis
1847 2456 1929 2524 (2.
1944 2454 2063 2511 Cor.

476 2554 534 2609 8.
558 2552 631 2609 20
649 2553 690 2624 ).
722 2552 905 2623 Neque
920 2553 1086 2618 enim,
1113 2564 1235 2605 cum
1269 2548 1475 2605 videret
1515 2540 1748 2601 futurum
1772 2556 1830 2599 ut
1875 2546 2066 2600 imme-

478 2645 587 2701 rito
634 2642 1053 2705 oﬂ'enderentur,
1101 2639 1205 2694 hoc
1231 2638 1475 2709 despexit
1513 2644 1570 2692 et
1611 2635 1848 2706 neglexit
1898 2651 1913 2687 :
1962 2631 2062 2688 sed

472 2733 726 2806 quoniam
770 2733 969 2789 eratin
995 2733 1113 2802 ejus
1149 2738 1414 2801 potestate
1456 2736 1517 2784 ut
1572 2727 1784 2783 tolleret
1832 2724 2061 2781 offendi-

471 2826 669 2892 culum,
712 2824 790 2881 eis
831 2838 1043 2896 quoque
1066 2824 1155 2893 qui
1206 2820 1614 2877 oﬂ‘endebantur
1643 2816 1937 2889 prospexit.
1987 2816 2056 2871 Et

470 2930 657 2973 rursus
677 2916 803 2971 alibi
828 2915 958 2971 dicit
986 2930 1003 2969 :
1030 2914 1091 2969 Si
1116 2912 1257 2968 cibus
1282 2909 1494 2989 offendit
1519 2912 1728 2983 fratrem
1749 2924 1935 2973 meum,
1957 2922 2060 2960 non

470 3006 731 3064 comedam
752 3021 929 3060 carnes
948 3006 1003 3059 in
1020 3013 1283 3067 internum,
1307 3018 1372 3057 ne
1386 3004 1595 3073 fratrem
1612 3014 1778 3053 meum
1800 2995 2058 3077 alendam

470 3100 552 3172 (l.
578 3100 698 3156 Cor.
720 3098 775 3155 8.
806 3098 932 3167 i3).
962 3096 1121 3166 Atqui
1150 3094 1265 3153 haec
1294 3101 1448 3149 erant
1473 3078 1855 3157 indifferentia,
1887 3099 1943 3144 et
1972 3098 2056 3142 ta-

472 3206 617 3255 tuen,
655 3188 735 3257 Si,
760 3188 953 3259 inquit,
1000 3185 1350 3242 offensionem
1389 3182 1639 3249 aﬂ'erunt,
1685 3178 1928 3252 quamvis
1971 3193 2061 3235 me

471 3294 576 3337 non
601 3279 815 3341 laedant,
843 3293 947 3332 non
971 3276 1180 3347 neglige
1207 3274 1431 3329 salutem
1452 3287 1639 3337 eorum
1653 3270 1745 3341 qui
1772 3269 2055 3326 oﬂ'endun-

472 3379 581 3427 tur.
606 3368 665 3427 Si
708 3366 869 3424 fuerit
899 3367 1042 3422 enim
1065 3365 1318 3421 damnum
1345 3364 1518 3433 majus
1542 3362 1735 3427 salute,
1774 3368 2057 3416 contemne

471 3476 594 3518 eum
622 3460 711 3532 qui
738 3458 1061 3515 oil'enditur:
1090 3458 1170 3513 sin
1194 3457 1391 3523 minus,
1414 3470 1482 3511 ne
1507 3453 1913 3524 contempseris.
1943 3450 2056 3508 Hoc

470 3552 613 3607 enim
639 3550 710 3605 sit
727 3548 979 3621 generale
997 3547 1271 3603 decretum
1293 3553 1350 3601 et
1375 3545 1581 3617 regula,
1612 3544 1817 3601 docens
1836 3543 2052 3613 quando

467 3650 714 3714 Oporteat
736 3649 1082 3697 mntemnere
1107 3652 1201 3695 eos
1224 3638 1313 3708 qui
1344 3635 1688 3693 offenduntur
1714 3676 1731 3703 ,
1760 3642 1817 3690 et
1840 3633 2055 3705 quando

469 3749 579 3789 non
605 3752 618 3789 :
650 3729 1121 3805 quemadmodum,
1144 3730 1293 3785 verbi
1318 3729 1507 3800 gratia,
1534 3714 1941 3783 oﬂ‘endebantur
1959 3725 2058 3780 Ju-

468 3823 571 3882 daei
600 3823 743 3896 quod
784 3822 979 3879 Paulus
1012 3820 1185 3892 legem
1230 3835 1336 3876 non
1366 3828 1641 3875 servaret:
1674 3827 1729 3873 et
1772 3827 2052 3888 propterea

469 3916 635 3973 multa
662 3909 824 3969 millia
848 3913 1177 3980 resiliebant,
1205 3919 1262 3966 et
1286 3912 1338 3965 in
1370 3910 1473 3966 lide
1502 3908 1893 3964 claudicabant.
1914 3907 2050 3976 Quid

470 4020 599 4076 ergo
640 4002 800 4059 facit?
848 4001 1048 4057 Volens
1083 4000 1283 4056 mederi
1318 3998 1599 4055 offensioni
1648 3998 1857 4069 (major
1907 3998 2049 4053 enim

468 4104 585 4153 erat
609 4095 751 4150 salus
781 4100 860 4148 tot
884 4091 1183 4164 millium),
1226 4100 1281 4145 et
1307 4089 1678 4146 claudicationi
1723 4089 1915 4144 all‘erre
1959 4104 2051 4145 re-

469 4185 726 4249 medium,
772 4183 988 4239 interim
1034 4182 1309 4252 impedivit
1353 4180 1639 4251 quominus
1680 4180 2055 4236 ostenderetur

468 4292 530 4335 se
566 4280 735 4347 legem
763 4291 869 4331 non
910 4289 1147 4342 servare,
1178 4273 1320 4345 quod
1349 4272 1519 4343 majus
1565 4282 1701 4329 erat.
1735 4272 1940 4327 Rursus
1968 4272 2051 4328 of-

469 4367 821 4425 l'endebantur
859 4366 1002 4436 quod
1029 4364 1342 4420 cruciﬁxum
1372 4362 1687 4433 praedicaret
1712 4363 1792 4433 (1.
1842 4361 1961 4417 Cor.
1994 4363 2046 4418 1.

466 4457 729 4529 23):bic
770 4455 1091 4526 contempsit
1141 4468 1236 4509 eos
1280 4453 1372 4523 qui
1418 4451 1841 4518 oli‘endebantur,
1879 4452 2051 4531 majus

468 4550 612 4606 enim
662 4555 778 4603 erat
830 4547 1033 4602 lucrum
1078 4545 1495 4616 praedicationis.
1546 4543 1662 4600 Hoc
1714 4543 1872 4599 etiam
1924 4543 2052 4599 fecit

465 4636 731 4693 Christus.
770 4637 902 4691 Dum
941 4638 1084 4692 enim
1110 4650 1230 4691 cum
1261 4636 1340 4691 eis
1365 4634 1433 4691 de
1470 4634 1605 4690 cibis
1635 4634 1947 4700 dissereret,
1996 4644 2050 4690 et

466 4728 881 4793 oli‘enderentur,
929 4742 996 4783 eo
1038 4726 1270 4797 dicente,
1326 4723 1474 4790 Quod
1520 4726 1674 4779 intrat
1707 4741 1798 4794 per
1838 4741 1915 4787 os,
1944 4742 2048 4779 non

466 4818 756 4888 coinquinat
773 4816 1046 4887 hominem,
1076 4816 1165 4871 sed
1188 4815 1324 4888 quod
1348 4815 1607 4886 egreditur
1634 4832 1652 4869 .'
1680 4815 1812 4870 dicit
1841 4833 1855 4869 :
1880 4814 2049 4871 Sinite

466 4926 571 4965 eos.
613 4909 790 4963 Omnis
833 4910 1081 4979 plantatto
1117 4924 1269 4977 quam
1294 4924 1397 4961 non
1425 4909 1668 4978 plantavit
1690 4907 1846 4963 Pater
1885 4924 2044 4973 meus,

466 4999 803 5054 eradicabitur
856 4997 1072 5069 (Matth.
1121 4998 1209 5053 15.
1260 4997 1350 5053 11.
1381 5006 1427 5051 et
1465 5015 1514 5052 υ.
1546 4998 1635 5053 14.
1668 4998 1790 5069 13).
1822 4997 2047 5067 Quando

467 5100 646 5146 autem
671 5090 740 5145 ab
780 5104 846 5145 eo
877 5089 1071 5144 tributa
1100 5088 1406 5159 exigebant,
1436 5088 1539 5144 etsi
1582 5084 1785 5145 sciebat
1831 5103 1892 5145 se
1937 5106 2045 5145 non

466 5180 665 5238 debere
698 5195 760 5236 ea
790 5181 1020 5245 solvere,
1069 5189 1247 5236 tamen
1288 5182 1540 5252 quoniam
1572 5190 1779 5252 tempus
1808 5183 2043 5239 nondum

467 5273 786 5344 postulabat,
818 5281 875 5327 ut
922 5273 1245 5327 revelaretur
1268 5273 1383 5344 ejus
1424 5277 1730 5340 auctoritas,
1757 5276 1886 5331 dicit
1915 5294 1930 5331 :
1966 5276 2049 5333 Ne

467 5372 634 5418 autem
660 5378 745 5417 eos
762 5360 1077 5429 offendamus
1103 5404 1119 5430 ,
1152 5363 1280 5417 uade
1308 5363 1377 5416 ad
1400 5379 1558 5430 mare,
1585 5373 1629 5418 et
1657 5366 1794 5419 mitte
1817 5367 2043 5435 hamum,

469 5464 516 5510 et
543 5471 659 5509 eum
689 5455 870 5526 piscem
892 5454 977 5524 qui
998 5455 1187 5524 primus
1214 5455 1512 5521 ascenderit,
1532 5456 1669 5522 tolle,
1691 5467 1738 5512 et
1758 5459 1809 5511 iu
1829 5475 1885 5513 eo
1910 5458 2047 5513 inae-

470 5546 582 5600 nies
604 5556 871 5611 ueterem;
899 5548 967 5599 da
990 5562 1104 5601 eam
1122 5549 1194 5601 eis
1211 5564 1302 5617 pro
1330 5557 1378 5602 te
1401 5559 1446 5621 et
1474 5565 1568 5618 pro
1593 5566 1671 5603 me
1700 5549 1914 5621 (Matth.
1953 5553 2039 5606 17.

473 5634 546 5690 26
568 5632 607 5703 ).
635 5634 856 5701 Quando
888 5639 1027 5692 enim
1056 5636 1225 5706 legem
1255 5638 1421 5692 multa
1449 5638 1704 5707 sapientia
1736 5640 1944 5710 plenam
1965 5642 2045 5696 eis

476 5725 702 5794 ferebat,
751 5727 956 5798 ipsique
997 5729 1316 5787 insanabiles
1356 5741 1522 5796 erant,
1568 5732 1755 5787 merito
1785 5748 1879 5790 eos
1917 5749 2043 5789 con-

1209 349 1266 407 s.
1305 322 1585 407 πολλάκις
1619 343 2094 403 cusvsosrout
2128 344 2450 404 meumr.
2488 346 3025 405 consumam.

3660 349 3773 408 156

2181 462 2415 530 tempsit,
2469 470 2525 516 et
2567 462 2739 531 legem
2787 461 2948 515 solvit
2979 481 2994 516 :
3024 476 3143 516 cum
3173 470 3349 516 autem
3391 476 3497 516 non
3549 479 3770 532 possent

2174 553 2291 621 ejus
2318 552 2611 607 divinitatis
2662 553 2925 608 rationem
2972 554 3264 622 suscipere,
3315 554 3438 620 jure
3481 569 3672 609 rursus
3700 572 3765 610 se

2173 641 2414 710 dimittit,
2477 651 2531 698 et
2571 658 2683 697 sua:
2725 643 3019 701 divinitatis
3059 645 3319 699 rationem
3358 645 3615 700 tributum
3658 647 3771 701 sol-

2173 733 2350 789 vendo
2378 734 2659 789 adumbrat
2683 744 2740 789 et
2776 734 2997 805 obtegit.
3045 735 3244 790 Sedens
3289 738 3529 792 adversus
3552 738 3769 807 fratrem

2175 836 2313 881 tuum
2339 827 2643 895 loquebaris.
2673 828 2745 882 At
2777 826 2851 894 id,
2880 828 3071 899 inquit,
3103 828 3364 885 faciebam
3391 839 3449 884 ut
3484 846 3607 885 eum
3638 846 3768 885 cor-

2173 918 2422 985 rigorem.

2245 1006 2330 1062 1ο.
2406 1007 2834 1077 Repreltensiones
2895 1009 3148 1076 quomodo
3203 1009 3467 1078 faciendae.
3516 1038 3591 1050 —
3640 1009 3770 1065 Non

2172 1099 2451 1166 oportebat
2472 1111 2600 1167 ergo
2619 1097 2915 1153 clanculum
2935 1098 3257 1153 calumniari
3279 1102 3316 1163 ',
3336 1099 3454 1160 sed.
3470 1099 3539 1154 ita
3560 1109 3618 1155 ut
3642 1102 3769 1168 jus-

2170 1189 2241 1242 sit
2262 1188 2528 1252 Christus,
2555 1202 2802 1243 seorsum
2853 1202 3127 1243 assumere
3155 1197 3208 1245 et
3232 1193 3504 1259 corrigere
3541 1190 3763 1263 (Matth.

2174 1278 2261 1331 l8.
2309 1277 2439 1346 15).
2484 1278 2614 1344 Qum
2656 1278 2799 1331 enim
2852 1278 3067 1348 publice
3106 1279 3240 1333 ﬁunt
3275 1280 3763 1349 reprehensiones,

2170 1383 2313 1436 saepe
2361 1370 2519 1423 etiam
2560 1369 2789 1425 reddunt
2843 1370 3266 1439 impudentiores
3318 1388 3332 1424 :
3373 1381 3426 1425 et
3452 1375 3765 1443 complures

2168 1461 2383 1530 quidem
2429 1471 2755 1529 peccatores,
2802 1462 2973 1517 donec
3002 1462 3231 1519 viderint
3256 1464 3370 1519 ﬁeri
3402 1480 3561 1535 posse
3590 1477 3645 1520 ut
3678 1467 3764 1521 la-

2171 1560 2335 1617 teant,
2362 1551 2511 1606 facile
2529 1552 2579 1606 in
2606 1553 2840 1607 animum
2864 1554 3138 1620 inducunt,
3163 1566 3221 1609 ut
3243 1556 3300 1610 in
3328 1557 3467 1610 viam
3500 1558 3762 1625 redeant;

2170 1641 2381 1711 quando
2419 1651 2598 1696 autem
2644 1641 2838 1696 bonam
2866 1644 3005 1713 apud
3052 1645 3250 1698 multos
3300 1634 3764 1703 existimationem

2170 1732 2521 1802 perdiderint,
2554 1733 2792 1789 incidunt
2828 1737 3069 1791 nonnulli
3109 1737 3367 1807 deinceps
3396 1739 3447 1793 in
3497 1738 3762 1809 despera-

2176 1824 2416 1886 tionem,
2464 1832 2519 1878 et
2566 1824 2817 1879 labuntur
2848 1825 2901 1881 in
2958 1824 3363 1896 impudentiam.
3421 1829 3493 1883 At
3525 1829 3763 1898 aliquam

2170 1914 2263 1968 tibi
2292 1914 2415 1969 fecit
2442 1914 2713 1985 injuriam.
2752 1917 2861 1971 Cur
2883 1931 3013 1986 ergo
3041 1917 3271 1987 teipsum
3297 1933 3515 1988 quoque
3561 1918 3760 1990 injuria

2168 2006 2375 2060 aﬂicis?
2403 2005 2500 2074 Qui
2542 2006 2687 2059 enim
2713 2019 2773 2060 se
2803 2007 3053 2071 vindicat,
3085 2008 3321 2077 seipsum
3365 2022 3495 2063 ense
3519 2009 3664 2079 petit.
3701 2008 3763 2064 Si

2169 2099 2309 2152 enim
2336 2097 2418 2153 vis
2443 2106 2496 2153 et
2526 2099 2758 2166 teipsum
2782 2097 3043 2153 beneficio
3070 2098 3309 2164 afﬁcere,
3333 2109 3387 2152 et
3418 2099 3566 2155 illum
3591 2100 3766 2170 probe

2170 2189 2373 2254 ulcisci,
2417 2189 2557 2244 bene
2580 2188 2726 2245 dicas
2759 2190 2829 2244 de
2856 2204 2923 2243 eo
2947 2189 3037 2259 qui
3082 2190 3174 2244 tibi
3204 2189 3331 2245 fecit
3354 2190 3601 2260 injuriam
3638 2207 3653 2243 :
3685 2192 3760 2245 ita

2170 2279 2334 2337 facies
2376 2290 2436 2336 ut
2461 2282 2615 2336 multi
2645 2282 2753 2337 sint
2779 2282 2898 2352 ejus
2927 2296 3024 2352 pro
3053 2291 3105 2338 te
3142 2293 3485 2339 accusatores
3504 2323 3519 2345 ,
3546 2292 3602 2337 et
3643 2283 3762 2353 ipse

2169 2384 2415 2441 magnam
2450 2372 2752 2427 mercedem
2791 2372 3054 2442 accipies;
3095 2372 3177 2426 sin
3220 2382 3399 2427 autem
3447 2372 3758 2436 maledicas.

2168 2477 2237 2517 ne
2266 2460 2400 2516 fides
2425 2462 2637 2532 quidem
2669 2462 2761 2516 tibi
2792 2461 3092 2528 habebitur,
3147 2471 3204 2515 ut
3228 2462 3317 2532 qui
3358 2461 3760 2518 inimicitiarum

2165 2548 2474 2619 suspicione
2502 2549 2733 2604 labores.
2765 2548 2942 2617 Quare
2967 2557 3114 2604 tuum
3135 2549 3371 2605 studium
3402 2540 3492 2605 tibi
3527 2552 3759 2607 vertitur

2166 2642 2219 2695 in
2241 2640 2593 2695 contrarium.
2625 2638 2705 2694 Tu
2730 2640 2872 2694 enim
2902 2640 2984 2694 vis
3013 2641 3207 2694 bonam
3233 2640 3351 2711 ejus
3370 2638 3567 2696 famam
3595 2658 3758 2697 ever-

2166 2739 2301 2796 tere,
2321 2742 2506 2787 contra
2536 2740 2715 2785 autem
2737 2730 2965 2789 accidit:
2994 2747 3089 2802 per
3112 2732 3321 2788 laudem
3345 2734 3511 2798 enim,
3530 2748 3635 2788 non
3662 2748 3761 2803 per

2164 2825 2558 2880 accusationem
2597 2823 2702 2879 hoc
2753 2823 2970 2890 evenit;
3014 2825 3111 2880 sed
3168 2836 3355 2881 contra
3395 2827 3615 2881 omnino
3656 2836 3760 2882 :et

2163 2914 2393 2984 teipsum
2446 2914 2660 2985 quidem
2707 2914 2898 2983 majori
2932 2915 3218 2984 ignominia
3256 2915 3448 2983 silicis,
3479 2916 3626 2970 illum
3657 2932 3759 2971 au—

2162 3012 2269 3061 tem
2298 3015 2387 3059 tua
2433 3006 2536 3060 tela
2585 3021 2691 3062 non
2734 3015 2971 3078 tangent.
2998 3004 3294 3074 inimicitia:
3334 3006 3499 3075 enim,
3544 3023 3761 3080 quam

2161 3096 2393 3152 oﬂ’erunt
2429 3097 2623 3151 animis
2662 3097 3009 3165 audientium,
3040 3113 3146 3153 non
3193 3098 3392 3163 sinunt,
3443 3107 3501 3153 ut
3525 3114 3644 3169 qua:
3665 3099 3753 3154 di-

2161 3198 2377 3252 cuntur,
2424 3185 2478 3240 in
2520 3185 2737 3241 auribus
2780 3201 2965 3241 eorum
3012 3186 3381 3253 admittantur,
3413 3196 3470 3243 et
3498 3188 3550 3243 id
3578 3188 3760 3259 ipsum

2160 3273 2354 3330 accidit
2377 3274 2527 3346 quod.
2550 3274 2603 3329 in
2641 3274 3149 3345 praescriptionibus.
3188 3275 3414 3345 Quando
3440 3277 3583 3334 enim
3608 3278 3758 3348 quis-

2164 3352 2305 3437 piam
2358 3365 2410 3419 in
2435 3363 2639 3435 judicio
2662 3364 2861 3435 aliquid
2887 3364 3165 3436 obiecerit,
3212 3367 3519 3424 universum
3546 3369 3757 3425 interea

2159 3455 2469 3511 dissolvitur
2501 3474 2516 3513 :
2544 3456 2616 3511 ita
2638 3455 2725 3512 hic
2754 3456 2915 3513 etiam
2951 3472 3057 3513 non
3098 3459 3360 3534 permittit
3393 3460 3754 3532 suspicioini-

2159 3549 2513 3617 micitiarum‘,‘
2531 3558 2589 3603 ut
2623 3548 2935 3604 admittatur
2957 3549 3239 3620 judicium.
3258 3549 3341 3609 Ne
3366 3566 3496 3622 ergo
3519 3552 3754 3609 maledi-

2158 3654 2271 3705 cas,
2321 3653 2391 3694 ne
2433 3638 2661 3708 teipsum
2708 3639 2961 3709 polluas:
2993 3654 3094 3695 nec
3138 3639 3307 3695 lutum
3346 3650 3600 3698 contexas
3627 3658 3750 3699 cum

2158 3730 2271 3785 luto
2301 3739 2357 3785 et
2400 3729 2690 3797 lateribus,
2721 3729 2816 3785 sed
2854 3743 3084 3785 coronas
3110 3745 3178 3785 ex
3219 3732 3381 3798 rosis,
3421 3747 3486 3787 ex
3514 3732 3671 3788 violis
3695 3743 3753 3790 et

2158 3820 2376 3892 reliquis
2427 3818 2651 3875 ﬂoribus
2700 3831 2959 3876 connects
3004 3838 3019 3875 :
3053 3836 3153 3876 nec
3182 3830 3391 3879 stercus
3435 3829 3530 3878 ore
3579 3822 3757 3891 feras,

2156 3909 2609 3981 quemadmodum
2639 3911 2892 3965 scarabei
2918 3910 2995 3981 (id
3018 3913 3161 3966 enim
3183 3910 3385 3968 faciunt
3403 3913 3494 3984 qui
3517 3913 3745 3969 maledi-

2156 4014 2287 4059 cunt
2317 4022 2331 4059 :
2373 4004 2546 4075 utqui
2574 4003 2675 4072 ipsi
2706 4002 2955 4059 fetorem
2995 4005 3152 4075 primi
3181 4004 3488 4076 sentiant),
3519 4006 3612 4062 sed
3644 4006 3745 4061 llo-

2155 4111 2265 4160 res,
2305 4095 2445 4152 sicut
2490 4110 2640 4166 apes,
2667 4094 2927 4167 {avosque
2980 4106 3039 4150 ut
3075 4097 3181 4152 illae
3229 4112 3515 4167 compone,
3563 4100 3756 4170 sisque

2155 4188 2403 4243 omnibus
2430 4190 2599 4244 comis
2627 4198 2681 4244 et
2718 4197 3048 4247 mansuetus.
3078 4189 3279 4245 Omnes
3304 4191 3447 4245 enim
3488 4206 3742 4247 aversan-

2158 4284 2245 4334 tur
2274 4280 2612 4345 maledicum,
2640 4288 2697 4334 ut
2726 4278 2815 4350 qui
2855 4288 3049 4335 tetrum
3080 4279 3321 4337 redoleat
3344 4289 3399 4337 et
3420 4283 3510 4353 qui
3536 4292 3595 4337 ut
3619 4298 3743 4359 sau-

2155 4373 2374 4442 guisuga
2404 4373 2680 4442 sanguine,
2707 4380 2763 4427 et
2786 4372 3088 4428 scarabaeus
3113 4382 3376 4440 stercore,
3404 4375 3599 4432 alienis
3627 4391 3743 4432 ma-

2155 4462 2220 4516 lis
2266 4461 2526 4517 aluntur:
2561 4476 2624 4517 os
2667 4472 2846 4517 autem
2894 4461 3033 4534 quod
3074 4462 3318 4519 lubenter
3360 4464 3558 4529 laudat,
3605 4473 3744 4520 tam-

2152 4567 2309 4622 quam
2348 4552 2646 4609 membrum
2671 4570 2955 4611 commuue
2981 4556 3298 4627 suscipiunt,
3342 4564 3612 4627 tamquam
3645 4558 3741 4612 ira-

2154 4653 2287 4700 trem
2334 4659 2687 4715 germanum,
2751 4654 3025 4717 tamquam
3074 4647 3280 4710 ﬁlium,
3335 4655 3609 4717 tamquam
3649 4663 3743 4718 pa-

2154 4744 2307 4790 trem.
2337 4735 2405 4790 Et
2433 4735 2555 4805 quid
2583 4736 2705 4792 dico
2734 4736 2803 4793 de
2833 4738 3212 4806 praesentibus,
3260 4747 3316 4793 et
3361 4736 3431 4793 de
3460 4737 3739 4793 hominum

2151 4827 2671 4882 existimationibus?
2700 4827 2990 4883 Considera
3025 4827 3155 4882 mihi
3181 4826 3322 4881 diem
3346 4828 3495 4882 illum
3528 4827 3751 4882 terribi—.

2152 4918 2277 4986 lem,
2304 4918 2433 4973 illud
2450 4918 2708 4989 judicium
2730 4917 2871 4989 quod
2899 4920 3171 4989 corrumpi
3202 4934 3309 4973 non
3339 4928 3512 4989 potest
3540 4936 3554 4973 :
3589 4918 3739 4989 quod

2151 5010 2195 5065 si
2228 5010 2354 5067 falsa
2408 5010 2577 5074 dicas,
2626 5011 2861 5080 peccatis
2914 5010 3028 5065 tuis
3078 5010 3182 5065 alia
3231 5010 3449 5081 insuper
3492 5009 3739 5079 adjicies.

2151 5098 2280 5155 Dico
2330 5102 2463 5156 enim
2508 5098 2663 5165 vobis,
2710 5100 2848 5172 quod
2872 5117 3019 5156 omne
3038 5101 3240 5155 verbum
3268 5102 3483 5156 otiosum
3508 5101 3645 5171 quod
3666 5102 3739 5156 lo-

2150 5192 2291 5262 quuti
2316 5193 2503 5264 fuerint
2529 5191 2779 5259 homines,
2810 5192 3001 5245 dabunt
3029 5208 3122 5261 pro
3144 5191 3257 5262 ipso
3282 5188 3394 5245 Deo
3416 5192 3661 5246 rationem
3682 5192 3739 5247 in

2151 5285 2233 5339 die
2242 5284 2427 5356 jadicii
2457 5284 2668 5353 (Matth.
2694 5284 2782 5339 12.
2808 5284 2924 5354 36).
2956 5284 3176 5355 Etiamsi
3206 5284 3332 5350 sint,
3362 5284 3554 5355 inquit,
3582 5300 3735 5349 vera.

2152 5391 2221 5431 ne
2248 5377 2325 5431 sic
2354 5375 2569 5446 quidem
2622 5373 2845 5445 eﬂ'ugies
2874 5415 2890 5441 ,
2919 5376 3207 5445 quominus
3236 5373 3627 5438 cendemneris.
3650 5383 3739 5431 us-

2154 5476 2277 5536 pote
2297 5466 2387 5537 qui
2419 5466 2647 5536 proximi
2676 5467 2751 5520 tui
2793 5466 3123 5521 calamitates
3161 5474 3215 5521 et
3243 5466 3435 5535 probra
3467 5465 3733 5522 traducas.

2151 5556 2259 5612 Fac
2280 5557 2420 5628 apud
2451 5566 2502 5611 te
2521 5557 2727 5628 cogites
2756 5556 3103 5611 Pharisueum.
3122 5555 3237 5611 Non
3260 5566 3378 5613 erat
3396 5558 3730 5629 publicanus,

2151 5649 2243 5706 sed
2273 5649 2367 5703 luit
2385 5648 2667 5719 publicano
2706 5647 3035 5712 sceleratior,
3059 5648 3310 5718 quoniam
3341 5647 3411 5704 de
3452 5647 3740 5718 publicano

2216 5764 2230 5796 ί
2268 5763 2370 5825 alii,
2393 5770 2489 5813 Non
2520 5760 2761 5827 oportebat
2784 5773 2898 5825 ergo
2916 5757 3188 5813 clanculum
3208 5772 3532 5813 murmurare.
