4058 6478
265 438 395 497 93:7

267 549 589 608 maledixit.
638 548 964 605 Pnblicanus
1011 559 1114 599 non
1158 551 1276 596 erat
1324 542 1649 602 Pharis-aius,
1681 538 1775 593 sed
1808 536 1901 591 fuit

266 640 798 712 Pharismoiustior,
818 637 1069 707 quoniam
1085 634 1319 704 seipsum
1338 634 1594 686 miserum
1610 645 1732 685 esse
1753 630 1905 684 duxit

268 732 455 809 (Luc.
489 732 581 789 18.
633 733 721 786 I0.
750 746 859 798 sqq.
885 728 927 800 ).
960 725 1084 781 Πωο
1111 724 1293 797 fecisti,
1325 735 1370 777 et
1392 723 1548 776 tacui.
1581 720 1906 775 Existimasti

268 827 630 896 ittiquitatem,
671 822 806 889 quod
856 836 943 874 ero
986 819 1073 872 tibi
1114 818 1314 871 similis.
1344 817 1577 887 Arguant
1608 823 1690 878 te,
1724 824 1772 867 et
1800 824 1906 868 sta-

265 926 432 971 tuunt
485 925 665 970 contra
703 914 887 985 faciem
929 920 1071 965 tuam
1106 916 1313 978 peccata
1361 917 1470 961 tua.

353 1009 450 1063 Η.
483 1008 759 1064 Silentium
787 1004 908 1067 Dei,
938 1006 1050 1073 eius
1084 1001 1347 1072 patientia.
1394 998 1720 1055 Consuetudo
1756 998 1903 1051 uitio-

269 1117 402 1154 rum
427 1098 553 1171 quid
575 1100 767 1168 pariat.
808 1096 948 1149 Deus
966 1103 1099 1148 recte
1132 1092 1279 1163 factis
1303 1092 1488 1145 nostris
1508 1091 1806 1144 honoratur.
1833 1118 1903 1128 —

272 1190 486 1245 Vidisti
539 1188 928 1243 humanitatem
981 1183 1343 1239 ineffabilem?
1389 1182 1583 1237 Vidisti
1632 1197 1899 1236 summam

271 1279 624 1336 bonitatem?
648 1278 827 1332 vidisti
854 1275 1094 1331 infinitas
1116 1289 1248 1343 opes
1274 1274 1583 1343 patientiae?
1618 1272 1898 1329 Silentium

277 1374 439 1428 enim
466 1373 555 1426 hic
582 1369 713 1425 dicit
742 1367 1073 1439 patientiam.
1103 1366 1227 1427 Τοι,
1260 1365 1452 1435 inquit,
1479 1371 1535 1419 et
1569 1374 1713 1419 tanta
1736 1379 1901 1419 ausus

268 1478 341 1519 es
368 1482 386 1516 :
416 1477 521 1517 nec
546 1462 615 1516 de
642 1471 694 1515 le
719 1470 901 1514 tamen
932 1471 1124 1528 poenas
1145 1457 1370 1524 sumpsi,
1414 1455 1508 1510 sed
1539 1470 1729 1523 passus
1754 1464 1894 1520 sum,

272 1566 336 1608 et
365 1554 619 1619 toleravi,
648 1552 785 1607 dans
813 1551 991 1605 locum
1023 1546 1357 1619 paenitentiae
1387 1546 1406 1618 (
1440 1544 1588 1599 Rom.
1613 1546 1668 1598 9..
1694 1546 1728 1601 4
1748 1546 1790 1617 ).
1820 1546 1898 1600 Tu

269 1656 465 1699 autem
492 1658 558 1698 ex
587 1659 653 1698 eo
682 1656 790 1696 non
839 1640 1000 1695 modo
1025 1639 1156 1693 nihil
1188 1635 1524 1701 lucrifecisti,
1557 1636 1654 1691 sed
1698 1636 1749 1690 in
1780 1652 1897 1690 ma-

270 1737 368 1805 jus
412 1736 579 1790 etiam
622 1734 813 1788 vitium
861 1729 1159 1800 impegisti.
1207 1729 1324 1784 Non
1370 1729 1545 1783 solum
1593 1729 1735 1787 enim
1790 1744 1897 1783 non

271 1837 521 1881 mutatus
546 1841 628 1893 es,
667 1838 765 1879 nec
794 1823 968 1878 solum
999 1837 1106 1876 non
1136 1834 1195 1875 es
1241 1820 1448 1888 pudore
1486 1819 1744 1885 suffusos,
1799 1836 1899 1876 nec

272 1928 507 1987 propter
529 1932 618 1980 ea,
649 1931 772 1985 qua:
804 1929 838 1970 ιι
864 1922 916 1968 te
944 1911 1084 1967 facta
1113 1920 1273 1976 sunt,
1309 1912 1536 1980 teipsmn
1571 1910 1899 1966 condemna—

271 2009 348 2063 sti
387 2026 400 2061 :
432 2007 529 2071 sed
563 2023 651 2061 me
679 2005 842 2059 etiam
863 2004 953 2074 qui
978 2005 1130 2073 longa
1159 2003 1211 2056 in
1235 2012 1287 2056 te
1310 2002 1561 2071 patientia
1596 2016 1724 2055 usus
1752 2016 1894 2069 sum,

272 2098 371 2163 ιιιιί
404 2096 673 2160 toleravi,
722 2095 816 2165 qui
860 2094 1022 2156 tacui,
1054 2093 1143 2162 qui
1175 2102 1252 2147 tot
1282 2100 1338 2145 et
1377 2102 1518 2146 tanta
1552 2092 1669 2159 tuli,
1711 2092 1896 2147 existi-

273 2189 439 2241 masti
463 2201 570 2241 non
586 2187 703 2240 hinc
718 2183 863 2239 ferre
883 2190 1099 2252 propter
1122 2182 1430 2252 patientiam
1453 2190 1507 2235 et
1525 2182 1892 2244 clementiam,

272 2277 376 2330 sed
408 2286 693 2346 propterea
728 2274 874 2344 quod
934 2273 1135 2328 nollem
1185 2271 1303 2325 hinc
1342 2272 1632 2340 castigari,
1666 2281 1720 2326 et
1752 2272 1894 2342 quod

271 2382 338 2420 ea
363 2384 484 2435 qua:
504 2385 533 2419 ει
558 2378 612 2421 te
634 2366 855 2431 ﬁebant,
889 2380 995 2419 non
1025 2379 1170 2434 agre
1201 2363 1426 2418 ferrem.
1467 2363 1559 2417 22.
1589 2362 1889 2436 intelligite,

273 2457 508 2521 obsecro,
543 2456 680 2519 lttec,
718 2456 808 2526 qui
860 2454 1214 2509 obliuiscimiui
1254 2452 1444 2507 Deum.
1477 2452 1778 2521 Quaenam?
1816 2456 1892 2510 Ea

271 2562 400 2615 quae
424 2547 568 2601 dicta
608 2556 756 2611 sunt,
806 2545 999 2616 inquit.
1052 2545 1190 2611 Quid
1219 2554 1325 2612 est,
1350 2543 1674 2616 Intelligite?
1696 2545 1892 2602 Consi-

260 2637 485 2711 derate.
534 2637 675 2705 Quid
720 2647 902 2693 autem
943 2636 1147 2691 dictum
1193 2644 1278 2689 est
1322 2635 1723 2701 obscurum,et
1746 2637 1889 2707 quod

272 2746 467 2798 magna
495 2737 654 2798 egeat
680 2728 1150 2798 perscrutatione?
1177 2726 1407 2781 Maxime
1434 2726 1652 2795 quidem
1692 2737 1748 2782 et
1775 2728 1891 2797 ipse

273 2821 472 2875 modus
496 2817 727 2885 docendi
774 2818 975 2872 inducit
1001 2825 1263 2871 mutatam
1308 2815 1536 2869 formam
1583 2817 1882 2887 religionis.

271 2909 411 2965 Cum
441 2914 589 2965 enim
620 2908 1025 2979 sacriﬁciorum
1057 2922 1166 2961 non
1196 2921 1444 2976 magnam
1474 2906 1669 2961 habeat
1713 2919 1883 2962 ratio-

274 3014 420 3065 nem,
466 2996 761 3053 introducit
804 2998 952 3067 leges
993 2996 1338 3066 evangelicas
1382 3003 1483 3050 :et
1525 2996 1725 3065 alioqui
1754 3013 1890 3066 quo-

264 3092 419 3147 niam
446 3102 603 3147 erant
632 3097 976 3159 peccatorum
1018 3087 1288 3158 profundo
1313 3100 1470 3142 εωηο
1499 3088 1698 3154 obruti,
1753 3097 1889 3143 tam-

272 3199 431 3254 quam
461 3199 493 3237 a
537 3182 858 3253 quibusdam
901 3180 1120 3235 malitia:
1169 3180 1516 3250 voraginibus
1554 3180 1742 3234 volens
1790 3196 1886 3235 eos

274 3274 586 3340 extrahere,
611 3282 667 3328 et
695 3271 861 3326 veluti
892 3271 1089 3326 lernam
1120 3271 1421 3334 oculorum,
1454 3286 1755 3340 expurgare
1792 3287 1887 3325 vo-

273 3368 389 3421 lens
417 3368 555 3419 viam
587 3365 786 3433 prioris
814 3363 966 3417 malta
1006 3361 1434 3428 consuetudinis,
1480 3377 1574 3417 eos
1605 3364 1805 3417 excitat
1825 3373 1886 3418 ut

271 3476 332 3511 ea
361 3474 480 3529 qua:
525 3456 667 3512 facta
713 3465 840 3511 sunt
888 3457 940 3508 in
988 3454 1304 3509 memoriam
1357 3462 1635 3520 revocent,
1680 3471 1750 3509 ne
1800 3456 1883 3510 IIIS

271 3548 529 3603 oblivioni
560 3547 792 3611 traditis,
818 3546 1019 3615 absque
1047 3544 1199 3598 lucro
1225 3543 1498 3598 recedant.
1531 3543 1713 3614 Longa
1736 3545 1881 3599 enim

270 3641 520 3696 vitiorum
542 3639 881 3695 consuetudo
903 3652 1153 3708 magnam
1170 3636 1328 3691 δῦθι-ι
1347 3637 1643 3691 eiecitatem
1661 3639 1877 3705 aninue,

271 3744 326 3785 et
350 3740 594 3786 amentes
615 3730 803 3794 efficit,
833 3738 890 3784 et
928 3728 1268 3799 perspicaces
1298 3728 1485 3783 oculos
1512 3729 1880 3799 intelligentia:

270 3826 427 3879 eruit.
460 3821 756 3893 Nequaudo
784 3821 978 3891 rapiat,
1008 3830 1053 3874 et
1075 3835 1179 3873 non
1204 3820 1271 3873 sit
1312 3820 1401 3889 qui
1435 3819 1638 3888 eripiat.
1669 3820 1715 3873 υ
1746 3819 1881 3874 inef—

269 3914 483 3971 fabilem
514 3914 859 3969 clementiam
884 3914 898 3965 ι
932 3912 1041 3966 Pisc
1072 3912 1261 3965 matris
1289 3911 1404 3966 lucc
1422 3914 1587 3966 verba
1615 3920 1761 3975 sunt,
1792 3913 1879 3967 vel

269 4006 411 4061 illam
458 4016 640 4076 potius
678 4004 930 4072 pietatem
972 4003 1213 4057 bonitate
1251 4001 1411 4072 longe
1447 4013 1721 4071 superant.
1775 4004 1874 4071 Qui

266 4101 409 4152 enim
432 4108 538 4152 tam
567 4097 717 4167 gravi
746 4095 1091 4150 accusatione
1118 4108 1248 4147 usus
1277 4104 1379 4159 est,
1410 4094 1499 4162 qui
1532 4103 1733 4148 tantam
1764 4110 1876 4163 pra:

267 4204 327 4243 se
355 4190 475 4243 tulit
490 4188 937 4258 indignationem,
962 4187 1076 4255 ipse
1104 4200 1200 4239 eos
1220 4185 1508 4252 prtemunit
1530 4185 1686 4251 ‘.Qui
1720 4184 1872 4248 dixit,

266 4282 491 4353 Arguam
552 4291 620 4346 te,
666 4289 714 4333 et
769 4288 989 4333 statuant
1041 4288 1160 4330 ante
1216 4278 1402 4347 faciem
1469 4286 1609 4329 tuam
1671 4288 1877 4343 peccata

269 4384 376 4439 tua,
402 4386 459 4427 et
483 4371 952 4426 condemnationis
979 4370 1160 4424 emisit
1210 4368 1558 4433 sententiam,
1604 4384 1723 4423 eam
1755 4386 1876 4423 rur-

267 4481 357 4520 sus
382 4465 666 4530 rescindit,
696 4479 802 4517 non
854 4472 1127 4531 tamquam
1173 4475 1297 4516 reos
1325 4460 1543 4515 tradens
1572 4462 1873 4529 supplicio,

268 4559 357 4611 sed
388 4568 663 4625 tamquam
690 4556 779 4625 qui
823 4555 1075 4609 suasione
1106 4566 1160 4608 et
1204 4553 1572 4608 admonitione
1613 4555 1875 4609 deberent

265 4649 480 4717 corrigi,
510 4658 656 4701 metu
680 4661 959 4711 coercens,
989 4647 1274 4699 continens
1299 4660 1364 4699 ac
1393 4645 1597 4711 dicens,
1634 4648 1719 4701 Ne
1743 4652 1876 4717 forte

266 4744 430 4809 rapiat
459 4750 517 4793 ιιι
546 4740 632 4793 leo
671 4742 711 4804 ',
741 4748 788 4793 et
831 4756 934 4792 non
958 4739 1022 4792 sit
1049 4740 1137 4807 qui
1179 4740 1384 4807 eripiat.
1422 4739 1512 4793 25.
1547 4742 1873 4807 Sacriﬁcium

268 4831 430 4883 laudis
460 4829 821 4897 honoriﬁcabit
842 4845 945 4891 me,
975 4840 1021 4882 et
1041 4830 1147 4882 illic
1172 4830 1288 4892 iter,
1315 4830 1452 4898 quod
1480 4832 1745 4884 ostendam
1772 4834 1870 4897 illi,

266 4921 488 4972 salutare
548 4917 662 4971 Dei.
722 4918 1009 4987 Postquam
1054 4919 1290 4972 ostendit
1347 4920 1688 4974 clementiam
1744 4938 1871 4974 sna-

267 5009 461 5075 dendo,
484 5007 842 5074 consulendo,
871 5009 1128 5062 minando
1152 5023 1216 5063 ac
1242 5002 1523 5076 terrendo,
1556 5026 1745 5079 porum
1787 5013 1871 5064 af-

269 5098 491 5157 ferenda
566 5100 922 5168 supplicium,
976 5109 1031 5153 et
1106 5101 1497 5155 introducendo
1563 5105 1867 5169 consilium,

272 5191 507 5248 ostendit
557 5191 721 5244 etiam
752 5189 970 5245 modum
1001 5206 1101 5260 per
1144 5207 1304 5259 quem
1341 5195 1552 5257 possint
1597 5196 1871 5264 corrigere

268 5297 378 5350 qua
436 5281 579 5337 facta
631 5289 775 5340 sunt,
832 5281 1062 5335 dicens:
1107 5282 1435 5349 Sacriﬁcium
1492 5284 1660 5338 laudis
1709 5286 1872 5339 Itono-

267 5373 478 5440 riﬁcabit
527 5388 628 5425 me.
686 5370 739 5423 Id
774 5382 860 5425 est
908 5382 1088 5426 autem
1137 5373 1278 5441 quod
1306 5372 1480 5427 dicit:
1533 5374 1649 5428 Non
1694 5376 1868 5431 solum

269 5460 395 5516 iram
437 5475 617 5515 meam
645 5458 888 5528 sedabit,
919 5470 1011 5515 aut
1037 5462 1308 5517 rescindet
1335 5464 1865 5530 condemnationem,

324 5606 341 5637 ι
374 5604 451 5653 sic
469 5606 523 5667 in,
541 5603 768 5667 omnibus
786 5601 895 5667 fere
918 5603 1289 5667 exemplaribus
1313 5611 1366 5653 et
1390 5606 1438 5653 in
1461 5606 1568 5667 ipso
1589 5604 1765 5654 Savilio
1789 5606 1866 5656 le-

267 5667 410 5733 gitur.
434 5666 528 5733 sed
546 5664 789 5733 inploret.
813 5665 933 5733 t-‘dit.
958 5667 1032 5714 sic
1073 5666 1284 5714 habe-ur
1310 5679 1322 5715 :
1350 5666 1439 5733 Qui
1478 5664 1662 5733 tantum
1686 5681 1791 5733 pra:
1816 5682 1866 5717 se

265 5727 368 5792 tulit
384 5726 781 5792 indignationem,
807 5727 911 5790 ipse
930 5739 1011 5777 eos
1031 5735 1310 5789 prtemmt,
1330 5732 1512 5777 omisso
1535 5726 1699 5791 priore
1723 5729 1866 5791 phra-

263 5796 325 5835 sis
354 5796 599 5837 membro.

320 5850 347 5881 ³
378 5855 491 5899 Haec
515 5850 686 5912 verba,
711 5855 762 5898 ul
784 5848 877 5912 leo,
891 5851 1072 5900 omittit
1094 5849 1312 5899 Savilius.

1411 423 1771 483 EXPOSITIO
1812 422 1876 477 IN
1919 421 2247 478 νδιωιυιι
2290 424 2470 482 CVIII.

3518 428 3626 481 258

2017 540 2111 593 sed
2141 556 2227 593 me
2252 542 2413 596 etiam
2442 542 2647 597 honore
2668 542 2886 599 afficiet.
2914 542 3047 596 Vide
3078 542 3321 612 prmclart
3355 540 3477 595 facti
3506 557 3620 594 ma-

2013 631 2369 699 gnitudinem,
2401 632 2617 701 quando
2649 634 2787 688 Deus
2832 648 2929 703 per
2973 635 3147 702 ipsum
3200 631 3407 686 honore
3453 630 3625 700 attici-

2015 731 2120 775 tur.
2153 720 2219 775 Et
2249 725 2356 777 illic
2385 724 2496 788 iter,
2526 726 2664 793 quod
2704 725 2969 779 ostendam
2999 725 3096 790 illi,
3127 725 3352 783 salutare
3383 721 3497 776 Dei.
3530 720 3625 775 ’V’i-

2011 813 2135 868 disti
2166 815 2471 872 mercedem
2494 815 2857 871 ineffabilem?
2884 815 3063 872 vidisti
3093 830 3359 869 summam
3382 815 3626 868 clemen-

2012 905 2185 960 tiam?
2212 907 2305 961 Dei
2358 909 2501 962 enim
2548 907 2686 961 viam
2731 915 3074 962 ostensurum
3121 905 3425 975 pollicetur,
3474 912 3529 957 et
3571 901 3620 954 id

2010 997 2153 1067 quod
2180 1006 2262 1053 est
2288 1013 2416 1053 vere
2447 998 2544 1054 Dei
2574 997 2810 1054 salutare
2854 998 2920 1053 iis
2974 998 3067 1068 qui
3119 1007 3267 1051 recte
3314 1010 3374 1051 se
3402 1001 3613 1064 gerunt.

2012 1092 2074 1147 Ei
2102 1108 2235 1164 ergo
2254 1093 2588 1162 promittenti
2620 1107 2928 1163 pareamus,
2959 1103 3017 1148 et
3054 1100 3205 1147 recta
3229 1089 3336 1144 vita
3363 1098 3419 1143 et
3447 1090 3619 1141 sacri-

2010 1182 2132 1237 Iicio
2162 1183 2337 1238 laudis
2362 1198 2487 1239 cum
2516 1184 2865 1239 honorr'nus.
2901 1182 3029 1239 Haec
3067 1184 3212 1239 enim
3240 1182 3325 1235 via
3374 1180 3517 1235 ducit
3551 1180 3617 1230 ad

2010 1277 2236 1332 salutem
2287 1292 2385 1346 per
2426 1275 2535 1333 hoc
2574 1277 2897 1333 sacrificium
2932 1296 2946 1331 :
2978 1291 3139 1347 quam
3169 1275 3327 1329 detur
3366 1272 3620 1329 omnibus

2009 1369 2165 1422 nobis
2190 1368 2406 1437 assequi
2450 1369 2624 1439 gratia
2654 1378 2709 1423 et
2735 1368 3025 1423 clementia
3053 1366 3263 1421 Domini
3294 1365 3463 1419 nostri
3489 1362 3619 1418 Jesu

2006 1458 2229 1521 Christi,
2259 1460 2511 1528 quoniam
2536 1459 2584 1514 ei
2610 1458 2780 1525 gloria
2808 1467 2863 1521 et
2890 1458 3196 1527 imperium,
3227 1470 3370 1511 nunc
3394 1463 3449 1509 et
3472 1470 3617 1508 sem-

2007 1565 2125 1619 per,
2153 1559 2209 1605 et
2234 1550 2286 1604 in
2310 1551 2507 1605 saecula
2534 1550 2881 1605 surculorum.
2915 1551 3108 1604 Amen.

2428 1660 2498 1715 IN
2536 1659 2861 1716 PSALMUM
2901 1658 3057 1714 CVIII
3095 1658 3200 1730 (a).

2003 1773 2057 1828 2.
2104 1772 2280 1839 Deus,
2321 1773 2527 1827 laudem
2574 1790 2739 1827 meam
2782 1790 2847 1828 ne
2882 1774 3101 1827 tacueris
3127 1790 3145 1826 :
3176 1774 3295 1842 quia
3343 1788 3401 1826 os
3443 1789 3623 1841 pecea-

2077 1865 2203 1918 toris
2232 1873 2279 1917 el
2306 1880 2362 1918 os
2387 1864 2553 1918 dolosi
2581 1881 2735 1933 super
2769 1880 2850 1917 me
2883 1875 3121 1931 apertum
3149 1873 3253 1917 'est.
3302 1862 3358 1918 ’5.
3399 1863 3620 1933 Loquuti

2074 1967 2193 2011 sunt
2219 1957 2491 2011 adversum
2510 1975 2592 2011 me
2622 1957 2800 2028 lingua
2825 1957 3026 2021 dolosa,
3050 1956 3366 2012 sermonibus
3390 1958 3494 2011 odii
3520 1957 3619 2009 cir-

2070 2050 2440 2104 cumdederunt
2456 2066 2554 2115 me,
2578 2060 2623 2105 et
2644 2058 3063 2121 expugnaverant!
3078 2067 3157 2103 me
3174 2050 3353 2121 gratis.
3368 2051 3425 2107 4.
3441 2046 3546 2102 Pro
3562 2066 3620 2102 eo

2076 2152 2131 2195 ut
2150 2160 2227 2195 me
2244 2142 2531 2213 diligerent,
2553 2141 2886 2195 detrahebant
2907 2142 3033 2194 mihi
3052 2157 3071 2195 :
3088 2158 3180 2211 ego
3197 2150 3365 2194 autem
3386 2139 3613 2194 orabam.

2071 2234 2126 2290 5.
2153 2231 2219 2286 Et
2238 2244 2511 2301 posuerunt
2528 2233 2796 2287 adversum
2816 2248 2895 2285 me
2915 2232 3053 2286 mala
3071 2248 3165 2301 pro
3190 2231 3356 2295 bonis,
3377 2231 3619 2284 etodium

2071 2342 2165 2396 pro
2181 2308 2450 2378 dilectione
2472 2340 2603 2378 utea.
2621 2324 2676 2377 6.
2699 2322 2964 2378 Coustitue
2979 2340 3133 2394 super
3146 2340 3264 2378 eum
3281 2332 3616 2390 peccator-em,

2071 2426 2120 2471 et
2147 2417 2381 2471 diabolus
2407 2426 2498 2470 stet
2525 2434 2558 2471 a
2582 2416 2778 2471 dextris
2806 2416 2999 2484 ejus.7.
3023 2416 3151 2470 Cum
3163 2416 3454 2486 judicatur,
3474 2424 3617 2467 exeat

2068 2508 2451 2575 condemnatus,
2481 2520 2527 2562 et
2549 2509 2711 2562 oratio
2731 2510 2842 2579 ejus
2865 2509 2958 2577 ﬁat
2978 2508 3030 2562 in
3059 2518 3339 2577 peccatum.
3378 2509 3429 2564 8.
3460 2504 3619 2559 Fiunt

2069 2602 2178 2655 dies
2198 2603 2307 2672 ejus
2329 2602 2499 2670 pauci,
2533 2611 2580 2655 et
2604 2601 2953 2671 episcopatum
2979 2602 3089 2671 ejus
3119 2600 3337 2669 accipiat
3374 2600 3523 2652 alter.
3558 2599 3611 2653 9.

2069 2692 2229 2747 Fiant
2258 2694 2355 2761 ﬁlii
2381 2696 2492 2763 ejus
2524 2693 2746 2763 orpltani
2768 2734 2782 2757 ,
2807 2703 2853 2746 et
2880 2708 3010 2746 uxor
3038 2692 3150 2762 ejus
3170 2693 3344 2745 vidua.
3382 2692 3467 2745 10.
3500 2691 3616 2745 Nu-

2067 2793 2231 2839 tantes
2261 2784 2638 2853 trans/erantur
2657 2784 2753 2852 ﬁlii
2777 2784 2888 2854 ejus
2906 2825 2919 2848 ,
2943 2793 2991 2837 et
3010 2784 3319 2848 mendicent,
3342 2784 3615 2853 ejiciautur

2065 2880 2129 2931 de
2148 2877 2540 2931 habitationibus
2553 2877 2680 2931 suis.
2707 2878 2795 2932 Il.
2819 2877 3093 2931 Scrutetur
3112 2881 3385 2947 fmuerator
3413 2893 3614 2931 omnem

2066 2968 2396 3023 substantiam
2421 2970 2551 3040 ejus,
2583 2979 2630 3023 et
2656 2970 2902 3041 diripiant
2929 2970 3083 3025 alieni
3120 2970 3316 3024 labores
3344 2970 3477 3040 ejus.

2068 3083 2121 3137 I.
2148 3081 2337 3153 Magna
2358 3082 2448 3138 hic
2468 3084 2626 3138 nobis
2646 3084 2931 3153 prudentia
2953 3098 3088 3155 opus
3108 3093 3211 3139 est.
3232 3082 3409 3139 Verba
3439 3084 3606 3148 enim,

1991 3175 2035 3229 si
2063 3175 2477 3230 considerentur
2504 3184 2715 3250 tantum
2746 3186 2804 3230 ut
2828 3186 2956 3230 sunt
2984 3176 3190 3246 prolata
3215 3218 3231 3244 ,
3258 3186 3311 3232 et
3337 3186 3399 3232 ut
3425 3177 3609 3231 auditu

1990 3268 2171 3321 statim
2202 3268 2572 3337 percipiuntur
2603 3307 2619 3331 ,
2658 3269 2980 3337 perturbant
3004 3269 3207 3323 multos
3248 3284 3435 3323 eorum
3463 3311 3479 3336 ,
3518 3272 3607 3340 qui

1991 3373 2096 3412 non
2126 3358 2431 3413 attendunt.
2465 3358 2633 3412 Totus
2660 3359 2806 3413 enim
2840 3359 3089 3421 Psalmus
3116 3360 3309 3429 plenus
3335 3371 3419 3415 est
3448 3376 3610 3417 exse-

1991 3454 2237 3507 oratione
2258 3493 2272 3516 ,
2306 3451 2727 3523 hujusmodique
2756 3461 2864 3505 tota
2893 3454 3165 3522 percurrit
3190 3455 3366 3509 oratio
3386 3494 3401 3518 ,
3430 3469 3494 3509 ac
3527 3457 3606 3509 lo-

1986 3550 2201 3619 quentis
2224 3550 2518 3604 ferventem
2540 3557 2595 3603 et
2613 3547 2895 3601 ardentem
2916 3548 3203 3618 quamdam
3228 3548 3361 3602 iram
3385 3548 3601 3613 indicat,

1986 3656 2109 3709 qua:
2156 3655 2263 3693 non
2309 3650 2562 3694 contenta
2609 3654 2735 3693 eum
2780 3640 3005 3705 ulcisci,
3035 3640 3124 3708 Qui
3158 3639 3283 3695 facit
3314 3642 3561 3718 injuriam
3587 3684 3603 3705 .

1986 3734 2147 3786 etiam
2172 3732 2223 3784 in
2249 3731 2408 3793 filios,
2433 3744 2639 3801 patrem
2661 3740 2716 3784 et
2738 3740 2962 3786 matrem
2987 3734 3227 3787 extendit
3250 3736 3601 3803 supplicium:

1984 3830 2039 3875 et
2067 3838 2171 3875 non
2203 3837 2307 3875 una
2336 3822 2385 3875 ei
2414 3819 2612 3876 sufficit
2637 3822 2937 3888 calamitas,
2968 3823 3061 3876 sed
3091 3824 3251 3877 etiam
3280 3825 3419 3878 mala
3448 3826 3603 3879 malis

1984 3913 2280 3983 Conjungit.
2317 3914 2446 3967 Vide
2470 3915 2614 3968 enim
2644 3923 2776 3983 quot
2805 3924 2858 3968 et
2882 3923 3084 3983 quanta
3111 3915 3439 3985 imprecetur
3462 3960 3476 3983 ,
3520 3901 3602 3971 di-

1984 4020 2113 4060 cens
2145 4024 2157 4058 :
2189 4004 2451 4060 Constitue
2471 4022 2625 4076 super
2649 4022 2763 4058 eum
2790 4017 3101 4075 peccatorem
3124 4023 3143 4060 :
3167 4019 3212 4061 et
3239 4009 3471 4062 diabolus
3508 4018 3602 4064 stet

1983 4116 2014 4150 «ι
2044 4098 2236 4152 dextris
2265 4098 2393 4167 ejus.
2431 4097 2544 4152 Hoc
2567 4106 2682 4162 est,
2730 4097 2811 4153 Sit
2846 4098 3111 4152 obnoxius
3152 4101 3559 4155 accusatoribus
3582 4142 3599 4167 ,

1985 4190 2241 4258 improbis
2269 4188 2577 4243 hominibus
2606 4198 2661 4243 et
2689 4188 3095 4244 insidiatoribus
3116 4230 3131 4254 ,
3167 4206 3267 4245 nec
3302 4206 3397 4245 eos
3426 4194 3599 4261 possit

1982 4296 2254 4350 Superat-e.
2292 4281 2406 4334 Hoc
2449 4282 2595 4335 enim
2642 4281 2741 4335 sibi
2784 4283 2899 4334 vult
2930 4282 3079 4345 illud,
3124 4282 3253 4336 Cum
3290 4284 3596 4352 judicatur,

1983 4381 2127 4424 exeat
2180 4372 2565 4426 condemnatus.
2627 4371 2739 4426 Nec
2779 4374 2909 4426 satis
2958 4372 3061 4427 hoc
3092 4373 3245 4427 duxit
3296 4390 3418 4429 esse
3473 4390 3599 4444 sup-

1983 4466 2123 4533 plicii
2176 4464 2250 4535 (b)
2284 4506 2296 4527 ,
2342 4464 2436 4519 sed
2496 4480 2619 4517 cum
2670 4464 2771 4517 hac
2829 4465 3284 4520 condenzaatione
3331 4477 3449 4519 orat
3484 4509 3496 4527 ,
3543 4477 3599 4521 ιιι

1980 4557 2140 4610 etiam
2163 4556 2355 4624 aliqu's
2380 4555 2515 4608 alius
2548 4563 2667 4624 post
2694 4554 2843 4609 illum
2870 4556 2986 4624 ejus
3012 4554 3271 4610 ItOnorem
3304 4558 3594 4626 suscipiat,

1980 4648 2167 4701 dieens
2200 4665 2210 4699 :
2249 4646 2614 4714 Episcopatum
2654 4648 2772 4715 ejus
2814 4647 3035 4716 accipiat
3082 4648 3229 4700 alter.
3284 4648 3353 4701 Et
3400 4666 3466 4702 nc
3512 4650 3595 4705 hic

1980 4740 2197 4809 quidem
2248 4740 2427 4803 sistit,
2460 4740 2552 4792 sed
2584 4740 2746 4792 etiam
2796 4741 2969 4793 solum
3016 4742 3104 4809 qni
3149 4752 3266 4795 erat
3296 4743 3341 4797 ci
3377 4746 3595 4799 relictus

1980 4842 2193 4899 portum
2220 4830 2469 4894 obstruit,
2504 4846 2699 4898 rogans
2730 4840 2787 4885 ut
2815 4848 2884 4886 ne
2914 4832 3004 4885 Dei
3038 4833 3253 4901 quidem
3278 4847 3596 4905 assequatur

1979 4924 2318 4978 clementiam
2345 4964 2361 4988 ,
2402 4922 2529 4976 dum
2564 4924 2692 4976 dicit
2724 4942 2735 4976 :
2768 4923 2832 4977 Et
2863 4926 3027 4978 oratio
3056 4929 3167 4991 eius
3206 4929 3297 4994 ﬁat
3328 4929 3380 4980 in
3416 4947 3595 4998 pecca-

1982 5024 2108 5066 tum.
2133 5014 2267 5079 Qnin
2301 5016 2461 5067 etiam
2488 5026 2640 5083 regat
2663 5026 2721 5068 ut
2748 5026 2976 5069 mortem
3003 5018 3194 5071 subeat
3226 5019 3590 5075 innuaturam.

1986 5104 2136 5157 Fiant
2163 5106 2328 5167 enim,
2360 5106 2552 5175 inquit,
2582 5108 2689 5159 dies
2717 5108 2827 5177 ejus
2855 5109 3026 5177 pauci.
3059 5112 3235 5179 Atque
3266 5127 3333 5165 ne
3365 5113 3449 5165 hic
3472 5114 3591 5183 qui-

1978 5198 2101 5252 dem
2132 5199 2292 5262 sistit,
2322 5199 2445 5251 licet
2474 5198 2590 5252 hzcc
2616 5200 2729 5252 sola
2759 5199 2960 5254 dixisse
2991 5201 3314 5256 sufﬁciebat.
3347 5202 3441 5257 Ille
3462 5220 3593 5258 vero

1979 5294 2139 5347 etiam
2178 5290 2423 5359 adjurigit
2443 5332 2456 5353 ,
2489 5290 2631 5360 quod
2652 5292 2874 5361 quidem
2901 5302 2982 5345 est
3006 5294 3173 5348 animi
3203 5295 3357 5349 valde
3385 5296 3590 5352 incensi

1978 5400 2041 5438 ac
2071 5383 2380 5437 inﬂammati
2406 5383 2501 5455 (c),
2532 5400 2636 5437 non
2669 5400 2777 5438 uno
2805 5394 2896 5438 aut
2922 5380 3093 5440 altero
3124 5397 3438 5441 contentmn
3470 5403 3591 5445 esse

1978 5475 2237 5542 supplicio
2257 5516 2272 5541 ,
2306 5474 2400 5528 sed
2426 5484 2608 5543 petere
2632 5484 2687 5529 ut
2714 5476 2817 5529 alia
2854 5476 3220 5544 imponantur.
3248 5478 3379 5544 Qua:
3404 5490 3587 5534 autem

1978 5566 2231 5634 deinceps
2273 5576 2589 5633 sequuntur,
2619 5579 2743 5620 sunt
2776 5567 2860 5621 his
2891 5569 3063 5622 multo
3087 5569 3354 5639 graviora.
3388 5572 3586 5627 Eorum

1976 5662 2119 5714 enim
2148 5674 2280 5727 quos
2303 5658 2574 5727 relinquit,
2598 5659 2883 5713 orbitatem
2905 5671 2959 5715 et
2982 5661 3292 5718 viduitatem
3317 5676 3585 5733 precatur.

2038 5750 2112 5813 (ra)
2146 5746 2445 5813 contulimus
2467 5762 2580 5798 cum
2595 5752 2768 5800 Codice
2789 5753 2933 5813 regio
2956 5752 3099 5811 259.9,
3121 5754 3269 5804 hodie
3290 5754 3401 5805 655.

2042 5810 2114 5877 (ὓ)
2151 5812 2242 5877 llic
2257 5810 2405 5860 multa
2429 5810 2940 5877 praetermittuntuﬁin
2965 5815 3074 5862 (20d.
3096 5822 3215 5877 Reg.

2045 5871 2114 5935 (ι)
2152 5871 2292 5921 Multa
2321 5871 2497 5935 passim
2524 5874 3107 5941 prmternnttitReg.,qni
3130 5871 3323 5926 nieudis
3344 5887 3526 5930 scatet.
