4058 6490
450 543 617 614 Atqui
644 556 863 598 .iecesse
903 549 1020 606 est,
1051 538 1110 594 ut
1138 539 1255 594 hare
1280 539 1566 601 eveniant,
1599 542 1881 609 postquam
1925 532 2043 601 ipse

453 635 748 690 excesserit
778 649 794 698 ;
824 641 880 688 et
905 641 1085 688 tamen
1117 631 1256 690 inter
1280 631 1476 684 canere
1503 624 1789 681 maledicta
1816 638 1879 680 ea
1906 636 2041 677 con-

452 732 746 792 sequenter
768 722 972 786 statuit,
1002 721 1078 776 ira
1106 721 1337 777 fervens.
1364 718 1432 774 Et
1451 731 1554 774 nec
1577 718 1632 771 in
1654 714 1890 770 orbitate
1923 711 2044 782 qui-

455 814 582 869 dem
612 814 790 878 sistit,
823 812 920 868 sed
949 811 1110 866 etiam
1148 819 1269 880 post
1297 810 1443 864 tales
1456 806 1786 863 calamitates
1823 801 2047 858 ulterius

463 903 804 974 progreditur
825 943 842 970 ,
875 903 1014 957 mala
1043 902 1161 972 ejus
1183 899 1542 970 amplificans,
1571 911 1765 968 rogans
1786 905 1845 951 ut
1865 894 1958 965 qui
1980 909 2047 948 ex

453 1007 522 1047 eo
551 994 661 1048 nati
685 1003 812 1048 sunt
838 991 1058 1048 incertis
1078 999 1336 1063 vagentur
1353 989 1593 1046 sedibus.
1631 986 1918 1049 Nutantes,
1961 985 2045 1038 in-

423 1083 605 1153 quit,
639 1084 1011 1152 transferantur
1038 1081 1136 1152 ﬁlii
1177 1083 1328 1152 ejus,
1351 1089 1400 1134 et
1433 1079 1738 1134 mendicant.
1782 1076 1895 1132 Hoc
1919 1085 2004 1130 est
2029 1115 2045 1139 ,

451 1171 711 1232 Errantes
730 1184 786 1245 et
801 1174 1097 1245 vagabundi
1120 1188 1189 1228 ne
1209 1170 1572 1228 necessarium
1590 1168 1804 1239 quidem
1827 1167 2052 1222 alimen-

456 1276 568 1321 tum
597 1266 848 1341 habeant,
871 1280 972 1321 nec
985 1275 1196 1320 cessent
1214 1263 1429 1319 assidue
1457 1263 1633 1318 locum
1659 1260 1781 1315 loco
1798 1269 2008 1312 mutare
2029 1299 2046 1323 ,

451 1355 636 1424 agitati
660 1396 676 1421 ,
709 1355 843 1424 pulsi
875 1369 972 1424 per
994 1367 1214 1410 omnem
1242 1363 1440 1408 terram
1460 1392 1476 1418 ,
1500 1359 1560 1406 et
1588 1363 1850 1420 nusquam
1894 1349 2048 1403 inve-

455 1447 662 1501 nieutes
686 1445 971 1510 locum,in
996 1459 1103 1515 quo
1130 1445 1449 1501 consistant.
1481 1441 1614 1498 Cum
1647 1443 1732 1495 his
1759 1450 1938 1494 autem
1961 1440 2048 1494 eis

451 1537 615 1590 etiam
645 1537 968 1606 imprecatur
995 1535 1228 1604 inopiam
1249 1573 1266 1601 ,
1297 1547 1522 1604 eamque
1562 1540 1857 1589 extremam
1882 1537 1939 1584 et
1963 1530 2049 1582 in-

453 1626 826 1690 tolerabilem,
859 1634 934 1681 ut.
955 1640 1058 1682 nec
1080 1625 1336 1681 auxilium
1364 1624 1581 1695 quidem
1620 1631 1977 1702 assequentur
2014 1635 2046 1674 a

455 1716 697 1786 cognatis
718 1757 734 1781 ,
767 1714 862 1770 sed
901 1716 1276 1780 circumeant,
1303 1713 1373 1768 ab
1412 1712 1652 1768 externis
1689 1720 1746 1767 et
1770 1711 1965 1780 ignotis
1995 1708 2046 1764 id

455 1814 717 1875 petentes.
745 1804 880 1860 Audi
903 1815 1080 1860 autem
1102 1803 1373 1877 quomodo
1391 1803 1494 1860 hoc
1517 1802 1823 1874 significans
1843 1800 2050 1870 adjicit.

455 1897 740 1967 Postquam
761 1898 904 1952 enim
928 1897 1064 1952 dixit
1089 1913 1104 1951 :
1136 1896 1531 1965 Transfer-antur
1555 1896 1652 1966 ﬁlii
1677 1897 1806 1966 ejus,
1833 1905 1881 1950 et
1908 1911 2052 1948 men-

453 1988 659 2052 dicent,
709 1986 1020 2056 subjungit:
1069 1985 1361 2057 Ejiciantur
1400 1987 1464 2040 de
1501 1986 1888 2048 habitationibus
1921 1986 2048 2039 suis.

453 2078 722 2134 Scrutetur
747 2082 1016 2148 fmmator
1025 2094 1232 2132 omnem
1251 2076 1580 2143 substantiam
1599 2077 1728 2147 ejus,
1745 2089 1791 2130 et
1807 2075 2051 2146 diripiant

455 2168 611 2222 alieni
646 2169 841 2222 labores
871 2168 1003 2239 ejus.
1035 2167 1144 2222 Hoc
1172 2175 1258 2223 est
1297 2165 1441 2221 aliud
1483 2179 1652 2236 genus
1689 2165 2008 2220 calamitatis
2031 2204 2047 2229 ,

456 2259 694 2329 ipsorum
725 2261 858 2313 bona
886 2257 1187 2328 diripienda
1215 2257 1352 2331 tradi
1376 2298 1392 2325 ,
1419 2265 1477 2312 et
1501 2255 1884 2312 imperatorum
1916 2256 2047 2309 insi-

452 2350 569 2402 dias
598 2348 800 2418 perpeti
823 2387 838 2413 ,
871 2357 1032 2418 atque
1060 2347 1308 2402 omnibus
1335 2345 1511 2401 modis
1540 2346 1748 2416 probris
1775 2355 1835 2416 et
1853 2354 2048 2400 contu-

451 2437 626 2492 meliis
645 2435 806 2504 affici,
828 2452 892 2492 ac
916 2437 1056 2507 quod
1086 2445 1172 2493 est
1191 2439 1347 2507 longe
1369 2437 1604 2508 gravius,
1632 2436 1684 2489 in
1709 2435 1868 2488 tantis
1893 2435 2050 2489 malis

448 2543 634 2583 carere
660 2528 965 2584 defensore.
1007 2529 1064 2583 id
1094 2537 1272 2584 autem
1313 2513 1638 2598 imprecatur
1657 2569 1672 2594 ,
1701 2528 1884 2583 dicens
1908 2545 1922 2581 :
1950 2527 2038 2582 12.

452 2616 576 2672 Non
613 2619 675 2671 sit
701 2618 778 2671 illi
817 2618 1044 2690 adjutor.
1076 2618 1210 2672 Mala
1256 2620 1398 2672 enim
1439 2619 1524 2671 vel
1553 2618 1667 2686 ipsa
1698 2631 1794 2686 per
1836 2632 1896 2672 se
1921 2626 2047 2673 sunt

451 2707 802 2763 intolerabilia
825 2726 839 2761 :
858 2708 1074 2778 quando
1088 2717 1268 2764 autem
1290 2695 1626 2763 nte-defensor
1641 2705 1854 2776 quidem
1871 2708 2045 2772 adest,

449 2805 576 2851 sunt
595 2798 752 2868 longe
768 2799 1031 2868 graviora.
1051 2797 1164 2852 Nec
1181 2799 1246 2852 sit
1266 2799 1352 2867 qui
1375 2797 1671 2852 misereatur
1689 2797 1899 2867 pupillis
1918 2799 2045 2878 ejus:

453 2888 634 2964 Papae,
651 2890 968 2966 quanta/irae
987 2889 1316 2959 magnitudo,
1335 2887 1550 2958 quando
1573 2903 1640 2942 ue
1661 2887 1907 2942 orbitatis
1929 2889 2047 2958 qui-

346 3023 350 3027 .
451 2974 577 3035 dem
616 2981 967 3035 immaturitas
1015 2979 1436 3035 misericordiam
1482 2978 1824 3047 assequitur,
1875 2992 2048 3047 neque

416 3108 420 3115 .
458 3073 563 3127 hoc
587 3073 758 3128 solum
779 3112 797 3140 ,
824 3073 932 3126 imo
955 3072 1007 3127 ei
1032 3073 1193 3127 etiam
1224 3081 1521 3126 extremum
1544 3071 1768 3125 exitium
1795 3069 2045 3126 aﬂertur!

450 3162 586 3219 Nam
615 3162 731 3218 ait:
763 3163 851 3217 15.
894 3160 1050 3227 Fiant
1072 3161 1180 3215 nati
1205 3161 1316 3234 ejus
1337 3160 1391 3215 in
1431 3160 1707 3214 interitum.
1737 3159 1807 3214 In
1840 3155 2054 3232 generos

455 3257 590 3310 tione
616 3269 720 3309 una
759 3254 988 3308 deleatur
1029 3269 1220 3308 nomen
1258 3254 1388 3324 ejus.
1424 3253 1616 3309 Vidisti
1640 3256 1941 3310 orationem
1970 3255 2048 3308 ira

419 3409 422 3411 ,
459 3345 696 3415 plenam,
721 3352 776 3400 et
802 3358 922 3414 quae
947 3358 1008 3398 se
1036 3358 1145 3398 non
1168 3343 1448 3413 reprimit?
1475 3341 1636 3414 Optat
1659 3353 1719 3399 ut
1742 3343 1842 3413 ipsi
1865 3342 2051 3398 vivant

456 3437 509 3491 in
538 3437 682 3490 varia
703 3442 760 3488 et
785 3433 1063 3504 multiplici
1088 3438 1249 3504 atque
1272 3434 1449 3490 omnis
1475 3434 1686 3505 generis
1706 3435 1922 3490 miseria
1942 3475 1959 3501 ,
1992 3444 2046 3491 et

455 3527 654 3595 absque
681 3524 786 3578 ulla
830 3525 1060 3578 nominis
1104 3524 1187 3580 sui
1227 3524 1364 3579 fama
1405 3524 1639 3581 funditus
1669 3517 1953 3581 intereant.
1985 3526 2052 3580 Et

457 3615 676 3687 perinde
699 3630 762 3670 ac
789 3615 834 3670 si
862 3631 970 3671 non
995 3610 1225 3672 sufficiat
1247 3615 1478 3671 filiorum
1499 3617 1793 3685 calamitas,
1821 3617 2048 3686 subjun-

456 3709 533 3777 git
559 3722 744 3762 rursus
778 3723 794 3758 ι
823 3706 912 3761 ﬂ.
943 3705 1016 3760 In
1041 3707 1334 3760 memoriam
1363 3710 1536 3761 redeat
1573 3705 1812 3778 iniquitas
1850 3716 2052 3777 patrum

456 3800 586 3867 ejus,
608 3805 656 3850 et
681 3804 942 3866 peccatum
962 3797 1137 3851 matris
1158 3798 1268 3867 ejus
1290 3813 1392 3850 non
1413 3797 1658 3850 deleatur.
1675 3796 1771 3852 15.
1796 3799 1876 3866 (a)
1896 3796 2052 3852 Fiant

455 3897 633 3941 contra
659 3886 934 3940 Dominum
960 3903 1158 3954 semper
1176 3926 1192 3953 ,
1216 3896 1264 3941 et
1289 3889 1542 3956 dispercat
1563 3888 1627 3941 de
1656 3898 1791 3941 terra
1810 3891 2054 3942 memoria

454 3995 647 4032 eorum.
683 3978 776 4032 Est
804 3978 946 4032 enim
977 3977 1224 4032 maximae
1267 3977 1560 4033 iracundia:
1584 4019 1602 4046 ,
1630 3980 1702 4033 ita
1743 3980 2049 4034 minutatim

456 4069 776 4123 distribuere
792 4109 806 4134 ,
830 4082 962 4138 quas
987 4069 1306 4138 generaliter
1331 4069 1464 4123 dixit
1492 4068 1818 4124 calamitates
1838 4109 1855 4135 ,
1881 4079 1930 4124 et
1958 4085 2054 4124 ea—

455 4159 576 4212 dem
607 4157 820 4211 assidue
847 4172 1084 4212 versare.
1111 4158 1398 4228 Postquam
1426 4159 1570 4213 enim
1596 4157 1752 4227 dixit,
1782 4157 1849 4213 In
1865 4175 2054 4213 memo-

453 4250 583 4300 riam
606 4248 776 4300 redeat
791 4249 1025 4317 iniquitas
1041 4259 1243 4318 patrum
1263 4250 1394 4318 ejus,
1423 4250 1730 4320 subjunxit:
1757 4249 1825 4303 Et
1841 4267 1941 4303 non
1963 4255 2056 4304 de-

456 4340 636 4391 leatur.
666 4339 823 4408 Atqui
855 4339 994 4394 idem
1019 4349 1136 4406 est;
1162 4341 1236 4394 ira
1270 4351 1450 4395 tamen
1471 4333 1526 4395 ui
1547 4350 1830 4412 utrumque
1855 4343 2059 4398 diceret

459 4430 706 4500 impulit;
753 4429 897 4499 quod
929 4440 1114 4490 autem
1143 4431 1256 4485 vult
1283 4432 1462 4486 dicere
1482 4474 1497 4497 ,
1529 4432 1632 4487 hoc
1661 4445 1744 4487 est
1771 4451 1785 4486 :
1815 4434 2060 4492 lnterfice'

459 4521 663 4589 ipsum,
689 4521 897 4583 occide,
939 4521 1006 4576 de
1035 4522 1214 4576 medio
1241 4522 1390 4577 tolle.
1427 4523 1622 4577 Vidisti
1654 4534 1784 4593 quot
1823 4526 1935 4579 sint
1957 4527 2059 4580 im-

457 4613 826 4682 precationes?
855 4613 960 4666 Sed
982 4654 998 4677 ,
1025 4614 1069 4667 si
1097 4615 1177 4668 vis
1202 4655 1216 4678 ,
1245 4629 1346 4683 ego
1370 4628 1466 4669 eas
1495 4630 1680 4670 rursus
1704 4616 1969 4686 colligam.
2000 4620 2059 4674 ln

459 4703 651 4768 malos,
674 4704 863 4772 inquit,
880 4704 1127 4759 homines
1144 4705 1355 4769 incidat,
1381 4716 1682 4772 accusetur,
1705 4708 1774 4760 sit
1796 4709 1848 4761 in
1873 4725 2060 4764 eorum

462 4806 746 4866 potestate,
777 4797 1187 4862 condemnetur,
1219 4805 1447 4851 mortem
1479 4798 1669 4853 subeat
1696 4799 2058 4869 immaturam,

461 4885 661 4939 honore
689 4886 941 4953 privetur,
976 4897 1027 4938 et
1054 4902 1123 4939 ne
1153 4887 1207 4939 in
1233 4901 1373 4940 suos
1386 4886 1621 4955 quidem,
1653 4889 1746 4943 sed
1774 4891 1824 4942 in
1855 4891 2061 4946 alienos

461 4992 582 5031 eum
614 4979 929 5031 translatum
960 4977 1137 5031 videat
1167 4993 1181 5029 :
1213 4992 1351 5031 uxor
1378 4978 1493 5047 ejus
1514 4989 1717 5048 pereat,
1748 4990 1801 5034 et
1833 4983 1923 5035 filii
1946 4983 2063 5051 ejus

463 5077 824 5136 paupertatem
855 5109 870 5132 ,
898 5068 1178 5121 orbitatem
1199 5108 1215 5131 ,
1245 5076 1300 5122 et
1324 5067 1484 5122 vitam
1513 5071 1876 5125 mendicorum
1903 5074 2063 5126 susti-

462 5166 622 5209 neant
644 5198 656 5218 ,
697 5157 1147 5222 condemnentur,
1179 5159 1518 5228 expelluntur
1543 5161 1775 5232 undique
1800 5203 1816 5226 ,
1858 5164 2060 5218 nullum

465 5231 690 5298 habeant
707 5244 1025 5312 adjutorem,
1048 5261 1077 5300 a
1104 5247 1194 5300 Dei
1215 5247 1575 5303 benevolentia
1595 5231 1859 5317 excidunt,
1887 5256 2062 5310 nullus

463 5346 529 5398 sit
573 5337 650 5389 eis
683 5345 865 5404 portus
906 5353 1002 5390 uec
1031 5336 1293 5405 refugium
1322 5355 1335 5390 :
1366 5338 1607 5394 deleatur
1653 5357 1845 5397 nomen
1887 5345 2003 5413 ejus
2031 5360 2061 5401 e

464 5436 625 5490 terra,
661 5436 843 5496 pereat
872 5429 1151 5498 inglorius,
1181 5438 1234 5482 et
1262 5438 1413 5496 pater
1439 5441 1491 5484 et
1512 5441 1681 5485 mater
1711 5434 1855 5487 luant
1877 5451 2062 5503 poenas

463 5532 681 5572 suorum
713 5528 1071 5588 peccatorum,
1106 5520 1396 5587 perdantur
1423 5530 1478 5576 et
1507 5523 1745 5578 funditus
1772 5526 2054 5582 intereant.

533 5610 589 5664 2.
630 5610 820 5665 Annon
853 5626 914 5666 ea
953 5627 1071 5682 qua:
1100 5613 1240 5667 dicta
1271 5625 1395 5667 sunt
1421 5615 1719 5670 auditorem
1764 5621 2062 5688 percellunt

534 5765 603 5826 (α)
637 5759 818 5832 Vni-sus
841 5763 1058 5832 decimus
1101 5769 1301 5832 quintus
1325 5769 1372 5816 in
1407 5772 1583 5832 Graecis
1625 5777 1981 5832 pretermissns
2010 5779 2060 5828 in

456 5824 593 5876 Eun."
611 5824 773 5875 Iorel.
795 5835 847 5876 et
867 5828 1006 5875 Savii.
1036 5841 1101 5877 ex
1121 5824 1229 5878 aliis
1255 5824 1711 5893 exemplaribus-hic
1735 5824 2025 5890 resumittir.

1163 415 1222 476 S.
1249 415 1540 475 JOANNIS
1576 411 2057 473 CHRYSOSTOMI
2097 409 2415 468 ARCHIEP.
2457 410 2995 471 CONSTANTINOP.

3644 413 3758 470 ιω

2153 539 2208 584 et
2249 529 2730 600 obstupefaciunt!
2777 534 2971 589 Annon
3005 531 3146 588 scire
3188 530 3463 588 desideras
3511 533 3763 603 quisnam

2153 629 2272 688 est,
2297 621 2391 693 qui
2414 625 2493 678 sic
2519 632 2603 678 est
2623 623 3010 680 condemnatus
3029 623 3052 677 l
3071 623 3126 679 Si
3155 623 3299 678 enim
3320 662 3338 689 ,
3365 637 3489 677 cum
3513 622 3769 678 audimus

2161 711 2285 766 hom
2293 713 2434 767 inem
2460 713 2673 782 probris
2692 723 2748 769 et
2765 714 3066 770 maledictis
3085 711 3246 781 afﬁci,
3259 726 3521 784 rogemus
3543 713 3768 770 adstan-

2155 811 2242 859 tes
2261 843 2280 871 ,
2299 800 2367 859 'ut
2391 803 2572 860 dicant
2596 804 2716 875 quis
2755 805 2828 860 sit
2853 807 2945 876 qui
2984 805 3100 860 haec
3126 803 3312 860 audiat
3339 821 3354 858 :
3386 803 3564 859 multo
3591 805 3770 875 magis

2153 911 2276 949 cum
2303 897 2619 966 prophetam
2650 897 2766 952 hzec
2792 897 3176 967 imprecantem
3206 896 3457 952 audimus
3476 937 3494 963 ,
3539 911 3771 952 necesse

2154 997 2238 1039 est
2263 987 2493 1053 discere,
2523 986 2683 1057 idque
2703 1002 2825 1042 cum
2853 988 3047 1042 timore
3072 1001 3138 1042 ac
3165 998 3332 1052 metu,
3359 987 3481 1056 quis
3507 986 3576 1041 sit
3598 1003 3764 1057 quem

2154 1086 2263 1131 tam
2291 1077 2579 1134 vehemens
2594 1079 2790 1143 invasit
2819 1078 3112 1146 iracundia,
3139 1081 3262 1150 quis
3283 1080 3355 1134 sit
3379 1080 3469 1149 qui
3497 1079 3764 1148 Spiritum

2152 1177 2394 1222 sanctum
2421 1177 2567 1222 tanta
2591 1167 2772 1224 affecit
2808 1169 3049 1235 tristitia,
3074 1178 3133 1223 ut
3161 1177 3240 1223 tot
3266 1184 3467 1241 genera
3494 1169 3766 1224 malorum

2151 1257 2385 1312 audiret.
2411 1257 2684 1313 Psalmum
2713 1273 2864 1330 ergo,
2886 1259 2931 1313 si
2958 1257 3220 1319 videatur,
3249 1259 3492 1314 dicamus
3519 1259 3588 1313 ab
3611 1257 3766 1314 initio

2152 1361 2276 1401 cum
2299 1362 2488 1416 magna
2508 1339 2825 1404 attentione.
2847 1347 3016 1404 Nemo
3037 1359 3216 1404 autem
3238 1347 3601 1419 perturbetur.
3625 1349 3770 1406 Nar-

2159 1438 2291 1494 rabo
2331 1441 2475 1495 enim
2517 1455 2678 1510 quam
2723 1452 2912 1511 potero
2954 1443 3360 1500 accuratissime
3384 1454 3439 1499 et
3463 1444 3770 1515 diligentis-

2152 1530 2312 1585 sime.
2361 1529 2480 1586 Non
2524 1539 2608 1586 est
2649 1533 2792 1586 enim
2839 1547 3060 1602 parvum
3107 1534 3252 1604 quod
3305 1535 3564 1604 quaeritur
3606 1552 3623 1590 :
3662 1536 3765 1590 sed

2153 1635 2320 1675 unum
2350 1621 2564 1691 quidem
2593 1630 2648 1677 et
2672 1625 2932 1694 primum,
2964 1639 3196 1693 quanam
3223 1624 3291 1679 de
3316 1639 3479 1680 causa
3505 1667 3519 1691 ,
3550 1641 3672 1681 cum
3719 1627 3768 1681 is

2153 1721 2470 1783 peccasset,
2495 1713 2586 1784 qui
2616 1712 2827 1784 probris
2869 1715 3177 1784 appetitur,
3212 1715 3305 1770 lilii
3336 1715 3454 1786 ejus
3495 1733 3617 1772 cum
3644 1717 3769 1788 ipso

2159 1804 2489 1872 puniuntur,
2527 1811 2585 1858 et
2623 1818 2760 1871 uxor
2786 1812 2842 1859 et
2882 1813 3152 1873 parentes.
3186 1805 3494 1864 Secundum
3533 1818 3716 1865 autem
3739 1850 3756 1875 ,

2153 1893 2274 1962 quis
2301 1901 2388 1948 est
2410 1893 2454 1948 is
2477 1895 2567 1964 qui
2597 1894 2958 1950 maledicitur.
2979 1893 3460 1967 Tertium-autem,
3488 1901 3766 1970 quomodo

2154 1984 2403 2053 princeps
2431 1984 2797 2053 apostolorum
2833 1971 3069 2042 ostendit
3090 1986 3233 2043 hunc
3260 1987 3532 2044 Psalmum
3559 1991 3764 2046 dictum

2155 2087 2275 2128 esse
2304 2072 2372 2128 de
2396 2072 2533 2128 Juda
2560 2113 2576 2138 ,
2607 2075 2691 2129 vel
2735 2077 2913 2144 potius
2951 2092 3060 2132 non
3104 2085 3275 2132 totum
3304 2079 3576 2135 Psalmum
3598 2121 3614 2147 ,
3660 2082 3761 2136 sed

2156 2173 2364 2234 partem
2396 2164 2614 2220 Psalmi.
2662 2164 2927 2236 Scriptum
2965 2178 3038 2223 est
3080 2169 3256 2235 enim,
3297 2169 3509 2240 inquit,
3536 2171 3591 2224 in
3634 2170 3768 2225 libro

2157 2253 2486 2337 Psalmorum
2507 2272 2528 2310 :
2553 2255 2677 2310 Fiat
2702 2259 2948 2313 habitatio
2971 2262 3080 2330 ejus
3116 2261 3336 2327 deserta,
3373 2273 3420 2318 et
3445 2263 3499 2317 in
3525 2264 3767 2318 tabemta-

2153 2346 2284 2401 culis
2303 2349 2417 2418 ejus
2450 2364 2553 2402 non
2581 2351 2644 2403 sit
2669 2349 2756 2416 qui
2775 2350 3017 2406 inhabitet
3042 2351 3179 2424 (Act.
3203 2353 3254 2407 1.
3278 2352 3394 2425 20).
3417 2351 3494 2425 (a)
3524 2353 3631 2410 Sed
3661 2357 3765 2410 hoc

2156 2437 2313 2493 nobis
2353 2438 2512 2493 aliam
2553 2453 2742 2495 rursus
2777 2442 2981 2513 prabet
3018 2442 3374 2512 quaestionem
3409 2463 3424 2499 :
3453 2433 3562 2500 non
3615 2444 3767 2501 enim

2155 2527 2357 2599 scripta
2377 2539 2504 2584 sunt
2523 2539 2748 2601 utraque
2775 2531 2828 2586 in
2854 2531 2957 2587 hoc
2979 2531 3192 2587 Psalmo
3223 2549 3239 2605 ξ
3269 2541 3326 2590 et
3351 2533 3474 2590 ideo
3493 2550 3601 2610 non
3619 2536 3766 2591 dixit

2155 2618 2296 2675 hunc
2324 2621 2596 2676 Psalmum
2619 2664 2634 2687 ,
2663 2621 2759 2678 sed
2787 2631 2957 2678 totum
2987 2623 3184 2680 librum
3223 2625 3583 2683 Psalmorum.
3625 2625 3762 2680 Illud

2153 2715 2296 2769 enim
2326 2732 2343 2770 :
2372 2713 2494 2770 Fiat
2523 2715 2764 2771 habitatio
2789 2717 2898 2788 ejus
2926 2718 3125 2773 deserta
3150 2719 3170 2789 (
3201 2717 3351 2773 PsaI.
3371 2717 3476 2774 ‘68.
3504 2718 3575 2775 26
3593 2719 3616 2793 )
3637 2759 3651 2782 ,
3679 2705 3772 2776 αῖ

2154 2808 2207 2862 in
2235 2807 2342 2864 alio
2371 2808 2737 2865 Psalmo:hoc
2761 2825 2917 2866 vero:
2939 2810 3008 2865 Et
3037 2811 3383 2883 episcopatum
3408 2815 3520 2884 ejus
3542 2814 3763 2884 accipiat

2153 2899 2305 2964 alter,
2326 2901 2382 2954 in
2408 2901 2529 2956 hoc.
2545 2901 2737 2956 Petrus
2769 2911 2944 2956 tamen
2975 2910 3263 2972 utrumque
3295 2892 3469 2973 coegit
3503 2904 3556 2958 in
3596 2891 3764 2959 unum

2153 2991 2536 3047 testimonium.
2550 2992 2703 3060 Quod
2718 2993 2880 3073 etiam
2897 2995 3092 3064 ubique
3107 2994 3452 3061 facitPaulus,
3471 3003 3532 3051 ut
3549 2995 3764 3066 quando

2153 3081 2282 3155 dicit
2318 3084 2576 3153 propheta
2608 3101 2623 3140 :
2669 3085 2840 3140 Veniet
2869 3103 2933 3140 ex
2965 3087 3094 3142 Sion
3121 3088 3207 3158 qui
3241 3089 3450 3158 eripiet.
3505 3099 3552 3142 et
3575 3100 3767 3144 avertet

2152 3175 2440 3244 tmpietates
2463 3193 2527 3230 ea:
2559 3176 2721 3232 Iacob
2750 3181 2772 3247 (
2799 3176 2952 3232 Rom.
2983 3180 3072 3234 11.
3099 3179 3171 3235 26
3201 3196 3218 3246 ;
3243 3178 3377 3234 Isai.
3401 3180 3492 3235 59.
3521 3179 3595 3236 20
3618 3162 3768 3252 );\Et

2153 3266 2249 3318 hoc
2272 3266 2344 3319 eis
2375 3281 2440 3320 ea:
2475 3282 2555 3320 me
2583 3276 2964 3336 testamentum,
3005 3270 3211 3336 quando
3254 3270 3508 3325 abstulero
3551 3281 3767 3348 peccata

2155 3372 2330 3410 eorum
2360 3357 2379 3427 (
2404 3357 2533 3412 Isai.
2561 3357 2652 3412 27.
2684 3358 2782 3430 9).
2821 3357 2964 3438 Quid
2991 3369 3172 3416 autem
3193 3401 3210 3426 ,
3237 3361 3431 3415 dixerit
3459 3356 3724 3432 quispiam
3747 3402 3767 3425 .

2155 3463 2223 3503 an
2246 3448 2297 3503 id
2324 3449 2468 3518 quod
2493 3449 2694 3504 dictum
2723 3458 2826 3516 est,
2852 3449 3157 3521 prophetia,
3189 3465 3255 3505 an
3282 3452 3597 3521 imprecatio
3625 3465 3706 3507 est
3735 3455 3760 3507 ?

2156 3539 2446 3608 Prophetia
2478 3540 2580 3594 sub
2609 3541 2789 3610 specie
2816 3540 3234 3610 imprecationis.
3263 3540 3398 3596 Nam
3424 3541 3585 3596 etiam
3625 3542 3754 3596 alibi

2157 3629 2259 3688 tale
2279 3633 2403 3703 quid
2427 3632 2762 3715 inveniemus
2789 3651 2802 3687 :
2833 3633 2886 3688 id
2909 3633 3078 3690 Jacob
3101 3643 3314 3705 quoque
3335 3634 3476 3689 fecit.
3500 3631 3765 3702 Quoniam
3813 3701 3820 3706 _

2155 3726 2300 3779 enim
2326 3727 2615 3794 oportebat
2640 3725 2914 3781 auditores
2934 3727 3107 3794 juvari
3137 3742 3203 3782 ex
3235 3729 3301 3782 iis
3329 3742 3450 3796 qnze
3477 3728 3611 3782 aliis
3636 3742 3766 3798 eve-

2157 3818 2372 3872 niebant
2393 3857 2410 3883 ,
2441 3817 2753 3888 pr0phetias
2778 3819 2974 3874 multas
2995 3817 3098 3873 hoc
3124 3818 3286 3873 modo
3307 3818 3562 3884 efferunt,
3593 3828 3650 3873 ut
3676 3821 3764 3874 vel

2158 3909 2275 3978 ipso
2317 3911 2479 3966 modo
2529 3910 2839 3981 proferendi
2881 3920 3140 3982 augeatur
3175 3921 3352 3968 metus
3383 3912 3435 3966 in
3465 3913 3766 3982 republica.

2158 4002 2343 4074 Neque
2370 4005 2513 4059 enim
2557 4005 2791 4075 perinde
2817 4015 2900 4061 est
2924 4006 2972 4062 si
3005 4005 3155 4062 dicas
3185 4025 3200 4062 ε
3230 4007 3327 4062 Hic
3356 4007 3462 4063 hoc
3505 4009 3590 4064 vel
3635 4008 3768 4063 illud

2158 4097 2409 4163 patietur,
2437 4111 2501 4150 ac
2527 4101 2571 4150 si
2602 4096 2653 4150 id
2685 4105 2744 4150 ut
2767 4103 2936 4151 iratus
2960 4108 3016 4153 et
3042 4098 3349 4169 indignatus
3369 4099 3668 4154 induxeris.
3701 4099 3770 4155 Et

2159 4185 2302 4253 quod
2324 4185 2439 4239 haec
2468 4201 2574 4239 non
2606 4197 2808 4243 temere
2828 4188 3170 4258 pronuntiem
3191 4230 3206 4254 ,
3235 4204 3303 4245 ex
3328 4190 3507 4244 verbis
3539 4190 3770 4260 prophe-

2168 4277 2289 4330 ticis
2317 4277 2420 4331 hoc
2446 4276 2599 4331 vobis
2624 4277 2964 4334 manifestum
2985 4277 3227 4333 reddam.
3254 4279 3419 4334 Jacob
3447 4281 3614 4350 enim,
3643 4296 3768 4336 cum

2161 4376 2306 4421 esset
2350 4368 2643 4423 moriturus
2667 4409 2682 4432 ,
2719 4367 2895 4422 Venite
2916 4410 2930 4433 ,
2965 4369 3138 4438 inquit
3179 4370 3301 4423 filiis
3332 4373 3444 4425 suis
3468 4413 3483 4436 ,
3528 4381 3575 4425 et
3600 4372 3770 4426 dicam

2161 4458 2298 4528 quod
2327 4469 2616 4511 eventurum
2634 4460 2700 4512 sit
2726 4461 2862 4513 vobis
2880 4461 2932 4512 in
2965 4460 3137 4514 diebus
3166 4462 3451 4516 novissimis
3471 4462 3491 4534 (
3515 4462 3642 4516 Gen.
3676 4463 3764 4518 I9.

2164 4549 2189 4602 1
2223 4549 2239 4617 )
2273 4558 2365 4602 :et
2392 4564 2513 4604 cum
2555 4561 2700 4605 esset
2740 4551 3188 4621 prophetaturus,
3238 4555 3416 4607 statim
3445 4571 3474 4608 a
3503 4556 3770 4626 principio

2164 4647 2434 4709 tamquam
2459 4641 2534 4694 ira
2563 4643 2816 4709 percitus,
2843 4643 3028 4711 incipit
3049 4643 3385 4712 prophetiam
3410 4646 3480 4699 ab
3506 4648 3768 4716 impreca-

2166 4734 2328 4796 tione,
2361 4735 2439 4788 sic
2462 4734 2648 4789 dicens
2678 4752 2693 4788 :
2721 4735 2900 4789 Ruben
2930 4736 3294 4807 primogenita:
3324 4754 3484 4801 meus,
3513 4739 3672 4793 durus
3701 4743 3770 4793 ad

2165 4824 2428 4891 ferendum
2450 4863 2465 4889 ,
2503 4824 2661 4877 durus
2690 4834 2736 4877 et
2764 4835 3067 4892 contumax,
3098 4827 3262 4896 fecisti
3299 4829 3681 4888 contumeliam.
3715 4840 3771 4884 ut

2165 4930 2297 4982 aqua
2323 4931 2424 4968 non
2451 4931 2649 4968 crescas
2686 4915 2705 4984 (
2727 4913 2864 4968 Ibid.
2891 4932 2939 4969 υ.
2963 4917 3036 4985 5)
3071 4933 3085 4969 :
3115 4916 3350 4972 futurum
3395 4918 3514 4989 ejus
3548 4919 3768 4976 exitium

2166 5004 2460 5074 praedicens
2479 5006 2580 5059 sub
2600 5005 2778 5074 specie
2798 5006 3214 5076 imprecationis.
3232 5007 3250 5061 l
3257 5017 3308 5062 ta
3330 5023 3536 5069 rursus.
3556 5012 3772 5081 quando

2165 5097 2302 5150 bona
2333 5098 2479 5161 dicit,
2515 5108 2696 5152 narrat
2717 5100 2816 5152 sub
2840 5099 3019 5167 Specie
3043 5102 3384 5169 precationis,
3413 5103 3598 5158 dicens
3627 5120 3646 5159 ι
3677 5104 3772 5162 Det

2165 5182 2252 5241 tibi
2283 5189 2422 5244 Deus
2457 5191 2520 5243 de
2555 5206 2668 5244 rore
2689 5191 2800 5244 (teli
2831 5201 2878 5244 et
2905 5191 2967 5246 de
2997 5193 3303 5263 pinguedine
3325 5205 3470 5248 teme
3492 5194 3651 5266 (Ibid.
3675 5197 3769 5255 27.

2165 5279 2235 5336 28
2260 5281 2302 5350 ).
2328 5281 2562 5336 Tametsi
2595 5282 2693 5336 hoc
2722 5297 2935 5352 quoque
2963 5293 3048 5337 est
3078 5285 3376 5354 prophetia.
3407 5286 3561 5354 Quod
3589 5299 3766 5344 autem

2167 5371 2269 5427 hoc
2296 5388 2403 5426 non
2431 5373 2501 5427 sit
2522 5373 2736 5428 humani
2764 5375 3008 5438 affectus,
3035 5376 3240 5429 clarum
3263 5386 3364 5430 est.
3393 5377 3524 5432 Nam
3555 5378 3605 5432 in
3627 5378 3767 5433 Cha-

2167 5480 2304 5519 naan
2335 5481 2548 5540 quoque
2577 5475 2727 5534 pater
2750 5468 2866 5532 ejus
2896 5466 2998 5521 hoc
3027 5465 3188 5533 facit,
3215 5468 3403 5524 dicens
3438 5488 3451 5523 :
3483 5469 3596 5524 Erit
3629 5470 3767 5526 Clut-

2167 5573 2302 5609 naan
2331 5573 2504 5610 servus
2545 5559 2656 5628 ejus
2680 5560 2697 5628 (
2725 5558 2862 5612 Ibid.
2903 5559 2957 5614 9.
2988 5558 3061 5614 25
3087 5559 3134 5627 );
3165 5567 3222 5614 ιιι
3258 5562 3416 5627 scias,
3451 5561 3638 5628 Deum,
3678 5566 3765 5632 qui

2167 5648 2427 5717 prmvenit
2453 5662 2549 5703 eos
2575 5649 2665 5717 qui
2696 5649 2886 5718 injuria
2906 5649 3229 5718 afﬁciuntur,
3259 5667 3374 5718 eos,
3403 5654 3497 5724 qui
3520 5653 3767 5722 injuriatu

2228 5780 2301 5841 (a)
2325 5787 2436 5852 utet:
2457 5778 2709 5852 verba,_Bt
2745 5775 3195 5852 episcopatumejus
3213 5786 3421 5851 accipiat
3454 5787 3597 5849 alter,
3634 5792 3766 5837 exci-

2167 5842 2300 5911 disse
2329 5845 2500 5906 probat
2522 5844 2648 5905 quod
2668 5845 2908 5904 sequitur.
