  <div class='ocr_page' id='page_1' title='image "/cluster/home/n/w/nwhite01/storage/ocr_20150623/55/ien.35556001660828/256.png"; bbox 0 0 4058 6434; ppageno 0'>
   <div class='ocr_carea' id='block_1_1' title="bbox 222 335 332 394">
    <p class='ocr_par' dir='ltr' id='par_1_1' title="bbox 222 335 332 394">
     <span class='ocr_line' id='line_1_1' title="bbox 222 335 332 394; baseline 0.009 -1"><span class='ocrx_word' id='word_1_1' title='bbox 222 335 332 394; x_wconf 68' lang='grc' dir='ltr'>εει</span> 
     </span>
    </p>
   </div>
   <div class='ocr_carea' id='block_1_2' title="bbox 223 442 1867 519">
    <p class='ocr_par' dir='ltr' id='par_1_2' title="bbox 223 442 1867 519">
     <span class='ocr_line' id='line_1_2' title="bbox 223 442 1867 519; baseline -0.005 -16"><span class='ocrx_word' id='word_1_2' title='bbox 223 450 522 513; x_wconf 68' lang='lat' dir='ltr'><strong>intentat,</strong></span> <span class='ocrx_word' id='word_1_3' title='bbox 558 445 836 519; x_wconf 81' lang='lat' dir='ltr'><strong>persequi.</strong></span> <span class='ocrx_word' id='word_1_4' title='bbox 866 444 1176 513; x_wconf 75' lang='lat' dir='ltr'><strong>Quinetiam</strong></span> <span class='ocrx_word' id='word_1_5' title='bbox 1221 443 1472 500; x_wconf 74' lang='lat' dir='ltr'><strong>Christus</strong></span> <span class='ocrx_word' id='word_1_6' title='bbox 1513 457 1730 512; x_wconf 91' lang='lat' dir='ltr'><strong>quoque</strong></span> <span class='ocrx_word' id='word_1_7' title='bbox 1775 442 1867 496; x_wconf 89' lang='lat' dir='ltr'><strong>tali</strong></span> 
     </span>
    </p>
   </div>
   <div class='ocr_carea' id='block_1_3' title="bbox 226 533 1867 613">
    <p class='ocr_par' dir='ltr' id='par_1_3' title="bbox 226 533 1867 613">
     <span class='ocr_line' id='line_1_3' title="bbox 226 533 1867 613; baseline -0.007 -18"><span class='ocrx_word' id='word_1_8' title='bbox 226 543 411 613; x_wconf 77' lang='lat' dir='ltr'><strong>ﬁgura</strong></span> <span class='ocrx_word' id='word_1_9' title='bbox 437 556 567 595; x_wconf 89' lang='lat' dir='ltr'><strong>usus</strong></span> <span class='ocrx_word' id='word_1_10' title='bbox 587 549 692 605; x_wconf 90' lang='lat' dir='ltr'><strong>est,</strong></span> <span class='ocrx_word' id='word_1_11' title='bbox 722 538 826 592; x_wconf 89' lang='lat' dir='ltr'><strong>sub</strong></span> <span class='ocrx_word' id='word_1_12' title='bbox 853 537 1034 606; x_wconf 86' lang='lat' dir='ltr'><strong>specie</strong></span> <span class='ocrx_word' id='word_1_13' title='bbox 1057 533 1357 605; x_wconf 70' lang='lat' dir='ltr'><strong>praphetia:</strong></span> <span class='ocrx_word' id='word_1_14' title='bbox 1385 533 1555 604; x_wconf 88' lang='lat' dir='ltr'><strong>magis</strong></span> <span class='ocrx_word' id='word_1_15' title='bbox 1583 547 1867 597; x_wconf 81' lang='lat' dir='ltr'><strong>revocans,</strong></span> 
     </span>
    </p>
   </div>
   <div class='ocr_carea' id='block_1_4' title="bbox 224 622 1867 702">
    <p class='ocr_par' dir='ltr' id='par_1_4' title="bbox 224 622 1867 702">
     <span class='ocr_line' id='line_1_4' title="bbox 224 622 1867 702; baseline -0.006 -18"><span class='ocrx_word' id='word_1_16' title='bbox 224 642 281 684; x_wconf 86' lang='lat' dir='ltr'><strong>et</strong></span> <span class='ocrx_word' id='word_1_17' title='bbox 317 631 562 702; x_wconf 89' lang='lat' dir='ltr'><strong>lugentis</strong></span> <span class='ocrx_word' id='word_1_18' title='bbox 591 644 742 683; x_wconf 91' lang='lat' dir='ltr'><strong>more</strong></span> <span class='ocrx_word' id='word_1_19' title='bbox 771 627 961 682; x_wconf 88' lang='lat' dir='ltr'><strong>dicens</strong></span> <span class='ocrx_word' id='word_1_20' title='bbox 994 645 1008 681; x_wconf 91' lang='lat'><em>:</em></span> <span class='ocrx_word' id='word_1_21' title='bbox 1048 624 1138 680; x_wconf 76' lang='lat' dir='ltr'><strong>Var</strong></span> <span class='ocrx_word' id='word_1_22' title='bbox 1171 626 1286 689; x_wconf 88' lang='lat' dir='ltr'><strong>tibi,</strong></span> <span class='ocrx_word' id='word_1_23' title='bbox 1309 623 1598 679; x_wconf 75' lang='lat' dir='ltr'><strong>Chorosain</strong></span> <span class='ocrx_word' id='word_1_24' title='bbox 1618 665 1635 689; x_wconf 86' lang='lat'><strong>,</strong></span> <span class='ocrx_word' id='word_1_25' title='bbox 1658 639 1733 678; x_wconf 74' lang='lat' dir='ltr'><strong>vo:</strong></span> <span class='ocrx_word' id='word_1_26' title='bbox 1757 622 1867 689; x_wconf 92' lang='lat' dir='ltr'><strong>tibi,</strong></span> 
     </span>
    </p>
   </div>
   <div class='ocr_carea' id='block_1_5' title="bbox 231 716 1869 793">
    <p class='ocr_par' dir='ltr' id='par_1_5' title="bbox 231 716 1869 793">
     <span class='ocr_line' id='line_1_5' title="bbox 231 716 1869 793; baseline -0.005 -15"><span class='ocrx_word' id='word_1_27' title='bbox 231 723 526 778; x_wconf 76' lang='lat' dir='ltr'><strong>Bethsaida</strong></span> <span class='ocrx_word' id='word_1_28' title='bbox 558 722 722 793; x_wconf 86' lang='lat' dir='ltr'><strong>(Luc.</strong></span> <span class='ocrx_word' id='word_1_29' title='bbox 749 720 834 776; x_wconf 87' lang='lat' dir='ltr'><strong>l0.</strong></span> <span class='ocrx_word' id='word_1_30' title='bbox 863 719 988 791; x_wconf 77' lang='grc'><strong>15).</strong></span> <span class='ocrx_word' id='word_1_31' title='bbox 1021 719 1089 774; x_wconf 86' lang='grc' dir='ltr'>Ει</span> <span class='ocrx_word' id='word_1_32' title='bbox 1122 733 1334 785; x_wconf 87' lang='lat' dir='ltr'><strong>rursus,</strong></span> <span class='ocrx_word' id='word_1_33' title='bbox 1370 727 1430 772; x_wconf 94' lang='lat' dir='ltr'><strong>ut</strong></span> <span class='ocrx_word' id='word_1_34' title='bbox 1460 716 1676 788; x_wconf 83' lang='lat' dir='ltr'><strong>quando</strong></span> <span class='ocrx_word' id='word_1_35' title='bbox 1697 717 1827 772; x_wconf 90' lang='lat' dir='ltr'><strong>dicit</strong></span> <span class='ocrx_word' id='word_1_36' title='bbox 1854 734 1869 770; x_wconf 88' lang='lat'><strong>:</strong></span> 
     </span>
    </p>
   </div>
   <div class='ocr_carea' id='block_1_6' title="bbox 229 807 1868 883">
    <p class='ocr_par' dir='ltr' id='par_1_6' title="bbox 229 807 1868 883">
     <span class='ocr_line' id='line_1_6' title="bbox 229 807 1868 883; baseline -0.005 -14"><span class='ocrx_word' id='word_1_37' title='bbox 229 815 562 878; x_wconf 75' lang='lat' dir='ltr'><strong>Jerusalem,</strong></span> <span class='ocrx_word' id='word_1_38' title='bbox 593 811 907 877; x_wconf 73' lang='lat' dir='ltr'><strong>Jerusalem,</strong></span> <span class='ocrx_word' id='word_1_39' title='bbox 934 827 1048 883; x_wconf 74' lang='lat' dir='ltr'><strong>qua:</strong></span> <span class='ocrx_word' id='word_1_40' title='bbox 1074 811 1264 864; x_wconf 84' lang='lat' dir='ltr'><strong>occidis</strong></span> <span class='ocrx_word' id='word_1_41' title='bbox 1297 810 1570 879; x_wconf 80' lang='lat' dir='ltr'><strong>prophetas</strong></span> <span class='ocrx_word' id='word_1_42' title='bbox 1601 809 1619 877; x_wconf 94' lang='lat'>(</span> <span class='ocrx_word' id='word_1_43' title='bbox 1648 807 1732 861; x_wconf 88' lang='lat' dir='ltr'><strong>Id.</strong></span> <span class='ocrx_word' id='word_1_44' title='bbox 1779 808 1868 862; x_wconf 78' lang='grc'><strong>15.</strong></span> 
     </span>
    </p>
   </div>
   <div class='ocr_carea' id='block_1_7' title="bbox 229 899 1868 975">
    <p class='ocr_par' dir='ltr' id='par_1_7' title="bbox 229 899 1868 975">
     <span class='ocr_line' id='line_1_7' title="bbox 229 899 1868 975; baseline -0.005 -14"><span class='ocrx_word' id='word_1_45' title='bbox 229 905 308 960; x_wconf 69' lang='grc'><strong>54</strong></span> <span class='ocrx_word' id='word_1_46' title='bbox 330 906 377 975; x_wconf 91' lang='grc'><strong>).</strong></span> <span class='ocrx_word' id='word_1_47' title='bbox 412 905 488 958; x_wconf 89' lang='lat' dir='ltr'><strong>De</strong></span> <span class='ocrx_word' id='word_1_48' title='bbox 512 918 751 974; x_wconf 88' lang='lat' dir='ltr'><strong>quonam</strong></span> <span class='ocrx_word' id='word_1_49' title='bbox 781 918 912 972; x_wconf 88' lang='lat' dir='ltr'><strong>ergo</strong></span> <span class='ocrx_word' id='word_1_50' title='bbox 938 902 1141 955; x_wconf 89' lang='lat' dir='ltr'><strong>dictum</strong></span> <span class='ocrx_word' id='word_1_51' title='bbox 1165 910 1251 955; x_wconf 86' lang='lat' dir='ltr'><strong>est</strong></span> <span class='ocrx_word' id='word_1_52' title='bbox 1281 899 1572 954; x_wconf 79' lang='lat' dir='ltr'><strong>Psalmus?</strong></span> <span class='ocrx_word' id='word_1_53' title='bbox 1600 899 1868 954; x_wconf 83' lang='lat' dir='ltr'><strong>Nonnulla</strong></span> 
     </span>
    </p>
   </div>
   <div class='ocr_carea' id='block_1_8' title="bbox 233 993 1870 1066">
    <p class='ocr_par' dir='ltr' id='par_1_8' title="bbox 233 993 1870 1066">
     <span class='ocr_line' id='line_1_8' title="bbox 233 993 1870 1066; baseline -0.005 -14"><span class='ocrx_word' id='word_1_54' title='bbox 233 999 308 1054; x_wconf 88' lang='lat' dir='ltr'><strong>de</strong></span> <span class='ocrx_word' id='word_1_55' title='bbox 328 998 494 1063; x_wconf 81' lang='lat' dir='ltr'><strong>Juda,</strong></span> <span class='ocrx_word' id='word_1_56' title='bbox 517 996 720 1066; x_wconf 89' lang='lat' dir='ltr'><strong>Spiritu</strong></span> <span class='ocrx_word' id='word_1_57' title='bbox 741 1012 836 1065; x_wconf 90' lang='lat' dir='ltr'><strong>per</strong></span> <span class='ocrx_word' id='word_1_58' title='bbox 859 994 1019 1050; x_wconf 81' lang='lat' dir='ltr'><strong>David</strong></span> <span class='ocrx_word' id='word_1_59' title='bbox 1047 993 1405 1063; x_wconf 75' lang='lat' dir='ltr'><strong>proplietaute</strong></span> <span class='ocrx_word' id='word_1_60' title='bbox 1429 1013 1446 1047; x_wconf 87' lang='lat'><strong><em>:</em></strong></span> <span class='ocrx_word' id='word_1_61' title='bbox 1465 993 1669 1062; x_wconf 87' lang='lat' dir='ltr'><strong>reliqua</strong></span> <span class='ocrx_word' id='word_1_62' title='bbox 1691 1001 1870 1046; x_wconf 91' lang='lat' dir='ltr'><strong>autem</strong></span> 
     </span>
    </p>
   </div>
   <div class='ocr_carea' id='block_1_9' title="bbox 233 1082 1873 1155">
    <p class='ocr_par' dir='ltr' id='par_1_9' title="bbox 233 1082 1873 1155">
     <span class='ocr_line' id='line_1_9' title="bbox 233 1082 1873 1155; baseline -0.004 -11"><span class='ocrx_word' id='word_1_63' title='bbox 233 1089 310 1144; x_wconf 88' lang='lat' dir='ltr'><strong>de</strong></span> <span class='ocrx_word' id='word_1_64' title='bbox 335 1089 482 1142; x_wconf 85' lang='lat' dir='ltr'><strong>aliis.</strong></span> <span class='ocrx_word' id='word_1_65' title='bbox 516 1087 613 1143; x_wconf 84' lang='lat' dir='ltr'><strong>llic</strong></span> <span class='ocrx_word' id='word_1_66' title='bbox 644 1089 789 1142; x_wconf 89' lang='lat' dir='ltr'><strong>enim</strong></span> <span class='ocrx_word' id='word_1_67' title='bbox 818 1100 1008 1140; x_wconf 83' lang='lat' dir='ltr'><strong>rursus</strong></span> <span class='ocrx_word' id='word_1_68' title='bbox 1034 1093 1118 1139; x_wconf 89' lang='lat' dir='ltr'><strong>est</strong></span> <span class='ocrx_word' id='word_1_69' title='bbox 1144 1085 1446 1155; x_wconf 66' lang='lat' dir='ltr'><strong>prOphetia;</strong></span> <span class='ocrx_word' id='word_1_70' title='bbox 1477 1083 1686 1138; x_wconf 90' lang='lat' dir='ltr'><strong>modus.</strong></span> <span class='ocrx_word' id='word_1_71' title='bbox 1717 1082 1873 1153; x_wconf 66' lang='lat' dir='ltr'><strong>Smpe</strong></span> 
     </span>
    </p>
   </div>
   <div class='ocr_carea' id='block_1_10' title="bbox 235 1176 1872 1246">
    <p class='ocr_par' dir='ltr' id='par_1_10' title="bbox 235 1176 1872 1246">
     <span class='ocr_line' id='line_1_10' title="bbox 235 1176 1872 1246; baseline -0.004 -10"><span class='ocrx_word' id='word_1_72' title='bbox 235 1191 428 1236; x_wconf 84' lang='lat' dir='ltr'><strong>autem</strong></span> <span class='ocrx_word' id='word_1_73' title='bbox 452 1179 798 1235; x_wconf 83' lang='lat' dir='ltr'><strong>inveniemus</strong></span> <span class='ocrx_word' id='word_1_74' title='bbox 821 1192 943 1232; x_wconf 90' lang='lat' dir='ltr'><strong>eum</strong></span> <span class='ocrx_word' id='word_1_75' title='bbox 963 1177 1032 1230; x_wconf 87' lang='lat' dir='ltr'><strong>ita</strong></span> <span class='ocrx_word' id='word_1_76' title='bbox 1057 1191 1180 1231; x_wconf 87' lang='lat' dir='ltr'><strong>esse</strong></span> <span class='ocrx_word' id='word_1_77' title='bbox 1206 1176 1586 1246; x_wconf 85' lang='lat' dir='ltr'><strong>compositum,</strong></span> <span class='ocrx_word' id='word_1_78' title='bbox 1615 1185 1674 1230; x_wconf 94' lang='lat' dir='ltr'><strong>ut</strong></span> <span class='ocrx_word' id='word_1_79' title='bbox 1694 1189 1872 1244; x_wconf 68' lang='lat' dir='ltr'><strong>prooe-</strong></span> 
     </span>
    </p>
   </div>
   <div class='ocr_carea' id='block_1_11' title="bbox 237 1268 1871 1346">
    <p class='ocr_par' dir='ltr' id='par_1_11' title="bbox 237 1268 1871 1346">
     <span class='ocr_line' id='line_1_11' title="bbox 237 1268 1871 1346; baseline -0.004 -16"><span class='ocrx_word' id='word_1_80' title='bbox 237 1277 353 1331; x_wconf 86' lang='lat' dir='ltr'><strong>mia</strong></span> <span class='ocrx_word' id='word_1_81' title='bbox 369 1275 589 1346; x_wconf 85' lang='lat' dir='ltr'><strong>quidem</strong></span> <span class='ocrx_word' id='word_1_82' title='bbox 613 1274 666 1328; x_wconf 91' lang='lat' dir='ltr'><strong>in</strong></span> <span class='ocrx_word' id='word_1_83' title='bbox 697 1273 887 1336; x_wconf 89' lang='lat' dir='ltr'><strong>alium,</strong></span> <span class='ocrx_word' id='word_1_84' title='bbox 908 1270 1115 1340; x_wconf 86' lang='lat' dir='ltr'><strong>reliqua</strong></span> <span class='ocrx_word' id='word_1_85' title='bbox 1135 1279 1315 1325; x_wconf 86' lang='lat' dir='ltr'><strong>autem</strong></span> <span class='ocrx_word' id='word_1_86' title='bbox 1337 1268 1587 1325; x_wconf 78' lang='lat' dir='ltr'><strong>dicantur</strong></span> <span class='ocrx_word' id='word_1_87' title='bbox 1611 1269 1663 1324; x_wconf 90' lang='lat' dir='ltr'><strong>in</strong></span> <span class='ocrx_word' id='word_1_88' title='bbox 1685 1269 1871 1324; x_wconf 90' lang='lat' dir='ltr'><strong>alium.</strong></span> 
     </span>
    </p>
   </div>
   <div class='ocr_carea' id='block_1_12' title="bbox 239 1360 1874 1434">
    <p class='ocr_par' dir='ltr' id='par_1_12' title="bbox 239 1360 1874 1434">
     <span class='ocr_line' id='line_1_12' title="bbox 239 1360 1874 1434; baseline -0.005 -11"><span class='ocrx_word' id='word_1_89' title='bbox 239 1366 316 1423; x_wconf 81' lang='lat' dir='ltr'><strong>Ut</strong></span> <span class='ocrx_word' id='word_1_90' title='bbox 341 1375 527 1422; x_wconf 88' lang='lat' dir='ltr'><strong>autem</strong></span> <span class='ocrx_word' id='word_1_91' title='bbox 569 1365 673 1420; x_wconf 80' lang='lat' dir='ltr'><strong>hoc</strong></span> <span class='ocrx_word' id='word_1_92' title='bbox 718 1364 897 1434; x_wconf 88' lang='lat' dir='ltr'><strong>ipsum</strong></span> <span class='ocrx_word' id='word_1_93' title='bbox 937 1363 1100 1417; x_wconf 89' lang='lat' dir='ltr'><strong>etiam</strong></span> <span class='ocrx_word' id='word_1_94' title='bbox 1143 1361 1363 1416; x_wconf 90' lang='lat' dir='ltr'><strong>aliunde</strong></span> <span class='ocrx_word' id='word_1_95' title='bbox 1404 1360 1586 1416; x_wconf 86' lang='lat' dir='ltr'><strong>videas</strong></span> <span class='ocrx_word' id='word_1_96' title='bbox 1611 1403 1628 1429; x_wconf 93' lang='lat'><strong>,</strong></span> <span class='ocrx_word' id='word_1_97' title='bbox 1659 1360 1874 1430; x_wconf 82' lang='lat' dir='ltr'><strong>quando</strong></span> 
     </span>
    </p>
   </div>
   <div class='ocr_carea' id='block_1_13' title="bbox 237 1451 1874 1527">
    <p class='ocr_par' dir='ltr' id='par_1_13' title="bbox 237 1451 1874 1527">
     <span class='ocr_line' id='line_1_13' title="bbox 237 1451 1874 1527; baseline -0.004 -15"><span class='ocrx_word' id='word_1_98' title='bbox 237 1455 423 1512; x_wconf 76' lang='lat' dir='ltr'><strong>Judzei</strong></span> <span class='ocrx_word' id='word_1_99' title='bbox 452 1455 681 1527; x_wconf 86' lang='lat' dir='ltr'><strong>ingressi</strong></span> <span class='ocrx_word' id='word_1_100' title='bbox 703 1465 830 1510; x_wconf 87' lang='lat' dir='ltr'><strong>sunt</strong></span> <span class='ocrx_word' id='word_1_101' title='bbox 861 1455 912 1508; x_wconf 90' lang='lat' dir='ltr'><strong>in</strong></span> <span class='ocrx_word' id='word_1_102' title='bbox 944 1464 1143 1508; x_wconf 88' lang='lat' dir='ltr'><strong>terram</strong></span> <span class='ocrx_word' id='word_1_103' title='bbox 1176 1452 1555 1523; x_wconf 85' lang='lat' dir='ltr'><strong>promissionis</strong></span> <span class='ocrx_word' id='word_1_104' title='bbox 1576 1495 1590 1516; x_wconf 91' lang='lat'><strong>,</strong></span> <span class='ocrx_word' id='word_1_105' title='bbox 1627 1451 1874 1507; x_wconf 79' lang='lat' dir='ltr'><strong>dividens</strong></span> 
     </span>
    </p>
   </div>
   <div class='ocr_carea' id='block_1_14' title="bbox 239 1543 1874 1614">
    <p class='ocr_par' dir='ltr' id='par_1_14' title="bbox 239 1543 1874 1614">
     <span class='ocr_line' id='line_1_14' title="bbox 239 1543 1874 1614; baseline -0.003 -10"><span class='ocrx_word' id='word_1_106' title='bbox 239 1547 534 1604; x_wconf 75' lang='lat' dir='ltr'><strong>duodecim</strong></span> <span class='ocrx_word' id='word_1_107' title='bbox 576 1546 751 1602; x_wconf 87' lang='lat' dir='ltr'><strong>tribus</strong></span> <span class='ocrx_word' id='word_1_108' title='bbox 779 1547 836 1600; x_wconf 91' lang='lat' dir='ltr'><strong>in</strong></span> <span class='ocrx_word' id='word_1_109' title='bbox 863 1543 1152 1600; x_wconf 83' lang='lat' dir='ltr'><strong>duodecim</strong></span> <span class='ocrx_word' id='word_1_110' title='bbox 1199 1552 1418 1614; x_wconf 90' lang='lat' dir='ltr'><strong>partes,</strong></span> <span class='ocrx_word' id='word_1_111' title='bbox 1455 1543 1679 1614; x_wconf 90' lang='lat' dir='ltr'><strong>jnbetur</strong></span> <span class='ocrx_word' id='word_1_112' title='bbox 1702 1559 1734 1598; x_wconf 92' lang='lat' dir='ltr'><strong>a</strong></span> <span class='ocrx_word' id='word_1_113' title='bbox 1763 1544 1874 1599; x_wconf 90' lang='lat' dir='ltr'><strong>Deo</strong></span> 
     </span>
    </p>
   </div>
   <div class='ocr_carea' id='block_1_15' title="bbox 249 1637 1871 1709">
    <p class='ocr_par' dir='ltr' id='par_1_15' title="bbox 249 1637 1871 1709">
     <span class='ocr_line' id='line_1_15' title="bbox 249 1637 1871 1709; baseline -0.004 -11"><span class='ocrx_word' id='word_1_114' title='bbox 249 1641 407 1698; x_wconf 77' lang='lat' dir='ltr'><strong>Nave</strong></span> <span class='ocrx_word' id='word_1_115' title='bbox 433 1642 576 1697; x_wconf 77' lang='lat' dir='ltr'><strong>ﬁlius</strong></span> <span class='ocrx_word' id='word_1_116' title='bbox 601 1641 700 1696; x_wconf 90' lang='lat' dir='ltr'><strong>has</strong></span> <span class='ocrx_word' id='word_1_117' title='bbox 735 1640 958 1709; x_wconf 84' lang='lat' dir='ltr'><strong>quidem</strong></span> <span class='ocrx_word' id='word_1_118' title='bbox 1007 1637 1362 1702; x_wconf 83' lang='lat' dir='ltr'><strong>benedicere,</strong></span> <span class='ocrx_word' id='word_1_119' title='bbox 1390 1637 1511 1692; x_wconf 86' lang='lat' dir='ltr'><strong>illas</strong></span> <span class='ocrx_word' id='word_1_120' title='bbox 1538 1651 1670 1693; x_wconf 79' lang='lat' dir='ltr'><strong>vero</strong></span> <span class='ocrx_word' id='word_1_121' title='bbox 1700 1637 1871 1692; x_wconf 89' lang='lat' dir='ltr'><strong>male-</strong></span> 
     </span>
    </p>
   </div>
   <div class='ocr_carea' id='block_1_16' title="bbox 242 1727 1874 1801">
    <p class='ocr_par' dir='ltr' id='par_1_16' title="bbox 242 1727 1874 1801">
     <span class='ocr_line' id='line_1_16' title="bbox 242 1727 1874 1801; baseline -0.004 -11"><span class='ocrx_word' id='word_1_122' title='bbox 242 1733 453 1790; x_wconf 78' lang='lat' dir='ltr'><strong>dicere.</strong></span> <span class='ocrx_word' id='word_1_123' title='bbox 482 1731 794 1788; x_wconf 88' lang='lat' dir='ltr'><strong>Benedictio</strong></span> <span class='ocrx_word' id='word_1_124' title='bbox 821 1744 950 1801; x_wconf 80' lang='lat' dir='ltr'><strong>ergo</strong></span> <span class='ocrx_word' id='word_1_125' title='bbox 979 1740 1033 1784; x_wconf 90' lang='lat' dir='ltr'><strong>et</strong></span> <span class='ocrx_word' id='word_1_126' title='bbox 1059 1728 1371 1785; x_wconf 78' lang='lat' dir='ltr'><strong>maledictio</strong></span> <span class='ocrx_word' id='word_1_127' title='bbox 1392 1737 1549 1784; x_wconf 87' lang='lat' dir='ltr'><strong>erant</strong></span> <span class='ocrx_word' id='word_1_128' title='bbox 1574 1727 1874 1799; x_wconf 71' lang='lat' dir='ltr'><strong>prophetia:</strong></span> 
     </span>
    </p>
   </div>
   <div class='ocr_carea' id='block_1_17' title="bbox 244 1821 1868 1888">
    <p class='ocr_par' dir='ltr' id='par_1_17' title="bbox 244 1821 1868 1888">
     <span class='ocr_line' id='line_1_17' title="bbox 244 1821 1868 1888; baseline -0.004 -5"><span class='ocrx_word' id='word_1_129' title='bbox 244 1825 578 1883; x_wconf 61' lang='lat' dir='ltr'><strong>Hunorum.</strong></span> <span class='ocrx_word' id='word_1_130' title='bbox 632 1824 856 1880; x_wconf 75' lang='lat' dir='ltr'><strong>Dicebat</strong></span> <span class='ocrx_word' id='word_1_131' title='bbox 896 1824 1042 1879; x_wconf 87' lang='lat' dir='ltr'><strong>enim</strong></span> <span class='ocrx_word' id='word_1_132' title='bbox 1079 1821 1426 1876; x_wconf 70' lang='lat' dir='ltr'><strong>:Haledictus</strong></span> <span class='ocrx_word' id='word_1_133' title='bbox 1477 1831 1532 1876; x_wconf 83' lang='lat' dir='ltr'><strong>tu</strong></span> <span class='ocrx_word' id='word_1_134' title='bbox 1559 1822 1613 1876; x_wconf 88' lang='lat' dir='ltr'><strong>in</strong></span> <span class='ocrx_word' id='word_1_135' title='bbox 1651 1822 1868 1888; x_wconf 76' lang='lat' dir='ltr'><strong>ciuitate,</strong></span> 
     </span>
    </p>
   </div>
   <div class='ocr_carea' id='block_1_18' title="bbox 246 1913 1872 1990">
    <p class='ocr_par' dir='ltr' id='par_1_18' title="bbox 246 1913 1872 1990">
     <span class='ocr_line' id='line_1_18' title="bbox 246 1913 1872 1990; baseline -0.002 -16"><span class='ocrx_word' id='word_1_136' title='bbox 246 1919 550 1975; x_wconf 73' lang='lat' dir='ltr'><strong>auledictus</strong></span> <span class='ocrx_word' id='word_1_137' title='bbox 577 1919 632 1973; x_wconf 84' lang='lat' dir='ltr'><strong>in</strong></span> <span class='ocrx_word' id='word_1_138' title='bbox 659 1933 784 1990; x_wconf 87' lang='lat' dir='ltr'><strong>agro</strong></span> <span class='ocrx_word' id='word_1_139' title='bbox 834 1916 855 1988; x_wconf 94' lang='lat'>(</span> <span class='ocrx_word' id='word_1_140' title='bbox 876 1915 1032 1972; x_wconf 81' lang='lat' dir='ltr'><strong>Deut.</strong></span> <span class='ocrx_word' id='word_1_141' title='bbox 1057 1914 1151 1971; x_wconf 72' lang='lat'><strong>28.</strong></span> <span class='ocrx_word' id='word_1_142' title='bbox 1180 1914 1248 1969; x_wconf 81' lang='grc'>16</span> <span class='ocrx_word' id='word_1_143' title='bbox 1267 1913 1326 1986; x_wconf 88' lang='grc'><strong>);</strong></span> <span class='ocrx_word' id='word_1_144' title='bbox 1362 1923 1419 1970; x_wconf 83' lang='grc' dir='ltr'>ει</span> <span class='ocrx_word' id='word_1_145' title='bbox 1447 1913 1872 1971; x_wconf 83' lang='lat' dir='ltr'><strong>innumerabiles</strong></span> 
     </span>
    </p>
   </div>
   <div class='ocr_carea' id='block_1_19' title="bbox 246 2006 1874 2083">
    <p class='ocr_par' dir='ltr' id='par_1_19' title="bbox 246 2006 1874 2083">
     <span class='ocr_line' id='line_1_19' title="bbox 246 2006 1874 2083; baseline -0.004 -15"><span class='ocrx_word' id='word_1_146' title='bbox 246 2011 515 2083; x_wconf 81' lang='lat' dir='ltr'><strong>ejusmodi</strong></span> <span class='ocrx_word' id='word_1_147' title='bbox 544 2009 962 2080; x_wconf 88' lang='lat' dir='ltr'><strong>imprecationes</strong></span> <span class='ocrx_word' id='word_1_148' title='bbox 990 2007 1161 2064; x_wconf 90' lang='lat' dir='ltr'><strong>tribus</strong></span> <span class='ocrx_word' id='word_1_149' title='bbox 1185 2007 1292 2062; x_wconf 58' lang='lat' dir='ltr'><strong>illa;</strong></span> <span class='ocrx_word' id='word_1_150' title='bbox 1310 2016 1721 2078; x_wconf 83' lang='lat' dir='ltr'><strong>componentes,</strong></span> <span class='ocrx_word' id='word_1_151' title='bbox 1751 2006 1874 2062; x_wconf 90' lang='lat' dir='ltr'><strong>lon-</strong></span> 
     </span>
    </p>
   </div>
   <div class='ocr_carea' id='block_1_20' title="bbox 248 2101 1035 2174">
    <p class='ocr_par' dir='ltr' id='par_1_20' title="bbox 248 2101 1035 2174">
     <span class='ocr_line' id='line_1_20' title="bbox 248 2101 1035 2174; baseline -0.005 -16"><span class='ocrx_word' id='word_1_152' title='bbox 248 2119 370 2174; x_wconf 82' lang='lat' dir='ltr'><strong>gam</strong></span> <span class='ocrx_word' id='word_1_153' title='bbox 397 2111 685 2160; x_wconf 80' lang='lat' dir='ltr'><strong>texuerunt</strong></span> <span class='ocrx_word' id='word_1_154' title='bbox 709 2101 1035 2157; x_wconf 87' lang='lat' dir='ltr'><strong>orationem.</strong></span> 
     </span>
    </p>
   </div>
   <div class='ocr_carea' id='block_1_21' title="bbox 323 2194 1872 2268">
    <p class='ocr_par' dir='ltr' id='par_1_21' title="bbox 323 2194 1872 2268">
     <span class='ocr_line' id='line_1_21' title="bbox 323 2194 1872 2268; baseline 0.001 -17"><span class='ocrx_word' id='word_1_155' title='bbox 323 2196 390 2251; x_wconf 81' lang='lat' dir='ltr'><strong>In</strong></span> <span class='ocrx_word' id='word_1_156' title='bbox 427 2198 734 2253; x_wconf 73' lang='lat' dir='ltr'><strong>sacerdotes</strong></span> <span class='ocrx_word' id='word_1_157' title='bbox 766 2194 866 2249; x_wconf 85' lang='lat' dir='ltr'><strong>Dei</strong></span> <span class='ocrx_word' id='word_1_158' title='bbox 902 2210 1003 2250; x_wconf 83' lang='lat' dir='ltr'><strong>non</strong></span> <span class='ocrx_word' id='word_1_159' title='bbox 1040 2195 1428 2268; x_wconf 77' lang='lat' dir='ltr'><strong>insurgentium.</strong></span> <span class='ocrx_word' id='word_1_160' title='bbox 1456 2195 1582 2251; x_wconf 85' lang='lat' dir='ltr'><strong>Filii</strong></span> <span class='ocrx_word' id='word_1_161' title='bbox 1618 2197 1672 2251; x_wconf 89' lang='lat' dir='ltr'><strong>in</strong></span> <span class='ocrx_word' id='word_1_162' title='bbox 1710 2198 1872 2252; x_wconf 88' lang='lat' dir='ltr'><strong>sacris</strong></span> 
     </span>
    </p>
   </div>
   <div class='ocr_carea' id='block_1_22' title="bbox 251 2286 1874 2358">
    <p class='ocr_par' dir='ltr' id='par_1_22' title="bbox 251 2286 1874 2358">
     <span class='ocr_line' id='line_1_22' title="bbox 251 2286 1874 2358; baseline 0.002 -18"><span class='ocrx_word' id='word_1_163' title='bbox 251 2289 410 2344; x_wconf 87' lang='lat' dir='ltr'><strong>literis</strong></span> <span class='ocrx_word' id='word_1_164' title='bbox 454 2287 547 2358; x_wconf 85' lang='lat' dir='ltr'><strong>qui</strong></span> <span class='ocrx_word' id='word_1_165' title='bbox 595 2289 855 2341; x_wconf 77' lang='lat' dir='ltr'><strong>dicantur.</strong></span> <span class='ocrx_word' id='word_1_166' title='bbox 883 2316 941 2327; x_wconf 91' lang='lat'>—</span> <span class='ocrx_word' id='word_1_167' title='bbox 993 2286 1093 2342; x_wconf 81' lang='lat' dir='ltr'><strong>llic</strong></span> <span class='ocrx_word' id='word_1_168' title='bbox 1131 2289 1295 2342; x_wconf 88' lang='lat' dir='ltr'><strong>etiam</strong></span> <span class='ocrx_word' id='word_1_169' title='bbox 1353 2287 1458 2342; x_wconf 89' lang='lat' dir='ltr'><strong>dici</strong></span> <span class='ocrx_word' id='word_1_170' title='bbox 1512 2297 1720 2358; x_wconf 88' lang='lat' dir='ltr'><strong>potest,</strong></span> <span class='ocrx_word' id='word_1_171' title='bbox 1771 2288 1874 2345; x_wconf 88' lang='lat' dir='ltr'><strong>sub</strong></span> 
     </span>
    </p>
   </div>
   <div class='ocr_carea' id='block_1_23' title="bbox 247 2377 1872 2453">
    <p class='ocr_par' dir='ltr' id='par_1_23' title="bbox 247 2377 1872 2453">
     <span class='ocr_line' id='line_1_23' title="bbox 247 2377 1872 2453; baseline 0.003 -20"><span class='ocrx_word' id='word_1_172' title='bbox 247 2380 431 2450; x_wconf 83' lang='lat' dir='ltr'><strong>specie</strong></span> <span class='ocrx_word' id='word_1_173' title='bbox 454 2379 849 2434; x_wconf 76' lang='lat' dir='ltr'><strong>exsccrationis</strong></span> <span class='ocrx_word' id='word_1_174' title='bbox 871 2377 1070 2434; x_wconf 84' lang='lat' dir='ltr'><strong>editam</strong></span> <span class='ocrx_word' id='word_1_175' title='bbox 1095 2380 1260 2435; x_wconf 77' lang='lat' dir='ltr'><strong>fuisse</strong></span> <span class='ocrx_word' id='word_1_176' title='bbox 1283 2379 1644 2450; x_wconf 90' lang='lat' dir='ltr'><strong>prophetiam,</strong></span> <span class='ocrx_word' id='word_1_177' title='bbox 1676 2389 1733 2438; x_wconf 91' lang='lat' dir='ltr'><strong>et</strong></span> <span class='ocrx_word' id='word_1_178' title='bbox 1751 2397 1872 2453; x_wconf 82' lang='lat' dir='ltr'><strong>qua:</strong></span> 
     </span>
    </p>
   </div>
   <div class='ocr_carea' id='block_1_24' title="bbox 249 2470 1868 2542">
    <p class='ocr_par' dir='ltr' id='par_1_24' title="bbox 249 2470 1868 2542">
     <span class='ocr_line' id='line_1_24' title="bbox 249 2470 1868 2542; baseline 0.002 -17"><span class='ocrx_word' id='word_1_179' title='bbox 249 2470 402 2526; x_wconf 62' lang='lat' dir='ltr'><strong>Juda‘.</strong></span> <span class='ocrx_word' id='word_1_180' title='bbox 430 2479 590 2525; x_wconf 87' lang='lat' dir='ltr'><strong>erant</strong></span> <span class='ocrx_word' id='word_1_181' title='bbox 614 2478 872 2526; x_wconf 85' lang='lat' dir='ltr'><strong>eventura</strong></span> <span class='ocrx_word' id='word_1_182' title='bbox 897 2471 1334 2535; x_wconf 88' lang='lat' dir='ltr'><strong>annuntiautem,</strong></span> <span class='ocrx_word' id='word_1_183' title='bbox 1367 2486 1432 2525; x_wconf 90' lang='lat' dir='ltr'><strong>ac</strong></span> <span class='ocrx_word' id='word_1_184' title='bbox 1459 2473 1868 2542; x_wconf 73' lang='lat' dir='ltr'><strong>prmdicentem,</strong></span> 
     </span>
    </p>
   </div>
   <div class='ocr_carea' id='block_1_25' title="bbox 251 2561 1873 2635">
    <p class='ocr_par' dir='ltr' id='par_1_25' title="bbox 251 2561 1873 2635">
     <span class='ocr_line' id='line_1_25' title="bbox 251 2561 1873 2635; baseline 0.001 -18"><span class='ocrx_word' id='word_1_185' title='bbox 251 2572 300 2617; x_wconf 90' lang='lat' dir='ltr'><strong>et</strong></span> <span class='ocrx_word' id='word_1_186' title='bbox 321 2571 508 2632; x_wconf 88' lang='lat' dir='ltr'><strong>postea</strong></span> <span class='ocrx_word' id='word_1_187' title='bbox 535 2561 697 2616; x_wconf 86' lang='lat' dir='ltr'><strong>etiam</strong></span> <span class='ocrx_word' id='word_1_188' title='bbox 722 2561 870 2616; x_wconf 87' lang='lat' dir='ltr'><strong>aliud</strong></span> <span class='ocrx_word' id='word_1_189' title='bbox 895 2570 1211 2616; x_wconf 79' lang='lat' dir='ltr'><strong>tractantem</strong></span> <span class='ocrx_word' id='word_1_190' title='bbox 1241 2573 1641 2632; x_wconf 80' lang='lat' dir='ltr'><strong>argumentum,</strong></span> <span class='ocrx_word' id='word_1_191' title='bbox 1676 2578 1873 2635; x_wconf 87' lang='lat' dir='ltr'><strong>nempe</strong></span> 
     </span>
    </p>
   </div>
   <div class='ocr_carea' id='block_1_26' title="bbox 247 2653 1872 2724">
    <p class='ocr_par' dir='ltr' id='par_1_26' title="bbox 247 2653 1872 2724">
     <span class='ocr_line' id='line_1_26' title="bbox 247 2653 1872 2724; baseline 0.002 -15"><span class='ocrx_word' id='word_1_192' title='bbox 247 2654 512 2710; x_wconf 87' lang='lat' dir='ltr'><strong>adversus</strong></span> <span class='ocrx_word' id='word_1_193' title='bbox 548 2653 812 2724; x_wconf 88' lang='lat' dir='ltr'><strong>quosdam</strong></span> <span class='ocrx_word' id='word_1_194' title='bbox 858 2654 948 2723; x_wconf 90' lang='lat' dir='ltr'><strong>qui</strong></span> <span class='ocrx_word' id='word_1_195' title='bbox 999 2654 1414 2710; x_wconf 80' lang='lat' dir='ltr'><strong>insurrexerunt</strong></span> <span class='ocrx_word' id='word_1_196' title='bbox 1453 2666 1642 2711; x_wconf 89' lang='lat' dir='ltr'><strong>contra</strong></span> <span class='ocrx_word' id='word_1_197' title='bbox 1689 2670 1872 2713; x_wconf 87' lang='lat' dir='ltr'><strong>sacer-</strong></span> 
     </span>
    </p>
   </div>
   <div class='ocr_carea' id='block_1_27' title="bbox 248 2747 1871 2817">
    <p class='ocr_par' dir='ltr' id='par_1_27' title="bbox 248 2747 1871 2817">
     <span class='ocr_line' id='line_1_27' title="bbox 248 2747 1871 2817; baseline 0.003 -14"><span class='ocrx_word' id='word_1_198' title='bbox 248 2748 456 2803; x_wconf 89' lang='lat' dir='ltr'><strong>dotium</strong></span> <span class='ocrx_word' id='word_1_199' title='bbox 486 2765 502 2802; x_wconf 83' lang='lat'>:</span> <span class='ocrx_word' id='word_1_200' title='bbox 536 2755 598 2801; x_wconf 91' lang='lat' dir='ltr'><strong>ut</strong></span> <span class='ocrx_word' id='word_1_201' title='bbox 638 2747 876 2802; x_wconf 77' lang='lat' dir='ltr'><strong>sciamus</strong></span> <span class='ocrx_word' id='word_1_202' title='bbox 900 2758 1159 2817; x_wconf 89' lang='lat' dir='ltr'><strong>quantum</strong></span> <span class='ocrx_word' id='word_1_203' title='bbox 1199 2749 1271 2802; x_wconf 85' lang='lat' dir='ltr'><strong>sit</strong></span> <span class='ocrx_word' id='word_1_204' title='bbox 1301 2749 1502 2804; x_wconf 90' lang='lat' dir='ltr'><strong>malum</strong></span> <span class='ocrx_word' id='word_1_205' title='bbox 1553 2751 1604 2804; x_wconf 93' lang='lat' dir='ltr'><strong>in</strong></span> <span class='ocrx_word' id='word_1_206' title='bbox 1653 2752 1746 2807; x_wconf 88' lang='lat' dir='ltr'><strong>Dei</strong></span> <span class='ocrx_word' id='word_1_207' title='bbox 1777 2767 1871 2808; x_wconf 88' lang='lat' dir='ltr'><strong>sa-</strong></span> 
     </span>
    </p>
   </div>
   <div class='ocr_carea' id='block_1_28' title="bbox 249 2839 1870 2911">
    <p class='ocr_par' dir='ltr' id='par_1_28' title="bbox 249 2839 1870 2911">
     <span class='ocr_line' id='line_1_28' title="bbox 249 2839 1870 2911; baseline 0.003 -16"><span class='ocrx_word' id='word_1_208' title='bbox 249 2841 500 2896; x_wconf 85' lang='lat' dir='ltr'><strong>cerdotes</strong></span> <span class='ocrx_word' id='word_1_209' title='bbox 551 2840 856 2909; x_wconf 80' lang='lat' dir='ltr'><strong>insurgere,</strong></span> <span class='ocrx_word' id='word_1_210' title='bbox 905 2839 1140 2910; x_wconf 83' lang='lat' dir='ltr'><strong>doloque</strong></span> <span class='ocrx_word' id='word_1_211' title='bbox 1183 2850 1240 2895; x_wconf 91' lang='lat' dir='ltr'><strong>et</strong></span> <span class='ocrx_word' id='word_1_212' title='bbox 1285 2842 1570 2911; x_wconf 86' lang='lat' dir='ltr'><strong>iniquitate</strong></span> <span class='ocrx_word' id='word_1_213' title='bbox 1607 2842 1870 2900; x_wconf 89' lang='lat' dir='ltr'><strong>adversus</strong></span> 
     </span>
    </p>
   </div>
   <div class='ocr_carea' id='block_1_29' title="bbox 245 2929 1870 3003">
    <p class='ocr_par' dir='ltr' id='par_1_29' title="bbox 245 2929 1870 3003">
     <span class='ocr_line' id='line_1_29' title="bbox 245 2929 1870 3003; baseline 0.001 -15"><span class='ocrx_word' id='word_1_214' title='bbox 245 2947 340 2988; x_wconf 85' lang='lat' dir='ltr'><strong>eos</strong></span> <span class='ocrx_word' id='word_1_215' title='bbox 365 2932 470 2987; x_wconf 92' lang='lat' dir='ltr'><strong>uti.</strong></span> <span class='ocrx_word' id='word_1_216' title='bbox 512 2932 648 2997; x_wconf 59' lang='lat' dir='ltr'><strong>Quae</strong></span> <span class='ocrx_word' id='word_1_217' title='bbox 673 2930 820 2986; x_wconf 92' lang='lat' dir='ltr'><strong>enim</strong></span> <span class='ocrx_word' id='word_1_218' title='bbox 861 2929 1007 2985; x_wconf 87' lang='lat' dir='ltr'><strong>dicta</strong></span> <span class='ocrx_word' id='word_1_219' title='bbox 1046 2939 1192 2995; x_wconf 89' lang='lat' dir='ltr'><strong>sunt,</strong></span> <span class='ocrx_word' id='word_1_220' title='bbox 1247 2947 1353 2985; x_wconf 91' lang='lat' dir='ltr'><strong>non</strong></span> <span class='ocrx_word' id='word_1_221' title='bbox 1382 2932 1527 2987; x_wconf 85' lang='lat' dir='ltr'><strong>aliud</strong></span> <span class='ocrx_word' id='word_1_222' title='bbox 1553 2942 1680 2988; x_wconf 90' lang='lat' dir='ltr'><strong>sunt</strong></span> <span class='ocrx_word' id='word_1_223' title='bbox 1708 2949 1870 3003; x_wconf 90' lang='lat' dir='ltr'><strong>quam</strong></span> 
     </span>
    </p>
   </div>
   <div class='ocr_carea' id='block_1_30' title="bbox 246 3024 1870 3094">
    <p class='ocr_par' dir='ltr' id='par_1_30' title="bbox 246 3024 1870 3094">
     <span class='ocr_line' id='line_1_30' title="bbox 246 3024 1870 3094; baseline 0.001 -14"><span class='ocrx_word' id='word_1_224' title='bbox 246 3024 493 3080; x_wconf 85' lang='lat' dir='ltr'><strong>doctrina</strong></span> <span class='ocrx_word' id='word_1_225' title='bbox 531 3037 723 3079; x_wconf 85' lang='lat' dir='ltr'><strong>eorum</strong></span> <span class='ocrx_word' id='word_1_226' title='bbox 755 3037 875 3092; x_wconf 63' lang='lat' dir='ltr'><strong>qua:</strong></span> <span class='ocrx_word' id='word_1_227' title='bbox 905 3031 1033 3076; x_wconf 86' lang='lat' dir='ltr'><strong>sunt</strong></span> <span class='ocrx_word' id='word_1_228' title='bbox 1075 3030 1338 3077; x_wconf 82' lang='lat' dir='ltr'><strong>eventura</strong></span> <span class='ocrx_word' id='word_1_229' title='bbox 1382 3024 1450 3077; x_wconf 89' lang='lat' dir='ltr'><strong>iis</strong></span> <span class='ocrx_word' id='word_1_230' title='bbox 1475 3026 1565 3093; x_wconf 91' lang='lat' dir='ltr'><strong>qui</strong></span> <span class='ocrx_word' id='word_1_231' title='bbox 1593 3026 1870 3094; x_wconf 84' lang='lat' dir='ltr'><strong>proximos</strong></span> 
     </span>
    </p>
   </div>
   <div class='ocr_carea' id='block_1_31' title="bbox 245 3114 1870 3189">
    <p class='ocr_par' dir='ltr' id='par_1_31' title="bbox 245 3114 1870 3189">
     <span class='ocr_line' id='line_1_31' title="bbox 245 3114 1870 3189; baseline 0.002 -18"><span class='ocrx_word' id='word_1_232' title='bbox 245 3117 440 3186; x_wconf 89' lang='lat' dir='ltr'><strong>injuria</strong></span> <span class='ocrx_word' id='word_1_233' title='bbox 467 3114 732 3181; x_wconf 73' lang='lat' dir='ltr'><strong>alliciunt,</strong></span> <span class='ocrx_word' id='word_1_234' title='bbox 764 3115 856 3187; x_wconf 91' lang='lat' dir='ltr'><strong>qui</strong></span> <span class='ocrx_word' id='word_1_235' title='bbox 880 3114 1166 3186; x_wconf 91' lang='lat' dir='ltr'><strong>insurgunt</strong></span> <span class='ocrx_word' id='word_1_236' title='bbox 1189 3129 1312 3169; x_wconf 92' lang='lat' dir='ltr'><strong>cum</strong></span> <span class='ocrx_word' id='word_1_237' title='bbox 1340 3115 1470 3170; x_wconf 91' lang='lat' dir='ltr'><strong>dolo</strong></span> <span class='ocrx_word' id='word_1_238' title='bbox 1496 3125 1552 3171; x_wconf 87' lang='lat' dir='ltr'><strong>et</strong></span> <span class='ocrx_word' id='word_1_239' title='bbox 1577 3117 1870 3189; x_wconf 82' lang='lat' dir='ltr'><strong>depravato</strong></span> 
     </span>
    </p>
   </div>
   <div class='ocr_carea' id='block_1_32' title="bbox 247 3204 1867 3278">
    <p class='ocr_par' dir='ltr' id='par_1_32' title="bbox 247 3204 1867 3278">
     <span class='ocr_line' id='line_1_32' title="bbox 247 3204 1867 3278; baseline 0.004 -17"><span class='ocrx_word' id='word_1_240' title='bbox 247 3207 432 3262; x_wconf 88' lang='lat' dir='ltr'><strong>animo</strong></span> <span class='ocrx_word' id='word_1_241' title='bbox 461 3207 516 3262; x_wconf 92' lang='lat' dir='ltr'><strong>in</strong></span> <span class='ocrx_word' id='word_1_242' title='bbox 557 3221 656 3262; x_wconf 89' lang='lat' dir='ltr'><strong>eos</strong></span> <span class='ocrx_word' id='word_1_243' title='bbox 685 3206 778 3278; x_wconf 89' lang='lat' dir='ltr'><strong>qui</strong></span> <span class='ocrx_word' id='word_1_244' title='bbox 819 3206 1022 3262; x_wconf 87' lang='lat' dir='ltr'><strong>nullam</strong></span> <span class='ocrx_word' id='word_1_245' title='bbox 1049 3206 1294 3262; x_wconf 82' lang='lat' dir='ltr'><strong>fecerunt</strong></span> <span class='ocrx_word' id='word_1_246' title='bbox 1330 3204 1604 3278; x_wconf 84' lang='lat' dir='ltr'><strong>injuriam.</strong></span> <span class='ocrx_word' id='word_1_247' title='bbox 1637 3209 1792 3277; x_wconf 87' lang='lat' dir='ltr'><strong>Quod</strong></span> <span class='ocrx_word' id='word_1_248' title='bbox 1822 3213 1867 3267; x_wconf 87' lang='lat' dir='ltr'><strong>si</strong></span> 
     </span>
    </p>
   </div>
   <div class='ocr_carea' id='block_1_33' title="bbox 246 3296 1869 3369">
    <p class='ocr_par' dir='ltr' id='par_1_33' title="bbox 246 3296 1869 3369">
     <span class='ocr_line' id='line_1_33' title="bbox 246 3296 1869 3369; baseline 0.002 -17"><span class='ocrx_word' id='word_1_249' title='bbox 246 3307 422 3369; x_wconf 85' lang='lat' dir='ltr'><strong>rogat,</strong></span> <span class='ocrx_word' id='word_1_250' title='bbox 460 3307 518 3351; x_wconf 87' lang='lat' dir='ltr'><strong>ut</strong></span> <span class='ocrx_word' id='word_1_251' title='bbox 549 3298 713 3352; x_wconf 89' lang='lat' dir='ltr'><strong>etiam</strong></span> <span class='ocrx_word' id='word_1_252' title='bbox 748 3296 844 3351; x_wconf 79' lang='lat' dir='ltr'><strong>lilii</strong></span> <span class='ocrx_word' id='word_1_253' title='bbox 873 3297 1188 3368; x_wconf 88' lang='lat' dir='ltr'><strong>puniantur,</strong></span> <span class='ocrx_word' id='word_1_254' title='bbox 1225 3297 1279 3352; x_wconf 88' lang='lat' dir='ltr'><strong>id</strong></span> <span class='ocrx_word' id='word_1_255' title='bbox 1311 3313 1382 3353; x_wconf 91' lang='lat' dir='ltr'><strong>ne</strong></span> <span class='ocrx_word' id='word_1_256' title='bbox 1414 3311 1468 3353; x_wconf 90' lang='lat' dir='ltr'><strong>te</strong></span> <span class='ocrx_word' id='word_1_257' title='bbox 1499 3301 1813 3366; x_wconf 74' lang='lat' dir='ltr'><strong>conturbet,</strong></span> <span class='ocrx_word' id='word_1_258' title='bbox 1834 3317 1869 3356; x_wconf 90' lang='grc' dir='ltr'>ο</span> 
     </span>
    </p>
   </div>
   <div class='ocr_carea' id='block_1_34' title="bbox 241 3385 1866 3460">
    <p class='ocr_par' dir='ltr' id='par_1_34' title="bbox 241 3385 1866 3460">
     <span class='ocr_line' id='line_1_34' title="bbox 241 3385 1866 3460; baseline 0.005 -20"><span class='ocrx_word' id='word_1_259' title='bbox 241 3385 444 3444; x_wconf 86' lang='lat' dir='ltr'><strong>dilecte</strong></span> <span class='ocrx_word' id='word_1_260' title='bbox 479 3407 492 3443; x_wconf 90' lang='lat'>:</span> <span class='ocrx_word' id='word_1_261' title='bbox 523 3387 613 3444; x_wconf 91' lang='lat' dir='ltr'><strong>hic</strong></span> <span class='ocrx_word' id='word_1_262' title='bbox 642 3388 788 3444; x_wconf 89' lang='lat' dir='ltr'><strong>enim</strong></span> <span class='ocrx_word' id='word_1_263' title='bbox 832 3387 965 3444; x_wconf 88' lang='lat' dir='ltr'><strong>dicit</strong></span> <span class='ocrx_word' id='word_1_264' title='bbox 1009 3388 1149 3444; x_wconf 82' lang='lat' dir='ltr'><strong>ﬁlios</strong></span> <span class='ocrx_word' id='word_1_265' title='bbox 1188 3404 1286 3445; x_wconf 91' lang='lat' dir='ltr'><strong>eos</strong></span> <span class='ocrx_word' id='word_1_266' title='bbox 1322 3390 1414 3460; x_wconf 90' lang='lat' dir='ltr'><strong>qui</strong></span> <span class='ocrx_word' id='word_1_267' title='bbox 1466 3389 1684 3447; x_wconf 85' lang='lat' dir='ltr'><strong>fuerunt</strong></span> <span class='ocrx_word' id='word_1_268' title='bbox 1734 3394 1866 3448; x_wconf 88' lang='lat' dir='ltr'><strong>socii</strong></span> 
     </span>
    </p>
   </div>
   <div class='ocr_carea' id='block_1_35' title="bbox 247 3478 1868 3554">
    <p class='ocr_par' dir='ltr' id='par_1_35' title="bbox 247 3478 1868 3554">
     <span class='ocr_line' id='line_1_35' title="bbox 247 3478 1868 3554; baseline 0.004 -20"><span class='ocrx_word' id='word_1_269' title='bbox 247 3495 439 3534; x_wconf 88' lang='lat' dir='ltr'><strong>eorum</strong></span> <span class='ocrx_word' id='word_1_270' title='bbox 481 3478 863 3549; x_wconf 86' lang='lat' dir='ltr'><strong>improbitatis.</strong></span> <span class='ocrx_word' id='word_1_271' title='bbox 892 3479 1043 3537; x_wconf 89' lang='lat' dir='ltr'><strong>Solet</strong></span> <span class='ocrx_word' id='word_1_272' title='bbox 1078 3481 1224 3536; x_wconf 87' lang='lat' dir='ltr'><strong>enim</strong></span> <span class='ocrx_word' id='word_1_273' title='bbox 1269 3481 1549 3553; x_wconf 83' lang='lat' dir='ltr'><strong>Scriptura</strong></span> <span class='ocrx_word' id='word_1_274' title='bbox 1593 3484 1868 3554; x_wconf 88' lang='lat' dir='ltr'><strong>appellare</strong></span> 
     </span>
    </p>
   </div>
   <div class='ocr_carea' id='block_1_36' title="bbox 243 3567 1865 3647">
    <p class='ocr_par' dir='ltr' id='par_1_36' title="bbox 243 3567 1865 3647">
     <span class='ocr_line' id='line_1_36' title="bbox 243 3567 1865 3647; baseline 0.006 -24"><span class='ocrx_word' id='word_1_275' title='bbox 243 3567 409 3638; x_wconf 78' lang='lat' dir='ltr'><strong>ﬁlios,</strong></span> <span class='ocrx_word' id='word_1_276' title='bbox 438 3579 496 3626; x_wconf 90' lang='lat' dir='ltr'><strong>et</strong></span> <span class='ocrx_word' id='word_1_277' title='bbox 521 3584 618 3626; x_wconf 89' lang='lat' dir='ltr'><strong>eos</strong></span> <span class='ocrx_word' id='word_1_278' title='bbox 642 3571 731 3642; x_wconf 91' lang='lat' dir='ltr'><strong>qui</strong></span> <span class='ocrx_word' id='word_1_279' title='bbox 762 3580 888 3626; x_wconf 90' lang='lat' dir='ltr'><strong>sunt</strong></span> <span class='ocrx_word' id='word_1_280' title='bbox 913 3573 1240 3643; x_wconf 73' lang='lat' dir='ltr'><strong>cognatione</strong></span> <span class='ocrx_word' id='word_1_281' title='bbox 1267 3573 1388 3642; x_wconf 84' lang='lat' dir='ltr'><strong>lilii,</strong></span> <span class='ocrx_word' id='word_1_282' title='bbox 1418 3585 1474 3629; x_wconf 91' lang='lat' dir='ltr'><strong>et</strong></span> <span class='ocrx_word' id='word_1_283' title='bbox 1499 3591 1595 3630; x_wconf 90' lang='lat' dir='ltr'><strong>eos</strong></span> <span class='ocrx_word' id='word_1_284' title='bbox 1623 3577 1714 3647; x_wconf 91' lang='lat' dir='ltr'><strong>qui</strong></span> <span class='ocrx_word' id='word_1_285' title='bbox 1744 3576 1865 3634; x_wconf 84' lang='lat' dir='ltr'><strong>lue-</strong></span> 
     </span>
    </p>
   </div>
   <div class='ocr_carea' id='block_1_37' title="bbox 244 3663 1866 3734">
    <p class='ocr_par' dir='ltr' id='par_1_37' title="bbox 244 3663 1866 3734">
     <span class='ocr_line' id='line_1_37' title="bbox 244 3663 1866 3734; baseline 0.006 -18"><span class='ocrx_word' id='word_1_286' title='bbox 244 3672 372 3716; x_wconf 88' lang='lat' dir='ltr'><strong>runt</strong></span> <span class='ocrx_word' id='word_1_287' title='bbox 399 3663 534 3717; x_wconf 89' lang='lat' dir='ltr'><strong>socii</strong></span> <span class='ocrx_word' id='word_1_288' title='bbox 562 3663 869 3733; x_wconf 85' lang='lat' dir='ltr'><strong>aliquorum</strong></span> <span class='ocrx_word' id='word_1_289' title='bbox 913 3663 1312 3734; x_wconf 86' lang='lat' dir='ltr'><strong>improbitatis,</strong></span> <span class='ocrx_word' id='word_1_290' title='bbox 1355 3666 1569 3721; x_wconf 89' lang='lat' dir='ltr'><strong>etiamsi</strong></span> <span class='ocrx_word' id='word_1_291' title='bbox 1603 3682 1711 3722; x_wconf 92' lang='lat' dir='ltr'><strong>non</strong></span> <span class='ocrx_word' id='word_1_292' title='bbox 1757 3669 1866 3725; x_wconf 88' lang='lat' dir='ltr'><strong>sint</strong></span> 
     </span>
    </p>
   </div>
   <div class='ocr_carea' id='block_1_38' title="bbox 243 3753 1866 3829">
    <p class='ocr_par' dir='ltr' id='par_1_38' title="bbox 243 3753 1866 3829">
     <span class='ocr_line' id='line_1_38' title="bbox 243 3753 1866 3829; baseline 0.005 -21"><span class='ocrx_word' id='word_1_293' title='bbox 243 3764 439 3808; x_wconf 76' lang='lat' dir='ltr'><strong>natura</strong></span> <span class='ocrx_word' id='word_1_294' title='bbox 486 3753 604 3821; x_wconf 84' lang='lat' dir='ltr'><strong>lilii,</strong></span> <span class='ocrx_word' id='word_1_295' title='bbox 647 3762 708 3809; x_wconf 92' lang='lat' dir='ltr'><strong>ut</strong></span> <span class='ocrx_word' id='word_1_296' title='bbox 745 3753 963 3825; x_wconf 83' lang='lat' dir='ltr'><strong>quando</strong></span> <span class='ocrx_word' id='word_1_297' title='bbox 1007 3753 1189 3811; x_wconf 87' lang='lat' dir='ltr'><strong>dicit:</strong></span> <span class='ocrx_word' id='word_1_298' title='bbox 1224 3754 1330 3811; x_wconf 85' lang='lat' dir='ltr'><strong>Vos</strong></span> <span class='ocrx_word' id='word_1_299' title='bbox 1371 3757 1472 3829; x_wconf 79' lang='lat' dir='ltr'><strong>[itii</strong></span> <span class='ocrx_word' id='word_1_300' title='bbox 1515 3758 1709 3814; x_wconf 89' lang='lat' dir='ltr'><strong>diaboli</strong></span> <span class='ocrx_word' id='word_1_301' title='bbox 1745 3763 1866 3816; x_wconf 85' lang='lat' dir='ltr'><strong>estis</strong></span> 
     </span>
    </p>
   </div>
   <div class='ocr_carea' id='block_1_39' title="bbox 241 3843 1864 3918">
    <p class='ocr_par' dir='ltr' id='par_1_39' title="bbox 241 3843 1864 3918">
     <span class='ocr_line' id='line_1_39' title="bbox 241 3843 1864 3918; baseline 0.006 -20"><span class='ocrx_word' id='word_1_302' title='bbox 241 3843 428 3913; x_wconf 74' lang='lat' dir='ltr'><strong>(Jun.</strong></span> <span class='ocrx_word' id='word_1_303' title='bbox 461 3845 517 3901; x_wconf 91' lang='lat'><strong>8.</strong></span> <span class='ocrx_word' id='word_1_304' title='bbox 551 3843 670 3918; x_wconf 68' lang='grc'><strong>44).</strong></span> <span class='ocrx_word' id='word_1_305' title='bbox 700 3846 863 3917; x_wconf 82' lang='lat' dir='ltr'><strong>Atqui</strong></span> <span class='ocrx_word' id='word_1_306' title='bbox 903 3861 1012 3902; x_wconf 90' lang='lat' dir='ltr'><strong>non</strong></span> <span class='ocrx_word' id='word_1_307' title='bbox 1037 3858 1198 3902; x_wconf 87' lang='lat' dir='ltr'><strong>erant</strong></span> <span class='ocrx_word' id='word_1_308' title='bbox 1225 3847 1402 3904; x_wconf 70' lang='lat' dir='ltr'><strong>Judaei</strong></span> <span class='ocrx_word' id='word_1_309' title='bbox 1431 3859 1622 3906; x_wconf 88' lang='lat' dir='ltr'><strong>natura</strong></span> <span class='ocrx_word' id='word_1_310' title='bbox 1663 3851 1864 3909; x_wconf 85' lang='lat' dir='ltr'><strong>diaboli</strong></span> 
     </span>
    </p>
   </div>
   <div class='ocr_carea' id='block_1_40' title="bbox 242 3935 1865 4013">
    <p class='ocr_par' dir='ltr' id='par_1_40' title="bbox 242 3935 1865 4013">
     <span class='ocr_line' id='line_1_40' title="bbox 242 3935 1865 4013; baseline 0.006 -23"><span class='ocrx_word' id='word_1_311' title='bbox 242 3935 364 3992; x_wconf 77' lang='lat' dir='ltr'><strong>lilii.</strong></span> <span class='ocrx_word' id='word_1_312' title='bbox 395 3936 685 4005; x_wconf 82' lang='lat' dir='ltr'><strong>Quomodo</strong></span> <span class='ocrx_word' id='word_1_313' title='bbox 718 3937 864 3993; x_wconf 88' lang='lat' dir='ltr'><strong>enim</strong></span> <span class='ocrx_word' id='word_1_314' title='bbox 890 3947 1077 3994; x_wconf 87' lang='lat' dir='ltr'><strong>essent</strong></span> <span class='ocrx_word' id='word_1_315' title='bbox 1103 3938 1203 3994; x_wconf 84' lang='lat' dir='ltr'><strong>lilii</strong></span> <span class='ocrx_word' id='word_1_316' title='bbox 1243 3940 1397 4010; x_wconf 86' lang='lat' dir='ltr'><strong>ejus,</strong></span> <span class='ocrx_word' id='word_1_317' title='bbox 1429 3942 1522 4013; x_wconf 91' lang='lat' dir='ltr'><strong>qui</strong></span> <span class='ocrx_word' id='word_1_318' title='bbox 1551 3951 1638 3999; x_wconf 89' lang='lat' dir='ltr'><strong>est</strong></span> <span class='ocrx_word' id='word_1_319' title='bbox 1680 3944 1865 4000; x_wconf 84' lang='lat' dir='ltr'><strong>incor-</strong></span> 
     </span>
    </p>
   </div>
   <div class='ocr_carea' id='block_1_41' title="bbox 244 4028 1868 4100">
    <p class='ocr_par' dir='ltr' id='par_1_41' title="bbox 244 4028 1868 4100">
     <span class='ocr_line' id='line_1_41' title="bbox 244 4028 1868 4100; baseline 0.006 -17"><span class='ocrx_word' id='word_1_320' title='bbox 244 4041 470 4100; x_wconf 83' lang='lat' dir='ltr'><strong>porcus,</strong></span> <span class='ocrx_word' id='word_1_321' title='bbox 494 4042 619 4083; x_wconf 83' lang='lat' dir='ltr'><strong>cum</strong></span> <span class='ocrx_word' id='word_1_322' title='bbox 643 4028 746 4099; x_wconf 85' lang='lat' dir='ltr'><strong>ipsi</strong></span> <span class='ocrx_word' id='word_1_323' title='bbox 770 4028 881 4084; x_wconf 88' lang='lat' dir='ltr'><strong>sint</strong></span> <span class='ocrx_word' id='word_1_324' title='bbox 895 4044 1066 4086; x_wconf 84' lang='lat' dir='ltr'><strong>carne</strong></span> <span class='ocrx_word' id='word_1_325' title='bbox 1083 4031 1442 4088; x_wconf 80' lang='lat' dir='ltr'><strong>circumdati?</strong></span> <span class='ocrx_word' id='word_1_326' title='bbox 1470 4032 1580 4090; x_wconf 88' lang='lat' dir='ltr'><strong>Sed</strong></span> <span class='ocrx_word' id='word_1_327' title='bbox 1603 4036 1868 4094; x_wconf 86' lang='lat' dir='ltr'><strong>societate</strong></span> 
     </span>
    </p>
   </div>
   <div class='ocr_carea' id='block_1_42' title="bbox 243 4119 1864 4195">
    <p class='ocr_par' dir='ltr' id='par_1_42' title="bbox 243 4119 1864 4195">
     <span class='ocr_line' id='line_1_42' title="bbox 243 4119 1864 4195; baseline 0.007 -21"><span class='ocrx_word' id='word_1_328' title='bbox 243 4119 614 4191; x_wconf 85' lang='lat' dir='ltr'><strong>improbitatis</strong></span> <span class='ocrx_word' id='word_1_329' title='bbox 641 4129 982 4177; x_wconf 75' lang='lat' dir='ltr'><strong>attraxerant</strong></span> <span class='ocrx_word' id='word_1_330' title='bbox 997 4121 1066 4177; x_wconf 86' lang='lat' dir='ltr'><strong>ad</strong></span> <span class='ocrx_word' id='word_1_331' title='bbox 1091 4136 1153 4178; x_wconf 88' lang='lat' dir='ltr'><strong>se</strong></span> <span class='ocrx_word' id='word_1_332' title='bbox 1172 4125 1578 4195; x_wconf 75' lang='lat' dir='ltr'><strong>cognationem.</strong></span> <span class='ocrx_word' id='word_1_333' title='bbox 1601 4125 1680 4182; x_wconf 83' lang='lat' dir='ltr'><strong>ita</strong></span> <span class='ocrx_word' id='word_1_334' title='bbox 1700 4129 1864 4186; x_wconf 91' lang='lat' dir='ltr'><strong>etiam</strong></span> 
     </span>
    </p>
   </div>
   <div class='ocr_carea' id='block_1_43' title="bbox 242 4211 1865 4293">
    <p class='ocr_par' dir='ltr' id='par_1_43' title="bbox 242 4211 1865 4293">
     <span class='ocr_line' id='line_1_43' title="bbox 242 4211 1865 4293; baseline 0.007 -25"><span class='ocrx_word' id='word_1_335' title='bbox 242 4225 340 4268; x_wconf 85' lang='lat' dir='ltr'><strong>eos</strong></span> <span class='ocrx_word' id='word_1_336' title='bbox 361 4211 513 4283; x_wconf 88' lang='lat' dir='ltr'><strong>ejicit</strong></span> <span class='ocrx_word' id='word_1_337' title='bbox 539 4226 572 4266; x_wconf 90' lang='lat' dir='ltr'><strong>a</strong></span> <span class='ocrx_word' id='word_1_338' title='bbox 617 4227 822 4284; x_wconf 87' lang='lat' dir='ltr'><strong>genere</strong></span> <span class='ocrx_word' id='word_1_339' title='bbox 866 4212 1143 4281; x_wconf 67' lang='lat' dir='ltr'><strong>Abrahae,</strong></span> <span class='ocrx_word' id='word_1_340' title='bbox 1171 4214 1407 4273; x_wconf 86' lang='lat' dir='ltr'><strong>dicens:</strong></span> <span class='ocrx_word' id='word_1_341' title='bbox 1439 4219 1505 4275; x_wconf 82' lang='lat' dir='ltr'><strong>Si</strong></span> <span class='ocrx_word' id='word_1_342' title='bbox 1545 4222 1718 4277; x_wconf 81' lang='lat' dir='ltr'><strong>essetis</strong></span> <span class='ocrx_word' id='word_1_343' title='bbox 1765 4224 1865 4293; x_wconf 76' lang='lat' dir='ltr'><strong>ﬁlii</strong></span> 
     </span>
    </p>
   </div>
   <div class='ocr_carea' id='block_1_44' title="bbox 241 4306 1864 4386">
    <p class='ocr_par' dir='ltr' id='par_1_44' title="bbox 241 4306 1864 4386">
     <span class='ocr_line' id='line_1_44' title="bbox 241 4306 1864 4386; baseline 0.008 -26"><span class='ocrx_word' id='word_1_344' title='bbox 241 4306 498 4374; x_wconf 67' lang='lat' dir='ltr'><strong>Abrahae,</strong></span> <span class='ocrx_word' id='word_1_345' title='bbox 527 4322 689 4377; x_wconf 84' lang='lat' dir='ltr'><strong>opera</strong></span> <span class='ocrx_word' id='word_1_346' title='bbox 719 4306 943 4363; x_wconf 76' lang='lat' dir='ltr'><strong>Abralur</strong></span> <span class='ocrx_word' id='word_1_347' title='bbox 982 4310 1216 4379; x_wconf 74' lang='lat' dir='ltr'><strong>faceretis</strong></span> <span class='ocrx_word' id='word_1_348' title='bbox 1242 4309 1428 4383; x_wconf 83' lang='lat' dir='ltr'><strong>(Joan.</strong></span> <span class='ocrx_word' id='word_1_349' title='bbox 1472 4311 1528 4368; x_wconf 88' lang='lat'><strong>8.</strong></span> <span class='ocrx_word' id='word_1_350' title='bbox 1555 4313 1675 4386; x_wconf 78' lang='lat'><strong>59).</strong></span> <span class='ocrx_word' id='word_1_351' title='bbox 1705 4315 1864 4384; x_wconf 82' lang='lat' dir='ltr'><strong>Quod</strong></span> 
     </span>
    </p>
   </div>
   <div class='ocr_carea' id='block_1_45' title="bbox 239 4396 1863 4479">
    <p class='ocr_par' dir='ltr' id='par_1_45' title="bbox 239 4396 1863 4479">
     <span class='ocr_line' id='line_1_45' title="bbox 239 4396 1863 4479; baseline 0.007 -26"><span class='ocrx_word' id='word_1_352' title='bbox 239 4396 390 4453; x_wconf 86' lang='lat' dir='ltr'><strong>enim</strong></span> <span class='ocrx_word' id='word_1_353' title='bbox 439 4397 584 4452; x_wconf 79' lang='lat' dir='ltr'><strong>titius</strong></span> <span class='ocrx_word' id='word_1_354' title='bbox 611 4412 719 4454; x_wconf 89' lang='lat' dir='ltr'><strong>non</strong></span> <span class='ocrx_word' id='word_1_355' title='bbox 764 4399 1020 4469; x_wconf 85' lang='lat' dir='ltr'><strong>puniatur</strong></span> <span class='ocrx_word' id='word_1_356' title='bbox 1062 4415 1162 4471; x_wconf 88' lang='lat' dir='ltr'><strong>pro</strong></span> <span class='ocrx_word' id='word_1_357' title='bbox 1209 4409 1385 4473; x_wconf 85' lang='lat' dir='ltr'><strong>patre,</strong></span> <span class='ocrx_word' id='word_1_358' title='bbox 1416 4418 1518 4461; x_wconf 88' lang='lat' dir='ltr'><strong>nec</strong></span> <span class='ocrx_word' id='word_1_359' title='bbox 1565 4416 1722 4476; x_wconf 85' lang='lat' dir='ltr'><strong>pater</strong></span> <span class='ocrx_word' id='word_1_360' title='bbox 1763 4422 1863 4479; x_wconf 92' lang='lat' dir='ltr'><strong>pro</strong></span> 
     </span>
    </p>
   </div>
   <div class='ocr_carea' id='block_1_46' title="bbox 241 4489 1863 4558">
    <p class='ocr_par' dir='ltr' id='par_1_46' title="bbox 241 4489 1863 4558">
     <span class='ocr_line' id='line_1_46' title="bbox 241 4489 1863 4558; baseline 0.008 -13"><span class='ocrx_word' id='word_1_361' title='bbox 241 4489 375 4556; x_wconf 86' lang='lat' dir='ltr'><strong>lilio,</strong></span> <span class='ocrx_word' id='word_1_362' title='bbox 403 4491 578 4547; x_wconf 80' lang='lat' dir='ltr'><strong>cuivis</strong></span> <span class='ocrx_word' id='word_1_363' title='bbox 602 4500 686 4547; x_wconf 89' lang='lat' dir='ltr'><strong>est</strong></span> <span class='ocrx_word' id='word_1_364' title='bbox 711 4491 1082 4548; x_wconf 80' lang='lat' dir='ltr'><strong>manifestum.</strong></span> <span class='ocrx_word' id='word_1_365' title='bbox 1114 4493 1232 4551; x_wconf 75' lang='lat' dir='ltr'><strong>Hoc</strong></span> <span class='ocrx_word' id='word_1_366' title='bbox 1261 4497 1428 4552; x_wconf 87' lang='lat' dir='ltr'><strong>etiam</strong></span> <span class='ocrx_word' id='word_1_367' title='bbox 1471 4498 1779 4556; x_wconf 87' lang='lat' dir='ltr'><strong>ostenditur</strong></span> <span class='ocrx_word' id='word_1_368' title='bbox 1806 4502 1863 4558; x_wconf 91' lang='lat' dir='ltr'><strong>in</strong></span> 
     </span>
    </p>
   </div>
   <div class='ocr_carea' id='block_1_47' title="bbox 241 4581 1858 4660">
    <p class='ocr_par' dir='ltr' id='par_1_47' title="bbox 241 4581 1858 4660">
     <span class='ocr_line' id='line_1_47' title="bbox 241 4581 1858 4660; baseline 0.007 -24"><span class='ocrx_word' id='word_1_369' title='bbox 241 4581 365 4653; x_wconf 76' lang='lat' dir='ltr'><strong>lege</strong></span> <span class='ocrx_word' id='word_1_370' title='bbox 393 4581 600 4638; x_wconf 87' lang='lat' dir='ltr'><strong>dictum</strong></span> <span class='ocrx_word' id='word_1_371' title='bbox 629 4596 789 4649; x_wconf 85' lang='lat' dir='ltr'><strong>esse,</strong></span> <span class='ocrx_word' id='word_1_372' title='bbox 818 4583 924 4639; x_wconf 87' lang='lat' dir='ltr'><strong>nisi</strong></span> <span class='ocrx_word' id='word_1_373' title='bbox 969 4591 1158 4641; x_wconf 85' lang='lat' dir='ltr'><strong>tamen</strong></span> <span class='ocrx_word' id='word_1_374' title='bbox 1187 4589 1363 4657; x_wconf 88' lang='lat' dir='ltr'><strong>ipsum</strong></span> <span class='ocrx_word' id='word_1_375' title='bbox 1392 4588 1536 4645; x_wconf 88' lang='lat' dir='ltr'><strong>male</strong></span> <span class='ocrx_word' id='word_1_376' title='bbox 1583 4592 1858 4660; x_wconf 86' lang='lat' dir='ltr'><strong>instituat;</strong></span> 
     </span>
    </p>
   </div>
   <div class='ocr_carea' id='block_1_48' title="bbox 239 4678 1858 4759">
    <p class='ocr_par' dir='ltr' id='par_1_48' title="bbox 239 4678 1858 4759">
     <span class='ocr_line' id='line_1_48' title="bbox 239 4678 1858 4759; baseline 0.009 -30"><span class='ocrx_word' id='word_1_377' title='bbox 239 4685 296 4730; x_wconf 85' lang='lat' dir='ltr'><strong>et</strong></span> <span class='ocrx_word' id='word_1_378' title='bbox 329 4685 464 4731; x_wconf 91' lang='lat' dir='ltr'><strong>tunc</strong></span> <span class='ocrx_word' id='word_1_379' title='bbox 488 4692 597 4731; x_wconf 88' lang='lat' dir='ltr'><strong>non</strong></span> <span class='ocrx_word' id='word_1_380' title='bbox 624 4692 725 4748; x_wconf 89' lang='lat' dir='ltr'><strong>pro</strong></span> <span class='ocrx_word' id='word_1_381' title='bbox 754 4678 898 4746; x_wconf 86' lang='lat' dir='ltr'><strong>lilio,</strong></span> <span class='ocrx_word' id='word_1_382' title='bbox 927 4679 1027 4737; x_wconf 84' lang='lat' dir='ltr'><strong>sed</strong></span> <span class='ocrx_word' id='word_1_383' title='bbox 1059 4696 1160 4752; x_wconf 90' lang='lat' dir='ltr'><strong>pro</strong></span> <span class='ocrx_word' id='word_1_384' title='bbox 1187 4695 1285 4738; x_wconf 85' lang='lat' dir='ltr'><strong>sua</strong></span> <span class='ocrx_word' id='word_1_385' title='bbox 1328 4682 1548 4754; x_wconf 89' lang='lat' dir='ltr'><strong>punitur</strong></span> <span class='ocrx_word' id='word_1_386' title='bbox 1587 4687 1858 4759; x_wconf 88' lang='lat' dir='ltr'><strong>socordia,</strong></span> 
     </span>
    </p>
   </div>
   <div class='ocr_carea' id='block_1_49' title="bbox 237 4766 1029 4842">
    <p class='ocr_par' dir='ltr' id='par_1_49' title="bbox 237 4766 1029 4842">
     <span class='ocr_line' id='line_1_49' title="bbox 237 4766 1029 4842; baseline 0.006 -21"><span class='ocrx_word' id='word_1_387' title='bbox 237 4767 383 4822; x_wconf 84' lang='lat' dir='ltr'><strong>sicut</strong></span> <span class='ocrx_word' id='word_1_388' title='bbox 406 4766 528 4823; x_wconf 80' lang='lat' dir='ltr'><strong>Heli</strong></span> <span class='ocrx_word' id='word_1_389' title='bbox 558 4769 638 4838; x_wconf 83' lang='grc' dir='ltr'><strong>(Ι.</strong></span> <span class='ocrx_word' id='word_1_390' title='bbox 668 4769 800 4841; x_wconf 83' lang='lat' dir='ltr'><strong>Reg.</strong></span> <span class='ocrx_word' id='word_1_391' title='bbox 829 4770 883 4825; x_wconf 77' lang='lat'><strong>5.</strong></span> <span class='ocrx_word' id='word_1_392' title='bbox 909 4771 1029 4842; x_wconf 74' lang='grc'><strong>15).</strong></span> 
     </span>
    </p>
   </div>
   <div class='ocr_carea' id='block_1_50' title="bbox 309 4857 1860 4940">
    <p class='ocr_par' dir='ltr' id='par_1_50' title="bbox 309 4857 1860 4940">
     <span class='ocr_line' id='line_1_50' title="bbox 309 4857 1860 4940; baseline 0.01 -27"><span class='ocrx_word' id='word_1_393' title='bbox 309 4859 363 4914; x_wconf 78' lang='lat'><strong>5.</strong></span> <span class='ocrx_word' id='word_1_394' title='bbox 407 4857 470 4913; x_wconf 88' lang='lat' dir='ltr'><strong>Si</strong></span> <span class='ocrx_word' id='word_1_395' title='bbox 515 4869 694 4914; x_wconf 89' lang='lat' dir='ltr'><strong>autem</strong></span> <span class='ocrx_word' id='word_1_396' title='bbox 742 4861 987 4931; x_wconf 79' lang='lat' dir='ltr'><strong>videtur,</strong></span> <span class='ocrx_word' id='word_1_397' title='bbox 1035 4864 1308 4922; x_wconf 83' lang='lat' dir='ltr'><strong>Psalmum</strong></span> <span class='ocrx_word' id='word_1_398' title='bbox 1357 4882 1753 4940; x_wconf 81' lang='lat' dir='ltr'><strong>prosequamur</strong></span> <span class='ocrx_word' id='word_1_399' title='bbox 1789 4874 1860 4929; x_wconf 88' lang='lat' dir='ltr'><strong>ab</strong></span> 
     </span>
    </p>
   </div>
   <div class='ocr_carea' id='block_1_51' title="bbox 237 4948 1860 5023">
    <p class='ocr_par' dir='ltr' id='par_1_51' title="bbox 237 4948 1860 5023">
     <span class='ocr_line' id='line_1_51' title="bbox 237 4948 1860 5023; baseline 0.011 -19"><span class='ocrx_word' id='word_1_400' title='bbox 237 4948 416 5005; x_wconf 87' lang='lat' dir='ltr'><strong>initio.</strong></span> <span class='ocrx_word' id='word_1_401' title='bbox 433 4949 598 5018; x_wconf 79' lang='lat' dir='ltr'><strong>Deus,</strong></span> <span class='ocrx_word' id='word_1_402' title='bbox 619 4952 826 5007; x_wconf 60' lang='lat' dir='ltr'><strong>(suam</strong></span> <span class='ocrx_word' id='word_1_403' title='bbox 855 4971 1023 5010; x_wconf 80' lang='lat' dir='ltr'><strong>meam</strong></span> <span class='ocrx_word' id='word_1_404' title='bbox 1042 4960 1361 5014; x_wconf 76' lang='lat' dir='ltr'><strong>netacueris.</strong></span> <span class='ocrx_word' id='word_1_405' title='bbox 1389 4961 1544 5017; x_wconf 84' lang='lat' dir='ltr'><strong>Alius</strong></span> <span class='ocrx_word' id='word_1_406' title='bbox 1570 4971 1749 5020; x_wconf 88' lang='lat' dir='ltr'><strong>autem</strong></span> <span class='ocrx_word' id='word_1_407' title='bbox 1776 4965 1860 5023; x_wconf 89' lang='lat' dir='ltr'><strong>in-</strong></span> 
     </span>
    </p>
   </div>
   <div class='ocr_carea' id='block_1_52' title="bbox 235 5041 1854 5114">
    <p class='ocr_par' dir='ltr' id='par_1_52' title="bbox 235 5041 1854 5114">
     <span class='ocr_line' id='line_1_52' title="bbox 235 5041 1854 5114; baseline 0.011 -20"><span class='ocrx_word' id='word_1_408' title='bbox 235 5049 452 5112; x_wconf 85' lang='lat' dir='ltr'><strong>terpres</strong></span> <span class='ocrx_word' id='word_1_409' title='bbox 471 5041 648 5098; x_wconf 88' lang='lat' dir='ltr'><strong>dicit:</strong></span> <span class='ocrx_word' id='word_1_410' title='bbox 699 5041 860 5109; x_wconf 85' lang='lat' dir='ltr'><strong>Deus,</strong></span> <span class='ocrx_word' id='word_1_411' title='bbox 905 5047 1196 5102; x_wconf 80' lang='lat' dir='ltr'><strong>laudationi</strong></span> <span class='ocrx_word' id='word_1_412' title='bbox 1237 5066 1364 5106; x_wconf 69' lang='lat' dir='ltr'><strong>nica:</strong></span> <span class='ocrx_word' id='word_1_413' title='bbox 1404 5069 1468 5108; x_wconf 85' lang='lat' dir='ltr'><strong>ne</strong></span> <span class='ocrx_word' id='word_1_414' title='bbox 1506 5054 1854 5114; x_wconf 86' lang='lat' dir='ltr'><strong>obsurdueris.</strong></span> 
     </span>
    </p>
   </div>
   <div class='ocr_carea' id='block_1_53' title="bbox 236 5133 1857 5220">
    <p class='ocr_par' dir='ltr' id='par_1_53' title="bbox 236 5133 1857 5220">
     <span class='ocr_line' id='line_1_53' title="bbox 236 5133 1857 5220; baseline 0.012 -33"><span class='ocrx_word' id='word_1_415' title='bbox 236 5133 428 5201; x_wconf 78' lang='lat' dir='ltr'><strong>Alius,</strong></span> <span class='ocrx_word' id='word_1_416' title='bbox 463 5133 549 5190; x_wconf 86' lang='lat' dir='ltr'><strong>Ne</strong></span> <span class='ocrx_word' id='word_1_417' title='bbox 573 5134 815 5204; x_wconf 78' lang='lat' dir='ltr'><strong>silueris;</strong></span> <span class='ocrx_word' id='word_1_418' title='bbox 846 5137 950 5195; x_wconf 87' lang='lat' dir='ltr'><strong>hoc</strong></span> <span class='ocrx_word' id='word_1_419' title='bbox 988 5149 1106 5208; x_wconf 85' lang='lat' dir='ltr'><strong>est,</strong></span> <span class='ocrx_word' id='word_1_420' title='bbox 1137 5140 1219 5198; x_wconf 80' lang='lat' dir='ltr'><strong>Ne</strong></span> <span class='ocrx_word' id='word_1_421' title='bbox 1247 5147 1665 5214; x_wconf 69' lang='lat' dir='ltr'><strong>praetermiseris</strong></span> <span class='ocrx_word' id='word_1_422' title='bbox 1699 5152 1857 5220; x_wconf 88' lang='lat' dir='ltr'><strong>puni-</strong></span> 
     </span>
    </p>
   </div>
   <div class='ocr_carea' id='block_1_54' title="bbox 237 5227 1856 5307">
    <p class='ocr_par' dir='ltr' id='par_1_54' title="bbox 237 5227 1856 5307">
     <span class='ocr_line' id='line_1_54' title="bbox 237 5227 1856 5307; baseline 0.011 -24"><span class='ocrx_word' id='word_1_423' title='bbox 237 5229 466 5297; x_wconf 87' lang='lat' dir='ltr'><strong>tionem,</strong></span> <span class='ocrx_word' id='word_1_424' title='bbox 497 5227 595 5284; x_wconf 87' lang='lat' dir='ltr'><strong>sed</strong></span> <span class='ocrx_word' id='word_1_425' title='bbox 620 5244 813 5301; x_wconf 73' lang='lat' dir='ltr'><strong>pmnas</strong></span> <span class='ocrx_word' id='word_1_426' title='bbox 842 5245 996 5289; x_wconf 84' lang='lat' dir='ltr'><strong>sume</strong></span> <span class='ocrx_word' id='word_1_427' title='bbox 1020 5233 1092 5289; x_wconf 91' lang='lat' dir='ltr'><strong>de</strong></span> <span class='ocrx_word' id='word_1_428' title='bbox 1117 5235 1186 5290; x_wconf 84' lang='lat' dir='ltr'><strong>iis</strong></span> <span class='ocrx_word' id='word_1_429' title='bbox 1209 5251 1331 5307; x_wconf 71' lang='lat' dir='ltr'><strong>qua:</strong></span> <span class='ocrx_word' id='word_1_430' title='bbox 1355 5238 1496 5295; x_wconf 79' lang='lat' dir='ltr'><strong>facta</strong></span> <span class='ocrx_word' id='word_1_431' title='bbox 1515 5251 1664 5297; x_wconf 86' lang='lat' dir='ltr'><strong>sunt.</strong></span> <span class='ocrx_word' id='word_1_432' title='bbox 1693 5243 1774 5299; x_wconf 90' lang='lat' dir='ltr'><strong>Tu</strong></span> <span class='ocrx_word' id='word_1_433' title='bbox 1795 5261 1856 5302; x_wconf 88' lang='lat' dir='ltr'><strong>es</strong></span> 
     </span>
    </p>
   </div>
   <div class='ocr_carea' id='block_1_55' title="bbox 237 5319 1854 5404">
    <p class='ocr_par' dir='ltr' id='par_1_55' title="bbox 237 5319 1854 5404">
     <span class='ocr_line' id='line_1_55' title="bbox 237 5319 1854 5404; baseline 0.012 -31"><span class='ocrx_word' id='word_1_434' title='bbox 237 5321 380 5376; x_wconf 89' lang='lat' dir='ltr'><strong>enim</strong></span> <span class='ocrx_word' id='word_1_435' title='bbox 401 5319 697 5392; x_wconf 83' lang='lat' dir='ltr'><strong>gloriosus,</strong></span> <span class='ocrx_word' id='word_1_436' title='bbox 720 5337 966 5394; x_wconf 85' lang='lat' dir='ltr'><strong>magnus,</strong></span> <span class='ocrx_word' id='word_1_437' title='bbox 989 5335 1041 5381; x_wconf 88' lang='lat' dir='ltr'><strong>et</strong></span> <span class='ocrx_word' id='word_1_438' title='bbox 1063 5333 1218 5396; x_wconf 86' lang='lat' dir='ltr'><strong>potes</strong></span> <span class='ocrx_word' id='word_1_439' title='bbox 1248 5327 1367 5384; x_wconf 66' lang='lat' dir='ltr'><strong>haec</strong></span> <span class='ocrx_word' id='word_1_440' title='bbox 1382 5332 1674 5404; x_wconf 74' lang='lat' dir='ltr'><strong>corrigere.</strong></span> <span class='ocrx_word' id='word_1_441' title='bbox 1707 5334 1854 5401; x_wconf 81' lang='lat' dir='ltr'><strong>Quo-</strong></span> 
     </span>
    </p>
   </div>
   <div class='ocr_carea' id='block_1_56' title="bbox 237 5413 1851 5494">
    <p class='ocr_par' dir='ltr' id='par_1_56' title="bbox 237 5413 1851 5494">
     <span class='ocr_line' id='line_1_56' title="bbox 237 5413 1851 5494; baseline 0.011 -29"><span class='ocrx_word' id='word_1_442' title='bbox 237 5413 376 5467; x_wconf 76' lang='lat' dir='ltr'><strong>niam</strong></span> <span class='ocrx_word' id='word_1_443' title='bbox 405 5429 464 5469; x_wconf 91' lang='lat' dir='ltr'><strong>os</strong></span> <span class='ocrx_word' id='word_1_444' title='bbox 492 5414 801 5482; x_wconf 84' lang='lat' dir='ltr'><strong>peccatoris,</strong></span> <span class='ocrx_word' id='word_1_445' title='bbox 829 5425 877 5469; x_wconf 88' lang='lat' dir='ltr'><strong>et</strong></span> <span class='ocrx_word' id='word_1_446' title='bbox 901 5433 957 5472; x_wconf 88' lang='lat' dir='ltr'><strong>os</strong></span> <span class='ocrx_word' id='word_1_447' title='bbox 987 5417 1154 5473; x_wconf 83' lang='lat' dir='ltr'><strong>dolosi</strong></span> <span class='ocrx_word' id='word_1_448' title='bbox 1199 5435 1353 5490; x_wconf 82' lang='lat' dir='ltr'><strong>super</strong></span> <span class='ocrx_word' id='word_1_449' title='bbox 1381 5438 1461 5477; x_wconf 89' lang='lat' dir='ltr'><strong>me</strong></span> <span class='ocrx_word' id='word_1_450' title='bbox 1482 5434 1718 5494; x_wconf 83' lang='lat' dir='ltr'><strong>apertum</strong></span> <span class='ocrx_word' id='word_1_451' title='bbox 1757 5439 1851 5484; x_wconf 87' lang='lat' dir='ltr'><strong>est.</strong></span> 
     </span>
    </p>
   </div>
   <div class='ocr_carea' id='block_1_57' title="bbox 238 5501 1856 5580">
    <p class='ocr_par' dir='ltr' id='par_1_57' title="bbox 238 5501 1856 5580">
     <span class='ocr_line' id='line_1_57' title="bbox 238 5501 1856 5580; baseline 0.012 -25"><span class='ocrx_word' id='word_1_452' title='bbox 238 5501 462 5575; x_wconf 73' lang='lat' dir='ltr'><strong>Loquuti</strong></span> <span class='ocrx_word' id='word_1_453' title='bbox 488 5513 608 5558; x_wconf 84' lang='lat' dir='ltr'><strong>sunt</strong></span> <span class='ocrx_word' id='word_1_454' title='bbox 633 5505 906 5560; x_wconf 82' lang='lat' dir='ltr'><strong>adversum</strong></span> <span class='ocrx_word' id='word_1_455' title='bbox 932 5523 1015 5562; x_wconf 84' lang='lat' dir='ltr'><strong>me</strong></span> <span class='ocrx_word' id='word_1_456' title='bbox 1035 5508 1214 5580; x_wconf 81' lang='lat' dir='ltr'><strong>lingua</strong></span> <span class='ocrx_word' id='word_1_457' title='bbox 1241 5510 1441 5578; x_wconf 88' lang='lat' dir='ltr'><strong>dolosa,</strong></span> <span class='ocrx_word' id='word_1_458' title='bbox 1467 5525 1515 5568; x_wconf 86' lang='lat' dir='ltr'><strong>et</strong></span> <span class='ocrx_word' id='word_1_459' title='bbox 1531 5518 1856 5576; x_wconf 81' lang='lat' dir='ltr'><strong>sermonibus</strong></span> 
     </span>
    </p>
   </div>
   <div class='ocr_carea' id='block_1_58' title="bbox 237 5599 1853 5684">
    <p class='ocr_par' dir='ltr' id='par_1_58' title="bbox 237 5599 1853 5684">
     <span class='ocr_line' id='line_1_58' title="bbox 237 5599 1853 5684; baseline 0.014 -32"><span class='ocrx_word' id='word_1_460' title='bbox 237 5599 338 5653; x_wconf 86' lang='lat' dir='ltr'><strong>odii</strong></span> <span class='ocrx_word' id='word_1_461' title='bbox 351 5600 802 5657; x_wconf 79' lang='lat' dir='ltr'><strong>circumdederunt</strong></span> <span class='ocrx_word' id='word_1_462' title='bbox 819 5620 916 5672; x_wconf 82' lang='lat' dir='ltr'><strong>me,</strong></span> <span class='ocrx_word' id='word_1_463' title='bbox 939 5614 988 5660; x_wconf 92' lang='lat' dir='ltr'><strong>et</strong></span> <span class='ocrx_word' id='word_1_464' title='bbox 1008 5621 1425 5679; x_wconf 71' lang='lat' dir='ltr'><strong>expugnaverunt</strong></span> <span class='ocrx_word' id='word_1_465' title='bbox 1446 5629 1526 5668; x_wconf 86' lang='lat' dir='ltr'><strong>me</strong></span> <span class='ocrx_word' id='word_1_466' title='bbox 1538 5616 1722 5684; x_wconf 86' lang='lat' dir='ltr'><strong>gratis.</strong></span> <span class='ocrx_word' id='word_1_467' title='bbox 1742 5615 1853 5674; x_wconf 85' lang='lat' dir='ltr'><strong>Pro</strong></span> 
     </span>
    </p>
   </div>
   <div class='ocr_carea' id='block_1_59' title="bbox 235 5691 1848 5773">
    <p class='ocr_par' dir='ltr' id='par_1_59' title="bbox 235 5691 1848 5773">
     <span class='ocr_line' id='line_1_59' title="bbox 235 5691 1848 5773; baseline 0.012 -29"><span class='ocrx_word' id='word_1_468' title='bbox 235 5706 290 5744; x_wconf 80' lang='lat' dir='ltr'><strong>eo</strong></span> <span class='ocrx_word' id='word_1_469' title='bbox 305 5700 358 5746; x_wconf 87' lang='lat' dir='ltr'><strong>ut</strong></span> <span class='ocrx_word' id='word_1_470' title='bbox 382 5708 465 5746; x_wconf 78' lang='lat' dir='ltr'><strong>ine</strong></span> <span class='ocrx_word' id='word_1_471' title='bbox 480 5691 774 5764; x_wconf 79' lang='lat' dir='ltr'><strong>diligerent,</strong></span> <span class='ocrx_word' id='word_1_472' title='bbox 793 5695 1122 5752; x_wconf 73' lang='lat' dir='ltr'><strong>detrahebant</strong></span> <span class='ocrx_word' id='word_1_473' title='bbox 1142 5700 1266 5753; x_wconf 86' lang='lat' dir='ltr'><strong>mihi</strong></span> <span class='ocrx_word' id='word_1_474' title='bbox 1283 5715 1302 5756; x_wconf 89' lang='lat'><strong><em>:</em></strong></span> <span class='ocrx_word' id='word_1_475' title='bbox 1319 5717 1410 5773; x_wconf 90' lang='lat' dir='ltr'><strong>ego</strong></span> <span class='ocrx_word' id='word_1_476' title='bbox 1425 5713 1598 5760; x_wconf 88' lang='lat' dir='ltr'><strong>autem</strong></span> <span class='ocrx_word' id='word_1_477' title='bbox 1617 5708 1848 5764; x_wconf 82' lang='lat' dir='ltr'><strong>orabam.</strong></span> 
     </span>
    </p>
   </div>
   <div class='ocr_carea' id='block_1_60' title="bbox 303 5780 1846 5866">
    <p class='ocr_par' dir='ltr' id='par_1_60' title="bbox 303 5780 1846 5866">
     <span class='ocr_line' id='line_1_60' title="bbox 303 5780 1846 5866; baseline 0.015 -29"><span class='ocrx_word' id='word_1_478' title='bbox 303 5780 531 5838; x_wconf 68' lang='lat' dir='ltr'><strong>Petram</strong></span> <span class='ocrx_word' id='word_1_479' title='bbox 561 5783 737 5840; x_wconf 81' lang='lat' dir='ltr'><strong>dedita</strong></span> <span class='ocrx_word' id='word_1_480' title='bbox 761 5802 916 5858; x_wconf 82' lang='lat' dir='ltr'><strong>opera</strong></span> <span class='ocrx_word' id='word_1_481' title='bbox 936 5792 1227 5861; x_wconf 84' lang='lat' dir='ltr'><strong>commissa,</strong></span> <span class='ocrx_word' id='word_1_482' title='bbox 1261 5796 1498 5866; x_wconf 80' lang='lat' dir='ltr'><strong>graviora</strong></span> <span class='ocrx_word' id='word_1_483' title='bbox 1519 5810 1734 5856; x_wconf 85' lang='lat' dir='ltr'><strong>sunt.-—-</strong></span> <span class='ocrx_word' id='word_1_484' title='bbox 1753 5802 1846 5859; x_wconf 78' lang='lat' dir='ltr'><strong>Vi-</strong></span> 
     </span>
    </p>
   </div>
   <div class='ocr_carea' id='block_1_61' title="bbox 1389 324 2456 385">
    <p class='ocr_par' dir='ltr' id='par_1_61' title="bbox 1389 324 2456 385">
     <span class='ocr_line' id='line_1_61' title="bbox 1389 324 2456 385; baseline -0.003 0"><span class='ocrx_word' id='word_1_485' title='bbox 1389 324 1759 385; x_wconf 78' lang='lat' dir='ltr'><strong>EXPOSITIO</strong></span> <span class='ocrx_word' id='word_1_486' title='bbox 1801 324 1866 380; x_wconf 87' lang='lat' dir='ltr'><strong>IN</strong></span> <span class='ocrx_word' id='word_1_487' title='bbox 1908 324 2238 384; x_wconf 76' lang='lat' dir='ltr'><strong>PSALMUM</strong></span> <span class='ocrx_word' id='word_1_488' title='bbox 2276 327 2456 383; x_wconf 85' lang='lat' dir='ltr'><strong>CVlll.</strong></span> 
     </span>
    </p>
   </div>
   <div class='ocr_carea' id='block_1_62' title="bbox 3495 335 3601 390">
    <p class='ocr_par' dir='ltr' id='par_1_62' title="bbox 3495 335 3601 390">
     <span class='ocr_line' id='line_1_62' title="bbox 3495 335 3601 390; baseline 0 -1"><span class='ocrx_word' id='word_1_489' title='bbox 3495 335 3601 390; x_wconf 65' lang='lat'><strong>262</strong></span> 
     </span>
    </p>
   </div>
   <div class='ocr_carea' id='block_1_63' title="bbox 1982 441 3602 514">
    <p class='ocr_par' dir='ltr' id='par_1_63' title="bbox 1982 441 3602 514">
     <span class='ocr_line' id='line_1_63' title="bbox 1982 441 3602 514; baseline 0.007 -19"><span class='ocrx_word' id='word_1_490' title='bbox 1982 441 2108 496; x_wconf 90' lang='lat' dir='ltr'><strong>disti</strong></span> <span class='ocrx_word' id='word_1_491' title='bbox 2142 443 2408 514; x_wconf 80' lang='lat' dir='ltr'><strong>insignem</strong></span> <span class='ocrx_word' id='word_1_492' title='bbox 2439 445 2882 514; x_wconf 81' lang='lat' dir='ltr'><strong>improbitatem?</strong></span> <span class='ocrx_word' id='word_1_493' title='bbox 2914 448 3091 503; x_wconf 90' lang='lat' dir='ltr'><strong>vidisti</strong></span> <span class='ocrx_word' id='word_1_494' title='bbox 3123 450 3439 505; x_wconf 88' lang='lat' dir='ltr'><strong>insidiarum</strong></span> <span class='ocrx_word' id='word_1_495' title='bbox 3471 466 3602 506; x_wconf 64' lang='grc' dir='ltr'>ςιηιη</span> 
     </span>
    </p>
   </div>
   <div class='ocr_carea' id='block_1_64' title="bbox 1980 533 3602 611">
    <p class='ocr_par' dir='ltr' id='par_1_64' title="bbox 1980 533 3602 611">
     <span class='ocr_line' id='line_1_64' title="bbox 1980 533 3602 611; baseline 0.008 -26"><span class='ocrx_word' id='word_1_496' title='bbox 1980 533 2382 601; x_wconf 83' lang='lat' dir='ltr'><strong>spirationem?</strong></span> <span class='ocrx_word' id='word_1_497' title='bbox 2432 537 2614 592; x_wconf 80' lang='lat' dir='ltr'><strong>vidisti</strong></span> <span class='ocrx_word' id='word_1_498' title='bbox 2663 539 2900 594; x_wconf 88' lang='lat' dir='ltr'><strong>studimn</strong></span> <span class='ocrx_word' id='word_1_499' title='bbox 2960 543 3432 611; x_wconf 72' lang='lat' dir='ltr'><strong>praemeditatum?</strong></span> <span class='ocrx_word' id='word_1_500' title='bbox 3488 546 3602 600; x_wconf 77' lang='lat' dir='ltr'><strong>lim:</strong></span> 
     </span>
    </p>
   </div>
   <div class='ocr_carea' id='block_1_65' title="bbox 1980 629 3599 705">
    <p class='ocr_par' dir='ltr' id='par_1_65' title="bbox 1980 629 3599 705">
     <span class='ocr_line' id='line_1_65' title="bbox 1980 629 3599 705; baseline 0.008 -24"><span class='ocrx_word' id='word_1_501' title='bbox 1980 629 2126 682; x_wconf 87' lang='lat' dir='ltr'><strong>enim</strong></span> <span class='ocrx_word' id='word_1_502' title='bbox 2159 629 2324 684; x_wconf 89' lang='lat' dir='ltr'><strong>Deum</strong></span> <span class='ocrx_word' id='word_1_503' title='bbox 2356 631 2590 686; x_wconf 77' lang='lat' dir='ltr'><strong>maxime</strong></span> <span class='ocrx_word' id='word_1_504' title='bbox 2620 632 2818 697; x_wconf 86' lang='lat' dir='ltr'><strong>irritat,</strong></span> <span class='ocrx_word' id='word_1_505' title='bbox 2849 636 3069 705; x_wconf 87' lang='lat' dir='ltr'><strong>quando</strong></span> <span class='ocrx_word' id='word_1_506' title='bbox 3104 638 3378 703; x_wconf 83' lang='lat' dir='ltr'><strong>consulto,</strong></span> <span class='ocrx_word' id='word_1_507' title='bbox 3419 638 3599 694; x_wconf 85' lang='lat' dir='ltr'><strong>dedita</strong></span> 
     </span>
    </p>
   </div>
   <div class='ocr_carea' id='block_1_66' title="bbox 1981 724 3601 797">
    <p class='ocr_par' dir='ltr' id='par_1_66' title="bbox 1981 724 3601 797">
     <span class='ocr_line' id='line_1_66' title="bbox 1981 724 3601 797; baseline 0.009 -22"><span class='ocrx_word' id='word_1_508' title='bbox 1981 735 2145 790; x_wconf 86' lang='lat' dir='ltr'><strong>opera</strong></span> <span class='ocrx_word' id='word_1_509' title='bbox 2172 736 2235 777; x_wconf 91' lang='lat' dir='ltr'><strong>ac</strong></span> <span class='ocrx_word' id='word_1_510' title='bbox 2265 726 2436 778; x_wconf 88' lang='lat' dir='ltr'><strong>multa</strong></span> <span class='ocrx_word' id='word_1_511' title='bbox 2471 724 2670 779; x_wconf 77' lang='lat' dir='ltr'><strong>tet-bna</strong></span> <span class='ocrx_word' id='word_1_512' title='bbox 2696 726 2765 780; x_wconf 91' lang='lat' dir='ltr'><strong>ab</strong></span> <span class='ocrx_word' id='word_1_513' title='bbox 2792 728 3052 797; x_wconf 80' lang='lat' dir='ltr'><strong>improbis</strong></span> <span class='ocrx_word' id='word_1_514' title='bbox 3079 731 3220 784; x_wconf 86' lang='lat' dir='ltr'><strong>mala</strong></span> <span class='ocrx_word' id='word_1_515' title='bbox 3257 731 3411 788; x_wconf 83' lang='lat' dir='ltr'><strong>ﬁunt.</strong></span> <span class='ocrx_word' id='word_1_516' title='bbox 3441 736 3601 789; x_wconf 73' lang='lat' dir='ltr'><strong>Aliud</strong></span> 
     </span>
    </p>
   </div>
   <div class='ocr_carea' id='block_1_67' title="bbox 1982 813 3603 890">
    <p class='ocr_par' dir='ltr' id='par_1_67' title="bbox 1982 813 3603 890">
     <span class='ocr_line' id='line_1_67' title="bbox 1982 813 3603 890; baseline 0.009 -25"><span class='ocrx_word' id='word_1_517' title='bbox 1982 813 2250 877; x_wconf 89' lang='lat' dir='ltr'><strong>estenim,</strong></span> <span class='ocrx_word' id='word_1_518' title='bbox 2274 828 2397 869; x_wconf 89' lang='lat' dir='ltr'><strong>cum</strong></span> <span class='ocrx_word' id='word_1_519' title='bbox 2415 817 2537 885; x_wconf 89' lang='lat' dir='ltr'><strong>quis</strong></span> <span class='ocrx_word' id='word_1_520' title='bbox 2557 815 2818 886; x_wconf 87' lang='lat' dir='ltr'><strong>deceptus</strong></span> <span class='ocrx_word' id='word_1_521' title='bbox 2841 828 2896 873; x_wconf 92' lang='lat' dir='ltr'><strong>et</strong></span> <span class='ocrx_word' id='word_1_522' title='bbox 2911 819 3171 876; x_wconf 89' lang='lat' dir='ltr'><strong>seductus</strong></span> <span class='ocrx_word' id='word_1_523' title='bbox 3193 824 3426 890; x_wconf 87' lang='lat' dir='ltr'><strong>labitur;</strong></span> <span class='ocrx_word' id='word_1_524' title='bbox 3452 828 3603 880; x_wconf 87' lang='lat' dir='ltr'><strong>aliud</strong></span> 
     </span>
    </p>
   </div>
   <div class='ocr_carea' id='block_1_68' title="bbox 1982 904 3605 980">
    <p class='ocr_par' dir='ltr' id='par_1_68' title="bbox 1982 904 3605 980">
     <span class='ocr_line' id='line_1_68' title="bbox 1982 904 3605 980; baseline 0.009 -24"><span class='ocrx_word' id='word_1_525' title='bbox 1982 917 2104 957; x_wconf 90' lang='lat' dir='ltr'><strong>cum</strong></span> <span class='ocrx_word' id='word_1_526' title='bbox 2134 904 2256 973; x_wconf 87' lang='lat' dir='ltr'><strong>quis</strong></span> <span class='ocrx_word' id='word_1_527' title='bbox 2284 907 2471 960; x_wconf 90' lang='lat' dir='ltr'><strong>vitium</strong></span> <span class='ocrx_word' id='word_1_528' title='bbox 2516 918 2573 962; x_wconf 91' lang='lat' dir='ltr'><strong>et</strong></span> <span class='ocrx_word' id='word_1_529' title='bbox 2620 908 3022 977; x_wconf 85' lang='lat' dir='ltr'><strong>improbitatem</strong></span> <span class='ocrx_word' id='word_1_530' title='bbox 3063 925 3314 980; x_wconf 76' lang='lat' dir='ltr'><strong>exercet;</strong></span> <span class='ocrx_word' id='word_1_531' title='bbox 3359 925 3415 971; x_wconf 91' lang='lat' dir='ltr'><strong>et</strong></span> <span class='ocrx_word' id='word_1_532' title='bbox 3456 918 3605 972; x_wconf 82' lang='lat' dir='ltr'><strong>aliud</strong></span> 
     </span>
    </p>
   </div>
   <div class='ocr_carea' id='block_1_69' title="bbox 1982 996 3606 1078">
    <p class='ocr_par' dir='ltr' id='par_1_69' title="bbox 1982 996 3606 1078">
     <span class='ocr_line' id='line_1_69' title="bbox 1982 996 3606 1078; baseline 0.01 -30"><span class='ocrx_word' id='word_1_533' title='bbox 1982 1009 2190 1060; x_wconf 89' lang='lat' dir='ltr'><strong>rursus,</strong></span> <span class='ocrx_word' id='word_1_534' title='bbox 2213 996 2457 1066; x_wconf 84' lang='lat' dir='ltr'><strong>quodest</strong></span> <span class='ocrx_word' id='word_1_535' title='bbox 2473 1001 2678 1055; x_wconf 87' lang='lat' dir='ltr'><strong>crimen</strong></span> <span class='ocrx_word' id='word_1_536' title='bbox 2697 1001 3017 1069; x_wconf 81' lang='lat' dir='ltr'><strong>maximum,</strong></span> <span class='ocrx_word' id='word_1_537' title='bbox 3041 1006 3259 1074; x_wconf 86' lang='lat' dir='ltr'><strong>quando</strong></span> <span class='ocrx_word' id='word_1_538' title='bbox 3279 1021 3340 1062; x_wconf 89' lang='lat' dir='ltr'><strong>se</strong></span> <span class='ocrx_word' id='word_1_539' title='bbox 3357 1007 3606 1078; x_wconf 83' lang='lat' dir='ltr'><strong>improbe</strong></span> 
     </span>
    </p>
   </div>
   <div class='ocr_carea' id='block_1_70' title="bbox 1981 1088 3597 1166">
    <p class='ocr_par' dir='ltr' id='par_1_70' title="bbox 1981 1088 3597 1166">
     <span class='ocr_line' id='line_1_70' title="bbox 1981 1088 3597 1166; baseline 0.009 -26"><span class='ocrx_word' id='word_1_540' title='bbox 1981 1098 2176 1156; x_wconf 81' lang='lat' dir='ltr'><strong>gerunt</strong></span> <span class='ocrx_word' id='word_1_541' title='bbox 2217 1088 2271 1142; x_wconf 93' lang='lat' dir='ltr'><strong>in</strong></span> <span class='ocrx_word' id='word_1_542' title='bbox 2305 1104 2431 1145; x_wconf 90' lang='lat' dir='ltr'><strong>eum</strong></span> <span class='ocrx_word' id='word_1_543' title='bbox 2462 1091 2553 1162; x_wconf 91' lang='lat' dir='ltr'><strong>qui</strong></span> <span class='ocrx_word' id='word_1_544' title='bbox 2587 1108 2693 1146; x_wconf 87' lang='lat' dir='ltr'><strong>non</strong></span> <span class='ocrx_word' id='word_1_545' title='bbox 2717 1103 2802 1147; x_wconf 84' lang='lat' dir='ltr'><strong>est</strong></span> <span class='ocrx_word' id='word_1_546' title='bbox 2830 1094 3129 1164; x_wconf 88' lang='lat' dir='ltr'><strong>improbus.</strong></span> <span class='ocrx_word' id='word_1_547' title='bbox 3163 1097 3404 1154; x_wconf 86' lang='lat' dir='ltr'><strong>Dieeudo</strong></span> <span class='ocrx_word' id='word_1_548' title='bbox 3430 1103 3597 1166; x_wconf 87' lang='lat' dir='ltr'><strong>euim,</strong></span> 
     </span>
    </p>
   </div>
   <div class='ocr_carea' id='block_1_71' title="bbox 1985 1177 3604 1256">
    <p class='ocr_par' dir='ltr' id='par_1_71' title="bbox 1985 1177 3604 1256">
     <span class='ocr_line' id='line_1_71' title="bbox 1985 1177 3604 1256; baseline 0.012 -26"><span class='ocrx_word' id='word_1_549' title='bbox 1985 1177 2094 1233; x_wconf 87' lang='lat' dir='ltr'><strong>Pro</strong></span> <span class='ocrx_word' id='word_1_550' title='bbox 2117 1196 2178 1234; x_wconf 88' lang='lat' dir='ltr'><strong>eo</strong></span> <span class='ocrx_word' id='word_1_551' title='bbox 2208 1189 2262 1233; x_wconf 89' lang='lat' dir='ltr'><strong>ut</strong></span> <span class='ocrx_word' id='word_1_552' title='bbox 2290 1198 2370 1236; x_wconf 88' lang='lat' dir='ltr'><strong>me</strong></span> <span class='ocrx_word' id='word_1_553' title='bbox 2390 1181 2698 1254; x_wconf 85' lang='lat' dir='ltr'><strong>diligerent,</strong></span> <span class='ocrx_word' id='word_1_554' title='bbox 2727 1184 3065 1242; x_wconf 86' lang='lat' dir='ltr'><strong>detrahebant</strong></span> <span class='ocrx_word' id='word_1_555' title='bbox 3099 1189 3248 1256; x_wconf 76' lang='lat' dir='ltr'><strong>mihi,</strong></span> <span class='ocrx_word' id='word_1_556' title='bbox 3292 1191 3427 1246; x_wconf 89' lang='lat' dir='ltr'><strong>nihil</strong></span> <span class='ocrx_word' id='word_1_557' title='bbox 3453 1193 3604 1250; x_wconf 77' lang='lat' dir='ltr'><strong>aliud</strong></span> 
     </span>
    </p>
   </div>
   <div class='ocr_carea' id='block_1_72' title="bbox 1981 1269 3609 1354">
    <p class='ocr_par' dir='ltr' id='par_1_72' title="bbox 1981 1269 3609 1354">
     <span class='ocr_line' id='line_1_72' title="bbox 1981 1269 3609 1354; baseline 0.01 -30"><span class='ocrx_word' id='word_1_558' title='bbox 1981 1269 2272 1341; x_wconf 83' lang='lat' dir='ltr'><strong>signiﬁcat,</strong></span> <span class='ocrx_word' id='word_1_559' title='bbox 2303 1288 2464 1343; x_wconf 88' lang='lat' dir='ltr'><strong>quam</strong></span> <span class='ocrx_word' id='word_1_560' title='bbox 2492 1289 2588 1329; x_wconf 91' lang='lat' dir='ltr'><strong>eos</strong></span> <span class='ocrx_word' id='word_1_561' title='bbox 2619 1275 2952 1333; x_wconf 81' lang='lat' dir='ltr'><strong>benefactori</strong></span> <span class='ocrx_word' id='word_1_562' title='bbox 2974 1319 2990 1342; x_wconf 89' lang='lat'><strong>,</strong></span> <span class='ocrx_word' id='word_1_563' title='bbox 3018 1290 3076 1334; x_wconf 92' lang='lat' dir='ltr'><strong>et</strong></span> <span class='ocrx_word' id='word_1_564' title='bbox 3100 1282 3153 1336; x_wconf 93' lang='lat' dir='ltr'><strong>ei</strong></span> <span class='ocrx_word' id='word_1_565' title='bbox 3179 1281 3272 1352; x_wconf 90' lang='lat' dir='ltr'><strong>qui</strong></span> <span class='ocrx_word' id='word_1_566' title='bbox 3298 1281 3495 1354; x_wconf 89' lang='lat' dir='ltr'><strong>dignus</strong></span> <span class='ocrx_word' id='word_1_567' title='bbox 3521 1294 3609 1341; x_wconf 83' lang='lat' dir='ltr'><strong>est</strong></span> 
     </span>
    </p>
   </div>
   <div class='ocr_carea' id='block_1_73' title="bbox 1980 1363 3604 1452">
    <p class='ocr_par' dir='ltr' id='par_1_73' title="bbox 1980 1363 3604 1452">
     <span class='ocr_line' id='line_1_73' title="bbox 1980 1363 3604 1452; baseline 0.008 -36"><span class='ocrx_word' id='word_1_568' title='bbox 1980 1363 2172 1427; x_wconf 88' lang='lat' dir='ltr'><strong>amari,</strong></span> <span class='ocrx_word' id='word_1_569' title='bbox 2199 1372 2257 1419; x_wconf 91' lang='lat' dir='ltr'><strong>et</strong></span> <span class='ocrx_word' id='word_1_570' title='bbox 2280 1364 2479 1420; x_wconf 88' lang='lat' dir='ltr'><strong>bonam</strong></span> <span class='ocrx_word' id='word_1_571' title='bbox 2499 1370 2999 1426; x_wconf 86' lang='lat' dir='ltr'><strong>remunerationem</strong></span> <span class='ocrx_word' id='word_1_572' title='bbox 3017 1376 3303 1444; x_wconf 80' lang='lat' dir='ltr'><strong>consequi,</strong></span> <span class='ocrx_word' id='word_1_573' title='bbox 3327 1379 3604 1452; x_wconf 73' lang='lat' dir='ltr'><strong>contraria</strong></span> 
     </span>
    </p>
   </div>
   <div class='ocr_carea' id='block_1_74' title="bbox 1982 1454 3606 1538">
    <p class='ocr_par' dir='ltr' id='par_1_74' title="bbox 1982 1454 3606 1538">
     <span class='ocr_line' id='line_1_74' title="bbox 1982 1454 3606 1538; baseline 0.009 -30"><span class='ocrx_word' id='word_1_574' title='bbox 1982 1454 2304 1524; x_wconf 91' lang='lat' dir='ltr'><strong>rependere.</strong></span> <span class='ocrx_word' id='word_1_575' title='bbox 2337 1457 2451 1528; x_wconf 84' lang='lat' dir='ltr'><strong>Ego</strong></span> <span class='ocrx_word' id='word_1_576' title='bbox 2478 1467 2648 1512; x_wconf 84' lang='lat' dir='ltr'><strong>autem</strong></span> <span class='ocrx_word' id='word_1_577' title='bbox 2678 1460 2909 1514; x_wconf 86' lang='lat' dir='ltr'><strong>orabam.</strong></span> <span class='ocrx_word' id='word_1_578' title='bbox 2935 1461 3132 1519; x_wconf 79' lang='lat' dir='ltr'><strong>Vidisti</strong></span> <span class='ocrx_word' id='word_1_579' title='bbox 3162 1465 3606 1538; x_wconf 78' lang='lat' dir='ltr'><strong>philosophiam?</strong></span> 
     </span>
    </p>
   </div>
   <div class='ocr_carea' id='block_1_75' title="bbox 1985 1546 3609 1616">
    <p class='ocr_par' dir='ltr' id='par_1_75' title="bbox 1985 1546 3609 1616">
     <span class='ocr_line' id='line_1_75' title="bbox 1985 1546 3609 1616; baseline 0.01 -16"><span class='ocrx_word' id='word_1_580' title='bbox 1985 1546 2165 1602; x_wconf 83' lang='lat' dir='ltr'><strong>vidisti</strong></span> <span class='ocrx_word' id='word_1_581' title='bbox 2216 1550 2690 1606; x_wconf 83' lang='lat' dir='ltr'><strong>moderationem?</strong></span> <span class='ocrx_word' id='word_1_582' title='bbox 2738 1552 2920 1609; x_wconf 86' lang='lat' dir='ltr'><strong>vidisti</strong></span> <span class='ocrx_word' id='word_1_583' title='bbox 2969 1558 3482 1616; x_wconf 78' lang='lat' dir='ltr'><strong>mansuetudinem?</strong></span> <span class='ocrx_word' id='word_1_584' title='bbox 3529 1563 3609 1616; x_wconf 82' lang='lat' dir='ltr'><strong>vi-</strong></span> 
     </span>
    </p>
   </div>
   <div class='ocr_carea' id='block_1_76' title="bbox 1981 1638 3608 1723">
    <p class='ocr_par' dir='ltr' id='par_1_76' title="bbox 1981 1638 3608 1723">
     <span class='ocr_line' id='line_1_76' title="bbox 1981 1638 3608 1723; baseline 0.012 -30"><span class='ocrx_word' id='word_1_585' title='bbox 1981 1638 2113 1694; x_wconf 91' lang='lat' dir='ltr'><strong>disti</strong></span> <span class='ocrx_word' id='word_1_586' title='bbox 2157 1640 2355 1697; x_wconf 66' lang='lat' dir='ltr'><strong>animas</strong></span> <span class='ocrx_word' id='word_1_587' title='bbox 2404 1643 2697 1713; x_wconf 81' lang='lat' dir='ltr'><strong>pietatem?</strong></span> <span class='ocrx_word' id='word_1_588' title='bbox 2744 1645 2864 1701; x_wconf 85' lang='lat' dir='ltr'><strong>Non</strong></span> <span class='ocrx_word' id='word_1_589' title='bbox 2915 1650 3193 1718; x_wconf 90' lang='lat' dir='ltr'><strong>armabar,</strong></span> <span class='ocrx_word' id='word_1_590' title='bbox 3248 1652 3454 1723; x_wconf 90' lang='lat' dir='ltr'><strong>inquit,</strong></span> <span class='ocrx_word' id='word_1_591' title='bbox 3506 1671 3608 1712; x_wconf 85' lang='lat' dir='ltr'><strong>nec</strong></span> 
     </span>
    </p>
   </div>
   <div class='ocr_carea' id='block_1_77' title="bbox 1980 1734 3605 1818">
    <p class='ocr_par' dir='ltr' id='par_1_77' title="bbox 1980 1734 3605 1818">
     <span class='ocr_line' id='line_1_77' title="bbox 1980 1734 3605 1818; baseline 0.012 -33"><span class='ocrx_word' id='word_1_592' title='bbox 1980 1738 2171 1786; x_wconf 85' lang='lat' dir='ltr'><strong>contra</strong></span> <span class='ocrx_word' id='word_1_593' title='bbox 2192 1747 2316 1788; x_wconf 89' lang='lat' dir='ltr'><strong>eum</strong></span> <span class='ocrx_word' id='word_1_594' title='bbox 2334 1734 2505 1790; x_wconf 90' lang='lat' dir='ltr'><strong>aciem</strong></span> <span class='ocrx_word' id='word_1_595' title='bbox 2529 1736 2862 1794; x_wconf 87' lang='lat' dir='ltr'><strong>instruebam</strong></span> <span class='ocrx_word' id='word_1_596' title='bbox 2881 1755 2896 1805; x_wconf 90' lang='lat'><strong>;</strong></span> <span class='ocrx_word' id='word_1_597' title='bbox 2924 1739 3022 1796; x_wconf 89' lang='lat' dir='ltr'><strong>sed</strong></span> <span class='ocrx_word' id='word_1_598' title='bbox 3043 1742 3109 1796; x_wconf 86' lang='lat' dir='ltr'><strong>ad</strong></span> <span class='ocrx_word' id='word_1_599' title='bbox 3135 1751 3189 1799; x_wconf 92' lang='lat' dir='ltr'><strong>te</strong></span> <span class='ocrx_word' id='word_1_600' title='bbox 3201 1745 3605 1818; x_wconf 82' lang='lat' dir='ltr'><strong>conlugiebam,</strong></span> 
     </span>
    </p>
   </div>
   <div class='ocr_carea' id='block_1_78' title="bbox 1981 1823 3606 1905">
    <p class='ocr_par' dir='ltr' id='par_1_78' title="bbox 1981 1823 3606 1905">
     <span class='ocr_line' id='line_1_78' title="bbox 1981 1823 3606 1905; baseline 0.011 -29"><span class='ocrx_word' id='word_1_601' title='bbox 1981 1829 2131 1877; x_wconf 84' lang='lat' dir='ltr'><strong>tuum</strong></span> <span class='ocrx_word' id='word_1_602' title='bbox 2173 1823 2533 1894; x_wconf 87' lang='lat' dir='ltr'><strong>implorabam</strong></span> <span class='ocrx_word' id='word_1_603' title='bbox 2581 1829 2880 1893; x_wconf 77' lang='lat' dir='ltr'><strong>auxilium.</strong></span> <span class='ocrx_word' id='word_1_604' title='bbox 2913 1840 3060 1888; x_wconf 91' lang='lat' dir='ltr'><strong>tuam</strong></span> <span class='ocrx_word' id='word_1_605' title='bbox 3098 1849 3291 1905; x_wconf 90' lang='lat' dir='ltr'><strong>opem,</strong></span> <span class='ocrx_word' id='word_1_606' title='bbox 3333 1853 3482 1895; x_wconf 88' lang='lat' dir='ltr'><strong>arma</strong></span> <span class='ocrx_word' id='word_1_607' title='bbox 3516 1850 3606 1896; x_wconf 88' lang='lat' dir='ltr'><strong>tua</strong></span> 
     </span>
    </p>
   </div>
   <div class='ocr_carea' id='block_1_79' title="bbox 1982 1914 3608 1996">
    <p class='ocr_par' dir='ltr' id='par_1_79' title="bbox 1982 1914 3608 1996">
     <span class='ocr_line' id='line_1_79' title="bbox 1982 1914 3608 1996; baseline 0.014 -29"><span class='ocrx_word' id='word_1_608' title='bbox 1982 1914 2388 1985; x_wconf 89' lang='lat' dir='ltr'><strong>potentissima,</strong></span> <span class='ocrx_word' id='word_1_609' title='bbox 2413 1926 2566 1973; x_wconf 90' lang='lat' dir='ltr'><strong>tuum</strong></span> <span class='ocrx_word' id='word_1_610' title='bbox 2595 1919 3018 1992; x_wconf 81' lang='lat' dir='ltr'><strong>inexpugnabile</strong></span> <span class='ocrx_word' id='word_1_611' title='bbox 3039 1927 3376 1996; x_wconf 73' lang='lat' dir='ltr'><strong>prmsidium.</strong></span> <span class='ocrx_word' id='word_1_612' title='bbox 3402 1932 3608 1991; x_wconf 80' lang='lat' dir='ltr'><strong>Deinde</strong></span> 
     </span>
    </p>
   </div>
   <div class='ocr_carea' id='block_1_80' title="bbox 1982 2005 3607 2090">
    <p class='ocr_par' dir='ltr' id='par_1_80' title="bbox 1982 2005 3607 2090">
     <span class='ocr_line' id='line_1_80' title="bbox 1982 2005 3607 2090; baseline 0.016 -32"><span class='ocrx_word' id='word_1_613' title='bbox 1982 2018 2105 2059; x_wconf 85' lang='lat' dir='ltr'><strong>cum</strong></span> <span class='ocrx_word' id='word_1_614' title='bbox 2131 2005 2202 2062; x_wconf 91' lang='lat' dir='ltr'><strong>de</strong></span> <span class='ocrx_word' id='word_1_615' title='bbox 2230 2005 2369 2064; x_wconf 78' lang='lat' dir='ltr'><strong>Juda</strong></span> <span class='ocrx_word' id='word_1_616' title='bbox 2402 2008 2648 2080; x_wconf 76' lang='lat' dir='ltr'><strong>dixisset,</strong></span> <span class='ocrx_word' id='word_1_617' title='bbox 2679 2015 2955 2083; x_wconf 92' lang='lat' dir='ltr'><strong>quomodo</strong></span> <span class='ocrx_word' id='word_1_618' title='bbox 2983 2018 3228 2090; x_wconf 88' lang='lat' dir='ltr'><strong>seipsum</strong></span> <span class='ocrx_word' id='word_1_619' title='bbox 3261 2033 3444 2082; x_wconf 90' lang='lat' dir='ltr'><strong>morte</strong></span> <span class='ocrx_word' id='word_1_620' title='bbox 3471 2043 3607 2082; x_wconf 84' lang='lat' dir='ltr'><strong>con-</strong></span> 
     </span>
    </p>
   </div>
   <div class='ocr_carea' id='block_1_81' title="bbox 1981 2097 3602 2182">
    <p class='ocr_par' dir='ltr' id='par_1_81' title="bbox 1981 2097 3602 2182">
     <span class='ocr_line' id='line_1_81' title="bbox 1981 2097 3602 2182; baseline 0.014 -30"><span class='ocrx_word' id='word_1_621' title='bbox 1981 2097 2298 2168; x_wconf 86' lang='lat' dir='ltr'><strong>demnavit,</strong></span> <span class='ocrx_word' id='word_1_622' title='bbox 2350 2104 2630 2174; x_wconf 89' lang='lat' dir='ltr'><strong>quomodo</strong></span> <span class='ocrx_word' id='word_1_623' title='bbox 2675 2105 2938 2163; x_wconf 89' lang='lat' dir='ltr'><strong>adversus</strong></span> <span class='ocrx_word' id='word_1_624' title='bbox 2987 2112 3231 2182; x_wconf 90' lang='lat' dir='ltr'><strong>seipsum</strong></span> <span class='ocrx_word' id='word_1_625' title='bbox 3275 2120 3602 2174; x_wconf 84' lang='lat' dir='ltr'><strong>sententiam</strong></span> 
     </span>
    </p>
   </div>
   <div class='ocr_carea' id='block_1_82' title="bbox 1982 2190 3606 2282">
    <p class='ocr_par' dir='ltr' id='par_1_82' title="bbox 1982 2190 3606 2282">
     <span class='ocr_line' id='line_1_82' title="bbox 1982 2190 3606 2282; baseline 0.016 -40"><span class='ocrx_word' id='word_1_626' title='bbox 1982 2190 2125 2257; x_wconf 91' lang='lat' dir='ltr'><strong>tulit,</strong></span> <span class='ocrx_word' id='word_1_627' title='bbox 2156 2193 2434 2262; x_wconf 92' lang='lat' dir='ltr'><strong>quomodo</strong></span> <span class='ocrx_word' id='word_1_628' title='bbox 2479 2211 2540 2250; x_wconf 86' lang='lat' dir='ltr'><strong>se</strong></span> <span class='ocrx_word' id='word_1_629' title='bbox 2587 2200 2974 2268; x_wconf 86' lang='lat' dir='ltr'><strong>strangulavit,</strong></span> <span class='ocrx_word' id='word_1_630' title='bbox 3004 2207 3279 2274; x_wconf 89' lang='lat' dir='ltr'><strong>quomodo</strong></span> <span class='ocrx_word' id='word_1_631' title='bbox 3316 2208 3436 2280; x_wconf 90' lang='lat' dir='ltr'><strong>ejus</strong></span> <span class='ocrx_word' id='word_1_632' title='bbox 3479 2228 3606 2282; x_wconf 92' lang='lat' dir='ltr'><strong>apo-</strong></span> 
     </span>
    </p>
   </div>
   <div class='ocr_carea' id='block_1_83' title="bbox 1981 2281 3607 2375">
    <p class='ocr_par' dir='ltr' id='par_1_83' title="bbox 1981 2281 3607 2375">
     <span class='ocr_line' id='line_1_83' title="bbox 1981 2281 3607 2375; baseline 0.015 -39"><span class='ocrx_word' id='word_1_633' title='bbox 1981 2281 2213 2340; x_wconf 88' lang='lat' dir='ltr'><strong>stolatus</strong></span> <span class='ocrx_word' id='word_1_634' title='bbox 2241 2286 2530 2342; x_wconf 84' lang='lat' dir='ltr'><strong>translatus</strong></span> <span class='ocrx_word' id='word_1_635' title='bbox 2574 2297 2661 2344; x_wconf 90' lang='lat' dir='ltr'><strong>est</strong></span> <span class='ocrx_word' id='word_1_636' title='bbox 2700 2290 2752 2344; x_wconf 91' lang='lat' dir='ltr'><strong>in</strong></span> <span class='ocrx_word' id='word_1_637' title='bbox 2799 2292 2986 2359; x_wconf 90' lang='lat' dir='ltr'><strong>alium,</strong></span> <span class='ocrx_word' id='word_1_638' title='bbox 3029 2313 3216 2354; x_wconf 80' lang='lat' dir='ltr'><strong>rursus</strong></span> <span class='ocrx_word' id='word_1_639' title='bbox 3246 2301 3398 2371; x_wconf 87' lang='lat' dir='ltr'><strong>prius</strong></span> <span class='ocrx_word' id='word_1_640' title='bbox 3443 2281 3607 2375; x_wconf 83' lang='lat' dir='ltr'><strong>argu-</strong></span> 
     </span>
    </p>
   </div>
   <div class='ocr_carea' id='block_1_84' title="bbox 1981 2379 3606 2466">
    <p class='ocr_par' dir='ltr' id='par_1_84' title="bbox 1981 2379 3606 2466">
     <span class='ocr_line' id='line_1_84' title="bbox 1981 2379 3606 2466; baseline 0.017 -40"><span class='ocrx_word' id='word_1_641' title='bbox 1981 2383 2221 2466; x_wconf 70' lang='lat' dir='ltr'><strong>mentum</strong></span> <span class='ocrx_word' id='word_1_642' title='bbox 2255 2379 2616 2448; x_wconf 88' lang='lat' dir='ltr'><strong>persequitur.</strong></span> <span class='ocrx_word' id='word_1_643' title='bbox 2648 2380 2782 2437; x_wconf 89' lang='lat' dir='ltr'><strong>Nam</strong></span> <span class='ocrx_word' id='word_1_644' title='bbox 2807 2382 2925 2440; x_wconf 70' lang='lat' dir='ltr'><strong>haec</strong></span> <span class='ocrx_word' id='word_1_645' title='bbox 2949 2402 3167 2460; x_wconf 86' lang='lat' dir='ltr'><strong>quoque</strong></span> <span class='ocrx_word' id='word_1_646' title='bbox 3189 2403 3274 2447; x_wconf 91' lang='lat' dir='ltr'><strong>est</strong></span> <span class='ocrx_word' id='word_1_647' title='bbox 3299 2396 3606 2466; x_wconf 68' lang='lat' dir='ltr'><strong>prepln-tia:</strong></span> 
     </span>
    </p>
   </div>
   <div class='ocr_carea' id='block_1_85' title="bbox 1979 2465 3606 2553">
    <p class='ocr_par' dir='ltr' id='par_1_85' title="bbox 1979 2465 3606 2553">
     <span class='ocr_line' id='line_1_85' title="bbox 1979 2465 3606 2553; baseline 0.015 -35"><span class='ocrx_word' id='word_1_648' title='bbox 1979 2465 2211 2534; x_wconf 88' lang='lat' dir='ltr'><strong>species,</strong></span> <span class='ocrx_word' id='word_1_649' title='bbox 2244 2483 2552 2527; x_wconf 86' lang='lat' dir='ltr'><strong>sermonem</strong></span> <span class='ocrx_word' id='word_1_650' title='bbox 2590 2473 3015 2548; x_wconf 90' lang='lat' dir='ltr'><strong>interrumpere,</strong></span> <span class='ocrx_word' id='word_1_651' title='bbox 3063 2489 3120 2535; x_wconf 90' lang='lat' dir='ltr'><strong>et</strong></span> <span class='ocrx_word' id='word_1_652' title='bbox 3157 2465 3606 2553; x_wconf 15' lang='lat' dir='ltr'><strong>aliquamihistc-</strong></span> 
     </span>
    </p>
   </div>
   <div class='ocr_carea' id='block_1_86' title="bbox 1980 2557 3605 2646">
    <p class='ocr_par' dir='ltr' id='par_1_86' title="bbox 1980 2557 3605 2646">
     <span class='ocr_line' id='line_1_86' title="bbox 1980 2557 3605 2646; baseline 0.016 -36"><span class='ocrx_word' id='word_1_653' title='bbox 1980 2557 2114 2612; x_wconf 85' lang='lat' dir='ltr'><strong>riam</strong></span> <span class='ocrx_word' id='word_1_654' title='bbox 2159 2558 2404 2628; x_wconf 89' lang='lat' dir='ltr'><strong>injicere,</strong></span> <span class='ocrx_word' id='word_1_655' title='bbox 2434 2578 2607 2634; x_wconf 90' lang='lat' dir='ltr'><strong>eaque</strong></span> <span class='ocrx_word' id='word_1_656' title='bbox 2650 2570 2918 2623; x_wconf 85' lang='lat' dir='ltr'><strong>recensita</strong></span> <span class='ocrx_word' id='word_1_657' title='bbox 2960 2586 3150 2628; x_wconf 90' lang='lat' dir='ltr'><strong>rursus</strong></span> <span class='ocrx_word' id='word_1_658' title='bbox 3195 2575 3263 2629; x_wconf 89' lang='lat' dir='ltr'><strong>ad</strong></span> <span class='ocrx_word' id='word_1_659' title='bbox 3295 2579 3474 2646; x_wconf 91' lang='lat' dir='ltr'><strong>priora</strong></span> <span class='ocrx_word' id='word_1_660' title='bbox 3519 2597 3605 2636; x_wconf 90' lang='lat' dir='ltr'><strong>re-</strong></span> 
     </span>
    </p>
   </div>
   <div class='ocr_carea' id='block_1_87' title="bbox 1979 2649 3604 2740">
    <p class='ocr_par' dir='ltr' id='par_1_87' title="bbox 1979 2649 3604 2740">
     <span class='ocr_line' id='line_1_87' title="bbox 1979 2649 3604 2740; baseline 0.015 -38"><span class='ocrx_word' id='word_1_661' title='bbox 1979 2649 2135 2705; x_wconf 86' lang='lat' dir='ltr'><strong>verti.</strong></span> <span class='ocrx_word' id='word_1_662' title='bbox 2166 2650 2407 2708; x_wconf 84' lang='lat' dir='ltr'><strong>Obscura</strong></span> <span class='ocrx_word' id='word_1_663' title='bbox 2443 2666 2526 2711; x_wconf 91' lang='lat' dir='ltr'><strong>est</strong></span> <span class='ocrx_word' id='word_1_664' title='bbox 2552 2657 2699 2712; x_wconf 91' lang='lat' dir='ltr'><strong>enim</strong></span> <span class='ocrx_word' id='word_1_665' title='bbox 2734 2660 3016 2729; x_wconf 57' lang='lat' dir='ltr'><strong>prolibetia</strong></span> <span class='ocrx_word' id='word_1_666' title='bbox 3063 2675 3284 2735; x_wconf 90' lang='lat' dir='ltr'><strong>propter</strong></span> <span class='ocrx_word' id='word_1_667' title='bbox 3333 2667 3604 2740; x_wconf 86' lang='lat' dir='ltr'><strong>ingratum</strong></span> 
     </span>
    </p>
   </div>
   <div class='ocr_carea' id='block_1_88' title="bbox 1976 2741 3602 2830">
    <p class='ocr_par' dir='ltr' id='par_1_88' title="bbox 1976 2741 3602 2830">
     <span class='ocr_line' id='line_1_88' title="bbox 1976 2741 3602 2830; baseline 0.014 -34"><span class='ocrx_word' id='word_1_668' title='bbox 1976 2741 2289 2798; x_wconf 72' lang='lat' dir='ltr'><strong>Judaeorum</strong></span> <span class='ocrx_word' id='word_1_669' title='bbox 2336 2747 2600 2802; x_wconf 89' lang='lat' dir='ltr'><strong>animum.</strong></span> <span class='ocrx_word' id='word_1_670' title='bbox 2654 2748 2974 2807; x_wconf 79' lang='lat' dir='ltr'><strong>Subindicat</strong></span> <span class='ocrx_word' id='word_1_671' title='bbox 3008 2769 3160 2826; x_wconf 80' lang='lat' dir='ltr'><strong>ergo,</strong></span> <span class='ocrx_word' id='word_1_672' title='bbox 3197 2767 3252 2812; x_wconf 87' lang='lat' dir='ltr'><strong>ut</strong></span> <span class='ocrx_word' id='word_1_673' title='bbox 3299 2758 3411 2828; x_wconf 91' lang='lat' dir='ltr'><strong>jam</strong></span> <span class='ocrx_word' id='word_1_674' title='bbox 3457 2762 3602 2830; x_wconf 76' lang='lat' dir='ltr'><strong>dixi,</strong></span> 
     </span>
    </p>
   </div>
   <div class='ocr_carea' id='block_1_89' title="bbox 1973 2834 3600 2925">
    <p class='ocr_par' dir='ltr' id='par_1_89' title="bbox 1973 2834 3600 2925">
     <span class='ocr_line' id='line_1_89' title="bbox 1973 2834 3600 2925; baseline 0.014 -38"><span class='ocrx_word' id='word_1_675' title='bbox 1973 2834 2212 2904; x_wconf 82' lang='lat' dir='ltr'><strong>aliquem</strong></span> <span class='ocrx_word' id='word_1_676' title='bbox 2270 2837 2363 2906; x_wconf 92' lang='lat' dir='ltr'><strong>qui</strong></span> <span class='ocrx_word' id='word_1_677' title='bbox 2411 2839 2464 2894; x_wconf 93' lang='lat' dir='ltr'><strong>in</strong></span> <span class='ocrx_word' id='word_1_678' title='bbox 2519 2842 2880 2897; x_wconf 78' lang='lat' dir='ltr'><strong>sacerdotium</strong></span> <span class='ocrx_word' id='word_1_679' title='bbox 2939 2849 3148 2916; x_wconf 86' lang='lat' dir='ltr'><strong>paravit</strong></span> <span class='ocrx_word' id='word_1_680' title='bbox 3203 2851 3426 2907; x_wconf 85' lang='lat' dir='ltr'><strong>insidias</strong></span> <span class='ocrx_word' id='word_1_681' title='bbox 3475 2867 3600 2925; x_wconf 87' lang='lat' dir='ltr'><strong>post</strong></span> 
     </span>
    </p>
   </div>
   <div class='ocr_carea' id='block_1_90' title="bbox 1980 2931 3602 3009">
    <p class='ocr_par' dir='ltr' id='par_1_90' title="bbox 1980 2931 3602 3009">
     <span class='ocr_line' id='line_1_90' title="bbox 1980 2931 3602 3009; baseline 0.015 -30"><span class='ocrx_word' id='word_1_682' title='bbox 1980 2933 2194 2995; x_wconf 88' lang='lat' dir='ltr'><strong>tempus</strong></span> <span class='ocrx_word' id='word_1_683' title='bbox 2241 2931 2570 2986; x_wconf 81' lang='lat' dir='ltr'><strong>reversionis</strong></span> <span class='ocrx_word' id='word_1_684' title='bbox 2615 2949 2643 2986; x_wconf 88' lang='lat' dir='ltr'><strong>a</strong></span> <span class='ocrx_word' id='word_1_685' title='bbox 2673 2934 2951 3007; x_wconf 86' lang='lat' dir='ltr'><strong>Babylone</strong></span> <span class='ocrx_word' id='word_1_686' title='bbox 2996 2938 3096 3009; x_wconf 88' lang='lat' dir='ltr'><strong>(a).</strong></span> <span class='ocrx_word' id='word_1_687' title='bbox 3135 2940 3190 2996; x_wconf 92' lang='lat' dir='ltr'><strong>ld</strong></span> <span class='ocrx_word' id='word_1_688' title='bbox 3244 2955 3447 3000; x_wconf 86' lang='lat' dir='ltr'><strong>norunt</strong></span> <span class='ocrx_word' id='word_1_689' title='bbox 3483 2957 3602 3003; x_wconf 85' lang='lat' dir='ltr'><strong>stu-</strong></span> 
     </span>
    </p>
   </div>
   <div class='ocr_carea' id='block_1_91' title="bbox 1977 3017 3602 3106">
    <p class='ocr_par' dir='ltr' id='par_1_91' title="bbox 1977 3017 3602 3106">
     <span class='ocr_line' id='line_1_91' title="bbox 1977 3017 3602 3106; baseline 0.016 -36"><span class='ocrx_word' id='word_1_690' title='bbox 1977 3017 2156 3086; x_wconf 85' lang='lat' dir='ltr'><strong>diosi,</strong></span> <span class='ocrx_word' id='word_1_691' title='bbox 2197 3019 2288 3089; x_wconf 90' lang='lat' dir='ltr'><strong>qui</strong></span> <span class='ocrx_word' id='word_1_692' title='bbox 2321 3020 2603 3078; x_wconf 86' lang='lat' dir='ltr'><strong>historiam</strong></span> <span class='ocrx_word' id='word_1_693' title='bbox 2652 3024 2921 3097; x_wconf 81' lang='lat' dir='ltr'><strong>legerunt.</strong></span> <span class='ocrx_word' id='word_1_694' title='bbox 2949 3029 3020 3085; x_wconf 86' lang='lat' dir='ltr'><strong>Et</strong></span> <span class='ocrx_word' id='word_1_695' title='bbox 3044 3047 3175 3103; x_wconf 85' lang='lat' dir='ltr'><strong>ergo</strong></span> <span class='ocrx_word' id='word_1_696' title='bbox 3218 3050 3408 3106; x_wconf 85' lang='lat' dir='ltr'><strong>magna</strong></span> <span class='ocrx_word' id='word_1_697' title='bbox 3459 3041 3602 3096; x_wconf 86' lang='lat' dir='ltr'><strong>mala</strong></span> 
     </span>
    </p>
   </div>
   <div class='ocr_carea' id='block_1_92' title="bbox 1979 3110 3602 3189">
    <p class='ocr_par' dir='ltr' id='par_1_92' title="bbox 1979 3110 3602 3189">
     <span class='ocr_line' id='line_1_92' title="bbox 1979 3110 3602 3189; baseline 0.018 -30"><span class='ocrx_word' id='word_1_698' title='bbox 1979 3110 2240 3178; x_wconf 72' lang='lat' dir='ltr'><strong>praedicit,</strong></span> <span class='ocrx_word' id='word_1_699' title='bbox 2273 3127 2468 3183; x_wconf 85' lang='lat' dir='ltr'><strong>nempe</strong></span> <span class='ocrx_word' id='word_1_700' title='bbox 2496 3115 2734 3171; x_wconf 84' lang='lat' dir='ltr'><strong>futurum</strong></span> <span class='ocrx_word' id='word_1_701' title='bbox 2766 3129 2822 3174; x_wconf 93' lang='lat' dir='ltr'><strong>ut</strong></span> <span class='ocrx_word' id='word_1_702' title='bbox 2852 3122 2923 3176; x_wconf 89' lang='lat' dir='ltr'><strong>sit</strong></span> <span class='ocrx_word' id='word_1_703' title='bbox 2947 3125 3200 3182; x_wconf 85' lang='lat' dir='ltr'><strong>omnibus</strong></span> <span class='ocrx_word' id='word_1_704' title='bbox 3222 3128 3602 3189; x_wconf 74' lang='lat' dir='ltr'><strong>defensoribus</strong></span> 
     </span>
    </p>
   </div>
   <div class='ocr_carea' id='block_1_93' title="bbox 1976 3200 3605 3291">
    <p class='ocr_par' dir='ltr' id='par_1_93' title="bbox 1976 3200 3605 3291">
     <span class='ocr_line' id='line_1_93' title="bbox 1976 3200 3605 3291; baseline 0.017 -37"><span class='ocrx_word' id='word_1_705' title='bbox 1976 3200 2265 3258; x_wconf 85' lang='lat' dir='ltr'><strong>destitutus</strong></span> <span class='ocrx_word' id='word_1_706' title='bbox 2298 3222 2312 3256; x_wconf 84' lang='lat'><strong><em>:</em></strong></span> <span class='ocrx_word' id='word_1_707' title='bbox 2339 3214 2395 3259; x_wconf 89' lang='lat' dir='ltr'><strong>et</strong></span> <span class='ocrx_word' id='word_1_708' title='bbox 2421 3216 2574 3276; x_wconf 89' lang='lat' dir='ltr'><strong>rogat</strong></span> <span class='ocrx_word' id='word_1_709' title='bbox 2599 3217 2658 3262; x_wconf 92' lang='lat' dir='ltr'><strong>ut</strong></span> <span class='ocrx_word' id='word_1_710' title='bbox 2684 3212 2862 3266; x_wconf 90' lang='lat' dir='ltr'><strong>omnis</strong></span> <span class='ocrx_word' id='word_1_711' title='bbox 2887 3214 2936 3268; x_wconf 91' lang='lat' dir='ltr'><strong>ei</strong></span> <span class='ocrx_word' id='word_1_712' title='bbox 2967 3225 3158 3286; x_wconf 88' lang='lat' dir='ltr'><strong>portus</strong></span> <span class='ocrx_word' id='word_1_713' title='bbox 3184 3220 3516 3291; x_wconf 86' lang='lat' dir='ltr'><strong>obstruatur,</strong></span> <span class='ocrx_word' id='word_1_714' title='bbox 3546 3236 3605 3281; x_wconf 90' lang='lat' dir='ltr'><strong>et</strong></span> 
     </span>
    </p>
   </div>
   <div class='ocr_carea' id='block_1_94' title="bbox 1978 3292 3603 3381">
    <p class='ocr_par' dir='ltr' id='par_1_94' title="bbox 1978 3292 3603 3381">
     <span class='ocr_line' id='line_1_94' title="bbox 1978 3292 3603 3381; baseline 0.017 -36"><span class='ocrx_word' id='word_1_715' title='bbox 1978 3292 2180 3348; x_wconf 90' lang='lat' dir='ltr'><strong>nullam</strong></span> <span class='ocrx_word' id='word_1_716' title='bbox 2222 3306 2549 3366; x_wconf 87' lang='lat' dir='ltr'><strong>assequatur</strong></span> <span class='ocrx_word' id='word_1_717' title='bbox 2601 3298 3020 3371; x_wconf 87' lang='lat' dir='ltr'><strong>humanitatem,</strong></span> <span class='ocrx_word' id='word_1_718' title='bbox 3074 3307 3461 3381; x_wconf 88' lang='lat' dir='ltr'><strong>clementiam,</strong></span> <span class='ocrx_word' id='word_1_719' title='bbox 3508 3331 3603 3373; x_wconf 90' lang='lat' dir='ltr'><strong>aut</strong></span> 
     </span>
    </p>
   </div>
   <div class='ocr_carea' id='block_1_95' title="bbox 1974 3385 3601 3467">
    <p class='ocr_par' dir='ltr' id='par_1_95' title="bbox 1974 3385 3601 3467">
     <span class='ocr_line' id='line_1_95' title="bbox 1974 3385 3601 3467; baseline 0.019 -31"><span class='ocrx_word' id='word_1_720' title='bbox 1974 3385 2209 3440; x_wconf 88' lang='lat' dir='ltr'><strong>veniam.</strong></span> <span class='ocrx_word' id='word_1_721' title='bbox 2251 3387 2380 3444; x_wconf 70' lang='grc' dir='ltr'>Ιιιιιε</span> <span class='ocrx_word' id='word_1_722' title='bbox 2409 3397 2614 3457; x_wconf 89' lang='lat' dir='ltr'><strong>autem,</strong></span> <span class='ocrx_word' id='word_1_723' title='bbox 2649 3401 2708 3448; x_wconf 91' lang='lat' dir='ltr'><strong>ut</strong></span> <span class='ocrx_word' id='word_1_724' title='bbox 2757 3406 2885 3452; x_wconf 86' lang='lat' dir='ltr'><strong>ante</strong></span> <span class='ocrx_word' id='word_1_725' title='bbox 2911 3397 3024 3454; x_wconf 80' lang='lat' dir='ltr'><strong>dixi</strong></span> <span class='ocrx_word' id='word_1_726' title='bbox 3069 3409 3120 3455; x_wconf 90' lang='lat' dir='ltr'><strong>et</strong></span> <span class='ocrx_word' id='word_1_727' title='bbox 3153 3405 3374 3462; x_wconf 87' lang='lat' dir='ltr'><strong>assidue</strong></span> <span class='ocrx_word' id='word_1_728' title='bbox 3414 3408 3601 3467; x_wconf 88' lang='lat' dir='ltr'><strong>dicere</strong></span> 
     </span>
    </p>
   </div>
   <div class='ocr_carea' id='block_1_96' title="bbox 1973 3482 3596 3567">
    <p class='ocr_par' dir='ltr' id='par_1_96' title="bbox 1973 3482 3596 3567">
     <span class='ocr_line' id='line_1_96' title="bbox 1973 3482 3596 3567; baseline 0.015 -32"><span class='ocrx_word' id='word_1_729' title='bbox 1973 3495 2080 3536; x_wconf 93' lang='lat' dir='ltr'><strong>non</strong></span> <span class='ocrx_word' id='word_1_730' title='bbox 2109 3482 2337 3538; x_wconf 86' lang='lat' dir='ltr'><strong>cessabo</strong></span> <span class='ocrx_word' id='word_1_731' title='bbox 2358 3526 2372 3549; x_wconf 88' lang='lat'><strong>,</strong></span> <span class='ocrx_word' id='word_1_732' title='bbox 2402 3485 2656 3542; x_wconf 88' lang='lat' dir='ltr'><strong>videntur</strong></span> <span class='ocrx_word' id='word_1_733' title='bbox 2679 3489 2899 3559; x_wconf 88' lang='lat' dir='ltr'><strong>quidem</strong></span> <span class='ocrx_word' id='word_1_734' title='bbox 2931 3508 3053 3550; x_wconf 89' lang='lat' dir='ltr'><strong>esse</strong></span> <span class='ocrx_word' id='word_1_735' title='bbox 3081 3495 3430 3567; x_wconf 88' lang='lat' dir='ltr'><strong>imprecatio,</strong></span> <span class='ocrx_word' id='word_1_736' title='bbox 3465 3514 3596 3559; x_wconf 90' lang='lat' dir='ltr'><strong>sunt</strong></span> 
     </span>
    </p>
   </div>
   <div class='ocr_carea' id='block_1_97' title="bbox 1971 3576 3600 3658">
    <p class='ocr_par' dir='ltr' id='par_1_97' title="bbox 1971 3576 3600 3658">
     <span class='ocr_line' id='line_1_97' title="bbox 1971 3576 3600 3658; baseline 0.015 -30"><span class='ocrx_word' id='word_1_737' title='bbox 1971 3584 2154 3629; x_wconf 89' lang='lat' dir='ltr'><strong>autem</strong></span> <span class='ocrx_word' id='word_1_738' title='bbox 2200 3576 2506 3646; x_wconf 82' lang='lat' dir='ltr'><strong>prOphetia,</strong></span> <span class='ocrx_word' id='word_1_739' title='bbox 2538 3595 2660 3650; x_wconf 73' lang='lat' dir='ltr'><strong>qua:</strong></span> <span class='ocrx_word' id='word_1_740' title='bbox 2694 3583 2935 3641; x_wconf 89' lang='lat' dir='ltr'><strong>ostendit</strong></span> <span class='ocrx_word' id='word_1_741' title='bbox 2977 3591 3253 3658; x_wconf 89' lang='lat' dir='ltr'><strong>quomodo</strong></span> <span class='ocrx_word' id='word_1_742' title='bbox 3289 3592 3428 3649; x_wconf 88' lang='lat' dir='ltr'><strong>Deus</strong></span> <span class='ocrx_word' id='word_1_743' title='bbox 3473 3598 3600 3652; x_wconf 85' lang='lat' dir='ltr'><strong>irri-</strong></span> 
     </span>
    </p>
   </div>
   <div class='ocr_carea' id='block_1_98' title="bbox 1972 3670 3601 3746">
    <p class='ocr_par' dir='ltr' id='par_1_98' title="bbox 1972 3670 3601 3746">
     <span class='ocr_line' id='line_1_98' title="bbox 1972 3670 3601 3746; baseline 0.014 -25"><span class='ocrx_word' id='word_1_744' title='bbox 1972 3675 2139 3734; x_wconf 84' lang='lat' dir='ltr'><strong>tatur,</strong></span> <span class='ocrx_word' id='word_1_745' title='bbox 2193 3670 2414 3739; x_wconf 85' lang='lat' dir='ltr'><strong>quando</strong></span> <span class='ocrx_word' id='word_1_746' title='bbox 2457 3670 2670 3728; x_wconf 71' lang='lat' dir='ltr'><strong>iusidiaa</strong></span> <span class='ocrx_word' id='word_1_747' title='bbox 2724 3687 2984 3746; x_wconf 83' lang='lat' dir='ltr'><strong>parantur</strong></span> <span class='ocrx_word' id='word_1_748' title='bbox 3028 3683 3355 3740; x_wconf 87' lang='lat' dir='ltr'><strong>sacerdotio.</strong></span> <span class='ocrx_word' id='word_1_749' title='bbox 3394 3687 3601 3744; x_wconf 80' lang='lat' dir='ltr'><strong>Deinde</strong></span> 
     </span>
    </p>
   </div>
   <div class='ocr_carea' id='block_1_99' title="bbox 1971 3758 3600 3838">
    <p class='ocr_par' dir='ltr' id='par_1_99' title="bbox 1971 3758 3600 3838">
     <span class='ocr_line' id='line_1_99' title="bbox 1971 3758 3600 3838; baseline 0.015 -26"><span class='ocrx_word' id='word_1_750' title='bbox 1971 3758 2251 3830; x_wconf 85' lang='lat' dir='ltr'><strong>sigillatim</strong></span> <span class='ocrx_word' id='word_1_751' title='bbox 2297 3765 2642 3835; x_wconf 88' lang='lat' dir='ltr'><strong>persequitur</strong></span> <span class='ocrx_word' id='word_1_752' title='bbox 2670 3767 3039 3838; x_wconf 88' lang='lat' dir='ltr'><strong>calamitates,</strong></span> <span class='ocrx_word' id='word_1_753' title='bbox 3071 3783 3128 3828; x_wconf 91' lang='lat' dir='ltr'><strong>et</strong></span> <span class='ocrx_word' id='word_1_754' title='bbox 3161 3775 3293 3830; x_wconf 89' lang='lat' dir='ltr'><strong>dicit</strong></span> <span class='ocrx_word' id='word_1_755' title='bbox 3325 3796 3340 3832; x_wconf 89' lang='lat'><strong><em>:</em></strong></span> <span class='ocrx_word' id='word_1_756' title='bbox 3376 3781 3456 3834; x_wconf 86' lang='lat' dir='ltr'><strong>l6.</strong></span> <span class='ocrx_word' id='word_1_757' title='bbox 3488 3779 3600 3835; x_wconf 86' lang='lat' dir='ltr'><strong>Pro</strong></span> 
     </span>
    </p>
   </div>
   <div class='ocr_carea' id='block_1_100' title="bbox 1971 3853 3595 3932">
    <p class='ocr_par' dir='ltr' id='par_1_100' title="bbox 1971 3853 3595 3932">
     <span class='ocr_line' id='line_1_100' title="bbox 1971 3853 3595 3932; baseline 0.015 -28"><span class='ocrx_word' id='word_1_758' title='bbox 1971 3867 2031 3905; x_wconf 91' lang='lat' dir='ltr'><strong>eo</strong></span> <span class='ocrx_word' id='word_1_759' title='bbox 2060 3853 2200 3921; x_wconf 83' lang='lat' dir='ltr'><strong>quod</strong></span> <span class='ocrx_word' id='word_1_760' title='bbox 2229 3870 2334 3909; x_wconf 78' lang='lat' dir='ltr'><strong>non</strong></span> <span class='ocrx_word' id='word_1_761' title='bbox 2377 3865 2450 3910; x_wconf 85' lang='lat' dir='ltr'><strong>est</strong></span> <span class='ocrx_word' id='word_1_762' title='bbox 2478 3859 2776 3914; x_wconf 84' lang='lat' dir='ltr'><strong>recordatus</strong></span> <span class='ocrx_word' id='word_1_763' title='bbox 2815 3865 2988 3932; x_wconf 66' lang='lat' dir='ltr'><strong>facere</strong></span> <span class='ocrx_word' id='word_1_764' title='bbox 3029 3867 3456 3927; x_wconf 82' lang='lat' dir='ltr'><strong>misericordiam.</strong></span> <span class='ocrx_word' id='word_1_765' title='bbox 3505 3875 3595 3930; x_wconf 82' lang='lat' dir='ltr'><strong>l7.</strong></span> 
     </span>
    </p>
   </div>
   <div class='ocr_carea' id='block_1_101' title="bbox 1973 3941 3590 4031">
    <p class='ocr_par' dir='ltr' id='par_1_101' title="bbox 1973 3941 3590 4031">
     <span class='ocr_line' id='line_1_101' title="bbox 1973 3941 3590 4031; baseline 0.015 -35"><span class='ocrx_word' id='word_1_766' title='bbox 1973 3941 2043 3996; x_wconf 86' lang='lat' dir='ltr'><strong>Et</strong></span> <span class='ocrx_word' id='word_1_767' title='bbox 2085 3955 2422 4014; x_wconf 83' lang='lat' dir='ltr'><strong>persequutus</strong></span> <span class='ocrx_word' id='word_1_768' title='bbox 2447 3957 2522 4002; x_wconf 89' lang='lat' dir='ltr'><strong>est</strong></span> <span class='ocrx_word' id='word_1_769' title='bbox 2557 3948 2815 4006; x_wconf 80' lang='lat' dir='ltr'><strong>hominem</strong></span> <span class='ocrx_word' id='word_1_770' title='bbox 2849 3952 3056 4026; x_wconf 83' lang='lat' dir='ltr'><strong>inopem</strong></span> <span class='ocrx_word' id='word_1_771' title='bbox 3094 3967 3142 4012; x_wconf 90' lang='lat' dir='ltr'><strong>et</strong></span> <span class='ocrx_word' id='word_1_772' title='bbox 3183 3961 3475 4018; x_wconf 76' lang='lat' dir='ltr'><strong>mendicum</strong></span> <span class='ocrx_word' id='word_1_773' title='bbox 3493 4007 3507 4031; x_wconf 91' lang='lat'><strong>,</strong></span> <span class='ocrx_word' id='word_1_774' title='bbox 3550 3984 3590 4021; x_wconf 71' lang='grc' dir='ltr'>ει</span> 
     </span>
    </p>
   </div>
   <div class='ocr_carea' id='block_1_102' title="bbox 1969 4038 3590 4113">
    <p class='ocr_par' dir='ltr' id='par_1_102' title="bbox 1969 4038 3590 4113">
     <span class='ocr_line' id='line_1_102' title="bbox 1969 4038 3590 4113; baseline 0.016 -24"><span class='ocrx_word' id='word_1_775' title='bbox 1969 4047 2330 4107; x_wconf 79' lang='lat' dir='ltr'><strong>compunctum</strong></span> <span class='ocrx_word' id='word_1_776' title='bbox 2356 4038 2511 4095; x_wconf 85' lang='lat' dir='ltr'><strong>corde</strong></span> <span class='ocrx_word' id='word_1_777' title='bbox 2536 4042 2869 4112; x_wconf 78' lang='lat' dir='ltr'><strong>morti/icore.</strong></span> <span class='ocrx_word' id='word_1_778' title='bbox 2904 4046 3018 4103; x_wconf 85' lang='lat' dir='ltr'><strong>lloc</strong></span> <span class='ocrx_word' id='word_1_779' title='bbox 3049 4058 3134 4105; x_wconf 86' lang='lat' dir='ltr'><strong>est</strong></span> <span class='ocrx_word' id='word_1_780' title='bbox 3163 4063 3421 4111; x_wconf 72' lang='lat' dir='ltr'><strong>extremo:</strong></span> <span class='ocrx_word' id='word_1_781' title='bbox 3468 4071 3590 4113; x_wconf 87' lang='lat' dir='ltr'><strong>cru-</strong></span> 
     </span>
    </p>
   </div>
   <div class='ocr_carea' id='block_1_103' title="bbox 1969 4130 3590 4216">
    <p class='ocr_par' dir='ltr' id='par_1_103' title="bbox 1969 4130 3590 4216">
     <span class='ocr_line' id='line_1_103' title="bbox 1969 4130 3590 4216; baseline 0.012 -30"><span class='ocrx_word' id='word_1_782' title='bbox 1969 4130 2231 4200; x_wconf 89' lang='lat' dir='ltr'><strong>delitatis,</strong></span> <span class='ocrx_word' id='word_1_783' title='bbox 2281 4132 2388 4188; x_wconf 90' lang='lat' dir='ltr'><strong>hoc</strong></span> <span class='ocrx_word' id='word_1_784' title='bbox 2438 4147 2669 4192; x_wconf 71' lang='lat' dir='ltr'><strong>summa:</strong></span> <span class='ocrx_word' id='word_1_785' title='bbox 2717 4137 3161 4211; x_wconf 89' lang='lat' dir='ltr'><strong>inhumanitatis,</strong></span> <span class='ocrx_word' id='word_1_786' title='bbox 3218 4148 3437 4216; x_wconf 86' lang='lat' dir='ltr'><strong>quando</strong></span> <span class='ocrx_word' id='word_1_787' title='bbox 3483 4166 3590 4206; x_wconf 90' lang='lat' dir='ltr'><strong>nou</strong></span> 
     </span>
    </p>
   </div>
   <div class='ocr_carea' id='block_1_104' title="bbox 1971 4221 3590 4312">
    <p class='ocr_par' dir='ltr' id='par_1_104' title="bbox 1971 4221 3590 4312">
     <span class='ocr_line' id='line_1_104' title="bbox 1971 4221 3590 4312; baseline 0.012 -35"><span class='ocrx_word' id='word_1_788' title='bbox 1971 4221 2150 4278; x_wconf 89' lang='lat' dir='ltr'><strong>solum</strong></span> <span class='ocrx_word' id='word_1_789' title='bbox 2184 4222 2472 4281; x_wconf 88' lang='lat' dir='ltr'><strong>insidiatur</strong></span> <span class='ocrx_word' id='word_1_790' title='bbox 2495 4226 2790 4299; x_wconf 89' lang='lat' dir='ltr'><strong>quispiam,</strong></span> <span class='ocrx_word' id='word_1_791' title='bbox 2821 4230 2918 4286; x_wconf 84' lang='lat' dir='ltr'><strong>sed</strong></span> <span class='ocrx_word' id='word_1_792' title='bbox 2947 4234 2997 4289; x_wconf 92' lang='lat' dir='ltr'><strong>ei</strong></span> <span class='ocrx_word' id='word_1_793' title='bbox 3030 4235 3338 4307; x_wconf 72' lang='lat' dir='ltr'><strong>insidia-tur,</strong></span> <span class='ocrx_word' id='word_1_794' title='bbox 3365 4242 3457 4312; x_wconf 89' lang='lat' dir='ltr'><strong>qui</strong></span> <span class='ocrx_word' id='word_1_795' title='bbox 3493 4258 3590 4312; x_wconf 89' lang='lat' dir='ltr'><strong>po-</strong></span> 
     </span>
    </p>
   </div>
   <div class='ocr_carea' id='block_1_105' title="bbox 1968 4315 3589 4392">
    <p class='ocr_par' dir='ltr' id='par_1_105' title="bbox 1968 4315 3589 4392">
     <span class='ocr_line' id='line_1_105' title="bbox 1968 4315 3589 4392; baseline 0.014 -23"><span class='ocrx_word' id='word_1_796' title='bbox 1968 4322 2078 4370; x_wconf 89' lang='lat' dir='ltr'><strong>test</strong></span> <span class='ocrx_word' id='word_1_797' title='bbox 2112 4328 2343 4372; x_wconf 90' lang='lat' dir='ltr'><strong>movere</strong></span> <span class='ocrx_word' id='word_1_798' title='bbox 2367 4315 2435 4372; x_wconf 90' lang='lat' dir='ltr'><strong>ad</strong></span> <span class='ocrx_word' id='word_1_799' title='bbox 2460 4318 2829 4388; x_wconf 88' lang='lat' dir='ltr'><strong>clementiam,</strong></span> <span class='ocrx_word' id='word_1_800' title='bbox 2877 4333 2934 4379; x_wconf 91' lang='lat' dir='ltr'><strong>et</strong></span> <span class='ocrx_word' id='word_1_801' title='bbox 2959 4325 3183 4384; x_wconf 84' lang='lat' dir='ltr'><strong>ﬂectere</strong></span> <span class='ocrx_word' id='word_1_802' title='bbox 3211 4331 3276 4385; x_wconf 90' lang='lat' dir='ltr'><strong>ad</strong></span> <span class='ocrx_word' id='word_1_803' title='bbox 3299 4336 3589 4392; x_wconf 88' lang='lat' dir='ltr'><strong>commise-</strong></span> 
     </span>
    </p>
   </div>
   <div class='ocr_carea' id='block_1_106' title="bbox 1969 4405 3590 4484">
    <p class='ocr_par' dir='ltr' id='par_1_106' title="bbox 1969 4405 3590 4484">
     <span class='ocr_line' id='line_1_106' title="bbox 1969 4405 3590 4484; baseline 0.014 -23"><span class='ocrx_word' id='word_1_804' title='bbox 1969 4405 2259 4464; x_wconf 89' lang='lat' dir='ltr'><strong>rationem.</strong></span> <span class='ocrx_word' id='word_1_805' title='bbox 2277 4407 2379 4477; x_wconf 86' lang='lat' dir='ltr'><strong>Qui</strong></span> <span class='ocrx_word' id='word_1_806' title='bbox 2404 4420 2490 4465; x_wconf 87' lang='lat' dir='ltr'><strong>est</strong></span> <span class='ocrx_word' id='word_1_807' title='bbox 2503 4411 2649 4466; x_wconf 92' lang='lat' dir='ltr'><strong>enim</strong></span> <span class='ocrx_word' id='word_1_808' title='bbox 2669 4412 2960 4484; x_wconf 89' lang='lat' dir='ltr'><strong>ejusmodi,</strong></span> <span class='ocrx_word' id='word_1_809' title='bbox 2985 4419 3051 4473; x_wconf 88' lang='lat' dir='ltr'><strong>ad</strong></span> <span class='ocrx_word' id='word_1_810' title='bbox 3070 4418 3304 4476; x_wconf 79' lang='lat' dir='ltr'><strong>ferarum</strong></span> <span class='ocrx_word' id='word_1_811' title='bbox 3328 4426 3590 4484; x_wconf 66' lang='lat' dir='ltr'><strong>saevitiam</strong></span> 
     </span>
    </p>
   </div>
   <div class='ocr_carea' id='block_1_107' title="bbox 1967 4499 3590 4578">
    <p class='ocr_par' dir='ltr' id='par_1_107' title="bbox 1967 4499 3590 4578">
     <span class='ocr_line' id='line_1_107' title="bbox 1967 4499 3590 4578; baseline 0.014 -23"><span class='ocrx_word' id='word_1_812' title='bbox 1967 4499 2265 4569; x_wconf 85' lang='lat' dir='ltr'><strong>deductus,</strong></span> <span class='ocrx_word' id='word_1_813' title='bbox 2312 4503 2423 4558; x_wconf 91' lang='lat' dir='ltr'><strong>imo</strong></span> <span class='ocrx_word' id='word_1_814' title='bbox 2449 4519 2579 4560; x_wconf 91' lang='lat' dir='ltr'><strong>vero</strong></span> <span class='ocrx_word' id='word_1_815' title='bbox 2631 4505 2741 4563; x_wconf 90' lang='lat' dir='ltr'><strong>illis</strong></span> <span class='ocrx_word' id='word_1_816' title='bbox 2783 4510 2981 4567; x_wconf 67' lang='grc' dir='ltr'><strong>δωνὶοτ</strong></span> <span class='ocrx_word' id='word_1_817' title='bbox 3020 4512 3245 4572; x_wconf 74' lang='lat' dir='ltr'><strong>eﬂ&#39;ectus</strong></span> <span class='ocrx_word' id='word_1_818' title='bbox 3281 4528 3386 4573; x_wconf 89' lang='lat' dir='ltr'><strong>est.</strong></span> <span class='ocrx_word' id='word_1_819' title='bbox 3439 4519 3590 4578; x_wconf 85' lang='lat' dir='ltr'><strong>Fem</strong></span> 
     </span>
    </p>
   </div>
   <div class='ocr_carea' id='block_1_108' title="bbox 1968 4592 3588 4668">
    <p class='ocr_par' dir='ltr' id='par_1_108' title="bbox 1968 4592 3588 4668">
     <span class='ocr_line' id='line_1_108' title="bbox 1968 4592 3588 4668; baseline 0.011 -18"><span class='ocrx_word' id='word_1_820' title='bbox 1968 4592 2118 4650; x_wconf 89' lang='lat' dir='ltr'><strong>enim</strong></span> <span class='ocrx_word' id='word_1_821' title='bbox 2144 4593 2330 4649; x_wconf 78' lang='lat' dir='ltr'><strong>feritas</strong></span> <span class='ocrx_word' id='word_1_822' title='bbox 2354 4605 2549 4650; x_wconf 89' lang='lat' dir='ltr'><strong>natura</strong></span> <span class='ocrx_word' id='word_1_823' title='bbox 2577 4597 2738 4653; x_wconf 87' lang='lat' dir='ltr'><strong>insita</strong></span> <span class='ocrx_word' id='word_1_824' title='bbox 2766 4609 2851 4655; x_wconf 87' lang='lat' dir='ltr'><strong>est</strong></span> <span class='ocrx_word' id='word_1_825' title='bbox 2884 4619 2898 4656; x_wconf 90' lang='lat'><strong>:</strong></span> <span class='ocrx_word' id='word_1_826' title='bbox 2929 4601 3018 4658; x_wconf 82' lang='lat' dir='ltr'><strong>hic</strong></span> <span class='ocrx_word' id='word_1_827' title='bbox 3047 4615 3229 4662; x_wconf 88' lang='lat' dir='ltr'><strong>autem</strong></span> <span class='ocrx_word' id='word_1_828' title='bbox 3261 4610 3473 4667; x_wconf 84' lang='lat' dir='ltr'><strong>ratione</strong></span> <span class='ocrx_word' id='word_1_829' title='bbox 3498 4628 3588 4668; x_wconf 84' lang='lat' dir='ltr'><strong>or-</strong></span> 
     </span>
    </p>
   </div>
   <div class='ocr_carea' id='block_1_109' title="bbox 1967 4689 3586 4770">
    <p class='ocr_par' dir='ltr' id='par_1_109' title="bbox 1967 4689 3586 4770">
     <span class='ocr_line' id='line_1_109' title="bbox 1967 4689 3586 4770; baseline 0.013 -29"><span class='ocrx_word' id='word_1_830' title='bbox 1967 4693 2151 4754; x_wconf 86' lang='lat' dir='ltr'><strong>natus,</strong></span> <span class='ocrx_word' id='word_1_831' title='bbox 2182 4701 2338 4743; x_wconf 88' lang='lat' dir='ltr'><strong>suam</strong></span> <span class='ocrx_word' id='word_1_832' title='bbox 2369 4689 2707 4747; x_wconf 82' lang='lat' dir='ltr'><strong>nobilitatem</strong></span> <span class='ocrx_word' id='word_1_833' title='bbox 2741 4693 3071 4764; x_wconf 87' lang='lat' dir='ltr'><strong>improbitati</strong></span> <span class='ocrx_word' id='word_1_834' title='bbox 3091 4701 3350 4770; x_wconf 89' lang='lat' dir='ltr'><strong>prodidit.</strong></span> <span class='ocrx_word' id='word_1_835' title='bbox 3386 4705 3452 4760; x_wconf 87' lang='lat' dir='ltr'><strong>Et</strong></span> <span class='ocrx_word' id='word_1_836' title='bbox 3481 4707 3586 4762; x_wconf 80' lang='lat' dir='ltr'><strong>illa:</strong></span> 
     </span>
    </p>
   </div>
   <div class='ocr_carea' id='block_1_110' title="bbox 1966 4775 3586 4865">
    <p class='ocr_par' dir='ltr' id='par_1_110' title="bbox 1966 4775 3586 4865">
     <span class='ocr_line' id='line_1_110' title="bbox 1966 4775 3586 4865; baseline 0.015 -33"><span class='ocrx_word' id='word_1_837' title='bbox 1966 4775 2186 4848; x_wconf 75' lang='lat' dir='ltr'><strong>quidem</strong></span> <span class='ocrx_word' id='word_1_838' title='bbox 2215 4793 2340 4836; x_wconf 87' lang='lat' dir='ltr'><strong>cum</strong></span> <span class='ocrx_word' id='word_1_839' title='bbox 2369 4779 2437 4836; x_wconf 89' lang='lat' dir='ltr'><strong>iis</strong></span> <span class='ocrx_word' id='word_1_840' title='bbox 2459 4796 2582 4853; x_wconf 63' lang='lat' dir='ltr'><strong>qua:</strong></span> <span class='ocrx_word' id='word_1_841' title='bbox 2611 4795 2736 4839; x_wconf 88' lang='lat' dir='ltr'><strong>sunt</strong></span> <span class='ocrx_word' id='word_1_842' title='bbox 2766 4787 3007 4856; x_wconf 87' lang='lat' dir='ltr'><strong>ejusdem</strong></span> <span class='ocrx_word' id='word_1_843' title='bbox 3033 4793 3272 4862; x_wconf 88' lang='lat' dir='ltr'><strong>generis,</strong></span> <span class='ocrx_word' id='word_1_844' title='bbox 3295 4799 3586 4865; x_wconf 89' lang='lat' dir='ltr'><strong>quamdam</strong></span> 
     </span>
    </p>
   </div>
   <div class='ocr_carea' id='block_1_111' title="bbox 1966 4871 3587 4951">
    <p class='ocr_par' dir='ltr' id='par_1_111' title="bbox 1966 4871 3587 4951">
     <span class='ocr_line' id='line_1_111' title="bbox 1966 4871 3587 4951; baseline 0.017 -28"><span class='ocrx_word' id='word_1_845' title='bbox 1966 4871 2261 4927; x_wconf 89' lang='lat' dir='ltr'><strong>amicitiam</strong></span> <span class='ocrx_word' id='word_1_846' title='bbox 2292 4882 2516 4929; x_wconf 87' lang='lat' dir='ltr'><strong>servant</strong></span> <span class='ocrx_word' id='word_1_847' title='bbox 2555 4883 2612 4930; x_wconf 89' lang='lat' dir='ltr'><strong>et</strong></span> <span class='ocrx_word' id='word_1_848' title='bbox 2652 4880 3126 4939; x_wconf 83' lang='lat' dir='ltr'><strong>mansuetudinem</strong></span> <span class='ocrx_word' id='word_1_849' title='bbox 3155 4901 3171 4940; x_wconf 88' lang='lat'><strong>:</strong></span> <span class='ocrx_word' id='word_1_850' title='bbox 3204 4886 3257 4941; x_wconf 91' lang='lat' dir='ltr'><strong>hi</strong></span> <span class='ocrx_word' id='word_1_851' title='bbox 3298 4902 3484 4946; x_wconf 89' lang='lat' dir='ltr'><strong>autem</strong></span> <span class='ocrx_word' id='word_1_852' title='bbox 3519 4909 3587 4951; x_wconf 82' lang='lat' dir='ltr'><strong>ne</strong></span> 
     </span>
    </p>
   </div>
   <div class='ocr_carea' id='block_1_112' title="bbox 1965 4965 3588 5054">
    <p class='ocr_par' dir='ltr' id='par_1_112' title="bbox 1965 4965 3588 5054">
     <span class='ocr_line' id='line_1_112' title="bbox 1965 4965 3588 5054; baseline 0.015 -36"><span class='ocrx_word' id='word_1_853' title='bbox 1965 4978 2313 5021; x_wconf 85' lang='lat' dir='ltr'><strong>communem</strong></span> <span class='ocrx_word' id='word_1_854' title='bbox 2340 4965 2560 5035; x_wconf 91' lang='lat' dir='ltr'><strong>quidem</strong></span> <span class='ocrx_word' id='word_1_855' title='bbox 2593 4977 2841 5026; x_wconf 84' lang='lat' dir='ltr'><strong>naturam</strong></span> <span class='ocrx_word' id='word_1_856' title='bbox 2874 4983 3009 5031; x_wconf 89' lang='lat' dir='ltr'><strong>sunt</strong></span> <span class='ocrx_word' id='word_1_857' title='bbox 3036 4981 3274 5046; x_wconf 88' lang='lat' dir='ltr'><strong>reveriti,</strong></span> <span class='ocrx_word' id='word_1_858' title='bbox 3309 4983 3404 5038; x_wconf 89' lang='lat' dir='ltr'><strong>sed</strong></span> <span class='ocrx_word' id='word_1_859' title='bbox 3431 4986 3588 5054; x_wconf 85' lang='lat' dir='ltr'><strong>cujus</strong></span> 
     </span>
    </p>
   </div>
   <div class='ocr_carea' id='block_1_113' title="bbox 1966 5054 3588 5149">
    <p class='ocr_par' dir='ltr' id='par_1_113' title="bbox 1966 5054 3588 5149">
     <span class='ocr_line' id='line_1_113' title="bbox 1966 5054 3588 5149; baseline 0.017 -40"><span class='ocrx_word' id='word_1_860' title='bbox 1966 5054 2253 5125; x_wconf 83' lang='lat' dir='ltr'><strong>oportebat</strong></span> <span class='ocrx_word' id='word_1_861' title='bbox 2283 5056 2554 5124; x_wconf 86' lang='lat' dir='ltr'><strong>misereri,</strong></span> <span class='ocrx_word' id='word_1_862' title='bbox 2588 5075 2754 5130; x_wconf 91' lang='lat' dir='ltr'><strong>quem</strong></span> <span class='ocrx_word' id='word_1_863' title='bbox 2798 5063 2940 5120; x_wconf 88' lang='lat' dir='ltr'><strong>l’erre</strong></span> <span class='ocrx_word' id='word_1_864' title='bbox 2965 5074 3024 5122; x_wconf 91' lang='lat' dir='ltr'><strong>et</strong></span> <span class='ocrx_word' id='word_1_865' title='bbox 3054 5069 3266 5141; x_wconf 85' lang='lat' dir='ltr'><strong>erigere</strong></span> <span class='ocrx_word' id='word_1_866' title='bbox 3285 5114 3302 5142; x_wconf 93' lang='lat'><strong>,</strong></span> <span class='ocrx_word' id='word_1_867' title='bbox 3334 5077 3588 5149; x_wconf 53' lang='lat' dir='ltr'><strong>eum-ilo.</strong></span> 
     </span>
    </p>
   </div>
   <div class='ocr_carea' id='block_1_114' title="bbox 1967 5145 3596 5260">
    <p class='ocr_par' dir='ltr' id='par_1_114' title="bbox 1967 5145 3596 5260">
     <span class='ocr_line' id='line_1_114' title="bbox 1967 5145 3596 5260; baseline 0.017 -61"><span class='ocrx_word' id='word_1_868' title='bbox 1967 5145 2261 5202; x_wconf 87' lang='lat' dir='ltr'><strong>turbabant</strong></span> <span class='ocrx_word' id='word_1_869' title='bbox 2284 5157 2342 5204; x_wconf 88' lang='lat' dir='ltr'><strong>et</strong></span> <span class='ocrx_word' id='word_1_870' title='bbox 2363 5152 2705 5207; x_wconf 77' lang='lat' dir='ltr'><strong>everteltant.</strong></span> <span class='ocrx_word' id='word_1_871' title='bbox 2735 5155 2824 5211; x_wconf 83' lang='lat' dir='ltr'><strong>l8.</strong></span> <span class='ocrx_word' id='word_1_872' title='bbox 2855 5154 2924 5211; x_wconf 81' lang='lat' dir='ltr'><strong>Et</strong></span> <span class='ocrx_word' id='word_1_873' title='bbox 2949 5160 3132 5215; x_wconf 75' lang='lat' dir='ltr'><strong>dilexit</strong></span> <span class='ocrx_word' id='word_1_874' title='bbox 3151 5145 3596 5260; x_wconf 66' lang='lat' dir='ltr'><strong>maledictionem.i</strong></span> 
     </span>
    </p>
   </div>
   <div class='ocr_carea' id='block_1_115' title="bbox 1965 5239 3585 5332">
    <p class='ocr_par' dir='ltr' id='par_1_115' title="bbox 1965 5239 3585 5332">
     <span class='ocr_line' id='line_1_115' title="bbox 1965 5239 3585 5332; baseline 0.016 -42"><span class='ocrx_word' id='word_1_875' title='bbox 1965 5247 2013 5290; x_wconf 89' lang='lat' dir='ltr'><strong>et</strong></span> <span class='ocrx_word' id='word_1_876' title='bbox 2038 5239 2227 5294; x_wconf 73' lang='lat' dir='ltr'><strong>eveniet</strong></span> <span class='ocrx_word' id='word_1_877' title='bbox 2253 5241 2298 5297; x_wconf 92' lang='lat' dir='ltr'><strong>ei</strong></span> <span class='ocrx_word' id='word_1_878' title='bbox 2326 5256 2346 5295; x_wconf 92' lang='lat'><strong><em>:</em></strong></span> <span class='ocrx_word' id='word_1_879' title='bbox 2371 5252 2419 5296; x_wconf 88' lang='lat' dir='ltr'><strong>et</strong></span> <span class='ocrx_word' id='word_1_880' title='bbox 2447 5245 2613 5299; x_wconf 82' lang='lat' dir='ltr'><strong>noluit</strong></span> <span class='ocrx_word' id='word_1_881' title='bbox 2641 5247 3063 5319; x_wconf 79' lang='lat' dir='ltr'><strong>benedictionem,</strong></span> <span class='ocrx_word' id='word_1_882' title='bbox 3097 5264 3145 5310; x_wconf 84' lang='lat' dir='ltr'><strong>et</strong></span> <span class='ocrx_word' id='word_1_883' title='bbox 3171 5253 3585 5332; x_wconf 61' lang='lat' dir='ltr'><strong>elongabiturali</strong></span> 
     </span>
    </p>
   </div>
   <div class='ocr_carea' id='block_1_116' title="bbox 1965 5331 3582 5422">
    <p class='ocr_par' dir='ltr' id='par_1_116' title="bbox 1965 5331 3582 5422">
     <span class='ocr_line' id='line_1_116' title="bbox 1965 5331 3582 5422; baseline 0.017 -39"><span class='ocrx_word' id='word_1_884' title='bbox 1965 5347 2042 5384; x_wconf 87' lang='lat' dir='ltr'><strong>eo.</strong></span> <span class='ocrx_word' id='word_1_885' title='bbox 2073 5331 2364 5404; x_wconf 86' lang='lat' dir='ltr'><strong>Postquam</strong></span> <span class='ocrx_word' id='word_1_886' title='bbox 2406 5339 2607 5394; x_wconf 88' lang='lat' dir='ltr'><strong>multas</strong></span> <span class='ocrx_word' id='word_1_887' title='bbox 2634 5342 2972 5400; x_wconf 84' lang='lat' dir='ltr'><strong>calamitates</strong></span> <span class='ocrx_word' id='word_1_888' title='bbox 3009 5347 3058 5401; x_wconf 88' lang='lat' dir='ltr'><strong>ei</strong></span> <span class='ocrx_word' id='word_1_889' title='bbox 3104 5331 3434 5422; x_wconf 86' lang='lat' dir='ltr'><strong>imprecatus</strong></span> <span class='ocrx_word' id='word_1_890' title='bbox 3467 5343 3582 5422; x_wconf 52' lang='lat' dir='ltr'><strong>esti</strong></span> 
     </span>
    </p>
   </div>
   <div class='ocr_carea' id='block_1_117' title="bbox 2026 5509 3578 5595">
    <p class='ocr_par' dir='ltr' id='par_1_117' title="bbox 2026 5509 3578 5595">
     <span class='ocr_line' id='line_1_117' title="bbox 2026 5509 3578 5595; baseline 0.008 0"><span class='ocrx_word' id='word_1_891' title='bbox 2026 5509 2101 5595; x_wconf 55' lang='grc' dir='ltr'><strong>ρ)</strong></span> <span class='ocrx_word' id='word_1_892' title='bbox 2127 5517 2255 5595; x_wconf 61' lang='grc' dir='ltr'><strong>Εἶε-</strong></span> <span class='ocrx_word' id='word_1_893' title='bbox 2273 5525 2599 5595; x_wconf 57' lang='lat' dir='ltr'><strong>.Lmasus</strong></span> <span class='ocrx_word' id='word_1_894' title='bbox 2626 5525 2870 5595; x_wconf 55' lang='grc' dir='ltr'><strong>τονιαεες</strong></span> <span class='ocrx_word' id='word_1_895' title='bbox 2899 5523 3059 5595; x_wconf 57' lang='lat' dir='ltr'><strong>amvi!</strong></span> <span class='ocrx_word' id='word_1_896' title='bbox 3099 5529 3386 5595; x_wconf 65' lang='grc' dir='ltr'><strong>ροριριειωι</strong></span> <span class='ocrx_word' id='word_1_897' title='bbox 3412 5541 3578 5587; x_wconf 70' lang='grc' dir='ltr'><strong>πονησ-</strong></span> 
     </span>
    </p>
   </div>
   <div class='ocr_carea' id='block_1_118' title="bbox 1960 5581 3586 5666">
    <p class='ocr_par' dir='ltr' id='par_1_118' title="bbox 1960 5581 3586 5666">
     <span class='ocr_line' id='line_1_118' title="bbox 1960 5581 3586 5666; baseline 0.002 -1"><span class='ocrx_word' id='word_1_898' title='bbox 1960 5581 2959 5666; x_wconf 50' lang='grc' dir='ltr'><strong>Ζῗῗῖῗληῗίῗηλὲίὲἔῗέδὲίξῐζε-εκξίέἔὲά98ίίέ</strong></span> <span class='ocrx_word' id='word_1_899' title='bbox 2993 5581 3232 5666; x_wconf 58' lang='grc' dir='ltr'><strong>τεηφιίέἕ</strong></span> <span class='ocrx_word' id='word_1_900' title='bbox 3251 5581 3586 5666; x_wconf 45' lang='lat' dir='ltr'><strong>mea»</strong></span> 
     </span>
    </p>
   </div>
   <div class='ocr_carea' id='block_1_119' title="bbox 1958 5637 3585 5784">
    <p class='ocr_par' dir='ltr' id='par_1_119' title="bbox 1958 5637 3585 5784">
     <span class='ocr_line' id='line_1_119' title="bbox 1962 5637 3585 5721; baseline 0.018 -38"><span class='ocrx_word' id='word_1_901' title='bbox 1962 5642 2249 5705; x_wconf 70' lang='lat' dir='ltr'><strong>Hyrcanum</strong></span> <span class='ocrx_word' id='word_1_902' title='bbox 2270 5637 2477 5712; x_wconf 73' lang='lat' dir='ltr'><strong>fratrem</strong></span> <span class='ocrx_word' id='word_1_903' title='bbox 2500 5640 2606 5700; x_wconf 86' lang='lat' dir='ltr'><strong>ejus</strong></span> <span class='ocrx_word' id='word_1_904' title='bbox 2627 5643 2844 5696; x_wconf 71' lang='lat' dir='ltr'><strong>induxit.</strong></span> <span class='ocrx_word' id='word_1_905' title='bbox 2861 5648 2921 5698; x_wconf 88' lang='lat' dir='ltr'><strong>Id</strong></span> <span class='ocrx_word' id='word_1_906' title='bbox 2944 5637 3456 5721; x_wconf 15' lang='lat' dir='ltr'><strong>vero’c&#39;onntiiqit’p—aifl;</strong></span> <span class='ocrx_word' id='word_1_907' title='bbox 3472 5637 3585 5714; x_wconf 46' lang='grc' dir='ltr'><strong><em>ὦ</em></strong></span> 
     </span>
     <span class='ocr_line' id='line_1_120' title="bbox 1958 5684 3581 5784; baseline 0.021 -41"><span class='ocrx_word' id='word_1_908' title='bbox 1958 5684 2692 5784; x_wconf 37' lang='lat' dir='ltr'><strong>flii-agunntustorgm‘habes</strong></span> <span class='ocrx_word' id='word_1_909' title='bbox 2730 5709 2857 5784; x_wconf 85' lang='lat' dir='ltr'><strong>apud</strong></span> <span class='ocrx_word' id='word_1_910' title='bbox 2905 5713 3174 5784; x_wconf 59' lang='lat' dir='ltr'><strong>gosepbum</strong></span> <span class='ocrx_word' id='word_1_911' title='bbox 3197 5721 3357 5784; x_wconf 64' lang='lat' dir='ltr'><strong>antiq.</strong></span> <span class='ocrx_word' id='word_1_912' title='bbox 3387 5720 3478 5775; x_wconf 84' lang='lat' dir='ltr'><strong>lib.</strong></span> <span class='ocrx_word' id='word_1_913' title='bbox 3505 5727 3581 5784; x_wconf 63' lang='lat' dir='ltr'><strong>li.</strong></span> 
     </span>
    </p>
   </div>
   <div class='ocr_carea' id='block_1_120' title="bbox 1958 5759 3582 5874">
    <p class='ocr_par' dir='ltr' id='par_1_120' title="bbox 1958 5759 3582 5872">
     <span class='ocr_line' id='line_1_121' title="bbox 1958 5759 3582 5872; baseline 0.025 -69"><span class='ocrx_word' id='word_1_914' title='bbox 1958 5759 2204 5872; x_wconf 50' lang='grc' dir='ltr'><strong>ἓέὠὲιὲη</strong></span> <span class='ocrx_word' id='word_1_915' title='bbox 2227 5774 2390 5826; x_wconf 83' lang='lat' dir='ltr'><strong>usque</strong></span> <span class='ocrx_word' id='word_1_916' title='bbox 2413 5765 2540 5819; x_wconf 80' lang='lat' dir='ltr'><strong>adeo</strong></span> <span class='ocrx_word' id='word_1_917' title='bbox 2561 5759 2859 5825; x_wconf 59' lang='lat' dir='ltr'><strong>certum‘est</strong></span> <span class='ocrx_word' id='word_1_918' title='bbox 2905 5759 3358 5834; x_wconf 58' lang='lat' dir='ltr'><strong>n&amp;&quot;§ui;iniiié§}‘c&#39;</strong></span> <span class='ocrx_word' id='word_1_919' title='bbox 3380 5759 3582 5856; x_wconf 53' lang='lat' dir='ltr'><strong>iiii-3.3.5!</strong></span> 
     </span>
    </p>
   </div>
  </div>
