4058 6490
497 400 600 458 Ξδδ

495 511 731 567 ostendit
758 510 1010 578 deinceps
1041 524 1144 561 non
1171 510 1364 576 ipsum.
1397 507 1489 561 sed
1523 507 1672 560 illum
1699 505 1888 560 horum
1917 505 2083 560 fuisse

496 605 814 677 principium
845 611 900 656 et
923 615 1162 664 causam,
1193 609 1251 653 ut
1278 601 1366 670 qui
1391 599 1544 679 factis
1572 601 1684 653 suis
1713 599 1804 653 Dei
1829 599 2086 654 auxilium

491 697 771 767 repulcrit,
802 695 1146 762 divinamqne
1171 692 1458 748 vindictam
1491 694 1790 745 attraxerit.
1821 690 1890 744 Et
1919 692 2086 744 induit

491 788 891 842 maletlictionem
921 785 1052 840 sicut
1076 784 1453 848 vestimentum,
1485 792 1530 836 et
1560 782 1765 836 intravit
1793 783 1923 836 sicut
1952 797 2088 851 aqua

492 888 543 935 iu
570 881 810 935 interiora
837 881 972 950 ejus,
1003 890 1050 933 et
1077 882 1209 933 sicut
1246 879 1411 933 oleum
1439 878 1492 931 in
1518 877 1712 931 ossibus
1737 879 1866 949 ejus.
1910 877 2006 931 llic
2030 884 2087 931 et

489 975 661 1044 plagae
689 972 1087 1028 vehementiam
1106 1012 1121 1035 ,
1168 980 1224 1025 et
1249 970 1496 1040 supplicii
1525 971 1866 1026 stabilitatem
1898 980 2083 1025 osten-

484 1061 603 1130 dit,
646 1063 951 1134 signiﬁcans
991 1063 1128 1116 mala
1174 1063 1424 1117 omnibus
1467 1060 1776 1116 hominibus
1819 1076 1886 1115 ex
1931 1075 1992 1116 se
2030 1069 2086 1116 et

487 1158 650 1210 animi
689 1157 769 1210 sui
812 1155 1074 1210 sententia
1116 1155 1403 1225 proﬁcisci,
1435 1156 1524 1225 qui
1577 1155 1727 1210 factis
1775 1155 1989 1222 quidem
2029 1165 2085 1210 et

487 1247 793 1302 actionibus
839 1248 978 1301 bona
1005 1247 1293 1317 repellunt,
1324 1247 1378 1300 in
1402 1247 1658 1317 supplicia
1681 1254 1861 1301 autem
1878 1247 2083 1315 seipsos

487 1338 752 1408 injiciunt.
787 1336 876 1394 19.
906 1336 1065 1390 Fiant
1091 1338 1134 1391 ei
1158 1338 1288 1391 sicut
1308 1337 1677 1402 uestimentum,
1710 1352 1809 1407 quo
1834 1337 2079 1406 operitur,

483 1439 531 1484 et
553 1430 680 1484 sicut
706 1444 857 1495 sono,
877 1443 976 1493 qua
1000 1444 1198 1497 semper
1220 1428 1567 1498 prccingitur.
1587 1427 1702 1482 Hoc
1728 1438 1908 1483 autem
1928 1427 2078 1493 dicit,

483 1521 778 1575 ostendens
816 1520 950 1574 iram
981 1519 1072 1573 Dei
1115 1517 1473 1580 ineffabilem,
1515 1534 1637 1589 quae
1655 1520 1796 1573 tales
1834 1519 2081 1574 homines

483 1620 859 1682 persequetur.
891 1609 1046 1678 Quod
1076 1621 1253 1664 autem
1293 1607 1446 1674 dicit,
1474 1618 1558 1665 est
1603 1611 1870 1680 ejusmodi
1902 1629 1914 1663 :
1944 1610 2078 1665 Mala

479 1722 575 1761 eos
615 1708 686 1760 ita
730 1705 1019 1765 tenebunt,
1047 1711 1104 1759 ut
1143 1719 1211 1759 ne
1253 1704 1419 1760 ullam
1465 1703 1680 1772 quidem
1728 1704 2077 1758 mutationem

485 1797 715 1852 habeant
763 1815 776 1850 :
831 1795 925 1851 sed
984 1796 1036 1849 in
1089 1796 1169 1850 eis
1217 1797 1366 1850 lirma
1413 1796 1704 1850 manebunt
1737 1803 1795 1848 et
1843 1795 2076 1850 stabilia.

483 1887 684 1944 Deinde
711 1887 1008 1946 ostendens
1023 1901 1145 1940 eum
1177 1888 1440 1956 castigare
1461 1886 1875 1954 improbitatem,
1905 1897 1957 1941 et
1978 1902 2077 1942 nc-

478 1981 700 2050 quitiam
723 1979 994 2050 corrigere
1013 2019 1030 2045 ,
1061 1987 1116 2033 et
1149 1992 1256 2033 non
1284 1979 1338 2032 iu
1378 1977 1528 2032 illum
1553 1977 1757 2043 solum,
1791 1977 1886 2032 sed
1912 1979 2076 2034 etiam

480 2072 533 2124 in
559 2083 750 2124 omnes
773 2068 864 2138 qui
903 2077 1028 2122 sunt
1068 2067 1133 2121 iis
1170 2083 1290 2137 qua:
1337 2066 1594 2122 dicuntur
1637 2067 1887 2131 obnoxii,
1938 2067 2077 2123 hanc

478 2161 817 2218 statuendam
844 2175 966 2216 esse
990 2161 1332 2223 sententiam,
1359 2159 1633 2227 subjunin
1656 2177 1669 2214 :
1692 2159 1783 2215 20.
1812 2159 1926 2214 Hoc
1948 2176 2077 2230 opus

475 2270 649 2308 eorum
677 2253 765 2324 qui
786 2251 1060 2307 detrahunt
1089 2250 1215 2303 mihi
1237 2249 1380 2320 apud
1409 2249 1704 2304 Dominum.
1737 2249 1791 2304 id
1815 2259 1920 2316 est,
1951 2251 2077 2308 Haec

473 2356 556 2401 est
585 2360 742 2416 paena
765 2385 781 2411 ,
811 2345 913 2399 hoc
957 2353 1042 2400 est
1068 2343 1385 2414 supplicium
1432 2357 1617 2397 eorum
1639 2384 1653 2408 ,
1686 2343 1777 2413 qui
1817 2343 1944 2397 tnihi
1981 2343 2076 2400 ad-

471 2445 775 2501 versantur,
806 2435 897 2506 qui
926 2434 1265 2499 insidiantur,
1291 2433 1381 2504 qui
1411 2432 1610 2488 bellum
1635 2443 1852 2504 gerunt,
1887 2431 1958 2487 Et
1989 2436 2075 2504 qui

471 2532 746 2597 loquuntur
792 2527 933 2582 mala
957 2526 1200 2580 adversus
1239 2525 1465 2579 animam
1505 2539 1689 2580 meam.
1742 2524 1887 2595 Ergo
1911 2527 2073 2579 etiam

470 2636 570 2693 pro
595 2619 775 2676 verbis
802 2619 1089 2689 exiguntur
1119 2631 1314 2687 ponat,
1344 2625 1398 2671 et
1426 2631 1597 2687 preme
1617 2617 1999 2672 acerbissimae.

539 2715 596 2771 4.
625 2713 883 2769 Absoluta
912 2711 1092 2782 itaque
1109 2707 1280 2766 dehis
1306 2709 1571 2772 oratione;
1598 2708 1666 2762 ad
1689 2708 1854 2763 Deum
1882 2724 2071 2765 rursus

471 2806 711 2876 confugit
751 2818 849 2874 pro
891 2802 1007 2873 ejus
1035 2799 1371 2871 impetrando
1421 2799 1643 2854 auxilio.
1692 2798 1878 2869 Neque
1925 2799 2069 2854 enim

468 2897 610 2953 sistit
636 2896 688 2951 in
716 2909 874 2965 ptena
901 2907 1090 2949 eorum
1132 2891 1220 2963 qui
1248 2899 1440 2961 parant
1476 2889 1696 2944 insidias
1715 2930 1731 2954 ,
1763 2891 1858 2943 seu
1884 2905 2068 2945 osseu-

467 2986 602 3043 dens
625 3002 719 3043 eos
739 2986 828 3056 qui
856 2984 1016 3040 malis
1041 2982 1350 3038 afﬁciuntur
1375 2980 1577 3036 habere
1600 2981 1760 3036 etiam
1793 2981 1959 3035 Deum
1983 2989 2068 3037 ut-

469 3091 639 3134 torcm
665 3093 760 3149 pro
783 3077 870 3141 iis,
902 3090 1039 3148 quas
1068 3074 1360 3145 accipiunt,
1387 3073 1618 3142 injuriis,
1648 3087 1711 3126 ac
1736 3071 1945 3126 ﬁrmam
1975 3085 2068 3126 va-

469 3170 741 3241 lidamque
782 3167 996 3240 assequi
1039 3166 1429 3229 defensionem,
1479 3163 1784 3235 subiungit,
1827 3163 2060 3220 dicens:

462 3265 556 3319 2|.
593 3260 665 3316 Et
695 3272 769 3326 tu,
811 3260 1051 3324 Domine,
1080 3259 1163 3330 {ac
1204 3273 1400 3313 mecum
1435 3266 1642 3327 propter
1678 3273 1859 3311 nomen
1899 3267 2064 3313 tuum.

473 3357 605 3412 Vide
641 3364 850 3426 gratum
898 3362 954 3408 et
997 3352 1144 3422 pium
1196 3350 1469 3414 animum,
1518 3348 1641 3404 vide
1686 3350 2064 3405 humilitatem.

468 3447 725 3516 Quamvis
753 3445 896 3500 enim
923 3443 1055 3499 satis
1086 3443 1284 3513 juStam
1325 3456 1540 3497 causam
1584 3440 1808 3496 haberet
1849 3442 2064 3511 petendi

468 3537 671 3599 auxilii.
699 3534 841 3606 quod
870 3534 1010 3588 mala
1050 3541 1322 3602 pateretur
1350 3531 1477 3603 (hoc
1503 3532 1646 3587 enim
1676 3541 1852 3600 potest
1887 3531 2059 3588 videri

464 3629 521 3684 in
551 3628 730 3683 multis
761 3625 891 3681 locis
916 3623 1246 3694 Scriptura,
1273 3638 1370 3679 eos
1410 3624 1499 3692 qui
1537 3622 1604 3677 ab
1647 3621 1952 3678 hominibus
1977 3624 2062 3678 in-

460 3723 606 3792 juste
635 3719 792 3775 malis
813 3717 1118 3773 afﬁciuntur
1145 3717 1312 3771 libere
1339 3717 1656 3786 impetrandi
1688 3731 1717 3769 a
1740 3716 1852 3772 Deo
1879 3717 2062 3772 auxilii

460 3818 658 3887 justam
684 3820 739 3867 et
771 3811 1049 3865 honestam
1089 3807 1289 3864 habere
1313 3807 1679 3878 occasionem)
1708 3825 1721 3861 :
1747 3807 1836 3862 ille
1883 3815 2061 3864 tamen

462 3902 882 3975 praetermittens
912 3899 1013 3954 hoc
1042 3899 1243 3965 dicere,
1275 3898 1514 3968 confugit
1543 3897 1609 3952 ad
1633 3898 1804 3952 solam
1833 3897 1928 3952 Dei
1954 3899 2062 3954 cle-

464 3995 737 4056 mentiam,
770 4003 825 4047 et
855 3991 1021 4046 dicit:
1053 3989 1161 4043 Fac
1189 4006 1386 4045 mecum
1424 3995 1628 4058 pfopfcr
1657 4005 1840 4043 nomen
1881 3999 2062 4046 tuum:

463 4083 848 4158 propemodum
875 4081 978 4136 hoc
1006 4082 1190 4136 dicens
1222 4098 1234 4133 :
1266 4080 1381 4134 Non
1412 4081 1661 4150 quoniam
1693 4095 1811 4134 sum
1843 4079 2056 4151 dignus,

462 4177 556 4234 sed
603 4183 820 4245 propter
869 4174 1129 4242 teipsum,
1183 4172 1434 4241 quoniam
1488 4185 1546 4225 es
1584 4171 1822 4226 clemens
1863 4181 1919 4226 et
1961 4173 2061 4226 mi-

461 4269 714 4325 sericors.
765 4266 834 4321 Et
878 4264 999 4320 ideo
1042 4264 1346 4334 subiungit,
1404 4263 1538 4328 Quia
1583 4263 1750 4318 suavis
1782 4273 1858 4317 est
1905 4263 2059 4318 mise-

463 4359 686 4413 ricordia
703 4367 807 4410 tua.
831 4356 896 4411 Et
915 4366 1063 4410 recte
1085 4355 1238 4418 dixit,
1269 4355 1404 4419 Quia
1424 4355 1594 4408 suavis
1620 4365 1692 4408 est
1715 4356 2061 4410 misericordia

469 4462 574 4504 tua.
608 4448 867 4505 Homines
893 4448 1037 4502 enim
1065 4461 1209 4516 saepe
1230 4461 1338 4500 non
1364 4454 1489 4499 sunt
1516 4444 1776 4514 ejusmodi
1804 4463 1817 4498 :
1847 4462 1968 4500 nam
1995 4462 2059 4501 ea

463 4555 608 4612 sazpe
647 4548 869 4595 utuntur
891 4537 958 4592 ad
1001 4538 1380 4592 detrimentum
1425 4546 1480 4591 et
1503 4535 1722 4591 exitium
1753 4555 1767 4589 :
1795 4536 1889 4591 sed
1920 4536 2059 4593 Deus

465 4645 678 4701 semper
701 4629 771 4683 ad
809 4628 1113 4684 utilitatem.
1142 4626 1233 4681 22.
1281 4625 1464 4680 Libera
1493 4643 1604 4691 me,
1648 4626 1766 4694 quia
1791 4643 1976 4698 egenus
2014 4637 2060 4683 et

467 4740 663 4794 pauper
685 4738 798 4778 sum
818 4737 929 4793 ego.
955 4719 1021 4773 Et
1043 4736 1131 4774 cor
1151 4735 1315 4772 meum
1343 4718 1696 4772 conturbatum
1707 4729 1779 4772 est
1803 4719 1936 4772 intra
1956 4735 2055 4774 me.

471 4815 634 4871 Vides
658 4829 780 4869 eum
825 4825 1012 4867 rursus
1042 4824 1198 4866 orare
1223 4819 1282 4863 ut
1324 4817 1596 4874 servetur,
1630 4823 1734 4864 non
1767 4819 1826 4863 ut
1860 4811 1949 4881 qui
1988 4812 2060 4864 sit

466 4907 681 4979 dignus,
713 4919 816 4961 nec
835 4904 1032 4974 justus,
1062 4902 1154 4957 sed
1203 4911 1260 4954 ut
1285 4902 1371 4970 qui
1401 4901 1470 4955 sit
1508 4902 1728 4955 omnino
1755 4916 1974 4957 eversus
2002 4912 2058 4958 et

467 4998 740 5056 confectus
762 5040 777 5063 ,
809 5006 865 5052 ut
897 4996 990 5066 qui
1019 4995 1157 5049 mala
1192 5008 1380 5064 passus
1419 4993 1490 5048 sit
1515 4993 1958 5050 innumerabilia?
1990 4995 2055 5049 Et

465 5109 554 5145 cor
583 5107 750 5148 meum
770 5086 1125 5143 conturbatum
1144 5097 1217 5141 est
1240 5085 1377 5138 intra
1405 5100 1502 5138 me.
1532 5083 1676 5138 Talis
1699 5085 1840 5140 enim
1869 5094 1951 5140 est
1973 5085 2055 5139 vis

471 5183 832 5235 calamitatum
863 5196 878 5231 :
911 5193 1017 5232 non
1047 5189 1242 5247 corpus
1271 5176 1442 5230 solum
1465 5184 1659 5242 vexat,
1685 5191 1870 5231 verum
1893 5176 2054 5231 etiam

472 5271 758 5328 conturbat
797 5269 1054 5324 animum.
1101 5268 1192 5323 εδ.
1242 5266 1385 5322 Sicut
1424 5266 1605 5320 umbra
1646 5282 1759 5320 cum
1798 5267 2053 5333 declinat,

468 5365 671 5418 oblatus
695 5379 840 5427 sunt,
868 5377 1251 5416 exrussns-sum
1291 5361 1420 5415 sicut
1455 5360 1678 5414 locustte.
1722 5359 1858 5413 Dicit
1895 5361 2058 5415 vehe-

473 5465 680 5511 mentes
721 5453 938 5508 insidias
980 5466 1164 5507 eorum
1193 5449 1282 5521 qui
1313 5450 1460 5504 illum
1507 5449 1698 5518 injuria
1737 5449 2052 5514 affecerunt,

471 5562 680 5604 necnon
719 5546 1101 5617 malignitatem
1148 5543 1467 5598 iueil‘abilem
1491 5584 1502 5604 ,
1530 5549 1586 5596 ct
1614 5556 1799 5596 rursus
1827 5540 2055 5610 diligen-

474 5639 602 5695 tiam
631 5653 790 5709 quam
835 5638 950 5708 ipse
990 5636 1045 5691 in
1073 5636 1151 5690 eis
1195 5635 1454 5689 adhibuit.
1493 5634 1580 5688 24.
1622 5631 1800 5686 Genua
1841 5649 1951 5685 mea
1976 5633 2056 5686 iu-

470 5736 810 5788 ﬁrmatasunt
835 5747 864 5783 a
880 5731 1100 5801 jejunio,
1126 5740 1172 5785 et
1194 5745 1313 5784 caro
1339 5745 1448 5782 mea
1470 5729 1734 5782 immutata
1754 5735 1825 5780 est
1852 5736 2056 5796 propter

473 5828 666 5884 oleum.
691 5823 848 5880 Vides
883 5841 1126 5895 quaenam
1155 5840 1298 5880 arma
1323 5829 1598 5894 comparat
1643 5819 1900 5876 adversus
1928 5821 2057 5875 insi-

1235 394 1290 451 S.
1332 393 1444 450 JO.\
1458 393 1610 449 l‘NIS
1648 389 2125 447 CIIRYSOSTOMI
2157 391 2474 448 ARCHIEP.
2507 393 3049 453 CONSTANTINOP.

3694 400 3804 460 Νι

2207 505 2322 562 dias
2340 549 2354 564 .
2379 517 2434 562 et
2459 523 2577 564 eam
2597 552 2612 575 ,
2639 526 2743 580 qua
2767 521 2824 566 et
2858 513 3034 582 ipsum
3072 512 3371 581 vexabant,
3417 514 3805 575 amictionesni

2194 597 2285 653 25.
2321 596 2390 650 Et
2415 615 2508 669 ego
2535 603 2699 672 {actus
2725 618 2839 655 sum
2877 605 3210 673 opprobrium
3250 607 3354 662 illis
3376 623 3396 661 :
3423 609 3661 664 viderunt
3698 626 3803 679 me,

2196 699 2456 743 moverunt
2492 693 2660 762 capita
2689 709 2802 746 sua.
2843 694 3004 750 Tales
3029 705 3156 751 sunt
3180 698 3546 768 improborum
3584 702 3751 757 animi
3783 718 3800 758 :

2196 797 2300 836 non
2325 784 2484 839 modo
2513 800 2618 840 uon
2639 786 2840 842 cedunt
2866 789 3081 858 quando
3104 790 3332 846 viderint
3358 792 3563 862 justum
3591 795 3675 851 eis
3698 809 3803 864 op.

2196 885 2482 943 ponentem
2510 878 2765 948 pietatem
2791 895 2856 935 ac
2885 881 3225 952 religionem,
3253 883 3350 938 sed
3377 885 3457 939 eis
3477 886 3642 941 etiam
3670 901 3802 956 pro-

2192 967 2288 1021 bra
2319 968 2587 1039 ingerunt,
2616 985 2819 1041 eosque
2847 972 3077 1028 irrident
3103 984 3159 1029 et
3185 975 3517 1045 impugnant.
3547 976 3690 1044 Quid
3712 977 3806 1033 hic

2190 1060 2518 1114 autem2Ad
2565 1061 2824 1117 auxilium
2870 1063 3320 1134 inexpugnabile,
3347 1066 3414 1121 ad
3457 1082 3616 1138 opem
3661 1083 3804 1124 con-

2193 1148 2325 1219 fugit
2354 1151 2790 1220 insuperabilem,
2821 1153 3010 1210 dicens
3038 1174 3051 1210 :
3080 1156 3171 1212 26.
3204 1156 3408 1228 Adjuva
3423 1175 3525 1228 me,
3553 1158 3803 1226 Domine,

2191 1240 2333 1295 Deus
2361 1259 2504 1297 meus
2520 1284 2536 1306 ,
2563 1253 2611 1298 et
2635 1245 2831 1299 salvum
2863 1262 2944 1300 iste
2968 1246 3054 1317 [ac
3079 1251 3359 1304 secundum
3393 1251 3805 1307 misericordiam

2191 1343 2354 1389 (nant.
2385 1335 2476 1389 27.
2513 1333 2578 1390 Et
2606 1338 2802 1398 sciant,
2839 1338 2963 1406 quia
2992 1355 3177 1394 manus
3203 1348 3291 1394 tua
3329 1342 3469 1408 haec,
3497 1351 3547 1397 et
3573 1350 3649 1407 tu,
3683 1340 3800 1397 Do-

2188 1425 2357 1491 mine,
2401 1428 2563 1497 fecisti
2591 1443 2724 1481 eam.
2763 1427 2902 1497 Quid
2927 1439 3045 1493 est,
3078 1429 3270 1484 Manus
3310 1441 3400 1484 tua
3426 1433 3576 1487 hare?
3611 1432 3801 1489 Tuum

2185 1516 2465 1572 auxilium.
2490 1517 2685 1583 Tuum,
2713 1519 2904 1590 inquit,
2930 1519 3257 1590 pra-sidiam.
3289 1521 3426 1577 Nolo
3450 1525 3596 1579 enim
3615 1523 3802 1580 solum

2187 1609 2387 1662 servari
2420 1627 2433 1661 :
2463 1608 2558 1664 sed
2598 1610 2718 1665 illos
2746 1612 2909 1664 etiam
2952 1613 3094 1667 scire
3141 1627 3173 1668 a
3211 1628 3319 1683 quo
3357 1622 3605 1670 servatus
3646 1629 3800 1683 sum.

2189 1709 2245 1753 ut
2272 1702 2343 1755 sit
2381 1702 2510 1755 mihi
2539 1701 2736 1772 duplex
2785 1711 3044 1772 tropaeum
3065 1745 3080 1769 ,
3109 1705 3308 1775 duplex
3337 1720 3571 1772 corona,
3603 1707 3802 1779 ingens

2185 1790 2374 1858 gloria.
2402 1791 2495 1848 28.
2527 1790 2840 1848 Maledicent
2868 1794 2970 1859 illi,
3001 1803 3049 1849 et
3073 1805 3128 1848 tu
3161 1795 3442 1850 benedices.
3477 1794 3581 1862 Qui
3611 1797 3800 1851 insur-

2184 1893 2308 1954 gunt
2336 1885 2389 1937 in
2416 1901 2514 1950 me,
2545 1885 2950 1955 confundantur,
2975 1902 3150 1941 servus
3177 1897 3350 1941 autent
3369 1897 3488 1941 tuus
3508 1887 3796 1944 lctabitur.

2187 1975 2352 2030 Docet
2377 1974 2468 2029 hic
2493 1973 2795 2030 auditorem
2821 1977 3108 2046 quamdam
3139 1976 3555 2047 philosophiam.
3587 1977 3797 2034 Osten-

2183 2064 2261 2120 dit
2289 2067 2433 2122 enim
2460 2066 2605 2137 quod
2633 2068 2844 2123 etiamsi
2875 2067 3011 2122 diris
3049 2069 3348 2124 innumeris
3373 2068 3711 2137 devoveant,
3745 2071 3797 2127 si

2184 2159 2324 2215 Dens
2354 2159 2658 2224 benedicat,
2687 2160 2823 2217 nihil
2849 2160 3160 2216 detrimenti
3189 2177 3260 2216 ex
3287 2161 3369 2216 eis
3395 2161 3656 2232 accipiet,
3688 2161 3795 2219 sed

2181 2253 2235 2307 in
2259 2254 2405 2324 ipsos
2430 2262 2709 2308 vertentur
2735 2251 2930 2323 probra
2954 2261 3012 2308 et
3036 2253 3364 2322 ignominiaa.
3396 2252 3588 2309 Servus
3615 2265 3798 2309 autem

2183 2355 2300 2400 tuus
2320 2347 2576 2401 lwtabitur
2605 2347 2657 2400 in
2680 2355 2746 2400 te.
2771 2346 2940 2401 Recte
2957 2345 3113 2410 dixit,
3130 2344 3199 2400 In
3219 2355 3288 2412 te,
3305 2345 3618 2416 signiﬁcans
3637 2347 3796 2403 illiue

2183 2437 2447 2506 proﬁcisci
2479 2438 2748 2503 laetitiam,
2779 2437 2926 2492 unde
2962 2437 3104 2492 bona
3133 2437 3565 2509 suppeditantur.
3598 2439 3796 2494 Restat

2181 2539 2241 2583 ut
2270 2528 2414 2584 nulla
2440 2545 2528 2585 me
2556 2530 2720 2599 possit
2752 2528 3066 2597 perturbare
3091 2529 3361 2595 molestia,
3387 2544 3510 2585 eum
3534 2539 3625 2584 tua
3651 2531 3789 2586 mihi

2181 2631 2394 2676 maneat
2429 2622 2633 2691 integra
2678 2620 2883 2675 laetitia.
2927 2618 3020 2676 29.
3054 2617 3353 2675 Induantur
3377 2622 3462 2692 qui
3505 2621 3790 2677 detrahunt

2176 2713 2304 2765 mihi
2327 2711 2541 2782 pudore,
2568 2720 2616 2766 et
2635 2713 2933 2781 operiuntur
2950 2711 3081 2765 sicut
3101 2711 3330 2782 diploide
3349 2713 3648 2783 confusione
3663 2729 3785 2770 sua.

2176 2803 2313 2858 Vide
2337 2804 2609 2874 quomodo
2639 2818 2824 2857 rursus
2855 2811 3043 2873 rogat,
3071 2813 3129 2857 ut
3161 2819 3267 2858 non
3297 2803 3471 2858 solum
3505 2804 3790 2861 tradantur

2175 2895 2461 2966 supplicio,
2485 2895 2577 2950 sed
2606 2895 2767 2950 etiam
2792 2893 2982 2964 pudori
3013 2905 3068 2950 et
3092 2895 3419 2964 ignominim,
3443 2907 3503 2950 ut
3531 2896 3582 2950 id
3604 2897 3673 2952 sit
3701 2898 3790 2952 eis

2171 2984 2429 3042 doctrina
2462 2986 2852 3053 correctionis,
2878 2995 2938 3041 et
2971 2989 3196 3043 occasio,
3229 2988 3545 3042 mutationis
3571 2989 3624 3042 in
3670 3003 3790 3044 me-

2176 3079 2330 3133 liora.
2361 3079 2451 3132 50.
2492 3076 2784 3147 Conﬁtebor
2804 3075 3029 3131 Domino
3069 3077 3223 3132 nimis
3261 3078 3315 3131 in
3343 3094 3433 3133 ore
3473 3094 3614 3144 meo,
3639 3089 3686 3132 et
3723 3080 3784 3134 ist

2174 3170 2339 3222 medio
2366 3168 2642 3223 multorum
2673 3168 2898 3222 laudabo
2924 3183 3063 3221 eum.
3093 3167 3185 3222 5i.
3222 3166 3357 3234 Quia
3376 3168 3573 3222 adstitit
3599 3185 3631 3221 α
3653 3170 3787 3225 dea:-

2173 3260 2265 3312 tris
2295 3259 2568 3328 pauperis,
2601 3268 2659 3313 ut
2699 3259 2896 3313 salvam
2922 3261 3110 3331 faceret
3144 3275 3176 3311 ιι
3209 3260 3621 3328 persequentibus
3660 3263 3786 3314 ani-

2173 3367 2309 3403 mam
2351 3365 2538 3404 meam.
2586 3349 2691 3404 Pro
2741 3350 2825 3404 bis
2876 3348 3130 3406 omnibus
3178 3350 3347 3405 Deum
3404 3362 3786 3407 remuneratur

2173 3441 2423 3512 hymnis,
2476 3439 2665 3506 laude,
2715 3441 3009 3511 gratiarum
3063 3441 3316 3505 actione;
3365 3442 3620 3511 praeclara
3658 3442 3783 3514 ejus

2170 3533 2306 3588 facta
2328 3533 2468 3603 apud
2492 3546 2682 3587 omnes
2702 3532 3089 3597 annuntiando,
3116 3531 3170 3587 in
3202 3532 3380 3588 medio
3404 3532 3614 3589 theatro
3638 3549 3784 3604 prae-

2168 3626 2399 3682 dicando
2438 3641 2500 3681 ea
2548 3641 2668 3696 qua:
2696 3625 2765 3679 ab
2809 3624 2900 3680 illo
2941 3626 3136 3681 collata
3167 3638 3315 3682 sunt.
3359 3627 3471 3682 Hoc
3502 3627 3649 3682 enim
3693 3639 3781 3687 est

2168 3719 2511 3784 sacriﬁcium,
2557 3719 2660 3773 hoc
2685 3717 2922 3786 oblatio,
2969 3718 3062 3774 Dei
3108 3717 3366 3774 beneﬁcia
3416 3719 3616 3776 habere
3645 3735 3777 3791 per-

2171 3819 2329 3882 petuo
2359 3811 2411 3864 in
2441 3808 2723 3874 memoria,
2759 3823 2930 3878 eaque
2959 3809 3126 3863 menti
3158 3824 3271 3863 suae
3299 3809 3644 3880 imprimere,
3677 3824 3777 3867 ore

2171 3900 2496 3971 praedicare,
2537 3907 2592 3953 et
2633 3896 2814 3954 facere
2844 3907 2902 3953 ut
2930 3899 3049 3967 ejus
3096 3898 3355 3956 benelicia
3396 3915 3425 3953 a
3455 3900 3639 3955 multis
3677 3916 3776 3955 au-

2167 3995 2402 4049 diantur.
2446 3991 2580 4048 Nam
2624 3993 2705 4046 sic
2744 4001 2800 4046 et
2835 3992 2926 4061 qui
2970 3989 3290 4046 beneﬁcium
3332 3993 3630 4062 acceperit,
3671 4008 3775 4063 pro

2165 4095 2319 4156 grato
2345 4086 2527 4138 animo
2567 4083 2870 4138 mercedem
2899 4084 3156 4155 accipiet,
3189 4091 3243 4138 et
3285 4085 3460 4152 majus
3500 4085 3595 4139 Dei
3622 4085 3676 4140 in
3711 4101 3773 4142 se

2166 4176 2422 4231 auxilium
2464 4173 2698 4230 attrahet
2724 4191 2738 4227 :
2768 4183 2824 4229 et
2842 4175 2932 4243 qtti
2984 4174 3237 4240 audiunt,
3268 4190 3331 4230 ex
3376 4175 3442 4230 iis
3484 4189 3606 4245 qua:
3650 4175 3772 4231 aliis

2168 4269 2302 4325 facta
2333 4277 2478 4333 sunt,
2525 4267 2758 4322 evadent
2785 4266 3071 4333 meliores,
3103 4279 3158 4320 et
3183 4266 3250 4322 ad
3287 4266 3538 4322 virtutem
3581 4282 3773 4338 perse-

2165 4361 2434 4432 quendam
2461 4359 2721 4428 accipient
2752 4360 3043 4414 maximum
3073 4358 3476 4414 incitamentum
3507 4375 3575 4416 ex
3601 4359 3772 4420 bene-

2169 4455 2305 4510 ﬁciis
2330 4469 2450 4526 qua:
2480 4452 2548 4506 ab
2575 4451 2696 4507 aliis
2723 4461 2944 4522 accepta
2970 4461 3116 4506 sunt.

2594 4609 2658 4665 IN
2700 4608 3027 4666 essanun
3067 4607 3182 4664 etx
3229 4609 3331 4680 (α).

2168 4757 2218 4810 t.
2260 4753 2404 4808 Dixit
2431 4750 2683 4806 Dominus
2710 4749 2929 4805 Domino
2965 4765 3074 4803 meo
3099 4763 3118 4804 :
3145 4748 3282 4805 Sede
3312 4766 3346 4804 a
3385 4749 3580 4804 dextris
3617 4750 3765 4806 meis.

2237 4911 2290 4964 i.
2319 4909 2681 4978 Exsurgamus
2712 4944 2727 4968 ,
2770 4916 2975 4973 quaeso,
3023 4910 3078 4956 et
3121 4902 3358 4956 animum
3400 4903 3765 4960 intendamus.

2167 5001 2408 5056 Psalmus
2445 4997 2590 5052 enim
2622 4995 2692 5049 de
2736 4993 3057 5049 sublimibus
3085 4993 3375 5048 admodum
3413 4993 3573 5049 rebus
3610 4994 3767 5066 agit,

2166 5107 2271 5148 non
2304 5092 2396 5146 uni
2426 5088 2527 5146 soli
2557 5085 2749 5141 haeresi
2779 5127 2794 5150 ,
2827 5083 2922 5140 sed
2948 5085 3114 5139 variis
3133 5093 3188 5140 et
3209 5084 3440 5140 diversis
3463 5084 3764 5144 obsistens.

2165 5188 2296 5243 Nam
2326 5185 2585 5239 adversus
2608 5179 2827 5235 Judazos
2857 5220 2872 5242 ,
2906 5178 3168 5233 adversus
3197 5177 3422 5232 Paulum
3449 5176 3767 5236 Samosata-

2164 5295 2291 5335 num
2326 5319 2341 5340 ,
2376 5275 2634 5330 adversus
2660 5271 2909 5336 Ariauos,
2938 5270 3198 5325 adversus
3226 5269 3600 5326 Marcionistas
3625 5312 3642 5339 ,
3665 5270 3766 5328 ad-

2225 5458 2298 5520 (a)
2331 5457 2416 5504 ttic
2454 5451 2667 5520 Psalmus
2696 5455 2872 5520 contra.
2897 5449 3093 5520 ωερε
3128 5446 3410 5520 profertur,
3447 5451 3560 5512 quia
3592 5451 3768 5512 probat

2163 5510 2404 5570 Christum
2443 5528 2558 5565 esse
2589 5514 2756 5562 Filium
2788 5513 2874 5561 Dei
2901 5525 2912 5559 :
2941 5518 3110 5560 contra
3145 5510 3342 5559 Paulum
3377 5510 3764 5571 Saniosatenum,

2199 5584 2276 5629 uia
2298 5581 2422 5629 dixit
2441 5577 2606 5642 tilium
2631 5584 2747 5642 ante
2771 5572 3207 5642 Luciferumtsive
3230 5573 3293 5622 ab
3315 5581 3505 5642 aeterno
3538 5577 3765 5637 genitum

2199 5595 2276 5629 “la
2298 5595 2422 5629 αιιιῐ
2443 5595 2606 5626 rttlum
2631 5595 2747 5624 ante
2772 5595 3043 5623 ιυειιυῐυιιι
3059 5611 3072 5629 ς
3100 5595 3207 5622 δινεῖ.
3230 5595 3293 5622 ill)
3315 5595 3505 5623 ClCJ'IIU
3538 5595 3765 5637 genuum

2163 5595 2316 5691 ﬁnisse
2341 5656 2354 5690 :
2379 5648 2550 5690 contra
2568 5639 2753 5694 Arium,
2777 5638 2892 5698 quia
2912 5636 3030 5684 dicit
3051 5633 3221 5698 Filium
3245 5647 3362 5685 esse
3384 5637 3607 5698 genitum
3625 5674 3641 5697 ,
3666 5649 3765 5686 non

2165 5705 2341 5753 factum
2368 5717 2380 5752 :
2407 5711 2575 5768 contra
2598 5696 2886 5768 Marcioriem
2910 5697 3318 5768 enatauiebarum,
3341 5696 3455 5760 quia
3477 5696 3565 5768 illo
3586 5696 3765 5768 probas

2164 5774 2243 5816 tur
2266 5778 2414 5814 unum
2438 5762 2596 5812 solum
2633 5773 2746 5826 esse
2773 5760 3075 5826 principium
3102 5767 3312 5826 {contra
3344 5772 3434 5810 eos
3463 5761 3548 5826 qui
3578 5767 3765 5825 negant

2166 5828 2576 5878 tesurrectionem
2596 5859 2610 5885 ,
2636 5825 2748 5886 quia
2770 5821 2855 5871 illo
2876 5821 3179 5871 resurrectio
3203 5822 3450 5883 probatur.
