4058 6432
245 569 451 613 versus
465 546 794 608 Manichzeos
814 548 870 598 et
888 538 1148 596 adversus
1166 543 1360 589 omnes
1379 526 1474 599 qui
1491 517 1878 581 resurrectioni

249 665 366 707 non
393 644 629 704 credunt
655 681 673 708 ,
709 636 874 694 struit
899 632 1094 689 aciem.
1125 624 1394 696 Quoniam
1424 632 1556 691 ergo
1581 622 1770 671 contra
1791 619 1877 708 tot

251 701 604 800 adversarios
633 701 896 789 instructa
921 734 1006 782 est
1027 721 1173 777 acies
1203 759 1220 784 ,
1262 713 1421 771 nobis
1447 722 1666 782 quoque
1690 701 1881 760 multis

251 833 436 891 oculis
458 842 600 900 opus
625 830 729 889 est,
758 829 819 876 ut
836 832 958 890 qua:
974 816 1046 872 sit
1069 807 1312 868 luctandi
1337 804 1498 870 ratio,
1527 806 1716 856 exacte
1743 809 1881 849 cou-

251 888 512 984 siderare
551 888 949 992 possimne—In
979 903 1220 963 externis
1263 899 1409 956 enim
1454 888 1878 990 certaminibus,

418 978 597 1083 aliqua
655 1001 900 1064 luctandi
940 999 1082 1057 ratio
1109 1009 1220 1052 non
1270 986 1650 1046 animadversa
1681 978 1842 1083 fuerit
1863 1019 1877 1040 ,

257 1068 394 1163 nihil
426 1068 658 1158 laudetur
685 1103 1000 1167 spectator:
1033 1102 1140 1146 non
1170 1083 1319 1142 enim
1340 1078 1629 1141 doctrinas,
1655 1070 1754 1167 sed
1784 1068 1882 1124 de-

259 1194 569 1252 lectationis
589 1163 760 1259 gratia
791 1184 925 1241 illud
954 1181 1224 1238 theatrum
1247 1181 1499 1258 coactum
1518 1175 1624 1259 est.
1655 1163 1757 1220 Hic
1776 1176 1884 1259 au-

261 1300 372 1344 tem
397 1285 500 1341 nisi
513 1290 702 1338 exacte
717 1273 1038 1349 cognoveris
1055 1269 1326 1327 undenam
1344 1253 1691 1320 adversarius
1711 1253 1883 1309 aciem

262 1394 417 1436 suam
450 1378 703 1440 instruat,
734 1381 789 1426 et
815 1368 960 1424 unde
997 1380 1099 1421 nos
1137 1377 1263 1418 eum
1295 1358 1551 1414 feriamus
1578 1393 1595 1420 ,
1627 1364 1734 1404 non
1767 1349 1886 1400 leve

261 1470 656 1527 detrimentum
683 1462 941 1533 accipies.
965 1458 1043 1514 Ne
1065 1457 1171 1513 hoc
1193 1466 1325 1523 ergo
1351 1448 1446 1506 tibi
1469 1444 1705 1533 eveniat,
1738 1453 1886 1533 men-

262 1573 372 1619 tem
405 1571 554 1614 tuam
581 1557 760 1613 excita
793 1531 822 1620 ,_
863 1558 1090 1607 arrectae
1134 1545 1234 1602 tibi
1274 1543 1387 1598 sint
1431 1550 1616 1594 aures.
1664 1531 1884 1590 Iuda-os

263 1656 502 1728 primum
537 1649 868 1714 invadimus,
897 1644 1158 1698 adversus
1187 1637 1308 1692 illos
1335 1633 1506 1689 aciem
1541 1624 1884 1688 instruimus,

263 1720 529 1819 prepheta
556 1760 623 1798 ex
645 1742 728 1796 his
750 1738 933 1795 verbis
953 1731 1326 1791 commilitone
1350 1733 1585 1782 utentes.
1617 1720 1756 1777 Cum
1785 1729 1888 1772 nos

262 1810 411 1906 enim
442 1840 692 1896 dicamus
714 1835 831 1890 haec
859 1832 1019 1903 plane
1048 1827 1116 1883 de
1141 1823 1360 1882 Christo
1381 1820 1525 1875 dicta
1554 1829 1681 1871 esse
1712 1854 1729 1880 ,
1771 1810 1891 1866 haec

265 1936 343 1992 illi
367 1949 478 1990 non
505 1929 821 1994 admittunt,
850 1922 947 1980 sed
969 1919 1216 1993 quaedam
1243 1914 1348 1971 alia
1370 1907 1882 1994 comminiscuntur.

264 2028 398 2097 Quae
425 2040 562 2097 ergo
588 2022 779 2078 dicunt
807 1992 1055 2088 primum
1093 2009 1393 2066 reintemus
1419 2044 1436 2070 ,
1465 2017 1530 2057 ac
1553 1999 1825 2097 deinceps.
1836 1992 1892 2049 id

265 2088 413 2195 quod
440 2088 678 2174 dicimus
704 2109 1113 2168 wnllrmemus.
1168 2103 1346 2171 Atque
1374 2110 1520 2153 nunc
1534 2107 1642 2195 eos
1665 2088 1888 2195 interim

267 2183 546 2286 rogemus,
573 2209 695 2280 quis
719 2214 806 2262 est
830 2202 994 2274 hujus
1010 2197 1140 2272 justi
1170 2194 1426 2252 dominus
1447 2192 1474 2246 ?
1524 2187 1670 2244 Dixit
1703 2183 1855 2286 enim
1873 2223 1890 2249 ,

269 2275 469 2378 inquit,
503 2275 756 2358 Dominus
788 2295 1012 2352 Domino
1038 2306 1171 2347 meo.
1201 2287 1322 2344 Non
1353 2282 1607 2341 meminit
1629 2279 1780 2359 enim
1803 2275 1893 2332 hic

269 2372 430 2458 unius
451 2410 722 2470 personas.
737 2391 834 2449 sed
852 2390 1017 2446 unius
1047 2386 1138 2458 qui
1162 2398 1285 2440 cum
1301 2395 1413 2438 uno
1436 2378 1609 2470 altero
1631 2372 1890 2470 loquitur.

269 2462 574 2562 Quemnam
602 2500 738 2558 ergo
755 2483 944 2539 dicunt
963 2494 1086 2536 esse
1106 2481 1232 2533 eum
1254 2473 1345 2546 qui
1375 2470 1547 2528 dicit?
1573 2468 1768 2562 Deum.

271 2556 454 2642 dotem
476 2580 630 2636 audit
649 2556 691 2632 ἲν
711 2573 1006 2632 Abraham.
1040 2570 1146 2627 Alii
1171 2583 1304 2624 vero
1325 2560 1630 2621 Zorohabel
1658 2602 1674 2625 ,
1702 2569 1759 2615 et
1802 2556 1893 2611 alii

274 2678 473 2734 alium:
502 2683 564 2730 ut
585 2671 722 2729 ebrii
772 2680 828 2725 et
865 2665 1000 2724 nihil
1039 2661 1185 2735 quod
1227 2658 1516 2718 conveniat
1561 2655 1844 2725 loquentes
1871 2692 1888 2717 ,

273 2771 382 2827 imo
409 2782 546 2823 vero
577 2765 718 2820 sicut
737 2761 829 2833 qui
872 2759 926 2815 in
956 2755 1198 2813 tenebris
1231 2750 1517 2808 ambulant
1542 2789 1559 2814 ,
1590 2755 1646 2802 et
1676 2745 1895 2833 pulsant

273 2855 408 2912 alter
433 2853 688 2908 alterum.
717 2827 858 2915 Quid
888 2858 1041 2915 ergo,
1067 2841 1156 2897 dic
1186 2838 1340 2902 mihi,
1367 2848 1577 2907 quaso,
1605 2839 1761 2887 estne
1788 2827 1890 2883 Ζος

273 2943 495 3003 robabel
541 2939 760 2996 Davidis
808 2931 1122 2992 Dominus?
1157 2930 1228 2986 Et
1268 2925 1544 3000 quomodo
1589 2922 1750 2978 luerit
1791 2918 1898 2974 hoc

273 3043 703 3093 consentaneum
733 3070 749 3094 ,
778 3042 900 3084 cum
929 3025 1047 3096 ipse
1082 3036 1183 3095 pro
1226 3033 1426 3091 magno
1469 3018 1678 3072 honore
1722 3011 1893 3069 David

277 3128 580 3200 appellatus
605 3121 720 3178 sit?
751 3120 925 3175 Porro
965 3131 1029 3172 ea
1071 3129 1194 3185 qua;
1222 3117 1633 3181 consequuntur
1665 3149 1681 3174 ,
1710 3114 1897 3161 osten-

276 3197 410 3276 dunt
435 3217 569 3273 nihil
595 3215 687 3270 hic
709 3213 916 3269 dictum
947 3222 1072 3264 esse
1095 3207 1166 3262 de
1190 3201 1529 3268 Zorobabel,
1565 3215 1669 3256 nec
1693 3197 1765 3254 de
1795 3197 1899 3252 Da-

278 3311 433 3366 vide:
470 3307 650 3362 nullus
680 3304 826 3361 enim
868 3315 1060 3357 eorum
1089 3297 1299 3353 honore
1328 3292 1651 3350 sacerdotali
1680 3288 1899 3344 functus

278 3411 388 3458 est:
419 3400 511 3454 hic
531 3406 714 3452 autem
747 3396 952 3449 dictum
981 3397 1068 3447 est
1093 3389 1161 3445 de
1189 3388 1374 3458 aliquo
1400 3427 1416 3452 ,
1443 3385 1536 3455 qui
1564 3397 1763 3437 novum
1791 3381 1896 3436 ali—

277 3491 420 3563 quod
471 3501 528 3546 et
567 3483 890 3544 admirabile
933 3479 1294 3538 sacerdotium
1326 3477 1462 3533 obit.
1513 3473 1592 3528 Tu
1617 3491 1670 3529 es
1698 3472 1843 3527 enim
1877 3512 1894 3538 ,

279 3585 475 3652 inquit,
502 3580 743 3638 sacerdos
767 3578 823 3632 in
851 3586 1098 3632 aeternum
1115 3571 1398 3628 secttndum
1423 3569 1656 3625 ordinem
1677 3566 1901 3620 Melchi-

277 3681 424 3736 κάκ
468 3678 542 3750 (υ.
574 3677 655 3749 4).
697 3674 810 3731 Sed
851 3689 967 3730 rem
1009 3670 1343 3743 propositam
1374 3667 1729 3736 explicemus.
1763 3662 1900 3717 Pro-

280 3773 458 3831 feront
482 3771 629 3828 enim
659 3768 837 3825 adhuc
865 3767 967 3822 alia
998 3765 1245 3838 quadam
1268 3763 1354 3818 his
1375 3760 1635 3826 futiliora,
1658 3758 1903 3814 dicentes

281 3869 397 3924 btec
422 3867 566 3923 dicta
596 3879 721 3921 esse
747 3862 816 3918 de
843 3861 1082 3933 populo:
1109 3857 1204 3915 sed
1234 3872 1411 3928 neque
1433 3853 1668 3926 populus
1687 3851 1784 3905 fuit
1807 3866 1898 3905 sa-

280 3959 496 4022 cerdos,
527 3972 706 4027 neque
749 3955 852 4010 alia
888 3968 1010 4025 quae
1035 3951 1179 4007 dicta
1204 3958 1333 4006 sunt
1366 3949 1415 4004 ei
1447 3954 1675 4018 possunt
1701 3959 1904 4000 conve-

283 4054 424 4109 nire.
457 4051 538 4106 Eo
581 4051 764 4118 itaque
803 4057 1076 4116 tamquam
1119 4043 1262 4099 inani
1308 4041 1678 4112 praetermisso
1710 4080 1726 4104 ,
1757 4036 1901 4107 quod

286 4164 395 4204 non
427 4161 566 4216 opus
592 4143 789 4198 habeat
815 4135 1137 4212 probatione
1165 4144 1546 4208 utievertatur,
1579 4131 1727 4188 aliud
1755 4129 1901 4202 quod

282 4241 474 4296 dicunt
497 4238 551 4291 in
574 4235 812 4292 medium
833 4233 1187 4288 adducamus.
1214 4228 1352 4296 Quid
1370 4242 1499 4297 ergo
1514 4241 1703 4281 rursus
1724 4223 1909 4280 dicunt

284 4331 420 4388 alii?
450 4328 620 4384 Filius
651 4325 883 4382 Abrahae
905 4324 1022 4379 hmo
1041 4323 1171 4378 dicit
1194 4321 1262 4377 de
1293 4320 1516 4375 domino
1546 4332 1664 4373 suo.
1690 4315 1760 4371 Et
1779 4315 1908 4386 quid

285 4423 460 4496 possit
479 4437 547 4476 eo
568 4433 690 4475 esse
721 4417 971 4473 inanius?
991 4414 1130 4484 Quid
1149 4414 1291 4469 enim
1317 4413 1403 4467 hic
1424 4411 1541 4466 vult
1567 4411 1705 4464 illius
1731 4407 1907 4463 Abra-

287 4516 408 4572 hazi
436 4514 536 4571 Ubi
565 4523 746 4567 autem
768 4509 1024 4566 sacerdos
1054 4507 1154 4563 fuit
1180 4506 1298 4576 ejus
1323 4505 1598 4568 dominus,
1632 4502 1720 4572 qui
1744 4500 1910 4556 etiam

287 4609 405 4680 ipse
430 4603 716 4662 sacerdote
747 4599 1105 4658 Melchisedec
1149 4613 1278 4654 usus
1311 4607 1430 4662 est,
1461 4605 1516 4650 et
1551 4595 1703 4666 petiit
1739 4593 1807 4648 ab
1841 4608 1909 4648 eo

289 4698 726 4756 benedictionem
746 4695 772 4748 ?
790 4693 1074 4764 Quomodo
1094 4700 1272 4746 autem
1297 4689 1458 4744 fuerit
1481 4694 1909 4743 coxisentanenm

288 4793 494 4847 dictum
522 4803 645 4846 esse
673 4788 743 4842 de
772 4785 1065 4853 Abraham,
1101 4783 1182 4838 Ea:
1206 4793 1350 4838 utero
1381 4792 1500 4836 ante
1526 4781 1797 4853 luciferum
1815 4796 1908 4851 ge-

291 4886 381 4939 nui
407 4895 457 4939 te
485 4882 558 4954 (υ.
591 4881 648 4954 3)
672 4881 698 4934 ?
725 4879 1008 4948 Quomodo
1034 4886 1219 4934 autem
1258 4877 1343 4932 vel
1376 4875 1560 4931 Davidi
1587 4918 1602 4941 ,
1633 4876 1715 4930 vel
1745 4873 1915 4928 Zoro-

292 4976 472 5035 babeli
503 5018 518 5041 ,
549 4975 636 5030 vel
672 4973 870 5044 pepulo
897 4973 1016 5029 haec
1041 4971 1397 5028 convenerint
1432 4968 1727 5024 ?Naturam
1767 4969 1913 5024 enim

294 5070 591 5125 humanam
633 5075 899 5136 superat,
929 5065 1075 5137 quod
1117 5065 1323 5120 dictum
1365 5071 1468 5118 est.
1518 5062 1653 5117 Illud
1683 5070 1863 5116 autem
1893 5103 1909 5127 ,

299 5163 436 5219 Sede
460 5179 494 5215 a
514 5161 711 5215 dextris
731 5159 876 5226 meis,
902 5174 1191 5230 quamnam
1224 5157 1474 5213 habuerit
1498 5156 1910 5228 interpretatio-

297 5269 422 5308 nem
453 5293 470 5320 ,
498 5253 544 5308 si
575 5241 824 5321 personae
859 5251 966 5306 ille
1008 5251 1197 5321 posita:
1227 5251 1426 5306 fuerint
1451 5251 1476 5305 ?
1507 5250 1740 5305 Nullam.
1771 5250 1918 5318 Quo-

300 5345 464 5400 modo
493 5353 675 5399 autem
715 5343 850 5399 dixit
875 5343 1106 5399 Abrahae
1126 5385 1141 5409 ,
1175 5343 1311 5399 Sede
1340 5360 1372 5396 a
1411 5344 1603 5399 dextris
1628 5347 1752 5399 meis
1781 5387 1796 5408 ,
1825 5347 1917 5417 qui

299 5436 384 5490 vel
415 5435 623 5505 angelis
647 5436 902 5490 assistere
923 5477 939 5501 ,
967 5436 1114 5491 ducit
1153 5450 1276 5490 esse
1305 5435 1524 5506 dignum
1556 5436 1764 5493 honore
1797 5455 1915 5493 ma-

302 5528 488 5582 ximo?
513 5526 620 5582 Sed
650 5527 902 5596 quidnam
933 5537 1037 5594 est,
1069 5542 1276 5598 quarso,
1306 5529 1448 5598 quod
1479 5544 1578 5598 pro
1606 5546 1702 5585 sua
1734 5531 1921 5588 dicunt

303 5617 613 5689 sapientia?
645 5617 713 5672 Et
741 5619 1013 5689 quomodo
1039 5659 1055 5685 ,
1099 5619 1346 5688 inquiunt
1381 5661 1396 5688 ,
1427 5620 1593 5676 alium
1623 5622 1924 5681 introducis

1406 397 1777 464 EXPOSITIO
1816 395 1882 452 ΙΝ
1923 391 2255 450 ΡΒΔΜΙΗΜ
2296 394 2435 452 CIX.

3513 386 3624 447 266

1993 513 2092 571 Cui
2121 515 2323 586 itaque,
2348 513 2455 578 dic,
2483 528 2688 584 quaeso,
2719 511 2819 568 hoc
2841 512 3044 567 dictum
3068 519 3152 566 est
3178 506 3204 564 Ἰ
3229 504 3541 564 lmmemori
3568 515 3624 562 ct

1993 609 2206 678 ingrato
2235 617 2326 661 tuo
2351 607 2536 660 animo
2567 604 2688 660 hzec
2716 604 2958 661 maxime
2983 603 3127 660 dicta
3156 609 3283 658 sunt
3307 642 3324 664 ,
3350 616 3383 658 0
3407 598 3620 657 Iudaee.

1990 698 2103 754 Cur
2146 699 2292 754 enim
2324 697 2562 753 Abrahte
2604 697 2738 752 nihil
2789 695 3059 766 ejusmodi
3101 695 3306 751 dictum
3353 702 3435 748 est
3466 732 3482 758 ,
3512 705 3622 744 non

1993 789 2176 855 Isaac,
2210 806 2318 844 non
2348 788 2541 853 Jacob,
2572 804 2681 843 non
2703 786 2874 853 Mosi;
2900 786 2995 842 sed
3026 786 3122 841 tibi
3146 785 3246 840 soli
3279 824 3293 846 .
3328 789 3619 854 postquam

1991 898 2060 938 ex
2091 882 2330 954 Egypto
2360 895 2615 952 egressus
2641 879 2949 936 conﬂavisti
2979 878 3210 934 vitulum
3233 873 3436 947 (Exod.
3475 870 3573 939 52)
3602 870 3630 927 ?

1991 991 2228 1048 quanam
2255 989 2387 1046 ergo
2413 973 2485 1031 de
2509 972 2715 1030 causa?
2736 971 2828 1028 dic
2849 971 3011 1028 mihi.

2069 1067 2217 1123 Unus
2246 1083 2341 1122 cur
2365 1067 2571 1121 dicatur
2598 1063 2761 1119 Deus.
2791 1092 2864 1106 —-
2893 1062 3049 1132 Quod
3075 1063 3124 1119 si
3154 1062 3271 1134 ipse
3297 1059 3520 1118 haesitas
3548 1101 3564 1124 ,
3597 1072 3628 1113 a

1994 1174 2082 1214 me
2109 1173 2334 1214 causam
2361 1157 2566 1214 edisce.
2609 1154 2877 1222 Quoniam
2921 1155 3067 1210 enim
3111 1167 3368 1225 egressus
3395 1150 3624 1207 vitulum

1993 1248 2351 1313 conﬂaveras,
2375 1257 2430 1303 et
2455 1247 2794 1318 Beelphegor
2823 1245 3007 1302 fueras
3028 1246 3271 1302 initiatus
3295 1242 3487 1316 (Num.
3503 1241 3623 1315 25),

1993 1351 2050 1398 et
2077 1342 2305 1398 deorum
2351 1341 2564 1397 turbam
2610 1337 2990 1407 admiraberis,
3014 1337 3277 1394 nefariam
3319 1338 3466 1393 illam
3491 1337 3624 1393 deo-

1994 1452 2116 1492 rum
2159 1434 2562 1490 multitudinem
2615 1432 2882 1490 inducens
2929 1450 2944 1487 :
2989 1433 3239 1488 morbum
3270 1440 3421 1487 tuum
3448 1429 3624 1501 repri-

1995 1543 2155 1584 mens
2182 1569 2197 1592 ,
2229 1526 2297 1583 ad
2329 1527 2462 1583 deos
2504 1525 2597 1598 qui
2636 1541 2745 1582 non
2785 1535 2915 1581 sunt
2951 1525 3368 1597 distinguendos
3398 1565 3414 1588 ,
3445 1524 3627 1595 posuit

1995 1621 2150 1689 illud,
2181 1619 2350 1689 Unus,
2367 1637 2474 1676 non
2490 1628 2549 1676 ut
2567 1620 2784 1676 tolleret
2812 1620 3181 1692 Unigenitum.
3205 1619 3450 1690 Quanam
3477 1618 3626 1674 enim

1996 1711 2067 1768 de
2103 1727 2263 1767 causa
2307 1711 2489 1767 statim
2530 1712 2584 1766 in
2633 1710 2914 1782 prooemiis
2948 1711 3152 1766 dictum
3187 1719 3272 1767 est
3299 1727 3314 1766 :
3345 1710 3629 1768 Faciamus

1996 1803 2255 1858 hominem
2284 1806 2355 1858 ad
2383 1802 2661 1875 imaginem
2682 1811 2730 1856 et
2750 1802 3146 1856 similitudinem
3172 1811 3406 1858 nostram
3436 1800 3456 1874 (
3485 1799 3622 1857 Gen.

1999 1898 2052 1952 l.
2083 1896 2179 1968 26)
2200 1898 2225 1951 ?
2250 1896 2318 1953 Et
2337 1912 2527 1953 rursus
2558 1913 2572 1949 :
2613 1894 2811 1961 Venite,
2831 1894 3223 1964 descendamus,
3251 1905 3302 1951 et
3329 1895 3627 1968 confunda-

1997 2006 2112 2045 mus
2134 1990 2341 2061 linguas
2370 2005 2551 2046 eorum
2597 1987 2618 2061 (
2650 1987 2781 2045 Gen.
2816 1991 2907 2045 Η.
2938 1990 2971 2045 7
3003 1990 3022 2060 )
3093 1989 3163 2045 Et
3192 2005 3381 2047 rursus
3415 1990 3628 2047 David:

1999 2080 2289 2153 Propterea
2330 2082 2478 2137 unxit
2507 2092 2557 2136 te
2580 2080 2724 2137 Deus
2753 2125 2770 2151 ,
2808 2081 2946 2137 Deus
2983 2092 3103 2138 tuus
3139 2085 3251 2139 oleo
3296 2083 3493 2139 latitia:
3519 2101 3632 2156 pra!

1998 2173 2319 2229 consortibus
2348 2174 2449 2228 tuis
2480 2172 2660 2244 (Psal.
2689 2174 2780 2230 44.
2810 2171 2892 2246 8).
2925 2174 2984 2231 Si
3021 2184 3204 2232 autem
3235 2174 3418 2235 Moses
3443 2176 3578 2233 dicit
3610 2194 3624 2232 :

1999 2265 2260 2323 Dominus
2302 2265 2446 2336 Deus
2489 2277 2606 2322 tuus
2650 2265 2910 2322 Dominus
2952 2285 3088 2323 unus
3133 2278 3248 2323 est:
3280 2247 3634 2327 imbecillitas

1999 2366 2176 2414 vestra
2207 2357 2306 2412 fuit
2332 2357 2386 2413 in
2412 2372 2596 2413 causa.
2628 2358 2697 2413 Et
2725 2357 2853 2428 quid
2882 2358 3080 2416 mirum
3111 2358 3156 2414 si
3195 2358 3301 2415 hoc
3321 2361 3376 2415 in
3406 2341 3634 2432 dogma-

2000 2450 2143 2506 tibus
2173 2451 2372 2505 factum
2396 2460 2502 2516 est,
2533 2450 2754 2521 quando
2775 2450 2939 2506 etiam
2971 2449 3023 2504 in
3045 2449 3211 2507 rebus
3233 2467 3266 2509 a
3289 2451 3630 2521 perfectiori-

1998 2544 2102 2600 bus
2139 2544 2206 2599 ad
2238 2543 2418 2599 minus
2457 2543 2698 2614 perfecta
2737 2542 2964 2601 deduxit
3007 2543 3151 2600 Deus
3190 2546 3495 2602 orationem
3525 2589 3541 2614 ,
3570 2562 3633 2602 se

1999 2635 2296 2692 demitteus
2343 2635 2413 2691 ad
2459 2645 2702 2692 nostram
2742 2635 3223 2694 imbecillitatem?
3267 2637 3531 2706 Quocirca
3575 2648 3638 2695 et

2001 2745 2226 2785 uxorem
2257 2729 2396 2786 hanc
2423 2731 2647 2801 quidem
2675 2730 2894 2801 ejicere,
2930 2729 3077 2787 illam
3109 2746 3241 2787 vero
3263 2731 3512 2802 permisit
3540 2732 3627 2786 iu-

2000 2822 2291 2878 troducere
2319 2864 2336 2890 ,
2382 2838 2507 2878 cum
2553 2837 2660 2877 non
2712 2824 2853 2877 hanc
2895 2823 3071 2894 legem
3116 2822 3325 2879 tulisset
3363 2823 3434 2879 ab
3477 2824 3633 2880 initio

2002 2914 2184 2986 (Deut.
2207 2915 2327 2987 24).
2357 2916 2613 2972 Ciborum
2639 2929 2856 2987 quoque
2877 2931 3131 2988 magnum
3160 2917 3290 2973 fecit
3314 2916 3635 2983 discrimen,

2002 3008 2129 3065 licet
2170 3009 2502 3065 contrarium
2538 3010 2770 3066 dixisset
2807 3011 2877 3065 ab
2915 3009 3072 3066 initio
3102 3029 3116 3064 :
3157 3010 3448 3082 Tamquam
3487 3011 3636 3067 olera

2001 3104 2118 3175 agri
2135 3102 2254 3156 dedi
2273 3104 2414 3158 vobis
2444 3103 2620 3157 omnia
2656 3101 2678 3176 (
2708 3101 2895 3158 Genes.
2938 3102 2994 3160 9.
3017 3103 3053 3158 3
3080 3101 3122 3174 ).
3170 3102 3246 3159 De
3271 3103 3396 3160 loco
3415 3119 3638 3176 quoque

2003 3194 2205 3249 multas
2227 3194 2376 3264 leges
2406 3195 2608 3258 sanxit,
2637 3208 2744 3250 non
2771 3194 3099 3266 permittens
3119 3192 3535 3265 ubiquepreces
3563 3195 3634 3250 ad

2003 3287 2178 3342 Deum
2203 3287 2503 3358 porrigere,
2527 3288 2777 3357 quamvis
2799 3303 2868 3342 ne
2896 3287 3003 3342 hoc
3017 3288 3240 3358 quidem
3263 3291 3640 3347 constituisset

2005 3378 2075 3434 ab
2101 3379 2272 3434 initio.
2298 3379 2438 3448 Quin
2465 3378 2637 3435 etiam
2662 3379 2716 3434 in
2743 3379 3035 3436 Persarum
3063 3380 3286 3449 regione
3302 3383 3380 3453 (a)
3401 3381 3638 3438 Abrahae

2005 3469 2158 3524 visus
2185 3478 2304 3535 est,
2336 3479 2392 3524 et
2421 3471 2476 3524 in
2520 3469 2809 3526 Palmstina
2844 3511 2861 3539 ,
2904 3480 2961 3526 et
2998 3469 3237 3542 ubique;
3267 3479 3323 3526 et
3349 3471 3484 3528 Mosi
3513 3483 3639 3544 post

2007 3560 2126 3617 haec
2156 3562 2211 3616 in
2233 3562 2547 3618 solitudine.

2079 3654 2135 3708 2.
2164 3653 2304 3723 Quid
2327 3654 2498 3726 ergo?
2526 3654 2759 3726 inquies,
2791 3665 3129 3728 repugnatne
3155 3657 3375 3729 sibiipsi,
3394 3659 3639 3730 Scriptu-

2007 3763 2070 3804 ra
2101 3747 2127 3801 ?
2152 3748 2352 3804 Absit:
2381 3748 2478 3803 sed
2519 3750 2700 3803 omnia
2751 3764 2853 3820 pro
2904 3760 3152 3820 tempore
3197 3750 3541 3808 administrat
3583 3763 3642 3809 et

2008 3840 2290 3909 dispensat
2322 3839 2388 3894 ad
2420 3840 2708 3895 utilitatem
2735 3882 2751 3906 ,
2804 3842 3234 3914 uniuscujusque
3270 3845 3640 3914 generationis

2009 3933 2434 3990 imbecillitatem
2464 3934 2766 4004 corrigens.
2810 3935 2878 3990 Et
2905 3934 3028 3991 ideo
3059 3935 3152 3991 tibi
3179 3937 3399 4007 quidem
3426 3938 3636 3995 dictum

2010 4035 2112 4092 est,
2149 4024 2404 4080 Dominus
2436 4023 2573 4079 Deus
2594 4034 2710 4080 tuus
2727 4024 2985 4082 Dominus
3011 4044 3144 4082 unus
3171 4039 3263 4083 est.
3283 4029 3438 4096 Quod
3455 4038 3643 4086 autem

2012 4118 2212 4174 haheat
2239 4117 2405 4173 etiam
2436 4116 2633 4172 Filium
2661 4157 2678 4176 .
2709 4117 2994 4189 prephetze
3023 4120 3074 4175 in
3103 4120 3260 4177 libris
3285 4122 3402 4177 suis
3423 4123 3644 4192 praemi-

2013 4222 2232 4268 serunt:
2259 4225 2434 4281 neque
2458 4209 2616 4266 valde
2646 4219 2836 4280 aperte
2863 4211 3117 4268 dixerunt
3147 4254 3163 4280 ,
3195 4227 3264 4269 ne
3293 4222 3440 4268 tuam
3462 4213 3643 4272 oil'ene

2013 4304 2207 4360 dercnt
2233 4304 2696 4370 imbecillitatem;
2726 4320 2828 4360 nec
2852 4306 3099 4361 celarunt
3123 4347 3138 4370 ,
3163 4317 3219 4362 ut
3243 4317 3365 4379 post
3396 4307 3514 4364 haec
3538 4308 3641 4364 da-

2014 4405 2138 4453 rent
2177 4396 2271 4452 tibi
2317 4397 2498 4454 locum
2539 4397 2897 4467 resipiscendi
2925 4439 2941 4464 ,
2987 4409 3041 4454 et
3095 4416 3167 4456 ex.
3216 4401 3450 4473 propriis
3487 4401 3648 4459 libris

2015 4488 2304 4561 colligendi
2335 4488 2591 4560 dogmata
2621 4489 2886 4545 veritatis.
2917 4490 2992 4545 lta
3030 4491 3193 4551 etiam
3235 4492 3473 4550 maxime
3515 4509 3646 4567 pro-

2016 4579 2217 4650 phetas.
2241 4581 2542 4650 poterimus
2565 4580 2861 4650 prophetas
2881 4595 3005 4637 esse
3031 4580 3345 4651 ostendere,
3370 4592 3507 4639 etut
3538 4584 3647 4642 ﬁde

2017 4670 2241 4743 dignum
2270 4672 2340 4726 sit
2361 4671 2531 4727 Vetus
2563 4671 2977 4728 Testamentum
3001 4671 3241 4738 efﬁcere,
3276 4675 3495 4749 quando
3519 4694 3645 4733 cum

2017 4764 2271 4834 gentibus
2299 4762 2642 4820 disserimus.
2669 4764 2804 4819 Nam
2827 4765 2870 4819 si
2900 4764 3005 4820 hoc
3029 4766 3337 4833 sustuleris,
3369 4769 3647 4840 quomodo

2019 4871 2082 4912 os
2108 4855 2358 4927 gentibus
2388 4856 2679 4910 obstrues?
2724 4855 2866 4925 Quid
2907 4857 3054 4911 enim
3099 4857 3290 4914 dices?
3330 4860 3536 4915 exitum
3578 4875 3652 4918 ex

2020 4947 2256 5020 Egypto
2275 4989 2290 5014 ,
2327 4956 2383 5002 et
2407 4963 2527 5018 quae
2554 4947 2623 5002 de
2650 4956 2703 5002 te
2727 4947 2986 5019 praedicta
3012 4951 3174 5005 sunt?
3199 4949 3309 5006 Sed
3336 4967 3400 5005 ea
3422 4969 3532 5008 non
3557 4954 3650 5010 ille

2022 5042 2292 5097 admittet.
2320 5040 2378 5096 Si
2404 5050 2585 5095 autem
2615 5042 2929 5095 narraveris
2976 5058 3096 5111 qua:
3139 5043 3208 5100 de
3256 5043 3475 5101 Christo
3504 5045 3657 5103 dicta

2023 5144 2152 5191 sunt
2178 5134 2233 5189 in
2267 5133 2484 5200 Veteri,
2517 5142 2573 5188 et
2597 5132 2908 5189 ostenderis
2931 5149 3114 5190 rerum
3147 5137 3431 5191 veritatem
3457 5139 3649 5194 testari

2025 5234 2280 5282 eventum
2311 5224 2614 5296 prOphetim
2648 5266 2664 5290 ,
2711 5239 2779 5280 ne
2808 5226 3008 5295 poterit
3043 5226 3260 5298 quidem
3290 5229 3569 5286 resistere.
3595 5230 3652 5287 Si

2026 5326 2209 5373 autem
2233 5327 2418 5372 nostra
2448 5315 2839 5387 reprehendas,
2869 5334 2903 5373 o
2924 5316 3138 5387 Judtee,
3167 5322 3442 5391 quomodo
3485 5321 3653 5378 Vetus

2027 5412 2442 5470 Testamentum
2482 5409 2782 5469 defendes?
2806 5411 2865 5468 Si
2892 5411 3022 5481 quis
3057 5412 3202 5467 enim
3252 5414 3347 5468 tibi
3393 5414 3592 5471 dixerit
3630 5436 3645 5474 :

2028 5502 2317 5574 Quomodo
2347 5512 2474 5558 sunt
2494 5518 2626 5558 vera
2657 5519 2776 5573 quae
2799 5502 3220 5574 scripsitilloses
3245 5547 3261 5572 ,
3292 5507 3420 5576 quid
3452 5507 3604 5564 dices
3631 5509 3655 5564 ?

2094 5657 2172 5724 (α)
2203 5659 2459 5727 Familiare
2483 5657 2834 5727 Chrysostomq
2863 5657 3253 5727 estChakleeam
3279 5664 3655 5727 etBabylonem

305 5709 617 5772 Dominum,
648 5725 768 5762 cum
789 5718 976 5779 aperte
997 5708 1142 5764 dicat
1166 5708 1480 5780 Scriptura:
1509 5710 1766 5769 Dominus
1786 5711 1925 5768 Deus
2019 5708 2289 5774 pergama
2313 5708 2798 5785 regioném'vocarq.
2813 5708 2935 5785 [Ege
2951 5708 3658 5779 meagjggigag'ﬁégg'ﬁ;

307 5812 422 5857 ιαιη
455 5802 712 5857 Dominus
738 5819 870 5857 ειηιιε
905 5811 977 5857 εει
999 5844 1015 5871 .
1041 5814 1088 5858 ει
1119 5820 1232 5858 eum
1260 5805 1428 5859 solum
1457 5805 1631 5871 coles.
1663 5817 1710 5861 et
1733 5811 1928 5872 ρνιειεν
2025 5781 3658 5872 $31.9“2‘1‘3‘3‘33‘199.I°f£9t.°‘§.‘.33§3‘qu'e‘iidii‘lusmmid“

305 5897 472 5968 ipsum
499 5913 604 5952 non
632 5904 706 5951 est
735 5894 877 5954 Deus
915 5895 935 5969 (
965 5895 1115 5953 Dent.
1148 5897 1201 5955 6.
1234 5898 1286 5955 Δ.
1320 5899 1406 5956 l5.
1433 5909 1544 5954 etc.
1578 5900 1630 5956 4.
1666 5915 1710 5955 υ.
1737 5900 1808 5956 55
1840 5897 1861 5971 )
1896 5900 1919 5954 ?

2032 5845 2173 5898 inter
2191 5847 2341 5897 dubia
2365 5845 2562 5896 locanda
2589 5860 2730 5905 esse,
2749 5846 2880 5907 quod
2905 5847 2971 5895 ibi
2996 5845 3395 5899 sehhacberibus
3417 5864 3510 5900 rex
3547 5860 3659 5900 Peo-

2034 5925 2198 5962 sarum
2215 5909 2402 5961 dicatur
2419 5919 2434 5967 ;
2458 5909 2548 5962 sed
2567 5907 2676 5959 alia:
2700 5908 2908 5961 subsunt
2929 5908 2995 5960 de
3019 5908 3117 5960 illis
3137 5909 3391 5964 dubitandi
3415 5913 3662 5965 rationes.
