4058 6438
515 390 616 450 an

512 512 646 578 Quia
671 514 758 584 eis
782 500 1135 563 credidimus.
1179 505 1345 560 Multo
1387 505 1558 574 magis
1599 514 1730 574 ergo
1759 513 1943 558 nostra
1989 516 2114 556 vera

503 612 682 662 sunt:
741 614 862 656 nam
913 615 1011 655 nos
1047 613 1262 669 quoque
1310 597 1637 653 credidimus
1676 613 1690 660 ;
1746 605 1801 650 et
1841 609 1938 649 vos
1993 595 2116 665 qui-

512 695 633 750 dem
654 696 912 749 estis'una
935 706 1086 764 gens,
1116 707 1215 747 ncs
1241 700 1420 746 autem
1451 688 1732 743 uuiVersus
1759 684 1908 741 orbis
1939 696 2112 738 terra-

515 803 633 841 rum
667 828 682 851 ,
714 786 974 856 vobisque
1016 796 1123 838 non
1170 785 1252 838 sic
1292 782 1558 852 persuasit
1601 780 1776 834 Moses
1802 820 1818 842 ,
1863 785 1922 831 ut
1958 774 2114 830 nobis

507 875 756 931 Christus
784 891 798 928 :
826 889 892 930 ac
939 878 1115 928 vestra
1145 871 1358 942 quidem
1386 878 1708 934 cessarunt,
1750 876 1933 923 nostra
1980 879 2111 920 vero

509 973 673 1020 stant.
716 967 799 1019 An
837 979 903 1020 ex
934 961 1415 1034 praedictionibus?
1441 959 1550 1016 Sed
1586 960 1772 1030 plures
1807 968 1933 1012 sunt
1967 957 2110 1026 apud

507 1067 628 1112 nos.
656 1053 846 1111 Nostra
866 1069 994 1125 ergo
1021 1055 1073 1108 si
1091 1053 1377 1109 sustuleris
1400 1091 1417 1117 ,
1446 1053 1551 1106 tuis
1581 1051 1826 1104 umbram
1852 1046 2108 1104 oii‘undis.

511 1152 594 1203 An
621 1164 690 1205 ex
720 1148 886 1218 signis
909 1146 1058 1202 YSed
1081 1157 1176 1200 vos
1203 1144 1418 1215 quidem
1449 1144 1610 1198 Musis
1656 1143 1859 1197 nullum
1888 1142 2112 1212 potestis

507 1239 720 1309 signum
750 1237 1068 1292 ostendere:
1103 1230 1200 1290 fuit
1219 1235 1363 1289 enim
1387 1276 1401 1298 .
1430 1244 1485 1289 et
1516 1234 1764 1298 transiit;
1798 1249 1898 1287 nos
1927 1236 2108 1287 autem

508 1328 710 1384 Christi
746 1329 910 1383 multa
949 1337 1003 1381 et
1039 1327 1253 1380 diversa
1295 1341 1414 1396 qua:
1450 1324 1628 1379 adhuc
1655 1338 1798 1379 nunc
1839 1326 1974 1378 liunt
1998 1364 2015 1387 ,
2046 1339 2109 1377 ac

502 1418 878 1488 praedictiones
905 1418 988 1472 vel
1032 1417 1147 1472 sole
1184 1418 1464 1472 clariores.
1497 1417 1578 1470 Au
1607 1429 1671 1469 es
1702 1415 1958 1471 levibus?
2000 1415 2106 1469 Sed

502 1519 702 1565 nostris
722 1508 841 1577 plus
871 1507 924 1561 in
951 1523 1008 1561 se
1032 1508 1308 1562 continent
1327 1506 1620 1570 sapientiae.
1646 1498 1753 1560 Sed
1780 1505 1906 1575 quid
1933 1504 1958 1558 ?
1986 1519 2108 1574 pro-

509 1595 1119 1666 hibentibusEgyptiis
1150 1599 1352 1666 egressi
1396 1597 1527 1651 estis
1552 1592 1581 1648 τ
1606 1595 1712 1650 Sed
1740 1612 1846 1650 non
1879 1594 2101 1664 perinde

501 1695 590 1742 est
618 1685 805 1742 orbem
834 1691 1102 1742 terrarum
1133 1686 1421 1741 bellantem
1450 1701 1758 1756 superasse,
1776 1697 1936 1756 atque
1961 1687 2107 1741 solos

500 1766 786 1848 Egyptios
823 1778 1042 1833 vicisse.
1095 1777 1162 1832 Et
1209 1776 1326 1837 inec
1369 1778 1491 1833 dico
1518 1819 1532 1843 ,
1569 1793 1677 1832 non
1703 1787 1760 1833 ut
1781 1777 1948 1832 Vetus
1975 1791 2096 1832 cum

504 1868 658 1923 Novo
700 1868 1031 1924 committam
1054 1886 1068 1923 :
1091 1866 1266 1922 absit:
1299 1867 1397 1924 sed
1435 1868 1766 1937 ingratorum
1793 1867 2102 1923 Judaeorum

497 1960 689 2016 volens
712 1974 775 2015 os
792 1959 1096 2015 obstruere.
1115 1958 1250 2014 Nam
1271 1964 1327 2014 et
1353 1959 1468 2014 haec
1488 1968 1543 2013 et
1572 1961 1659 2014 illa
1682 1959 1751 2013 ab
1770 1959 1961 2014 eodem
1992 1959 2102 2014 Deo

498 2052 622 2106 data
650 2059 705 2106 et
729 2047 868 2105 facta
899 2057 1044 2105 sunt.
1072 2048 1179 2105 Sed
1200 2049 1333 2105 illud
1359 2050 1482 2104 volo
1509 2050 1773 2121 probare,
1806 2048 2056 2104 Judaeum
2081 2091 2098 2116 ,

498 2140 726 2196 sublatis
767 2139 837 2196 de
882 2139 1098 2195 Christo
1135 2139 1430 2211 prophetiis
1458 2180 1474 2206 ,
1523 2147 1774 2195 evertere
1816 2139 2102 2194 maximam

502 2243 711 2302 partem
767 2231 1167 2302 prophetiarum
1192 2273 1208 2298 ,
1241 2247 1341 2287 nec
1382 2247 1542 2302 posse
1592 2242 1778 2302 aperte
1818 2231 2104 2289 ostendere

499 2323 834 2378 nobilitatem
855 2321 1070 2378 Veteris
1088 2364 1104 2391 ,
1129 2323 1234 2377 nisi
1262 2321 1468 2378 Novum
1502 2322 1804 2378 admiserit.
1823 2323 1977 2392 Quod
2003 2339 2103 2378 au-

501 2425 610 2470 tem
640 2414 754 2470 huic
782 2429 889 2468 non
909 2413 978 2470 de
999 2414 1216 2468 homine
1243 2414 1384 2470 dicta
1416 2414 1550 2481 sint,
1575 2423 1629 2470 et
1654 2430 1721 2470 ex
1751 2431 1818 2471 eo
1850 2416 1992 2486 quod
2023 2416 2106 2471 di-

497 2513 672 2571 catur,
701 2504 837 2561 Sede
863 2521 896 2558 a
924 2504 1117 2560 dextris
1137 2506 1260 2560 meis
1279 2546 1294 2571 ,
1316 2515 1374 2561 et
1395 2506 1541 2576 quod
1571 2507 1880 2561 nominetur
1907 2507 2096 2563 Domi-

500 2612 606 2650 nus
630 2611 783 2666 atque
812 2610 876 2651 ac
895 2595 1156 2651 Dominus
1183 2596 1275 2651 ille
1296 2595 1386 2665 qui
1410 2595 1538 2650 dicit
1559 2627 1577 2664 ς
1599 2606 1654 2652 et
1683 2595 1824 2666 quod
1849 2613 1913 2651 ex
1942 2607 2096 2653 utero

495 2696 625 2742 ante
650 2685 928 2740 luciferum
946 2687 1018 2741 sit
1034 2690 1272 2757 genitus,
1304 2695 1360 2742 et
1389 2701 1455 2741 ex
1480 2701 1548 2741 eo
1569 2685 1710 2755 quod
1737 2688 1806 2740 sit
1835 2687 2090 2744 sacerdos

498 2777 793 2832 secundum
842 2777 1089 2854 ordinem
1144 2777 1501 2832 Melchisedec
1525 2818 1541 2844 ,
1571 2785 1630 2832 et
1669 2792 1735 2832 ex
1767 2793 1833 2833 eo
1855 2777 1998 2848 quod
2021 2777 2104 2833 di-

497 2869 637 2924 citur
659 2905 676 2935 ,
704 2866 897 2922 Tecum
935 2867 1245 2937 principium
1283 2878 1457 2937 tuum,
1498 2868 1566 2924 iis
1604 2867 1696 2938 qui
1746 2869 1961 2938 sapiunt
1991 2869 2104 2925 cla-

498 2971 617 3016 ﬂll'n
640 2969 742 3016 εει.

567 3050 824 3106 Adversus
855 3041 1086 3107 Paulum
1127 3052 1522 3107 Sarnosatenum
1559 3062 1608 3108 et
1634 3062 1815 3107 contra
1852 3052 2097 3108 Arianae.

504 3172 577 3184 —
608 3143 765 3210 Quod
790 3145 836 3199 si
860 3144 996 3199 alius
1015 3142 1170 3198 nobis
1195 3156 1383 3197 rursus
1401 3153 1641 3214 emergat
1667 3143 1908 3210 Judaaus,
1945 3142 2103 3199 Chri-

500 3234 660 3290 stiani
685 3248 972 3305 personam
995 3231 1317 3302 suscipiens,
1348 3231 1552 3288 Paulus
1575 3273 1594 3299 ,
1626 3233 1842 3303 inquam
1859 3275 1877 3301 ,
1900 3233 2098 3289 Samo-

496 3333 754 3392 satenus,
787 3333 966 3395 potest
992 3323 1210 3393 quidem
1247 3323 1413 3378 etiam
1451 3323 1714 3380 adversus
1739 3339 1868 3380 eum
1895 3325 2004 3381 dici
2028 3341 2098 3381 ex

496 3414 666 3470 Novo.
692 3413 802 3470 Sed
826 3429 895 3470 ne
909 3411 1188 3469 videamur
1217 3413 1420 3470 relictis
1448 3415 1805 3484 prmsentibus
1833 3415 1902 3471 ad
1925 3417 2090 3472 aliam

502 3507 639 3563 aciei
669 3514 873 3576 partem
904 3507 1133 3561 transire
1154 3545 1172 3572 ,
1214 3521 1338 3561 eum
1370 3506 1493 3562 hinc
1518 3520 1732 3578 quoque
1754 3508 2095 3579 impetamus.

497 3591 637 3665 Quid
680 3599 726 3652 is
754 3611 882 3668 ergo
909 3593 1035 3652 dicit
1064 3597 1088 3650 τ
1134 3587 1306 3652 Homo
1329 3607 1444 3662 est,
1472 3597 1674 3667 inquit,
1707 3598 2050 3656 solummodo
2082 3617 2099 3657 :

496 3700 552 3747 et
575 3705 646 3747 ex
671 3704 781 3761 quo
803 3704 872 3745 ex
897 3689 1060 3744 Maria
1089 3697 1244 3745 natus
1273 3699 1377 3755 est,
1407 3698 1476 3745 ex
1502 3689 1594 3744 illo
1621 3698 1873 3760 tempore
1896 3699 2100 3748 tantum

497 3782 735 3840 exsistit.
750 3781 892 3850 Quid
919 3796 1069 3852 ergo,
1086 3779 1195 3849 dic,
1224 3795 1431 3852 (ιιιῐθεο,
1452 3780 1600 3836 dices
1621 3779 1691 3836 ad
1720 3781 1854 3836 illud
1875 3781 2096 3848 dictum,

495 3875 638 3946 quod
670 3874 858 3930 habet:
890 3873 975 3928 Ea:
999 3884 1142 3928 utero
1166 3883 1287 3927 ante
1312 3871 1584 3943 luciferum
1612 3873 1766 3942 genui
1792 3883 1841 3927 te
1861 3873 1887 3927 .’
1933 3873 2102 3944 Opor-

497 3973 577 4021 tet
603 3973 782 4020 autem
807 3964 929 4028 alia,
962 3975 1082 4034 quae
1106 3973 1294 4019 contra
1317 3962 1538 4019 Judteos
1561 3962 1704 4018 dicta
1736 3971 1898 4030 sunt,
1933 3965 2098 4020 etiam

500 4067 686 4112 contra
713 4067 808 4110 eos
833 4053 1036 4118 dicere,
1063 4056 1152 4124 qui
1175 4055 1245 4108 ab
1272 4069 1339 4109 eo
1359 4064 1759 4124 processerunt.
1790 4048 1902 4111 Nec
1931 4071 2028 4112 nos
2045 4058 2100 4112 in

497 4162 658 4204 causa
682 4160 888 4212 sumus,
918 4145 1011 4200 sed
1040 4145 1094 4198 hi
1121 4144 1222 4214 ipsi
1245 4145 1336 4216 qui
1363 4141 1562 4200 habent
1589 4153 1712 4200 cum
1740 4145 1819 4201 eis
1848 4158 2097 4218 magnam

498 4237 807 4307 dogmatum
853 4235 1224 4305 cogitationem
1255 4251 1271 4289 :
1301 4233 1446 4289 unde
1488 4235 1652 4290 etiam
1700 4234 1904 4290 eisdem
1935 4239 2102 4292 armis

497 4328 551 4382 in
571 4341 667 4382 eos
698 4315 1056 4381 utemini-.305
1077 4325 1243 4391 enim,
1261 4325 1356 4395 qui
1377 4325 1627 4380 similiter
1655 4326 1852 4382 bellum
1880 4332 2097 4397 gerunt,

497 4428 714 4490 oportet
735 4419 937 4476 eisdem
961 4410 1153 4488 iaculis
1178 4417 1486 4473 confodere.
1508 4419 1646 4486 Quid
1675 4420 1834 4488 igitur
1862 4421 1964 4475 sibi
1991 4421 2101 4475 vult

499 4513 677 4568 throni
709 4510 978 4566 societas?
1008 4503 1106 4565 Hic
1130 4510 1274 4565 enim
1304 4509 1604 4565 ostenditur
1634 4510 1853 4567 honoris
1880 4513 2102 4582 aequalis

499 4608 582 4659 tas
603 4643 621 4668 ,
668 4602 812 4674 quod
861 4603 993 4657 satis
1032 4611 1115 4657 est
1154 4601 1221 4656 ad
1250 4601 1634 4658 obstruendum
1662 4616 1725 4657 os
1754 4605 2094 4661 Arianorum.—

500 4689 569 4749 Et
605 4693 726 4749 ideo
767 4694 1011 4748 Christo:
1052 4702 1237 4747 contra
1279 4684 1497 4750 Iudaeos
1537 4693 1778 4749 dicentes
1818 4696 2090 4752 Christum

497 4799 620 4842 esse
657 4786 820 4841 ﬁlium
859 4785 1023 4841 David
1053 4786 1364 4856 subiunxit:
1395 4788 1663 4854 Quomodo
1690 4798 1810 4860 ergo
1853 4790 2020 4844 David
2046 4793 2099 4846 in

501 4871 704 4944 Spiritu
739 4885 883 4930 secat
925 4893 1039 4930 eum
1078 4867 1354 4930 Dominum
1381 4917 1396 4940 ,
1429 4879 1804 4933 dicens:Di:cit
1848 4873 2100 4937 Dominus

503 4969 728 5024 Domino
749 4986 879 5034 meo,
912 4967 1298 5025 Sedeadertris
1323 4970 1447 5023 meis
1476 4969 1689 5040 (Matth.
1719 4973 1807 5026 22.
1839 4973 1927 5029 45.
1962 4971 2099 5042 44)?

499 5055 700 5116 l‘aulus
726 5069 902 5115 autem
919 5061 987 5114 de
1009 5061 1306 5114 oeconomia
1337 5069 1519 5128 postea
1548 5070 1777 5117 tractans
1797 5062 1982 5136 (Hebr.
2013 5054 2095 5135 '7),

498 5163 556 5210 et
585 5169 702 5209 eam
732 5153 969 5221 apertius
999 5153 1354 5221 interpretans
1387 5194 1403 5218 ,
1433 5162 1488 5207 et
1529 5152 1778 5210 Marcioni
1823 5169 1877 5212 et
1926 5159 2097 5213 Mani-

499 5246 676 5312 chaee,
707 5249 762 5300 et
786 5245 850 5300 iis
873 5245 1120 5299 ominibus
1139 5244 1228 5312 qui
1255 5245 1415 5298 simili
1441 5246 1632 5299 morbo
1654 5247 2098 5314 iaho'ran:,.letale

499 5338 694 5392 vulnus
722 5332 912 5407 inﬂigit
935 5353 946 5389 :
972 5335 1356 5404 interpretatur
1377 5336 1521 5390 enim
1539 5350 1661 5392 cum
1682 5355 1746 5394 ea
1770 5356 1872 5411 qua
1895 5358 1990 5411 par
2012 5356 2097 5398 est

502 5428 804 5499 prudentia,
833 5425 1101 5496 quomodo
1125 5425 1222 5481 fuit
1243 5427 1494 5482 sacerdos
1524 5430 1818 5486 secundum
1847 5434 2092 5489 ordinem

511 5510 893 5580 bieichisedcc.
934 5516 1042 5570 Nos
1079 5523 1258 5572 autem
1312 5532 1500 5573 rursus
1535 5519 1602 5574 ad
1647 5525 1976 5592 propositum
2010 5541 2096 5581 re-

501 5612 788 5664 Vertamur.
815 5605 958 5662 Dixit
982 5605 1234 5663 Dominus
1257 5607 1475 5664 Domino
1500 5627 1612 5666 meo
1631 5653 1645 5674 ,
1677 5613 1812 5668 Sede
1838 5633 1872 5668 a
1901 5617 2094 5673 dextris

503 5701 646 5754 tusis.
697 5698 882 5754 Vidisti
933 5699 1290 5769 mqualitatem
1345 5699 1564 5756 honoris
1594 5702 1619 5754 ἲ
1660 5703 1760 5758 Ubi
1811 5707 1953 5761 enim
2012 5720 2096 5764 est

506 5793 770 5861 thronus,
800 5791 909 5849 illic
953 5799 1034 5849 est
1072 5791 1280 5864 signum
1308 5792 1497 5864 regni:
1530 5793 1618 5849 ubi
1663 5807 1840 5852 autem
1870 5798 2091 5860 thronus

1262 393 1316 448 S.
1354 389 1632 447 JOANNIS
1671 389 2148 446 CIIRYSOSTOMI
2186 392 2502 447 AHCIIIEP.
2546 395 3084 454 CONSTANTINOP.

3725 409 3833 465 268

2229 520 2367 559 unus
2393 547 2408 569 ,
2433 517 2518 562 est
2546 509 2787 577 ejusdem
2818 514 2964 581 regni
2995 513 3216 568 honoris
3243 517 3540 585 inqualitas.
3564 520 3833 587 Quocirca

2222 595 2424 652 Paulus
2443 615 2655 669 quoque
2680 601 2921 657 dicebat:
2951 605 3052 671 Qui
3078 607 3200 674 facit
3229 609 3434 678 angelos
3449 626 3569 664 suos
3591 613 3832 679 spiritus,

2219 696 2270 741 et
2296 689 2553 743 ministros
2595 706 2713 744 suos
2752 685 3017 761 ﬂammam
3055 698 3206 767 ignis.
3244 699 3325 751 Ad
3377 697 3570 754 Filium
3618 712 3836 757 autem:

2224 777 2458 835 Thronus
2486 792 2624 848 tuus,
2653 781 2808 846 Deus,
2834 785 2886 838 in
2902 789 3337 843 stcculumsarculi
3362 789 3548 859 (Hebr.
3575 792 3624 846 i.
3657 792 3712 847 7.
3748 794 3833 863 8).

2220 868 2296 925 ita
2326 872 2487 926 etiam
2518 872 2706 928 Daniel
2750 874 2896 930 videt
2940 877 3244 932 universam
3272 881 3488 949 quidem
3516 892 3831 938 creaturam

2218 964 2598 1031 assisteutem,
2655 976 2712 1021 et
2780 968 3002 1038 angelos
3065 980 3120 1024 et
3180 971 3570 1042 archangeios,
3624 967 3834 1030 Filium

2218 1064 2396 1110 autem
2419 1057 2653 1112 hominis
2669 1059 2972 1114 venientem
2997 1061 3046 1114 in
3070 1061 3322 1130 nubibus,
3341 1071 3396 1118 et
3418 1065 3836 1132 pervenientem

2218 1156 2386 1215 usque
2406 1148 2474 1202 ad
2498 1149 3000 1217 antiquumdierum
3032 1151 3192 1219 (Dan.
3223 1147 3299 1222 7).
3320 1154 3473 1219 Quod
3505 1157 3548 1209 si
3579 1158 3836 1212 nonnulli

2216 1232 2560 1296 oﬂ'endantur
2585 1258 2650 1297 ex
2682 1258 2749 1296 eo
2770 1244 2910 1313 quod
2931 1246 3010 1299 sic
3038 1246 3300 1310 dicamus,
3325 1248 3548 1302 audiant
3576 1266 3700 1304 eum
3735 1265 3834 1306 se-

2214 1332 2345 1388 dere
2380 1349 2410 1387 a
2437 1334 2643 1390 dextris
2668 1377 2684 1402 ,
2712 1347 2766 1390 et
2793 1335 3044 1391 desinant
3087 1332 3309 1394 oii'eudi.
3355 1341 3842 1406 Quemadmodum

2215 1425 2358 1479 enim
2387 1439 2486 1481 nos
2514 1442 2619 1481 non
2650 1427 2880 1483 dicimus
2910 1445 3034 1483 eum
3075 1445 3196 1484 esse
3232 1431 3390 1486 Patre
3416 1432 3678 1500 majorem
3709 1473 3728 1498 ,
3761 1449 3834 1486 eo

2212 1517 2357 1585 quod
2386 1533 2415 1571 a
2442 1517 2648 1574 dextris
2668 1519 2888 1586 sedeat,
2915 1529 3035 1590 quae
3078 1522 3308 1576 maxime
3335 1520 3628 1576 honoriﬁca
3659 1523 3833 1579 sedes

2213 1621 2297 1666 est
2317 1619 2332 1665 ἑ
2355 1612 2425 1666 ita
2458 1625 2558 1667 nec
2585 1622 2641 1667 tu
2678 1628 2802 1668 eum
2841 1613 3105 1668 minorem
3136 1623 3190 1668 et
3220 1613 3527 1669 inferiorem
3571 1615 3781 1669 dixeris
3811 1652 3830 1682 ,

2211 1703 2309 1759 sed
2337 1703 2542 1760 hortare
2577 1719 2759 1775 parem
2781 1715 2837 1760 et
2861 1706 3144 1776 aequalem.
3173 1705 3226 1760 id
3250 1707 3392 1761 enim
3423 1707 3693 1777 signiﬁcat
3719 1723 3827 1762 so-

2210 1797 2378 1852 cietas
2403 1797 2684 1853 sessionis.
2717 1795 2894 1852 Donec
2921 1814 3108 1869 ponam
3135 1798 3368 1854 inimicos
3393 1807 3511 1852 tuos
3539 1799 3832 1854 scabellunt

2212 1890 2399 1958 pedum
2423 1900 2648 1945 tuorum.
2670 1889 2741 1945 Et
2766 1891 2984 1961 quinam
3005 1898 3131 1944 sunt
3157 1890 3403 1946 inimici-1
3423 1890 3562 1944 Audi
3593 1889 3828 1945 Paulum

2210 1983 2515 2038 dicentem:
2546 1977 2803 2036 Primitia:
2829 1978 3061 2036 Christus
3086 1997 3105 2034 :
3133 1981 3317 2034 deinde
3353 1982 3441 2050 qui
3484 1981 3676 2035 Christi
3700 1988 3832 2036 sunt

2209 2075 2265 2130 in
2289 2077 2508 2129 aduentu
2527 2076 2661 2146 ejus,
2678 2074 2861 2129 deinde
2888 2073 3027 2141 ﬁnis.
3046 2071 3259 2142 Oportet
3287 2072 3422 2126 enim
3448 2089 3561 2128 eum
3581 2089 3824 2144 regnare,

2211 2171 2478 2235 quausque
2501 2164 2727 2234 posuerit
2753 2180 2927 2218 omnes
2949 2164 3182 2218 inimicos
3201 2179 3322 2218 suos
3345 2165 3439 2218 sub
3475 2165 3687 2235 pedibus
3713 2166 3830 2220 suis

2215 2256 2293 2329 (i.
2323 2257 2442 2312 Cor.
2467 2256 2552 2312 ιδ.
2581 2254 2803 2326 23-35).

2281 2349 2334 2404 5.
2389 2346 2583 2403 Vidisti
2611 2346 3042 2417 propheticorum
3073 2355 3127 2400 et
3153 2345 3571 2416 apostolicorum
3611 2349 3814 2404 verbo-

2213 2457 2331 2496 rum
2355 2451 2678 2496 coneentum
2707 2451 2763 2496 et
2781 2438 3170 2495 concordiam?
3196 2439 3310 2494 illic
3329 2439 3473 2494 enim
3500 2439 3632 2495 dicit
3660 2461 3673 2496 :
3701 2440 3822 2495 Do-

2210 2550 2302 2587 nec
2324 2547 2513 2604 ponam
2533 2531 2767 2585 inimicos
2791 2541 2904 2584 tuos
2941 2529 3218 2584 scabellum
3246 2532 3428 2597 pedum
3461 2539 3701 2596 tuorum;
3733 2529 3826 2585 hic

2210 2638 2375 2680 vero:
2407 2624 2683 2692 Quousque
2710 2622 2935 2692 posuerit
2963 2637 3137 2676 ontnes
3160 2621 3397 2676 inimicos
3419 2632 3552 2676 tuos.
3579 2621 3686 2676 Sed
3717 2637 3824 2677 nev

2205 2730 2312 2787 que
2353 2715 2464 2770 illic
2506 2714 2635 2769 illud
2681 2713 2875 2780 Donec,
2919 2729 3095 2784 neque
3121 2712 3209 2768 hic
3239 2712 3344 2769 hoc
3369 2713 3664 2784 Quousque,
3691 2721 3826 2771 sunt

2209 2806 2424 2864 termini
2446 2815 2770 2877 temporum.
2801 2805 3081 2872 Quomodo
3109 2804 3254 2860 enim
3291 2805 3501 2859 steterit
3525 2803 3655 2859 illud
3686 2819 3821 2874 pro-

2208 2902 2481 2972 pheticum
2509 2899 2654 2968 quod
2678 2899 2840 2954 dicit:
2862 2896 3102 2953 Potestas
3128 2897 3260 2967 eius,
3285 2907 3507 2966 potestas
3529 2908 3746 2963 «eterna,
3771 2909 3825 2952 et

2206 3005 2420 3063 regnum
2464 2992 2598 3063 ejus,
2639 3001 2850 3061 regnum
2891 2988 3029 3060 quod
3065 3003 3168 3043 non
3206 2989 3406 3058 peribit,
3435 3001 3484 3042 et
3525 2987 3670 3059 regni
3707 2990 3824 3058 ejus

2212 3092 2315 3137 non
2342 3084 2436 3138 erit
2477 3083 2598 3151 ﬁnis
2628 3079 2804 3154 (Dan.
2829 3083 2886 3136 '7.
2919 3081 2981 3136 Η
3009 3097 3024 3147 ;
3050 3079 3181 3135 Luc.
3213 3081 3267 3134 1.
3294 3081 3407 3151 54)
3432 3098 3446 3135 :
3473 3081 3520 3134 si
3544 3080 3612 3136 ad
3639 3095 3705 3136 ea
3730 3097 3823 3135 us-

2206 3191 2310 3246 que
2353 3182 2596 3245 tempora
2621 3174 2694 3228 sit
2731 3172 3089 3243 regnaturus?
3123 3171 3282 3227 Vides
3312 3186 3421 3227 non
3447 3186 3570 3228 esse
3613 3171 3821 3227 solum-

2210 3267 2374 3324 modo
2407 3264 2762 3321 attendendas
2801 3264 3090 3333 dictiones,
3119 3264 3214 3320 sed
3252 3278 3376 3319 esse
3415 3263 3822 3319 aseendendum

2210 3357 2280 3413 ad
2319 3355 2778 3427 intelligentiam?
2819 3355 2902 3410 Tu
2943 3363 3124 3410 autem
3151 3368 3274 3411 cum
3308 3354 3462 3410 audis
3497 3355 3819 3426 prephetam

2206 3449 2496 3513 dicentem,
2535 3448 2750 3504 Patrem
2791 3461 2993 3519 ponere
3036 3447 3138 3502 sub
3189 3445 3413 3517 pedibus
3452 3448 3591 3518 ejus,
3629 3462 3701 3502 ne
3745 3463 3818 3505 ex

2207 3556 2275 3598 eo
2302 3539 2660 3597 conturberis.
2691 3538 2880 3610 Neque
2918 3540 3062 3596 enim
3101 3539 3219 3595 haec
3247 3539 3389 3595 dicta
3418 3549 3545 3595 sunt
3573 3539 3719 3612 quod
3743 3542 3819 3597 sit

2207 3631 2506 3687 imbecillus
2531 3629 2717 3685 Filius.
2743 3630 2938 3686 Paulus
2963 3631 3108 3686 enim
3137 3629 3372 3686 ostendit
3392 3620 3587 3686 Filium
3608 3644 3817 3701 ponere

2207 3724 2459 3780 inimicos
2506 3722 2608 3778 sub
2660 3720 2886 3792 pedibus
2942 3721 3081 3790 suis,
3137 3720 3358 3777 dicens:
3409 3720 3626 3792 Oportet
3677 3721 3816 3777 enim

2207 3833 2322 3871 cuin
2361 3831 2574 3888 regulae
2598 3830 2860 3886 quousque
2898 3825 3053 3885 ponat
3087 3813 3320 3870 inimicos
3345 3815 3437 3869 sub
3463 3815 3679 3883 pedibus
3699 3817 3812 3870 suis

2209 3907 2230 3978 (
2261 3911 2312 3962 i.
2339 3908 2458 3962 Cor.
2489 3907 2578 3962 14.
2620 3907 2692 3962 25
2723 3908 2767 3974 ).
2809 3906 2880 3962 Et
2925 3920 3112 3960 rursus
3147 3906 3199 3961 ei
3242 3919 3456 3976 quoque
3496 3906 3811 3962 universum

2208 4001 2390 4055 tribuit
2414 3999 2635 4055 dicens:
2671 3999 2892 4067 Quando
2927 3998 3195 4053 tradiderit
3231 4013 3448 4068 regnum
3489 3996 3596 4053 Deo
3621 4007 3672 4052 et
3703 3995 3814 4052 Ps-

2206 4093 2291 4158 tri,
2336 4091 2542 4161 quando
2589 4091 2830 4145 deiecerit
2878 4107 3080 4145 omnem
3133 4099 3433 4160 potestatem
3481 4099 3529 4144 et
3571 4089 3812 4144 uirtutem

2207 4182 2371 4255 (Ibid.
2406 4199 2457 4238 υ.
2486 4183 2559 4238 24
2584 4182 2626 4253 ).
2657 4183 2774 4238 Hoc
2799 4193 2885 4238 est
2910 4224 2924 4245 ,
2951 4181 3178 4250 Quando
3203 4195 3426 4252 regnum
3458 4190 3605 4236 recte
3633 4179 3814 4235 admi-

2207 4276 2536 4342 nistraverit,
2577 4289 2795 4330 cessare
2831 4273 3044 4329 curabit
3066 4287 3286 4328 omnem
3319 4280 3662 4343 potestatem.
3696 4270 3812 4326 [Ioc

2206 4369 2349 4422 enim
2378 4367 2482 4421 sibi
2509 4368 2626 4421 vult
2648 4365 2801 4429 illud,
2821 4377 3128 4436 καταργήσει.
3144 4363 3301 4432 Quod
3322 4371 3501 4418 autem
3531 4361 3664 4418 dicit
3691 4363 3812 4417 uni-

2206 4475 2418 4515 versum
2447 4460 2562 4530 ejus
2583 4474 2727 4526 esse,
2748 4459 2957 4514 Patrem
2985 4459 3053 4515 ab
3073 4459 3189 4528 ipso
3215 4472 3323 4512 non
3353 4465 3566 4527 separat
3587 4459 3694 4528 (a),
3713 4458 3811 4512 sic-

2206 4553 2282 4605 uti
2314 4567 2415 4607 nec
2437 4552 2633 4607 Filium
2667 4566 2696 4604 a
2742 4551 2902 4607 Patre
2935 4550 3143 4605 dividit.
3171 4550 3304 4616 Quae
3330 4549 3475 4604 enim
3496 4557 3622 4604 sunt
3643 4550 3808 4618 illius,

2206 4654 2331 4699 sunt
2360 4645 2517 4714 hujus
2544 4661 2558 4698 :
2594 4655 2652 4698 et
2689 4660 2808 4713 quae
2846 4651 2971 4698 sunt
3000 4641 3160 4712 hujus
3183 4684 3198 4708 ,
3226 4650 3354 4697 sunt
3383 4641 3544 4697 illius.
3573 4641 3644 4697 Et
3686 4642 3810 4697 ideo

2205 4735 2362 4790 dicit:
2385 4737 2574 4789 Onmia
2609 4753 2719 4790 mea
2749 4747 2835 4789 tua
2860 4746 2978 4790 sunt
2995 4766 3012 4800 ς
3034 4744 3082 4788 et
3109 4744 3196 4788 tua
3223 4750 3336 4789 mea
3372 4733 3556 4804 (Joan.
3579 4733 3667 4790 i7.
3694 4735 3808 4805 i0).

2209 4829 2436 4896 Quando
2463 4843 2596 4898 ergo
2634 4829 2868 4882 audieris
2911 4827 3124 4882 Patrem
3167 4827 3486 4896 subiecisse.
3519 4842 3590 4882 ne
3616 4828 3809 4882 existi-

2206 4935 2321 4974 mes
2345 4920 2647 4990 sejunctum
2673 4935 2795 4973 esse
2822 4917 3011 4972 Filium
3051 4919 3120 4973 ab
3141 4933 3208 4973 eo
3240 4919 3502 4988 praeclaro
3531 4919 3808 4974 facinore:

2204 5021 2258 5064 et
2294 5011 2337 5064 si
2380 5012 2645 5081 intelligas
2690 5009 2882 5063 Filium
2926 5009 3239 5078 subiecisse,
3291 5023 3360 5062 ne
3402 5009 3552 5064 dicas
3592 5007 3807 5064 Pan-eiu

2204 5117 2324 5156 esse
2363 5103 2431 5156 ab
2473 5105 2555 5157 his
2587 5103 2846 5156 alienum.
2872 5108 3003 5169 Quae
3030 5102 3175 5156 enim
3209 5101 3426 5170 pulchre
3456 5117 3520 5156 ac
3551 5101 3808 5172 prwelarc

2205 5194 2337 5247 iiunt
2366 5240 2381 5258 ,
2435 5204 2563 5248 sunt
2627 5193 2964 5259 communia,
3013 5193 3468 5264 quemadmodum
3517 5203 3574 5250 et
3624 5195 3805 5253 omnis

2204 5297 2367 5357 opera
2389 5288 2716 5342 communia.

2279 5378 2380 5432 llic
2410 5395 2603 5443 uersus,
2636 5378 2846 5448 Virgam
2879 5380 3087 5433 virtutis
3119 5389 3247 5444 twn,
3285 5391 3406 5447 eia,
3435 5382 3713 5453 anagogice
3745 5385 3808 5435 de

2205 5472 2404 5527 Christo
2434 5474 2741 5542 explicatur.
2773 5474 2911 5528 Crux
2931 5473 3120 5527 Christi
3150 5475 3387 5544 virga.—
3409 5475 3461 5528 2.
3482 5474 3687 5545 Vit-gum
3708 5479 3806 5528 rir—

2206 5567 2324 5621 tutis
2352 5578 2452 5621 tua:
2479 5568 2665 5620 emittet
2688 5567 2934 5619 Dominus
2965 5583 3026 5621 ex
3056 5566 3206 5623 Sion.
3238 5567 3446 5638 Virgam
3463 5572 3686 5630 virtutis
3706 5588 3799 5628 seu

2268 5747 2341 5807 (α)
2376 5755 2513 5813 neg.,
2543 5759 2636 5813 non
2659 5746 2932 5813 adumbrat,
2951 5747 3051 5806 vel,
3075 5761 3169 5813 non
3192 5747 3442 5813 obscurat.
3467 5762 3578 5813 qua:
3603 5749 3704 5812 ipsa
3727 5747 3800 5799 ie-

2205 5813 2302 5861 ctiu
2327 5810 2530 5860 multum
2555 5810 2758 5859 aﬂ'et'rct
2780 5810 2890 5860 huic
2915 5811 3021 5861 loco
3043 5810 3379 5863 obscuritatis.
