  <div class='ocr_page' id='page_1' title='image "/cluster/home/n/w/nwhite01/storage/ocr_20150623/55/ien.35556001660828/264.png"; bbox 0 0 4058 6436; ppageno 0'>
   <div class='ocr_carea' id='block_1_1' title="bbox 248 469 359 527">
    <p class='ocr_par' dir='ltr' id='par_1_1' title="bbox 248 469 359 527">
     <span class='ocr_line' id='line_1_1' title="bbox 248 469 359 527; baseline -0.009 0"><span class='ocrx_word' id='word_1_1' title='bbox 248 469 359 527; x_wconf 68' lang='grc'><strong>269</strong></span> 
     </span>
    </p>
   </div>
   <div class='ocr_carea' id='block_1_2' title="bbox 251 562 1869 654">
    <p class='ocr_par' dir='ltr' id='par_1_2' title="bbox 251 562 1869 654">
     <span class='ocr_line' id='line_1_2' title="bbox 251 562 1869 654; baseline -0.019 -12"><span class='ocrx_word' id='word_1_2' title='bbox 251 580 543 654; x_wconf 86' lang='lat' dir='ltr'><strong>potestatis</strong></span> <span class='ocrx_word' id='word_1_3' title='bbox 591 587 751 635; x_wconf 86' lang='lat' dir='ltr'><strong>vocat</strong></span> <span class='ocrx_word' id='word_1_4' title='bbox 778 576 952 648; x_wconf 86' lang='lat' dir='ltr'><strong>ipsam</strong></span> <span class='ocrx_word' id='word_1_5' title='bbox 1003 576 1348 644; x_wconf 82' lang='lat' dir='ltr'><strong>potestatem.</strong></span> <span class='ocrx_word' id='word_1_6' title='bbox 1393 562 1636 620; x_wconf 78' lang='lat' dir='ltr'><strong>Meminit</strong></span> <span class='ocrx_word' id='word_1_7' title='bbox 1688 566 1869 614; x_wconf 88' lang='lat' dir='ltr'><strong>autem</strong></span> 
     </span>
    </p>
   </div>
   <div class='ocr_carea' id='block_1_3' title="bbox 244 655 1878 745">
    <p class='ocr_par' dir='ltr' id='par_1_3' title="bbox 244 655 1878 745">
     <span class='ocr_line' id='line_1_3' title="bbox 244 655 1878 745; baseline -0.018 -12"><span class='ocrx_word' id='word_1_8' title='bbox 244 677 410 743; x_wconf 85' lang='lat' dir='ltr'><strong>Sion,</strong></span> <span class='ocrx_word' id='word_1_9' title='bbox 441 671 698 745; x_wconf 89' lang='lat' dir='ltr'><strong>quoniam</strong></span> <span class='ocrx_word' id='word_1_10' title='bbox 735 683 858 739; x_wconf 80' lang='lat' dir='ltr'><strong>qua:</strong></span> <span class='ocrx_word' id='word_1_11' title='bbox 887 666 1148 738; x_wconf 67' lang='lat' dir='ltr'><strong>praeclare</strong></span> <span class='ocrx_word' id='word_1_12' title='bbox 1181 671 1330 733; x_wconf 90' lang='lat' dir='ltr'><strong>gesta</strong></span> <span class='ocrx_word' id='word_1_13' title='bbox 1363 667 1510 722; x_wconf 90' lang='lat' dir='ltr'><strong>sunt,</strong></span> <span class='ocrx_word' id='word_1_14' title='bbox 1551 655 1702 710; x_wconf 89' lang='lat' dir='ltr'><strong>illinc</strong></span> <span class='ocrx_word' id='word_1_15' title='bbox 1729 666 1878 706; x_wconf 89' lang='lat' dir='ltr'><strong>sum-</strong></span> 
     </span>
    </p>
   </div>
   <div class='ocr_carea' id='block_1_4' title="bbox 252 743 1878 838">
    <p class='ocr_par' dir='ltr' id='par_1_4' title="bbox 252 743 1878 838">
     <span class='ocr_line' id='line_1_4' title="bbox 252 743 1878 838; baseline -0.017 -14"><span class='ocrx_word' id='word_1_16' title='bbox 252 743 484 838; x_wconf 75' lang='lat' dir='ltr'><strong>pscrunt</strong></span> <span class='ocrx_word' id='word_1_17' title='bbox 509 764 746 819; x_wconf 87' lang='lat' dir='ltr'><strong>initium.</strong></span> <span class='ocrx_word' id='word_1_18' title='bbox 774 760 888 815; x_wconf 90' lang='lat' dir='ltr'><strong>Illic</strong></span> <span class='ocrx_word' id='word_1_19' title='bbox 910 757 1053 814; x_wconf 88' lang='lat' dir='ltr'><strong>enim</strong></span> <span class='ocrx_word' id='word_1_20' title='bbox 1083 757 1257 826; x_wconf 84' lang='lat' dir='ltr'><strong>legem</strong></span> <span class='ocrx_word' id='word_1_21' title='bbox 1285 751 1452 816; x_wconf 85' lang='lat' dir='ltr'><strong>dedit,</strong></span> <span class='ocrx_word' id='word_1_22' title='bbox 1477 749 1587 803; x_wconf 82' lang='lat' dir='ltr'><strong>illic</strong></span> <span class='ocrx_word' id='word_1_23' title='bbox 1612 743 1878 838; x_wconf 64' lang='lat' dir='ltr'><strong>recitati-</strong></span> 
     </span>
    </p>
   </div>
   <div class='ocr_carea' id='block_1_5' title="bbox 251 835 1878 924">
    <p class='ocr_par' dir='ltr' id='par_1_5' title="bbox 251 835 1878 924">
     <span class='ocr_line' id='line_1_5' title="bbox 251 835 1878 924; baseline -0.017 -9"><span class='ocrx_word' id='word_1_24' title='bbox 251 835 478 924; x_wconf 82' lang='lat' dir='ltr'><strong>racula;</strong></span> <span class='ocrx_word' id='word_1_25' title='bbox 521 855 634 909; x_wconf 91' lang='lat' dir='ltr'><strong>illic</strong></span> <span class='ocrx_word' id='word_1_26' title='bbox 660 861 836 923; x_wconf 71' lang='lat' dir='ltr'><strong>empta</strong></span> <span class='ocrx_word' id='word_1_27' title='bbox 866 848 1182 920; x_wconf 66' lang='lat' dir='ltr'><strong>praedicatio</strong></span> <span class='ocrx_word' id='word_1_28' title='bbox 1213 860 1309 915; x_wconf 91' lang='lat' dir='ltr'><strong>per</strong></span> <span class='ocrx_word' id='word_1_29' title='bbox 1333 843 1648 896; x_wconf 88' lang='lat' dir='ltr'><strong>universum</strong></span> <span class='ocrx_word' id='word_1_30' title='bbox 1687 835 1878 892; x_wconf 89' lang='lat' dir='ltr'><strong>orbem</strong></span> 
     </span>
    </p>
   </div>
   <div class='ocr_carea' id='block_1_6' title="bbox 253 934 1880 1010">
    <p class='ocr_par' dir='ltr' id='par_1_6' title="bbox 253 934 1880 1010">
     <span class='ocr_line' id='line_1_6' title="bbox 253 934 1880 1010; baseline -0.014 -6"><span class='ocrx_word' id='word_1_31' title='bbox 253 965 418 1007; x_wconf 69' lang='lat' dir='ltr'><strong>terra:</strong></span> <span class='ocrx_word' id='word_1_32' title='bbox 439 947 641 1003; x_wconf 87' lang='lat' dir='ltr'><strong>diffusa</strong></span> <span class='ocrx_word' id='word_1_33' title='bbox 670 955 772 1001; x_wconf 90' lang='lat' dir='ltr'><strong>est.</strong></span> <span class='ocrx_word' id='word_1_34' title='bbox 815 941 969 1010; x_wconf 94' lang='lat' dir='ltr'><strong>Quod</strong></span> <span class='ocrx_word' id='word_1_35' title='bbox 1000 940 1044 994; x_wconf 90' lang='lat' dir='ltr'><strong>si</strong></span> <span class='ocrx_word' id='word_1_36' title='bbox 1074 938 1209 994; x_wconf 83' lang='lat' dir='ltr'><strong>velis</strong></span> <span class='ocrx_word' id='word_1_37' title='bbox 1234 935 1376 1006; x_wconf 88' lang='lat' dir='ltr'><strong>quod</strong></span> <span class='ocrx_word' id='word_1_38' title='bbox 1415 934 1616 988; x_wconf 90' lang='lat' dir='ltr'><strong>dictum</strong></span> <span class='ocrx_word' id='word_1_39' title='bbox 1661 937 1744 985; x_wconf 91' lang='lat' dir='ltr'><strong>est</strong></span> <span class='ocrx_word' id='word_1_40' title='bbox 1788 942 1880 981; x_wconf 78' lang='lat' dir='ltr'><strong>su-</strong></span> 
     </span>
    </p>
   </div>
   <div class='ocr_carea' id='block_1_7' title="bbox 255 1017 1880 1107">
    <p class='ocr_par' dir='ltr' id='par_1_7' title="bbox 255 1017 1880 1107">
     <span class='ocr_line' id='line_1_7' title="bbox 255 1017 1880 1107; baseline -0.015 -13"><span class='ocrx_word' id='word_1_41' title='bbox 255 1055 408 1096; x_wconf 89' lang='lat' dir='ltr'><strong>mere</strong></span> <span class='ocrx_word' id='word_1_42' title='bbox 454 1037 776 1107; x_wconf 85' lang='lat' dir='ltr'><strong>anagogice,</strong></span> <span class='ocrx_word' id='word_1_43' title='bbox 804 1032 929 1088; x_wconf 88' lang='lat' dir='ltr'><strong>audi</strong></span> <span class='ocrx_word' id='word_1_44' title='bbox 957 1030 1182 1085; x_wconf 86' lang='lat' dir='ltr'><strong>Paulum</strong></span> <span class='ocrx_word' id='word_1_45' title='bbox 1210 1027 1511 1082; x_wconf 88' lang='lat' dir='ltr'><strong>dicentem:</strong></span> <span class='ocrx_word' id='word_1_46' title='bbox 1534 1021 1639 1077; x_wconf 83' lang='lat' dir='ltr'><strong>Sed</strong></span> <span class='ocrx_word' id='word_1_47' title='bbox 1663 1017 1880 1072; x_wconf 81' lang='lat' dir='ltr'><strong>accessi-</strong></span> 
     </span>
    </p>
   </div>
   <div class='ocr_carea' id='block_1_8' title="bbox 253 1109 1880 1190">
    <p class='ocr_par' dir='ltr' id='par_1_8' title="bbox 253 1109 1880 1190">
     <span class='ocr_line' id='line_1_8' title="bbox 253 1109 1880 1190; baseline -0.018 -1"><span class='ocrx_word' id='word_1_48' title='bbox 253 1133 346 1188; x_wconf 80' lang='lat' dir='ltr'><strong>stis</strong></span> <span class='ocrx_word' id='word_1_49' title='bbox 370 1130 442 1184; x_wconf 87' lang='lat' dir='ltr'><strong>ad</strong></span> <span class='ocrx_word' id='word_1_50' title='bbox 465 1137 687 1183; x_wconf 84' lang='lat' dir='ltr'><strong>montem</strong></span> <span class='ocrx_word' id='word_1_51' title='bbox 708 1124 859 1190; x_wconf 82' lang='lat' dir='ltr'><strong>Sion,</strong></span> <span class='ocrx_word' id='word_1_52' title='bbox 884 1132 932 1177; x_wconf 81' lang='lat' dir='ltr'><strong>et</strong></span> <span class='ocrx_word' id='word_1_53' title='bbox 952 1122 1204 1176; x_wconf 78' lang='lat' dir='ltr'><strong>civitatem</strong></span> <span class='ocrx_word' id='word_1_54' title='bbox 1220 1117 1320 1171; x_wconf 85' lang='lat' dir='ltr'><strong>Dei</strong></span> <span class='ocrx_word' id='word_1_55' title='bbox 1336 1114 1566 1180; x_wconf 75' lang='lat' dir='ltr'><strong>viventis,</strong></span> <span class='ocrx_word' id='word_1_56' title='bbox 1590 1109 1880 1165; x_wconf 77' lang='lat' dir='ltr'><strong>Jerusalem</strong></span> 
     </span>
    </p>
   </div>
   <div class='ocr_carea' id='block_1_9' title="bbox 257 1202 1880 1286">
    <p class='ocr_par' dir='ltr' id='par_1_9' title="bbox 257 1202 1880 1286">
     <span class='ocr_line' id='line_1_9' title="bbox 257 1202 1880 1286; baseline -0.015 -10"><span class='ocrx_word' id='word_1_57' title='bbox 257 1225 538 1285; x_wconf 66' lang='lat' dir='ltr'><strong>(etatem,</strong></span> <span class='ocrx_word' id='word_1_58' title='bbox 567 1230 614 1274; x_wconf 86' lang='lat' dir='ltr'><strong>et</strong></span> <span class='ocrx_word' id='word_1_59' title='bbox 655 1216 942 1272; x_wconf 82' lang='lat' dir='ltr'><strong>Ecclesium</strong></span> <span class='ocrx_word' id='word_1_60' title='bbox 969 1211 1444 1286; x_wconf 84' lang='lat' dir='ltr'><strong>primogenitorum.</strong></span> <span class='ocrx_word' id='word_1_61' title='bbox 1482 1204 1694 1275; x_wconf 82' lang='lat' dir='ltr'><strong>Virgam</strong></span> <span class='ocrx_word' id='word_1_62' title='bbox 1723 1202 1880 1255; x_wconf 75' lang='lat' dir='ltr'><strong>uirtu-</strong></span> 
     </span>
    </p>
   </div>
   <div class='ocr_carea' id='block_1_10' title="bbox 259 1291 1880 1371">
    <p class='ocr_par' dir='ltr' id='par_1_10' title="bbox 259 1291 1880 1371">
     <span class='ocr_line' id='line_1_10' title="bbox 259 1291 1880 1371; baseline -0.015 -2"><span class='ocrx_word' id='word_1_63' title='bbox 259 1317 327 1370; x_wconf 86' lang='lat' dir='ltr'><strong>tis</strong></span> <span class='ocrx_word' id='word_1_64' title='bbox 376 1325 480 1368; x_wconf 68' lang='lat' dir='ltr'><strong>tum</strong></span> <span class='ocrx_word' id='word_1_65' title='bbox 519 1311 712 1366; x_wconf 81' lang='lat' dir='ltr'><strong>emittet</strong></span> <span class='ocrx_word' id='word_1_66' title='bbox 753 1309 1007 1364; x_wconf 77' lang='lat' dir='ltr'><strong>Dominus</strong></span> <span class='ocrx_word' id='word_1_67' title='bbox 1063 1321 1127 1360; x_wconf 82' lang='lat' dir='ltr'><strong>ea:</strong></span> <span class='ocrx_word' id='word_1_68' title='bbox 1180 1303 1310 1358; x_wconf 86' lang='lat' dir='ltr'><strong>Sion</strong></span> <span class='ocrx_word' id='word_1_69' title='bbox 1362 1297 1555 1371; x_wconf 83' lang='lat' dir='ltr'><strong>(Hebr.</strong></span> <span class='ocrx_word' id='word_1_70' title='bbox 1610 1295 1700 1350; x_wconf 75' lang='grc'><strong>12.</strong></span> <span class='ocrx_word' id='word_1_71' title='bbox 1755 1291 1880 1362; x_wconf 85' lang='grc'><strong>22).</strong></span> 
     </span>
    </p>
   </div>
   <div class='ocr_carea' id='block_1_11' title="bbox 262 1384 1878 1480">
    <p class='ocr_par' dir='ltr' id='par_1_11' title="bbox 262 1384 1878 1480">
     <span class='ocr_line' id='line_1_11' title="bbox 262 1384 1878 1480; baseline -0.016 -17"><span class='ocrx_word' id='word_1_72' title='bbox 262 1408 427 1480; x_wconf 86' lang='lat' dir='ltr'><strong>Virga</strong></span> <span class='ocrx_word' id='word_1_73' title='bbox 457 1403 747 1475; x_wconf 76' lang='lat' dir='ltr'><strong>aliquando</strong></span> <span class='ocrx_word' id='word_1_74' title='bbox 779 1400 996 1471; x_wconf 85' lang='lat' dir='ltr'><strong>quidem</strong></span> <span class='ocrx_word' id='word_1_75' title='bbox 1032 1397 1258 1466; x_wconf 84' lang='lat' dir='ltr'><strong>castigat</strong></span> <span class='ocrx_word' id='word_1_76' title='bbox 1297 1401 1353 1448; x_wconf 92' lang='lat' dir='ltr'><strong>et</strong></span> <span class='ocrx_word' id='word_1_77' title='bbox 1396 1389 1660 1446; x_wconf 89' lang='lat' dir='ltr'><strong>beneﬁcio</strong></span> <span class='ocrx_word' id='word_1_78' title='bbox 1689 1384 1878 1480; x_wconf 58' lang='lat' dir='ltr'><strong>afficit,</strong></span> 
     </span>
    </p>
   </div>
   <div class='ocr_carea' id='block_1_12' title="bbox 261 1475 1884 1568">
    <p class='ocr_par' dir='ltr' id='par_1_12' title="bbox 261 1475 1884 1568">
     <span class='ocr_line' id='line_1_12' title="bbox 261 1475 1884 1568; baseline -0.015 -15"><span class='ocrx_word' id='word_1_79' title='bbox 261 1475 559 1568; x_wconf 71' lang='lat' dir='ltr'><strong>aliquando</strong></span> <span class='ocrx_word' id='word_1_80' title='bbox 587 1503 770 1549; x_wconf 87' lang='lat' dir='ltr'><strong>autem</strong></span> <span class='ocrx_word' id='word_1_81' title='bbox 811 1490 1141 1552; x_wconf 74' lang='lat' dir='ltr'><strong>consolatur,</strong></span> <span class='ocrx_word' id='word_1_82' title='bbox 1169 1495 1224 1542; x_wconf 92' lang='lat' dir='ltr'><strong>et</strong></span> <span class='ocrx_word' id='word_1_83' title='bbox 1253 1493 1339 1540; x_wconf 89' lang='lat' dir='ltr'><strong>est</strong></span> <span class='ocrx_word' id='word_1_84' title='bbox 1365 1485 1577 1554; x_wconf 89' lang='lat' dir='ltr'><strong>signum</strong></span> <span class='ocrx_word' id='word_1_85' title='bbox 1604 1477 1778 1568; x_wconf 70' lang='lat' dir='ltr'><strong>regni.</strong></span> <span class='ocrx_word' id='word_1_86' title='bbox 1815 1475 1884 1530; x_wconf 85' lang='lat' dir='ltr'><strong>Et</strong></span> 
     </span>
    </p>
   </div>
   <div class='ocr_carea' id='block_1_13' title="bbox 261 1565 1886 1660">
    <p class='ocr_par' dir='ltr' id='par_1_13' title="bbox 261 1565 1886 1660">
     <span class='ocr_line' id='line_1_13' title="bbox 261 1565 1886 1660; baseline -0.017 -15"><span class='ocrx_word' id='word_1_87' title='bbox 261 1565 410 1660; x_wconf 83' lang='lat' dir='ltr'><strong>quod</strong></span> <span class='ocrx_word' id='word_1_88' title='bbox 437 1587 512 1642; x_wconf 89' lang='lat' dir='ltr'><strong>sit</strong></span> <span class='ocrx_word' id='word_1_89' title='bbox 539 1594 849 1653; x_wconf 89' lang='lat' dir='ltr'><strong>utrumque,</strong></span> <span class='ocrx_word' id='word_1_90' title='bbox 890 1580 1015 1636; x_wconf 88' lang='lat' dir='ltr'><strong>audi</strong></span> <span class='ocrx_word' id='word_1_91' title='bbox 1056 1576 1378 1648; x_wconf 86' lang='lat' dir='ltr'><strong>prophetam</strong></span> <span class='ocrx_word' id='word_1_92' title='bbox 1400 1574 1671 1660; x_wconf 80' lang='lat' dir='ltr'><strong>dicentem</strong></span> <span class='ocrx_word' id='word_1_93' title='bbox 1694 1565 1886 1660; x_wconf 65' lang='lat' dir='ltr'><strong>:Virqa</strong></span> 
     </span>
    </p>
   </div>
   <div class='ocr_carea' id='block_1_14' title="bbox 263 1658 1882 1747">
    <p class='ocr_par' dir='ltr' id='par_1_14' title="bbox 263 1658 1882 1747">
     <span class='ocr_line' id='line_1_14' title="bbox 263 1658 1882 1747; baseline -0.014 -12"><span class='ocrx_word' id='word_1_94' title='bbox 263 1658 374 1747; x_wconf 71' lang='lat' dir='ltr'><strong>tua,</strong></span> <span class='ocrx_word' id='word_1_95' title='bbox 401 1688 452 1733; x_wconf 87' lang='lat' dir='ltr'><strong>et</strong></span> <span class='ocrx_word' id='word_1_96' title='bbox 489 1677 703 1732; x_wconf 78' lang='lat' dir='ltr'><strong>baculus</strong></span> <span class='ocrx_word' id='word_1_97' title='bbox 728 1685 866 1740; x_wconf 80' lang='lat' dir='ltr'><strong>tuus,</strong></span> <span class='ocrx_word' id='word_1_98' title='bbox 894 1673 1009 1744; x_wconf 80' lang='lat' dir='ltr'><strong>ipsa</strong></span> <span class='ocrx_word' id='word_1_99' title='bbox 1036 1686 1119 1725; x_wconf 79' lang='lat' dir='ltr'><strong>me</strong></span> <span class='ocrx_word' id='word_1_100' title='bbox 1141 1667 1405 1723; x_wconf 79' lang='lat' dir='ltr'><strong>consulatu</strong></span> <span class='ocrx_word' id='word_1_101' title='bbox 1433 1673 1553 1720; x_wconf 75' lang='lat' dir='ltr'><strong>sum</strong></span> <span class='ocrx_word' id='word_1_102' title='bbox 1580 1659 1758 1734; x_wconf 82' lang='lat' dir='ltr'><strong>(Psal.</strong></span> <span class='ocrx_word' id='word_1_103' title='bbox 1786 1658 1882 1714; x_wconf 79' lang='grc'><strong>22.</strong></span> 
     </span>
    </p>
   </div>
   <div class='ocr_carea' id='block_1_15' title="bbox 260 1758 1889 1844">
    <p class='ocr_par' dir='ltr' id='par_1_15' title="bbox 260 1758 1889 1844">
     <span class='ocr_line' id='line_1_15' title="bbox 260 1758 1889 1844; baseline -0.017 -14"><span class='ocrx_word' id='word_1_104' title='bbox 260 1775 342 1844; x_wconf 86' lang='grc'><strong>4).</strong></span> <span class='ocrx_word' id='word_1_105' title='bbox 373 1771 444 1827; x_wconf 83' lang='lat' dir='ltr'><strong>Et</strong></span> <span class='ocrx_word' id='word_1_106' title='bbox 468 1783 658 1826; x_wconf 84' lang='lat' dir='ltr'><strong>rursus</strong></span> <span class='ocrx_word' id='word_1_107' title='bbox 686 1784 702 1820; x_wconf 91' lang='lat'><strong>:</strong></span> <span class='ocrx_word' id='word_1_108' title='bbox 725 1767 890 1835; x_wconf 81' lang='lat' dir='ltr'><strong>Reges</strong></span> <span class='ocrx_word' id='word_1_109' title='bbox 919 1780 1005 1819; x_wconf 83' lang='lat' dir='ltr'><strong>eos</strong></span> <span class='ocrx_word' id='word_1_110' title='bbox 1027 1763 1244 1832; x_wconf 64' lang='lat' dir='ltr'><strong>inpirga</strong></span> <span class='ocrx_word' id='word_1_111' title='bbox 1263 1758 1451 1830; x_wconf 66' lang='lat' dir='ltr'><strong>furca,</strong></span> <span class='ocrx_word' id='word_1_112' title='bbox 1477 1764 1738 1823; x_wconf 83' lang='lat' dir='ltr'><strong>tamquam</strong></span> <span class='ocrx_word' id='word_1_113' title='bbox 1763 1767 1889 1844; x_wconf 58' lang='lat' dir='ltr'><strong>uasa</strong></span> 
     </span>
    </p>
   </div>
   <div class='ocr_carea' id='block_1_16' title="bbox 264 1841 1888 1936">
    <p class='ocr_par' dir='ltr' id='par_1_16' title="bbox 264 1841 1888 1936">
     <span class='ocr_line' id='line_1_16' title="bbox 264 1841 1888 1936; baseline -0.015 -16"><span class='ocrx_word' id='word_1_114' title='bbox 264 1841 415 1936; x_wconf 53' lang='lat' dir='ltr'><strong>ligati</strong></span> <span class='ocrx_word' id='word_1_115' title='bbox 465 1861 759 1931; x_wconf 73' lang='lat' dir='ltr'><strong>confringet</strong></span> <span class='ocrx_word' id='word_1_116' title='bbox 807 1873 893 1912; x_wconf 83' lang='lat' dir='ltr'><strong>eos</strong></span> <span class='ocrx_word' id='word_1_117' title='bbox 938 1854 1114 1928; x_wconf 77' lang='lat' dir='ltr'><strong>(Psal.</strong></span> <span class='ocrx_word' id='word_1_118' title='bbox 1155 1851 1215 1908; x_wconf 66' lang='grc' dir='ltr'><strong>ς.</strong></span> <span class='ocrx_word' id='word_1_119' title='bbox 1255 1851 1340 1922; x_wconf 84' lang='lat'><strong>9).</strong></span> <span class='ocrx_word' id='word_1_120' title='bbox 1378 1849 1442 1904; x_wconf 83' lang='lat' dir='ltr'><strong>Et</strong></span> <span class='ocrx_word' id='word_1_121' title='bbox 1483 1845 1718 1902; x_wconf 75' lang='lat' dir='ltr'><strong>Paulus:</strong></span> <span class='ocrx_word' id='word_1_122' title='bbox 1744 1841 1888 1936; x_wconf 65' lang='lat' dir='ltr'><strong>Quid</strong></span> 
     </span>
    </p>
   </div>
   <div class='ocr_carea' id='block_1_17' title="bbox 264 1935 1889 2023">
    <p class='ocr_par' dir='ltr' id='par_1_17' title="bbox 264 1935 1889 2023">
     <span class='ocr_line' id='line_1_17' title="bbox 264 1935 1889 2023; baseline -0.015 -11"><span class='ocrx_word' id='word_1_123' title='bbox 264 1935 420 2012; x_wconf 66' lang='lat' dir='ltr'><strong>uultis</strong></span> <span class='ocrx_word' id='word_1_124' title='bbox 441 1955 468 2009; x_wconf 82' lang='lat'><strong><em>?</em></strong></span> <span class='ocrx_word' id='word_1_125' title='bbox 490 1955 547 2009; x_wconf 84' lang='lat' dir='ltr'><strong>in</strong></span> <span class='ocrx_word' id='word_1_126' title='bbox 570 1953 716 2023; x_wconf 74' lang='lat' dir='ltr'><strong>virga</strong></span> <span class='ocrx_word' id='word_1_127' title='bbox 743 1950 944 2005; x_wconf 74' lang='lat' dir='ltr'><strong>ueniam</strong></span> <span class='ocrx_word' id='word_1_128' title='bbox 973 1947 1048 2003; x_wconf 82' lang='lat' dir='ltr'><strong>ad</strong></span> <span class='ocrx_word' id='word_1_129' title='bbox 1071 1961 1180 2012; x_wconf 78' lang='lat' dir='ltr'><strong>eos,</strong></span> <span class='ocrx_word' id='word_1_130' title='bbox 1211 1961 1282 1998; x_wconf 87' lang='lat' dir='ltr'><strong>an</strong></span> <span class='ocrx_word' id='word_1_131' title='bbox 1306 1943 1363 1997; x_wconf 80' lang='lat' dir='ltr'><strong>in</strong></span> <span class='ocrx_word' id='word_1_132' title='bbox 1389 1941 1600 1996; x_wconf 83' lang='lat' dir='ltr'><strong>caritate</strong></span> <span class='ocrx_word' id='word_1_133' title='bbox 1623 1949 1672 1993; x_wconf 91' lang='lat' dir='ltr'><strong>et</strong></span> <span class='ocrx_word' id='word_1_134' title='bbox 1701 1935 1889 2007; x_wconf 82' lang='lat' dir='ltr'><strong>spiritu</strong></span> 
     </span>
    </p>
   </div>
   <div class='ocr_carea' id='block_1_18' title="bbox 266 2028 1887 2117">
    <p class='ocr_par' dir='ltr' id='par_1_18' title="bbox 266 2028 1887 2117">
     <span class='ocr_line' id='line_1_18' title="bbox 266 2028 1887 2117; baseline -0.015 -13"><span class='ocrx_word' id='word_1_135' title='bbox 266 2047 490 2105; x_wconf 77' lang='lat' dir='ltr'><strong>lenitatis</strong></span> <span class='ocrx_word' id='word_1_136' title='bbox 534 2045 554 2117; x_wconf 90' lang='lat'>(</span> <span class='ocrx_word' id='word_1_137' title='bbox 581 2045 634 2100; x_wconf 79' lang='lat' dir='ltr'><strong>l.</strong></span> <span class='ocrx_word' id='word_1_138' title='bbox 665 2041 788 2097; x_wconf 83' lang='lat' dir='ltr'><strong>Cor.</strong></span> <span class='ocrx_word' id='word_1_139' title='bbox 815 2041 872 2098; x_wconf 94' lang='grc'><strong>4.</strong></span> <span class='ocrx_word' id='word_1_140' title='bbox 895 2039 963 2096; x_wconf 82' lang='grc'><strong>21</strong></span> <span class='ocrx_word' id='word_1_141' title='bbox 1000 2039 1066 2110; x_wconf 78' lang='lat' dir='ltr'><strong>)l</strong></span> <span class='ocrx_word' id='word_1_142' title='bbox 1091 2035 1283 2093; x_wconf 78' lang='lat' dir='ltr'><strong>Vidisti</strong></span> <span class='ocrx_word' id='word_1_143' title='bbox 1310 2034 1586 2106; x_wconf 91' lang='lat' dir='ltr'><strong>quomodo</strong></span> <span class='ocrx_word' id='word_1_144' title='bbox 1625 2031 1699 2087; x_wconf 89' lang='lat' dir='ltr'><strong>sit</strong></span> <span class='ocrx_word' id='word_1_145' title='bbox 1738 2028 1887 2099; x_wconf 85' lang='lat' dir='ltr'><strong>virga</strong></span> 
     </span>
    </p>
   </div>
   <div class='ocr_carea' id='block_1_19' title="bbox 266 2120 1892 2209">
    <p class='ocr_par' dir='ltr' id='par_1_19' title="bbox 266 2120 1892 2209">
     <span class='ocr_line' id='line_1_19' title="bbox 266 2120 1892 2209; baseline -0.013 -13"><span class='ocrx_word' id='word_1_146' title='bbox 266 2135 684 2209; x_wconf 72' lang='lat' dir='ltr'><strong>castigationis:</strong></span> <span class='ocrx_word' id='word_1_147' title='bbox 736 2133 867 2188; x_wconf 93' lang='lat' dir='ltr'><strong>vide</strong></span> <span class='ocrx_word' id='word_1_148' title='bbox 914 2129 1191 2204; x_wconf 90' lang='lat' dir='ltr'><strong>quomodo</strong></span> <span class='ocrx_word' id='word_1_149' title='bbox 1232 2127 1304 2184; x_wconf 91' lang='lat' dir='ltr'><strong>sit</strong></span> <span class='ocrx_word' id='word_1_150' title='bbox 1345 2128 1510 2182; x_wconf 89' lang='lat' dir='ltr'><strong>etiam</strong></span> <span class='ocrx_word' id='word_1_151' title='bbox 1547 2123 1721 2194; x_wconf 88' lang='lat' dir='ltr'><strong>regni.</strong></span> <span class='ocrx_word' id='word_1_152' title='bbox 1753 2120 1892 2176; x_wconf 88' lang='lat' dir='ltr'><strong>Dicit</strong></span> 
     </span>
    </p>
   </div>
   <div class='ocr_carea' id='block_1_20' title="bbox 269 2214 1894 2299">
    <p class='ocr_par' dir='ltr' id='par_1_20' title="bbox 269 2214 1894 2299">
     <span class='ocr_line' id='line_1_20' title="bbox 269 2214 1894 2299; baseline -0.014 -11"><span class='ocrx_word' id='word_1_153' title='bbox 269 2232 418 2289; x_wconf 86' lang='lat' dir='ltr'><strong>enim</strong></span> <span class='ocrx_word' id='word_1_154' title='bbox 449 2229 653 2286; x_wconf 82' lang='lat' dir='ltr'><strong>Isaias:</strong></span> <span class='ocrx_word' id='word_1_155' title='bbox 677 2225 982 2299; x_wconf 78' lang='lat' dir='ltr'><strong>Egredictur</strong></span> <span class='ocrx_word' id='word_1_156' title='bbox 1000 2225 1144 2294; x_wconf 77' lang='lat' dir='ltr'><strong>uirga</strong></span> <span class='ocrx_word' id='word_1_157' title='bbox 1172 2224 1238 2278; x_wconf 84' lang='lat' dir='ltr'><strong>de</strong></span> <span class='ocrx_word' id='word_1_158' title='bbox 1260 2220 1434 2275; x_wconf 78' lang='lat' dir='ltr'><strong>radice</strong></span> <span class='ocrx_word' id='word_1_159' title='bbox 1455 2218 1621 2283; x_wconf 73' lang='lat' dir='ltr'><strong>Iesse,</strong></span> <span class='ocrx_word' id='word_1_160' title='bbox 1639 2225 1688 2270; x_wconf 84' lang='lat' dir='ltr'><strong>et</strong></span> <span class='ocrx_word' id='word_1_161' title='bbox 1715 2216 1816 2286; x_wconf 72' lang='lat' dir='ltr'><strong>ﬂos</strong></span> <span class='ocrx_word' id='word_1_162' title='bbox 1827 2214 1894 2267; x_wconf 86' lang='lat' dir='ltr'><strong>de</strong></span> 
     </span>
    </p>
   </div>
   <div class='ocr_carea' id='block_1_21' title="bbox 270 2307 1892 2395">
    <p class='ocr_par' dir='ltr' id='par_1_21' title="bbox 270 2307 1892 2395">
     <span class='ocr_line' id='line_1_21' title="bbox 270 2307 1892 2395; baseline -0.012 -14"><span class='ocrx_word' id='word_1_163' title='bbox 270 2327 445 2381; x_wconf 82' lang='lat' dir='ltr'><strong>radice</strong></span> <span class='ocrx_word' id='word_1_164' title='bbox 463 2325 576 2395; x_wconf 76' lang='lat' dir='ltr'><strong>ejus</strong></span> <span class='ocrx_word' id='word_1_165' title='bbox 601 2320 836 2377; x_wconf 83' lang='lat' dir='ltr'><strong>ascendet</strong></span> <span class='ocrx_word' id='word_1_166' title='bbox 887 2317 907 2390; x_wconf 93' lang='lat'>(</span> <span class='ocrx_word' id='word_1_167' title='bbox 937 2316 1067 2373; x_wconf 85' lang='lat' dir='ltr'><strong>Isai.</strong></span> <span class='ocrx_word' id='word_1_168' title='bbox 1103 2316 1191 2371; x_wconf 83' lang='grc' dir='ltr'><strong>Η.</strong></span> <span class='ocrx_word' id='word_1_169' title='bbox 1223 2314 1302 2386; x_wconf 79' lang='grc'><strong>1).</strong></span> <span class='ocrx_word' id='word_1_170' title='bbox 1331 2314 1400 2368; x_wconf 87' lang='lat' dir='ltr'><strong>Et</strong></span> <span class='ocrx_word' id='word_1_171' title='bbox 1427 2310 1626 2366; x_wconf 84' lang='lat' dir='ltr'><strong>David:</strong></span> <span class='ocrx_word' id='word_1_172' title='bbox 1653 2307 1892 2362; x_wconf 80' lang='lat' dir='ltr'><strong>Thronus</strong></span> 
     </span>
    </p>
   </div>
   <div class='ocr_carea' id='block_1_22' title="bbox 273 2399 1895 2483">
    <p class='ocr_par' dir='ltr' id='par_1_22' title="bbox 273 2399 1895 2483">
     <span class='ocr_line' id='line_1_22' title="bbox 273 2399 1895 2483; baseline -0.014 -11"><span class='ocrx_word' id='word_1_173' title='bbox 273 2429 409 2483; x_wconf 67' lang='lat' dir='ltr'><strong>tuus,</strong></span> <span class='ocrx_word' id='word_1_174' title='bbox 465 2414 630 2478; x_wconf 85' lang='lat' dir='ltr'><strong>Deus,</strong></span> <span class='ocrx_word' id='word_1_175' title='bbox 670 2413 741 2482; x_wconf 63' lang='lat' dir='ltr'><strong>iu:</strong></span> <span class='ocrx_word' id='word_1_176' title='bbox 760 2411 1006 2467; x_wconf 66' lang='lat' dir='ltr'><strong>secutum</strong></span> <span class='ocrx_word' id='word_1_177' title='bbox 1033 2408 1248 2472; x_wconf 73' lang='lat' dir='ltr'><strong>muti;</strong></span> <span class='ocrx_word' id='word_1_178' title='bbox 1272 2406 1417 2476; x_wconf 79' lang='lat' dir='ltr'><strong>uirga</strong></span> <span class='ocrx_word' id='word_1_179' title='bbox 1445 2401 1720 2474; x_wconf 69' lang='lat' dir='ltr'><strong>cquitatis,</strong></span> <span class='ocrx_word' id='word_1_180' title='bbox 1751 2399 1895 2470; x_wconf 71' lang='lat' dir='ltr'><strong>virga</strong></span> 
     </span>
    </p>
   </div>
   <div class='ocr_carea' id='block_1_23' title="bbox 273 2490 1896 2581">
    <p class='ocr_par' dir='ltr' id='par_1_23' title="bbox 273 2490 1896 2581">
     <span class='ocr_line' id='line_1_23' title="bbox 273 2490 1896 2581; baseline -0.01 -18"><span class='ocrx_word' id='word_1_181' title='bbox 273 2508 418 2581; x_wconf 81' lang='lat' dir='ltr'><strong>regni</strong></span> <span class='ocrx_word' id='word_1_182' title='bbox 447 2506 525 2560; x_wconf 78' lang='lat' dir='ltr'><strong>tui</strong></span> <span class='ocrx_word' id='word_1_183' title='bbox 554 2503 746 2580; x_wconf 77' lang='grc' dir='ltr'><strong>(Ρωι.</strong></span> <span class='ocrx_word' id='word_1_184' title='bbox 787 2503 922 2558; x_wconf 85' lang='grc'><strong>44.7</strong></span> <span class='ocrx_word' id='word_1_185' title='bbox 945 2499 987 2573; x_wconf 94' lang='grc'><strong>).</strong></span> <span class='ocrx_word' id='word_1_186' title='bbox 1023 2499 1241 2569; x_wconf 78' lang='lat' dir='ltr'><strong>Virgam</strong></span> <span class='ocrx_word' id='word_1_187' title='bbox 1269 2496 1415 2552; x_wconf 88' lang='lat' dir='ltr'><strong>enim</strong></span> <span class='ocrx_word' id='word_1_188' title='bbox 1443 2495 1532 2549; x_wconf 88' lang='lat' dir='ltr'><strong>hic</strong></span> <span class='ocrx_word' id='word_1_189' title='bbox 1558 2492 1768 2548; x_wconf 88' lang='lat' dir='ltr'><strong>vocavit</strong></span> <span class='ocrx_word' id='word_1_190' title='bbox 1787 2490 1896 2546; x_wconf 89' lang='lat' dir='ltr'><strong>vir-</strong></span> 
     </span>
    </p>
   </div>
   <div class='ocr_carea' id='block_1_24' title="bbox 277 2583 1892 2666">
    <p class='ocr_par' dir='ltr' id='par_1_24' title="bbox 277 2583 1892 2666">
     <span class='ocr_line' id='line_1_24' title="bbox 277 2583 1892 2666; baseline -0.014 -10"><span class='ocrx_word' id='word_1_191' title='bbox 277 2609 468 2664; x_wconf 89' lang='lat' dir='ltr'><strong>tutem,</strong></span> <span class='ocrx_word' id='word_1_192' title='bbox 509 2612 634 2653; x_wconf 90' lang='lat' dir='ltr'><strong>cum</strong></span> <span class='ocrx_word' id='word_1_193' title='bbox 673 2609 777 2666; x_wconf 90' lang='lat' dir='ltr'><strong>qua</strong></span> <span class='ocrx_word' id='word_1_194' title='bbox 805 2591 1053 2663; x_wconf 80' lang='lat' dir='ltr'><strong>discipuli</strong></span> <span class='ocrx_word' id='word_1_195' title='bbox 1079 2591 1268 2646; x_wconf 90' lang='lat' dir='ltr'><strong>orbem</strong></span> <span class='ocrx_word' id='word_1_196' title='bbox 1296 2598 1454 2643; x_wconf 83' lang='lat' dir='ltr'><strong>terra:</strong></span> <span class='ocrx_word' id='word_1_197' title='bbox 1485 2583 1892 2648; x_wconf 84' lang='lat' dir='ltr'><strong>circumierunt,</strong></span> 
     </span>
    </p>
   </div>
   <div class='ocr_carea' id='block_1_25' title="bbox 275 2675 1892 2761">
    <p class='ocr_par' dir='ltr' id='par_1_25' title="bbox 275 2675 1892 2761">
     <span class='ocr_line' id='line_1_25' title="bbox 275 2675 1892 2761; baseline -0.014 -10"><span class='ocrx_word' id='word_1_198' title='bbox 275 2707 458 2751; x_wconf 73' lang='lat' dir='ltr'><strong>moues</strong></span> <span class='ocrx_word' id='word_1_199' title='bbox 477 2690 834 2761; x_wconf 85' lang='lat' dir='ltr'><strong>eorrigentes,</strong></span> <span class='ocrx_word' id='word_1_200' title='bbox 864 2697 920 2742; x_wconf 91' lang='lat' dir='ltr'><strong>et</strong></span> <span class='ocrx_word' id='word_1_201' title='bbox 944 2701 976 2741; x_wconf 92' lang='lat' dir='ltr'><strong>a</strong></span> <span class='ocrx_word' id='word_1_202' title='bbox 1002 2683 1236 2757; x_wconf 87' lang='lat' dir='ltr'><strong>quodam</strong></span> <span class='ocrx_word' id='word_1_203' title='bbox 1259 2682 1439 2736; x_wconf 89' lang='lat' dir='ltr'><strong>alieno</strong></span> <span class='ocrx_word' id='word_1_204' title='bbox 1464 2696 1494 2733; x_wconf 90' lang='lat' dir='ltr'><strong>a</strong></span> <span class='ocrx_word' id='word_1_205' title='bbox 1521 2678 1730 2734; x_wconf 84' lang='lat' dir='ltr'><strong>ratione</strong></span> <span class='ocrx_word' id='word_1_206' title='bbox 1759 2675 1892 2730; x_wconf 90' lang='lat' dir='ltr'><strong>vitio</strong></span> 
     </span>
    </p>
   </div>
   <div class='ocr_carea' id='block_1_26' title="bbox 276 2773 1893 2844">
    <p class='ocr_par' dir='ltr' id='par_1_26' title="bbox 276 2773 1893 2844">
     <span class='ocr_line' id='line_1_26' title="bbox 276 2773 1893 2844; baseline -0.012 0"><span class='ocrx_word' id='word_1_207' title='bbox 276 2787 608 2844; x_wconf 87' lang='lat' dir='ltr'><strong>deducenles</strong></span> <span class='ocrx_word' id='word_1_208' title='bbox 636 2782 705 2837; x_wconf 86' lang='lat' dir='ltr'><strong>ad</strong></span> <span class='ocrx_word' id='word_1_209' title='bbox 732 2781 1010 2836; x_wconf 89' lang='lat' dir='ltr'><strong>hominum</strong></span> <span class='ocrx_word' id='word_1_210' title='bbox 1043 2787 1291 2833; x_wconf 90' lang='lat' dir='ltr'><strong>naturam</strong></span> <span class='ocrx_word' id='word_1_211' title='bbox 1319 2773 1544 2829; x_wconf 79' lang='lat' dir='ltr'><strong>rationis</strong></span> <span class='ocrx_word' id='word_1_212' title='bbox 1565 2779 1893 2842; x_wconf 82' lang='lat' dir='ltr'><strong>compotem.</strong></span> 
     </span>
    </p>
   </div>
   <div class='ocr_carea' id='block_1_27' title="bbox 279 2860 1896 2942">
    <p class='ocr_par' dir='ltr' id='par_1_27' title="bbox 279 2860 1896 2942">
     <span class='ocr_line' id='line_1_27' title="bbox 279 2860 1896 2942; baseline -0.012 -8"><span class='ocrx_word' id='word_1_213' title='bbox 279 2877 476 2934; x_wconf 81' lang='lat' dir='ltr'><strong>Euntes</strong></span> <span class='ocrx_word' id='word_1_214' title='bbox 502 2876 648 2930; x_wconf 89' lang='lat' dir='ltr'><strong>enim</strong></span> <span class='ocrx_word' id='word_1_215' title='bbox 669 2915 687 2941; x_wconf 93' lang='lat'><strong>,</strong></span> <span class='ocrx_word' id='word_1_216' title='bbox 719 2872 926 2942; x_wconf 88' lang='lat' dir='ltr'><strong>inquit,</strong></span> <span class='ocrx_word' id='word_1_217' title='bbox 953 2871 1130 2924; x_wconf 84' lang='lat' dir='ltr'><strong>docete</strong></span> <span class='ocrx_word' id='word_1_218' title='bbox 1167 2883 1339 2922; x_wconf 85' lang='lat' dir='ltr'><strong>omnes</strong></span> <span class='ocrx_word' id='word_1_219' title='bbox 1369 2875 1543 2935; x_wconf 76' lang='lat' dir='ltr'><strong>gentes</strong></span> <span class='ocrx_word' id='word_1_220' title='bbox 1575 2864 1594 2936; x_wconf 94' lang='lat'>(</span> <span class='ocrx_word' id='word_1_221' title='bbox 1628 2862 1780 2917; x_wconf 79' lang='lat' dir='ltr'><strong>Matt.</strong></span> <span class='ocrx_word' id='word_1_222' title='bbox 1801 2860 1896 2918; x_wconf 79' lang='grc'><strong>28.</strong></span> 
     </span>
    </p>
   </div>
   <div class='ocr_carea' id='block_1_28' title="bbox 281 2953 1902 3042">
    <p class='ocr_par' dir='ltr' id='par_1_28' title="bbox 281 2953 1902 3042">
     <span class='ocr_line' id='line_1_28' title="bbox 281 2953 1902 3042; baseline -0.014 -14"><span class='ocrx_word' id='word_1_223' title='bbox 281 2971 396 3042; x_wconf 72' lang='lat' dir='ltr'><strong>l9).</strong></span> <span class='ocrx_word' id='word_1_224' title='bbox 422 2967 624 3025; x_wconf 79' lang='lat' dir='ltr'><strong>Habuit</strong></span> <span class='ocrx_word' id='word_1_225' title='bbox 646 2965 810 3021; x_wconf 90' lang='lat' dir='ltr'><strong>etiam</strong></span> <span class='ocrx_word' id='word_1_226' title='bbox 835 2962 1011 3018; x_wconf 76' lang='lat' dir='ltr'><strong>Moses</strong></span> <span class='ocrx_word' id='word_1_227' title='bbox 1032 2961 1260 3030; x_wconf 90' lang='lat' dir='ltr'><strong>virgam,</strong></span> <span class='ocrx_word' id='word_1_228' title='bbox 1288 2957 1386 3013; x_wconf 91' lang='lat' dir='ltr'><strong>sed</strong></span> <span class='ocrx_word' id='word_1_229' title='bbox 1417 2972 1540 3012; x_wconf 90' lang='lat' dir='ltr'><strong>cum</strong></span> <span class='ocrx_word' id='word_1_230' title='bbox 1567 2971 1630 3010; x_wconf 90' lang='lat' dir='ltr'><strong>ea</strong></span> <span class='ocrx_word' id='word_1_231' title='bbox 1658 2953 1902 3023; x_wconf 85' lang='lat' dir='ltr'><strong>suscepit</strong></span> 
     </span>
    </p>
   </div>
   <div class='ocr_carea' id='block_1_29' title="bbox 285 3043 1898 3132">
    <p class='ocr_par' dir='ltr' id='par_1_29' title="bbox 285 3043 1898 3132">
     <span class='ocr_line' id='line_1_29' title="bbox 285 3043 1898 3132; baseline -0.014 -12"><span class='ocrx_word' id='word_1_232' title='bbox 285 3064 378 3120; x_wconf 91' lang='lat' dir='ltr'><strong>Dei</strong></span> <span class='ocrx_word' id='word_1_233' title='bbox 407 3051 815 3132; x_wconf 79' lang='lat' dir='ltr'><strong>operationem,</strong></span> <span class='ocrx_word' id='word_1_234' title='bbox 849 3068 945 3124; x_wconf 89' lang='lat' dir='ltr'><strong>per</strong></span> <span class='ocrx_word' id='word_1_235' title='bbox 981 3066 1143 3121; x_wconf 90' lang='lat' dir='ltr'><strong>quam</strong></span> <span class='ocrx_word' id='word_1_236' title='bbox 1181 3049 1506 3120; x_wconf 81' lang='lat' dir='ltr'><strong>operabatur</strong></span> <span class='ocrx_word' id='word_1_237' title='bbox 1530 3045 1584 3100; x_wconf 91' lang='lat' dir='ltr'><strong>in</strong></span> <span class='ocrx_word' id='word_1_238' title='bbox 1623 3043 1898 3100; x_wconf 90' lang='lat' dir='ltr'><strong>omnibus.</strong></span> 
     </span>
    </p>
   </div>
   <div class='ocr_carea' id='block_1_30' title="bbox 279 3135 1902 3222">
    <p class='ocr_par' dir='ltr' id='par_1_30' title="bbox 279 3135 1902 3222">
     <span class='ocr_line' id='line_1_30' title="bbox 279 3135 1902 3222; baseline -0.016 -9"><span class='ocrx_word' id='word_1_239' title='bbox 279 3157 350 3213; x_wconf 83' lang='lat' dir='ltr'><strong>Et</strong></span> <span class='ocrx_word' id='word_1_240' title='bbox 377 3155 467 3211; x_wconf 88' lang='lat' dir='ltr'><strong>illa</strong></span> <span class='ocrx_word' id='word_1_241' title='bbox 501 3149 722 3222; x_wconf 89' lang='lat' dir='ltr'><strong>quidem</strong></span> <span class='ocrx_word' id='word_1_242' title='bbox 761 3145 946 3203; x_wconf 80' lang='lat' dir='ltr'><strong>divisit</strong></span> <span class='ocrx_word' id='word_1_243' title='bbox 971 3142 1200 3208; x_wconf 89' lang='lat' dir='ltr'><strong>fluvios,</strong></span> <span class='ocrx_word' id='word_1_244' title='bbox 1228 3142 1344 3195; x_wconf 62' lang='lat' dir='ltr'><strong>haec</strong></span> <span class='ocrx_word' id='word_1_245' title='bbox 1372 3149 1554 3194; x_wconf 83' lang='lat' dir='ltr'><strong>autem</strong></span> <span class='ocrx_word' id='word_1_246' title='bbox 1591 3135 1752 3208; x_wconf 80' lang='lat' dir='ltr'><strong>fregit</strong></span> <span class='ocrx_word' id='word_1_247' title='bbox 1795 3135 1902 3189; x_wconf 89' lang='lat' dir='ltr'><strong>im-</strong></span> 
     </span>
    </p>
   </div>
   <div class='ocr_carea' id='block_1_31' title="bbox 282 3233 1902 3321">
    <p class='ocr_par' dir='ltr' id='par_1_31' title="bbox 282 3233 1902 3321">
     <span class='ocr_line' id='line_1_31' title="bbox 282 3233 1902 3321; baseline -0.012 -17"><span class='ocrx_word' id='word_1_248' title='bbox 282 3252 539 3321; x_wconf 75' lang='lat' dir='ltr'><strong>pietatem</strong></span> <span class='ocrx_word' id='word_1_249' title='bbox 569 3245 719 3301; x_wconf 87' lang='lat' dir='ltr'><strong>orbis</strong></span> <span class='ocrx_word' id='word_1_250' title='bbox 745 3253 923 3299; x_wconf 67' lang='lat' dir='ltr'><strong>terrae.</strong></span> <span class='ocrx_word' id='word_1_251' title='bbox 953 3241 1138 3311; x_wconf 83' lang='lat' dir='ltr'><strong>Neque</strong></span> <span class='ocrx_word' id='word_1_252' title='bbox 1162 3253 1294 3294; x_wconf 91' lang='lat' dir='ltr'><strong>vero</strong></span> <span class='ocrx_word' id='word_1_253' title='bbox 1320 3235 1680 3299; x_wconf 89' lang='lat' dir='ltr'><strong>aberraveris,</strong></span> <span class='ocrx_word' id='word_1_254' title='bbox 1701 3233 1745 3288; x_wconf 88' lang='lat' dir='ltr'><strong>si</strong></span> <span class='ocrx_word' id='word_1_255' title='bbox 1773 3247 1902 3288; x_wconf 84' lang='lat' dir='ltr'><strong>cru-</strong></span> 
     </span>
    </p>
   </div>
   <div class='ocr_carea' id='block_1_32' title="bbox 281 3325 1904 3410">
    <p class='ocr_par' dir='ltr' id='par_1_32' title="bbox 281 3325 1904 3410">
     <span class='ocr_line' id='line_1_32' title="bbox 281 3325 1904 3410; baseline -0.012 -12"><span class='ocrx_word' id='word_1_256' title='bbox 281 3357 402 3397; x_wconf 85' lang='lat' dir='ltr'><strong>cem</strong></span> <span class='ocrx_word' id='word_1_257' title='bbox 433 3352 654 3410; x_wconf 88' lang='lat' dir='ltr'><strong>quoque</strong></span> <span class='ocrx_word' id='word_1_258' title='bbox 681 3335 894 3390; x_wconf 87' lang='lat' dir='ltr'><strong>Domini</strong></span> <span class='ocrx_word' id='word_1_259' title='bbox 924 3347 1086 3388; x_wconf 90' lang='lat' dir='ltr'><strong>voces</strong></span> <span class='ocrx_word' id='word_1_260' title='bbox 1108 3331 1311 3402; x_wconf 83' lang='lat' dir='ltr'><strong>virgam</strong></span> <span class='ocrx_word' id='word_1_261' title='bbox 1334 3329 1569 3384; x_wconf 90' lang='lat' dir='ltr'><strong>virtutis.</strong></span> <span class='ocrx_word' id='word_1_262' title='bbox 1602 3325 1732 3381; x_wconf 63' lang='lat' dir='ltr'><strong>Haec</strong></span> <span class='ocrx_word' id='word_1_263' title='bbox 1758 3325 1904 3379; x_wconf 86' lang='lat' dir='ltr'><strong>enim</strong></span> 
     </span>
    </p>
   </div>
   <div class='ocr_carea' id='block_1_33' title="bbox 284 3423 1908 3504">
    <p class='ocr_par' dir='ltr' id='par_1_33' title="bbox 284 3423 1908 3504">
     <span class='ocr_line' id='line_1_33' title="bbox 284 3423 1908 3504; baseline -0.009 -18"><span class='ocrx_word' id='word_1_264' title='bbox 284 3433 435 3504; x_wconf 87' lang='lat' dir='ltr'><strong>virga</strong></span> <span class='ocrx_word' id='word_1_265' title='bbox 467 3444 620 3485; x_wconf 90' lang='lat' dir='ltr'><strong>mare</strong></span> <span class='ocrx_word' id='word_1_266' title='bbox 653 3437 710 3483; x_wconf 88' lang='lat' dir='ltr'><strong>et</strong></span> <span class='ocrx_word' id='word_1_267' title='bbox 748 3436 948 3482; x_wconf 87' lang='lat' dir='ltr'><strong>terram</strong></span> <span class='ocrx_word' id='word_1_268' title='bbox 990 3423 1292 3491; x_wconf 77' lang='lat' dir='ltr'><strong>convertit,</strong></span> <span class='ocrx_word' id='word_1_269' title='bbox 1324 3431 1381 3477; x_wconf 91' lang='lat' dir='ltr'><strong>et</strong></span> <span class='ocrx_word' id='word_1_270' title='bbox 1416 3434 1607 3490; x_wconf 87' lang='lat' dir='ltr'><strong>magna</strong></span> <span class='ocrx_word' id='word_1_271' title='bbox 1639 3426 1908 3488; x_wconf 80' lang='lat' dir='ltr'><strong>potestate</strong></span> 
     </span>
    </p>
   </div>
   <div class='ocr_carea' id='block_1_34' title="bbox 288 3509 1906 3595">
    <p class='ocr_par' dir='ltr' id='par_1_34' title="bbox 288 3509 1906 3595">
     <span class='ocr_line' id='line_1_34' title="bbox 288 3509 1906 3595; baseline -0.011 -16"><span class='ocrx_word' id='word_1_272' title='bbox 288 3521 534 3595; x_wconf 88' lang='lat' dir='ltr'><strong>replevit.</strong></span> <span class='ocrx_word' id='word_1_273' title='bbox 579 3519 715 3575; x_wconf 89' lang='lat' dir='ltr'><strong>Cum</strong></span> <span class='ocrx_word' id='word_1_274' title='bbox 743 3517 847 3573; x_wconf 87' lang='lat' dir='ltr'><strong>hac</strong></span> <span class='ocrx_word' id='word_1_275' title='bbox 871 3519 1021 3588; x_wconf 90' lang='lat' dir='ltr'><strong>virga</strong></span> <span class='ocrx_word' id='word_1_276' title='bbox 1050 3514 1257 3586; x_wconf 87' lang='lat' dir='ltr'><strong>egressi</strong></span> <span class='ocrx_word' id='word_1_277' title='bbox 1285 3512 1514 3583; x_wconf 85' lang='lat' dir='ltr'><strong>apostoli</strong></span> <span class='ocrx_word' id='word_1_278' title='bbox 1553 3526 1650 3580; x_wconf 89' lang='lat' dir='ltr'><strong>per</strong></span> <span class='ocrx_word' id='word_1_279' title='bbox 1693 3509 1906 3563; x_wconf 87' lang='lat' dir='ltr'><strong>univer-</strong></span> 
     </span>
    </p>
   </div>
   <div class='ocr_carea' id='block_1_35' title="bbox 285 3602 1910 3677">
    <p class='ocr_par' dir='ltr' id='par_1_35' title="bbox 285 3602 1910 3677">
     <span class='ocr_line' id='line_1_35' title="bbox 285 3602 1910 3677; baseline -0.01 -6"><span class='ocrx_word' id='word_1_280' title='bbox 285 3630 404 3670; x_wconf 91' lang='lat' dir='ltr'><strong>sum</strong></span> <span class='ocrx_word' id='word_1_281' title='bbox 434 3613 627 3668; x_wconf 90' lang='lat' dir='ltr'><strong>orbem</strong></span> <span class='ocrx_word' id='word_1_282' title='bbox 660 3621 818 3666; x_wconf 79' lang='lat' dir='ltr'><strong>terra:</strong></span> <span class='ocrx_word' id='word_1_283' title='bbox 839 3655 853 3677; x_wconf 91' lang='lat'><strong>,</strong></span> <span class='ocrx_word' id='word_1_284' title='bbox 885 3607 1069 3663; x_wconf 85' lang='lat' dir='ltr'><strong>omnia</strong></span> <span class='ocrx_word' id='word_1_285' title='bbox 1098 3606 1190 3660; x_wconf 92' lang='lat' dir='ltr'><strong>illa</strong></span> <span class='ocrx_word' id='word_1_286' title='bbox 1223 3604 1424 3660; x_wconf 85' lang='lat' dir='ltr'><strong>fecere.</strong></span> <span class='ocrx_word' id='word_1_287' title='bbox 1454 3602 1604 3656; x_wconf 88' lang='lat' dir='ltr'><strong>llanc</strong></span> <span class='ocrx_word' id='word_1_288' title='bbox 1632 3609 1910 3672; x_wconf 78' lang='lat' dir='ltr'><strong>gestantes</strong></span> 
     </span>
    </p>
   </div>
   <div class='ocr_carea' id='block_1_36' title="bbox 287 3691 1909 3776">
    <p class='ocr_par' dir='ltr' id='par_1_36' title="bbox 287 3691 1909 3776">
     <span class='ocr_line' id='line_1_36' title="bbox 287 3691 1909 3776; baseline -0.01 -15"><span class='ocrx_word' id='word_1_289' title='bbox 287 3705 470 3761; x_wconf 88' lang='lat' dir='ltr'><strong>omnia</strong></span> <span class='ocrx_word' id='word_1_290' title='bbox 517 3702 904 3776; x_wconf 87' lang='lat' dir='ltr'><strong>perﬁciebant,</strong></span> <span class='ocrx_word' id='word_1_291' title='bbox 950 3706 1168 3768; x_wconf 85' lang='lat' dir='ltr'><strong>sumpto</strong></span> <span class='ocrx_word' id='word_1_292' title='bbox 1202 3694 1474 3767; x_wconf 89' lang='lat' dir='ltr'><strong>principio</strong></span> <span class='ocrx_word' id='word_1_293' title='bbox 1496 3694 1564 3749; x_wconf 89' lang='lat' dir='ltr'><strong>ab</strong></span> <span class='ocrx_word' id='word_1_294' title='bbox 1586 3691 1909 3748; x_wconf 82' lang='lat' dir='ltr'><strong>Jerusalem.</strong></span> 
     </span>
    </p>
   </div>
   <div class='ocr_carea' id='block_1_37' title="bbox 291 3785 1916 3854">
    <p class='ocr_par' dir='ltr' id='par_1_37' title="bbox 291 3785 1916 3854">
     <span class='ocr_line' id='line_1_37' title="bbox 291 3785 1916 3854; baseline -0.01 -1"><span class='ocrx_word' id='word_1_295' title='bbox 291 3799 356 3854; x_wconf 83' lang='lat' dir='ltr'><strong>Et</strong></span> <span class='ocrx_word' id='word_1_296' title='bbox 399 3797 671 3853; x_wconf 84' lang='lat' dir='ltr'><strong>dominare</strong></span> <span class='ocrx_word' id='word_1_297' title='bbox 698 3797 752 3848; x_wconf 86' lang='lat' dir='ltr'><strong>in</strong></span> <span class='ocrx_word' id='word_1_298' title='bbox 779 3793 948 3848; x_wconf 88' lang='lat' dir='ltr'><strong>medio</strong></span> <span class='ocrx_word' id='word_1_299' title='bbox 975 3791 1299 3846; x_wconf 72' lang='lat' dir='ltr'><strong>inimicorum</strong></span> <span class='ocrx_word' id='word_1_300' title='bbox 1339 3798 1564 3842; x_wconf 81' lang='lat' dir='ltr'><strong>tuorum.</strong></span> <span class='ocrx_word' id='word_1_301' title='bbox 1607 3785 1741 3840; x_wconf 82' lang='lat' dir='ltr'><strong>Vide</strong></span> <span class='ocrx_word' id='word_1_302' title='bbox 1789 3797 1916 3854; x_wconf 87' lang='lat' dir='ltr'><strong>pro-</strong></span> 
     </span>
    </p>
   </div>
   <div class='ocr_carea' id='block_1_38' title="bbox 289 3876 1912 3965">
    <p class='ocr_par' dir='ltr' id='par_1_38' title="bbox 289 3876 1912 3965">
     <span class='ocr_line' id='line_1_38' title="bbox 289 3876 1912 3965; baseline -0.01 -20"><span class='ocrx_word' id='word_1_303' title='bbox 289 3892 529 3965; x_wconf 85' lang='lat' dir='ltr'><strong>phetiam</strong></span> <span class='ocrx_word' id='word_1_304' title='bbox 558 3892 676 3961; x_wconf 83' lang='lat' dir='ltr'><strong>ipso</strong></span> <span class='ocrx_word' id='word_1_305' title='bbox 701 3888 818 3943; x_wconf 89' lang='lat' dir='ltr'><strong>sole</strong></span> <span class='ocrx_word' id='word_1_306' title='bbox 839 3886 1147 3942; x_wconf 88' lang='lat' dir='ltr'><strong>clariorem.</strong></span> <span class='ocrx_word' id='word_1_307' title='bbox 1182 3883 1322 3950; x_wconf 85' lang='lat' dir='ltr'><strong>Quid</strong></span> <span class='ocrx_word' id='word_1_308' title='bbox 1353 3890 1439 3937; x_wconf 90' lang='lat' dir='ltr'><strong>est</strong></span> <span class='ocrx_word' id='word_1_309' title='bbox 1472 3889 1677 3944; x_wconf 89' lang='lat' dir='ltr'><strong>autem,</strong></span> <span class='ocrx_word' id='word_1_310' title='bbox 1725 3876 1912 3931; x_wconf 86' lang='lat' dir='ltr'><strong>Domi-</strong></span> 
     </span>
    </p>
   </div>
   <div class='ocr_carea' id='block_1_39' title="bbox 291 3967 1914 4042">
    <p class='ocr_par' dir='ltr' id='par_1_39' title="bbox 291 3967 1914 4042">
     <span class='ocr_line' id='line_1_39' title="bbox 291 3967 1914 4042; baseline -0.011 -2"><span class='ocrx_word' id='word_1_311' title='bbox 291 4002 417 4040; x_wconf 81' lang='lat' dir='ltr'><strong>nare</strong></span> <span class='ocrx_word' id='word_1_312' title='bbox 438 3986 494 4038; x_wconf 85' lang='lat' dir='ltr'><strong>in</strong></span> <span class='ocrx_word' id='word_1_313' title='bbox 522 3982 690 4036; x_wconf 83' lang='lat' dir='ltr'><strong>medio</strong></span> <span class='ocrx_word' id='word_1_314' title='bbox 717 3981 1038 4034; x_wconf 74' lang='lat' dir='ltr'><strong>inimicorum</strong></span> <span class='ocrx_word' id='word_1_315' title='bbox 1057 3986 1260 4030; x_wconf 74' lang='lat' dir='ltr'><strong>tuorum</strong></span> <span class='ocrx_word' id='word_1_316' title='bbox 1279 3975 1305 4028; x_wconf 68' lang='grc' dir='ltr'>τ</span> <span class='ocrx_word' id='word_1_317' title='bbox 1333 3974 1438 4030; x_wconf 87' lang='lat' dir='ltr'><strong>Pro</strong></span> <span class='ocrx_word' id='word_1_318' title='bbox 1463 3986 1530 4028; x_wconf 91' lang='lat' dir='ltr'><strong>eo</strong></span> <span class='ocrx_word' id='word_1_319' title='bbox 1553 3969 1698 4042; x_wconf 87' lang='lat' dir='ltr'><strong>quod</strong></span> <span class='ocrx_word' id='word_1_320' title='bbox 1725 3978 1829 4036; x_wconf 87' lang='lat' dir='ltr'><strong>est,</strong></span> <span class='ocrx_word' id='word_1_321' title='bbox 1855 3967 1914 4023; x_wconf 86' lang='lat' dir='ltr'><strong>In</strong></span> 
     </span>
    </p>
   </div>
   <div class='ocr_carea' id='block_1_40' title="bbox 294 4064 1917 4148">
    <p class='ocr_par' dir='ltr' id='par_1_40' title="bbox 294 4064 1917 4148">
     <span class='ocr_line' id='line_1_40' title="bbox 294 4064 1917 4148; baseline -0.012 -12"><span class='ocrx_word' id='word_1_322' title='bbox 294 4080 488 4136; x_wconf 87' lang='lat' dir='ltr'><strong>mediis</strong></span> <span class='ocrx_word' id='word_1_323' title='bbox 515 4075 829 4148; x_wconf 85' lang='lat' dir='ltr'><strong>gentilibus,</strong></span> <span class='ocrx_word' id='word_1_324' title='bbox 848 4073 901 4127; x_wconf 93' lang='lat' dir='ltr'><strong>in</strong></span> <span class='ocrx_word' id='word_1_325' title='bbox 929 4070 1121 4127; x_wconf 80' lang='lat' dir='ltr'><strong>mediis</strong></span> <span class='ocrx_word' id='word_1_326' title='bbox 1141 4068 1360 4125; x_wconf 67' lang='lat' dir='ltr'><strong>Judzis.</strong></span> <span class='ocrx_word' id='word_1_327' title='bbox 1390 4065 1470 4122; x_wconf 87' lang='lat' dir='ltr'><strong>Ita</strong></span> <span class='ocrx_word' id='word_1_328' title='bbox 1493 4065 1638 4122; x_wconf 89' lang='lat' dir='ltr'><strong>enim</strong></span> <span class='ocrx_word' id='word_1_329' title='bbox 1662 4064 1917 4134; x_wconf 71' lang='lat' dir='ltr'><strong>plantatze</strong></span> 
     </span>
    </p>
   </div>
   <div class='ocr_carea' id='block_1_41' title="bbox 295 4158 1918 4227">
    <p class='ocr_par' dir='ltr' id='par_1_41' title="bbox 295 4158 1918 4227">
     <span class='ocr_line' id='line_1_41' title="bbox 295 4158 1918 4227; baseline -0.01 -1"><span class='ocrx_word' id='word_1_330' title='bbox 295 4180 426 4227; x_wconf 79' lang='lat' dir='ltr'><strong>sunt</strong></span> <span class='ocrx_word' id='word_1_331' title='bbox 465 4167 732 4224; x_wconf 66' lang='lat' dir='ltr'><strong>Ecclesize</strong></span> <span class='ocrx_word' id='word_1_332' title='bbox 779 4165 834 4219; x_wconf 90' lang='lat' dir='ltr'><strong>in</strong></span> <span class='ocrx_word' id='word_1_333' title='bbox 878 4163 1073 4220; x_wconf 86' lang='lat' dir='ltr'><strong>mediis</strong></span> <span class='ocrx_word' id='word_1_334' title='bbox 1117 4161 1380 4226; x_wconf 86' lang='lat' dir='ltr'><strong>urbibus;</strong></span> <span class='ocrx_word' id='word_1_335' title='bbox 1427 4159 1497 4214; x_wconf 89' lang='lat' dir='ltr'><strong>ita</strong></span> <span class='ocrx_word' id='word_1_336' title='bbox 1542 4158 1813 4222; x_wconf 83' lang='lat' dir='ltr'><strong>vicerunt,</strong></span> <span class='ocrx_word' id='word_1_337' title='bbox 1861 4163 1918 4211; x_wconf 91' lang='lat' dir='ltr'><strong>et</strong></span> 
     </span>
    </p>
   </div>
   <div class='ocr_carea' id='block_1_42' title="bbox 295 4249 1920 4333">
    <p class='ocr_par' dir='ltr' id='par_1_42' title="bbox 295 4249 1920 4333">
     <span class='ocr_line' id='line_1_42' title="bbox 295 4249 1920 4333; baseline -0.01 -14"><span class='ocrx_word' id='word_1_338' title='bbox 295 4263 609 4333; x_wconf 85' lang='lat' dir='ltr'><strong>superiores</strong></span> <span class='ocrx_word' id='word_1_339' title='bbox 635 4266 946 4315; x_wconf 87' lang='lat' dir='ltr'><strong>evaserunt.</strong></span> <span class='ocrx_word' id='word_1_340' title='bbox 976 4255 1092 4310; x_wconf 85' lang='lat' dir='ltr'><strong>Hoc</strong></span> <span class='ocrx_word' id='word_1_341' title='bbox 1115 4264 1200 4310; x_wconf 91' lang='lat' dir='ltr'><strong>est</strong></span> <span class='ocrx_word' id='word_1_342' title='bbox 1245 4252 1522 4323; x_wconf 60' lang='lat' dir='ltr'><strong>praeclarae</strong></span> <span class='ocrx_word' id='word_1_343' title='bbox 1550 4249 1792 4305; x_wconf 66' lang='lat' dir='ltr'><strong>victoriae</strong></span> <span class='ocrx_word' id='word_1_344' title='bbox 1825 4262 1920 4303; x_wconf 85' lang='lat' dir='ltr'><strong>ar-</strong></span> 
     </span>
    </p>
   </div>
   <div class='ocr_carea' id='block_1_43' title="bbox 295 4339 1918 4426">
    <p class='ocr_par' dir='ltr' id='par_1_43' title="bbox 295 4339 1918 4426">
     <span class='ocr_line' id='line_1_43' title="bbox 295 4339 1918 4426; baseline -0.01 -17"><span class='ocrx_word' id='word_1_345' title='bbox 295 4363 641 4426; x_wconf 81' lang='lat' dir='ltr'><strong>gumentum,</strong></span> <span class='ocrx_word' id='word_1_346' title='bbox 665 4348 810 4421; x_wconf 92' lang='lat' dir='ltr'><strong>quod</strong></span> <span class='ocrx_word' id='word_1_347' title='bbox 836 4349 889 4403; x_wconf 92' lang='lat' dir='ltr'><strong>in</strong></span> <span class='ocrx_word' id='word_1_348' title='bbox 917 4346 1109 4403; x_wconf 88' lang='lat' dir='ltr'><strong>mediis</strong></span> <span class='ocrx_word' id='word_1_349' title='bbox 1133 4343 1379 4400; x_wconf 85' lang='lat' dir='ltr'><strong>hostibus</strong></span> <span class='ocrx_word' id='word_1_350' title='bbox 1403 4343 1594 4396; x_wconf 84' lang='lat' dir='ltr'><strong>altaria</strong></span> <span class='ocrx_word' id='word_1_351' title='bbox 1625 4339 1918 4405; x_wconf 87' lang='lat' dir='ltr'><strong>erexeriut,</strong></span> 
     </span>
    </p>
   </div>
   <div class='ocr_carea' id='block_1_44' title="bbox 297 4431 1921 4517">
    <p class='ocr_par' dir='ltr' id='par_1_44' title="bbox 297 4431 1921 4517">
     <span class='ocr_line' id='line_1_44' title="bbox 297 4431 1921 4517; baseline -0.01 -16"><span class='ocrx_word' id='word_1_352' title='bbox 297 4445 442 4517; x_wconf 86' lang='lat' dir='ltr'><strong>quod</strong></span> <span class='ocrx_word' id='word_1_353' title='bbox 471 4453 749 4513; x_wconf 84' lang='lat' dir='ltr'><strong>tamquam</strong></span> <span class='ocrx_word' id='word_1_354' title='bbox 789 4455 922 4496; x_wconf 85' lang='lat' dir='ltr'><strong>oves</strong></span> <span class='ocrx_word' id='word_1_355' title='bbox 950 4447 1135 4494; x_wconf 81' lang='lat' dir='ltr'><strong>essent</strong></span> <span class='ocrx_word' id='word_1_356' title='bbox 1161 4437 1215 4492; x_wconf 93' lang='lat' dir='ltr'><strong>in</strong></span> <span class='ocrx_word' id='word_1_357' title='bbox 1248 4435 1429 4490; x_wconf 90' lang='lat' dir='ltr'><strong>medio</strong></span> <span class='ocrx_word' id='word_1_358' title='bbox 1455 4433 1689 4488; x_wconf 84' lang='lat' dir='ltr'><strong>ferarum</strong></span> <span class='ocrx_word' id='word_1_359' title='bbox 1719 4439 1776 4488; x_wconf 90' lang='lat' dir='ltr'><strong>et</strong></span> <span class='ocrx_word' id='word_1_360' title='bbox 1797 4431 1921 4502; x_wconf 84' lang='lat' dir='ltr'><strong>agni</strong></span> 
     </span>
    </p>
   </div>
   <div class='ocr_carea' id='block_1_45' title="bbox 299 4523 1921 4603">
    <p class='ocr_par' dir='ltr' id='par_1_45' title="bbox 299 4523 1921 4603">
     <span class='ocr_line' id='line_1_45' title="bbox 299 4523 1921 4603; baseline -0.008 -10"><span class='ocrx_word' id='word_1_361' title='bbox 299 4542 355 4594; x_wconf 91' lang='lat' dir='ltr'><strong>in</strong></span> <span class='ocrx_word' id='word_1_362' title='bbox 382 4536 564 4592; x_wconf 87' lang='lat' dir='ltr'><strong>medio</strong></span> <span class='ocrx_word' id='word_1_363' title='bbox 595 4535 865 4603; x_wconf 88' lang='lat' dir='ltr'><strong>luporum.</strong></span> <span class='ocrx_word' id='word_1_364' title='bbox 894 4531 1010 4586; x_wconf 78' lang='lat' dir='ltr'><strong>Hoc</strong></span> <span class='ocrx_word' id='word_1_365' title='bbox 1032 4529 1177 4586; x_wconf 88' lang='lat' dir='ltr'><strong>enim</strong></span> <span class='ocrx_word' id='word_1_366' title='bbox 1203 4543 1326 4584; x_wconf 92' lang='lat' dir='ltr'><strong>cum</strong></span> <span class='ocrx_word' id='word_1_367' title='bbox 1354 4527 1477 4582; x_wconf 90' lang='lat' dir='ltr'><strong>illos</strong></span> <span class='ocrx_word' id='word_1_368' title='bbox 1504 4525 1745 4582; x_wconf 86' lang='lat' dir='ltr'><strong>mitteret</strong></span> <span class='ocrx_word' id='word_1_369' title='bbox 1769 4523 1921 4580; x_wconf 90' lang='lat' dir='ltr'><strong>dice-</strong></span> 
     </span>
    </p>
   </div>
   <div class='ocr_carea' id='block_1_46' title="bbox 301 4618 1923 4692">
    <p class='ocr_par' dir='ltr' id='par_1_46' title="bbox 301 4618 1923 4692">
     <span class='ocr_line' id='line_1_46' title="bbox 301 4618 1923 4692; baseline -0.008 -9"><span class='ocrx_word' id='word_1_370' title='bbox 301 4631 428 4684; x_wconf 90' lang='lat' dir='ltr'><strong>bat:</strong></span> <span class='ocrx_word' id='word_1_371' title='bbox 477 4626 619 4681; x_wconf 78' lang='lat' dir='ltr'><strong>Ecce</strong></span> <span class='ocrx_word' id='word_1_372' title='bbox 651 4626 794 4678; x_wconf 84' lang='lat' dir='ltr'><strong>mitto</strong></span> <span class='ocrx_word' id='word_1_373' title='bbox 831 4639 916 4678; x_wconf 75' lang='lat' dir='ltr'><strong>vos</strong></span> <span class='ocrx_word' id='word_1_374' title='bbox 954 4633 1214 4692; x_wconf 84' lang='lat' dir='ltr'><strong>tamquam</strong></span> <span class='ocrx_word' id='word_1_375' title='bbox 1249 4637 1364 4675; x_wconf 79' lang='lat' dir='ltr'><strong>oves</strong></span> <span class='ocrx_word' id='word_1_376' title='bbox 1399 4620 1452 4672; x_wconf 89' lang='lat' dir='ltr'><strong>in</strong></span> <span class='ocrx_word' id='word_1_377' title='bbox 1482 4618 1651 4673; x_wconf 82' lang='lat' dir='ltr'><strong>medio</strong></span> <span class='ocrx_word' id='word_1_378' title='bbox 1681 4619 1923 4687; x_wconf 83' lang='lat' dir='ltr'><strong>luporum</strong></span> 
     </span>
    </p>
   </div>
   <div class='ocr_carea' id='block_1_47' title="bbox 304 4710 1919 4786">
    <p class='ocr_par' dir='ltr' id='par_1_47' title="bbox 304 4710 1919 4786">
     <span class='ocr_line' id='line_1_47' title="bbox 304 4710 1919 4786; baseline -0.008 -12"><span class='ocrx_word' id='word_1_379' title='bbox 304 4723 322 4786; x_wconf 86' lang='lat'><strong>(</strong></span> <span class='ocrx_word' id='word_1_380' title='bbox 333 4720 521 4774; x_wconf 75' lang='lat' dir='ltr'><strong>Matth.</strong></span> <span class='ocrx_word' id='word_1_381' title='bbox 549 4716 742 4784; x_wconf 73' lang='lat' dir='ltr'><strong>l0.16)</strong></span> <span class='ocrx_word' id='word_1_382' title='bbox 774 4733 789 4783; x_wconf 90' lang='grc'><strong>;</strong></span> <span class='ocrx_word' id='word_1_383' title='bbox 816 4715 958 4785; x_wconf 77' lang='lat' dir='ltr'><strong>quod</strong></span> <span class='ocrx_word' id='word_1_384' title='bbox 987 4728 1094 4767; x_wconf 91' lang='lat' dir='ltr'><strong>non</strong></span> <span class='ocrx_word' id='word_1_385' title='bbox 1115 4722 1199 4767; x_wconf 91' lang='lat' dir='ltr'><strong>est</strong></span> <span class='ocrx_word' id='word_1_386' title='bbox 1219 4712 1401 4766; x_wconf 91' lang='lat' dir='ltr'><strong>minus</strong></span> <span class='ocrx_word' id='word_1_387' title='bbox 1431 4712 1610 4780; x_wconf 87' lang='lat' dir='ltr'><strong>priore</strong></span> <span class='ocrx_word' id='word_1_388' title='bbox 1634 4710 1919 4764; x_wconf 88' lang='lat' dir='ltr'><strong>miraculo.</strong></span> 
     </span>
    </p>
   </div>
   <div class='ocr_carea' id='block_1_48' title="bbox 304 4803 1927 4874">
    <p class='ocr_par' dir='ltr' id='par_1_48' title="bbox 304 4803 1927 4874">
     <span class='ocr_line' id='line_1_48' title="bbox 304 4803 1927 4874; baseline -0.006 -7"><span class='ocrx_word' id='word_1_389' title='bbox 304 4811 423 4867; x_wconf 80' lang='lat' dir='ltr'><strong>Non</strong></span> <span class='ocrx_word' id='word_1_390' title='bbox 469 4820 555 4866; x_wconf 90' lang='lat' dir='ltr'><strong>cst</strong></span> <span class='ocrx_word' id='word_1_391' title='bbox 591 4809 735 4864; x_wconf 92' lang='lat' dir='ltr'><strong>enim</strong></span> <span class='ocrx_word' id='word_1_392' title='bbox 778 4806 977 4872; x_wconf 91' lang='lat' dir='ltr'><strong>minus,</strong></span> <span class='ocrx_word' id='word_1_393' title='bbox 1010 4821 1105 4859; x_wconf 88' lang='lat' dir='ltr'><strong>eos</strong></span> <span class='ocrx_word' id='word_1_394' title='bbox 1131 4805 1224 4874; x_wconf 90' lang='lat' dir='ltr'><strong>qui</strong></span> <span class='ocrx_word' id='word_1_395' title='bbox 1259 4803 1441 4858; x_wconf 90' lang='lat' dir='ltr'><strong>ovium</strong></span> <span class='ocrx_word' id='word_1_396' title='bbox 1473 4803 1651 4857; x_wconf 89' lang='lat' dir='ltr'><strong>locum</strong></span> <span class='ocrx_word' id='word_1_397' title='bbox 1681 4804 1927 4857; x_wconf 86' lang='lat' dir='ltr'><strong>obtinent</strong></span> 
     </span>
    </p>
   </div>
   <div class='ocr_carea' id='block_1_49' title="bbox 308 4894 1923 4976">
    <p class='ocr_par' dir='ltr' id='par_1_49' title="bbox 308 4894 1923 4976">
     <span class='ocr_line' id='line_1_49' title="bbox 308 4894 1923 4976; baseline -0.008 -15"><span class='ocrx_word' id='word_1_398' title='bbox 308 4907 467 4976; x_wconf 90' lang='lat' dir='ltr'><strong>lupos</strong></span> <span class='ocrx_word' id='word_1_399' title='bbox 487 4905 727 4967; x_wconf 84' lang='lat' dir='ltr'><strong>vincere,</strong></span> <span class='ocrx_word' id='word_1_400' title='bbox 745 4914 906 4970; x_wconf 89' lang='lat' dir='ltr'><strong>quam</strong></span> <span class='ocrx_word' id='word_1_401' title='bbox 929 4914 1022 4955; x_wconf 89' lang='lat' dir='ltr'><strong>eos</strong></span> <span class='ocrx_word' id='word_1_402' title='bbox 1048 4901 1139 4966; x_wconf 87' lang='lat' dir='ltr'><strong>qui</strong></span> <span class='ocrx_word' id='word_1_403' title='bbox 1165 4905 1288 4951; x_wconf 90' lang='lat' dir='ltr'><strong>sunt</strong></span> <span class='ocrx_word' id='word_1_404' title='bbox 1313 4896 1364 4950; x_wconf 92' lang='lat' dir='ltr'><strong>in</strong></span> <span class='ocrx_word' id='word_1_405' title='bbox 1393 4894 1589 4951; x_wconf 90' lang='lat' dir='ltr'><strong>mediis</strong></span> <span class='ocrx_word' id='word_1_406' title='bbox 1615 4895 1923 4965; x_wconf 88' lang='lat' dir='ltr'><strong>intercepti,</strong></span> 
     </span>
    </p>
   </div>
   <div class='ocr_carea' id='block_1_50' title="bbox 307 4986 1928 5064">
    <p class='ocr_par' dir='ltr' id='par_1_50' title="bbox 307 4986 1928 5064">
     <span class='ocr_line' id='line_1_50' title="bbox 307 4986 1928 5064; baseline -0.009 -10"><span class='ocrx_word' id='word_1_407' title='bbox 307 5013 431 5054; x_wconf 85' lang='lat' dir='ltr'><strong>esse</strong></span> <span class='ocrx_word' id='word_1_408' title='bbox 456 4994 807 5064; x_wconf 78' lang='lat' dir='ltr'><strong>superiores:</strong></span> <span class='ocrx_word' id='word_1_409' title='bbox 846 4989 1140 5061; x_wconf 87' lang='lat' dir='ltr'><strong>quinetiam</strong></span> <span class='ocrx_word' id='word_1_410' title='bbox 1180 4989 1349 5043; x_wconf 92' lang='lat' dir='ltr'><strong>multo</strong></span> <span class='ocrx_word' id='word_1_411' title='bbox 1386 4997 1473 5042; x_wconf 89' lang='lat' dir='ltr'><strong>est</strong></span> <span class='ocrx_word' id='word_1_412' title='bbox 1511 4989 1686 5056; x_wconf 84' lang='lat' dir='ltr'><strong>majus</strong></span> <span class='ocrx_word' id='word_1_413' title='bbox 1714 5001 1810 5042; x_wconf 90' lang='lat' dir='ltr'><strong>eos</strong></span> <span class='ocrx_word' id='word_1_414' title='bbox 1835 4986 1928 5058; x_wconf 88' lang='lat' dir='ltr'><strong>qui</strong></span> 
     </span>
    </p>
   </div>
   <div class='ocr_carea' id='block_1_51' title="bbox 308 5079 1928 5148">
    <p class='ocr_par' dir='ltr' id='par_1_51' title="bbox 308 5079 1928 5148">
     <span class='ocr_line' id='line_1_51' title="bbox 308 5079 1928 5148; baseline -0.009 -1"><span class='ocrx_word' id='word_1_415' title='bbox 308 5098 468 5148; x_wconf 86' lang='lat' dir='ltr'><strong>erant</strong></span> <span class='ocrx_word' id='word_1_416' title='bbox 519 5099 748 5142; x_wconf 89' lang='lat' dir='ltr'><strong>numero</strong></span> <span class='ocrx_word' id='word_1_417' title='bbox 796 5083 1104 5147; x_wconf 91' lang='lat' dir='ltr'><strong>duodecim,</strong></span> <span class='ocrx_word' id='word_1_418' title='bbox 1161 5080 1229 5136; x_wconf 90' lang='lat' dir='ltr'><strong>ad</strong></span> <span class='ocrx_word' id='word_1_419' title='bbox 1279 5096 1341 5135; x_wconf 88' lang='lat' dir='ltr'><strong>se</strong></span> <span class='ocrx_word' id='word_1_420' title='bbox 1386 5079 1700 5134; x_wconf 88' lang='lat' dir='ltr'><strong>universum</strong></span> <span class='ocrx_word' id='word_1_421' title='bbox 1737 5079 1928 5134; x_wconf 91' lang='lat' dir='ltr'><strong>orbem</strong></span> 
     </span>
    </p>
   </div>
   <div class='ocr_carea' id='block_1_52' title="bbox 313 5174 1930 5242">
    <p class='ocr_par' dir='ltr' id='par_1_52' title="bbox 313 5174 1930 5242">
     <span class='ocr_line' id='line_1_52' title="bbox 313 5174 1930 5242; baseline -0.009 0"><span class='ocrx_word' id='word_1_422' title='bbox 313 5199 472 5242; x_wconf 68' lang='lat' dir='ltr'><strong>terra:</strong></span> <span class='ocrx_word' id='word_1_423' title='bbox 527 5179 838 5235; x_wconf 84' lang='lat' dir='ltr'><strong>attraxisse.</strong></span> <span class='ocrx_word' id='word_1_424' title='bbox 891 5175 958 5228; x_wconf 77' lang='lat' dir='ltr'><strong>Et</strong></span> <span class='ocrx_word' id='word_1_425' title='bbox 1007 5176 1276 5229; x_wconf 83' lang='lat' dir='ltr'><strong>dominare</strong></span> <span class='ocrx_word' id='word_1_426' title='bbox 1311 5176 1368 5228; x_wconf 89' lang='lat' dir='ltr'><strong>in</strong></span> <span class='ocrx_word' id='word_1_427' title='bbox 1397 5174 1564 5228; x_wconf 89' lang='lat' dir='ltr'><strong>medio</strong></span> <span class='ocrx_word' id='word_1_428' title='bbox 1601 5175 1930 5228; x_wconf 84' lang='lat' dir='ltr'><strong>inimicorum</strong></span> 
     </span>
    </p>
   </div>
   <div class='ocr_carea' id='block_1_53' title="bbox 312 5264 1931 5334">
    <p class='ocr_par' dir='ltr' id='par_1_53' title="bbox 312 5264 1931 5334">
     <span class='ocr_line' id='line_1_53' title="bbox 312 5264 1931 5334; baseline -0.008 -3"><span class='ocrx_word' id='word_1_429' title='bbox 312 5290 538 5331; x_wconf 78' lang='lat' dir='ltr'><strong>tuorum.</strong></span> <span class='ocrx_word' id='word_1_430' title='bbox 569 5270 688 5326; x_wconf 84' lang='lat' dir='ltr'><strong>Non</strong></span> <span class='ocrx_word' id='word_1_431' title='bbox 731 5267 884 5334; x_wconf 90' lang='lat' dir='ltr'><strong>dixit,</strong></span> <span class='ocrx_word' id='word_1_432' title='bbox 917 5266 1084 5321; x_wconf 85' lang='lat' dir='ltr'><strong>Vince</strong></span> <span class='ocrx_word' id='word_1_433' title='bbox 1128 5265 1182 5319; x_wconf 94' lang='lat' dir='ltr'><strong>in</strong></span> <span class='ocrx_word' id='word_1_434' title='bbox 1219 5264 1402 5321; x_wconf 88' lang='lat' dir='ltr'><strong>medio</strong></span> <span class='ocrx_word' id='word_1_435' title='bbox 1439 5265 1781 5320; x_wconf 90' lang='lat' dir='ltr'><strong>inimicorum</strong></span> <span class='ocrx_word' id='word_1_436' title='bbox 1811 5275 1931 5319; x_wconf 85' lang='lat' dir='ltr'><strong>tuo-</strong></span> 
     </span>
    </p>
   </div>
   <div class='ocr_carea' id='block_1_54' title="bbox 313 5358 1928 5431">
    <p class='ocr_par' dir='ltr' id='par_1_54' title="bbox 313 5358 1928 5431">
     <span class='ocr_line' id='line_1_54' title="bbox 313 5358 1928 5431; baseline -0.006 -9"><span class='ocrx_word' id='word_1_437' title='bbox 313 5383 454 5431; x_wconf 89' lang='lat' dir='ltr'><strong>rum,</strong></span> <span class='ocrx_word' id='word_1_438' title='bbox 481 5364 579 5420; x_wconf 89' lang='lat' dir='ltr'><strong>sed</strong></span> <span class='ocrx_word' id='word_1_439' title='bbox 606 5361 908 5423; x_wconf 85' lang='lat' dir='ltr'><strong>Dominare,</strong></span> <span class='ocrx_word' id='word_1_440' title='bbox 941 5367 1000 5413; x_wconf 90' lang='lat' dir='ltr'><strong>ut</strong></span> <span class='ocrx_word' id='word_1_441' title='bbox 1024 5358 1340 5413; x_wconf 88' lang='lat' dir='ltr'><strong>ostenderet</strong></span> <span class='ocrx_word' id='word_1_442' title='bbox 1364 5373 1472 5413; x_wconf 91' lang='lat' dir='ltr'><strong>non</strong></span> <span class='ocrx_word' id='word_1_443' title='bbox 1503 5358 1636 5429; x_wconf 88' lang='lat' dir='ltr'><strong>erigi</strong></span> <span class='ocrx_word' id='word_1_444' title='bbox 1667 5369 1928 5429; x_wconf 70' lang='lat' dir='ltr'><strong>trepzeum</strong></span> 
     </span>
    </p>
   </div>
   <div class='ocr_carea' id='block_1_55' title="bbox 314 5447 1936 5519">
    <p class='ocr_par' dir='ltr' id='par_1_55' title="bbox 314 5447 1936 5519">
     <span class='ocr_line' id='line_1_55' title="bbox 314 5447 1936 5519; baseline -0.006 -6"><span class='ocrx_word' id='word_1_445' title='bbox 314 5459 444 5514; x_wconf 89' lang='lat' dir='ltr'><strong>fusis</strong></span> <span class='ocrx_word' id='word_1_446' title='bbox 483 5456 539 5510; x_wconf 92' lang='lat' dir='ltr'><strong>in</strong></span> <span class='ocrx_word' id='word_1_447' title='bbox 576 5452 696 5508; x_wconf 86' lang='lat' dir='ltr'><strong>acie</strong></span> <span class='ocrx_word' id='word_1_448' title='bbox 726 5449 993 5516; x_wconf 82' lang='lat' dir='ltr'><strong>hostibus,</strong></span> <span class='ocrx_word' id='word_1_449' title='bbox 1032 5447 1130 5504; x_wconf 87' lang='lat' dir='ltr'><strong>sed</strong></span> <span class='ocrx_word' id='word_1_450' title='bbox 1167 5462 1235 5503; x_wconf 83' lang='lat' dir='ltr'><strong>ex</strong></span> <span class='ocrx_word' id='word_1_451' title='bbox 1263 5447 1420 5518; x_wconf 85' lang='lat' dir='ltr'><strong>jussu</strong></span> <span class='ocrx_word' id='word_1_452' title='bbox 1445 5449 1736 5519; x_wconf 83' lang='lat' dir='ltr'><strong>signiﬁcari</strong></span> <span class='ocrx_word' id='word_1_453' title='bbox 1765 5449 1936 5504; x_wconf 84' lang='lat' dir='ltr'><strong>domi-</strong></span> 
     </span>
    </p>
   </div>
   <div class='ocr_carea' id='block_1_56' title="bbox 314 5543 1934 5613">
    <p class='ocr_par' dir='ltr' id='par_1_56' title="bbox 314 5543 1934 5613">
     <span class='ocr_line' id='line_1_56' title="bbox 314 5543 1934 5613; baseline -0.003 -8"><span class='ocrx_word' id='word_1_454' title='bbox 314 5553 482 5606; x_wconf 87' lang='lat' dir='ltr'><strong>nium.</strong></span> <span class='ocrx_word' id='word_1_455' title='bbox 534 5549 610 5603; x_wconf 89' lang='lat' dir='ltr'><strong>Ita</strong></span> <span class='ocrx_word' id='word_1_456' title='bbox 649 5546 793 5602; x_wconf 90' lang='lat' dir='ltr'><strong>enim</strong></span> <span class='ocrx_word' id='word_1_457' title='bbox 839 5543 1127 5599; x_wconf 85' lang='lat' dir='ltr'><strong>vincebant</strong></span> <span class='ocrx_word' id='word_1_458' title='bbox 1154 5543 1406 5613; x_wconf 85' lang='lat' dir='ltr'><strong>apostoli,</strong></span> <span class='ocrx_word' id='word_1_459' title='bbox 1451 5543 1727 5598; x_wconf 89' lang='lat' dir='ltr'><strong>Christum</strong></span> <span class='ocrx_word' id='word_1_460' title='bbox 1774 5545 1826 5599; x_wconf 91' lang='lat' dir='ltr'><strong>in</strong></span> <span class='ocrx_word' id='word_1_461' title='bbox 1873 5560 1934 5600; x_wconf 85' lang='lat' dir='ltr'><strong>se</strong></span> 
     </span>
    </p>
   </div>
   <div class='ocr_carea' id='block_1_57' title="bbox 316 5634 1933 5705">
    <p class='ocr_par' dir='ltr' id='par_1_57' title="bbox 316 5634 1933 5705">
     <span class='ocr_line' id='line_1_57' title="bbox 316 5634 1933 5705; baseline -0.002 -11"><span class='ocrx_word' id='word_1_462' title='bbox 316 5642 600 5702; x_wconf 82' lang='lat' dir='ltr'><strong>habentes,</strong></span> <span class='ocrx_word' id='word_1_463' title='bbox 626 5637 806 5692; x_wconf 85' lang='lat' dir='ltr'><strong>omnia</strong></span> <span class='ocrx_word' id='word_1_464' title='bbox 839 5636 1094 5690; x_wconf 86' lang='lat' dir='ltr'><strong>facientes</strong></span> <span class='ocrx_word' id='word_1_465' title='bbox 1121 5645 1395 5705; x_wconf 84' lang='lat' dir='ltr'><strong>tamquam</strong></span> <span class='ocrx_word' id='word_1_466' title='bbox 1421 5649 1485 5689; x_wconf 81' lang='lat' dir='ltr'><strong>ex</strong></span> <span class='ocrx_word' id='word_1_467' title='bbox 1521 5634 1933 5704; x_wconf 83' lang='lat' dir='ltr'><strong>imperio.Unde</strong></span> 
     </span>
    </p>
   </div>
   <div class='ocr_carea' id='block_1_58' title="bbox 321 5725 1927 5796">
    <p class='ocr_par' dir='ltr' id='par_1_58' title="bbox 321 5725 1927 5796">
     <span class='ocr_line' id='line_1_58' title="bbox 321 5725 1927 5796; baseline -0.002 -10"><span class='ocrx_word' id='word_1_468' title='bbox 321 5733 485 5786; x_wconf 73' lang='lat' dir='ltr'><strong>etiam</strong></span> <span class='ocrx_word' id='word_1_469' title='bbox 505 5739 625 5785; x_wconf 87' lang='lat' dir='ltr'><strong>erat</strong></span> <span class='ocrx_word' id='word_1_470' title='bbox 653 5729 734 5782; x_wconf 89' lang='lat' dir='ltr'><strong>eis</strong></span> <span class='ocrx_word' id='word_1_471' title='bbox 757 5726 936 5782; x_wconf 90' lang='lat' dir='ltr'><strong>omnis</strong></span> <span class='ocrx_word' id='word_1_472' title='bbox 961 5725 1156 5781; x_wconf 87' lang='lat' dir='ltr'><strong>domus</strong></span> <span class='ocrx_word' id='word_1_473' title='bbox 1185 5735 1393 5796; x_wconf 88' lang='lat' dir='ltr'><strong>aperta,</strong></span> <span class='ocrx_word' id='word_1_474' title='bbox 1420 5737 1478 5781; x_wconf 90' lang='lat' dir='ltr'><strong>ct</strong></span> <span class='ocrx_word' id='word_1_475' title='bbox 1496 5728 1586 5796; x_wconf 91' lang='lat' dir='ltr'><strong>qui</strong></span> <span class='ocrx_word' id='word_1_476' title='bbox 1613 5729 1927 5791; x_wconf 82' lang='lat' dir='ltr'><strong>credebant,</strong></span> 
     </span>
    </p>
   </div>
   <div class='ocr_carea' id='block_1_59' title="bbox 322 5819 1932 5890">
    <p class='ocr_par' dir='ltr' id='par_1_59' title="bbox 322 5819 1932 5890">
     <span class='ocr_line' id='line_1_59' title="bbox 322 5819 1932 5890; baseline 0 -14"><span class='ocrx_word' id='word_1_477' title='bbox 322 5835 474 5878; x_wconf 87' lang='lat' dir='ltr'><strong>erant</strong></span> <span class='ocrx_word' id='word_1_478' title='bbox 504 5821 698 5890; x_wconf 78' lang='lat' dir='ltr'><strong>quovis</strong></span> <span class='ocrx_word' id='word_1_479' title='bbox 741 5834 899 5874; x_wconf 82' lang='lat' dir='ltr'><strong>servo</strong></span> <span class='ocrx_word' id='word_1_480' title='bbox 943 5819 1390 5888; x_wconf 82' lang='lat' dir='ltr'><strong>obsequentiores</strong></span> <span class='ocrx_word' id='word_1_481' title='bbox 1415 5861 1430 5885; x_wconf 93' lang='lat'><strong>,</strong></span> <span class='ocrx_word' id='word_1_482' title='bbox 1485 5819 1770 5876; x_wconf 80' lang='lat' dir='ltr'><strong>facultates</strong></span> <span class='ocrx_word' id='word_1_483' title='bbox 1805 5839 1932 5876; x_wconf 83' lang='lat' dir='ltr'><strong>suas</strong></span> 
     </span>
    </p>
   </div>
   <div class='ocr_carea' id='block_1_60' title="bbox 324 5912 1931 5987">
    <p class='ocr_par' dir='ltr' id='par_1_60' title="bbox 324 5912 1931 5987">
     <span class='ocr_line' id='line_1_60' title="bbox 324 5912 1931 5987; baseline 0.002 -19"><span class='ocrx_word' id='word_1_484' title='bbox 324 5915 655 5983; x_wconf 72' lang='lat' dir='ltr'><strong>\‘ClldClllCS,</strong></span> <span class='ocrx_word' id='word_1_485' title='bbox 681 5925 733 5969; x_wconf 83' lang='lat' dir='ltr'><strong>el</strong></span> <span class='ocrx_word' id='word_1_486' title='bbox 761 5928 944 5969; x_wconf 83' lang='lat' dir='ltr'><strong>carum</strong></span> <span class='ocrx_word' id='word_1_487' title='bbox 997 5913 1165 5983; x_wconf 88' lang='lat' dir='ltr'><strong>pretia</strong></span> <span class='ocrx_word' id='word_1_488' title='bbox 1213 5924 1476 5983; x_wconf 83' lang='lat' dir='ltr'><strong>ponentes</strong></span> <span class='ocrx_word' id='word_1_489' title='bbox 1507 5912 1573 5967; x_wconf 87' lang='lat' dir='ltr'><strong>ad</strong></span> <span class='ocrx_word' id='word_1_490' title='bbox 1604 5913 1767 5983; x_wconf 84' lang='lat' dir='ltr'><strong>pedcs</strong></span> <span class='ocrx_word' id='word_1_491' title='bbox 1794 5930 1931 5987; x_wconf 77' lang='lat' dir='ltr'><strong>apo-</strong></span> 
     </span>
    </p>
   </div>
   <div class='ocr_carea' id='block_1_61' title="bbox 1358 434 2384 504">
    <p class='ocr_par' dir='ltr' id='par_1_61' title="bbox 1358 434 2384 504">
     <span class='ocr_line' id='line_1_61' title="bbox 1358 434 2384 504; baseline -0.015 1"><span class='ocrx_word' id='word_1_492' title='bbox 1358 441 1725 504; x_wconf 63' lang='lat' dir='ltr'><strong>EXPOSITIO</strong></span> <span class='ocrx_word' id='word_1_493' title='bbox 1763 439 1831 497; x_wconf 78' lang='lat' dir='ltr'><strong>IN</strong></span> <span class='ocrx_word' id='word_1_494' title='bbox 1870 435 2204 496; x_wconf 70' lang='lat' dir='ltr'><strong>PSALMUM</strong></span> <span class='ocrx_word' id='word_1_495' title='bbox 2243 434 2384 492; x_wconf 76' lang='lat' dir='ltr'><strong>CIX.</strong></span> 
     </span>
    </p>
   </div>
   <div class='ocr_carea' id='block_1_62' title="bbox 3499 429 3611 487">
    <p class='ocr_par' dir='ltr' id='par_1_62' title="bbox 3499 429 3611 487">
     <span class='ocr_line' id='line_1_62' title="bbox 3499 429 3611 487; baseline 0 -1"><span class='ocrx_word' id='word_1_496' title='bbox 3499 429 3611 487; x_wconf 66' lang='grc'><strong>2³10</strong></span> 
     </span>
    </p>
   </div>
   <div class='ocr_carea' id='block_1_63' title="bbox 1987 552 3614 626">
    <p class='ocr_par' dir='ltr' id='par_1_63' title="bbox 1987 552 3614 626">
     <span class='ocr_line' id='line_1_63' title="bbox 1987 552 3614 626; baseline -0.002 -14"><span class='ocrx_word' id='word_1_497' title='bbox 1987 555 2256 612; x_wconf 87' lang='lat' dir='ltr'><strong>stolorum</strong></span> <span class='ocrx_word' id='word_1_498' title='bbox 2281 573 2295 611; x_wconf 91' lang='lat'><strong>:</strong></span> <span class='ocrx_word' id='word_1_499' title='bbox 2321 569 2386 612; x_wconf 87' lang='lat' dir='ltr'><strong>ac</strong></span> <span class='ocrx_word' id='word_1_500' title='bbox 2411 569 2480 610; x_wconf 90' lang='lat' dir='ltr'><strong>ne</strong></span> <span class='ocrx_word' id='word_1_501' title='bbox 2504 553 2574 610; x_wconf 89' lang='lat' dir='ltr'><strong>ad</strong></span> <span class='ocrx_word' id='word_1_502' title='bbox 2603 567 2759 611; x_wconf 90' lang='lat' dir='ltr'><strong>usum</strong></span> <span class='ocrx_word' id='word_1_503' title='bbox 2785 553 3007 626; x_wconf 87' lang='lat' dir='ltr'><strong>quidem</strong></span> <span class='ocrx_word' id='word_1_504' title='bbox 3037 567 3196 609; x_wconf 90' lang='lat' dir='ltr'><strong>suum</strong></span> <span class='ocrx_word' id='word_1_505' title='bbox 3224 553 3487 609; x_wconf 84' lang='lat' dir='ltr'><strong>audentes</strong></span> <span class='ocrx_word' id='word_1_506' title='bbox 3511 552 3614 608; x_wconf 87' lang='lat' dir='ltr'><strong>ali-</strong></span> 
     </span>
    </p>
   </div>
   <div class='ocr_carea' id='block_1_64' title="bbox 1985 643 3611 719">
    <p class='ocr_par' dir='ltr' id='par_1_64' title="bbox 1985 643 3611 719">
     <span class='ocr_line' id='line_1_64' title="bbox 1985 643 3611 719; baseline -0.001 -16"><span class='ocrx_word' id='word_1_507' title='bbox 1985 647 2117 719; x_wconf 89' lang='lat' dir='ltr'><strong>quid</strong></span> <span class='ocrx_word' id='word_1_508' title='bbox 2146 647 2418 716; x_wconf 86' lang='lat' dir='ltr'><strong>accipere,</strong></span> <span class='ocrx_word' id='word_1_509' title='bbox 2448 661 2656 717; x_wconf 86' lang='lat' dir='ltr'><strong>eosque</strong></span> <span class='ocrx_word' id='word_1_510' title='bbox 2683 645 2822 702; x_wconf 90' lang='lat' dir='ltr'><strong>adeo</strong></span> <span class='ocrx_word' id='word_1_511' title='bbox 2847 643 3325 718; x_wconf 85' lang='lat' dir='ltr'><strong>magnifaciehant,</strong></span> <span class='ocrx_word' id='word_1_512' title='bbox 3356 653 3416 700; x_wconf 91' lang='lat' dir='ltr'><strong>ut</strong></span> <span class='ocrx_word' id='word_1_513' title='bbox 3454 658 3525 701; x_wconf 88' lang='lat' dir='ltr'><strong>ne</strong></span> <span class='ocrx_word' id='word_1_514' title='bbox 3549 658 3611 701; x_wconf 85' lang='lat' dir='ltr'><strong>se</strong></span> 
     </span>
    </p>
   </div>
   <div class='ocr_carea' id='block_1_65' title="bbox 1985 737 2938 809">
    <p class='ocr_par' dir='ltr' id='par_1_65' title="bbox 1985 737 2938 809">
     <span class='ocr_line' id='line_1_65' title="bbox 1985 737 2938 809; baseline 0.002 -18"><span class='ocrx_word' id='word_1_515' title='bbox 1985 737 2204 809; x_wconf 88' lang='lat' dir='ltr'><strong>quidem</strong></span> <span class='ocrx_word' id='word_1_516' title='bbox 2228 739 2308 794; x_wconf 90' lang='lat' dir='ltr'><strong>eis</strong></span> <span class='ocrx_word' id='word_1_517' title='bbox 2331 737 2595 794; x_wconf 89' lang='lat' dir='ltr'><strong>auderent</strong></span> <span class='ocrx_word' id='word_1_518' title='bbox 2618 737 2938 808; x_wconf 85' lang='lat' dir='ltr'><strong>adjungere.</strong></span> 
     </span>
    </p>
   </div>
   <div class='ocr_carea' id='block_1_66' title="bbox 2058 827 3613 900">
    <p class='ocr_par' dir='ltr' id='par_1_66' title="bbox 2058 827 3613 900">
     <span class='ocr_line' id='line_1_66' title="bbox 2058 827 3613 900; baseline -0.001 -16"><span class='ocrx_word' id='word_1_519' title='bbox 2058 831 2114 884; x_wconf 89' lang='grc'><strong>4.</strong></span> <span class='ocrx_word' id='word_1_520' title='bbox 2154 828 2274 884; x_wconf 82' lang='grc' dir='ltr'><strong>Νοη</strong></span> <span class='ocrx_word' id='word_1_521' title='bbox 2302 830 2478 885; x_wconf 90' lang='lat' dir='ltr'><strong>solum</strong></span> <span class='ocrx_word' id='word_1_522' title='bbox 2505 837 2685 885; x_wconf 89' lang='lat' dir='ltr'><strong>autem</strong></span> <span class='ocrx_word' id='word_1_523' title='bbox 2715 837 2922 885; x_wconf 87' lang='lat' dir='ltr'><strong>tantum</strong></span> <span class='ocrx_word' id='word_1_524' title='bbox 2951 827 3225 885; x_wconf 89' lang='lat' dir='ltr'><strong>habebant</strong></span> <span class='ocrx_word' id='word_1_525' title='bbox 3253 828 3447 884; x_wconf 84' lang='lat' dir='ltr'><strong>virium</strong></span> <span class='ocrx_word' id='word_1_526' title='bbox 3482 842 3613 900; x_wconf 88' lang='lat' dir='ltr'><strong>erga</strong></span> 
     </span>
    </p>
   </div>
   <div class='ocr_carea' id='block_1_67' title="bbox 1987 919 3616 993">
    <p class='ocr_par' dir='ltr' id='par_1_67' title="bbox 1987 919 3616 993">
     <span class='ocr_line' id='line_1_67' title="bbox 1987 919 3616 993; baseline -0.001 -17"><span class='ocrx_word' id='word_1_527' title='bbox 1987 921 2199 989; x_wconf 84' lang='lat' dir='ltr'><strong>ﬁdeles,</strong></span> <span class='ocrx_word' id='word_1_528' title='bbox 2231 921 2329 978; x_wconf 90' lang='lat' dir='ltr'><strong>sed</strong></span> <span class='ocrx_word' id='word_1_529' title='bbox 2359 922 2522 977; x_wconf 85' lang='lat' dir='ltr'><strong>etiam</strong></span> <span class='ocrx_word' id='word_1_530' title='bbox 2549 937 2674 993; x_wconf 90' lang='lat' dir='ltr'><strong>erga</strong></span> <span class='ocrx_word' id='word_1_531' title='bbox 2703 920 2973 977; x_wconf 89' lang='lat' dir='ltr'><strong>inﬁdeles.</strong></span> <span class='ocrx_word' id='word_1_532' title='bbox 3017 920 3306 990; x_wconf 84' lang='lat' dir='ltr'><strong>Quodnam</strong></span> <span class='ocrx_word' id='word_1_533' title='bbox 3330 919 3478 976; x_wconf 89' lang='lat' dir='ltr'><strong>enim</strong></span> <span class='ocrx_word' id='word_1_534' title='bbox 3505 929 3616 988; x_wconf 84' lang='lat' dir='ltr'><strong>est,</strong></span> 
     </span>
    </p>
   </div>
   <div class='ocr_carea' id='block_1_68' title="bbox 1987 1011 3618 1084">
    <p class='ocr_par' dir='ltr' id='par_1_68' title="bbox 1987 1011 3618 1084">
     <span class='ocr_line' id='line_1_68' title="bbox 1987 1011 3618 1084; baseline 0 -16"><span class='ocrx_word' id='word_1_535' title='bbox 1987 1013 2097 1082; x_wconf 89' lang='lat' dir='ltr'><strong>die,</strong></span> <span class='ocrx_word' id='word_1_536' title='bbox 2147 1029 2356 1084; x_wconf 69' lang='lat' dir='ltr'><strong>quaeso,</strong></span> <span class='ocrx_word' id='word_1_537' title='bbox 2404 1014 2548 1070; x_wconf 83' lang='lat' dir='ltr'><strong>servi</strong></span> <span class='ocrx_word' id='word_1_538' title='bbox 2594 1013 2898 1070; x_wconf 83' lang='lat' dir='ltr'><strong>indicium?</strong></span> <span class='ocrx_word' id='word_1_539' title='bbox 2938 1029 3123 1070; x_wconf 88' lang='lat' dir='ltr'><strong>annon</strong></span> <span class='ocrx_word' id='word_1_540' title='bbox 3160 1013 3216 1069; x_wconf 88' lang='lat' dir='ltr'><strong>id</strong></span> <span class='ocrx_word' id='word_1_541' title='bbox 3259 1013 3442 1070; x_wconf 83' lang='lat' dir='ltr'><strong>facere</strong></span> <span class='ocrx_word' id='word_1_542' title='bbox 3469 1011 3618 1083; x_wconf 88' lang='lat' dir='ltr'><strong>quod</strong></span> 
     </span>
    </p>
   </div>
   <div class='ocr_carea' id='block_1_69' title="bbox 1982 1106 3617 1182">
    <p class='ocr_par' dir='ltr' id='par_1_69' title="bbox 1982 1106 3617 1182">
     <span class='ocr_line' id='line_1_69' title="bbox 1982 1106 3617 1182; baseline 0.002 -21"><span class='ocrx_word' id='word_1_543' title='bbox 1982 1106 2137 1178; x_wconf 87' lang='lat' dir='ltr'><strong>jubet</strong></span> <span class='ocrx_word' id='word_1_544' title='bbox 2177 1107 2341 1164; x_wconf 88' lang='lat' dir='ltr'><strong>herus</strong></span> <span class='ocrx_word' id='word_1_545' title='bbox 2364 1108 2388 1162; x_wconf 79' lang='lat'><strong>?</strong></span> <span class='ocrx_word' id='word_1_546' title='bbox 2411 1108 2568 1177; x_wconf 86' lang='lat' dir='ltr'><strong>Quod</strong></span> <span class='ocrx_word' id='word_1_547' title='bbox 2599 1116 2781 1182; x_wconf 59' lang='lat' dir='ltr'><strong>mtem</strong></span> <span class='ocrx_word' id='word_1_548' title='bbox 2823 1108 3038 1181; x_wconf 85' lang='lat' dir='ltr'><strong>signum</strong></span> <span class='ocrx_word' id='word_1_549' title='bbox 3062 1107 3224 1164; x_wconf 73' lang='lat' dir='ltr'><strong>heri?</strong></span> <span class='ocrx_word' id='word_1_550' title='bbox 3251 1123 3432 1165; x_wconf 88' lang='lat' dir='ltr'><strong>annon</strong></span> <span class='ocrx_word' id='word_1_551' title='bbox 3463 1122 3529 1164; x_wconf 86' lang='lat' dir='ltr'><strong>ea</strong></span> <span class='ocrx_word' id='word_1_552' title='bbox 3560 1108 3617 1164; x_wconf 88' lang='lat' dir='ltr'><strong>in</strong></span> 
     </span>
    </p>
   </div>
   <div class='ocr_carea' id='block_1_70' title="bbox 1988 1199 3620 1273">
    <p class='ocr_par' dir='ltr' id='par_1_70' title="bbox 1988 1199 3620 1273">
     <span class='ocr_line' id='line_1_70' title="bbox 1988 1199 3620 1273; baseline 0 -17"><span class='ocrx_word' id='word_1_553' title='bbox 1988 1203 2162 1256; x_wconf 87' lang='lat' dir='ltr'><strong>servis</strong></span> <span class='ocrx_word' id='word_1_554' title='bbox 2191 1201 2453 1272; x_wconf 81' lang='lat' dir='ltr'><strong>perlicere</strong></span> <span class='ocrx_word' id='word_1_555' title='bbox 2478 1217 2602 1271; x_wconf 69' lang='lat' dir='ltr'><strong>qua:</strong></span> <span class='ocrx_word' id='word_1_556' title='bbox 2626 1202 2761 1258; x_wconf 91' lang='lat' dir='ltr'><strong>velit</strong></span> <span class='ocrx_word' id='word_1_557' title='bbox 2784 1203 2810 1257; x_wconf 68' lang='grc' dir='ltr'><strong>ἲ</strong></span> <span class='ocrx_word' id='word_1_558' title='bbox 2845 1201 3083 1271; x_wconf 87' lang='lat' dir='ltr'><strong>Quinam</strong></span> <span class='ocrx_word' id='word_1_559' title='bbox 3108 1217 3242 1273; x_wconf 87' lang='lat' dir='ltr'><strong>ergo</strong></span> <span class='ocrx_word' id='word_1_560' title='bbox 3267 1199 3620 1273; x_wconf 78' lang='lat' dir='ltr'><strong>perfecerunt</strong></span> 
     </span>
    </p>
   </div>
   <div class='ocr_carea' id='block_1_71' title="bbox 1988 1293 3618 1366">
    <p class='ocr_par' dir='ltr' id='par_1_71' title="bbox 1988 1293 3618 1366">
     <span class='ocr_line' id='line_1_71' title="bbox 1988 1293 3618 1366; baseline -0.001 -16"><span class='ocrx_word' id='word_1_561' title='bbox 1988 1310 2052 1350; x_wconf 90' lang='lat' dir='ltr'><strong>ea</strong></span> <span class='ocrx_word' id='word_1_562' title='bbox 2079 1310 2201 1366; x_wconf 79' lang='lat' dir='ltr'><strong>qua:</strong></span> <span class='ocrx_word' id='word_1_563' title='bbox 2235 1295 2524 1350; x_wconf 89' lang='lat' dir='ltr'><strong>voluerunt</strong></span> <span class='ocrx_word' id='word_1_564' title='bbox 2569 1296 2621 1349; x_wconf 90' lang='lat' dir='ltr'><strong>in</strong></span> <span class='ocrx_word' id='word_1_565' title='bbox 2668 1294 2886 1366; x_wconf 87' lang='lat' dir='ltr'><strong>regibus</strong></span> <span class='ocrx_word' id='word_1_566' title='bbox 2927 1301 2985 1349; x_wconf 86' lang='lat' dir='ltr'><strong>et</strong></span> <span class='ocrx_word' id='word_1_567' title='bbox 3026 1293 3618 1365; x_wconf 68' lang='lat' dir='ltr'><strong>principibushnnon</strong></span> 
     </span>
    </p>
   </div>
   <div class='ocr_carea' id='block_1_72' title="bbox 1990 1386 3618 1459">
    <p class='ocr_par' dir='ltr' id='par_1_72' title="bbox 1990 1386 3618 1459">
     <span class='ocr_line' id='line_1_72' title="bbox 1990 1386 3618 1459; baseline 0.001 -17"><span class='ocrx_word' id='word_1_568' title='bbox 1990 1388 2265 1459; x_wconf 83' lang='lat' dir='ltr'><strong>apostoli?</strong></span> <span class='ocrx_word' id='word_1_569' title='bbox 2294 1387 2637 1444; x_wconf 79' lang='lat' dir='ltr'><strong>Manifestum</strong></span> <span class='ocrx_word' id='word_1_570' title='bbox 2665 1387 2718 1443; x_wconf 90' lang='lat' dir='ltr'><strong>id</strong></span> <span class='ocrx_word' id='word_1_571' title='bbox 2743 1396 2847 1443; x_wconf 89' lang='lat' dir='ltr'><strong>est.</strong></span> <span class='ocrx_word' id='word_1_572' title='bbox 2874 1386 3056 1459; x_wconf 80' lang='lat' dir='ltr'><strong>Reges</strong></span> <span class='ocrx_word' id='word_1_573' title='bbox 3083 1387 3229 1443; x_wconf 92' lang='lat' dir='ltr'><strong>enim</strong></span> <span class='ocrx_word' id='word_1_574' title='bbox 3258 1396 3314 1442; x_wconf 89' lang='lat' dir='ltr'><strong>et</strong></span> <span class='ocrx_word' id='word_1_575' title='bbox 3343 1386 3618 1458; x_wconf 88' lang='lat' dir='ltr'><strong>principes</strong></span> 
     </span>
    </p>
   </div>
   <div class='ocr_carea' id='block_1_73' title="bbox 1989 1479 3621 1552">
    <p class='ocr_par' dir='ltr' id='par_1_73' title="bbox 1989 1479 3621 1552">
     <span class='ocr_line' id='line_1_73' title="bbox 1989 1479 3621 1552; baseline -0.001 -17"><span class='ocrx_word' id='word_1_576' title='bbox 1989 1480 2248 1536; x_wconf 84' lang='lat' dir='ltr'><strong>volebant</strong></span> <span class='ocrx_word' id='word_1_577' title='bbox 2271 1489 2457 1536; x_wconf 89' lang='lat' dir='ltr'><strong>tenere</strong></span> <span class='ocrx_word' id='word_1_578' title='bbox 2482 1481 2672 1536; x_wconf 89' lang='lat' dir='ltr'><strong>orbem</strong></span> <span class='ocrx_word' id='word_1_579' title='bbox 2701 1488 2860 1536; x_wconf 63' lang='lat' dir='ltr'><strong>terra</strong></span> <span class='ocrx_word' id='word_1_580' title='bbox 2896 1481 2950 1534; x_wconf 93' lang='lat' dir='ltr'><strong>in</strong></span> <span class='ocrx_word' id='word_1_581' title='bbox 2981 1481 3262 1552; x_wconf 88' lang='lat' dir='ltr'><strong>impietate</strong></span> <span class='ocrx_word' id='word_1_582' title='bbox 3284 1521 3302 1548; x_wconf 93' lang='lat'><strong>,</strong></span> <span class='ocrx_word' id='word_1_583' title='bbox 3328 1479 3621 1551; x_wconf 81' lang='lat' dir='ltr'><strong>jubebant-</strong></span> 
     </span>
    </p>
   </div>
   <div class='ocr_carea' id='block_1_74' title="bbox 1991 1573 3621 1646">
    <p class='ocr_par' dir='ltr' id='par_1_74' title="bbox 1991 1573 3621 1646">
     <span class='ocr_line' id='line_1_74' title="bbox 1991 1573 3621 1646; baseline 0.002 -18"><span class='ocrx_word' id='word_1_584' title='bbox 1991 1589 2101 1645; x_wconf 90' lang='lat' dir='ltr'><strong>que</strong></span> <span class='ocrx_word' id='word_1_585' title='bbox 2126 1574 2310 1630; x_wconf 87' lang='lat' dir='ltr'><strong>colere</strong></span> <span class='ocrx_word' id='word_1_586' title='bbox 2338 1573 2619 1631; x_wconf 63' lang='lat' dir='ltr'><strong>daemones</strong></span> <span class='ocrx_word' id='word_1_587' title='bbox 2643 1592 2658 1641; x_wconf 91' lang='lat'><strong>;</strong></span> <span class='ocrx_word' id='word_1_588' title='bbox 2681 1583 2872 1630; x_wconf 89' lang='lat' dir='ltr'><strong>contra</strong></span> <span class='ocrx_word' id='word_1_589' title='bbox 2901 1583 3084 1632; x_wconf 87' lang='lat' dir='ltr'><strong>autem</strong></span> <span class='ocrx_word' id='word_1_590' title='bbox 3111 1575 3366 1646; x_wconf 88' lang='lat' dir='ltr'><strong>apostoli,</strong></span> <span class='ocrx_word' id='word_1_591' title='bbox 3397 1590 3621 1632; x_wconf 86' lang='lat' dir='ltr'><strong>eorum-</strong></span> 
     </span>
    </p>
   </div>
   <div class='ocr_carea' id='block_1_75' title="bbox 1992 1664 3621 1737">
    <p class='ocr_par' dir='ltr' id='par_1_75' title="bbox 1992 1664 3621 1737">
     <span class='ocr_line' id='line_1_75' title="bbox 1992 1664 3621 1737; baseline 0.002 -17"><span class='ocrx_word' id='word_1_592' title='bbox 1992 1680 2100 1736; x_wconf 91' lang='lat' dir='ltr'><strong>que</strong></span> <span class='ocrx_word' id='word_1_593' title='bbox 2124 1664 2375 1721; x_wconf 82' lang='lat' dir='ltr'><strong>voluntas</strong></span> <span class='ocrx_word' id='word_1_594' title='bbox 2405 1665 2750 1737; x_wconf 81' lang='lat' dir='ltr'><strong>implehatur.</strong></span> <span class='ocrx_word' id='word_1_595' title='bbox 2787 1665 2945 1734; x_wconf 90' lang='lat' dir='ltr'><strong>Quod</strong></span> <span class='ocrx_word' id='word_1_596' title='bbox 2981 1667 3029 1723; x_wconf 92' lang='lat' dir='ltr'><strong>si</strong></span> <span class='ocrx_word' id='word_1_597' title='bbox 3069 1667 3200 1722; x_wconf 93' lang='lat' dir='ltr'><strong>mihi</strong></span> <span class='ocrx_word' id='word_1_598' title='bbox 3244 1666 3394 1723; x_wconf 87' lang='lat' dir='ltr'><strong>dicas</strong></span> <span class='ocrx_word' id='word_1_599' title='bbox 3433 1681 3621 1724; x_wconf 82' lang='lat' dir='ltr'><strong>carce-</strong></span> 
     </span>
    </p>
   </div>
   <div class='ocr_carea' id='block_1_76' title="bbox 1991 1754 3620 1828">
    <p class='ocr_par' dir='ltr' id='par_1_76' title="bbox 1991 1754 3620 1828">
     <span class='ocr_line' id='line_1_76' title="bbox 1991 1754 3620 1828; baseline 0.001 -15"><span class='ocrx_word' id='word_1_600' title='bbox 1991 1771 2133 1823; x_wconf 85' lang='lat' dir='ltr'><strong>rem,</strong></span> <span class='ocrx_word' id='word_1_601' title='bbox 2155 1754 2367 1828; x_wconf 78' lang='lat' dir='ltr'><strong>ﬂagella</strong></span> <span class='ocrx_word' id='word_1_602' title='bbox 2393 1765 2451 1812; x_wconf 89' lang='lat' dir='ltr'><strong>et</strong></span> <span class='ocrx_word' id='word_1_603' title='bbox 2478 1765 2772 1824; x_wconf 89' lang='lat' dir='ltr'><strong>tormenta,</strong></span> <span class='ocrx_word' id='word_1_604' title='bbox 2792 1756 2933 1814; x_wconf 88' lang='lat' dir='ltr'><strong>dicis</strong></span> <span class='ocrx_word' id='word_1_605' title='bbox 2958 1757 3166 1828; x_wconf 84' lang='lat' dir='ltr'><strong>majora</strong></span> <span class='ocrx_word' id='word_1_606' title='bbox 3195 1757 3456 1815; x_wconf 89' lang='lat' dir='ltr'><strong>dominia.</strong></span> <span class='ocrx_word' id='word_1_607' title='bbox 3471 1758 3620 1826; x_wconf 80' lang='lat' dir='ltr'><strong>Quo-</strong></span> 
     </span>
    </p>
   </div>
   <div class='ocr_carea' id='block_1_77' title="bbox 1994 1849 3617 1921">
    <p class='ocr_par' dir='ltr' id='par_1_77' title="bbox 1994 1849 3617 1921">
     <span class='ocr_line' id='line_1_77' title="bbox 1994 1849 3617 1921; baseline 0 -15"><span class='ocrx_word' id='word_1_608' title='bbox 1994 1850 2179 1918; x_wconf 91' lang='lat' dir='ltr'><strong>modo,</strong></span> <span class='ocrx_word' id='word_1_609' title='bbox 2211 1858 2268 1906; x_wconf 88' lang='lat' dir='ltr'><strong>et</strong></span> <span class='ocrx_word' id='word_1_610' title='bbox 2298 1864 2532 1920; x_wconf 87' lang='lat' dir='ltr'><strong>quanam</strong></span> <span class='ocrx_word' id='word_1_611' title='bbox 2559 1849 2814 1905; x_wconf 75' lang='lat' dir='ltr'><strong>ratione?</strong></span> <span class='ocrx_word' id='word_1_612' title='bbox 2831 1849 2970 1918; x_wconf 86' lang='lat' dir='ltr'><strong>Quia</strong></span> <span class='ocrx_word' id='word_1_613' title='bbox 2997 1849 3245 1921; x_wconf 86' lang='lat' dir='ltr'><strong>quamvis</strong></span> <span class='ocrx_word' id='word_1_614' title='bbox 3261 1849 3381 1906; x_wconf 72' lang='lat' dir='ltr'><strong>haec</strong></span> <span class='ocrx_word' id='word_1_615' title='bbox 3405 1850 3617 1917; x_wconf 86' lang='lat' dir='ltr'><strong>ﬁerent,</strong></span> 
     </span>
    </p>
   </div>
   <div class='ocr_carea' id='block_1_78' title="bbox 1996 1940 3623 2013">
    <p class='ocr_par' dir='ltr' id='par_1_78' title="bbox 1996 1940 3623 2013">
     <span class='ocr_line' id='line_1_78' title="bbox 1996 1940 3623 2013; baseline 0.001 -17"><span class='ocrx_word' id='word_1_616' title='bbox 1996 1940 2162 1997; x_wconf 86' lang='lat' dir='ltr'><strong>ﬁebat</strong></span> <span class='ocrx_word' id='word_1_617' title='bbox 2183 1950 2364 1998; x_wconf 90' lang='lat' dir='ltr'><strong>tamen</strong></span> <span class='ocrx_word' id='word_1_618' title='bbox 2381 1941 2552 1997; x_wconf 89' lang='lat' dir='ltr'><strong>nihilo</strong></span> <span class='ocrx_word' id='word_1_619' title='bbox 2566 1941 2745 1998; x_wconf 89' lang='lat' dir='ltr'><strong>secius</strong></span> <span class='ocrx_word' id='word_1_620' title='bbox 2763 1941 2908 2013; x_wconf 90' lang='lat' dir='ltr'><strong>quod</strong></span> <span class='ocrx_word' id='word_1_621' title='bbox 2945 1940 3024 1998; x_wconf 83' lang='lat' dir='ltr'><strong>illi</strong></span> <span class='ocrx_word' id='word_1_622' title='bbox 3050 1941 3325 1999; x_wconf 81' lang='lat' dir='ltr'><strong>volebant.</strong></span> <span class='ocrx_word' id='word_1_623' title='bbox 3339 1941 3457 1999; x_wconf 83' lang='lat' dir='ltr'><strong>Non</strong></span> <span class='ocrx_word' id='word_1_624' title='bbox 3475 1943 3623 1998; x_wconf 89' lang='lat' dir='ltr'><strong>enim</strong></span> 
     </span>
    </p>
   </div>
   <div class='ocr_carea' id='block_1_79' title="bbox 1996 2031 3626 2104">
    <p class='ocr_par' dir='ltr' id='par_1_79' title="bbox 1996 2031 3626 2104">
     <span class='ocr_line' id='line_1_79' title="bbox 1996 2031 3626 2104; baseline 0.002 -17"><span class='ocrx_word' id='word_1_625' title='bbox 1996 2032 2115 2104; x_wconf 89' lang='lat' dir='ltr'><strong>lege</strong></span> <span class='ocrx_word' id='word_1_626' title='bbox 2130 2032 2491 2104; x_wconf 90' lang='lat' dir='ltr'><strong>complurium</strong></span> <span class='ocrx_word' id='word_1_627' title='bbox 2510 2031 2881 2099; x_wconf 89' lang='lat' dir='ltr'><strong>dominorum,</strong></span> <span class='ocrx_word' id='word_1_628' title='bbox 2898 2031 2997 2088; x_wconf 88' lang='lat' dir='ltr'><strong>sed</strong></span> <span class='ocrx_word' id='word_1_629' title='bbox 3020 2033 3227 2089; x_wconf 84' lang='lat' dir='ltr'><strong>virtute</strong></span> <span class='ocrx_word' id='word_1_630' title='bbox 3250 2032 3357 2089; x_wconf 88' lang='lat' dir='ltr'><strong>hoc</strong></span> <span class='ocrx_word' id='word_1_631' title='bbox 3381 2034 3484 2089; x_wconf 88' lang='lat' dir='ltr'><strong>sibi</strong></span> <span class='ocrx_word' id='word_1_632' title='bbox 3521 2033 3626 2090; x_wconf 81' lang='lat' dir='ltr'><strong>ad-</strong></span> 
     </span>
    </p>
   </div>
   <div class='ocr_carea' id='block_1_80' title="bbox 1995 2124 3625 2197">
    <p class='ocr_par' dir='ltr' id='par_1_80' title="bbox 1995 2124 3625 2197">
     <span class='ocr_line' id='line_1_80' title="bbox 1995 2124 3625 2197; baseline 0.001 -17"><span class='ocrx_word' id='word_1_633' title='bbox 1995 2125 2275 2181; x_wconf 86' lang='lat' dir='ltr'><strong>sciverunt</strong></span> <span class='ocrx_word' id='word_1_634' title='bbox 2303 2124 2625 2190; x_wconf 90' lang='lat' dir='ltr'><strong>dominium,</strong></span> <span class='ocrx_word' id='word_1_635' title='bbox 2655 2124 2805 2197; x_wconf 83' lang='lat' dir='ltr'><strong>quod</strong></span> <span class='ocrx_word' id='word_1_636' title='bbox 2834 2124 2987 2181; x_wconf 90' lang='lat' dir='ltr'><strong>nullo</strong></span> <span class='ocrx_word' id='word_1_637' title='bbox 3010 2133 3242 2181; x_wconf 88' lang='lat' dir='ltr'><strong>externo</strong></span> <span class='ocrx_word' id='word_1_638' title='bbox 3268 2125 3492 2197; x_wconf 86' lang='lat' dir='ltr'><strong>indiget,</strong></span> <span class='ocrx_word' id='word_1_639' title='bbox 3521 2125 3625 2182; x_wconf 89' lang='lat' dir='ltr'><strong>sed</strong></span> 
     </span>
    </p>
   </div>
   <div class='ocr_carea' id='block_1_81' title="bbox 1996 2216 3627 2290">
    <p class='ocr_par' dir='ltr' id='par_1_81' title="bbox 1996 2216 3627 2290">
     <span class='ocr_line' id='line_1_81' title="bbox 1996 2216 3627 2290; baseline 0.001 -18"><span class='ocrx_word' id='word_1_640' title='bbox 1996 2217 2168 2289; x_wconf 90' lang='lat' dir='ltr'><strong>quod,</strong></span> <span class='ocrx_word' id='word_1_641' title='bbox 2199 2216 2328 2274; x_wconf 91' lang='lat' dir='ltr'><strong>dum</strong></span> <span class='ocrx_word' id='word_1_642' title='bbox 2355 2217 2598 2273; x_wconf 89' lang='lat' dir='ltr'><strong>omnium</strong></span> <span class='ocrx_word' id='word_1_643' title='bbox 2627 2219 2830 2289; x_wconf 87' lang='lat' dir='ltr'><strong>petitur</strong></span> <span class='ocrx_word' id='word_1_644' title='bbox 2857 2216 3103 2284; x_wconf 86' lang='lat' dir='ltr'><strong>insidiis.</strong></span> <span class='ocrx_word' id='word_1_645' title='bbox 3132 2217 3461 2290; x_wconf 86' lang='lat' dir='ltr'><strong>resplendet.</strong></span> <span class='ocrx_word' id='word_1_646' title='bbox 3497 2217 3627 2273; x_wconf 88' lang='lat' dir='ltr'><strong>illos</strong></span> 
     </span>
    </p>
   </div>
   <div class='ocr_carea' id='block_1_82' title="bbox 1999 2308 3630 2383">
    <p class='ocr_par' dir='ltr' id='par_1_82' title="bbox 1999 2308 3630 2383">
     <span class='ocr_line' id='line_1_82' title="bbox 1999 2308 3630 2383; baseline -0.002 -16"><span class='ocrx_word' id='word_1_647' title='bbox 1999 2310 2146 2367; x_wconf 91' lang='lat' dir='ltr'><strong>enim</strong></span> <span class='ocrx_word' id='word_1_648' title='bbox 2195 2309 2446 2367; x_wconf 86' lang='lat' dir='ltr'><strong>dominos</strong></span> <span class='ocrx_word' id='word_1_649' title='bbox 2486 2309 2630 2365; x_wconf 85' lang='lat' dir='ltr'><strong>servi</strong></span> <span class='ocrx_word' id='word_1_650' title='bbox 2673 2309 2877 2380; x_wconf 83' lang='lat' dir='ltr'><strong>paratis</strong></span> <span class='ocrx_word' id='word_1_651' title='bbox 2921 2308 3135 2365; x_wconf 87' lang='lat' dir='ltr'><strong>insidiis</strong></span> <span class='ocrx_word' id='word_1_652' title='bbox 3173 2325 3322 2383; x_wconf 71' lang='lat' dir='ltr'><strong>saepe</strong></span> <span class='ocrx_word' id='word_1_653' title='bbox 3349 2310 3419 2366; x_wconf 94' lang='lat' dir='ltr'><strong>de</strong></span> <span class='ocrx_word' id='word_1_654' title='bbox 3443 2311 3630 2365; x_wconf 88' lang='lat' dir='ltr'><strong>medio</strong></span> 
     </span>
    </p>
   </div>
   <div class='ocr_carea' id='block_1_83' title="bbox 1999 2397 3627 2472">
    <p class='ocr_par' dir='ltr' id='par_1_83' title="bbox 1999 2397 3627 2472">
     <span class='ocr_line' id='line_1_83' title="bbox 1999 2397 3627 2472; baseline -0.002 -14"><span class='ocrx_word' id='word_1_655' title='bbox 1999 2402 2617 2472; x_wconf 88' lang='lat' dir='ltr'><strong>sustulerunt,quoniam</strong></span> <span class='ocrx_word' id='word_1_656' title='bbox 2630 2409 2743 2456; x_wconf 90' lang='lat' dir='ltr'><strong>erat</strong></span> <span class='ocrx_word' id='word_1_657' title='bbox 2760 2400 2832 2455; x_wconf 92' lang='lat' dir='ltr'><strong>im</strong></span> <span class='ocrx_word' id='word_1_658' title='bbox 2839 2397 3139 2470; x_wconf 87' lang='lat' dir='ltr'><strong>perfectum</strong></span> <span class='ocrx_word' id='word_1_659' title='bbox 3151 2409 3208 2457; x_wconf 92' lang='lat' dir='ltr'><strong>et</strong></span> <span class='ocrx_word' id='word_1_660' title='bbox 3217 2401 3627 2458; x_wconf 85' lang='lat' dir='ltr'><strong>imbecillimum</strong></span> 
     </span>
    </p>
   </div>
   <div class='ocr_carea' id='block_1_84' title="bbox 2000 2494 3626 2565">
    <p class='ocr_par' dir='ltr' id='par_1_84' title="bbox 2000 2494 3626 2565">
     <span class='ocr_line' id='line_1_84' title="bbox 2000 2494 3626 2565; baseline -0.001 -14"><span class='ocrx_word' id='word_1_661' title='bbox 2000 2495 2336 2551; x_wconf 91' lang='lat' dir='ltr'><strong>dominium:</strong></span> <span class='ocrx_word' id='word_1_662' title='bbox 2386 2495 2492 2550; x_wconf 90' lang='lat' dir='ltr'><strong>hoc</strong></span> <span class='ocrx_word' id='word_1_663' title='bbox 2529 2503 2714 2550; x_wconf 90' lang='lat' dir='ltr'><strong>autem</strong></span> <span class='ocrx_word' id='word_1_664' title='bbox 2756 2508 2866 2549; x_wconf 90' lang='lat' dir='ltr'><strong>non</strong></span> <span class='ocrx_word' id='word_1_665' title='bbox 2914 2501 3211 2565; x_wconf 86' lang='lat' dir='ltr'><strong>petnerunt</strong></span> <span class='ocrx_word' id='word_1_666' title='bbox 3250 2494 3626 2564; x_wconf 79' lang='lat' dir='ltr'><strong>exstinguere,</strong></span> 
     </span>
    </p>
   </div>
   <div class='ocr_carea' id='block_1_85' title="bbox 2001 2583 3623 2657">
    <p class='ocr_par' dir='ltr' id='par_1_85' title="bbox 2001 2583 3623 2657">
     <span class='ocr_line' id='line_1_85' title="bbox 2001 2583 3623 2657; baseline -0.003 -13"><span class='ocrx_word' id='word_1_667' title='bbox 2001 2586 2100 2644; x_wconf 85' lang='lat' dir='ltr'><strong>sed</strong></span> <span class='ocrx_word' id='word_1_668' title='bbox 2148 2586 2372 2643; x_wconf 88' lang='lat' dir='ltr'><strong>insidias</strong></span> <span class='ocrx_word' id='word_1_669' title='bbox 2411 2586 2725 2654; x_wconf 87' lang='lat' dir='ltr'><strong>molientes,</strong></span> <span class='ocrx_word' id='word_1_670' title='bbox 2768 2585 2823 2641; x_wconf 88' lang='lat' dir='ltr'><strong>id</strong></span> <span class='ocrx_word' id='word_1_671' title='bbox 2867 2586 3029 2657; x_wconf 88' lang='lat' dir='ltr'><strong>longe</strong></span> <span class='ocrx_word' id='word_1_672' title='bbox 3073 2585 3277 2642; x_wconf 86' lang='lat' dir='ltr'><strong>clarius</strong></span> <span class='ocrx_word' id='word_1_673' title='bbox 3307 2583 3623 2642; x_wconf 87' lang='lat' dir='ltr'><strong>reddidere.</strong></span> 
     </span>
    </p>
   </div>
   <div class='ocr_carea' id='block_1_86' title="bbox 2004 2677 3630 2751">
    <p class='ocr_par' dir='ltr' id='par_1_86' title="bbox 2004 2677 3630 2751">
     <span class='ocr_line' id='line_1_86' title="bbox 2004 2677 3630 2751; baseline -0.001 -17"><span class='ocrx_word' id='word_1_674' title='bbox 2004 2679 2136 2749; x_wconf 90' lang='lat' dir='ltr'><strong>Quis</strong></span> <span class='ocrx_word' id='word_1_675' title='bbox 2164 2678 2326 2735; x_wconf 91' lang='lat' dir='ltr'><strong>fuerit</strong></span> <span class='ocrx_word' id='word_1_676' title='bbox 2352 2678 2517 2751; x_wconf 89' lang='lat' dir='ltr'><strong>igitur</strong></span> <span class='ocrx_word' id='word_1_677' title='bbox 2555 2678 2809 2735; x_wconf 91' lang='lat' dir='ltr'><strong>dominus</strong></span> <span class='ocrx_word' id='word_1_678' title='bbox 2839 2678 3174 2750; x_wconf 72' lang='lat' dir='ltr'><strong>prteclarior,</strong></span> <span class='ocrx_word' id='word_1_679' title='bbox 3203 2678 3324 2734; x_wconf 90' lang='lat' dir='ltr'><strong>isne</strong></span> <span class='ocrx_word' id='word_1_680' title='bbox 3347 2677 3438 2749; x_wconf 89' lang='lat' dir='ltr'><strong>qui</strong></span> <span class='ocrx_word' id='word_1_681' title='bbox 3466 2677 3630 2732; x_wconf 80' lang='lat' dir='ltr'><strong>innu-</strong></span> 
     </span>
    </p>
   </div>
   <div class='ocr_carea' id='block_1_87' title="bbox 2006 2767 3632 2842">
    <p class='ocr_par' dir='ltr' id='par_1_87' title="bbox 2006 2767 3632 2842">
     <span class='ocr_line' id='line_1_87' title="bbox 2006 2767 3632 2842; baseline -0.004 -13"><span class='ocrx_word' id='word_1_682' title='bbox 2006 2772 2362 2829; x_wconf 77' lang='lat' dir='ltr'><strong>merabilibus</strong></span> <span class='ocrx_word' id='word_1_683' title='bbox 2404 2785 2544 2842; x_wconf 88' lang='lat' dir='ltr'><strong>opus</strong></span> <span class='ocrx_word' id='word_1_684' title='bbox 2584 2771 2748 2826; x_wconf 88' lang='lat' dir='ltr'><strong>habet</strong></span> <span class='ocrx_word' id='word_1_685' title='bbox 2789 2771 3026 2838; x_wconf 78' lang='lat' dir='ltr'><strong>auxiliis,</strong></span> <span class='ocrx_word' id='word_1_686' title='bbox 3054 2778 3113 2825; x_wconf 95' lang='lat' dir='ltr'><strong>ut</strong></span> <span class='ocrx_word' id='word_1_687' title='bbox 3139 2784 3331 2825; x_wconf 88' lang='lat' dir='ltr'><strong>servos</strong></span> <span class='ocrx_word' id='word_1_688' title='bbox 3361 2770 3415 2824; x_wconf 92' lang='lat' dir='ltr'><strong>in</strong></span> <span class='ocrx_word' id='word_1_689' title='bbox 3446 2767 3632 2825; x_wconf 80' lang='lat' dir='ltr'><strong>ofﬁcio</strong></span> 
     </span>
    </p>
   </div>
   <div class='ocr_carea' id='block_1_88' title="bbox 2005 2859 3635 2934">
    <p class='ocr_par' dir='ltr' id='par_1_88' title="bbox 2005 2859 3635 2934">
     <span class='ocr_line' id='line_1_88' title="bbox 2005 2859 3635 2934; baseline -0.004 -13"><span class='ocrx_word' id='word_1_690' title='bbox 2005 2866 2316 2930; x_wconf 87' lang='lat' dir='ltr'><strong>contineat;</strong></span> <span class='ocrx_word' id='word_1_691' title='bbox 2367 2878 2436 2918; x_wconf 88' lang='lat' dir='ltr'><strong>an</strong></span> <span class='ocrx_word' id='word_1_692' title='bbox 2484 2863 2575 2934; x_wconf 93' lang='lat' dir='ltr'><strong>qui</strong></span> <span class='ocrx_word' id='word_1_693' title='bbox 2617 2871 2702 2918; x_wconf 88' lang='lat' dir='ltr'><strong>est</strong></span> <span class='ocrx_word' id='word_1_694' title='bbox 2745 2862 2885 2918; x_wconf 90' lang='lat' dir='ltr'><strong>liber</strong></span> <span class='ocrx_word' id='word_1_695' title='bbox 2925 2862 2990 2918; x_wconf 89' lang='lat' dir='ltr'><strong>iis</strong></span> <span class='ocrx_word' id='word_1_696' title='bbox 3028 2861 3306 2927; x_wconf 89' lang='lat' dir='ltr'><strong>omnibus,</strong></span> <span class='ocrx_word' id='word_1_697' title='bbox 3338 2871 3393 2916; x_wconf 91' lang='lat' dir='ltr'><strong>ct</strong></span> <span class='ocrx_word' id='word_1_698' title='bbox 3418 2875 3516 2916; x_wconf 90' lang='lat' dir='ltr'><strong>eos</strong></span> <span class='ocrx_word' id='word_1_699' title='bbox 3540 2859 3635 2931; x_wconf 90' lang='lat' dir='ltr'><strong>qui</strong></span> 
     </span>
    </p>
   </div>
   <div class='ocr_carea' id='block_1_89' title="bbox 2004 2952 3637 3027">
    <p class='ocr_par' dir='ltr' id='par_1_89' title="bbox 2004 2952 3637 3027">
     <span class='ocr_line' id='line_1_89' title="bbox 2004 2952 3637 3027; baseline -0.002 -15"><span class='ocrx_word' id='word_1_700' title='bbox 2004 2967 2133 3012; x_wconf 88' lang='lat' dir='ltr'><strong>sunt</strong></span> <span class='ocrx_word' id='word_1_701' title='bbox 2157 2957 2258 3012; x_wconf 91' lang='lat' dir='ltr'><strong>sub</strong></span> <span class='ocrx_word' id='word_1_702' title='bbox 2285 2971 2386 3011; x_wconf 89' lang='lat' dir='ltr'><strong>suo</strong></span> <span class='ocrx_word' id='word_1_703' title='bbox 2411 2955 2674 3020; x_wconf 88' lang='lat' dir='ltr'><strong>dominio,</strong></span> <span class='ocrx_word' id='word_1_704' title='bbox 2707 2971 2805 3024; x_wconf 91' lang='lat' dir='ltr'><strong>pro</strong></span> <span class='ocrx_word' id='word_1_705' title='bbox 2847 2970 2944 3010; x_wconf 89' lang='lat' dir='ltr'><strong>sua</strong></span> <span class='ocrx_word' id='word_1_706' title='bbox 2972 2962 3242 3027; x_wconf 87' lang='lat' dir='ltr'><strong>potestate</strong></span> <span class='ocrx_word' id='word_1_707' title='bbox 3267 2953 3371 3010; x_wconf 89' lang='lat' dir='ltr'><strong>fert</strong></span> <span class='ocrx_word' id='word_1_708' title='bbox 3407 2963 3465 3009; x_wconf 87' lang='lat' dir='ltr'><strong>et</strong></span> <span class='ocrx_word' id='word_1_709' title='bbox 3490 2952 3637 3024; x_wconf 75' lang='lat' dir='ltr'><strong>agit?</strong></span> 
     </span>
    </p>
   </div>
   <div class='ocr_carea' id='block_1_90' title="bbox 2007 3044 3636 3115">
    <p class='ocr_par' dir='ltr' id='par_1_90' title="bbox 2007 3044 3636 3115">
     <span class='ocr_line' id='line_1_90' title="bbox 2007 3044 3636 3115; baseline -0.002 -12"><span class='ocrx_word' id='word_1_710' title='bbox 2007 3046 2349 3103; x_wconf 75' lang='lat' dir='ltr'><strong>Manifestum</strong></span> <span class='ocrx_word' id='word_1_711' title='bbox 2370 3053 2456 3100; x_wconf 90' lang='lat' dir='ltr'><strong>est</strong></span> <span class='ocrx_word' id='word_1_712' title='bbox 2483 3045 2629 3101; x_wconf 89' lang='lat' dir='ltr'><strong>hunc</strong></span> <span class='ocrx_word' id='word_1_713' title='bbox 2653 3060 2774 3100; x_wconf 90' lang='lat' dir='ltr'><strong>esse</strong></span> <span class='ocrx_word' id='word_1_714' title='bbox 2802 3045 3228 3115; x_wconf 59' lang='lat' dir='ltr'><strong>praeclariorem.</strong></span> <span class='ocrx_word' id='word_1_715' title='bbox 3248 3044 3460 3100; x_wconf 91' lang='lat' dir='ltr'><strong>Domini</strong></span> <span class='ocrx_word' id='word_1_716' title='bbox 3488 3045 3636 3100; x_wconf 88' lang='lat' dir='ltr'><strong>enim</strong></span> 
     </span>
    </p>
   </div>
   <div class='ocr_carea' id='block_1_91' title="bbox 2008 3135 3638 3210">
    <p class='ocr_par' dir='ltr' id='par_1_91' title="bbox 2008 3135 3638 3210">
     <span class='ocr_line' id='line_1_91' title="bbox 2008 3135 3638 3210; baseline -0.002 -17"><span class='ocrx_word' id='word_1_717' title='bbox 2008 3139 2102 3210; x_wconf 90' lang='lat' dir='ltr'><strong>qui</strong></span> <span class='ocrx_word' id='word_1_718' title='bbox 2146 3138 2251 3193; x_wconf 92' lang='lat' dir='ltr'><strong>hoc</strong></span> <span class='ocrx_word' id='word_1_719' title='bbox 2280 3138 2527 3193; x_wconf 86' lang='lat' dir='ltr'><strong>obtinent</strong></span> <span class='ocrx_word' id='word_1_720' title='bbox 2559 3136 2850 3191; x_wconf 87' lang='lat' dir='ltr'><strong>multorum</strong></span> <span class='ocrx_word' id='word_1_721' title='bbox 2871 3135 3198 3204; x_wconf 87' lang='lat' dir='ltr'><strong>dominium,</strong></span> <span class='ocrx_word' id='word_1_722' title='bbox 3227 3136 3332 3191; x_wconf 89' lang='lat' dir='ltr'><strong>nisi</strong></span> <span class='ocrx_word' id='word_1_723' title='bbox 3361 3135 3510 3206; x_wconf 85' lang='lat' dir='ltr'><strong>leges</strong></span> <span class='ocrx_word' id='word_1_724' title='bbox 3535 3135 3638 3190; x_wconf 88' lang='lat' dir='ltr'><strong>ba-</strong></span> 
     </span>
    </p>
   </div>
   <div class='ocr_carea' id='block_1_92' title="bbox 2013 3226 3637 3302">
    <p class='ocr_par' dir='ltr' id='par_1_92' title="bbox 2013 3226 3637 3302">
     <span class='ocr_line' id='line_1_92' title="bbox 2013 3226 3637 3302; baseline -0.003 -16"><span class='ocrx_word' id='word_1_725' title='bbox 2013 3231 2178 3286; x_wconf 90' lang='lat' dir='ltr'><strong>beant</strong></span> <span class='ocrx_word' id='word_1_726' title='bbox 2224 3229 2574 3302; x_wconf 88' lang='lat' dir='ltr'><strong>opitulanles,</strong></span> <span class='ocrx_word' id='word_1_727' title='bbox 2625 3238 2682 3282; x_wconf 90' lang='lat' dir='ltr'><strong>et</strong></span> <span class='ocrx_word' id='word_1_728' title='bbox 2731 3241 2828 3284; x_wconf 88' lang='lat' dir='ltr'><strong>eos</strong></span> <span class='ocrx_word' id='word_1_729' title='bbox 2871 3227 3023 3298; x_wconf 91' lang='lat' dir='ltr'><strong>juvet</strong></span> <span class='ocrx_word' id='word_1_730' title='bbox 3063 3226 3210 3299; x_wconf 91' lang='lat' dir='ltr'><strong>quod</strong></span> <span class='ocrx_word' id='word_1_731' title='bbox 3248 3228 3302 3282; x_wconf 92' lang='lat' dir='ltr'><strong>in</strong></span> <span class='ocrx_word' id='word_1_732' title='bbox 3329 3226 3637 3282; x_wconf 84' lang='lat' dir='ltr'><strong>civitatibus</strong></span> 
     </span>
    </p>
   </div>
   <div class='ocr_carea' id='block_1_93' title="bbox 2013 3321 3640 3396">
    <p class='ocr_par' dir='ltr' id='par_1_93' title="bbox 2013 3321 3640 3396">
     <span class='ocr_line' id='line_1_93' title="bbox 2013 3321 3640 3396; baseline -0.001 -16"><span class='ocrx_word' id='word_1_733' title='bbox 2013 3325 2278 3392; x_wconf 88' lang='lat' dir='ltr'><strong>habitant,</strong></span> <span class='ocrx_word' id='word_1_734' title='bbox 2304 3339 2450 3396; x_wconf 73' lang='lat' dir='ltr'><strong>smpe</strong></span> <span class='ocrx_word' id='word_1_735' title='bbox 2470 3339 2591 3379; x_wconf 91' lang='lat' dir='ltr'><strong>cum</strong></span> <span class='ocrx_word' id='word_1_736' title='bbox 2613 3321 2857 3378; x_wconf 89' lang='lat' dir='ltr'><strong>dominio</strong></span> <span class='ocrx_word' id='word_1_737' title='bbox 2880 3324 3044 3377; x_wconf 90' lang='lat' dir='ltr'><strong>vitam</strong></span> <span class='ocrx_word' id='word_1_738' title='bbox 3076 3337 3292 3394; x_wconf 88' lang='lat' dir='ltr'><strong>quoque</strong></span> <span class='ocrx_word' id='word_1_739' title='bbox 3315 3322 3640 3378; x_wconf 86' lang='lat' dir='ltr'><strong>amiserunt:</strong></span> 
     </span>
    </p>
   </div>
   <div class='ocr_carea' id='block_1_94' title="bbox 2014 3417 3641 3488">
    <p class='ocr_par' dir='ltr' id='par_1_94' title="bbox 2014 3417 3641 3488">
     <span class='ocr_line' id='line_1_94' title="bbox 2014 3417 3641 3488; baseline -0.001 -14"><span class='ocrx_word' id='word_1_740' title='bbox 2014 3419 2220 3474; x_wconf 75' lang='lat' dir='ltr'><strong>Paulus</strong></span> <span class='ocrx_word' id='word_1_741' title='bbox 2259 3425 2439 3474; x_wconf 86' lang='lat' dir='ltr'><strong>autem</strong></span> <span class='ocrx_word' id='word_1_742' title='bbox 2484 3426 2539 3474; x_wconf 92' lang='lat' dir='ltr'><strong>et</strong></span> <span class='ocrx_word' id='word_1_743' title='bbox 2588 3417 2640 3471; x_wconf 91' lang='lat' dir='ltr'><strong>in</strong></span> <span class='ocrx_word' id='word_1_744' title='bbox 2689 3417 3073 3472; x_wconf 85' lang='lat' dir='ltr'><strong>solitudinibus</strong></span> <span class='ocrx_word' id='word_1_745' title='bbox 3130 3425 3189 3472; x_wconf 90' lang='lat' dir='ltr'><strong>et</strong></span> <span class='ocrx_word' id='word_1_746' title='bbox 3231 3417 3434 3488; x_wconf 88' lang='lat' dir='ltr'><strong>ubique</strong></span> <span class='ocrx_word' id='word_1_747' title='bbox 3480 3431 3641 3472; x_wconf 89' lang='lat' dir='ltr'><strong>suum</strong></span> 
     </span>
    </p>
   </div>
   <div class='ocr_carea' id='block_1_95' title="bbox 2014 3508 3644 3580">
    <p class='ocr_par' dir='ltr' id='par_1_95' title="bbox 2014 3508 3644 3580">
     <span class='ocr_line' id='line_1_95' title="bbox 2014 3508 3644 3580; baseline -0.004 -14"><span class='ocrx_word' id='word_1_748' title='bbox 2014 3510 2336 3567; x_wconf 87' lang='lat' dir='ltr'><strong>ostendebat</strong></span> <span class='ocrx_word' id='word_1_749' title='bbox 2363 3509 2684 3564; x_wconf 85' lang='lat' dir='ltr'><strong>dominium.</strong></span> <span class='ocrx_word' id='word_1_750' title='bbox 2716 3508 2809 3565; x_wconf 88' lang='lat' dir='ltr'><strong>Vis</strong></span> <span class='ocrx_word' id='word_1_751' title='bbox 2844 3509 3008 3565; x_wconf 90' lang='lat' dir='ltr'><strong>etiam</strong></span> <span class='ocrx_word' id='word_1_752' title='bbox 3031 3509 3216 3564; x_wconf 90' lang='lat' dir='ltr'><strong>videre</strong></span> <span class='ocrx_word' id='word_1_753' title='bbox 3240 3509 3417 3580; x_wconf 86' lang='lat' dir='ltr'><strong>ipsum</strong></span> <span class='ocrx_word' id='word_1_754' title='bbox 3447 3508 3644 3563; x_wconf 89' lang='lat' dir='ltr'><strong>clario-</strong></span> 
     </span>
    </p>
   </div>
   <div class='ocr_carea' id='block_1_96' title="bbox 2017 3599 3644 3673">
    <p class='ocr_par' dir='ltr' id='par_1_96' title="bbox 2017 3599 3644 3673">
     <span class='ocr_line' id='line_1_96' title="bbox 2017 3599 3644 3673; baseline -0.001 -15"><span class='ocrx_word' id='word_1_755' title='bbox 2017 3619 2133 3659; x_wconf 88' lang='lat' dir='ltr'><strong>rem</strong></span> <span class='ocrx_word' id='word_1_756' title='bbox 2175 3599 2440 3673; x_wconf 81' lang='lat' dir='ltr'><strong>‘regibus?</strong></span> <span class='ocrx_word' id='word_1_757' title='bbox 2489 3601 2702 3657; x_wconf 87' lang='lat' dir='ltr'><strong>lnduxit</strong></span> <span class='ocrx_word' id='word_1_758' title='bbox 2746 3602 2896 3672; x_wconf 89' lang='lat' dir='ltr'><strong>leges</strong></span> <span class='ocrx_word' id='word_1_759' title='bbox 2951 3617 3048 3672; x_wconf 90' lang='lat' dir='ltr'><strong>per</strong></span> <span class='ocrx_word' id='word_1_760' title='bbox 3091 3603 3403 3657; x_wconf 90' lang='lat' dir='ltr'><strong>universum</strong></span> <span class='ocrx_word' id='word_1_761' title='bbox 3454 3601 3644 3657; x_wconf 88' lang='lat' dir='ltr'><strong>orbem</strong></span> 
     </span>
    </p>
   </div>
   <div class='ocr_carea' id='block_1_97' title="bbox 2018 3693 3645 3765">
    <p class='ocr_par' dir='ltr' id='par_1_97' title="bbox 2018 3693 3645 3765">
     <span class='ocr_line' id='line_1_97' title="bbox 2018 3693 3645 3765; baseline -0.002 -13"><span class='ocrx_word' id='word_1_762' title='bbox 2018 3703 2201 3759; x_wconf 63' lang='lat' dir='ltr'><strong>terras,</strong></span> <span class='ocrx_word' id='word_1_763' title='bbox 2229 3704 2285 3749; x_wconf 90' lang='lat' dir='ltr'><strong>et</strong></span> <span class='ocrx_word' id='word_1_764' title='bbox 2307 3708 2493 3764; x_wconf 88' lang='lat' dir='ltr'><strong>regum</strong></span> <span class='ocrx_word' id='word_1_765' title='bbox 2527 3693 2730 3749; x_wconf 84' lang='lat' dir='ltr'><strong>relictis</strong></span> <span class='ocrx_word' id='word_1_766' title='bbox 2761 3694 2970 3765; x_wconf 78' lang='lat' dir='ltr'><strong>legibus</strong></span> <span class='ocrx_word' id='word_1_767' title='bbox 2996 3736 3011 3757; x_wconf 95' lang='lat'><strong>,</strong></span> <span class='ocrx_word' id='word_1_768' title='bbox 3043 3693 3294 3749; x_wconf 88' lang='lat' dir='ltr'><strong>homines</strong></span> <span class='ocrx_word' id='word_1_769' title='bbox 3323 3693 3468 3748; x_wconf 91' lang='lat' dir='ltr'><strong>illius</strong></span> <span class='ocrx_word' id='word_1_770' title='bbox 3503 3695 3645 3748; x_wconf 84' lang='lat' dir='ltr'><strong>scri-</strong></span> 
     </span>
    </p>
   </div>
   <div class='ocr_carea' id='block_1_98' title="bbox 2019 3783 3645 3857">
    <p class='ocr_par' dir='ltr' id='par_1_98' title="bbox 2019 3783 3645 3857">
     <span class='ocr_line' id='line_1_98' title="bbox 2019 3783 3645 3857; baseline 0.001 -17"><span class='ocrx_word' id='word_1_771' title='bbox 2019 3786 2124 3857; x_wconf 83' lang='lat' dir='ltr'><strong>ptis</strong></span> <span class='ocrx_word' id='word_1_772' title='bbox 2145 3785 2618 3857; x_wconf 86' lang='lat' dir='ltr'><strong>obtemperabant.</strong></span> <span class='ocrx_word' id='word_1_773' title='bbox 2641 3786 2707 3840; x_wconf 80' lang='lat' dir='ltr'><strong>Et</strong></span> <span class='ocrx_word' id='word_1_774' title='bbox 2727 3784 2929 3856; x_wconf 83' lang='lat' dir='ltr'><strong>alioqui</strong></span> <span class='ocrx_word' id='word_1_775' title='bbox 2957 3785 3032 3840; x_wconf 92' lang='lat' dir='ltr'><strong>illi</strong></span> <span class='ocrx_word' id='word_1_776' title='bbox 3058 3783 3276 3857; x_wconf 89' lang='lat' dir='ltr'><strong>quidem</strong></span> <span class='ocrx_word' id='word_1_777' title='bbox 3307 3785 3363 3841; x_wconf 88' lang='lat' dir='ltr'><strong>in</strong></span> <span class='ocrx_word' id='word_1_778' title='bbox 3390 3799 3645 3855; x_wconf 83' lang='lat' dir='ltr'><strong>corpora,</strong></span> 
     </span>
    </p>
   </div>
   <div class='ocr_carea' id='block_1_99' title="bbox 2022 3875 3648 3945">
    <p class='ocr_par' dir='ltr' id='par_1_99' title="bbox 2022 3875 3648 3945">
     <span class='ocr_line' id='line_1_99' title="bbox 2022 3875 3648 3945; baseline -0.001 -12"><span class='ocrx_word' id='word_1_779' title='bbox 2022 3878 2076 3933; x_wconf 90' lang='lat' dir='ltr'><strong>hi</strong></span> <span class='ocrx_word' id='word_1_780' title='bbox 2109 3893 2242 3934; x_wconf 91' lang='lat' dir='ltr'><strong>vero</strong></span> <span class='ocrx_word' id='word_1_781' title='bbox 2269 3877 2322 3932; x_wconf 92' lang='lat' dir='ltr'><strong>in</strong></span> <span class='ocrx_word' id='word_1_782' title='bbox 2361 3877 2602 3933; x_wconf 91' lang='lat' dir='ltr'><strong>animum</strong></span> <span class='ocrx_word' id='word_1_783' title='bbox 2645 3876 2946 3932; x_wconf 89' lang='lat' dir='ltr'><strong>dominium</strong></span> <span class='ocrx_word' id='word_1_784' title='bbox 2997 3877 3335 3933; x_wconf 90' lang='lat' dir='ltr'><strong>obtinebant.</strong></span> <span class='ocrx_word' id='word_1_785' title='bbox 3355 3875 3488 3945; x_wconf 92' lang='lat' dir='ltr'><strong>Quis</strong></span> <span class='ocrx_word' id='word_1_786' title='bbox 3526 3891 3648 3932; x_wconf 86' lang='lat' dir='ltr'><strong>ser-</strong></span> 
     </span>
    </p>
   </div>
   <div class='ocr_carea' id='block_1_100' title="bbox 2020 3969 3653 4041">
    <p class='ocr_par' dir='ltr' id='par_1_100' title="bbox 2020 3969 3653 4041">
     <span class='ocr_line' id='line_1_100' title="bbox 2020 3969 3653 4041; baseline 0 -16"><span class='ocrx_word' id='word_1_787' title='bbox 2020 3987 2121 4026; x_wconf 91' lang='lat' dir='ltr'><strong>vus</strong></span> <span class='ocrx_word' id='word_1_788' title='bbox 2166 3969 2324 4038; x_wconf 89' lang='lat' dir='ltr'><strong>hero,</strong></span> <span class='ocrx_word' id='word_1_789' title='bbox 2373 3969 2460 4026; x_wconf 89' lang='lat' dir='ltr'><strong>vel</strong></span> <span class='ocrx_word' id='word_1_790' title='bbox 2493 3972 2615 4041; x_wconf 86' lang='lat' dir='ltr'><strong>quis</strong></span> <span class='ocrx_word' id='word_1_791' title='bbox 2659 3969 2907 4025; x_wconf 91' lang='lat' dir='ltr'><strong>subditus</strong></span> <span class='ocrx_word' id='word_1_792' title='bbox 2954 3970 3068 4041; x_wconf 90' lang='lat' dir='ltr'><strong>regi</strong></span> <span class='ocrx_word' id='word_1_793' title='bbox 3115 3984 3240 4025; x_wconf 88' lang='lat' dir='ltr'><strong>cum</strong></span> <span class='ocrx_word' id='word_1_794' title='bbox 3288 3977 3435 4025; x_wconf 87' lang='lat' dir='ltr'><strong>tanta</strong></span> <span class='ocrx_word' id='word_1_795' title='bbox 3482 3970 3653 4026; x_wconf 80' lang='lat' dir='ltr'><strong>bene-</strong></span> 
     </span>
    </p>
   </div>
   <div class='ocr_carea' id='block_1_101' title="bbox 2023 4061 3652 4134">
    <p class='ocr_par' dir='ltr' id='par_1_101' title="bbox 2023 4061 3652 4134">
     <span class='ocr_line' id='line_1_101' title="bbox 2023 4061 3652 4134; baseline 0.003 -19"><span class='ocrx_word' id='word_1_796' title='bbox 2023 4063 2258 4118; x_wconf 82' lang='lat' dir='ltr'><strong>volentia</strong></span> <span class='ocrx_word' id='word_1_797' title='bbox 2313 4061 2528 4133; x_wconf 90' lang='lat' dir='ltr'><strong>paruit,</strong></span> <span class='ocrx_word' id='word_1_798' title='bbox 2585 4070 2648 4116; x_wconf 91' lang='lat' dir='ltr'><strong>ut</strong></span> <span class='ocrx_word' id='word_1_799' title='bbox 2696 4061 2886 4118; x_wconf 87' lang='lat' dir='ltr'><strong>ﬁdeles</strong></span> <span class='ocrx_word' id='word_1_800' title='bbox 2934 4061 3104 4117; x_wconf 84' lang='lat' dir='ltr'><strong>Paulo</strong></span> <span class='ocrx_word' id='word_1_801' title='bbox 3152 4063 3398 4134; x_wconf 87' lang='lat' dir='ltr'><strong>epistolis</strong></span> <span class='ocrx_word' id='word_1_802' title='bbox 3442 4072 3652 4120; x_wconf 84' lang='lat' dir='ltr'><strong>tantum</strong></span> 
     </span>
    </p>
   </div>
   <div class='ocr_carea' id='block_1_102' title="bbox 1985 4155 3651 4227">
    <p class='ocr_par' dir='ltr' id='par_1_102' title="bbox 1985 4155 3651 4227">
     <span class='ocr_line' id='line_1_102' title="bbox 1985 4155 3651 4227; baseline 0.004 -17"><span class='ocrx_word' id='word_1_803' title='bbox 1985 4194 1990 4198; x_wconf 90' lang='grc'><strong><em>-</em></strong></span> <span class='ocrx_word' id='word_1_804' title='bbox 2023 4155 2244 4227; x_wconf 86' lang='lat' dir='ltr'><strong>agenti?</strong></span> <span class='ocrx_word' id='word_1_805' title='bbox 2268 4155 2400 4225; x_wconf 87' lang='lat' dir='ltr'><strong>Quis</strong></span> <span class='ocrx_word' id='word_1_806' title='bbox 2429 4156 2765 4212; x_wconf 80' lang='lat' dir='ltr'><strong>enarraverit</strong></span> <span class='ocrx_word' id='word_1_807' title='bbox 2788 4171 2978 4212; x_wconf 91' lang='lat' dir='ltr'><strong>eorum</strong></span> <span class='ocrx_word' id='word_1_808' title='bbox 3017 4171 3261 4213; x_wconf 90' lang='lat' dir='ltr'><strong>amorem</strong></span> <span class='ocrx_word' id='word_1_809' title='bbox 3305 4167 3362 4213; x_wconf 93' lang='lat' dir='ltr'><strong>et</strong></span> <span class='ocrx_word' id='word_1_810' title='bbox 3410 4158 3651 4216; x_wconf 87' lang='lat' dir='ltr'><strong>studium</strong></span> 
     </span>
    </p>
   </div>
   <div class='ocr_carea' id='block_1_103' title="bbox 2024 4248 3651 4321">
    <p class='ocr_par' dir='ltr' id='par_1_103' title="bbox 2024 4248 3651 4321">
     <span class='ocr_line' id='line_1_103' title="bbox 2024 4248 3651 4321; baseline 0.002 -16"><span class='ocrx_word' id='word_1_811' title='bbox 2024 4263 2152 4321; x_wconf 88' lang='lat' dir='ltr'><strong>erga</strong></span> <span class='ocrx_word' id='word_1_812' title='bbox 2183 4248 2357 4316; x_wconf 89' lang='lat' dir='ltr'><strong>illum,</strong></span> <span class='ocrx_word' id='word_1_813' title='bbox 2375 4263 2498 4303; x_wconf 89' lang='lat' dir='ltr'><strong>cum</strong></span> <span class='ocrx_word' id='word_1_814' title='bbox 2532 4249 2620 4304; x_wconf 76' lang='lat' dir='ltr'><strong>vel</strong></span> <span class='ocrx_word' id='word_1_815' title='bbox 2647 4251 2796 4319; x_wconf 84' lang='lat' dir='ltr'><strong>ipsos</strong></span> <span class='ocrx_word' id='word_1_816' title='bbox 2818 4249 3008 4304; x_wconf 88' lang='lat' dir='ltr'><strong>oculos</strong></span> <span class='ocrx_word' id='word_1_817' title='bbox 3035 4258 3220 4305; x_wconf 89' lang='lat' dir='ltr'><strong>essent</strong></span> <span class='ocrx_word' id='word_1_818' title='bbox 3245 4252 3417 4321; x_wconf 88' lang='lat' dir='ltr'><strong>parati</strong></span> <span class='ocrx_word' id='word_1_819' title='bbox 3443 4250 3651 4308; x_wconf 76' lang='lat' dir='ltr'><strong>effode-</strong></span> 
     </span>
    </p>
   </div>
   <div class='ocr_carea' id='block_1_104' title="bbox 2024 4340 3656 4416">
    <p class='ocr_par' dir='ltr' id='par_1_104' title="bbox 2024 4340 3656 4416">
     <span class='ocr_line' id='line_1_104' title="bbox 2024 4340 3656 4416; baseline 0.002 -19"><span class='ocrx_word' id='word_1_820' title='bbox 2024 4358 2089 4397; x_wconf 87' lang='lat' dir='ltr'><strong>re</strong></span> <span class='ocrx_word' id='word_1_821' title='bbox 2122 4340 2272 4413; x_wconf 80' lang='lat' dir='ltr'><strong>(Gal.</strong></span> <span class='ocrx_word' id='word_1_822' title='bbox 2298 4343 2356 4398; x_wconf 93' lang='grc'><strong>4.</strong></span> <span class='ocrx_word' id='word_1_823' title='bbox 2389 4340 2524 4412; x_wconf 74' lang='grc' dir='ltr'><strong>15)ἳ</strong></span> <span class='ocrx_word' id='word_1_824' title='bbox 2565 4343 2686 4414; x_wconf 90' lang='lat' dir='ltr'><strong>quis</strong></span> <span class='ocrx_word' id='word_1_825' title='bbox 2734 4343 2869 4398; x_wconf 89' lang='lat' dir='ltr'><strong>tales</strong></span> <span class='ocrx_word' id='word_1_826' title='bbox 2912 4358 3169 4416; x_wconf 88' lang='lat' dir='ltr'><strong>umquam</strong></span> <span class='ocrx_word' id='word_1_827' title='bbox 3197 4358 3387 4400; x_wconf 86' lang='lat' dir='ltr'><strong>servos</strong></span> <span class='ocrx_word' id='word_1_828' title='bbox 3417 4344 3607 4401; x_wconf 88' lang='lat' dir='ltr'><strong>habuit</strong></span> <span class='ocrx_word' id='word_1_829' title='bbox 3629 4346 3656 4401; x_wconf 71' lang='grc' dir='ltr'><strong><em>τ</em></strong></span> 
     </span>
    </p>
   </div>
   <div class='ocr_carea' id='block_1_105' title="bbox 2029 4433 3658 4507">
    <p class='ocr_par' dir='ltr' id='par_1_105' title="bbox 2029 4433 3658 4507">
     <span class='ocr_line' id='line_1_105' title="bbox 2029 4433 3658 4507; baseline 0.004 -18"><span class='ocrx_word' id='word_1_830' title='bbox 2029 4435 2162 4504; x_wconf 69' lang='lat' dir='ltr'><strong>Quae</strong></span> <span class='ocrx_word' id='word_1_831' title='bbox 2192 4435 2375 4490; x_wconf 90' lang='lat' dir='ltr'><strong>omnia</strong></span> <span class='ocrx_word' id='word_1_832' title='bbox 2407 4433 2670 4506; x_wconf 90' lang='lat' dir='ltr'><strong>propheta</strong></span> <span class='ocrx_word' id='word_1_833' title='bbox 2698 4445 2880 4492; x_wconf 88' lang='lat' dir='ltr'><strong>mente</strong></span> <span class='ocrx_word' id='word_1_834' title='bbox 2905 4437 3135 4507; x_wconf 85' lang='lat' dir='ltr'><strong>agitans,</strong></span> <span class='ocrx_word' id='word_1_835' title='bbox 3160 4437 3433 4506; x_wconf 88' lang='lat' dir='ltr'><strong>quomodo</strong></span> <span class='ocrx_word' id='word_1_836' title='bbox 3466 4437 3658 4496; x_wconf 87' lang='lat' dir='ltr'><strong>ﬁdeles</strong></span> 
     </span>
    </p>
   </div>
   <div class='ocr_carea' id='block_1_106' title="bbox 2029 4526 3657 4598">
    <p class='ocr_par' dir='ltr' id='par_1_106' title="bbox 2029 4526 3657 4598">
     <span class='ocr_line' id='line_1_106' title="bbox 2029 4526 3657 4598; baseline 0.002 -16"><span class='ocrx_word' id='word_1_837' title='bbox 2029 4527 2249 4598; x_wconf 89' lang='lat' dir='ltr'><strong>quidem</strong></span> <span class='ocrx_word' id='word_1_838' title='bbox 2282 4526 2653 4595; x_wconf 85' lang='lat' dir='ltr'><strong>subjeccrunt,</strong></span> <span class='ocrx_word' id='word_1_839' title='bbox 2679 4526 2954 4597; x_wconf 89' lang='lat' dir='ltr'><strong>quomodo</strong></span> <span class='ocrx_word' id='word_1_840' title='bbox 2986 4527 3261 4584; x_wconf 89' lang='lat' dir='ltr'><strong>terribiles</strong></span> <span class='ocrx_word' id='word_1_841' title='bbox 3284 4537 3444 4584; x_wconf 90' lang='lat' dir='ltr'><strong>erant</strong></span> <span class='ocrx_word' id='word_1_842' title='bbox 3472 4528 3657 4585; x_wconf 88' lang='lat' dir='ltr'><strong>inﬁde-</strong></span> 
     </span>
    </p>
   </div>
   <div class='ocr_carea' id='block_1_107' title="bbox 2031 4619 3658 4690">
    <p class='ocr_par' dir='ltr' id='par_1_107' title="bbox 2031 4619 3658 4690">
     <span class='ocr_line' id='line_1_107' title="bbox 2031 4619 3658 4690; baseline 0.002 -16"><span class='ocrx_word' id='word_1_843' title='bbox 2031 4619 2193 4684; x_wconf 90' lang='lat' dir='ltr'><strong>libus,</strong></span> <span class='ocrx_word' id='word_1_844' title='bbox 2222 4633 2318 4673; x_wconf 88' lang='lat' dir='ltr'><strong>cos</strong></span> <span class='ocrx_word' id='word_1_845' title='bbox 2349 4634 2448 4688; x_wconf 88' lang='lat' dir='ltr'><strong>per</strong></span> <span class='ocrx_word' id='word_1_846' title='bbox 2479 4619 2585 4673; x_wconf 82' lang='lat' dir='ltr'><strong>vim</strong></span> <span class='ocrx_word' id='word_1_847' title='bbox 2617 4619 2953 4687; x_wconf 79' lang='lat' dir='ltr'><strong>expellentes</strong></span> <span class='ocrx_word' id='word_1_848' title='bbox 2977 4661 2993 4686; x_wconf 93' lang='lat'><strong>,</strong></span> <span class='ocrx_word' id='word_1_849' title='bbox 3027 4631 3081 4674; x_wconf 91' lang='lat' dir='ltr'><strong>et</strong></span> <span class='ocrx_word' id='word_1_850' title='bbox 3105 4619 3377 4690; x_wconf 84' lang='lat' dir='ltr'><strong>quomodo</strong></span> <span class='ocrx_word' id='word_1_851' title='bbox 3408 4620 3658 4678; x_wconf 86' lang='lat' dir='ltr'><strong>Christus</strong></span> 
     </span>
    </p>
   </div>
   <div class='ocr_carea' id='block_1_108' title="bbox 2031 4711 3655 4784">
    <p class='ocr_par' dir='ltr' id='par_1_108' title="bbox 2031 4711 3655 4784">
     <span class='ocr_line' id='line_1_108' title="bbox 2031 4711 3655 4784; baseline -0.001 -16"><span class='ocrx_word' id='word_1_852' title='bbox 2031 4729 2132 4784; x_wconf 87' lang='lat' dir='ltr'><strong>per</strong></span> <span class='ocrx_word' id='word_1_853' title='bbox 2159 4713 2305 4783; x_wconf 89' lang='lat' dir='ltr'><strong>ipsos</strong></span> <span class='ocrx_word' id='word_1_854' title='bbox 2324 4712 2603 4767; x_wconf 82' lang='lat' dir='ltr'><strong>obtinebat</strong></span> <span class='ocrx_word' id='word_1_855' title='bbox 2635 4711 2946 4783; x_wconf 72' lang='lat' dir='ltr'><strong>imperium,</strong></span> <span class='ocrx_word' id='word_1_856' title='bbox 2977 4728 3084 4766; x_wconf 91' lang='lat' dir='ltr'><strong>non</strong></span> <span class='ocrx_word' id='word_1_857' title='bbox 3115 4713 3251 4767; x_wconf 80' lang='lat' dir='ltr'><strong>dixit</strong></span> <span class='ocrx_word' id='word_1_858' title='bbox 3287 4714 3655 4782; x_wconf 88' lang='lat' dir='ltr'><strong>solummodo,</strong></span> 
     </span>
    </p>
   </div>
   <div class='ocr_carea' id='block_1_109' title="bbox 2033 4803 3658 4870">
    <p class='ocr_par' dir='ltr' id='par_1_109' title="bbox 2033 4803 3658 4870">
     <span class='ocr_line' id='line_1_109' title="bbox 2033 4803 3658 4870; baseline 0.002 -11"><span class='ocrx_word' id='word_1_859' title='bbox 2033 4804 2318 4859; x_wconf 85' lang='lat' dir='ltr'><strong>Dominare</strong></span> <span class='ocrx_word' id='word_1_860' title='bbox 2345 4804 2398 4858; x_wconf 87' lang='lat' dir='ltr'><strong>in</strong></span> <span class='ocrx_word' id='word_1_861' title='bbox 2429 4803 2599 4857; x_wconf 88' lang='lat' dir='ltr'><strong>medio</strong></span> <span class='ocrx_word' id='word_1_862' title='bbox 2633 4804 2960 4857; x_wconf 85' lang='lat' dir='ltr'><strong>inimicorum</strong></span> <span class='ocrx_word' id='word_1_863' title='bbox 3001 4814 3226 4870; x_wconf 87' lang='lat' dir='ltr'><strong>tuorum,</strong></span> <span class='ocrx_word' id='word_1_864' title='bbox 3257 4805 3351 4859; x_wconf 90' lang='lat' dir='ltr'><strong>sed</strong></span> <span class='ocrx_word' id='word_1_865' title='bbox 3401 4804 3658 4862; x_wconf 86' lang='lat' dir='ltr'><strong>Domina-</strong></span> 
     </span>
    </p>
   </div>
   <div class='ocr_carea' id='block_1_110' title="bbox 2035 4894 3661 4967">
    <p class='ocr_par' dir='ltr' id='par_1_110' title="bbox 2035 4894 3661 4967">
     <span class='ocr_line' id='line_1_110' title="bbox 2035 4894 3661 4967; baseline 0.003 -16"><span class='ocrx_word' id='word_1_866' title='bbox 2035 4907 2142 4951; x_wconf 84' lang='lat' dir='ltr'><strong>tum</strong></span> <span class='ocrx_word' id='word_1_867' title='bbox 2171 4896 2360 4960; x_wconf 81' lang='lat' dir='ltr'><strong>obtine,</strong></span> <span class='ocrx_word' id='word_1_868' title='bbox 2391 4894 2690 4950; x_wconf 87' lang='lat' dir='ltr'><strong>vehemens</strong></span> <span class='ocrx_word' id='word_1_869' title='bbox 2719 4895 3020 4950; x_wconf 89' lang='lat' dir='ltr'><strong>domin&#39;ium</strong></span> <span class='ocrx_word' id='word_1_870' title='bbox 3053 4897 3385 4967; x_wconf 86' lang='lat' dir='ltr'><strong>signiﬁcans.</strong></span> <span class='ocrx_word' id='word_1_871' title='bbox 3432 4899 3501 4954; x_wconf 86' lang='lat' dir='ltr'><strong>Et</strong></span> <span class='ocrx_word' id='word_1_872' title='bbox 3542 4900 3661 4956; x_wconf 77' lang='lat' dir='ltr'><strong>lucc</strong></span> 
     </span>
    </p>
   </div>
   <div class='ocr_carea' id='block_1_111' title="bbox 2033 4989 3661 5061">
    <p class='ocr_par' dir='ltr' id='par_1_111' title="bbox 2033 4989 3661 5061">
     <span class='ocr_line' id='line_1_111' title="bbox 2033 4989 3661 5061; baseline 0.001 -15"><span class='ocrx_word' id='word_1_873' title='bbox 2033 5006 2157 5046; x_wconf 91' lang='lat' dir='ltr'><strong>cum</strong></span> <span class='ocrx_word' id='word_1_874' title='bbox 2189 4989 2437 5045; x_wconf 84' lang='lat' dir='ltr'><strong>viderent</strong></span> <span class='ocrx_word' id='word_1_875' title='bbox 2465 4989 2673 5056; x_wconf 85' lang='lat' dir='ltr'><strong>hostes,</strong></span> <span class='ocrx_word' id='word_1_876' title='bbox 2703 4989 2834 5044; x_wconf 90' lang='lat' dir='ltr'><strong>nihil</strong></span> <span class='ocrx_word' id='word_1_877' title='bbox 2868 4989 3045 5044; x_wconf 89' lang='lat' dir='ltr'><strong>facere</strong></span> <span class='ocrx_word' id='word_1_878' title='bbox 3076 5001 3345 5060; x_wconf 87' lang='lat' dir='ltr'><strong>peterant,</strong></span> <span class='ocrx_word' id='word_1_879' title='bbox 3378 4993 3478 5045; x_wconf 83' lang='lat' dir='ltr'><strong>etsi</strong></span> <span class='ocrx_word' id='word_1_880' title='bbox 3512 4993 3661 5061; x_wconf 63' lang='lat' dir='ltr'><strong>leges</strong></span> 
     </span>
    </p>
   </div>
   <div class='ocr_carea' id='block_1_112' title="bbox 2036 5082 3659 5153">
    <p class='ocr_par' dir='ltr' id='par_1_112' title="bbox 2036 5082 3659 5153">
     <span class='ocr_line' id='line_1_112' title="bbox 2036 5082 3659 5153; baseline 0.001 -15"><span class='ocrx_word' id='word_1_881' title='bbox 2036 5097 2222 5138; x_wconf 88' lang='lat' dir='ltr'><strong>secum</strong></span> <span class='ocrx_word' id='word_1_882' title='bbox 2263 5082 2528 5136; x_wconf 87' lang='lat' dir='ltr'><strong>haberent</strong></span> <span class='ocrx_word' id='word_1_883' title='bbox 2547 5123 2561 5144; x_wconf 95' lang='lat'><strong>,</strong></span> <span class='ocrx_word' id='word_1_884' title='bbox 2594 5082 2815 5136; x_wconf 88' lang='lat' dir='ltr'><strong>lictores</strong></span> <span class='ocrx_word' id='word_1_885' title='bbox 2841 5093 2896 5135; x_wconf 92' lang='lat' dir='ltr'><strong>et</strong></span> <span class='ocrx_word' id='word_1_886' title='bbox 2925 5099 3141 5137; x_wconf 77' lang='lat' dir='ltr'><strong>nautea</strong></span> <span class='ocrx_word' id='word_1_887' title='bbox 3169 5094 3490 5153; x_wconf 80' lang='lat' dir='ltr'><strong>potestatem</strong></span> <span class='ocrx_word' id='word_1_888' title='bbox 3519 5103 3532 5144; x_wconf 87' lang='lat'><strong>;</strong></span> <span class='ocrx_word' id='word_1_889' title='bbox 3562 5085 3659 5140; x_wconf 87' lang='lat' dir='ltr'><strong>sed</strong></span> 
     </span>
    </p>
   </div>
   <div class='ocr_carea' id='block_1_113' title="bbox 2037 5174 3666 5245">
    <p class='ocr_par' dir='ltr' id='par_1_113' title="bbox 2037 5174 3666 5245">
     <span class='ocr_line' id='line_1_113' title="bbox 2037 5174 3666 5245; baseline 0.001 -15"><span class='ocrx_word' id='word_1_890' title='bbox 2037 5185 2192 5230; x_wconf 90' lang='lat' dir='ltr'><strong>erant</strong></span> <span class='ocrx_word' id='word_1_891' title='bbox 2224 5174 2276 5227; x_wconf 88' lang='lat' dir='ltr'><strong>hi</strong></span> <span class='ocrx_word' id='word_1_892' title='bbox 2311 5174 2645 5243; x_wconf 85' lang='lat' dir='ltr'><strong>potentiores</strong></span> <span class='ocrx_word' id='word_1_893' title='bbox 2673 5184 2893 5243; x_wconf 82' lang='lat' dir='ltr'><strong>propter</strong></span> <span class='ocrx_word' id='word_1_894' title='bbox 2921 5189 3046 5228; x_wconf 87' lang='lat' dir='ltr'><strong>eum</strong></span> <span class='ocrx_word' id='word_1_895' title='bbox 3074 5177 3162 5242; x_wconf 86' lang='lat' dir='ltr'><strong>qui</strong></span> <span class='ocrx_word' id='word_1_896' title='bbox 3194 5176 3244 5227; x_wconf 92' lang='lat' dir='ltr'><strong>in</strong></span> <span class='ocrx_word' id='word_1_897' title='bbox 3282 5175 3413 5245; x_wconf 89' lang='lat' dir='ltr'><strong>ipsis</strong></span> <span class='ocrx_word' id='word_1_898' title='bbox 3503 5175 3666 5232; x_wconf 86' lang='lat' dir='ltr'><strong>habi-</strong></span> 
     </span>
    </p>
   </div>
   <div class='ocr_carea' id='block_1_114' title="bbox 2041 5264 3660 5336">
    <p class='ocr_par' dir='ltr' id='par_1_114' title="bbox 2041 5264 3660 5336">
     <span class='ocr_line' id='line_1_114' title="bbox 2041 5264 3660 5336; baseline 0 -14"><span class='ocrx_word' id='word_1_899' title='bbox 2041 5267 2205 5322; x_wconf 86' lang='lat' dir='ltr'><strong>tabat.</strong></span> <span class='ocrx_word' id='word_1_900' title='bbox 2238 5267 2337 5320; x_wconf 92' lang='lat' dir='ltr'><strong>llic</strong></span> <span class='ocrx_word' id='word_1_901' title='bbox 2364 5281 2461 5336; x_wconf 89' lang='lat' dir='ltr'><strong>per</strong></span> <span class='ocrx_word' id='word_1_902' title='bbox 2491 5266 2638 5334; x_wconf 90' lang='lat' dir='ltr'><strong>ipsos</strong></span> <span class='ocrx_word' id='word_1_903' title='bbox 2666 5264 3002 5319; x_wconf 87' lang='lat' dir='ltr'><strong>dominatum</strong></span> <span class='ocrx_word' id='word_1_904' title='bbox 3048 5265 3279 5319; x_wconf 88' lang='lat' dir='ltr'><strong>obtinuit</strong></span> <span class='ocrx_word' id='word_1_905' title='bbox 3305 5283 3318 5331; x_wconf 91' lang='lat'>;</span> <span class='ocrx_word' id='word_1_906' title='bbox 3352 5281 3453 5321; x_wconf 89' lang='lat' dir='ltr'><strong>nec</strong></span> <span class='ocrx_word' id='word_1_907' title='bbox 3481 5268 3660 5322; x_wconf 83' lang='lat' dir='ltr'><strong>Solum</strong></span> 
     </span>
    </p>
   </div>
   <div class='ocr_carea' id='block_1_115' title="bbox 2039 5356 3663 5421">
    <p class='ocr_par' dir='ltr' id='par_1_115' title="bbox 2039 5356 3663 5421">
     <span class='ocr_line' id='line_1_115' title="bbox 2039 5356 3663 5421; baseline 0 -6"><span class='ocrx_word' id='word_1_908' title='bbox 2039 5360 2347 5415; x_wconf 88' lang='lat' dir='ltr'><strong>dominatus</strong></span> <span class='ocrx_word' id='word_1_909' title='bbox 2373 5367 2489 5421; x_wconf 87' lang='lat' dir='ltr'><strong>est,</strong></span> <span class='ocrx_word' id='word_1_910' title='bbox 2523 5357 2619 5411; x_wconf 91' lang='lat' dir='ltr'><strong>sed</strong></span> <span class='ocrx_word' id='word_1_911' title='bbox 2649 5359 2812 5412; x_wconf 88' lang='lat' dir='ltr'><strong>etiam</strong></span> <span class='ocrx_word' id='word_1_912' title='bbox 2845 5356 3056 5411; x_wconf 89' lang='lat' dir='ltr'><strong>fortiter</strong></span> <span class='ocrx_word' id='word_1_913' title='bbox 3081 5374 3096 5410; x_wconf 91' lang='lat'><strong>:</strong></span> <span class='ocrx_word' id='word_1_914' title='bbox 3127 5373 3252 5412; x_wconf 91' lang='lat' dir='ltr'><strong>nam</strong></span> <span class='ocrx_word' id='word_1_915' title='bbox 3279 5357 3663 5415; x_wconf 84' lang='lat' dir='ltr'><strong>vehementem</strong></span> 
     </span>
    </p>
   </div>
   <div class='ocr_carea' id='block_1_116' title="bbox 2041 5448 3662 5522">
    <p class='ocr_par' dir='ltr' id='par_1_116' title="bbox 2041 5448 3662 5522">
     <span class='ocr_line' id='line_1_116' title="bbox 2041 5448 3662 5522; baseline 0.001 -16"><span class='ocrx_word' id='word_1_916' title='bbox 2041 5454 2093 5506; x_wconf 93' lang='lat' dir='ltr'><strong>in</strong></span> <span class='ocrx_word' id='word_1_917' title='bbox 2123 5468 2219 5506; x_wconf 91' lang='lat' dir='ltr'><strong>eos</strong></span> <span class='ocrx_word' id='word_1_918' title='bbox 2249 5450 2586 5505; x_wconf 88' lang='lat' dir='ltr'><strong>dominatum</strong></span> <span class='ocrx_word' id='word_1_919' title='bbox 2618 5449 2872 5504; x_wconf 85' lang='lat' dir='ltr'><strong>obtinuit.</strong></span> <span class='ocrx_word' id='word_1_920' title='bbox 2900 5448 3127 5520; x_wconf 82' lang='lat' dir='ltr'><strong>Propter</strong></span> <span class='ocrx_word' id='word_1_921' title='bbox 3157 5465 3281 5504; x_wconf 90' lang='lat' dir='ltr'><strong>eum</strong></span> <span class='ocrx_word' id='word_1_922' title='bbox 3312 5452 3458 5506; x_wconf 88' lang='lat' dir='ltr'><strong>enim</strong></span> <span class='ocrx_word' id='word_1_923' title='bbox 3489 5452 3580 5522; x_wconf 90' lang='lat' dir='ltr'><strong>qui</strong></span> <span class='ocrx_word' id='word_1_924' title='bbox 3607 5453 3662 5507; x_wconf 88' lang='lat' dir='ltr'><strong>in</strong></span> 
     </span>
    </p>
   </div>
   <div class='ocr_carea' id='block_1_117' title="bbox 2038 5542 3663 5614">
    <p class='ocr_par' dir='ltr' id='par_1_117' title="bbox 2038 5542 3663 5614">
     <span class='ocr_line' id='line_1_117' title="bbox 2038 5542 3663 5614; baseline 0 -12"><span class='ocrx_word' id='word_1_925' title='bbox 2038 5547 2118 5602; x_wconf 88' lang='lat' dir='ltr'><strong>eis</strong></span> <span class='ocrx_word' id='word_1_926' title='bbox 2144 5545 2440 5608; x_wconf 86' lang='lat' dir='ltr'><strong>habitabat,</strong></span> <span class='ocrx_word' id='word_1_927' title='bbox 2475 5552 2530 5597; x_wconf 89' lang='lat' dir='ltr'><strong>et</strong></span> <span class='ocrx_word' id='word_1_928' title='bbox 2551 5544 2729 5614; x_wconf 85' lang='lat' dir='ltr'><strong>ignem</strong></span> <span class='ocrx_word' id='word_1_929' title='bbox 2770 5553 2825 5597; x_wconf 92' lang='lat' dir='ltr'><strong>ct</strong></span> <span class='ocrx_word' id='word_1_930' title='bbox 2853 5542 3055 5598; x_wconf 85' lang='lat' dir='ltr'><strong>ferrum</strong></span> <span class='ocrx_word' id='word_1_931' title='bbox 3089 5553 3145 5599; x_wconf 79' lang='lat' dir='ltr'><strong>et</strong></span> <span class='ocrx_word' id='word_1_932' title='bbox 3173 5545 3371 5599; x_wconf 89' lang='lat' dir='ltr'><strong>bestias</strong></span> <span class='ocrx_word' id='word_1_933' title='bbox 3399 5556 3454 5600; x_wconf 92' lang='lat' dir='ltr'><strong>et</strong></span> <span class='ocrx_word' id='word_1_934' title='bbox 3478 5548 3663 5602; x_wconf 81' lang='lat' dir='ltr'><strong>Omnia</strong></span> 
     </span>
    </p>
   </div>
   <div class='ocr_carea' id='block_1_118' title="bbox 2039 5634 3666 5694">
    <p class='ocr_par' dir='ltr' id='par_1_118' title="bbox 2039 5634 3666 5694">
     <span class='ocr_line' id='line_1_118' title="bbox 2039 5634 3666 5694; baseline 0.002 -4"><span class='ocrx_word' id='word_1_935' title='bbox 2039 5637 2144 5691; x_wconf 88' lang='lat' dir='ltr'><strong>alia</strong></span> <span class='ocrx_word' id='word_1_936' title='bbox 2171 5634 2511 5690; x_wconf 86' lang='lat' dir='ltr'><strong>conﬁdenter</strong></span> <span class='ocrx_word' id='word_1_937' title='bbox 2536 5634 2876 5688; x_wconf 81' lang='lat' dir='ltr'><strong>adibant.Ad</strong></span> <span class='ocrx_word' id='word_1_938' title='bbox 2903 5636 3084 5689; x_wconf 88' lang='lat' dir='ltr'><strong>omnia</strong></span> <span class='ocrx_word' id='word_1_939' title='bbox 3113 5636 3256 5690; x_wconf 88' lang='lat' dir='ltr'><strong>enim</strong></span> <span class='ocrx_word' id='word_1_940' title='bbox 3289 5652 3412 5691; x_wconf 90' lang='lat' dir='ltr'><strong>cum</strong></span> <span class='ocrx_word' id='word_1_941' title='bbox 3438 5639 3520 5694; x_wconf 88' lang='lat' dir='ltr'><strong>eis</strong></span> <span class='ocrx_word' id='word_1_942' title='bbox 3547 5649 3666 5694; x_wconf 89' lang='lat' dir='ltr'><strong>erat</strong></span> 
     </span>
    </p>
   </div>
   <div class='ocr_carea' id='block_1_119' title="bbox 2040 5729 3664 5801">
    <p class='ocr_par' dir='ltr' id='par_1_119' title="bbox 2040 5729 3664 5801">
     <span class='ocr_line' id='line_1_119' title="bbox 2040 5729 3664 5801; baseline 0 -15"><span class='ocrx_word' id='word_1_943' title='bbox 2040 5731 2308 5793; x_wconf 80' lang='lat' dir='ltr'><strong>Christus,</strong></span> <span class='ocrx_word' id='word_1_944' title='bbox 2340 5730 2432 5800; x_wconf 90' lang='lat' dir='ltr'><strong>qui</strong></span> <span class='ocrx_word' id='word_1_945' title='bbox 2483 5730 2644 5784; x_wconf 83' lang='lat' dir='ltr'><strong>etiam</strong></span> <span class='ocrx_word' id='word_1_946' title='bbox 2689 5739 2962 5798; x_wconf 84' lang='lat' dir='ltr'><strong>tamquam</strong></span> <span class='ocrx_word' id='word_1_947' title='bbox 3006 5729 3058 5783; x_wconf 95' lang='lat' dir='ltr'><strong>in</strong></span> <span class='ocrx_word' id='word_1_948' title='bbox 3102 5731 3295 5784; x_wconf 87' lang='lat' dir='ltr'><strong>alienis</strong></span> <span class='ocrx_word' id='word_1_949' title='bbox 3340 5732 3664 5801; x_wconf 84' lang='lat' dir='ltr'><strong>corporibus</strong></span> 
     </span>
    </p>
   </div>
   <div class='ocr_carea' id='block_1_120' title="bbox 2043 5822 3662 5890">
    <p class='ocr_par' dir='ltr' id='par_1_120' title="bbox 2043 5822 3662 5890">
     <span class='ocr_line' id='line_1_120' title="bbox 2043 5822 3662 5890; baseline 0.001 -11"><span class='ocrx_word' id='word_1_950' title='bbox 2043 5827 2385 5880; x_wconf 85' lang='lat' dir='ltr'><strong>decertantes</strong></span> <span class='ocrx_word' id='word_1_951' title='bbox 2411 5865 2426 5890; x_wconf 89' lang='lat'><strong>,</strong></span> <span class='ocrx_word' id='word_1_952' title='bbox 2455 5833 2510 5878; x_wconf 88' lang='lat' dir='ltr'><strong>et</strong></span> <span class='ocrx_word' id='word_1_953' title='bbox 2542 5822 2695 5877; x_wconf 83' lang='lat' dir='ltr'><strong>liberi</strong></span> <span class='ocrx_word' id='word_1_954' title='bbox 2727 5825 2795 5876; x_wconf 90' lang='lat' dir='ltr'><strong>ab</strong></span> <span class='ocrx_word' id='word_1_955' title='bbox 2824 5823 2970 5876; x_wconf 87' lang='lat' dir='ltr'><strong>omni</strong></span> <span class='ocrx_word' id='word_1_956' title='bbox 3001 5825 3246 5878; x_wconf 89' lang='lat' dir='ltr'><strong>molestia</strong></span> <span class='ocrx_word' id='word_1_957' title='bbox 3276 5842 3456 5880; x_wconf 88' lang='lat' dir='ltr'><strong>rcrtnn</strong></span> <span class='ocrx_word' id='word_1_958' title='bbox 3484 5825 3553 5880; x_wconf 82' lang='lat' dir='ltr'><strong>ad</strong></span> <span class='ocrx_word' id='word_1_959' title='bbox 3580 5827 3662 5880; x_wconf 54' lang='lat' dir='ltr'><strong>vi-</strong></span> 
     </span>
    </p>
   </div>
   <div class='ocr_carea' id='block_1_121' title="bbox 2046 5913 3666 5991">
    <p class='ocr_par' dir='ltr' id='par_1_121' title="bbox 2046 5913 3666 5991">
     <span class='ocr_line' id='line_1_121' title="bbox 2046 5913 3666 5991; baseline -0.004 -18"><span class='ocrx_word' id='word_1_960' title='bbox 2046 5927 2152 5973; x_wconf 89' lang='lat' dir='ltr'><strong>tam</strong></span> <span class='ocrx_word' id='word_1_961' title='bbox 2195 5919 2602 5991; x_wconf 84' lang='lat' dir='ltr'><strong>pertinentium,</strong></span> <span class='ocrx_word' id='word_1_962' title='bbox 2637 5915 2707 5970; x_wconf 83' lang='lat' dir='ltr'><strong>ita</strong></span> <span class='ocrx_word' id='word_1_963' title='bbox 2739 5913 3062 5986; x_wconf 80' lang='lat' dir='ltr'><strong>gaudebant,</strong></span> <span class='ocrx_word' id='word_1_964' title='bbox 3092 5927 3145 5972; x_wconf 84' lang='lat' dir='ltr'><strong>et</strong></span> <span class='ocrx_word' id='word_1_965' title='bbox 3175 5915 3244 5981; x_wconf 80' lang='lat' dir='ltr'><strong>ita</strong></span> <span class='ocrx_word' id='word_1_966' title='bbox 3259 5915 3611 5980; x_wconf 73' lang='lat' dir='ltr'><strong>cxsilicbant,</strong></span> <span class='ocrx_word' id='word_1_967' title='bbox 3633 5929 3666 5967; x_wconf 72' lang='lat' dir='ltr'><strong>at</strong></span> 
     </span>
    </p>
   </div>
  </div>
