4058 6446
469 534 670 598 Christi
697 536 934 592 dominio
961 536 1228 605 occupati,-
1257 550 1362 592 non
1393 537 1658 605 pecunia,
1691 547 1798 588 non
1825 531 2062 602 corpori,

471 637 581 687 utin
621 631 744 685 'vita:
784 629 1032 699 praesenti
1071 639 1372 697 parcentes.
1405 626 1472 681 Et
1503 628 1620 680 hac
1642 623 1860 707 quidem
1902 622 2065 676 facie-

473 721 624 788 bant,
652 722 740 792 qui
793 719 1081 786 aliquando
1133 721 1344 775 inerant
1399 717 1584 772 hostes
1621 724 1680 771 et
1721 714 2014 769 adversarii
2048 730 2060 766 :

468 813 570 872 sed
611 813 804 868 iuVicta
847 809 940 867 Dei
983 813 1221 882 potentia
1255 822 1362 866 nan
1391 810 1567 865 solum
1591 823 1687 864 eos
1713 807 1958 862 liberavit
1994 805 2065 859 ab

469 905 795 971 inimicitiis,
822 901 918 959 sed
959 905 1121 959 etiam
1169 904 1226 958 in
1269 908 1471 957 unum
1510 900 1731 958 deduxit
1753 898 2062 955 servitutem

463 1003 520 1051 et
573 996 1040 1051 necessitudinem.
1084 994 1443 1062 Quamobrem
1498 994 1600 1050 etsi
1643 992 1855 1048 dicatur
1906 990 2065 1046 Pater

467 1100 672 1156 ponere
725 1087 968 1142 inimicos
1016 1087 1118 1141 sub
1165 1083 1390 1168 pedibus
1417 1085 1556 1154 ejus,
1593 1097 1702 1138 non
1742 1083 1812 1137 ita
1836 1075 2061 1146 dicitur,

464 1178 607 1234 sicut
645 1178 778 1241 disi.
806 1188 1075 1248 tamquam
1119 1177 1258 1233 Filio
1299 1169 1433 1232 nihil
1470 1185 1698 1246 agente:
1749 1175 2060 1228 universum

463 1269 611 1325 enim
656 1269 727 1326 ab
772 1269 1059 1340 Unigenito
1100 1268 1297 1324 factum
1341 1278 1461 1323 est:
1503 1265 1596 1322 sed
1641 1273 1719 1331 ut,
1749 1265 1890 1320 sicut
1916 1263 2063 1334 prius

464 1361 597 1427 dixi,
627 1360 840 1417 Patrem
881 1369 938 1416 et
979 1359 1173 1416 Filium
1213 1375 1376 1415 unum
1422 1372 1546 1413 esse
1572 1357 1741 1412 Deum
1770 1355 2056 1424 intelligas,

464 1460 675 1508 servata
725 1452 1012 1523 unicuique
1056 1466 1152 1507 sua
1193 1453 1537 1523 proprietate,
1578 1460 1635 1506 et
1678 1464 1746 1505 ne
1774 1462 1894 1504 esse
1923 1448 2059 1502 duos

462 1543 738 1599 existimes
772 1545 1058 1614 ingenitus.
1106 1541 1262 1610 Quod
1305 1542 1449 1598 enim
1501 1551 1671 1596 totum
1707 1555 1844 1611 opus
1890 1539 1960 1593 ab
1993 1553 2061 1594 eo

465 1635 665 1690 iactum
694 1636 784 1700 sit.
814 1635 1096 1692 considera
1123 1651 1192 1691 es
1220 1628 1286 1691 iis
1311 1650 1432 1704 qua:
1454 1634 1565 1704 jam
1594 1633 1730 1688 facta
1767 1641 1932 1696 sunt;
1959 1645 2060 1686 nec

463 1733 583 1790 qua
631 1719 773 1775 dicta
818 1729 979 1786 sunt,
1027 1719 1263 1775 humano
1309 1728 1514 1773 tantum
1574 1731 1723 1771 more
1777 1715 2056 1784 intelligo;

461 1823 655 1880 magna
679 1811 824 1865 enim
849 1819 1162 1881 sequeretur
1189 1809 1514 1866 absurditas.
1539 1808 1607 1865 Ut
1629 1819 1808 1863 autem
1843 1816 1898 1862 tu
1923 1823 2060 1878 quo-

459 1917 569 1974 que
599 1901 879 1972 intelligas,
920 1901 1044 1957 audi
1069 1917 1135 1958 ea
1161 1917 1282 1971 quze
1310 1917 1430 1956 sum
1467 1901 1729 1956 dicturus.
1764 1899 1840 1953 Ex
1877 1899 2056 1953 homi-

461 1993 621 2049 nibus
649 1993 739 2048 alii
768 1992 984 2062 quidem
1005 1991 1131 2048 lacti
1163 2001 1288 2047 sunt
1314 1991 1474 2046 amici
1496 2029 1513 2057 ,
1541 1991 1631 2060 qui
1677 1992 1825 2060 prius
1854 1990 2057 2044 inimici

460 2082 703 2140 fuerant:
749 2083 842 2138 alii
883 2098 1008 2139 vero
1034 2083 1212 2140 adhuc
1262 2093 1480 2138 manent
1525 2081 1744 2136 inimici.
1790 2080 2054 2136 Caeterum

459 2174 603 2245 quod
630 2175 876 2229 inimicos
897 2173 1118 2245 quidem
1145 2175 1260 2243 ipse
1288 2173 1490 2228 amicos
1529 2172 1716 2227 iecerit
1733 2213 1750 2237 ,
1781 2180 1837 2227 et
1863 2169 2056 2225 Paulus

459 2265 745 2335 signiﬁcat,
785 2265 971 2320 dicens
1001 2283 1016 2320 :
1049 2264 1271 2332 Quando
1301 2263 1567 2318 tradiderit
1597 2274 1811 2333 regnum
1857 2258 1968 2314 Deo
2009 2268 2057 2316 et

459 2356 609 2412 Patri
637 2358 728 2428 (t.
753 2356 872 2413 Cor.
909 2358 994 2413 l5.
1017 2357 1089 2412 2t
1116 2354 1174 2429 );
1203 2357 1465 2426 signiﬁcat
1485 2357 1648 2411 etiam
1680 2356 1955 2420 Servator,
1986 2354 2054 2409 ad

460 2449 670 2504 Patrem
718 2449 977 2504 dicens‘:
1011 2447 1125 2519 Ego
1167 2458 1215 2502 te
1263 2448 1544 2518 gloriﬁcaoi
1580 2448 1634 2500 in
1677 2446 1890 2514 mundo,
1926 2461 2057 2514 opus

454 2541 646 2610 perfeci
664 2583 678 2603 ,
699 2541 835 2610 quod
886 2539 1073 2597 dedisti
1112 2539 1237 2592 mihi
1256 2573 1272 2604 ,
1297 2549 1351 2592 ut
1389 2540 1578 2609 faciam
1604 2536 1626 2610 (
1650 2536 1808 2593 Joun.
1840 2538 1926 2592 i7.
1954 2537 1989 2592 4
2012 2537 2052 2607 ).

457 2631 733 2701 Suhjicere
787 2642 965 2686 autem
1021 2630 1267 2686 inimicos
1325 2629 1424 2684 fuit
1477 2629 1670 2684 Patris.
1711 2630 1870 2699 Atqui
1922 2628 2051 2683 illud

449 2723 673 2794 quidem
725 2733 807 2778 est
874 2722 977 2778 hoc
1022 2723 1213 2792 majus.
1253 2721 1436 2792 Neque
1478 2722 1621 2777 enim
1685 2731 1812 2776 sunt
1864 2721 2052 2791 paria,

454 2828 554 2869 eos
587 2813 677 2883 qui
717 2823 935 2868 manent
974 2813 1194 2878 inimici,
1227 2813 1436 2883 punire,
1478 2821 1535 2868 et
1562 2826 1657 2867 eos
1685 2812 1773 2882 qui
1801 2822 1926 2866 sunt
1953 2812 2053 2866 ini-

457 2902 604 2968 mici,
655 2903 858 2958 amicos
901 2902 1136 2959 efﬁcere.
1183 2902 1288 2958 Sed
1334 2918 1507 2973 neque
1533 2899 1702 2958 Filius
1733 2902 1856 2958 ideo
1878 2902 2054 2958 minor

454 3003 540 3050 est
569 2994 745 3059 Patre,
775 3009 875 3050 nec
903 3005 1187 3065 propterea
1228 2995 1390 3050 Pater
1431 3005 1516 3050 est
1563 2997 1740 3050 minor
1787 2996 1944 3050 Filio.
1983 2994 2054 3051 Ut

454 3097 636 3142 autem
677 3088 818 3143 scias
859 3087 947 3141 illa
991 3102 1206 3158 quoque
1249 3101 1368 3143 esse
1406 3087 1564 3153 Filii,
1598 3087 2048 3157 quemadmodum

456 3179 575 3235 hac
598 3177 792 3244 Patris,
822 3179 978 3233 audi:
1010 3175 1315 3232 Disceditea
1345 3195 1444 3245 me,
1483 3179 1775 3244 maledicti,
1806 3179 1859 3233 in
1883 3181 2052 3251 ignem

449 3281 721 3337 almum,
743 3272 828 3340 qui
843 3279 1051 3340 paratus
1078 3281 1152 3325 est
1179 3269 1383 3324 diabolo
1407 3281 1454 3325 et
1478 3272 1671 3342 angelis
1697 3273 1807 3344 ejus
1830 3271 2046 3340 (Mattio.

453 3362 544 3420 25.
560 3363 672 3432 41).
704 3361 773 3418 Et
799 3363 1128 3432 qui-angelos
1149 3361 1337 3429 mittit,
1365 3373 1424 3418 ut
1446 3364 1699 3433 colligant
1717 3366 1942 3434 zizania,
1963 3377 2047 3422 est

459 3456 793 3527 Uuigenitus,
816 3463 873 3508 et
914 3455 1157 3512 videmus
1180 3470 1304 3512 eum
1336 3456 1534 3526 ubique
1559 3457 1830 3514 diabolum
1863 3461 2050 3528 punire

457 3547 674 3616 (Matth:
697 3540 785 3602 18.
805 3537 920 3618 30).
945 3546 1057 3603 Hoc
1083 3548 1246 3603 etiam
1279 3548 1377 3616 ipsi
1404 3547 1678 3605 daemones
1701 3549 2046 3618 confitentur,

451 3638 694 3694 dicentes
718 3633 936 3692 :Venisti
960 3638 1060 3693 huc
1085 3647 1204 3694 ante
1235 3649 1434 3708 tempus
1452 3649 1685 3710 torquere
1707 3657 1799 3695 nos
1829 3640 2044 3712 (Matth.

452 3727 510 3784 8.
554 3727 626 3784 29
653 3726 674 3799 )
697 3728 720 3781 ἶ
747 3726 862 3797 Ipse
901 3738 986 3784 est
1023 3743 1155 3799 ergo
1198 3729 1290 3800 qui
1333 3746 1430 3786 eos
1467 3741 1550 3786 est
1598 3741 1855 3786 torturus.
1886 3730 2049 3789 Vides

450 3819 597 3888 quod
646 3819 856 3875 etiamsi
901 3836 1021 3890 quae
1062 3821 1196 3876 ﬁunt
1234 3822 1482 3877 dicantur
1504 3839 1535 3878 a
1564 3824 1721 3881 Patre
1749 3826 1896 3891 ﬁeri,
1924 3839 2048 3882 sunt

454 3920 634 3966 tamen
681 3926 844 3981 opera
883 3910 1023 3966 Filii.
1070 3911 1225 3980 Quod
1263 3922 1442 3968 autem
1487 3914 1604 3970 Filii
1645 3932 1858 3987 quoque
1883 3933 2048 3986 opera

450 4003 565 4067 sint
586 4002 778 4067 Patris,
806 4002 930 4058 audi
951 4019 1136 4059 rursus
1153 4020 1278 4060 eum
1302 4005 1604 4062 dicentem:
1627 4007 1793 4064 Nemo
1821 4013 1955 4065 venit
1979 4014 2049 4066 ad

451 4110 555 4161 me,
586 4095 684 4148 nisi
725 4092 883 4148 Pater
922 4096 1017 4164 qui
1053 4113 1132 4150 me
1159 4099 1312 4163 misit,
1357 4100 1567 4154 traxerit
1607 4117 1722 4156 eunt
1754 4103 1772 4174 (
1803 4101 1960 4158 Joan.
1989 4106 2044 4160 6.

451 4184 567 4255 Η).
598 4185 664 4240 Et
692 4200 912 4241 rursus:
941 4185 1109 4242 Nemo
1152 4198 1312 4258 potest
1359 4191 1530 4246 venire
1567 4193 1636 4245 ad
1679 4192 1910 4260 Patrem,
1949 4197 2047 4250 nisi

454 4292 545 4346 per
558 4292 638 4331 nte
659 4275 839 4348 (Joan.
858 4278 945 4334 ﬂ.
962 4277 1044 4350 6).
1067 4279 1182 4335 Non
1203 4277 1328 4336 Sunt
1346 4297 1475 4352 ergo
1500 4283 1614 4338 tunc
1636 4283 1873 4340 humano
1898 4302 2050 4356 more

451 4369 782 4438 accipienda.
827 4368 959 4425 Nam
1005 4371 1134 4426 illud
1169 4385 1402 4442 qunque,
1432 4371 1675 4429 Inimicos
1701 4386 1830 4441 tuos,
1866 4379 1935 4432 ita
1963 4389 2046 4433 est

450 4462 846 4534 accipiendum,
893 4479 1000 4519 non
1033 4471 1303 4536 tamquam
1348 4465 1468 4535 ejus
1505 4467 1672 4522 solius
1709 4469 1953 4524 inimin
1975 4471 2049 4524 si-

449 4556 687 4628 gniﬁcet.
744 4557 845 4624 Qui
894 4560 1031 4613 enim
1065 4575 1170 4613 non
1210 4560 1427 4613 Itonos-at
1461 4559 1677 4628 Filium,
1723 4561 1915 4633 inquit,
1957 4579 2048 4618 nec

453 4645 665 4703 Patrem
688 4648 902 4704 honorat
931 4648 1111 4722 (Joan.
1134 4649 1187 4706 5.
1214 4650 1329 4722 23).

524 4779 578 4836 5.
618 4779 796 4847 Quare
843 4780 1016 4838 ιιιὼὶ
1060 4797 1167 4836 non
1207 4791 1332 4836 sunt
1378 4781 1497 4850 ejus
1540 4791 1743 4839 tantum
1803 4787 2044 4855 inimici,

450 4881 639 4926 verum
668 4870 828 4925 etiam
856 4870 1048 4925 Patris.
1096 4868 1358 4939 Quocirca
1404 4872 1485 4927 eis
1516 4875 1679 4928 etiam
1725 4876 1904 4930 attulit
1953 4893 2047 4932 ex-

451 4965 628 5029 itium,
659 4972 715 5018 et
758 4963 1026 5018 civitatem
1079 4978 1267 5018 eorum
1317 4963 1498 5031 diruit,
1526 4969 1823 5038 evertitque
1873 4970 2047 5025 fundi-

454 5064 545 5114 tus
570 5100 586 5123 ,
631 5060 736 5114 etsi
786 5073 899 5112 non
956 5054 1143 5110 statim
1179 5063 1298 5124 post
1339 5070 1553 5113 crucem
1579 5094 1595 5123 ,
1627 5067 1680 5114 et
1727 5059 1943 5131 longum
1968 5062 2048 5116 eis

453 5156 666 5214 tempus
690 5145 838 5202 dedit
875 5144 940 5199 ad
970 5147 1368 5214 paenitentiam,
1397 5148 1442 5201 si
1483 5149 1644 5203 modo
1671 5151 1871 5207 vellent
1906 5154 2044 5207 resi-

451 5237 695 5307 piscere,
721 5246 777 5292 et
800 5235 977 5292 emisit
1018 5236 1308 5306 apostolos,
1342 5247 1400 5292 ut
1451 5254 1573 5294 cum
1620 5255 1715 5307 per
1757 5242 1900 5312 ipsos
1928 5243 2046 5312 ejus

451 5329 765 5385 didicissent
791 5329 1102 5401 potentiam,
1133 5331 1218 5386 vel
1259 5339 1383 5387 sero
1420 5333 1634 5389 tandem
1664 5349 2039 5392 equiverteren-

516 5467 533 5499 ¹
571 5465 628 5516 In
650 5465 769 5516 edit.
799 5463 1181 5535 Ποεριλϐτωοεξ
1210 5466 1488 5530 legebamr,
1511 5482 1572 5521 ιιι
1613 5480 1634 5520 δ
1662 5484 1783 5535 sui,
1813 5486 1899 5535 πρὸς
1932 5486 2042 5523 αὑτὸν

453 5541 515 5595 te,
539 5539 834 5595 magum.
866 5526 1031 5578 Vertit
1045 5526 1309 5579 Gentiautis
1329 5526 1570 5582 Hes-vetus
1587 5570 1600 5592 ,
1627 5532 1673 5583 ei
1694 5526 1825 5595 apud
1844 5526 2041 5583 crucem

452 5589 645 5651 dicens;
665 5589 711 5638 id
734 5589 866 5639 stare
888 5602 984 5639 non
1008 5597 1207 5652 potest:
1233 5604 1328 5640 non
1353 5595 1483 5642 enim
1515 5589 1640 5652 apud
1665 5589 1862 5643 crucem
1889 5595 1965 5643 vel
1993 5597 2040 5645 in

451 5663 600 5701 mre
634 5665 693 5700 ea
724 5664 836 5713 quae
858 5651 1131 5713 sequuntur
1154 5651 1375 5704 Christus
1393 5657 1516 5704 Patri
1539 5651 1750 5705 dicebat.
1777 5655 1944 5705 Melius
1969 5659 2038 5705 in-

451 5714 827 5784 lcrpretaretur,
853 5720 900 5762 et
930 5713 1162 5784 Saluator,
1187 5715 1342 5776 ipsam
1365 5729 1556 5784 crucem
1578 5718 1630 5784 in
1653 5717 1811 5784 multo
1831 5718 2037 5784 habens.

451 5775 589 5824 dicit.
622 5775 782 5823 Lectio
815 5785 981 5824 autem
1013 5775 1302 5825 ceterorum
1328 5780 1682 5840 exemplarium
1717 5780 1846 5832 bene
1871 5775 2034 5840 habet,

449 5849 538 5901 qs,
555 5848 662 5888 mi.
688 5851 749 5886 νδν
771 5851 913 5906 nui"
937 5850 1071 5900 λιτω,
1097 5840 1161 5887 ad
1188 5847 1376 5891 Patrem
1401 5840 1557 5904 ipsimi
1583 5842 1763 5893 dicens.

1173 421 1234 480 S.
1274 415 1556 480 JOANNIS
1577 404 2060 479 CHRYSOSTOMI
2112 408 2432 468 ARCHIEP.
2465 409 3008 471 CONSTANTINOP.

3680 417 3797 476 27$

2182 535 2287 582 tur.
2314 526 2448 581 Cum
2474 535 2654 582 autem
2690 538 2836 582 esset
2859 541 3045 582 eorum
3090 527 3312 583 morbus
3350 529 3788 597 immedicabilis,

2173 619 2256 672 eis
2281 618 2639 688 colophonem
2671 619 2935 673 malorum
2965 620 3202 684 induxit;
3233 636 3295 675 ea
3322 636 3535 690 quoque
3574 628 3790 677 ratione

2173 723 2271 763 eus
2317 725 2502 764 rursus
2531 724 2729 764 vocans
2769 709 2838 764 ad
2875 711 3242 778 pmuitentiam
3265 750 3281 774 ,
3311 721 3370 766 ut
3402 728 3524 766 cum
3553 728 3584 766 a
3613 723 3788 769 thh'rl

2174 801 2344 857 forma
2391 801 2697 871 neipublicm
2735 803 3068 868 exciderint,
3097 803 3182 859 vel
3210 804 3280 858 ab
3325 805 3438 875 ipsa
3469 819 3648 859 res-tim
3683 821 3785 860 ne-

2169 894 2419 948 cessitate
2439 892 2505 946 ad
2527 892 2806 947 veritatem
2834 893 3187 956 deducantur,
3221 909 3343 949 cum
3367 906 3421 949 et
3440 911 3586 959 eum,
3616 911 3794 966 qucnr

2172 984 2384 1055 probris
2407 991 2464 1038 et
2493 983 2704 1054 injuriis
2732 983 3046 1051 affecerunt,
3076 985 3292 1041 videant
3320 987 3517 1058 ubique
3536 987 3783 1053 adorari.

2169 1079 2226 1129 et
2253 1089 2346 1129 sua
2368 1076 2546 1129 omnia
2583 1077 2779 1131 misere
2799 1076 3089 1132 corruisse.
3116 1076 3345 1143 Quando
3381 1087 3560 1133 autem
3597 1094 3665 1133 ue
3704 1081 3790 1135 sic

2162 1164 2384 1234 quidem
2427 1163 2682 1221 meliores
2709 1167 3015 1232 evaserint,
3047 1176 3176 1222 tunc
3214 1167 3429 1224 tandem
3457 1212 3470 1232 ,
3495 1179 3554 1223 ut
3580 1169 3787 1240 quibus

2170 1252 2302 1310 nihil
2333 1255 2566 1326 supersit
2592 1257 2766 1312 venia:
2787 1299 2804 1325 ,
2834 1258 2888 1313 in
2928 1259 3234 1314 immortale
3267 1259 3622 1316 detrudentur
3649 1276 3786 1330 sup-

2167 1344 2406 1415 plicium.
2432 1345 2564 1401 Cum
2608 1355 2788 1404 autem
2829 1347 2984 1404 audis
3011 1345 3328 1416 Seabellunt,
3357 1366 3424 1404 ne
3466 1360 3621 1419 putes
3651 1367 3788 1405 cum

2165 1436 2348 1493 dicere
2395 1438 2596 1509 aliquid
2643 1439 2940 1506 sensibile,
2987 1440 3083 1495 sed
3133 1440 3302 1510 ipsam
3357 1439 3777 1510 subjectionem.

2165 1528 2319 1596 Quod
2346 1539 2524 1585 autem
2549 1531 2600 1586 ei
2630 1530 2901 1600 subjiciat,
2923 1531 3127 1587 clarum
3166 1539 3252 1587 est
3289 1547 3355 1586 ex
3381 1547 3447 1586 eo
3471 1532 3614 1602 quod
3643 1532 3778 1585 sub-

2159 1621 2403 1693 jungittsr
2425 1640 2442 1686 ;
2467 1623 2591 1694 quia
2620 1623 2766 1680 enim
2803 1633 2888 1681 est
2915 1639 3053 1679 unus
3081 1623 3338 1691 thronus,
3364 1639 3529 1678 unum
3557 1639 3780 1694 quoque

2162 1725 2248 1769 est
2273 1713 2587 1770 embolium.

2234 1803 2573 1876 'Principatus
2600 1803 2883 1877 Unigeniti.
2921 1803 3114 1876 Perpes
3151 1814 3228 1860 est
3271 1804 3460 1861 Christi
3507 1805 3776 1876 principa-

2163 1902 2263 1950 m.
2307 1921 2383 1937 -
2438 1896 2495 1950 s.
2554 1894 2745 1952 Tecum
2796 1880 3113 1968 principatus
3167 1897 3220 1951 in
3265 1896 3349 1951 die
3394 1897 3592 1950 virtutis
3644 1907 3770 1952 ιω.

2160 1987 2425 2054 Quoniam
2455 1986 2592 2043 dixit
2633 1989 2912 2058 superius,
2942 1986 3120 2042 Donec
3159 2004 3344 2059 ponam
3385 1988 3620 2042 inimicos
3659 2000 3778 2043 tuos

2160 2077 2436 2134 scabellum
2457 2079 2642 2150 pedum
2667 2090 2894 2148 tuorum,
2918 2096 2987 2136 ne
3013 2080 3136 2151 quis
3163 2080 3502 2136 existimaret
3525 2096 3648 2136 esse
3671 2082 3774 2135 itu-

2162 2169 2414 2226 becillum
2442 2169 2658 2236 Filitun,
2685 2181 2741 2226 et
2772 2185 2908 2241 opus
2931 2171 3132 2228 habere
3165 2172 3478 2243 operatione
3502 2213 3518 2238 ,
3552 2171 3690 2226 sicut
3715 2179 3775 2227 et

2161 2262 2469 2333 quempiam
2495 2277 2561 2318 es
2591 2263 2852 2332 apostolis
2873 2304 2889 2328 ,
2917 2263 3038 2318 audi
3077 2263 3351 2335 quomodo
3388 2262 3547 2318 ail'ert
3588 2279 3770 2319 reme-

2162 2355 2311 2411 dium
2343 2355 2469 2412 huic
2510 2356 2839 2426 suspicioni,
2867 2356 3053 2412 dicens
3081 2373 3096 2410 :
3128 2351 3316 2411 Tecum
3359 2357 3676 2427 principatus
3717 2356 3773 2410 in

2161 2446 2246 2502 die
2285 2447 2484 2502 uirtutis
2513 2456 2632 2501 ttae.
2660 2445 2798 2514 Quid
2822 2457 2906 2502 est
2926 2488 2944 2514 ,
2971 2444 3164 2502 Tecum
3208 2448 3524 2516 principatus
3544 2449 3570 2502 .’
3598 2448 3656 2502 ln
3689 2458 3767 2513 te,

2162 2537 2353 2608 inquit,
2376 2545 2461 2592 est
2478 2537 2824 2608 principatus,
2846 2538 2935 2608 qui
2964 2553 3070 2592 non
3099 2547 3282 2606 postea
3308 2541 3555 2603 accessit,
3585 2537 3680 2592 sed
3713 2539 3768 2592 in

2161 2637 2214 2684 te
2250 2639 2334 2684 est
2375 2639 2634 2700 perpetuo
2669 2647 2684 2682 :
2716 2629 2858 2700 quod
2891 2631 3054 2684 etiam
3089 2629 3252 2684 Isaias
3285 2629 3532 2683 similiter
3559 2629 3769 2700 signiﬁ-

2157 2736 2288 2777 cans
2313 2720 2527 2778 dicebat
2558 2739 2571 2776 :
2603 2720 2768 2791 Cujus
2805 2721 3120 2792 principatus
3163 2737 3316 2791 super
3349 2720 3615 2774 humerum
3655 2721 3772 2789 ejus

2159 2814 2313 2885 (hui.
2344 2814 2400 2869 9.
2431 2813 2485 2884 6)
2513 2813 2657 2882 ;hoc
2682 2822 2766 2870 est
2788 2853 2806 2880 ,
2835 2813 2889 2868 in
2928 2814 3066 2884 ipso,
3099 2814 3150 2868 in
3181 2813 3477 2868 substantia
3523 2813 3644 2882 ejus
3664 2852 3680 2876 ,
3710 2813 3768 2868 in

2160 2917 2349 2964 natura
2374 2906 2492 2978 ejus
2523 2924 2538 2960 :
2568 2907 2712 2978 quod
2737 2906 2953 2977 quidem
2981 2922 3086 2961 non
3113 2906 3253 2960 inest
3279 2905 3332 2959 in
3359 2905 3593 2974 regibus.
3617 2904 3768 2959 Prin.

2158 2999 2370 3068 eipatus
2416 2995 2559 3054 enim
2601 3011 2788 3053 eorum
2838 3007 2922 3053 est
2959 2997 3012 3050 in
3055 2996 3396 3051 multitudine
3446 2995 3763 3052 exercitus:

2158 3091 2302 3161 quod
2345 3105 2452 3144 non
2499 3097 2618 3144 erat
2660 3089 2711 3142 in
2758 3088 3033 3158 apostolis.
3076 3087 3210 3143 Nam
3254 3088 3490 3158 ipsorum
3545 3102 3768 3157 quoque

2158 3183 2486 3254 principatus
2510 3180 2778 3236 stabilitus
2804 3179 2898 3235 fuit
2929 3194 3026 3251 per
3050 3180 3421 3250 operationem
3447 3179 3525 3234 eis
3551 3179 3764 3234 extrin-

2156 3290 2314 3332 secus
2363 3275 2672 3340 iuductam;
2712 3277 2829 3345 ipse
2875 3285 3054 3331 autem
3095 3274 3282 3329 habuit
3321 3272 3677 3343 principatum
3708 3273 3764 3329 in

2157 3375 2370 3433 natura,
2400 3366 2452 3420 in
2479 3367 2801 3432 substantia,
2835 3366 3002 3436 utqui
3029 3381 3134 3420 non
3164 3379 3287 3420 eum
3317 3363 3586 3435 acceperit
3610 3372 3762 3434 post-

2156 3473 2316 3530 quam
2357 3459 2718 3530 fuitgenitus,
2759 3473 2861 3514 nec
2883 3458 3248 3514 exstrinsecus
3290 3457 3634 3526 importatum
3671 3465 3766 3512 aut

2155 3550 2508 3606 adventitlum
2528 3549 2846 3619 possederit,
2870 3549 2966 3604 sed
2995 3550 3063 3603 ita
3092 3550 3163 3604 sit
3189 3548 3419 3620 genitus.
3444 3546 3514 3602 Et
3543 3546 3666 3603 ideo
3692 3547 3764 3604 de

2155 3658 2324 3712 regno
2349 3657 2563 3712 quoque
2592 3641 2972 3712 interrogatus,
3003 3641 3214 3696 dicebat
3245 3655 3258 3692 :
3293 3639 3404 3711 Ego
3433 3642 3502 3693 ad
3539 3640 3635 3694 hoc
3661 3656 3762 3693 na-

2157 3743 2237 3786 tus
2263 3749 2374 3786 sunt
2393 3772 2408 3797 ,
2438 3743 2484 3785 et
2512 3731 2580 3784 ad
2607 3733 2702 3785 hoc
2731 3733 2863 3784 seni.
2894 3729 3082 3784 Tecum
3116 3731 3434 3800 principatus
3471 3731 3526 3783 in
3550 3729 3635 3783 die
3662 3746 3761 3800 po-

2155 3823 2323 3876 tentia:
2342 3835 2444 3877 tute
2471 3822 2649 3895 (Joan.
2671 3823 2759 3877 l8.
2784 3821 2897 3893 37).
2929 3821 3047 3876 Non
3077 3825 3193 3876 haec
3223 3831 3402 3876 autem
3424 3812 3604 3876 solum
3637 3836 3761 3891 qua:

2155 3914 2297 3969 dicta
2335 3924 2490 3978 sunt,
2534 3913 2801 3984 signiﬁcat
2849 3912 3011 3980 illud,
3047 3909 3242 3967 Tecum
3282 3913 3633 3982 principatus,
3660 3910 3759 3966 sed

2153 4006 2316 4059 etiam
2343 4006 2470 4070 alia,
2499 4019 2694 4073 nempe
2719 4020 2826 4059 non
2850 4019 2973 4059 esse
2997 4005 3112 4074 ejus
3139 4002 3495 4075 principatum
3519 4005 3572 4057 in
3613 4004 3722 4059 alio
3739 4044 3755 4068 ,

2154 4097 2250 4150 sed
2280 4111 2400 4150 esse
2426 4105 2739 4166 perpetuum
2765 4105 2818 4151 et
2849 4097 3228 4152 immortalem.
3255 4096 3513 4152 Homines
3536 4097 3682 4151 enim
3711 4097 3758 4151 is

2156 4187 2238 4241 vel
2269 4190 2507 4242 viventes
2534 4201 2682 4256 sape
2713 4185 2919 4243 deserit
2950 4205 2963 4241 :
2997 4197 3050 4242 et
3083 4188 3128 4242 si
3160 4203 3268 4242 non
3301 4188 3541 4242 viventes
3564 4227 3580 4253 ,
3607 4196 3758 4244 certe

2153 4279 2374 4334 omnino
2400 4289 2670 4344 mortuos;
2703 4279 2812 4334 imo
2832 4293 2990 4346 vero,
3015 4280 3158 4352 quod
3191 4280 3364 4350 majus
3388 4287 3492 4346 est,
3520 4295 3590 4336 ne
3625 4279 3756 4335 dum

2153 4370 2339 4424 vivunt
2363 4371 2598 4441 quidem,
2624 4379 2710 4424 est
2732 4387 2856 4426 cum
2876 4373 2985 4438 eis;
3016 4373 3129 4438 sed,
3159 4383 3216 4426 ut
3231 4373 3342 4444 jam
3361 4372 3494 4440 dixi,
3520 4371 3572 4427 in
3596 4388 3757 4429 uer.

2153 4463 2367 4529 citibus,
2395 4473 2450 4519 et
2474 4464 2813 4530 satellitibus,
2841 4481 2906 4520 ac
2930 4465 3173 4535 corporis
3200 4465 3534 4532 custodibus,
3556 4465 3609 4520 in
3640 4481 3756 4520 ma-

2153 4572 2254 4626 gna
2276 4556 2324 4610 vi
2349 4555 2610 4627 pecuniae,
2629 4555 2684 4611 in
2709 4571 2984 4612 murorum
3009 4556 3236 4622 ambitu,
3262 4564 3318 4611 et
3341 4556 3459 4610 aliis
3479 4555 3751 4612 omnibus:

2153 4647 2207 4702 in
2239 4648 2348 4704 Deo
2377 4656 2554 4703 autem
2583 4663 2690 4703 non
2730 4648 2892 4703 modo
2918 4663 3025 4702 non
3053 4649 3124 4702 ita
3150 4655 3263 4712 est,
3295 4647 3389 4703 sed
3421 4649 3474 4702 in
3505 4649 3620 4719 ipso
3646 4658 3750 4716 est,

2153 4749 2206 4796 et
2237 4751 2538 4811 perpetuo:
2567 4750 2620 4796 et
2664 4740 3120 4811 quemadmodum
3168 4740 3284 4796 ﬁeri
3324 4755 3430 4795 non
3479 4751 3654 4810 potest
3696 4751 3754 4796 ut

2152 4847 2258 4886 non
2299 4833 2368 4888 sit
2391 4832 2512 4904 ejus
2539 4832 2862 4898 substantia,
2891 4833 2963 4887 ita
2991 4832 3154 4888 etiam
3182 4841 3242 4887 ut
3271 4847 3377 4886 non
3406 4832 3478 4886 sit
3503 4847 3750 4902 regnum.

2153 4923 2220 4977 In
2248 4925 2330 4979 die
2375 4926 2612 4994 potentia:
2639 4933 2759 4978 tam.
2790 4924 2945 4980 Diem
2987 4925 3240 4994 potentia:
3283 4935 3437 4995 potes
3472 4925 3654 4979 dicere
3698 4926 3754 4980 et

2151 5019 2292 5074 diem
2321 5019 2409 5089 qui
2431 5019 2544 5088 jam
2569 5016 2688 5081 fuit,
2713 5025 2769 5072 et
2792 5017 2934 5072 diem
2955 5019 3045 5087 qni
3079 5017 3289 5072 iuturus
3308 5025 3408 5072 εει.
3439 5017 3494 5070 ln
3523 5027 3754 5086 utroque

2151 5112 2292 5166 enim
2342 5112 2576 5166 maxima
2605 5109 2906 5164 ostenditur
2937 5111 3194 5178 potentia.
3226 5113 3416 5164 Annon
3456 5109 3551 5163 tibi
3605 5107 3755 5162 vide-

2152 5214 2240 5257 tur
2261 5215 2382 5258 esse
2410 5201 2700 5256 maximum
2728 5200 2979 5272 potentia:
3003 5211 3394 5270 argumentum.
3417 5199 3636 5270 quando
3661 5215 3752 5268 per

2151 5304 2376 5347 mortem
2411 5307 2557 5346 mors
2596 5292 2834 5354 deletur.
2867 5291 3082 5362 quando
3109 5300 3277 5360 porta:
3310 5308 3476 5346 :cnea:
3510 5291 3748 5345 confrin-

2148 5397 2344 5452 guntur
2362 5420 2378 5448 ,
2406 5383 2622 5453 quando
2648 5395 2925 5452 peccatum
2969 5383 3216 5438 aboletur
3235 5423 3249 5446 ,
3282 5383 3498 5453 quando
3525 5382 3754 5438 maledi-

2147 5485 2290 5527 ctum
2316 5475 2562 5538 solvitur,
2591 5475 2806 5544 quando
2832 5484 3010 5529 vetera
3037 5475 3216 5529 omnia
3249 5473 3386 5528 mala
3417 5482 3750 5535 evertuntur,

2149 5578 2202 5618 et
2239 5566 2339 5618 alia
2376 5577 2512 5619 nova
2555 5568 2688 5620 bona
2736 5567 3350 5632 introducuntur?Quid
3389 5568 3532 5620 enim
3576 5574 3752 5635 [mtest

2146 5671 2265 5709 cum
2297 5656 2395 5710 hac
2424 5658 2655 5712 conferri
2687 5659 2941 5725 potentia,
2968 5660 3079 5712 sive
3107 5659 3417 5712 consideres
3449 5658 3704 5711 miracula
3729 5693 3743 5719 .

2149 5747 2257 5800 sive
2285 5746 2641 5814 pulcherrima
2676 5749 2928 5802 .iacinura
2957 5751 2980 5800 ?
3008 5749 3199 5802 Morini
3227 5749 3596 5802 ominabantur
3621 5789 3634 5809 ,
3672 5750 3746 5803 Ie-

2144 5836 2295 5904 prosi
2357 5839 2768 5908 mund-xbautur,
2809 5839 3080 5896 dwmoncs
3118 5840 3554 5908 expellebantur,
3603 5855 3746 5894 nim-0
