4058 6442
464 331 573 388 373
1120 330 1180 386 S.
1216 328 1502 386 JOANNIS
1537 328 2028 387 CHRYSOSTOMI
2066 328 2394 385 ARCHIEP.
2433 325 2985 384 CONSTANTINOP.
3635 324 3746 380 ΞΗ

464 447 790 518 ταπέτασμα
823 445 1088 516 ἐσχίζετο,
1114 447 1332 510 ἀκτῖνες
1372 447 1523 518 ήλίου
1561 447 1969 515 ἀπεστρέφοντο
1992 457 2043 506 ³.

467 532 564 586 καὶ
589 530 779 592 σκότος
801 530 899 600 τὴν
920 529 1242 600 οἰκουμένην
1266 529 1665 599 κατελάμϐανε,
1690 527 1917 599 σώματα
1939 526 2048 579 τῶν

465 616 882 689 κεκοιμημένων
904 617 1074 685 άγίων
1089 615 1363 687 ἠγείρετο,
1381 616 1584 687 λῃστὴς
1602 618 1681 677 εἰς
1699 617 1796 682 τὴν
1816 614 2048 686 ἀρχαίαν

466 705 693 775 ἐπανῄει
710 703 959 775 πατρίδα,
979 704 1040 757 οὐ
1049 704 1210 776 ρανοῦ
1232 703 1414 772 ἀψῖδες
1431 701 1584 774 [258]
1601 701 2042 763 ἀνεπετάννυντο,

467 794 501 862 ἡ
525 793 684 858 φύσις
704 792 737 859 ή
763 791 1272 862 καταπεπατημένη
1297 790 1436 860 ὑπὲρ
1464 790 1554 842 τὸν
1582 789 1809 861 οὐρανὸν
1837 787 1930 840 τοῦ
1957 787 2050 840 ού-

470 878 630 949 ρανοῦ
666 879 804 948 πρὸς
834 880 903 933 τά
942 877 1213 948 ὑψώματα
1245 879 1498 948 ἀνήγετο,
1532 877 1627 929 καὶ
1668 876 1730 928 τὸ
1761 875 1826 945 δὴ
1855 873 2046 928 τούτου

468 963 672 1034 μεῖζον,
694 967 787 1017 ἐπὶ
814 965 1005 1036 θρόνου
1035 962 1322 1028 ἐκαθέζετο
1345 962 1648 1033 βασιλικοῦ,
1678 961 2047 1033 παρεστώτων

465 1051 713 1119 ἀγγέλων
747 1054 882 1124 αὐτῇ
922 1054 1018 1106 καὶ
1045 1052 1155 1106 τῶν
1181 1052 1460 1122 δυνάμεων
1478 1069 1492 1081 ·
1516 1050 1684 1104 κακία
1705 1052 1853 1103 πᾶσα
1880 1049 2048 1117 ἠλαύ-

466 1156 606 1200 νετο,
657 1141 826 1211 ἀρετὴ
870 1141 1202 1211 ἐπανήγετο,
1248 1140 1564 1212 Πνεύματος
1610 1139 1770 1211 χάρις
1821 1137 2040 1203 ἐδίδοτο,

463 1227 656 1290 ἀλιεῖς.
691 1229 780 1279 καὶ
810 1227 1059 1292 τελῶναι,
1085 1227 1179 1280 καὶ
1209 1227 1525 1299 σκηνοποιοὶ
1550 1226 1854 1296 φιλοσόφων
1876 1225 2048 1298 ἀπέρ-

467 1318 672 1386 ραπτον
713 1316 979 1385 στόματα,
1013 1317 1261 1388 ρητόρων
1281 1316 1625 1387 ἀπέστρεφον
1646 1315 1913 1384 γλῶτταν,
1938 1313 2048 1367 δαι-

467 1400 644 1470 μόνων
692 1401 952 1455 κατέλυον
979 1402 1271 1471 τυραννίδα
1299 1419 1313 1434 ο
1364 1402 1544 1472 ’βωμοὶ
1565 1445 1580 1468 ,
1632 1403 1726 1455 καὶ
1760 1402 1909 1466 ναοὶ,
1951 1401 2045 1454 καὶ¹

464 1486 666 1556 ἑορταὶ.
702 1488 796 1541 καὶ
824 1489 1164 1560 πανηγύρεις
1208 1487 1516 1558 Ἑλληνικαὶ
1544 1487 1814 1543 διελύοντο
1836 1503 1850 1516 ⁸
1887 1490 2046 1541 κνῖσα

462 1574 558 1626 καὶ
579 1574 802 1640 καπνὸς,
829 1577 924 1629 καὶ
951 1575 1019 1630 τά
1041 1577 1209 1648 ἐναγῆ
1235 1575 1454 1647 θύματα
1480 1575 1659 1630 πάντα
1679 1575 1821 1630 κατὰ
1845 1576 2044 1646 κράτος

461 1658 748 1728 ἠλαύνετο.
773 1661 995 1732 μάντεις
1033 1665 1127 1718 καὶ
1167 1663 1550 1736 μητραγύρται
1571 1704 1585 1727 ,
1631 1663 1726 1717 καὶ
1755 1663 2042 1717 οἰωνοσκό-

461 1762 576 1812 ποι,
609 1747 704 1801 καὶ
743 1747 890 1802 άπαν
919 1747 1016 1803 τοῦ
1041 1750 1287 1804 διαϐόλου
1314 1751 1375 1803 τδ
1412 1751 1773 1822 ἐργαστήριον
1809 1749 2038 1820 ἐδραπέ-

457 1848 638 1898 τευον,
677 1833 995 1906 Ἐκκλησίαι
1041 1837 1318 1908 πανταχοῦ
1363 1837 1462 1906 τῆς
1507 1837 1836 1908 οἰκουμένης
1879 1836 2042 1892 ἐϐλά-

461 1937 690 1990 στανον,
745 1923 1031 1996 παρθένων
1082 1925 1232 1997 χοροὶ
1291 1926 1644 1988 συνίσταντο,
1699 1923 2041 1996 μοναζόντων

458 2009 735 2080 τάγματα,
777 2011 917 2082 μετά
943 2011 1054 2066 τῶν
1084 2011 1295 2066 πόλεων
1324 2011 1420 2066 καὶ
1453 2013 1486 2084 ή
1521 2011 1728 2084 ἐρημος
1757 2011 2040 2079 εὐσεϐείας

459 2094 784 2168 ἐπληροῦτο,
813 2097 904 2152 καὶ
925 2097 1078 2171 χοροὶ
1097 2099 1322 2154 δικαίων
1346 2102 1442 2154 καὶ
1460 2099 1633 2168 ἀγίων
1659 2098 1869 2172 ἀνδρῶν
1891 2101 2032 2155 ίστά-

461 2197 615 2252 μενοι
654 2186 774 2247 ταῖς
797 2184 910 2239 ἀνω
950 2185 1213 2256 δυνάμεσι
1240 2187 1352 2241 τῶν
1397 2187 1649 2256 ἀγγέλων
1672 2186 1940 2257 ἀντήχουν
1979 2189 2040 2243 ἐν

456 2269 525 2339 τῇ
564 2267 826 2342 μελῳδία,
872 2271 967 2326 καὶ
1000 2271 1298 2345 μαρτύρων
1344 2273 1527 2344 δῆμοι,
1569 2274 1665 2328 καὶ
1688 2274 2040 2346 ὁμολογητῶν

457 2354 638 2429 πλήθη
685 2357 961 2428 πανταχοῦ
994 2358 1096 2429 τῆς
1137 2360 1460 2431 οἰκουμένης
1513 2361 1824 2430 ἐφυτεύετο,
1869 2363 2039 2435 ἀρετή

459 2441 600 2512 μετά
635 2443 838 2515 πολλῆς
885 2445 1235 2518 κατωρθοῦτο
1285 2447 1386 2516 τῆς
1427 2447 1713 2513 εὐκολίας,
1747 2448 2039 2520 βαρϐάρων

457 2528 586 2601 ἐθνη
621 2530 929 2601 φιλοσοφεῖν
952 2533 1288 2598 ἐπαιδεύετο,
1318 2534 1414 2588 καὶ
1445 2536 1493 2588 οἱ
1524 2535 1729 2606 θηρίων
1767 2536 2037 2608 ἀγριώτε-

460 2634 544 2690 ροι
595 2619 734 2690 πρὸς
773 2619 873 2691 τὴν
903 2619 1010 2674 τῶν
1055 2621 1302 2690 ἀγγέλων
1354 2621 1626 2676 πολιτείαν
1656 2622 1755 2695 τὴν
1803 2624 2037 2694 ἅμιλλαν

456 2703 858 2772 ἐπεδείκνυντο,
892 2707 987 2760 καὶ
1013 2707 1145 2777 ὅσην
1180 2707 1334 2779 ῆλιος
1363 2709 1536 2781 ἐφορᾷ
1558 2710 1684 2781 γῆν,
1711 2712 1980 2782 τοσαύτην
2007 2713 2037 2765 δ

454 2790 614 2860 λόγος
638 2793 899 2864 ἐπέτρεχε
930 2794 1068 2864 μετά
1094 2796 1182 2850 τὸν
1209 2796 1443 2868 σταυρὸν
1464 2797 1559 2850 καὶ
1583 2798 1684 2869 τήν
1715 2798 2031 2855 ἀνάστασιν.

456 2877 638 2950 ’Δπερ
666 2879 882 2935 ᾶπαντα
913 2881 1109 2936 ἐννοῶν
1139 2884 1168 2935 ό
1195 2883 1483 2955 Προφήτης
1511 2882 1664 2952 ἔλεγε
1683 2899 1698 2915 ο
1732 2885 1891 2939 Μετὰ
1917 2885 2036 2940 σοῦ

453 2966 495 3036 ἡ
526 2966 684 3037 ἀρχὴ
711 2966 784 3024 ἐν
804 2967 994 3040 ἡμέρᾳ
1025 2967 1135 3038 τῆς
1165 2969 1473 3041 δυνάμεώς
1497 2986 1637 3026 σου.

525 3137 606 3204 ς’.
630 3138 694 3192 Εἰ
711 3138 768 3192 δέ
791 3137 970 3209 βούλει
995 3139 1091 3195 καὶ
1105 3140 1205 3213 τήν
1224 3139 1524 3212 μέλλουσαν
1542 3141 1754 3214 ἡμέραν
1779 3141 1926 3208 ἰδεῖν,
1940 3146 2036 3198 καὶ

455 3224 649 3296 μαθεῖν
680 3225 799 3292 πῶς
828 3228 921 3280 καὶ
945 3226 1132 3298 ἐκείνη
1154 3226 1337 3301 ήμέρα
1359 3228 1648 3299 δυνάμεως
1674 3229 1839 3284 αὐτοῦ
1862 3231 2032 3295 ἐστιν,

453 3311 708 3383 ἐννόησον
732 3311 921 3384 ήλίκον
955 3313 1103 3368 ἐστὶν
1135 3315 1262 3369 ἰδεῖν
1293 3314 1388 3368 τὸν
1417 3315 1646 3387 οὐρανὸν
1677 3316 2034 3390 συστελλόμε-

453 3415 570 3467 νον,
615 3399 712 3454 καὶ
740 3399 962 3456 ἃπασαν
997 3401 1096 3473 τὴν
1125 3401 1287 3472 φύσιν
1318 3402 1417 3473 τὴν
1448 3403 1898 3475 καταφθαρεῖσαν
1936 3407 2034 3459 άν-

454 3489 773 3563 ισταμένην,
804 3491 901 3546 καὶ
937 3490 1016 3564 τῷ
1043 3490 1273 3561 νεύματι
1303 3493 1743 3565 παρισταμένους
1764 3495 2032 3564 ἅπαντας,

451 3575 698 3631 διάϐολον
723 3578 1238 3652 καταισχυνόμενον,
1257 3579 1517 3652 δαίμονας
1536 3580 1686 3635 κάτω
1705 3579 2032 3651 κύπτοντας,

449 3663 694 3729 δικαίους
743 3667 1212 3738 στεφανουμένους
1232 3707 1249 3733 ,
1299 3668 1531 3722 ἕκαστον
1567 3667 1798 3733 εὐθύνας
1828 3668 2037 3724 διδόντα

449 3750 562 3806 τῶν
586 3753 1161 3825 πεπλημμελημένων,
1189 3755 1259 3809 τὰ
1290 3755 1521 3828 βραϐεῖα
1555 3754 1902 3827 λαμϐάνοντα
1925 3756 2036 3812 τῶν

449 3839 916 3913 κατορθωμάτων,
956 3842 1149 3915 ἐτέρας
1186 3842 1334 3915 ζωῆς
1365 3846 1699 3900 κατάστασιν
1717 3844 2032 3918 γινομένην.

451 3927 651 3982 οὐκέτι
676 3928 786 3998 γάρ
809 3928 1069 3997 θάνατος,
1106 3929 1204 3984 καὶ
1229 3930 1413 3996 νόσος,
1456 3932 1553 3985 καὶ
1585 3931 1764 4003 γῆρας
1784 3973 1800 3999 ,
1846 3932 2033 3988 οὐκέτι

450 4012 632 4080 πενία,
655 4014 754 4069 καὶ
772 4016 1050 4088 ἐπήρειαι,
1072 4016 1164 4071 καὶ
1191 4017 1495 4084 ἐπιϐουλαὶ,
1518 4019 1701 4074 οὐκέτι
1732 4020 2031 4094 οἰκήματα,

449 4101 545 4156 καὶ
569 4101 770 4169 πόλεις,
799 4101 897 4157 καὶ
923 4103 1131 4175 τέχναι.
1154 4103 1249 4159 καὶ
1271 4104 1560 4173 ναυτιλίαι,
1585 4106 1769 4162 οὐκέτι
1800 4108 2032 4179 ίματίων

449 4187 736 4262 περιϐολὴ,
764 4191 857 4246 καὶ
884 4193 1029 4257 σῖτα,
1056 4192 1152 4247 καὶ
1173 4192 1334 4259 ποτά,
1359 4193 1455 4248 καὶ
1471 4193 1682 4266 δροφοι,
1706 4196 1803 4250 καὶ
1827 4195 2028 4263 κλῖναι,

449 4277 547 4331 καὶ
576 4276 848 4348 τράπεζαι
868 4316 886 4343 ,
915 4278 1012 4331 καὶ
1062 4278 1312 4349 λυχνίαι,
1357 4280 1542 4335 οὐκέτι
1586 4281 1903 4349 ἐπιϐουλαὶ,
1936 4284 2034 4338 καὶ

363 4411 368 4416 .
453 4364 656 4436 μάχαι,
689 4365 786 4421 καὶ
834 4365 1196 4439 δικαστήρια,
1228 4368 1414 4422 οὐκέτι
1439 4367 1609 4440 γάμοι
1629 4407 1647 4434 ,
1678 4369 1773 4424 καὶ
1823 4370 2031 4436 ὠδῖνες,

450 4453 548 4507 καὶ
563 4454 714 4508 τόκοι
734 4471 750 4487 ο
777 4454 916 4509 ἀλλά
939 4455 1115 4510 ταῦτα
1137 4455 1316 4511 πάντα
1342 4456 1533 4529 ὥσπερ
1563 4456 1710 4522 κόνις
1741 4458 2035 4513 ἁποσοϐου-

453 4541 589 4613 μένη
623 4542 976 4608 καταλύεται,
1008 4543 1104 4597 καὶ
1132 4542 1294 4616 ἑτέρα
1316 4561 1400 4608 τις
1423 4545 1663 4616 ἀμείνων
1688 4543 1835 4616 ζωῆς
1858 4546 2032 4601 κατά-

453 4643 642 4692 στασις
689 4628 930 4696 δίδοται,
987 4629 1297 4700 ἀφθαρσίας
1320 4671 1336 4696 ,
1383 4629 1702 4696 ἀθανασίας,
1749 4630 2032 4704 δυνάμεως

450 4712 654 4785 πολλῆς
680 4716 759 4788 τῷ
784 4716 996 4789 σώματι
1025 4715 1408 4788 χαριζομένης.
1437 4718 1614 4789 ’Δπερ
1642 4719 1736 4772 καὶ
1759 4719 1789 4772 ό
1816 4719 2029 4785 Παῦλος

447 4801 647 4874 δηλῶν,
678 4804 832 4874 ἐλεγε
854 4821 868 4835 '
903 4804 1162 4874 Παράτει
1189 4803 1299 4875 7&9
1329 4804 1397 4857 τὸ
1427 4803 1638 4874 σχῆμα
1663 4807 1770 4861 τοῦ
1795 4809 2027 4878 κόσμου

449 4889 686 4946 τούτου.
729 4892 794 4946 Εἰ
831 4891 891 4945 δέ
917 4892 1168 4955 ἀπιστεῖς
1190 4893 1304 4955 τοῖς
1337 4891 1649 4963 εἰρημένοις
1670 4931 1688 4958 ,
1733 4893 1920 4964 ἐπειδὴ
1952 4895 2030 4969 μή

448 4976 582 5048 δρᾷς
619 4977 759 5032 αὐτὰ
790 4978 1056 5050 παρόντα,
1092 4977 1203 5032 ἀπὸ
1231 4976 1340 5032 τῶν
1370 4978 1656 5048 παρόντων
1687 4979 1767 5043 εἰς
1802 4979 1874 5034 τὰ
1899 4983 2030 5054 περὶ

450 5064 560 5120 τῶν
592 5063 895 5137 μελλόντων
931 5065 1176 5136 λάμϐανε
1213 5065 1314 5136 τήν
1345 5063 1639 5131 ἀπόδειξιν.
1680 5066 1916 5122 Ἐπελθε
1949 5069 2030 5143 τῷ

449 5153 596 5226 λόγῳ
625 5153 726 5228 τὴν
771 5155 1094 5226 οἰκουμένην
1119 5154 1360 5221 ἃπασαν,
1403 5155 1505 5226 τὴν
1544 5157 1669 5228 γῆν,
1697 5156 1798 5228 τὴν
1823 5156 2026 5214 θάλασ-

452 5258 584 5306 σαν,
623 5243 722 5314 τὴν
759 5242 1017 5311 Ἐλλάδα,
1057 5243 1158 5315 τὴν
1196 5242 1494 5316 βάρϐαρον,
1537 5243 1637 5317 τὴν
1677 5247 2027 5318 οἰκουμένην,

452 5329 548 5400 τήν
575 5331 851 5401 ἀοίκητον,
891 5330 991 5396 τὰς
1029 5332 1089 5386 ἐν
1117 5335 1184 5404 τῇ
1217 5335 1288 5405 γῇ
1315 5333 1518 5400 πόλεις,
1548 5333 1650 5398 τὰς
1681 5335 1742 5388 ἐν
1773 5337 1838 5406 τῇ
1873 5333 2026 5410 [259]

453 5417 697 5491 θαλάσσῃ
737 5421 955 5490 νήσους,
993 5419 1063 5473 τὰ
1095 5420 1219 5492 δρη,
1271 5421 1364 5475 καὶ
1399 5422 1498 5486 τάς
1537 5421 1738 5488 νάπας,
1766 5424 1860 5478 καὶ
1905 5425 2029 5480 ἰδὼν

453 5504 727 5577 πανταχοῦ
759 5506 860 5578 τὴν
901 5506 1135 5578 δύναμιν
1179 5507 1274 5564 τοῦ
1319 5509 1555 5580 Χριστοῦ
1589 5509 2025 5584 διαλάμπουσαν,

517 5701 542 5728 ⁸
563 5699 686 5764 Reg.
711 5701 848 5759 ἡλίου
867 5703 1185 5759 ἐσκοτίζοντο.

2155 444 2246 496 καὶ
2273 444 2483 506 πάντας
2512 444 2574 495 τὸ
2599 441 2776 512 τίμιον
2809 441 2982 511 ὄνομα
3027 435 3520 508 ἀνακηρύττοντας.
3547 435 3741 490 ἀναλο-

2153 533 2304 600 γίζου
2327 532 2464 604 πρὸς
2493 531 2706 594 ἐαυτὸν,
2739 531 2822 583 ὅτι
2850 532 2877 583 ὁ
2905 528 3143 582 τοσαῦτα
3163 527 3430 597 δυνηθεὶς,
3457 517 3614 589 οὗτος
3645 525 3745 580 καὶ

2151 621 2220 674 τά
2258 621 2522 691 μέλλοντα
2547 617 2933 690 ἐπηγγείλατο.

2222 799 2286 853 Εἰ
2318 798 2374 850 δὲ
2406 797 2496 851 καὶ
2521 795 2630 851 ἀπὸ
2655 793 2856 867 μέρους
2879 793 3086 857 ἐθέλοις
3111 791 3412 861 λαμϐάνειν
3437 789 3740 855 ἀπόδειξιν,

2151 886 2402 957 ἐννόησον
2433 885 2579 946 τίνος
2620 882 2861 952 ἐνεκενή
2892 879 3189 949 οἰκουμένη
3231 878 3511 948 συντρέχει
3551 878 3744 932 ἅπασα

2149 972 2319 1041 τάφον
2348 971 2474 1024 ἰδεῖν
2498 969 2655 1040 σῶμα
2670 969 2771 1022 οὐκ
2791 968 2986 1038 ἔχοντα
3005 983 3018 996 ·
3043 967 3174 1019 ποία
3191 965 3424 1035 δύναμις
3445 965 3596 1018 ἕλκει
3611 965 3744 1028 τοὺς

2149 1059 2258 1112 ἀπὸ
2277 1057 2390 1111 τῶν
2411 1055 2665 1126 περάτων
2678 1055 2778 1124 τῆς
2799 1054 2926 1124 γῆς,
2946 1052 3087 1106 ὥστε
3113 1053 3243 1105 ἰδεῖν
3269 1051 3374 1104 ποῦ
3396 1053 3494 1122 μὲν
3514 1050 3740 1122 ἐτέχθη.

2151 1146 2255 1200 ποῦ
2278 1147 2336 1200 δέ
2360 1144 2558 1214 ἐτάφη,
2579 1141 2684 1196 ποῦ
2706 1142 2762 1196 δέ
2787 1141 3111 1213 ἐσταυρώθη
3132 1156 3146 1171 ·
3171 1141 3426 1211 ἐννόησον
3451 1140 3616 1194 αὐτὸν
3644 1139 3744 1195 τὸν

2153 1234 2409 1305 σταυρὸν,
2438 1233 2570 1302 ὅσης
2597 1229 2883 1300 δυνάμεώς
2913 1231 3033 1283 ἐστι
3063 1230 3311 1300 σημεῖον.
3343 1229 3404 1282 '0
3431 1229 3541 1300 7&9
3572 1245 3742 1282 σταυ-

2155 1321 2249 1393 ρδς
2274 1314 2428 1383 οὗτος
2461 1319 2569 1390 πρὸ
2597 1317 2788 1372 τούτου
2822 1317 3052 1381 θάνατος
3082 1311 3151 1388 ἦν
3175 1316 3468 1387 ἐπάρατος,
3502 1315 3740 1378 θάνατος

2147 1406 2537 1469 ἐπονείδιστος,
2570 1404 2799 1468 θάνατος
2829 1406 2860 1458 ὁ
2880 1403 3100 1457 πάντων
3121 1403 3420 1473 αῖσχιστος.
3453 1401 3594 1455 Ἀλλ’
3620 1400 3736 1455 ἰδοὺ

2147 1493 2243 1549 νῦν
2274 1494 2374 1563 τῆς
2401 1493 2550 1563 ζωῆς
2571 1491 2742 1563 αὐτῆς
2763 1489 3090 1561 τιμιώτερος
3114 1489 3328 1558 γέγονε,
3356 1489 3453 1542 καὶ
3467 1487 3740 1560 διαδημά-

2145 1597 2257 1634 των
2305 1579 2722 1651 λαμπρότερος,
2757 1577 2854 1631 καὶ
2898 1577 3104 1640 πάντες
3142 1575 3236 1628 ἐπὶ
3275 1573 3532 1644 μετώπου
3565 1575 3739 1629 αὐτδν

2147 1666 2540 1740 περιφέρομεν,
2583 1665 2646 1719 οὐ
2679 1663 2841 1736 μόνον
2867 1663 2971 1718 οὐκ
3019 1662 3399 1733 αἰσχυνόμενοι
3420 1701 3436 1728 ,
3469 1662 3607 1716 ἀλλά
3636 1664 3736 1717 καὶ

2149 1751 2684 1824 ἐγκαλλωπιζόμενοι
2705 1750 2901 1822 τούτῳ.
2923 1749 2998 1803 Οὐ
3023 1749 3125 1821 μέν
3150 1749 3358 1802 ἰδιιῖιται
3388 1748 3572 1820 μόνον,
3596 1749 3737 1804 ἀλλά

2146 1843 2244 1895 καὶ
2271 1841 2497 1894 αὐτοῖοί
2524 1839 2596 1894 τά
2621 1836 2931 1909 διαδήματα
2956 1835 3336 1908 περικείμενοι
3356 1835 3450 1889 ἐπὶ
3478 1834 3574 1889 τοῦ
3605 1852 3737 1907 μετ-

2145 1926 2298 1982 ώπου
2351 1927 2494 1998 ύπέρ
2549 1925 2622 1981 τά
2673 1924 2983 1996 διαδήματα
3015 1921 3179 1977 αὐτὸν
3225 1920 3590 1992 βαστάζουσι,
3635 1921 3737 1976 καὶ

2146 2013 2294 2087 μάλα
2326 2013 2556 2078 εἰκότως
2576 2027 2591 2042 ⁸
2627 2010 2839 2085 μυρίων
2862 2009 2974 2082 7&9
2997 2009 3348 2081 διαδημάτων
3368 2008 3632 2078 ἀμείνων.
3658 2008 3736 2062 Τδ

2145 2100 2247 2172 μέν
2272 2100 2382 2174 7&9
2415 2100 2658 2170 διάδημα
2689 2097 3024 2163 καλλωπίζει
3063 2095 3330 2167 κεφαλὴν,
3356 2097 3387 2150 δ
3409 2095 3467 2150 δέ
3497 2093 3735 2166 σταυρὸς

2142 2187 2501 2258 ἀσφαλίζεται
2540 2186 2802 2242 διάνοιαν.
2848 2184 3022 2240 Τοῦτο
3054 2183 3328 2255 δαιμόνων
3367 2183 3730 2254 ἀμυντήριον,

2138 2275 2296 2331 τοῦτο
2335 2276 2398 2331 τὸ
2440 2275 2681 2347 διάδημα
2736 2273 3062 2346 νοσημάτων
3109 2271 3290 2343 ψυχῆς
3342 2271 3689 2341 άναιρετικόν
3713 2287 3729 2302 ο

2138 2363 2296 2418 τοῦτο
2324 2365 2487 2419 ὅπλον
2515 2364 2834 2434 ἀχείρωτον,
2875 2360 3033 2414 τοῦτο
3072 2362 3249 2428 τεῖχος
3284 2359 3496 2429 ἄμαχον
3519 2375 3534 2390 ·
3568 2356 3734 2413 τοῦτο

2138 2452 2409 2522 ἀσφάλεια
2437 2450 2879 2518 ἀκαταγώνιστος
2900 2464 2915 2478 ο
2957 2448 3018 2500 οὐ
3055 2445 3349 2517 βαρϐάρων
3389 2445 3632 2515 ἐφόδους,
3663 2447 3733 2500 οὐ

2137 2538 2412 2609 πολεμίων
2473 2538 2634 2608 μόνον
2673 2535 3048 2608 καταδρομὰς,
3091 2533 3231 2587 ἀλλά
3260 2532 3359 2587 καὶ
3395 2532 3576 2588 αὐτῶν
3618 2532 3735 2589 τῶν

2131 2622 2343 2693 ἀγρίων
2385 2618 2658 2691 δαιμόνων
2700 2617 2916 2672 διαλύον
2954 2618 3053 2682 τάς
3097 2617 3404 2686 φάλαγγας.
3458 2617 3558 2672 Ἐν
3598 2619 3733 2686 ταῖς

2129 2713 2516 2784 λαμπρότησι
2537 2708 2657 2764 τῶν
2679 2709 2885 2778 ἁγίων.
2907 2709 3152 2782 Ἕτερος.
3189 2710 3287 2763 Ἐν
3309 2711 3485 2781 ἁγίου
3509 2713 3732 2781 εὐπρε-

2134 2803 2290 2868 πείᾳ.
2315 2799 2529 2862 Ἀλλος,
2565 2799 2666 2852 Ἐν
2686 2795 2838 2864 δόξῃ
2866 2794 3069 2864 ἁγίων.
3094 2793 3215 2846 Ἔτι
3236 2793 3366 2862 περὶ
3385 2792 3486 2862 τῆς
3511 2791 3732 2863 ἡμέρας

2133 2885 2443 2954 διαλέγεται
2468 2885 2568 2956 τῆς
2593 2900 2652 2936 τε
2687 2881 2971 2952 παρούσης
2995 2881 3093 2951 τῆς
3121 2897 3181 2933 τε
3212 2878 3534 2949 μελλούσης.
3565 2881 3730 2949 Λαμ-

2135 2973 2380 3043 πρότητα
2415 2972 2473 3024 δέ
2513 2969 2753 3023 ἐνταῦθα
2789 2968 2852 3021 τὸ
2889 2967 3084 3029 κάλλος
3126 2967 3262 3035 φησὶ
3300 2965 3407 3016 τῶν
3433 2965 3625 3030 ἁγίων.
3659 2967 3730 3020 τί

2136 3059 2235 3130 μὲν
2256 3056 2635 3130 λαμπρότερον
2663 3053 2878 3110 Παύλου
2901 3072 2917 3121 ;
2965 3054 3018 3107 τί
3044 3054 3102 3108 δὲ
3133 3053 3598 3124 περιφανέστερον
3623 3054 3700 3106 Πέ

2133 3163 2300 3218 τρου;
2333 3146 2381 3200 οἳ
2408 3145 2508 3216 τὴν
2532 3144 2863 3214 οἰκουμένην
2890 3141 3263 3213 περιέτρεχον,
3291 3141 3432 3212 ὑπὲρ
3453 3141 3544 3193 τὸν
3570 3140 3730 3210 ἥλιον

2133 3234 2464 3305 λάμποντες,
2494 3232 2565 3286 τὰ
2600 3232 2893 3304 σπέρματα
2912 3229 3015 3300 τῆς
3046 3228 3329 3290 εὐσεϐείας
3363 3227 3731 3282 καταϐάλλον-

2132 3337 2260 3386 τεςς
2303 3321 2392 3385 Ὦς
2413 3318 2526 3391 7&9
2555 3319 2614 3386 ἐξ
2644 3316 2888 3390 οὐρανῶν
2910 3315 3131 3385 ἄγγελοι
3156 3313 3515 3377 καταϐάντες,
3547 3313 3730 3378 οὕτως

2130 3403 2269 3480 ἦσαν
2304 3409 2471 3463 πᾶσιν
2502 3405 2786 3478 ἀπρόσιτοι
2809 3405 2861 3460 δ.
2890 3402 3062 3459 Τοῦτο
3097 3402 3311 3464 δεικνὺς
3350 3402 3378 3454 ό
3420 3401 3483 3455 τὸ
3518 3399 3728 3472 βιϐλίον

2130 3495 2241 3549 τῶν
2282 3493 2542 3566 Πράξεων
2588 3491 2836 3558 συνθεὶς,
2867 3491 3072 3560 ἔλεγεν,
3109 3490 3190 3544 ὅτι
3243 3487 3455 3555 Οὐδείς
3496 3488 3729 3558 ἐτόλμα

2133 3579 2474 3637 κολλᾶσθαι
2501 3579 2728 3646 αὐτοῖς.
2756 3577 2862 3632 Καὶ
2875 3578 2985 3650 γάρ
3005 3575 3075 3630 τὰ
3097 3573 3289 3647 ίμάτια
3310 3574 3489 3628 αὐτῶν
3517 3573 3723 3646 πολλῆς

2133 3671 2300 3743 ἔγεμε
2345 3671 2587 3744 χάριτος,
2623 3670 2720 3724 καὶ
2768 3669 2827 3724 αί
2876 3667 3028 3721 σκιαὶ
3063 3665 3173 3719 τῶν
3212 3664 3484 3736 σωμάτων
3521 3664 3729 3736 πολλὴν·

2134 3759 2509 3815 ἐπεδείκνυντο
2540 3756 2791 3829 δύναμιν.
2813 3755 2878 3810 Εἰ
2909 3755 2966 3810 δέ
2994 3752 3228 3808 ἐνταῦθα
3247 3751 3499 3816 τοιοῦτοι.
3533 3753 3726 3823 ἐννόη-

2134 3848 2228 3903 σόν
2274 3865 2365 3920 μοι
2411 3844 2556 3902 κατά
2593 3845 2692 3917 τὴν
2745 3843 2964 3916 ἡμέραν
3003 3840 3252 3912 ἐκείνην,
3299 3840 3428 3894 ὅταν
3465 3838 3723 3911 ἄφθαρτα

2133 3935 2365 4006 σώματα
2403 3932 2641 3989 λάϐωσιν
2664 3970 2680 3992 ,
2708 3931 2840 3986 ὅταν
2877 3927 3156 3993 ἀθάνατα,
3189 3927 3319 3982 ὅταν
3353 3926 3494 3998 ὑπὲρ
3537 3927 3724 3981 πᾶσαν

2129 4021 2416 4094 ὁρωμένην
2457 4019 2822 4091 λαμπρότητα
2863 4013 3258 4071 ἀποστίλϐοντα
3277 4053 3294 4080 ,
3322 4014 3470 4079 τίνες
3498 4014 3718 4070 ἐσσνται

2129 4104 2276 4166 οὖτοί
2300 4125 2362 4164 τε
2381 4107 2478 4163 καὶ
2499 4108 2550 4162 οἰ
2574 4104 2786 4171 τούτοις
2812 4102 3050 4166 ἐοικότες
3070 4101 3348 4175 προφῆται
3372 4103 3470 4157 καὶ
3490 4102 3722 4157 ἀπόστο·

2130 4198 2236 4262 λοι,
2267 4196 2364 4252 καὶ
2399 4195 2732 4261 δίκαιοι,Μί
2754 4192 3054 4264 μάρτυρες,
3088 4189 3184 4243 καὶ
3207 4189 3543 4261 όμολογηταὶ
3562 4227 3580 4254 ,
3619 4189 3720 4245 καὶ

2131 4285 2337 4348 πάντες
2356 4283 2409 4336 οἰ
2444 4280 2588 4336 κατά
2615 4283 2716 4352 τὴν
2745 4277 2976 4352 ἀρίστην
3013 4275 3290 4331 πολιτείαν
3318 4275 3722 4348 διαπρέψαντες

2131 4374 2190 4427 ἐν
2221 4375 2288 4444 τῇ
2313 4372 2495 4426 πίστει
2525 4371 2593 4441 τῇ
2621 4370 2703 4434 εἰς
2723 4367 2818 4422 τὸν
2844 4365 3102 4439 Χριστόν.
3148 4365 3433 4437 Ἑννόησόν
3463 4383 3556 4438 μοι
3584 4366 3718 4431 τοὺς

2129 4460 2342 4532 δήμους
2379 4458 2654 4522 ἐκείνους,
2682 4454 2782 4520 τάς
2808 4453 3135 4525 λαμπάδας,
3177 4453 3279 4517 τάς
3309 4453 3537 4517 ἀκτῖνας
3561 4495 3579 4520 ,
3607 4453 3714 4525 τὴν

2128 4551 2307 4617 δόξαν,
2343 4549 2446 4621 τὴν
2487 4547 2849 4618 εὐπρέπειαν,
2887 4545 2990 4615 τὴν
3025 4543 3359 4616 φαιδρότητα
3378 4581 3396 4608 ,
3440 4542 3541 4614 τὴν
3579 4561 3720 4597 παν-

2128 4640 2349 4711 ήγυριν.
2378 4639 2477 4703 Τίς
2506 4636 2682 4691 ταῦτα
2714 4634 3059 4707 παραστήσει
3080 4649 3096 4699 ;
3119 4633 3293 4703 Λόγος
3313 4633 3413 4704 μέν
3435 4631 3614 4697 οὐδείς
3632 4649 3647 4664 ·
3683 4631 3720 4704 ἡ

2127 4728 2186 4783 δέ
2227 4729 2395 4799 πεῖρα
2443 4725 2579 4797 μόνη
2637 4723 2826 4793 σαφῶς
2863 4720 3068 4788 διδάξει
3127 4721 3255 4784 τοὺς
3284 4721 3470 4788 ἀξίους
3510 4721 3719 4793 ταύτης

2129 4813 2384 4886 γενέσθαι
2404 4813 2506 4884 τῆς
2531 4811 2786 4884 θεωρίας,
2806 4808 2905 4881 τὴν
2922 4807 3287 4880 λαμπρότητα
3312 4807 3550 4877 ἐκείνην.
3567 4808 3617 4861 τ
3619 4825 3721 4862 αυ-

2127 4903 2222 4957 τὸν
2247 4902 2357 4973 7&9
2389 4897 2548 4972 οῐμαι
2577 4897 2918 4970 συμϐαίνειν,
2947 4889 3060 4951 οἷον
3099 4897 3150 4950 εἰ
3180 4894 3366 4948 πολλοὶ
3402 4895 3544 4966 ήλιοι
3577 4895 3720 4966 ὑπὲρ

2128 4991 2221 5046 τόν
2249 4988 2477 5063 οὐρανὸν
2509 4986 2780 5058 ἔλαμψαν,
2812 4987 2848 5058 ἢ
2877 4987 2928 5038 εί
2960 4987 3206 5055 συνεχεῖς
3230 4983 3508 5056 ἀστραπαί
3529 5000 3541 5013 ’
3575 4983 3716 5055 μᾶλ-

2130 5079 2221 5132 λον
2241 5077 2300 5132 δέ
2318 5079 2456 5148 ὅπερ
2481 5074 2547 5129 ἂν
2579 5074 2740 5142 εῖπω,
2769 5071 3086 5142 φιλονεικῶν
3112 5072 3464 5144 παραστῆσαι
3491 5071 3556 5124 τὸ
3587 5070 3717 5125 κάλ-

2129 5168 2220 5232 λος
2252 5165 2407 5240 [τοο]
2436 5165 2635 5230 ἐκεῖνο,
2656 5162 2719 5216 ού
2745 5161 3046 5233 δυνήσομαι
3075 5160 3196 5214 κατ’
3224 5160 3384 5228 ἀξίαν
3411 5161 3610 5215 εἰπεῖν.
3634 5159 3716 5212 Τὰ

2131 5255 2242 5325 7&9
2283 5250 2704 5324 παραδείγματα
2739 5249 2956 5303 ἅπαντα
3000 5248 3176 5302 ταῦτα
3219 5247 3546 5320 σωματικάο
3583 5249 3618 5318 ή
3658 5247 3717 5300 δέ

2129 5340 2471 5413 λαμπρότης,
2499 5337 2596 5392 καὶ
2621 5339 2656 5409 ή
2690 5337 2848 5403 δόξα,
2885 5337 2920 5408 ὴ
2958 5336 3080 5390 τότε
3110 5335 3378 5407 μέλλουσα
3409 5335 3713 5406 ἐκλάμπειν

2130 5431 2267 5496 ἐκεῖ,
2300 5427 2442 5498 ὑπὲρ
2473 5426 2618 5480 ἅπαν
2647 5424 2888 5479 τοιοῦτον
2921 5423 3118 5488 κάλλος
3150 5422 3463 5494 διαλάμψει.
3497 5423 3574 5476 Οὐ
3602 5421 3713 5492 γάρ

2131 5515 2380 5586 ἄφθαρτα
2411 5514 2560 5567 ἐσται
2583 5511 2655 5566 τὰ
2683 5512 2911 5582 σώματα
2944 5513 3129 5583 μόνον,
3150 5513 3271 5568 ούδέ
3289 5511 3556 5578 ἀθάνατα,
3578 5508 3713 5567 ἀλλά

2193 5708 2222 5751 δ
2250 5709 2372 5773 Reg.
2382 5707 2507 5768 ἦσαν
2525 5706 2676 5756 ἅπασι
2698 5703 3026 5768 περιμάχητοι.
