4058 6458
410 372 523 428 -275

419 491 654 544 tudinem
683 487 847 558 longo
873 485 1155 540 intervallo
1181 483 1472 553 superabit.
1519 483 1636 537 Non
1669 483 1840 537 solum
1871 481 2014 535 enim

413 588 574 632 erunt
602 578 670 632 ab
700 577 919 632 interitu
946 576 1115 630 aliena
1136 616 1151 638 ,
1184 583 1237 630 et
1274 574 1596 628 immortalia
1623 587 1848 643 corpora
1875 614 1890 640 ,
1920 572 2014 627 sed

417 677 544 723 tunc
569 669 729 724 etiam
761 668 1047 723 induentur
1073 668 1238 737 gloria
1267 663 1539 721 ineffabili.
1572 665 1637 718 In
1662 665 2016 735 splendoribus

415 770 726 814 sanctorum.
759 758 828 813 Ut
867 758 1116 814 ostendat
1152 773 1273 812 eum
1311 772 1414 810 non
1447 757 1740 813 terribilem
1767 771 1888 811 esse
1919 771 2012 810 so.

415 851 524 906 lum
546 893 562 916 ,
589 851 826 905 ostendit
851 852 969 919 ejus
997 848 1456 904 mansuetudinem
1487 856 1542 902 et
1568 846 1970 902 beneﬁcentiam
1993 887 2008 911 ,

411 949 641 1004 dicens:
673 946 740 1001 In
774 945 1124 1016 splendoribus
1163 954 1473 997 sanctorum.
1509 943 1578 997 Et
1615 943 1716 997 hoc
1753 952 1836 996 est
1871 941 2012 996 illius

415 1041 689 1110 potentiae,
713 1054 806 1094 eos
834 1040 972 1094 adeo
996 1039 1170 1098 claros
1194 1039 1458 1094 reddere:
1485 1038 1624 1108 quod
1651 1037 1849 1092 Paulus
1872 1053 2008 1107 quo-

411 1147 516 1200 que
557 1130 863 1200 signiﬁcans
887 1172 902 1195 ,
943 1129 1157 1184 dicebat
1195 1145 1208 1181 :
1258 1129 1357 1197 Qui
1399 1128 1777 1199 transformabit
1819 1143 2011 1196 corpus

413 1221 711 1275 humilitatis
746 1231 931 1278 nostri!
954 1263 970 1287 ,
1001 1230 1056 1274 ut
1084 1221 1270 1288 fiamus
1295 1223 1581 1290 conformes
1603 1218 1806 1289 corpori
1833 1217 2010 1290 gloria

409 1316 520 1382 ejus
549 1312 772 1385 (Philip.
800 1315 854 1368 3.
876 1313 994 1381 21).

480 1407 534 1459 7.
579 1405 783 1460 Deinde
811 1419 1063 1474 quoniam
1090 1419 1202 1460 rem
1229 1402 1438 1457 dixerat
1463 1416 1712 1472 magnam
1736 1409 1790 1456 et
1817 1399 2006 1456 inell‘a-

412 1496 571 1550 bilem
592 1537 608 1560 ,
636 1496 917 1565 subjunxit
957 1512 970 1549 :
1017 1494 1311 1552 Secundum
1349 1493 1693 1563 operationem
1716 1508 1817 1561 qua
1847 1499 2008 1561 potest

410 1585 582 1639 omnia
604 1586 699 1639 sibi
727 1585 990 1656 subjicere.
1033 1585 1111 1641 Ne
1137 1600 1349 1657 quaeras
1371 1624 1387 1650 ,
1421 1585 1592 1656 inquit
1609 1625 1624 1649 ,
1659 1583 1930 1653 quomodo
1954 1589 2010 1638 et

409 1691 638 1746 quanam
677 1678 905 1731 ratione.
957 1677 1142 1732 Potest
1173 1676 1316 1731 enim
1345 1689 1696 1745 qumcumque
1721 1673 1852 1730 vult.
1899 1673 2005 1729 Sed

411 1779 580 1834 quare
622 1781 730 1820 non
768 1766 941 1831 dixit,
976 1765 1031 1820 In
1068 1765 1354 1835 splendore
1388 1775 1696 1826 sanctorum
1721 1805 1738 1829 ,
1770 1764 1863 1820 sed
1886 1805 1901 1829 ,
1942 1763 2007 1822 In

409 1858 762 1927 splendoribus
777 1858 938 1931 (Ibid.
949 1860 967 1928 )
979 1859 1002 1911 1?
1015 1858 1146 1926 Quia
1161 1859 1324 1913 multa
1337 1867 1461 1914 sunt
1473 1857 1744 1915 etdiversa
1763 1857 2003 1927 pratmia.

409 1949 527 2004 Alia
553 1960 626 2003 est
666 1951 798 2003 enim
839 1951 1004 2021 gloria
1027 1951 1149 2005 solis
1172 1947 1191 2017 ,"
1221 1961 1268 2003 et
1297 1949 1402 2008 alia
1429 1949 1592 2020 gloria
1621 1949 1760 2005 lunt!
1783 1963 1802 2012 ,’
1828 1957 1874 2003 et
1901 1948 2004 2001 alia

410 2041 574 2109 gloria
597 2041 876 2094 stellarum.
903 2038 970 2094 Ut
992 2039 1128 2097 enim
1151 2039 1301 2094 stella
1319 2056 1352 2093 a
1373 2038 1521 2093 stella
1546 2037 1718 2104 di/fert
1743 2040 1796 2092 in
1815 2037 2000 2109 gloria,

411 2132 484 2183 ita
508 2131 602 2184 erit
627 2171 642 2194 ,
675 2131 882 2201 inquit,
909 2131 1061 2185 etiam
1087 2133 1386 2186 resurrectio
1413 2140 1727 2190 mortuorum
1752 2131 1772 2202 (
1795 2131 1849 2186 l.
1879 2129 2000 2189 Cor.

413 2223 502 2278 l5.
532 2223 594 2278 ll
620 2223 666 2293 ).
712 2224 777 2278 Et
804 2221 1049 2279 Christus
1077 2239 1090 2276 :
1119 2221 1186 2278 In
1211 2223 1364 2279 domo
1394 2221 1566 2278 Patris
1591 2223 1688 2277 ntei
1718 2223 2004 2283 mansiones

406 2314 581 2366 mutue
618 2326 737 2366 sunt
763 2315 782 2382 (
809 2312 970 2374 Joan.
1004 2315 1091 2372 14.
1120 2313 1158 2377 2
1182 2313 1226 2384 ).
1270 2313 1394 2369 Ideo
1433 2314 1688 2388 splendor
1720 2314 1812 2372 ille
1842 2317 2002 2370 linem

406 2421 514 2460 non
563 2406 756 2472 habet;
800 2422 973 2478 neque
1013 2408 1155 2466 enim
1181 2407 1325 2465 cedit
1363 2408 1544 2475 nocti,
1573 2421 1674 2464 nec
1709 2408 1887 2468 locum
1913 2408 2007 2466 dat

407 2499 643 2553 tenebris
664 2540 680 2564 ,
713 2499 806 2554 sed
837 2515 958 2563 cum
988 2500 1060 2554 sit
1101 2513 1324 2570 magnus
1348 2540 1365 2566 ,
1411 2499 1691 2561 ineﬂabilis
1714 2541 1731 2567 ,
1762 2509 1818 2556 et
1861 2499 2004 2560 hunc

403 2589 494 2658 qui
509 2587 717 2643 videtur
737 2589 895 2658 longe
913 2603 1194 2658 superans,
1211 2589 1374 2650 habet
1389 2590 1548 2645 etiam
1567 2590 1667 2646 hoc
1683 2591 1999 2660 maximum,

403 2679 546 2746 quod
578 2680 736 2734 linem
765 2693 870 2734 non
911 2679 1172 2750 suscipit:
1197 2678 1339 2748 quod
1365 2679 1580 2750 quidem
1608 2690 1691 2736 est
1717 2680 2002 2740 ineﬂabilis

409 2768 568 2839 Regis
615 2769 895 2839 potestatis
917 2811 933 2834 ,
971 2770 1114 2841 quod
1156 2784 1383 2840 corpora
1421 2786 1540 2841 qua:
1573 2779 1727 2827 erant
1763 2773 2000 2828 interitui

402 2860 630 2915 obnoxia
659 2871 714 2916 et
747 2861 946 2916 caduca
974 2903 990 2928 ,
1020 2862 1073 2917 in
1105 2869 1303 2917 tantam
1341 2863 1634 2934 potentiam
1663 2871 1719 2920 et
1744 2865 1996 2920 virtutem

401 2950 704 3011 deduxerit.
739 2953 939 3014 Deinde
973 2953 1226 3021 quoniam
1255 2968 1447 3026 magna
1471 2955 1716 3024 quaedam
1742 2955 1876 3011 dixit
1901 2996 1916 3021 ,
1948 2966 2003 3013 et

401 3056 500 3113 spe
523 3045 820 3103 auditorem
844 3047 1050 3110 erexit,
1072 3046 1307 3102 ostendit
1328 3046 1445 3109 hac
1469 3062 1679 3118 quoque
1702 3048 1823 3119 jure
1844 3049 1957 3104 ﬁeri
1983 3067 1998 3104 :

399 3137 650 3206 quoniam
695 3137 784 3207 qui
831 3138 945 3191 inme
984 3135 1142 3201 facit,
1173 3137 1295 3194 talis
1322 3146 1408 3192 est
1436 3148 1489 3192 et
1521 3147 1717 3192 tantus.
1751 3139 1884 3209 Quis
1911 3141 2001 3196 ille

401 3243 561 3297 porro
585 3271 600 3294 ,
643 3230 733 3299 qui
776 3229 891 3284 hac
930 3229 1096 3286 facit?
1139 3229 1238 3298 Qui
1283 3241 1367 3287 est
1403 3216 1648 3300 ejusdem
1689 3247 1810 3287 cum
1842 3232 2000 3290 Patre

399 3321 729 3374 substantias.
761 3319 891 3380 Illud
916 3320 1060 3376 enim
1091 3320 1418 3392 signiﬁcans,
1443 3323 1715 3394 subjunxit
1744 3341 1758 3379 :
1783 3323 1868 3379 Ea:
1891 3334 2000 3381 ωε.

399 3427 458 3463 ro
486 3420 603 3464 ante
633 3411 899 3481 luciferum
921 3412 1072 3482 genui
1102 3422 1168 3470 te,
1723 3461 1725 3463 .

479 3504 623 3570 Ηωε,
656 3508 796 3561 Ante
819 3505 1102 3562 luciferum
1125 3508 1284 3576 genui
1309 3515 1380 3573 te,
1417 3507 1481 3563 de
1506 3508 1828 3578 generatione
1850 3518 1998 3565 ater.-

399 3611 465 3648 ua
507 3596 692 3650 Clu-isti
732 3597 988 3658 dicuntur,
1034 3597 1359 3668 Operationis
1397 3607 1444 3652 et
1485 3606 1682 3654 natura
1709 3598 1992 3660 diversitas,

398 3687 598 3743 -Sed
652 3689 746 3758 qui
776 3689 889 3743 haec
931 3689 1094 3745 verba
1144 3691 1213 3745 ad
1261 3705 1417 3745 suum
1467 3706 1686 3746 sensum
1739 3700 1992 3762 vertunt,

395 3782 728 3840 contendunt
771 3781 888 3837 haec
931 3782 1072 3838 dicta
1115 3797 1238 3838 esse
1283 3783 1353 3838 de
1398 3785 1744 3853 generatione
1781 3786 1991 3841 carnis.

398 3874 678 3944 Quomodo
703 3888 855 3944 ergo,
885 3874 992 3941 dic,
1023 3888 1229 3944 quaeso,
1264 3875 1393 3929 Ante
1423 3876 1733 3944 luciferum?
1759 3875 1833 3932 Ita
1859 3877 1995 3935 dixit

396 3975 606 4021 noctem
632 3980 736 4036 qua
761 3974 917 4020 natus
942 3974 1028 4021 est
1050 3983 1062 4020 :
1087 3975 1244 4023 natus
1267 3975 1352 4022 est
1368 3967 1512 4026 'euim
1533 3976 1657 4022 ante
1677 3967 1990 4024 diluculum.

397 4057 505 4113 Sed
534 4056 636 4112 hoc
661 4072 767 4112 non
792 4065 879 4112 est
903 4056 1084 4112 dicere
1109 4057 1250 4126 quod
1279 4058 1557 4127 qumritur,
1585 4071 1759 4127 neque
1786 4056 1889 4112 hoc
1913 4056 1994 4119 di-

393 4149 468 4203 xit
493 4149 664 4219 gratia
689 4148 926 4204 historia
949 4165 966 4204 :
993 4159 1050 4204 at
1075 4148 1276 4221 alioqui
1299 4164 1404 4204 non
1431 4157 1658 4219 possunt
1681 4149 1990 4215 ostendere,

394 4239 449 4296 id
475 4241 620 4310 quod
643 4239 940 4296 docuerunt
958 4241 1318 4312 evangelista,
1341 4241 1540 4296 dictum
1566 4255 1687 4298 esse
1707 4256 1736 4296 a
1760 4241 1992 4312 prophe-

391 4332 478 4396 tis,
505 4332 594 4400 qui
620 4332 851 4388 maxima
875 4347 940 4388 ex
967 4342 1119 4402 parte
1142 4333 1370 4388 obscure
1407 4333 1715 4402 loquuntur.
1743 4333 1841 4388 Hic
1861 4348 1989 4404 ergo

391 4425 518 4484 illud
541 4467 556 4489 ,
587 4427 718 4480 Ante
749 4427 1018 4498 luciferum
1039 4465 1058 4493 ,
1092 4441 1199 4481 non
1229 4427 1360 4481 dicit
1382 4435 1505 4481 ante
1532 4433 1708 4480 ortum
1737 4426 1943 4482 lucileri
1967 4468 1984 4493 ,

387 4517 481 4573 sed
510 4529 634 4573 ante
658 4527 933 4584 naturam,
966 4526 1253 4587 antequam
1284 4517 1454 4577 factus
1480 4525 1626 4574 esset
1648 4516 1854 4574 lucifer.
1881 4519 1986 4574 So-

388 4611 460 4665 let
479 4610 622 4665 enim
643 4609 916 4679 Scriptura
940 4608 1058 4665 hac
1075 4608 1426 4679 distinguere,
1446 4607 1663 4679 quando
1681 4608 1828 4673 dicit,
1848 4611 1986 4665 Ante

392 4717 656 4773 naturam,
678 4717 734 4764 et
757 4705 993 4778 quando,
1016 4706 1155 4761 Ante
1175 4706 1574 4776 operationem;
1603 4712 1662 4758 ut
1679 4718 1800 4759 cum
1821 4704 1981 4760 dicit:

393 4797 604 4866 Oportet
632 4799 909 4869 pravenire
934 4797 1239 4856 matutinum
1261 4797 1328 4854 ad
1357 4797 1548 4868 gratias
1569 4796 1794 4866 agendas
1816 4796 1905 4850 tibi
1926 4798 1978 4863 ¹;

386 4899 432 4944 et
460 4901 576 4944 ante
599 4901 764 4946 ortum
791 4893 918 4946 lucis
947 4900 995 4947 te
1020 4891 1252 4961 alloqui(
1279 4891 1411 4961 Sap.
1436 4891 1522 4946 16.
1553 4890 1626 4950 28
1647 4893 1686 4961 ).
1715 4890 1812 4946 llic
1835 4891 1980 4946 enim

383 4982 515 5041 dicit
551 4983 889 5037 matutinum.
931 4981 1048 5037 Non
1069 4981 1216 5036 ‘disit
1243 4983 1386 5041 enim
1407 5023 1430 5046 ,.
1451 4983 1588 5036 Ante
1615 4983 1783 5037 solem
1801 5023 1819 5049 ,
1847 4982 1940 5036 sed
1961 5023 1977 5046 ,

385 5074 514 5130 Ante
538 5084 702 5130 ortum
713 5091 735 5138 ;
762 5076 1049 5139 non,Ante
1077 5085 1325 5130 naturam
1359 5091 1372 5127 :
1405 5084 1529 5129 ante
1558 5083 1804 5130 naturam
1831 5075 1978 5135 enim

383 5167 514 5222 solis
541 5167 670 5222 nihil
695 5170 892 5224 factum
919 5175 1035 5232 est;
1065 5167 1180 5233 sed,
1199 5168 1336 5223 Ante
1362 5178 1539 5224 ortum
1559 5166 1708 5229 solis.
1732 5176 1792 5222 ut
1814 5167 1979 5237 signi-

383 5258 569 5314 ﬁcaret
603 5258 918 5315 diluculum.
955 5259 1159 5313 Alieuhi
1193 5271 1373 5314 autem
1398 5257 1614 5329 quando
1640 5259 1805 5325 dicit,
1836 5260 1977 5315 Ante

380 5349 497 5418 ejus
521 5358 784 5416 naturam,
811 5365 918 5404 non
943 5349 1089 5416 dicit,
1118 5351 1258 5407 Ante
1280 5359 1480 5416 ortum,
1503 5350 1764 5414 sed,Ante
1785 5353 1974 5418 solem;

380 5451 441 5497 ut
469 5441 682 5512 quando
707 5442 835 5498 dicit
867 5461 881 5498 :
906 5442 1038 5497 Ante
1057 5445 1217 5498 solent
1249 5453 1506 5515 permanet
1536 5459 1719 5500 nomen
1743 5445 1872 5514 ejus.
1905 5443 1974 5498 Et

382 5543 509 5586 ante
517 5533 692 5586 lunam
711 5534 1056 5602 generationes
1075 5535 1454 5605 generationem
1473 5532 1648 5606 (Psal.
1671 5535 1731 5593 7|
1744 5575 1760 5589 .
1785 5536 1872 5590 17.
1892 5533 1969 5607 5).

450 5744 466 5774 ί
493 5741 930 5814 [ρευιῃιιιιιηςβὶο
958 5747 1145 5814 habent
1173 5748 1340 5814 Greca
1374 5749 1554 5807 Biblia.
1590 5750 1863 5814 Sapientia:
1889 5750 1962 5812 l6,

382 5804 446 5854 $8
512 5805 592 5854 Aci
613 5807 794 5867 φθάνειν
816 5810 950 5865 ἥλιον
974 5811 1046 5859 ἐπ’
1069 5810 1372 5873 εὐχαριστίαν
1405 5828 1514 5860 σου.

1133 368 1190 424 S.
1229 366 1509 424 JOANNIS
1532 363 2015 422 CHRYSOSTOMI
2057 365 2375 420 AnClllEP.
2419 365 2970 428 CONSTANTINOP.

3624 375 3726 434 270

2124 481 2588 549 Quemadmodum
2615 499 2746 554 ergo
2770 485 2913 541 aliud
2940 492 3024 540 est
3045 527 3062 554 ,
3091 486 3222 544 Ante
3246 489 3434 553 solent,
3465 499 3520 544 et
3545 490 3686 545 aliud
3711 533 3725 553 ,

2123 574 2254 627 Ante
2271 585 2436 630 ortum
2457 577 2612 638 soh‘s;
2639 575 2739 630 hoc
2761 578 2905 632 enim
2931 577 3302 646 operationem
3333 580 3467 635 solis
3492 591 3546 635 ct
3572 597 3732 637 mane

2120 665 2384 735 signiﬁcat
2407 709 2422 733 ,
2457 667 2583 721 illud
2611 683 2742 723 vi'ro
2779 680 3060 734 naturam;
3094 670 3164 724 ita
3194 671 3355 728 etiam
3389 673 3477 727 hic
3502 714 3516 735 ,
3549 675 3594 728 si
3629 691 3726 725 vo-

2123 756 2310 812 luisset
2327 758 2624 827 signiﬂcare
2645 769 2881 828 noctem,
2896 776 3003 814 non
3024 761 3268 827 dixisset,
3290 763 3416 817 Ante
3432 764 3718 834 luciferum,
3759 778 3764 782 '

2121 850 2215 904 sed
2239 894 2252 908 .
2285 852 2422 905 Ante
2457 864 2634 907 ortum
2662 851 2892 907 lucileri.
2925 854 2992 907 Et
3020 855 3214 925 alioqui
3239 857 3486 912 Christus
3512 873 3725 928 quoque

2120 940 2263 996 hunc
2291 943 2561 998 Psalmum
2589 945 2794 1014 accepit
2836 962 2944 1000 non
2982 945 3052 1001 de
3091 947 3338 1004 humana:
3377 951 3556 1004 carnis
3580 965 3728 1007 meo-

2118 1033 2296 1086 nomizi
2319 1074 2335 1096 ,
2371 1031 2466 1087 sed
2508 1034 2574 1089 de
2607 1035 2956 1104 generatione
2983 1051 3080 1106 per
3107 1037 3389 1107 Spiritum.
3421 1039 3556 1095 Cum
3580 1042 3726 1096 enim

2116 1121 2342 1178 dixisset
2367 1121 2565 1179 Judxis
2597 1143 2611 1179 :
2647 1126 2784 1193 Quid
2814 1129 2952 1182 nobis
2989 1130 3184 1183 videtur
3217 1131 3281 1191 de
3305 1131 3506 1186 Christo
3527 1133 3554 1187 7
3577 1135 3730 1203 cujus

2115 1223 2188 1268 est
2207 1215 2386 1282 filius?
2412 1224 2692 1286 postquam
2717 1217 2971 1281 dixerunt
2995 1237 3007 1274 :
3039 1220 3209 1276 David
3229 1263 3244 1287 ,
3273 1222 3549 1292 subiunxit
3577 1223 3728 1279 Psal-

2115 1321 2283 1368 mum,
2302 1308 2514 1362 dicens:
2533 1309 2799 1374 Quomodo
2814 1327 2933 1381 ergo
2951 1311 3076 1366 dicit
3089 1310 3260 1366 David
3277 1327 3297 1366 :
3312 1311 3458 1370 Dixit
3474 1313 3726 1378 Dominus

2113 1397 2338 1453 Domino
2363 1417 2494 1466 meo,
2526 1401 2662 1456 Sede
2703 1417 2736 1454 a
2780 1403 2974 1463 dextris
3013 1405 3180 1458 meis!
3215 1403 3275 1460 Si
3309 1422 3429 1476 ergo
3469 1404 3726 1464 Dominus

2114 1490 2226 1558 ejus
2264 1500 2380 1554 est,
2423 1492 2676 1560 quonaodo
2721 1493 3062 1559 υοι,άὶεἰιὶι,
3108 1495 3244 1563 quod
3295 1505 3380 1550 est
3421 1497 3534 1566 ejns
3583 1497 3726 1566 ﬁlius

2114 1579 2326 1651 (Matth.
2347 1581 2441 1635 22.
2469 1582 2726 1652 42-45)?
2751 1584 2888 1650 Quid
2917 1595 3000 1640 est
3019 1599 3151 1656 ergo
3179 1586 3320 1655 quod
3352 1586 3592 1641 dicitur?
3623 1587 3726 1642 Ve-

2113 1686 2230 1732 ram
2267 1681 2323 1726 et
2358 1686 2670 1741 germanam
2714 1673 2803 1729 hic
2839 1674 3074 1732 ostendit
3112 1677 3538 1745 generationem.
3581 1678 3723 1745 Quid

2111 1762 2283 1831 ergo?
2321 1771 2406 1817 est
2434 1762 2610 1818 soltun
2647 1771 2773 1820 ante
2814 1763 3134 1825 luciferum?
3177 1765 3542 1848 Nequaquam.
3586 1768 3721 1824 Nam

2112 1853 2241 1907 dicit
2264 1853 2425 1906 etiam
2449 1853 2576 1910 alibi
2605 1873 2618 1917 ;
2650 1855 2781 1918 Ante
2805 1855 2981 1918 lunam
3001 1859 3215 1915 tltronns
3240 1860 3371 1928 ejus,
3406 1859 3475 1914 Et
3499 1875 3606 1915 non
3631 1876 3722 1915 so-i-

2113 1943 2223 2003 lum
2260 1953 2387 2006 ante
2422 1944 2638 2011 lunam;
2673 1961 2794 2001 nam
2822 1946 2892 2002 de
2917 1946 3075 2010 Patre
3114 1963 3330 2019 quoque
3353 1949 3482 2009 dicit
3513 1966 3529 2003 :
3556 1952 3719 2006 Ante-

2109 2051 2264 2105 quam
2289 2047 2484 2097 montes
2506 2037 2703 2106 ﬁerent,
2729 2047 2777 2093 et
2803 2042 3112 2110 [amaretur
3137 2051 3291 2106 terra,
3324 2052 3372 2095 et
3396 2043 3533 2098 orbis
3553 2054 3719 2098 terra-

2109 2141 2258 2192 rum,
2289 2144 2322 2183 a
2347 2131 2534 2190 secuto
2561 2137 2611 2182 et
2635 2129 2690 2183 in
2715 2130 2961 2184 sa‘cnlunt
2986 2140 3042 2184 tu
3065 2147 3119 2184 es
3153 2129 3325 2201 (Psal.
3355 2131 3447 2192 89.
3477 2131 3559 2203 2).
3589 2132 3710 2190 Νοιι

2109 2234 2141 2273 a
2168 2220 2367 2274 stacqu
2384 2220 2581 2287 solum,
2604 2221 2701 2277 sed
2722 2224 2883 2277 etiam
2903 2234 3028 2278 ante
3050 2225 3305 2281 sarculum
3329 2243 3344 2281 :
3370 2241 3544 2295 neque
3565 2229 3711 2283 enim

2108 2318 2195 2365 est
2217 2325 2388 2380 usque
2411 2309 2477 2365 ad
2503 2312 2782 2377 saeculum,
2809 2313 2904 2368 sed
2931 2314 2984 2368 in
3011 2314 3297 2370 inﬁnitum.
3323 2317 3400 2372 Ne
3425 2317 3716 2376 oﬂ‘endaris

2109 2408 2290 2464 autem
2320 2403 2373 2456 in
2402 2402 2731 2464 dictionibus
2749 2445 2764 2469 ,
2792 2405 2888 2464 sed
2917 2407 3132 2478 suscipe
3165 2407 3570 2479 intelligentiam
3594 2427 3717 2482 quae

2111 2494 2222 2550 Deo
2267 2497 2570 2558 conveniat.
2639 2495 2776 2555 Vide
2817 2509 2998 2557 autem
3045 2499 3325 2570 propheta:
3363 2502 3711 2572 sapientiam.

2109 2584 2380 2648 Psalmum
2431 2587 2693 2657 incipiens
2735 2603 2844 2646 non
2887 2589 2956 2645 ab
3000 2590 3084 2645 his
3117 2607 3273 2651 orsus
3302 2603 3386 2647 est
3416 2610 3430 2645 :
3459 2591 3545 2648 Ea:
3573 2605 3715 2651 utero

2106 2689 2228 2730 ante
2249 2678 2521 2748 luciferum
2547 2680 2703 2750 genui
2729 2690 2778 2734 te
2803 2699 2824 2742 ;
2848 2681 2943 2743 sed
2981 2697 3103 2745 cum
3134 2684 3283 2752 prius
3312 2685 3568 2753 praetura
3597 2688 3715 2756 ejus

2107 2767 2249 2825 facta
2285 2770 2653 2839 ostendisset,
2693 2780 2750 2833 et
2777 2773 2954 2842 ipsum
2994 2789 3091 2843 per
3118 2789 3280 2844 opera
3321 2776 3710 2849 praedicasset,

2108 2871 2291 2932 postea
2315 2864 2532 2933 proprio
2553 2864 2673 2920 loco
2692 2865 2809 2934 ejus
2829 2865 3144 2936 dignitatem
3170 2869 3427 2933 ostendit,
3451 2868 3526 2924 Ita
3549 2871 3711 2932 etiam

2106 2951 2320 3010 dicebat
2349 2954 2464 3024 ipse
2488 2972 2501 3007 :
2531 2954 2594 3016 Si
2613 2972 2715 3009 non
2734 2958 2870 3031 facio
2890 2973 3046 3026 opera
3070 2956 3245 3016 Patris
3273 2961 3391 3028 mei,
3413 2962 3569 3016 nolite
3587 2963 3713 3018 mihi

2059 3047 2062 3050 ’
2107 3045 2329 3103 credere.
2361 3046 2460 3101 Sin
2485 3057 2654 3101 autem
2681 3049 2850 3121 facio,
2879 3059 2926 3104 et
2949 3051 2994 3107 si
3022 3051 3148 3104 auiti
3173 3068 3274 3105 non
3303 3053 3550 3122 credatis,
3585 3071 3713 3125 ope-

2105 3137 2246 3191 ribus
2275 3138 2464 3199 credite
2487 3137 2670 3210 (Joan.
2697 3140 2784 3197 10.
2815 3141 2906 3211 37)
2940 3150 3038 3197 :ut
3064 3156 3187 3200 cum
3215 3141 3468 3206 didiceris
3492 3145 3636 3215 quod
3666 3147 3713 3206 is

2104 3237 2192 3283 est
2216 3229 2306 3299 qui
2331 3229 2482 3290 sedet
2506 3229 2572 3283 ad
2601 3229 2880 3295 dexteram
2907 3233 3099 3299 Patris,
3130 3234 3220 3304 qui
3246 3234 3503 3291 Dominus
3523 3236 3711 3305 appel-

2105 3321 2249 3378 latur
2278 3330 2336 3383 ut
2365 3323 2526 3377 Pater
2552 3324 2643 3393 qui
2672 3338 2856 3384 secum
2887 3324 3048 3382 habet
3078 3326 3430 3396 principatum
3456 3369 3474 3394 ,
3505 3330 3596 3403 qui
3628 3339 3710 3382 ta-

2103 3412 2209 3468 lem
2251 3413 2418 3471 allicit
2456 3415 2824 3480 splendorem,
2854 3417 2944 3486 qtti
2977 3417 3120 3475 inter
3163 3430 3353 3488 gentes
3377 3419 3710 3484 dominatum

2101 3504 2344 3571 obtinet,
2373 3520 2442 3560 ne
2469 3506 2807 3566 conturberis
2826 3547 2842 3574 ,
2874 3507 2918 3562 si
2948 3508 3184 3568 audieris
3212 3524 3334 3568 eum
3361 3525 3484 3566 esse
3513 3510 3707 3570 Filium

2101 3597 2264 3652 etiam
2290 3606 2416 3661 ante
2447 3599 2752 3660 universam
2777 3607 3102 3654 creaturam.
3143 3599 3272 3656 .lure
3309 3610 3490 3661 autem
3529 3601 3708 3658 admi-

2100 3687 2302 3746 randus
2342 3696 2429 3742 est
2476 3688 2734 3758 prapheta
2761 3729 2778 3753 ,
2824 3689 3098 3759 quomodo
3135 3689 3229 3748 illa
3265 3690 3484 3762 quidem
3513 3708 3578 3747 ex
3613 3692 3707 3752 Dei

2101 3793 2328 3849 persona
2355 3819 2370 3844 ,
2421 3779 2538 3834 haec
2563 3795 2694 3835 vero
2730 3793 2798 3834 ex
2845 3795 2943 3834 sua
2992 3795 3220 3850 persona
3265 3782 3524 3852 loquitur.
3573 3785 3707 3842 Illud

2099 3874 2262 3938 enim,
2293 3870 2428 3926 Sede
2450 3889 2483 3925 a
2501 3871 2693 3926 dextris
2713 3873 2835 3926 meis
2859 3887 2879 3926 :
2899 3880 2956 3928 et
2983 3871 3135 3938 illud,
3161 3871 3246 3936 Ea:
3269 3884 3413 3928 utero
3436 3885 3554 3929 ante
3576 3875 3706 3929 luci-

2097 3962 2262 4032 ferum
2281 3964 2432 4035 genui
2452 3973 2519 4025 te.
2543 3977 2662 4035 qua:
2685 3961 2836 4016 illum
2857 3963 3184 4032 superabant
3203 3963 3504 4032 altitudine,
3529 3966 3705 4035 ipsum

2099 4053 2268 4108 Deum
2295 4053 2603 4112 introducit
2627 4055 2904 4112 dicentem
2945 4071 2958 4107 :
2989 4053 3092 4114 alia
3131 4062 3313 4109 autem
3357 4055 3472 4125 ipse
3511 4054 3704 4114 refert.

2099 4144 2235 4202 Vide
2261 4154 2443 4207 autem
2473 4153 2672 4219 quanta
2703 4151 2885 4204 utatur
2909 4145 3237 4214 proprietate
3260 4145 3531 4202 dictionis.
3558 4147 3704 4210 Satis

2096 4235 2285 4292 fuisset
2313 4238 2456 4296 enim
2486 4237 2669 4291 dicere
2690 4275 2708 4300 ,
2754 4234 2920 4294 Genui
2963 4246 3012 4290 te
3052 4254 3071 4291 :
3113 4237 3207 4293 sed
3241 4248 3462 4309 propter
3486 4254 3583 4294 eos
3607 4240 3701 4311 qui

2096 4325 2244 4382 humi
2287 4336 2509 4396 serpunt
2533 4369 2549 4392 ,
2593 4335 2651 4385 ut
2688 4342 2874 4382 verant
2905 4328 3215 4389 ostenderet
3253 4331 3655 4399 generationem
3677 4371 3696 4401 ,

2093 4420 2254 4490 hujus
2289 4434 2504 4490 quoque
2537 4418 2791 4483 dictionis
2834 4420 3099 4476 meminit.
3154 4419 3224 4476 Et
3251 4421 3390 4483 sicut
3414 4437 3537 4476 cum
3566 4422 3697 4490 dicit

2091 4528 2332 4575 manum,
2365 4527 2470 4567 non
2499 4511 2549 4566 id
2573 4510 2703 4566 dicit
2728 4519 2787 4565 ut
2813 4525 3034 4565 manum
3059 4525 3182 4566 esse
3208 4512 3568 4581 suspicemur,
3596 4513 3692 4574 sed

2091 4616 2150 4659 ut
2180 4604 2540 4676 intelligamus
2569 4603 2787 4659 creandi
2823 4610 3147 4676 potestatem
3172 4644 3188 4668 ,
3236 4604 3306 4664 ita
3349 4604 3511 4659 etiam
3555 4605 3695 4666 uteri

2089 4698 2352 4764 meminit,
2382 4707 2438 4752 ut
2461 4711 2644 4752 veram
2670 4711 2790 4753 esse
2812 4695 3216 4765 generationem
3241 4696 3510 4752 ostendat.

2162 4790 2213 4848 8.
2267 4788 2471 4851 Deinde
2512 4788 2700 4850 volens
2752 4785 3088 4856 prophetiam
3131 4785 3185 4847 in
3230 4785 3452 4855 ﬁguram
3495 4787 3692 4857 judicis

2087 4891 2272 4952 aptare
2294 4922 2310 4948 ,
2352 4880 2420 4937 ad
2446 4894 2569 4935 eum
2598 4879 2763 4934 verba
2793 4877 2952 4944 iacit,
2981 4877 3125 4947 quod
3153 4876 3368 4950 quidem
3399 4876 3690 4938 vehemen-

2089 4974 2281 5030 tissimi
2309 4973 2510 5033 amoris
2537 4981 2590 5026 et
2619 4971 2844 5041 insignis
2863 4970 3041 5041 gaudii
3065 4979 3183 5034 erat
3209 4979 3266 5025 et
3289 4972 3486 5026 animm
3511 4987 3631 5040 quae
3656 4987 3690 5028 a

2083 5068 2268 5128 divino
2306 5066 2511 5135 Spiritu
2553 5064 2936 5136 occupabatur.
2974 5063 3030 5118 4.
3069 5063 3274 5118 Juravit
3323 5061 3592 5131 nonanus,
3640 5075 3689 5119 et

2084 5177 2186 5216 non
2215 5158 2471 5230 pmnitebit
2498 5173 2633 5216 eum.
2667 5156 2747 5210 Tu
2773 5172 2826 5213 es
2862 5155 3096 5213 sacerdos
3119 5157 3174 5210 in
3196 5165 3472 5219 teternutn,
3503 5171 3684 5213 εοεκη.

2083 5253 2206 5306 dum
2226 5251 2455 5306 ordinem
2484 5248 2844 5303 Melchisedec.
2878 5247 3038 5310 Vides
3067 5248 3340 5317 quomodo
3361 5246 3430 5302 ad
3461 5245 3513 5301 id
3540 5245 3685 5317 quod

2081 5353 2166 5399 est
2190 5341 2448 5399 humilius
2477 5339 2701 5395 deduxit
2726 5339 3026 5394 orationem
3047 5378 3062 5402 ,
3092 5337 3254 5392 modo
3281 5337 3348 5392 de
3371 5337 3683 5405 divinitate,

2083 5437 2245 5491 modo
2281 5433 2351 5489 de
2380 5433 2712 5487 humanitate
2751 5430 3060 5485 disserens?
3105 5428 3249 5500 quod
3277 5430 3442 5484 etiam
3482 5430 3684 5488 iaciunt

2078 5527 2443 5597 evangelista,
2475 5533 2532 5579 ut
2559 5525 2809 5594 utrinque
2839 5531 3189 5578 conservetur
3217 5521 3529 5594 dogmatnm
3562 5538 3683 5594 per-

2078 5618 2261 5673 fectio.
2284 5616 2355 5672 Et
2377 5630 2542 5688 quare
2561 5615 2716 5679 dixit,
2741 5615 3036 5673 Secundum
3055 5615 3290 5669 ordinem
3309 5613 3682 5671 Melchisedec?

2077 5711 2147 5768 Et
2175 5718 2392 5781 propter
2417 5716 2783 5770 sacramenta,
2823 5705 2967 5776 quod
3011 5706 3102 5761 ille
3143 5719 3360 5776 quoque
3401 5719 3600 5776 panem
3628 5715 3681 5762 et

2076 5805 2261 5862 vinum
2275 5801 2511 5862 Abraha:
2527 5801 2821 5868 obtulerit;
2852 5810 2907 5857 et
2931 5797 3074 5871 quod
3100 5799 3204 5856 hoc
3232 5797 3589 5856 sacerdotium
3614 5797 3683 5851 sit
