  <div class='ocr_page' id='page_1' title='image "/cluster/home/n/w/nwhite01/storage/ocr_20150623/55/ien.35556001660828/272.png"; bbox 0 0 4058 6438; ppageno 0'>
   <div class='ocr_carea' id='block_1_1' title="bbox 186 417 291 472">
    <p class='ocr_par' dir='ltr' id='par_1_1' title="bbox 186 417 291 472">
     <span class='ocr_line' id='line_1_1' title="bbox 186 417 291 472; baseline -0.01 0"><span class='ocrx_word' id='word_1_1' title='bbox 186 417 291 472; x_wconf 68' lang='grc' dir='ltr'>ΞΠ</span> 
     </span>
    </p>
   </div>
   <div class='ocr_carea' id='block_1_2' title="bbox 182 510 1802 601">
    <p class='ocr_par' dir='ltr' id='par_1_2' title="bbox 182 510 1802 601">
     <span class='ocr_line' id='line_1_2' title="bbox 182 510 1802 601; baseline -0.015 -14"><span class='ocrx_word' id='word_1_2' title='bbox 182 552 212 586; x_wconf 73' lang='grc' dir='ltr'><strong>ει</strong></span> <span class='ocrx_word' id='word_1_3' title='bbox 244 532 365 601; x_wconf 82' lang='lat' dir='ltr'><strong>lege</strong></span> <span class='ocrx_word' id='word_1_4' title='bbox 393 527 656 589; x_wconf 88' lang='lat' dir='ltr'><strong>liberum.</strong></span> <span class='ocrx_word' id='word_1_5' title='bbox 688 538 755 579; x_wconf 87' lang='lat' dir='ltr'><strong>ac</strong></span> <span class='ocrx_word' id='word_1_6' title='bbox 785 534 959 592; x_wconf 86' lang='lat' dir='ltr'><strong>neque</strong></span> <span class='ocrx_word' id='word_1_7' title='bbox 1004 517 1164 574; x_wconf 85' lang='lat' dir='ltr'><strong>liuent</strong></span> <span class='ocrx_word' id='word_1_8' title='bbox 1192 556 1207 578; x_wconf 87' lang='lat'><strong>.</strong></span> <span class='ocrx_word' id='word_1_9' title='bbox 1240 515 1379 570; x_wconf 88' lang='lat' dir='ltr'><strong>sicut</strong></span> <span class='ocrx_word' id='word_1_10' title='bbox 1406 512 1537 568; x_wconf 82' lang='lat' dir='ltr'><strong>dicit</strong></span> <span class='ocrx_word' id='word_1_11' title='bbox 1563 510 1764 601; x_wconf 84' lang='lat' dir='ltr'><strong>Paulus</strong></span> <span class='ocrx_word' id='word_1_12' title='bbox 1789 550 1802 572; x_wconf 90' lang='lat'><strong>,</strong></span> 
     </span>
    </p>
   </div>
   <div class='ocr_carea' id='block_1_3' title="bbox 187 600 1808 695">
    <p class='ocr_par' dir='ltr' id='par_1_3' title="bbox 187 600 1808 695">
     <span class='ocr_line' id='line_1_3' title="bbox 187 600 1808 695; baseline -0.014 -15"><span class='ocrx_word' id='word_1_13' title='bbox 187 600 369 695; x_wconf 83' lang='lat' dir='ltr'><strong>neque</strong></span> <span class='ocrx_word' id='word_1_14' title='bbox 398 618 718 693; x_wconf 86' lang='lat' dir='ltr'><strong>principium</strong></span> <span class='ocrx_word' id='word_1_15' title='bbox 746 614 943 670; x_wconf 88' lang='lat' dir='ltr'><strong>habeat</strong></span> <span class='ocrx_word' id='word_1_16' title='bbox 970 608 1162 683; x_wconf 82' lang='lat' dir='ltr'><strong>(Hebr.</strong></span> <span class='ocrx_word' id='word_1_17' title='bbox 1186 608 1238 663; x_wconf 88' lang='lat'><strong>7.</strong></span> <span class='ocrx_word' id='word_1_18' title='bbox 1265 606 1342 677; x_wconf 79' lang='grc'><strong>5).</strong></span> <span class='ocrx_word' id='word_1_19' title='bbox 1369 603 1523 674; x_wconf 83' lang='lat' dir='ltr'><strong>Quod</strong></span> <span class='ocrx_word' id='word_1_20' title='bbox 1549 605 1696 658; x_wconf 89' lang='lat' dir='ltr'><strong>enim</strong></span> <span class='ocrx_word' id='word_1_21' title='bbox 1719 600 1808 695; x_wconf 81' lang='lat' dir='ltr'><strong>illc</strong></span> 
     </span>
    </p>
   </div>
   <div class='ocr_carea' id='block_1_4' title="bbox 187 693 1806 776">
    <p class='ocr_par' dir='ltr' id='par_1_4' title="bbox 187 693 1806 776">
     <span class='ocr_line' id='line_1_4' title="bbox 187 693 1806 776; baseline -0.014 -4"><span class='ocrx_word' id='word_1_22' title='bbox 187 717 243 772; x_wconf 92' lang='lat' dir='ltr'><strong>in</strong></span> <span class='ocrx_word' id='word_1_23' title='bbox 272 693 465 773; x_wconf 77' lang='lat' dir='ltr'><strong>umbra</strong></span> <span class='ocrx_word' id='word_1_24' title='bbox 492 710 701 776; x_wconf 85' lang='lat' dir='ltr'><strong>habuit,</strong></span> <span class='ocrx_word' id='word_1_25' title='bbox 727 708 833 764; x_wconf 89' lang='lat' dir='ltr'><strong>hoc</strong></span> <span class='ocrx_word' id='word_1_26' title='bbox 856 718 1044 762; x_wconf 81' lang='lat' dir='ltr'><strong>revera</strong></span> <span class='ocrx_word' id='word_1_27' title='bbox 1074 701 1174 758; x_wconf 89' lang='lat' dir='ltr'><strong>fuit</strong></span> <span class='ocrx_word' id='word_1_28' title='bbox 1199 700 1253 756; x_wconf 92' lang='lat' dir='ltr'><strong>in</strong></span> <span class='ocrx_word' id='word_1_29' title='bbox 1276 698 1404 756; x_wconf 85' lang='lat' dir='ltr'><strong>Jesu</strong></span> <span class='ocrx_word' id='word_1_30' title='bbox 1431 716 1444 752; x_wconf 88' lang='lat'><strong>:</strong></span> <span class='ocrx_word' id='word_1_31' title='bbox 1468 707 1519 754; x_wconf 90' lang='lat' dir='ltr'><strong>et</strong></span> <span class='ocrx_word' id='word_1_32' title='bbox 1541 693 1806 768; x_wconf 88' lang='lat' dir='ltr'><strong>quemad-</strong></span> 
     </span>
    </p>
   </div>
   <div class='ocr_carea' id='block_1_5' title="bbox 191 788 1801 873">
    <p class='ocr_par' dir='ltr' id='par_1_5' title="bbox 191 788 1801 873">
     <span class='ocr_line' id='line_1_5' title="bbox 191 788 1801 873; baseline -0.016 -8"><span class='ocrx_word' id='word_1_33' title='bbox 191 808 414 865; x_wconf 82' lang='lat' dir='ltr'><strong>modum</strong></span> <span class='ocrx_word' id='word_1_34' title='bbox 445 805 667 861; x_wconf 89' lang='lat' dir='ltr'><strong>nomina</strong></span> <span class='ocrx_word' id='word_1_35' title='bbox 698 804 1112 873; x_wconf 65' lang='lat' dir='ltr'><strong>praecesserunt,</strong></span> <span class='ocrx_word' id='word_1_36' title='bbox 1142 804 1203 851; x_wconf 93' lang='lat' dir='ltr'><strong>ut</strong></span> <span class='ocrx_word' id='word_1_37' title='bbox 1225 793 1406 857; x_wconf 80' lang='lat' dir='ltr'><strong>Jesus,</strong></span> <span class='ocrx_word' id='word_1_38' title='bbox 1439 799 1499 845; x_wconf 90' lang='lat' dir='ltr'><strong>nt</strong></span> <span class='ocrx_word' id='word_1_39' title='bbox 1523 788 1801 846; x_wconf 74' lang='lat' dir='ltr'><strong>Christus:</strong></span> 
     </span>
    </p>
   </div>
   <div class='ocr_carea' id='block_1_6' title="bbox 191 881 1807 966">
    <p class='ocr_par' dir='ltr' id='par_1_6' title="bbox 191 881 1807 966">
     <span class='ocr_line' id='line_1_6' title="bbox 191 881 1807 966; baseline -0.014 -8"><span class='ocrx_word' id='word_1_40' title='bbox 191 905 264 959; x_wconf 79' lang='lat' dir='ltr'><strong>ita</strong></span> <span class='ocrx_word' id='word_1_41' title='bbox 290 902 395 956; x_wconf 88' lang='lat' dir='ltr'><strong>hoc</strong></span> <span class='ocrx_word' id='word_1_42' title='bbox 416 898 604 953; x_wconf 86' lang='lat' dir='ltr'><strong>etiam.</strong></span> <span class='ocrx_word' id='word_1_43' title='bbox 629 896 815 966; x_wconf 81' lang='lat' dir='ltr'><strong>Neque</strong></span> <span class='ocrx_word' id='word_1_44' title='bbox 837 906 967 962; x_wconf 85' lang='lat' dir='ltr'><strong>ergo</strong></span> <span class='ocrx_word' id='word_1_45' title='bbox 986 886 1347 947; x_wconf 70' lang='lat' dir='ltr'><strong>Melchisedec</strong></span> <span class='ocrx_word' id='word_1_46' title='bbox 1370 885 1582 940; x_wconf 75' lang='lat' dir='ltr'><strong>videtur</strong></span> <span class='ocrx_word' id='word_1_47' title='bbox 1607 881 1807 937; x_wconf 89' lang='lat' dir='ltr'><strong>habere</strong></span> 
     </span>
    </p>
   </div>
   <div class='ocr_carea' id='block_1_7' title="bbox 190 974 1806 1063">
    <p class='ocr_par' dir='ltr' id='par_1_7' title="bbox 190 974 1806 1063">
     <span class='ocr_line' id='line_1_7' title="bbox 190 974 1806 1063; baseline -0.014 -12"><span class='ocrx_word' id='word_1_48' title='bbox 190 995 402 1051; x_wconf 86' lang='lat' dir='ltr'><strong>dierum</strong></span> <span class='ocrx_word' id='word_1_49' title='bbox 429 989 751 1063; x_wconf 91' lang='lat' dir='ltr'><strong>principium</strong></span> <span class='ocrx_word' id='word_1_50' title='bbox 776 1027 793 1053; x_wconf 95' lang='lat'><strong>,</strong></span> <span class='ocrx_word' id='word_1_51' title='bbox 824 998 997 1056; x_wconf 84' lang='lat' dir='ltr'><strong>neque</strong></span> <span class='ocrx_word' id='word_1_52' title='bbox 1028 982 1188 1037; x_wconf 82' lang='lat' dir='ltr'><strong>linem</strong></span> <span class='ocrx_word' id='word_1_53' title='bbox 1216 980 1367 1045; x_wconf 49' lang='lat' dir='ltr'><strong>vitat;</strong></span> <span class='ocrx_word' id='word_1_54' title='bbox 1398 994 1501 1033; x_wconf 89' lang='lat' dir='ltr'><strong>non</strong></span> <span class='ocrx_word' id='word_1_55' title='bbox 1528 974 1670 1048; x_wconf 93' lang='lat' dir='ltr'><strong>quod</strong></span> <span class='ocrx_word' id='word_1_56' title='bbox 1699 989 1806 1030; x_wconf 91' lang='lat' dir='ltr'><strong>non</strong></span> 
     </span>
    </p>
   </div>
   <div class='ocr_carea' id='block_1_8' title="bbox 192 1065 1806 1152">
    <p class='ocr_par' dir='ltr' id='par_1_8' title="bbox 192 1065 1806 1152">
     <span class='ocr_line' id='line_1_8' title="bbox 192 1065 1806 1152; baseline -0.014 -11"><span class='ocrx_word' id='word_1_57' title='bbox 192 1088 411 1152; x_wconf 87' lang='lat' dir='ltr'><strong>habeat,</strong></span> <span class='ocrx_word' id='word_1_58' title='bbox 439 1083 535 1139; x_wconf 86' lang='lat' dir='ltr'><strong>sed</strong></span> <span class='ocrx_word' id='word_1_59' title='bbox 565 1078 709 1152; x_wconf 87' lang='lat' dir='ltr'><strong>quod</strong></span> <span class='ocrx_word' id='word_1_60' title='bbox 732 1078 852 1149; x_wconf 88' lang='lat' dir='ltr'><strong>ejus</strong></span> <span class='ocrx_word' id='word_1_61' title='bbox 872 1073 1186 1147; x_wconf 89' lang='lat' dir='ltr'><strong>geneal0gia</strong></span> <span class='ocrx_word' id='word_1_62' title='bbox 1212 1070 1357 1127; x_wconf 90' lang='lat' dir='ltr'><strong>nulla</strong></span> <span class='ocrx_word' id='word_1_63' title='bbox 1379 1070 1448 1125; x_wconf 88' lang='lat' dir='ltr'><strong>sit</strong></span> <span class='ocrx_word' id='word_1_64' title='bbox 1465 1068 1623 1123; x_wconf 82' lang='lat' dir='ltr'><strong>facta.</strong></span> <span class='ocrx_word' id='word_1_65' title='bbox 1645 1065 1806 1122; x_wconf 83' lang='lat' dir='ltr'><strong>Jesus</strong></span> 
     </span>
    </p>
   </div>
   <div class='ocr_carea' id='block_1_9' title="bbox 190 1156 1805 1245">
    <p class='ocr_par' dir='ltr' id='par_1_9' title="bbox 190 1156 1805 1245">
     <span class='ocr_line' id='line_1_9' title="bbox 190 1156 1805 1245; baseline -0.015 -11"><span class='ocrx_word' id='word_1_66' title='bbox 190 1189 373 1234; x_wconf 79' lang='lat' dir='ltr'><strong>autent</strong></span> <span class='ocrx_word' id='word_1_67' title='bbox 407 1188 582 1245; x_wconf 86' lang='lat' dir='ltr'><strong>neque</strong></span> <span class='ocrx_word' id='word_1_68' title='bbox 610 1170 929 1243; x_wconf 84' lang='lat' dir='ltr'><strong>principium</strong></span> <span class='ocrx_word' id='word_1_69' title='bbox 959 1166 1201 1231; x_wconf 90' lang='lat' dir='ltr'><strong>dierum,</strong></span> <span class='ocrx_word' id='word_1_70' title='bbox 1230 1176 1335 1227; x_wconf 84' lang='lat' dir='ltr'><strong>uec</strong></span> <span class='ocrx_word' id='word_1_71' title='bbox 1363 1161 1485 1215; x_wconf 67' lang='lat' dir='ltr'><strong>vitae</strong></span> <span class='ocrx_word' id='word_1_72' title='bbox 1516 1157 1677 1213; x_wconf 83' lang='lat' dir='ltr'><strong>finem</strong></span> <span class='ocrx_word' id='word_1_73' title='bbox 1706 1156 1805 1211; x_wconf 83' lang='lat' dir='ltr'><strong>ha-</strong></span> 
     </span>
    </p>
   </div>
   <div class='ocr_carea' id='block_1_10' title="bbox 192 1250 1807 1336">
    <p class='ocr_par' dir='ltr' id='par_1_10' title="bbox 192 1250 1807 1336">
     <span class='ocr_line' id='line_1_10' title="bbox 192 1250 1807 1336; baseline -0.016 -8"><span class='ocrx_word' id='word_1_74' title='bbox 192 1273 329 1336; x_wconf 86' lang='lat' dir='ltr'><strong>buit,</strong></span> <span class='ocrx_word' id='word_1_75' title='bbox 361 1283 469 1324; x_wconf 90' lang='lat' dir='ltr'><strong>non</strong></span> <span class='ocrx_word' id='word_1_76' title='bbox 496 1280 564 1323; x_wconf 91' lang='lat' dir='ltr'><strong>eo</strong></span> <span class='ocrx_word' id='word_1_77' title='bbox 591 1262 757 1320; x_wconf 89' lang='lat' dir='ltr'><strong>modo</strong></span> <span class='ocrx_word' id='word_1_78' title='bbox 776 1303 791 1326; x_wconf 93' lang='lat'><strong>,</strong></span> <span class='ocrx_word' id='word_1_79' title='bbox 821 1258 915 1316; x_wconf 86' lang='lat' dir='ltr'><strong>sed</strong></span> <span class='ocrx_word' id='word_1_80' title='bbox 941 1256 1084 1331; x_wconf 75' lang='lat' dir='ltr'><strong>quod</strong></span> <span class='ocrx_word' id='word_1_81' title='bbox 1129 1270 1230 1312; x_wconf 89' lang='lat' dir='ltr'><strong>nec</strong></span> <span class='ocrx_word' id='word_1_82' title='bbox 1257 1254 1310 1309; x_wconf 90' lang='lat' dir='ltr'><strong>in</strong></span> <span class='ocrx_word' id='word_1_83' title='bbox 1345 1256 1461 1323; x_wconf 81' lang='lat' dir='ltr'><strong>ipso</strong></span> <span class='ocrx_word' id='word_1_84' title='bbox 1490 1252 1559 1306; x_wconf 90' lang='lat' dir='ltr'><strong>sit</strong></span> <span class='ocrx_word' id='word_1_85' title='bbox 1585 1250 1807 1306; x_wconf 88' lang='lat' dir='ltr'><strong>omnino</strong></span> 
     </span>
    </p>
   </div>
   <div class='ocr_carea' id='block_1_11' title="bbox 193 1342 1808 1434">
    <p class='ocr_par' dir='ltr' id='par_1_11' title="bbox 193 1342 1808 1434">
     <span class='ocr_line' id='line_1_11' title="bbox 193 1342 1808 1434; baseline -0.014 -16"><span class='ocrx_word' id='word_1_86' title='bbox 193 1351 518 1434; x_wconf 73' lang='lat' dir='ltr'><strong>principium</strong></span> <span class='ocrx_word' id='word_1_87' title='bbox 579 1351 917 1423; x_wconf 79' lang='lat' dir='ltr'><strong>temporale,</strong></span> <span class='ocrx_word' id='word_1_88' title='bbox 970 1363 1071 1404; x_wconf 89' lang='lat' dir='ltr'><strong>nec</strong></span> <span class='ocrx_word' id='word_1_89' title='bbox 1119 1346 1263 1402; x_wconf 83' lang='lat' dir='ltr'><strong>linis.</strong></span> <span class='ocrx_word' id='word_1_90' title='bbox 1322 1343 1454 1399; x_wconf 88' lang='lat' dir='ltr'><strong>Illud</strong></span> <span class='ocrx_word' id='word_1_91' title='bbox 1499 1342 1642 1399; x_wconf 91' lang='lat' dir='ltr'><strong>enim</strong></span> <span class='ocrx_word' id='word_1_92' title='bbox 1691 1349 1808 1397; x_wconf 86' lang='lat' dir='ltr'><strong>erat</strong></span> 
     </span>
    </p>
   </div>
   <div class='ocr_carea' id='block_1_12' title="bbox 192 1435 1806 1517">
    <p class='ocr_par' dir='ltr' id='par_1_12' title="bbox 192 1435 1806 1517">
     <span class='ocr_line' id='line_1_12' title="bbox 192 1435 1806 1517; baseline -0.013 -8"><span class='ocrx_word' id='word_1_93' title='bbox 192 1452 406 1517; x_wconf 87' lang='lat' dir='ltr'><strong>umbra,</strong></span> <span class='ocrx_word' id='word_1_94' title='bbox 439 1448 545 1505; x_wconf 88' lang='lat' dir='ltr'><strong>hoc</strong></span> <span class='ocrx_word' id='word_1_95' title='bbox 569 1447 790 1502; x_wconf 88' lang='lat' dir='ltr'><strong>veritas.</strong></span> <span class='ocrx_word' id='word_1_96' title='bbox 820 1438 1284 1513; x_wconf 85' lang='lat' dir='ltr'><strong>Quemadmodum</strong></span> <span class='ocrx_word' id='word_1_97' title='bbox 1312 1452 1441 1508; x_wconf 84' lang='lat' dir='ltr'><strong>ergo</strong></span> <span class='ocrx_word' id='word_1_98' title='bbox 1469 1452 1593 1493; x_wconf 87' lang='lat' dir='ltr'><strong>cum</strong></span> <span class='ocrx_word' id='word_1_99' title='bbox 1618 1435 1806 1493; x_wconf 85' lang='lat' dir='ltr'><strong>Jesum</strong></span> 
     </span>
    </p>
   </div>
   <div class='ocr_carea' id='block_1_13' title="bbox 195 1527 1806 1608">
    <p class='ocr_par' dir='ltr' id='par_1_13' title="bbox 195 1527 1806 1608">
     <span class='ocr_line' id='line_1_13' title="bbox 195 1527 1806 1608; baseline -0.01 -9"><span class='ocrx_word' id='word_1_100' title='bbox 195 1542 372 1608; x_wconf 87' lang='lat' dir='ltr'><strong>audis,</strong></span> <span class='ocrx_word' id='word_1_101' title='bbox 414 1556 522 1597; x_wconf 90' lang='lat' dir='ltr'><strong>non</strong></span> <span class='ocrx_word' id='word_1_102' title='bbox 552 1553 677 1595; x_wconf 90' lang='lat' dir='ltr'><strong>eum</strong></span> <span class='ocrx_word' id='word_1_103' title='bbox 720 1537 811 1607; x_wconf 91' lang='lat' dir='ltr'><strong>qui</strong></span> <span class='ocrx_word' id='word_1_104' title='bbox 857 1549 985 1590; x_wconf 85' lang='lat' dir='ltr'><strong>vere</strong></span> <span class='ocrx_word' id='word_1_105' title='bbox 1025 1538 1113 1589; x_wconf 88' lang='lat' dir='ltr'><strong>est</strong></span> <span class='ocrx_word' id='word_1_106' title='bbox 1138 1530 1297 1588; x_wconf 83' lang='lat' dir='ltr'><strong>Jesus</strong></span> <span class='ocrx_word' id='word_1_107' title='bbox 1336 1528 1665 1600; x_wconf 75' lang='lat' dir='ltr'><strong>suSpicaris,</strong></span> <span class='ocrx_word' id='word_1_108' title='bbox 1710 1527 1806 1584; x_wconf 86' lang='lat' dir='ltr'><strong>sed</strong></span> 
     </span>
    </p>
   </div>
   <div class='ocr_carea' id='block_1_14' title="bbox 194 1619 1803 1698">
    <p class='ocr_par' dir='ltr' id='par_1_14' title="bbox 194 1619 1803 1698">
     <span class='ocr_line' id='line_1_14' title="bbox 194 1619 1803 1698; baseline -0.011 -7"><span class='ocrx_word' id='word_1_109' title='bbox 194 1633 434 1691; x_wconf 81' lang='lat' dir='ltr'><strong>nominis</strong></span> <span class='ocrx_word' id='word_1_110' title='bbox 458 1630 629 1687; x_wconf 86' lang='lat' dir='ltr'><strong>solam</strong></span> <span class='ocrx_word' id='word_1_111' title='bbox 654 1627 876 1698; x_wconf 79' lang='lat' dir='ltr'><strong>ﬁguram</strong></span> <span class='ocrx_word' id='word_1_112' title='bbox 898 1624 1120 1696; x_wconf 82' lang='lat' dir='ltr'><strong>accipis,</strong></span> <span class='ocrx_word' id='word_1_113' title='bbox 1148 1632 1205 1680; x_wconf 91' lang='lat' dir='ltr'><strong>et</strong></span> <span class='ocrx_word' id='word_1_114' title='bbox 1226 1622 1360 1678; x_wconf 82' lang='lat' dir='ltr'><strong>nihil</strong></span> <span class='ocrx_word' id='word_1_115' title='bbox 1380 1623 1519 1677; x_wconf 91' lang='lat' dir='ltr'><strong>ultra</strong></span> <span class='ocrx_word' id='word_1_116' title='bbox 1537 1619 1803 1693; x_wconf 85' lang='lat' dir='ltr'><strong>requiris:</strong></span> 
     </span>
    </p>
   </div>
   <div class='ocr_carea' id='block_1_15' title="bbox 195 1713 1806 1787">
    <p class='ocr_par' dir='ltr' id='par_1_15' title="bbox 195 1713 1806 1787">
     <span class='ocr_line' id='line_1_15' title="bbox 195 1713 1806 1787; baseline -0.009 -4"><span class='ocrx_word' id='word_1_117' title='bbox 195 1728 269 1783; x_wconf 85' lang='lat' dir='ltr'><strong>ita</strong></span> <span class='ocrx_word' id='word_1_118' title='bbox 296 1721 601 1783; x_wconf 62' lang='lat' dir='ltr'><strong>eumaudis</strong></span> <span class='ocrx_word' id='word_1_119' title='bbox 637 1717 996 1775; x_wconf 69' lang='lat' dir='ltr'><strong>blelt-ltisedce</strong></span> <span class='ocrx_word' id='word_1_120' title='bbox 1017 1756 1034 1783; x_wconf 93' lang='lat'><strong>,</strong></span> <span class='ocrx_word' id='word_1_121' title='bbox 1082 1716 1172 1787; x_wconf 90' lang='lat' dir='ltr'><strong>qui</strong></span> <span class='ocrx_word' id='word_1_122' title='bbox 1219 1730 1395 1786; x_wconf 89' lang='lat' dir='ltr'><strong>neque</strong></span> <span class='ocrx_word' id='word_1_123' title='bbox 1424 1714 1586 1770; x_wconf 83' lang='lat' dir='ltr'><strong>habet</strong></span> <span class='ocrx_word' id='word_1_124' title='bbox 1607 1713 1806 1785; x_wconf 91' lang='lat' dir='ltr'><strong>princi-</strong></span> 
     </span>
    </p>
   </div>
   <div class='ocr_carea' id='block_1_16' title="bbox 195 1805 1807 1891">
    <p class='ocr_par' dir='ltr' id='par_1_16' title="bbox 195 1805 1807 1891">
     <span class='ocr_line' id='line_1_16' title="bbox 195 1805 1807 1891; baseline -0.009 -17"><span class='ocrx_word' id='word_1_125' title='bbox 195 1822 341 1891; x_wconf 88' lang='lat' dir='ltr'><strong>pium</strong></span> <span class='ocrx_word' id='word_1_126' title='bbox 368 1858 385 1884; x_wconf 89' lang='lat'><strong>,</strong></span> <span class='ocrx_word' id='word_1_127' title='bbox 428 1830 530 1870; x_wconf 90' lang='lat' dir='ltr'><strong>nee</strong></span> <span class='ocrx_word' id='word_1_128' title='bbox 569 1811 730 1867; x_wconf 82' lang='lat' dir='ltr'><strong>linem</strong></span> <span class='ocrx_word' id='word_1_129' title='bbox 753 1851 768 1875; x_wconf 90' lang='lat'><strong>,</strong></span> <span class='ocrx_word' id='word_1_130' title='bbox 798 1825 865 1866; x_wconf 92' lang='lat' dir='ltr'><strong>ne</strong></span> <span class='ocrx_word' id='word_1_131' title='bbox 893 1807 944 1865; x_wconf 88' lang='lat' dir='ltr'><strong>id</strong></span> <span class='ocrx_word' id='word_1_132' title='bbox 985 1823 1196 1880; x_wconf 64' lang='lat' dir='ltr'><strong>quartis</strong></span> <span class='ocrx_word' id='word_1_133' title='bbox 1224 1807 1280 1863; x_wconf 91' lang='lat' dir='ltr'><strong>in</strong></span> <span class='ocrx_word' id='word_1_134' title='bbox 1306 1808 1383 1864; x_wconf 91' lang='lat' dir='ltr'><strong>rei</strong></span> <span class='ocrx_word' id='word_1_135' title='bbox 1415 1806 1641 1862; x_wconf 79' lang='lat' dir='ltr'><strong>veritate</strong></span> <span class='ocrx_word' id='word_1_136' title='bbox 1662 1848 1677 1872; x_wconf 92' lang='lat'><strong>,</strong></span> <span class='ocrx_word' id='word_1_137' title='bbox 1711 1805 1807 1861; x_wconf 90' lang='lat' dir='ltr'><strong>sed</strong></span> 
     </span>
    </p>
   </div>
   <div class='ocr_carea' id='block_1_17' title="bbox 196 1897 1808 1973">
    <p class='ocr_par' dir='ltr' id='par_1_17' title="bbox 196 1897 1808 1973">
     <span class='ocr_line' id='line_1_17' title="bbox 196 1897 1808 1973; baseline -0.009 -6"><span class='ocrx_word' id='word_1_138' title='bbox 196 1911 291 1966; x_wconf 90' lang='lat' dir='ltr'><strong>tibi</strong></span> <span class='ocrx_word' id='word_1_139' title='bbox 312 1906 543 1963; x_wconf 76' lang='lat' dir='ltr'><strong>sufﬁciat</strong></span> <span class='ocrx_word' id='word_1_140' title='bbox 558 1904 673 1959; x_wconf 86' lang='lat' dir='ltr'><strong>sola</strong></span> <span class='ocrx_word' id='word_1_141' title='bbox 687 1901 1012 1973; x_wconf 87' lang='lat' dir='ltr'><strong>appellatio:</strong></span> <span class='ocrx_word' id='word_1_142' title='bbox 1030 1901 1311 1957; x_wconf 79' lang='lat' dir='ltr'><strong>veritatem</strong></span> <span class='ocrx_word' id='word_1_143' title='bbox 1326 1908 1507 1955; x_wconf 87' lang='lat' dir='ltr'><strong>autem</strong></span> <span class='ocrx_word' id='word_1_144' title='bbox 1526 1900 1579 1955; x_wconf 89' lang='lat' dir='ltr'><strong>in</strong></span> <span class='ocrx_word' id='word_1_145' title='bbox 1591 1897 1808 1955; x_wconf 86' lang='lat' dir='ltr'><strong>Christo</strong></span> 
     </span>
    </p>
   </div>
   <div class='ocr_carea' id='block_1_18' title="bbox 194 1991 1809 2066">
    <p class='ocr_par' dir='ltr' id='par_1_18' title="bbox 194 1991 1809 2066">
     <span class='ocr_line' id='line_1_18' title="bbox 194 1991 1809 2066; baseline -0.008 -7"><span class='ocrx_word' id='word_1_146' title='bbox 194 2003 399 2059; x_wconf 84' lang='lat' dir='ltr'><strong>edisce.</strong></span> <span class='ocrx_word' id='word_1_147' title='bbox 426 1995 807 2066; x_wconf 82' lang='lat' dir='ltr'><strong>Jusjurandum</strong></span> <span class='ocrx_word' id='word_1_148' title='bbox 833 2009 965 2049; x_wconf 85' lang='lat' dir='ltr'><strong>vero</strong></span> <span class='ocrx_word' id='word_1_149' title='bbox 1003 1992 1220 2064; x_wconf 81' lang='lat' dir='ltr'><strong>quando</strong></span> <span class='ocrx_word' id='word_1_150' title='bbox 1239 1991 1512 2060; x_wconf 86' lang='lat' dir='ltr'><strong>audieris,</strong></span> <span class='ocrx_word' id='word_1_151' title='bbox 1546 2006 1615 2048; x_wconf 92' lang='lat' dir='ltr'><strong>ne</strong></span> <span class='ocrx_word' id='word_1_152' title='bbox 1651 1999 1809 2063; x_wconf 87' lang='lat' dir='ltr'><strong>putes</strong></span> 
     </span>
    </p>
   </div>
   <div class='ocr_carea' id='block_1_19' title="bbox 192 2084 1805 2162">
    <p class='ocr_par' dir='ltr' id='par_1_19' title="bbox 192 2084 1805 2162">
     <span class='ocr_line' id='line_1_19' title="bbox 192 2084 1805 2162; baseline -0.007 -12"><span class='ocrx_word' id='word_1_153' title='bbox 192 2108 320 2149; x_wconf 91' lang='lat' dir='ltr'><strong>esse</strong></span> <span class='ocrx_word' id='word_1_154' title='bbox 354 2088 753 2162; x_wconf 80' lang='lat' dir='ltr'><strong>jusjurandum.</strong></span> <span class='ocrx_word' id='word_1_155' title='bbox 796 2084 1264 2155; x_wconf 82' lang='lat' dir='ltr'><strong>Quemadmodum</strong></span> <span class='ocrx_word' id='word_1_156' title='bbox 1288 2086 1434 2142; x_wconf 89' lang='lat' dir='ltr'><strong>enim</strong></span> <span class='ocrx_word' id='word_1_157' title='bbox 1471 2086 1547 2141; x_wconf 87' lang='lat' dir='ltr'><strong>ira</strong></span> <span class='ocrx_word' id='word_1_158' title='bbox 1577 2086 1630 2140; x_wconf 91' lang='lat' dir='ltr'><strong>in</strong></span> <span class='ocrx_word' id='word_1_159' title='bbox 1662 2085 1805 2152; x_wconf 87' lang='lat' dir='ltr'><strong>Deo,</strong></span> 
     </span>
    </p>
   </div>
   <div class='ocr_carea' id='block_1_20' title="bbox 194 2178 1810 2251">
    <p class='ocr_par' dir='ltr' id='par_1_20' title="bbox 194 2178 1810 2251">
     <span class='ocr_line' id='line_1_20' title="bbox 194 2178 1810 2251; baseline -0.004 -10"><span class='ocrx_word' id='word_1_160' title='bbox 194 2187 273 2241; x_wconf 91' lang='lat' dir='ltr'><strong>ira</strong></span> <span class='ocrx_word' id='word_1_161' title='bbox 301 2198 412 2240; x_wconf 89' lang='lat' dir='ltr'><strong>non</strong></span> <span class='ocrx_word' id='word_1_162' title='bbox 441 2192 546 2249; x_wconf 88' lang='lat' dir='ltr'><strong>est,</strong></span> <span class='ocrx_word' id='word_1_163' title='bbox 573 2180 669 2237; x_wconf 90' lang='lat' dir='ltr'><strong>sed</strong></span> <span class='ocrx_word' id='word_1_164' title='bbox 700 2190 784 2236; x_wconf 88' lang='lat' dir='ltr'><strong>est</strong></span> <span class='ocrx_word' id='word_1_165' title='bbox 814 2181 896 2236; x_wconf 89' lang='lat' dir='ltr'><strong>vis</strong></span> <span class='ocrx_word' id='word_1_166' title='bbox 926 2178 1213 2251; x_wconf 89' lang='lat' dir='ltr'><strong>puniendi,</strong></span> <span class='ocrx_word' id='word_1_167' title='bbox 1248 2187 1298 2234; x_wconf 93' lang='lat' dir='ltr'><strong>et</strong></span> <span class='ocrx_word' id='word_1_168' title='bbox 1334 2194 1441 2235; x_wconf 92' lang='lat' dir='ltr'><strong>non</strong></span> <span class='ocrx_word' id='word_1_169' title='bbox 1474 2178 1810 2250; x_wconf 81' lang='lat' dir='ltr'><strong>perturbatio</strong></span> 
     </span>
    </p>
   </div>
   <div class='ocr_carea' id='block_1_21' title="bbox 195 2271 1807 2345">
    <p class='ocr_par' dir='ltr' id='par_1_21' title="bbox 195 2271 1807 2345">
     <span class='ocr_line' id='line_1_21' title="bbox 195 2271 1807 2345; baseline -0.003 -14"><span class='ocrx_word' id='word_1_170' title='bbox 195 2276 366 2333; x_wconf 83' lang='lat' dir='ltr'><strong>animi</strong></span> <span class='ocrx_word' id='word_1_171' title='bbox 391 2292 408 2332; x_wconf 74' lang='grc' dir='ltr'>ε</span> <span class='ocrx_word' id='word_1_172' title='bbox 433 2275 505 2331; x_wconf 88' lang='lat' dir='ltr'><strong>ita</strong></span> <span class='ocrx_word' id='word_1_173' title='bbox 529 2275 692 2332; x_wconf 88' lang='lat' dir='ltr'><strong>etiam</strong></span> <span class='ocrx_word' id='word_1_174' title='bbox 714 2272 1112 2345; x_wconf 81' lang='lat' dir='ltr'><strong>jusjurandum.</strong></span> <span class='ocrx_word' id='word_1_175' title='bbox 1148 2272 1291 2329; x_wconf 82' lang='lat' dir='ltr'><strong>Deus</strong></span> <span class='ocrx_word' id='word_1_176' title='bbox 1315 2272 1461 2329; x_wconf 91' lang='lat' dir='ltr'><strong>enim</strong></span> <span class='ocrx_word' id='word_1_177' title='bbox 1492 2287 1599 2327; x_wconf 92' lang='lat' dir='ltr'><strong>non</strong></span> <span class='ocrx_word' id='word_1_178' title='bbox 1628 2271 1771 2342; x_wconf 87' lang='lat' dir='ltr'><strong>jurat</strong></span> <span class='ocrx_word' id='word_1_179' title='bbox 1790 2312 1807 2339; x_wconf 92' lang='lat'><strong>,</strong></span> 
     </span>
    </p>
   </div>
   <div class='ocr_carea' id='block_1_22' title="bbox 193 2364 1808 2438">
    <p class='ocr_par' dir='ltr' id='par_1_22' title="bbox 193 2364 1808 2438">
     <span class='ocr_line' id='line_1_22' title="bbox 193 2364 1808 2438; baseline -0.003 -15"><span class='ocrx_word' id='word_1_180' title='bbox 193 2367 288 2423; x_wconf 82' lang='lat' dir='ltr'><strong>sed</strong></span> <span class='ocrx_word' id='word_1_181' title='bbox 330 2366 385 2423; x_wconf 90' lang='lat' dir='ltr'><strong>id</strong></span> <span class='ocrx_word' id='word_1_182' title='bbox 433 2366 565 2422; x_wconf 89' lang='lat' dir='ltr'><strong>dicit</strong></span> <span class='ocrx_word' id='word_1_183' title='bbox 605 2367 748 2438; x_wconf 87' lang='lat' dir='ltr'><strong>quod</strong></span> <span class='ocrx_word' id='word_1_184' title='bbox 798 2366 1022 2422; x_wconf 84' lang='lat' dir='ltr'><strong>omnino</strong></span> <span class='ocrx_word' id='word_1_185' title='bbox 1064 2366 1305 2422; x_wconf 89' lang='lat' dir='ltr'><strong>futurum</strong></span> <span class='ocrx_word' id='word_1_186' title='bbox 1357 2374 1460 2423; x_wconf 88' lang='lat' dir='ltr'><strong>est.</strong></span> <span class='ocrx_word' id='word_1_187' title='bbox 1517 2364 1808 2436; x_wconf 86' lang='lat' dir='ltr'><strong>Postquam</strong></span> 
     </span>
    </p>
   </div>
   <div class='ocr_carea' id='block_1_23' title="bbox 195 2457 1813 2530">
    <p class='ocr_par' dir='ltr' id='par_1_23' title="bbox 195 2457 1813 2530">
     <span class='ocr_line' id='line_1_23' title="bbox 195 2457 1813 2530; baseline -0.003 -15"><span class='ocrx_word' id='word_1_188' title='bbox 195 2474 328 2530; x_wconf 87' lang='lat' dir='ltr'><strong>ergo</strong></span> <span class='ocrx_word' id='word_1_189' title='bbox 398 2458 535 2514; x_wconf 90' lang='lat' dir='ltr'><strong>dixit</strong></span> <span class='ocrx_word' id='word_1_190' title='bbox 592 2459 935 2530; x_wconf 85' lang='lat' dir='ltr'><strong>splendorem</strong></span> <span class='ocrx_word' id='word_1_191' title='bbox 998 2467 1343 2524; x_wconf 88' lang='lat' dir='ltr'><strong>sanctorum,</strong></span> <span class='ocrx_word' id='word_1_192' title='bbox 1408 2457 1617 2529; x_wconf 88' lang='lat' dir='ltr'><strong>positos</strong></span> <span class='ocrx_word' id='word_1_193' title='bbox 1688 2469 1813 2511; x_wconf 54' lang='lat' dir='ltr'><strong>esse</strong></span> 
     </span>
    </p>
   </div>
   <div class='ocr_carea' id='block_1_24' title="bbox 197 2549 1814 2626">
    <p class='ocr_par' dir='ltr' id='par_1_24' title="bbox 197 2549 1814 2626">
     <span class='ocr_line' id='line_1_24' title="bbox 197 2549 1814 2626; baseline -0.003 -18"><span class='ocrx_word' id='word_1_194' title='bbox 197 2553 451 2609; x_wconf 84' lang='lat' dir='ltr'><strong>inimicos</strong></span> <span class='ocrx_word' id='word_1_195' title='bbox 496 2554 597 2610; x_wconf 81' lang='lat' dir='ltr'><strong>sub</strong></span> <span class='ocrx_word' id='word_1_196' title='bbox 642 2555 869 2624; x_wconf 85' lang='lat' dir='ltr'><strong>pedibus</strong></span> <span class='ocrx_word' id='word_1_197' title='bbox 896 2554 1049 2626; x_wconf 84' lang='lat' dir='ltr'><strong>ejus,</strong></span> <span class='ocrx_word' id='word_1_198' title='bbox 1082 2553 1225 2610; x_wconf 90' lang='lat' dir='ltr'><strong>diem</strong></span> <span class='ocrx_word' id='word_1_199' title='bbox 1256 2553 1374 2624; x_wconf 86' lang='lat' dir='ltr'><strong>ejus</strong></span> <span class='ocrx_word' id='word_1_200' title='bbox 1403 2551 1619 2608; x_wconf 80' lang='lat' dir='ltr'><strong>virtutis</strong></span> <span class='ocrx_word' id='word_1_201' title='bbox 1646 2568 1659 2604; x_wconf 91' lang='lat'><strong>:</strong></span> <span class='ocrx_word' id='word_1_202' title='bbox 1682 2549 1814 2606; x_wconf 89' lang='lat' dir='ltr'><strong>dicit</strong></span> 
     </span>
    </p>
   </div>
   <div class='ocr_carea' id='block_1_25' title="bbox 195 2642 1813 2725">
    <p class='ocr_par' dir='ltr' id='par_1_25' title="bbox 195 2642 1813 2725">
     <span class='ocr_line' id='line_1_25' title="bbox 195 2642 1813 2725; baseline -0.003 -24"><span class='ocrx_word' id='word_1_203' title='bbox 195 2645 456 2717; x_wconf 73' lang='lat' dir='ltr'><strong>deinceps</strong></span> <span class='ocrx_word' id='word_1_204' title='bbox 485 2648 793 2717; x_wconf 53' lang='lat' dir='ltr'><strong>prasentia.</strong></span> <span class='ocrx_word' id='word_1_205' title='bbox 821 2647 952 2702; x_wconf 72' lang='lat' dir='ltr'><strong>\‘ide</strong></span> <span class='ocrx_word' id='word_1_206' title='bbox 973 2656 1152 2701; x_wconf 88' lang='lat' dir='ltr'><strong>autem</strong></span> <span class='ocrx_word' id='word_1_207' title='bbox 1176 2660 1409 2725; x_wconf 84' lang='lat' dir='ltr'><strong>quonam</strong></span> <span class='ocrx_word' id='word_1_208' title='bbox 1436 2642 1626 2699; x_wconf 86' lang='lat' dir='ltr'><strong>ordine</strong></span> <span class='ocrx_word' id='word_1_209' title='bbox 1645 2643 1813 2698; x_wconf 84' lang='lat' dir='ltr'><strong>utitur</strong></span> 
     </span>
    </p>
   </div>
   <div class='ocr_carea' id='block_1_26' title="bbox 198 2733 1813 2807">
    <p class='ocr_par' dir='ltr' id='par_1_26' title="bbox 198 2733 1813 2807">
     <span class='ocr_line' id='line_1_26' title="bbox 198 2733 1813 2807; baseline -0.003 -14"><span class='ocrx_word' id='word_1_210' title='bbox 198 2737 253 2793; x_wconf 88' lang='lat' dir='ltr'><strong>in</strong></span> <span class='ocrx_word' id='word_1_211' title='bbox 293 2738 542 2794; x_wconf 90' lang='lat' dir='ltr'><strong>oratione</strong></span> <span class='ocrx_word' id='word_1_212' title='bbox 560 2778 577 2804; x_wconf 92' lang='lat'><strong>,</strong></span> <span class='ocrx_word' id='word_1_213' title='bbox 606 2738 802 2795; x_wconf 90' lang='lat' dir='ltr'><strong>durum</strong></span> <span class='ocrx_word' id='word_1_214' title='bbox 831 2739 1135 2795; x_wconf 88' lang='lat' dir='ltr'><strong>auditorem</strong></span> <span class='ocrx_word' id='word_1_215' title='bbox 1163 2738 1468 2794; x_wconf 87' lang='lat' dir='ltr'><strong>emolliens.</strong></span> <span class='ocrx_word' id='word_1_216' title='bbox 1499 2733 1634 2791; x_wconf 88' lang='lat' dir='ltr'><strong>Cum</strong></span> <span class='ocrx_word' id='word_1_217' title='bbox 1662 2734 1813 2807; x_wconf 91' lang='lat' dir='ltr'><strong>prius</strong></span> 
     </span>
    </p>
   </div>
   <div class='ocr_carea' id='block_1_27' title="bbox 198 2829 1811 2904">
    <p class='ocr_par' dir='ltr' id='par_1_27' title="bbox 198 2829 1811 2904">
     <span class='ocr_line' id='line_1_27' title="bbox 198 2829 1811 2904; baseline 0 -21"><span class='ocrx_word' id='word_1_218' title='bbox 198 2831 340 2884; x_wconf 89' lang='lat' dir='ltr'><strong>enim</strong></span> <span class='ocrx_word' id='word_1_219' title='bbox 370 2834 651 2887; x_wconf 89' lang='lat' dir='ltr'><strong>terruisset</strong></span> <span class='ocrx_word' id='word_1_220' title='bbox 698 2832 966 2903; x_wconf 89' lang='lat' dir='ltr'><strong>loquendo</strong></span> <span class='ocrx_word' id='word_1_221' title='bbox 1004 2832 1073 2889; x_wconf 89' lang='lat' dir='ltr'><strong>de</strong></span> <span class='ocrx_word' id='word_1_222' title='bbox 1108 2831 1330 2904; x_wconf 86' lang='lat' dir='ltr'><strong>judicio,</strong></span> <span class='ocrx_word' id='word_1_223' title='bbox 1372 2846 1435 2887; x_wconf 88' lang='lat' dir='ltr'><strong>ac</strong></span> <span class='ocrx_word' id='word_1_224' title='bbox 1461 2829 1811 2902; x_wconf 85' lang='lat' dir='ltr'><strong>pertinaciam</strong></span> 
     </span>
    </p>
   </div>
   <div class='ocr_carea' id='block_1_28' title="bbox 198 2922 1810 2995">
    <p class='ocr_par' dir='ltr' id='par_1_28' title="bbox 198 2922 1810 2995">
     <span class='ocr_line' id='line_1_28' title="bbox 198 2922 1810 2995; baseline -0.001 -19"><span class='ocrx_word' id='word_1_225' title='bbox 198 2924 316 2991; x_wconf 81' lang='lat' dir='ltr'><strong>ejus</strong></span> <span class='ocrx_word' id='word_1_226' title='bbox 354 2924 693 2991; x_wconf 70' lang='lat' dir='ltr'><strong>emolliisset,</strong></span> <span class='ocrx_word' id='word_1_227' title='bbox 743 2924 948 2980; x_wconf 87' lang='lat' dir='ltr'><strong>inducit</strong></span> <span class='ocrx_word' id='word_1_228' title='bbox 987 2938 1295 2981; x_wconf 89' lang='lat' dir='ltr'><strong>sermonem</strong></span> <span class='ocrx_word' id='word_1_229' title='bbox 1335 2922 1405 2979; x_wconf 88' lang='lat' dir='ltr'><strong>de</strong></span> <span class='ocrx_word' id='word_1_230' title='bbox 1434 2922 1810 2995; x_wconf 75' lang='lat' dir='ltr'><strong>praesentibus.</strong></span> 
     </span>
    </p>
   </div>
   <div class='ocr_carea' id='block_1_29' title="bbox 200 3011 1812 3083">
    <p class='ocr_par' dir='ltr' id='par_1_29' title="bbox 200 3011 1812 3083">
     <span class='ocr_line' id='line_1_29' title="bbox 200 3011 1812 3083; baseline 0.001 -17"><span class='ocrx_word' id='word_1_231' title='bbox 200 3011 492 3083; x_wconf 86' lang='lat' dir='ltr'><strong>Propterea</strong></span> <span class='ocrx_word' id='word_1_232' title='bbox 533 3014 698 3070; x_wconf 86' lang='lat' dir='ltr'><strong>talem</strong></span> <span class='ocrx_word' id='word_1_233' title='bbox 747 3016 965 3071; x_wconf 87' lang='lat' dir='ltr'><strong>adhibet</strong></span> <span class='ocrx_word' id='word_1_234' title='bbox 1012 3016 1341 3071; x_wconf 88' lang='lat' dir='ltr'><strong>mistionem.</strong></span> <span class='ocrx_word' id='word_1_235' title='bbox 1381 3013 1674 3070; x_wconf 88' lang='lat' dir='ltr'><strong>Considera</strong></span> <span class='ocrx_word' id='word_1_236' title='bbox 1713 3028 1812 3068; x_wconf 82' lang='lat' dir='ltr'><strong>au-</strong></span> 
     </span>
    </p>
   </div>
   <div class='ocr_carea' id='block_1_30' title="bbox 200 3103 1817 3175">
    <p class='ocr_par' dir='ltr' id='par_1_30' title="bbox 200 3103 1817 3175">
     <span class='ocr_line' id='line_1_30' title="bbox 200 3103 1817 3175; baseline 0.001 -17"><span class='ocrx_word' id='word_1_237' title='bbox 200 3112 306 3158; x_wconf 84' lang='lat' dir='ltr'><strong>tem</strong></span> <span class='ocrx_word' id='word_1_238' title='bbox 328 3120 341 3156; x_wconf 92' lang='lat'><strong>:</strong></span> <span class='ocrx_word' id='word_1_239' title='bbox 362 3103 539 3158; x_wconf 80' lang='lat' dir='ltr'><strong>Donec</strong></span> <span class='ocrx_word' id='word_1_240' title='bbox 569 3122 758 3174; x_wconf 85' lang='lat' dir='ltr'><strong>ponant</strong></span> <span class='ocrx_word' id='word_1_241' title='bbox 786 3108 1019 3161; x_wconf 86' lang='lat' dir='ltr'><strong>inimicos</strong></span> <span class='ocrx_word' id='word_1_242' title='bbox 1045 3118 1159 3161; x_wconf 88' lang='lat' dir='ltr'><strong>tuos</strong></span> <span class='ocrx_word' id='word_1_243' title='bbox 1182 3106 1461 3161; x_wconf 83' lang='lat' dir='ltr'><strong>scabellum</strong></span> <span class='ocrx_word' id='word_1_244' title='bbox 1492 3106 1677 3175; x_wconf 84' lang='lat' dir='ltr'><strong>pedum</strong></span> <span class='ocrx_word' id='word_1_245' title='bbox 1704 3116 1817 3160; x_wconf 83' lang='lat' dir='ltr'><strong>tuo-</strong></span> 
     </span>
    </p>
   </div>
   <div class='ocr_carea' id='block_1_31' title="bbox 198 3196 1811 3269">
    <p class='ocr_par' dir='ltr' id='par_1_31' title="bbox 198 3196 1811 3269">
     <span class='ocr_line' id='line_1_31' title="bbox 198 3196 1811 3269; baseline 0.002 -19"><span class='ocrx_word' id='word_1_246' title='bbox 198 3212 332 3250; x_wconf 85' lang='lat' dir='ltr'><strong>rum.</strong></span> <span class='ocrx_word' id='word_1_247' title='bbox 382 3196 495 3252; x_wconf 89' lang='lat' dir='ltr'><strong>lloc</strong></span> <span class='ocrx_word' id='word_1_248' title='bbox 535 3197 667 3253; x_wconf 90' lang='lat' dir='ltr'><strong>dicit</strong></span> <span class='ocrx_word' id='word_1_249' title='bbox 706 3198 777 3253; x_wconf 90' lang='lat' dir='ltr'><strong>de</strong></span> <span class='ocrx_word' id='word_1_250' title='bbox 817 3197 1010 3255; x_wconf 88' lang='lat' dir='ltr'><strong>futuris</strong></span> <span class='ocrx_word' id='word_1_251' title='bbox 1036 3218 1048 3254; x_wconf 87' lang='lat'><strong>:</strong></span> <span class='ocrx_word' id='word_1_252' title='bbox 1072 3197 1268 3254; x_wconf 89' lang='lat' dir='ltr'><strong>deinde</strong></span> <span class='ocrx_word' id='word_1_253' title='bbox 1307 3198 1377 3255; x_wconf 90' lang='lat' dir='ltr'><strong>de</strong></span> <span class='ocrx_word' id='word_1_254' title='bbox 1420 3198 1811 3269; x_wconf 82' lang='lat' dir='ltr'><strong>praesentibus:</strong></span> 
     </span>
    </p>
   </div>
   <div class='ocr_carea' id='block_1_32' title="bbox 208 3286 1817 3361">
    <p class='ocr_par' dir='ltr' id='par_1_32' title="bbox 208 3286 1817 3361">
     <span class='ocr_line' id='line_1_32' title="bbox 208 3286 1817 3361; baseline 0.001 -18"><span class='ocrx_word' id='word_1_255' title='bbox 208 3286 419 3361; x_wconf 74' lang='lat' dir='ltr'><strong>l’irgant</strong></span> <span class='ocrx_word' id='word_1_256' title='bbox 440 3292 641 3346; x_wconf 77' lang='lat' dir='ltr'><strong>virtutis</strong></span> <span class='ocrx_word' id='word_1_257' title='bbox 662 3301 764 3346; x_wconf 77' lang='lat' dir='ltr'><strong>tua:</strong></span> <span class='ocrx_word' id='word_1_258' title='bbox 783 3292 975 3347; x_wconf 78' lang='lat' dir='ltr'><strong>emittet</strong></span> <span class='ocrx_word' id='word_1_259' title='bbox 996 3291 1249 3347; x_wconf 82' lang='lat' dir='ltr'><strong>Dominus</strong></span> <span class='ocrx_word' id='word_1_260' title='bbox 1277 3307 1342 3346; x_wconf 82' lang='lat' dir='ltr'><strong>ea:</strong></span> <span class='ocrx_word' id='word_1_261' title='bbox 1362 3290 1527 3356; x_wconf 79' lang='lat' dir='ltr'><strong>Sion;</strong></span> <span class='ocrx_word' id='word_1_262' title='bbox 1550 3290 1817 3345; x_wconf 78' lang='lat' dir='ltr'><strong>dominare</strong></span> 
     </span>
    </p>
   </div>
   <div class='ocr_carea' id='block_1_33' title="bbox 199 3383 1813 3454">
    <p class='ocr_par' dir='ltr' id='par_1_33' title="bbox 199 3383 1813 3454">
     <span class='ocr_line' id='line_1_33' title="bbox 199 3383 1813 3454; baseline 0.002 -19"><span class='ocrx_word' id='word_1_263' title='bbox 199 3383 251 3435; x_wconf 88' lang='lat' dir='ltr'><strong>in</strong></span> <span class='ocrx_word' id='word_1_264' title='bbox 283 3383 451 3437; x_wconf 85' lang='lat' dir='ltr'><strong>medio</strong></span> <span class='ocrx_word' id='word_1_265' title='bbox 478 3384 802 3438; x_wconf 87' lang='lat' dir='ltr'><strong>inimicorum</strong></span> <span class='ocrx_word' id='word_1_266' title='bbox 830 3395 1058 3439; x_wconf 80' lang='lat' dir='ltr'><strong>tuorum.</strong></span> <span class='ocrx_word' id='word_1_267' title='bbox 1093 3384 1298 3440; x_wconf 88' lang='lat' dir='ltr'><strong>Deinde</strong></span> <span class='ocrx_word' id='word_1_268' title='bbox 1329 3383 1502 3440; x_wconf 71' lang='lat' dir='ltr'><strong>futura</strong></span> <span class='ocrx_word' id='word_1_269' title='bbox 1534 3383 1813 3454; x_wconf 73' lang='lat' dir='ltr'><strong>praedicit:</strong></span> 
     </span>
    </p>
   </div>
   <div class='ocr_carea' id='block_1_34' title="bbox 204 3474 1817 3547">
    <p class='ocr_par' dir='ltr' id='par_1_34' title="bbox 204 3474 1817 3547">
     <span class='ocr_line' id='line_1_34' title="bbox 204 3474 1817 3547; baseline 0 -18"><span class='ocrx_word' id='word_1_270' title='bbox 204 3474 391 3530; x_wconf 78' lang='lat' dir='ltr'><strong>Tecum</strong></span> <span class='ocrx_word' id='word_1_271' title='bbox 423 3477 747 3547; x_wconf 77' lang='lat' dir='ltr'><strong>principatus</strong></span> <span class='ocrx_word' id='word_1_272' title='bbox 772 3478 828 3531; x_wconf 85' lang='lat' dir='ltr'><strong>in</strong></span> <span class='ocrx_word' id='word_1_273' title='bbox 868 3476 953 3531; x_wconf 86' lang='lat' dir='ltr'><strong>die</strong></span> <span class='ocrx_word' id='word_1_274' title='bbox 986 3477 1187 3531; x_wconf 78' lang='lat' dir='ltr'><strong>uirtutis</strong></span> <span class='ocrx_word' id='word_1_275' title='bbox 1220 3485 1323 3531; x_wconf 67' lang='lat' dir='ltr'><strong>tua:</strong></span> <span class='ocrx_word' id='word_1_276' title='bbox 1362 3478 1414 3531; x_wconf 87' lang='lat' dir='ltr'><strong>in</strong></span> <span class='ocrx_word' id='word_1_277' title='bbox 1458 3476 1817 3543; x_wconf 78' lang='lat' dir='ltr'><strong>splendoribus</strong></span> 
     </span>
    </p>
   </div>
   <div class='ocr_carea' id='block_1_35' title="bbox 198 3566 1819 3640">
    <p class='ocr_par' dir='ltr' id='par_1_35' title="bbox 198 3566 1819 3640">
     <span class='ocr_line' id='line_1_35' title="bbox 198 3566 1819 3640; baseline 0.001 -19"><span class='ocrx_word' id='word_1_278' title='bbox 198 3579 493 3622; x_wconf 83' lang='lat' dir='ltr'><strong>sanctorum</strong></span> <span class='ocrx_word' id='word_1_279' title='bbox 514 3585 532 3621; x_wconf 90' lang='lat'><strong>:</strong></span> <span class='ocrx_word' id='word_1_280' title='bbox 556 3581 743 3639; x_wconf 81' lang='lat' dir='ltr'><strong>postea</strong></span> <span class='ocrx_word' id='word_1_281' title='bbox 774 3583 961 3625; x_wconf 89' lang='lat' dir='ltr'><strong>rursus</strong></span> <span class='ocrx_word' id='word_1_282' title='bbox 990 3568 1295 3640; x_wconf 72' lang='lat' dir='ltr'><strong>prmscntia,</strong></span> <span class='ocrx_word' id='word_1_283' title='bbox 1330 3583 1452 3639; x_wconf 80' lang='lat' dir='ltr'><strong>quae</strong></span> <span class='ocrx_word' id='word_1_284' title='bbox 1479 3582 1586 3623; x_wconf 91' lang='lat' dir='ltr'><strong>non</strong></span> <span class='ocrx_word' id='word_1_285' title='bbox 1617 3566 1819 3624; x_wconf 84' lang='lat' dir='ltr'><strong>habent</strong></span> 
     </span>
    </p>
   </div>
   <div class='ocr_carea' id='block_1_36' title="bbox 200 3650 1818 3730">
    <p class='ocr_par' dir='ltr' id='par_1_36' title="bbox 200 3650 1818 3730">
     <span class='ocr_line' id='line_1_36' title="bbox 200 3650 1818 3730; baseline 0.004 -19"><span class='ocrx_word' id='word_1_286' title='bbox 200 3660 433 3730; x_wconf 85' lang='lat' dir='ltr'><strong>amplius</strong></span> <span class='ocrx_word' id='word_1_287' title='bbox 460 3660 759 3727; x_wconf 90' lang='lat' dir='ltr'><strong>ultionem,</strong></span> <span class='ocrx_word' id='word_1_288' title='bbox 793 3661 889 3717; x_wconf 81' lang='lat' dir='ltr'><strong>sed</strong></span> <span class='ocrx_word' id='word_1_289' title='bbox 917 3660 1331 3716; x_wconf 73' lang='lat' dir='ltr'><strong>beneficentiam</strong></span> <span class='ocrx_word' id='word_1_290' title='bbox 1357 3680 1370 3715; x_wconf 90' lang='lat'><strong>:</strong></span> <span class='ocrx_word' id='word_1_291' title='bbox 1399 3660 1475 3715; x_wconf 85' lang='lat' dir='ltr'><strong>Tu</strong></span> <span class='ocrx_word' id='word_1_292' title='bbox 1504 3677 1556 3716; x_wconf 88' lang='lat' dir='ltr'><strong>es</strong></span> <span class='ocrx_word' id='word_1_293' title='bbox 1581 3650 1818 3717; x_wconf 67' lang='lat' dir='ltr'><strong>sacerdos</strong></span> 
     </span>
    </p>
   </div>
   <div class='ocr_carea' id='block_1_37' title="bbox 201 3751 1819 3811">
    <p class='ocr_par' dir='ltr' id='par_1_37' title="bbox 201 3751 1819 3811">
     <span class='ocr_line' id='line_1_37' title="bbox 201 3751 1819 3811; baseline 0.004 -6"><span class='ocrx_word' id='word_1_294' title='bbox 201 3751 251 3804; x_wconf 85' lang='lat' dir='ltr'><strong>in</strong></span> <span class='ocrx_word' id='word_1_295' title='bbox 287 3762 540 3806; x_wconf 69' lang='lat' dir='ltr'><strong>aeternum</strong></span> <span class='ocrx_word' id='word_1_296' title='bbox 579 3755 862 3809; x_wconf 72' lang='lat' dir='ltr'><strong>secundum</strong></span> <span class='ocrx_word' id='word_1_297' title='bbox 904 3753 1137 3809; x_wconf 77' lang='lat' dir='ltr'><strong>ordinent</strong></span> <span class='ocrx_word' id='word_1_298' title='bbox 1182 3752 1540 3808; x_wconf 73' lang='lat' dir='ltr'><strong>Helcltisedec.</strong></span> <span class='ocrx_word' id='word_1_299' title='bbox 1580 3753 1693 3810; x_wconf 87' lang='lat' dir='ltr'><strong>lloc</strong></span> <span class='ocrx_word' id='word_1_300' title='bbox 1734 3763 1819 3811; x_wconf 83' lang='lat' dir='ltr'><strong>est</strong></span> 
     </span>
    </p>
   </div>
   <div class='ocr_carea' id='block_1_38' title="bbox 202 3847 1815 3917">
    <p class='ocr_par' dir='ltr' id='par_1_38' title="bbox 202 3847 1815 3917">
     <span class='ocr_line' id='line_1_38' title="bbox 202 3847 1815 3917; baseline 0.002 -17"><span class='ocrx_word' id='word_1_301' title='bbox 202 3848 343 3901; x_wconf 87' lang='lat' dir='ltr'><strong>cnim</strong></span> <span class='ocrx_word' id='word_1_302' title='bbox 385 3847 597 3917; x_wconf 86' lang='lat' dir='ltr'><strong>peccati</strong></span> <span class='ocrx_word' id='word_1_303' title='bbox 641 3847 945 3914; x_wconf 81' lang='lat' dir='ltr'><strong>absolutio,</strong></span> <span class='ocrx_word' id='word_1_304' title='bbox 992 3857 1048 3904; x_wconf 93' lang='lat' dir='ltr'><strong>et</strong></span> <span class='ocrx_word' id='word_1_305' title='bbox 1091 3864 1213 3904; x_wconf 91' lang='lat' dir='ltr'><strong>cum</strong></span> <span class='ocrx_word' id='word_1_306' title='bbox 1268 3848 1378 3904; x_wconf 91' lang='lat' dir='ltr'><strong>Deo</strong></span> <span class='ocrx_word' id='word_1_307' title='bbox 1425 3848 1815 3905; x_wconf 90' lang='lat' dir='ltr'><strong>reconciliatio.</strong></span> 
     </span>
    </p>
   </div>
   <div class='ocr_carea' id='block_1_39' title="bbox 203 3939 1819 4013">
    <p class='ocr_par' dir='ltr' id='par_1_39' title="bbox 203 3939 1819 4013">
     <span class='ocr_line' id='line_1_39' title="bbox 203 3939 1819 4013; baseline 0.002 -19"><span class='ocrx_word' id='word_1_308' title='bbox 203 3939 407 3995; x_wconf 87' lang='lat' dir='ltr'><strong>Deinde</strong></span> <span class='ocrx_word' id='word_1_309' title='bbox 444 3955 570 3995; x_wconf 91' lang='lat' dir='ltr'><strong>cum</strong></span> <span class='ocrx_word' id='word_1_310' title='bbox 611 3941 661 3994; x_wconf 89' lang='lat' dir='ltr'><strong>in</strong></span> <span class='ocrx_word' id='word_1_311' title='bbox 704 3940 785 3996; x_wconf 93' lang='lat' dir='ltr'><strong>eis</strong></span> <span class='ocrx_word' id='word_1_312' title='bbox 826 3951 1086 4012; x_wconf 89' lang='lat' dir='ltr'><strong>quantum</strong></span> <span class='ocrx_word' id='word_1_313' title='bbox 1129 3940 1300 3996; x_wconf 87' lang='lat' dir='ltr'><strong>voluit</strong></span> <span class='ocrx_word' id='word_1_314' title='bbox 1336 3941 1562 4007; x_wconf 81' lang='lat' dir='ltr'><strong>institit,</strong></span> <span class='ocrx_word' id='word_1_315' title='bbox 1604 3942 1819 4013; x_wconf 87' lang='lat' dir='ltr'><strong>attingit</strong></span> 
     </span>
    </p>
   </div>
   <div class='ocr_carea' id='block_1_40' title="bbox 200 4028 1815 4102">
    <p class='ocr_par' dir='ltr' id='par_1_40' title="bbox 200 4028 1815 4102">
     <span class='ocr_line' id='line_1_40' title="bbox 200 4028 1815 4102; baseline 0.002 -17"><span class='ocrx_word' id='word_1_316' title='bbox 200 4045 388 4086; x_wconf 88' lang='lat' dir='ltr'><strong>rursus</strong></span> <span class='ocrx_word' id='word_1_317' title='bbox 410 4032 794 4098; x_wconf 72' lang='lat' dir='ltr'><strong>(econouiiam,</strong></span> <span class='ocrx_word' id='word_1_318' title='bbox 816 4033 883 4087; x_wconf 89' lang='lat' dir='ltr'><strong>ad</strong></span> <span class='ocrx_word' id='word_1_319' title='bbox 906 4031 957 4086; x_wconf 90' lang='lat' dir='ltr'><strong>id</strong></span> <span class='ocrx_word' id='word_1_320' title='bbox 974 4032 1117 4102; x_wconf 91' lang='lat' dir='ltr'><strong>quod</strong></span> <span class='ocrx_word' id='word_1_321' title='bbox 1137 4040 1222 4088; x_wconf 89' lang='lat' dir='ltr'><strong>est</strong></span> <span class='ocrx_word' id='word_1_322' title='bbox 1243 4028 1495 4088; x_wconf 86' lang='lat' dir='ltr'><strong>humilius</strong></span> <span class='ocrx_word' id='word_1_323' title='bbox 1516 4034 1815 4089; x_wconf 88' lang='lat' dir='ltr'><strong>orationem</strong></span> 
     </span>
    </p>
   </div>
   <div class='ocr_carea' id='block_1_41' title="bbox 192 4125 1817 4197">
    <p class='ocr_par' dir='ltr' id='par_1_41' title="bbox 192 4125 1817 4197">
     <span class='ocr_line' id='line_1_41' title="bbox 192 4125 1817 4197; baseline 0.002 -17"><span class='ocrx_word' id='word_1_324' title='bbox 192 4134 550 4191; x_wconf 71' lang='lat' dir='ltr'><strong>convertens,</strong></span> <span class='ocrx_word' id='word_1_325' title='bbox 582 4134 637 4179; x_wconf 91' lang='lat' dir='ltr'><strong>et</strong></span> <span class='ocrx_word' id='word_1_326' title='bbox 660 4125 868 4192; x_wconf 90' lang='lat' dir='ltr'><strong>dicens,</strong></span> <span class='ocrx_word' id='word_1_327' title='bbox 894 4125 946 4180; x_wconf 90' lang='lat'><strong>6.</strong></span> <span class='ocrx_word' id='word_1_328' title='bbox 978 4125 1226 4181; x_wconf 78' lang='lat' dir='ltr'><strong>Dominus</strong></span> <span class='ocrx_word' id='word_1_329' title='bbox 1245 4143 1277 4179; x_wconf 91' lang='lat' dir='ltr'><strong>a</strong></span> <span class='ocrx_word' id='word_1_330' title='bbox 1298 4128 1489 4186; x_wconf 78' lang='lat' dir='ltr'><strong>dextris</strong></span> <span class='ocrx_word' id='word_1_331' title='bbox 1505 4128 1622 4182; x_wconf 83' lang='lat' dir='ltr'><strong>tuis.</strong></span> <span class='ocrx_word' id='word_1_332' title='bbox 1655 4128 1817 4197; x_wconf 82' lang='lat' dir='ltr'><strong>Atqui</strong></span> 
     </span>
    </p>
   </div>
   <div class='ocr_carea' id='block_1_42' title="bbox 198 4216 1817 4285">
    <p class='ocr_par' dir='ltr' id='par_1_42' title="bbox 198 4216 1817 4285">
     <span class='ocr_line' id='line_1_42' title="bbox 198 4216 1817 4285; baseline 0.005 -16"><span class='ocrx_word' id='word_1_333' title='bbox 198 4217 454 4285; x_wconf 84' lang='lat' dir='ltr'><strong>superius</strong></span> <span class='ocrx_word' id='word_1_334' title='bbox 496 4216 707 4272; x_wconf 82' lang='lat' dir='ltr'><strong>dixerat</strong></span> <span class='ocrx_word' id='word_1_335' title='bbox 748 4233 872 4273; x_wconf 88' lang='lat' dir='ltr'><strong>eum</strong></span> <span class='ocrx_word' id='word_1_336' title='bbox 916 4219 1109 4275; x_wconf 88' lang='lat' dir='ltr'><strong>sedere</strong></span> <span class='ocrx_word' id='word_1_337' title='bbox 1136 4235 1165 4274; x_wconf 91' lang='lat' dir='ltr'><strong>a</strong></span> <span class='ocrx_word' id='word_1_338' title='bbox 1193 4219 1399 4276; x_wconf 81' lang='lat' dir='ltr'><strong>dextris</strong></span> <span class='ocrx_word' id='word_1_339' title='bbox 1427 4221 1619 4276; x_wconf 86' lang='lat' dir='ltr'><strong>Patris.</strong></span> <span class='ocrx_word' id='word_1_340' title='bbox 1658 4222 1817 4277; x_wconf 73' lang='lat' dir='ltr'><strong>Vides</strong></span> 
     </span>
    </p>
   </div>
   <div class='ocr_carea' id='block_1_43' title="bbox 197 4308 1817 4377">
    <p class='ocr_par' dir='ltr' id='par_1_43' title="bbox 197 4308 1817 4377">
     <span class='ocr_line' id='line_1_43' title="bbox 197 4308 1817 4377; baseline 0.004 -16"><span class='ocrx_word' id='word_1_341' title='bbox 197 4308 474 4377; x_wconf 86' lang='lat' dir='ltr'><strong>quomodo</strong></span> <span class='ocrx_word' id='word_1_342' title='bbox 517 4324 622 4363; x_wconf 90' lang='lat' dir='ltr'><strong>non</strong></span> <span class='ocrx_word' id='word_1_343' title='bbox 671 4318 875 4365; x_wconf 78' lang='lat' dir='ltr'><strong>temere</strong></span> <span class='ocrx_word' id='word_1_344' title='bbox 912 4310 1238 4367; x_wconf 87' lang='lat' dir='ltr'><strong>dictionibus</strong></span> <span class='ocrx_word' id='word_1_345' title='bbox 1280 4312 1650 4368; x_wconf 75' lang='lat' dir='ltr'><strong>inbrerendum</strong></span> <span class='ocrx_word' id='word_1_346' title='bbox 1693 4315 1817 4369; x_wconf 85' lang='lat' dir='ltr'><strong>est?</strong></span> 
     </span>
    </p>
   </div>
   <div class='ocr_carea' id='block_1_44' title="bbox 196 4400 1818 4474">
    <p class='ocr_par' dir='ltr' id='par_1_44' title="bbox 196 4400 1818 4474">
     <span class='ocr_line' id='line_1_44' title="bbox 196 4400 1818 4474; baseline 0.008 -22"><span class='ocrx_word' id='word_1_347' title='bbox 196 4400 334 4464; x_wconf 80' lang='lat' dir='ltr'><strong>Quid</strong></span> <span class='ocrx_word' id='word_1_348' title='bbox 364 4410 472 4464; x_wconf 89' lang='lat' dir='ltr'><strong>est,</strong></span> <span class='ocrx_word' id='word_1_349' title='bbox 493 4400 745 4456; x_wconf 75' lang='lat' dir='ltr'><strong>Dominus</strong></span> <span class='ocrx_word' id='word_1_350' title='bbox 762 4421 793 4456; x_wconf 90' lang='lat' dir='ltr'><strong>a</strong></span> <span class='ocrx_word' id='word_1_351' title='bbox 811 4404 1001 4459; x_wconf 67' lang='lat' dir='ltr'><strong>dextris</strong></span> <span class='ocrx_word' id='word_1_352' title='bbox 1026 4406 1438 4474; x_wconf 83' lang='lat' dir='ltr'><strong>tuis?Quoniam</strong></span> <span class='ocrx_word' id='word_1_353' title='bbox 1466 4407 1818 4465; x_wconf 76' lang='lat' dir='ltr'><strong>humanitatis</strong></span> 
     </span>
    </p>
   </div>
   <div class='ocr_carea' id='block_1_45' title="bbox 196 4494 1816 4567">
    <p class='ocr_par' dir='ltr' id='par_1_45' title="bbox 196 4494 1816 4567">
     <span class='ocr_line' id='line_1_45' title="bbox 196 4494 1816 4567; baseline 0.009 -26"><span class='ocrx_word' id='word_1_354' title='bbox 196 4502 468 4559; x_wconf 77' lang='lat' dir='ltr'><strong>suscepta:</strong></span> <span class='ocrx_word' id='word_1_355' title='bbox 506 4496 866 4547; x_wconf 70' lang='lat' dir='ltr'><strong>chiioniiatu</strong></span> <span class='ocrx_word' id='word_1_356' title='bbox 916 4494 1126 4567; x_wconf 76' lang='lat' dir='ltr'><strong>attigit,</strong></span> <span class='ocrx_word' id='word_1_357' title='bbox 1172 4498 1237 4552; x_wconf 90' lang='lat' dir='ltr'><strong>ad</strong></span> <span class='ocrx_word' id='word_1_358' title='bbox 1288 4513 1506 4553; x_wconf 86' lang='lat' dir='ltr'><strong>carnem</strong></span> <span class='ocrx_word' id='word_1_359' title='bbox 1552 4501 1816 4557; x_wconf 73' lang='lat' dir='ltr'><strong>eunvcrtit</strong></span> 
     </span>
    </p>
   </div>
   <div class='ocr_carea' id='block_1_46' title="bbox 196 4585 1814 4664">
    <p class='ocr_par' dir='ltr' id='par_1_46' title="bbox 196 4585 1814 4664">
     <span class='ocr_line' id='line_1_46' title="bbox 196 4585 1814 4664; baseline 0.006 -26"><span class='ocrx_word' id='word_1_360' title='bbox 196 4585 524 4650; x_wconf 80' lang='lat' dir='ltr'><strong>orationem,</strong></span> <span class='ocrx_word' id='word_1_361' title='bbox 556 4601 676 4655; x_wconf 72' lang='lat' dir='ltr'><strong>quas</strong></span> <span class='ocrx_word' id='word_1_362' title='bbox 697 4589 955 4641; x_wconf 78' lang='lat' dir='ltr'><strong>auxilium</strong></span> <span class='ocrx_word' id='word_1_363' title='bbox 987 4590 1228 4660; x_wconf 89' lang='lat' dir='ltr'><strong>suscipit.</strong></span> <span class='ocrx_word' id='word_1_364' title='bbox 1261 4590 1485 4647; x_wconf 83' lang='lat' dir='ltr'><strong>Videtur</strong></span> <span class='ocrx_word' id='word_1_365' title='bbox 1508 4595 1650 4647; x_wconf 87' lang='lat' dir='ltr'><strong>enim</strong></span> <span class='ocrx_word' id='word_1_366' title='bbox 1669 4594 1814 4664; x_wconf 82' lang='lat' dir='ltr'><strong>angi,</strong></span> 
     </span>
    </p>
   </div>
   <div class='ocr_carea' id='block_1_47' title="bbox 197 4668 1818 4755">
    <p class='ocr_par' dir='ltr' id='par_1_47' title="bbox 197 4668 1818 4755">
     <span class='ocr_line' id='line_1_47' title="bbox 197 4668 1818 4755; baseline 0.009 -28"><span class='ocrx_word' id='word_1_367' title='bbox 197 4674 472 4740; x_wconf 86' lang='lat' dir='ltr'><strong>afflictari,</strong></span> <span class='ocrx_word' id='word_1_368' title='bbox 506 4685 561 4732; x_wconf 88' lang='lat' dir='ltr'><strong>et</strong></span> <span class='ocrx_word' id='word_1_369' title='bbox 585 4678 802 4743; x_wconf 88' lang='lat' dir='ltr'><strong>sudare,</strong></span> <span class='ocrx_word' id='word_1_370' title='bbox 826 4690 879 4734; x_wconf 90' lang='lat' dir='ltr'><strong>et</strong></span> <span class='ocrx_word' id='word_1_371' title='bbox 907 4668 977 4734; x_wconf 72' lang='lat' dir='ltr'><strong>ita</strong></span> <span class='ocrx_word' id='word_1_372' title='bbox 1010 4680 1225 4747; x_wconf 86' lang='lat' dir='ltr'><strong>sudare,</strong></span> <span class='ocrx_word' id='word_1_373' title='bbox 1258 4694 1315 4737; x_wconf 91' lang='lat' dir='ltr'><strong>ut</strong></span> <span class='ocrx_word' id='word_1_374' title='bbox 1354 4692 1517 4753; x_wconf 75' lang='lat' dir='ltr'><strong>gutta:</strong></span> <span class='ocrx_word' id='word_1_375' title='bbox 1542 4686 1818 4755; x_wconf 82' lang='lat' dir='ltr'><strong>sanguinis</strong></span> 
     </span>
    </p>
   </div>
   <div class='ocr_carea' id='block_1_48' title="bbox 198 4767 1819 4847">
    <p class='ocr_par' dir='ltr' id='par_1_48' title="bbox 198 4767 1819 4847">
     <span class='ocr_line' id='line_1_48' title="bbox 198 4767 1819 4847; baseline 0.009 -25"><span class='ocrx_word' id='word_1_376' title='bbox 198 4767 459 4836; x_wconf 58' lang='lat' dir='ltr'><strong>tit-ﬂuant,</strong></span> <span class='ocrx_word' id='word_1_377' title='bbox 489 4779 546 4824; x_wconf 78' lang='lat' dir='ltr'><strong>et</strong></span> <span class='ocrx_word' id='word_1_378' title='bbox 570 4786 757 4826; x_wconf 87' lang='lat' dir='ltr'><strong>rursus</strong></span> <span class='ocrx_word' id='word_1_379' title='bbox 785 4773 1096 4829; x_wconf 82' lang='lat' dir='ltr'><strong>conﬁrmari</strong></span> <span class='ocrx_word' id='word_1_380' title='bbox 1130 4773 1276 4847; x_wconf 88' lang='lat' dir='ltr'><strong>(Luc.</strong></span> <span class='ocrx_word' id='word_1_381' title='bbox 1308 4778 1399 4833; x_wconf 75' lang='lat'><strong>2‘2.</strong></span> <span class='ocrx_word' id='word_1_382' title='bbox 1425 4778 1539 4845; x_wconf 73' lang='grc' dir='ltr'><strong>Η).</strong></span> <span class='ocrx_word' id='word_1_383' title='bbox 1560 4779 1708 4835; x_wconf 88' lang='lat' dir='ltr'><strong>Talis</strong></span> <span class='ocrx_word' id='word_1_384' title='bbox 1735 4790 1819 4837; x_wconf 90' lang='lat' dir='ltr'><strong>est</strong></span> 
     </span>
    </p>
   </div>
   <div class='ocr_carea' id='block_1_49' title="bbox 198 4847 1814 4944">
    <p class='ocr_par' dir='ltr' id='par_1_49' title="bbox 198 4847 1814 4944">
     <span class='ocr_line' id='line_1_49' title="bbox 198 4847 1814 4944; baseline 0.01 -33"><span class='ocrx_word' id='word_1_385' title='bbox 198 4863 341 4915; x_wconf 69' lang='lat' dir='ltr'><strong>enim</strong></span> <span class='ocrx_word' id='word_1_386' title='bbox 369 4863 552 4916; x_wconf 79' lang='lat' dir='ltr'><strong>cernis</strong></span> <span class='ocrx_word' id='word_1_387' title='bbox 581 4872 792 4917; x_wconf 82' lang='lat' dir='ltr'><strong>natura.</strong></span> <span class='ocrx_word' id='word_1_388' title='bbox 836 4864 1135 4938; x_wconf 73' lang='lat' dir='ltr'><strong>Confringet</strong></span> <span class='ocrx_word' id='word_1_389' title='bbox 1164 4868 1216 4921; x_wconf 86' lang='lat' dir='ltr'><strong>in</strong></span> <span class='ocrx_word' id='word_1_390' title='bbox 1257 4868 1340 4922; x_wconf 82' lang='lat' dir='ltr'><strong>die</strong></span> <span class='ocrx_word' id='word_1_391' title='bbox 1382 4870 1475 4924; x_wconf 79' lang='lat' dir='ltr'><strong>ira:</strong></span> <span class='ocrx_word' id='word_1_392' title='bbox 1508 4847 1616 4926; x_wconf 74' lang='lat' dir='ltr'><strong>sua:</strong></span> <span class='ocrx_word' id='word_1_393' title='bbox 1651 4890 1814 4944; x_wconf 80' lang='lat' dir='ltr'><strong>reges.</strong></span> 
     </span>
    </p>
   </div>
   <div class='ocr_carea' id='block_1_50' title="bbox 197 4952 1814 5033">
    <p class='ocr_par' dir='ltr' id='par_1_50' title="bbox 197 4952 1814 5033">
     <span class='ocr_line' id='line_1_50' title="bbox 197 4952 1814 5033; baseline 0.008 -27"><span class='ocrx_word' id='word_1_394' title='bbox 197 4952 238 5006; x_wconf 77' lang='grc' dir='ltr'><strong>Ν</strong></span> <span class='ocrx_word' id='word_1_395' title='bbox 265 4971 312 5006; x_wconf 82' lang='grc' dir='ltr'><strong>-η</strong></span> <span class='ocrx_word' id='word_1_396' title='bbox 343 4953 683 5010; x_wconf 82' lang='lat' dir='ltr'><strong>abcrravcrit</strong></span> <span class='ocrx_word' id='word_1_397' title='bbox 710 4958 799 5025; x_wconf 88' lang='lat' dir='ltr'><strong>qui</strong></span> <span class='ocrx_word' id='word_1_398' title='bbox 835 4956 939 5011; x_wconf 86' lang='lat' dir='ltr'><strong>hoc</strong></span> <span class='ocrx_word' id='word_1_399' title='bbox 969 4958 1166 5013; x_wconf 80' lang='lat' dir='ltr'><strong>dixerit</strong></span> <span class='ocrx_word' id='word_1_400' title='bbox 1194 4959 1297 5014; x_wconf 89' lang='lat' dir='ltr'><strong>dici</strong></span> <span class='ocrx_word' id='word_1_401' title='bbox 1322 4960 1390 5015; x_wconf 91' lang='lat' dir='ltr'><strong>de</strong></span> <span class='ocrx_word' id='word_1_402' title='bbox 1419 4962 1776 5032; x_wconf 67' lang='lat' dir='ltr'><strong>praesentibus</strong></span> <span class='ocrx_word' id='word_1_403' title='bbox 1798 5006 1814 5033; x_wconf 90' lang='lat'><strong>,</strong></span> 
     </span>
    </p>
   </div>
   <div class='ocr_carea' id='block_1_51' title="bbox 198 5048 1817 5126">
    <p class='ocr_par' dir='ltr' id='par_1_51' title="bbox 198 5048 1817 5126">
     <span class='ocr_line' id='line_1_51' title="bbox 198 5048 1817 5126; baseline 0.008 -29"><span class='ocrx_word' id='word_1_404' title='bbox 198 5048 285 5115; x_wconf 90' lang='lat' dir='ltr'><strong>qui</strong></span> <span class='ocrx_word' id='word_1_405' title='bbox 321 5048 610 5118; x_wconf 84' lang='lat' dir='ltr'><strong>insurgunt</strong></span> <span class='ocrx_word' id='word_1_406' title='bbox 641 5048 902 5104; x_wconf 85' lang='lat' dir='ltr'><strong>adversus</strong></span> <span class='ocrx_word' id='word_1_407' title='bbox 944 5050 1245 5107; x_wconf 87' lang='lat' dir='ltr'><strong>Ecclesiam</strong></span> <span class='ocrx_word' id='word_1_408' title='bbox 1270 5096 1283 5117; x_wconf 98' lang='lat'><strong>,</strong></span> <span class='ocrx_word' id='word_1_409' title='bbox 1322 5064 1373 5107; x_wconf 84' lang='lat' dir='ltr'><strong>et</strong></span> <span class='ocrx_word' id='word_1_410' title='bbox 1407 5053 1473 5108; x_wconf 86' lang='lat' dir='ltr'><strong>de</strong></span> <span class='ocrx_word' id='word_1_411' title='bbox 1503 5056 1566 5110; x_wconf 84' lang='lat' dir='ltr'><strong>iis</strong></span> <span class='ocrx_word' id='word_1_412' title='bbox 1596 5056 1684 5125; x_wconf 90' lang='lat' dir='ltr'><strong>qui</strong></span> <span class='ocrx_word' id='word_1_413' title='bbox 1720 5072 1817 5126; x_wconf 91' lang='lat' dir='ltr'><strong>pro</strong></span> 
     </span>
    </p>
   </div>
   <div class='ocr_carea' id='block_1_52' title="bbox 200 5140 1815 5211">
    <p class='ocr_par' dir='ltr' id='par_1_52' title="bbox 200 5140 1815 5211">
     <span class='ocr_line' id='line_1_52' title="bbox 200 5140 1815 5211; baseline 0.006 -19"><span class='ocrx_word' id='word_1_414' title='bbox 200 5140 441 5205; x_wconf 82' lang='lat' dir='ltr'><strong>peccatis</strong></span> <span class='ocrx_word' id='word_1_415' title='bbox 467 5148 525 5194; x_wconf 87' lang='lat' dir='ltr'><strong>et</strong></span> <span class='ocrx_word' id='word_1_416' title='bbox 550 5140 827 5208; x_wconf 82' lang='lat' dir='ltr'><strong>impietate</strong></span> <span class='ocrx_word' id='word_1_417' title='bbox 850 5156 945 5195; x_wconf 86' lang='lat' dir='ltr'><strong>sua</strong></span> <span class='ocrx_word' id='word_1_418' title='bbox 975 5157 1163 5211; x_wconf 68' lang='lat' dir='ltr'><strong>pinnas</strong></span> <span class='ocrx_word' id='word_1_419' title='bbox 1189 5154 1315 5198; x_wconf 91' lang='lat' dir='ltr'><strong>sunt</strong></span> <span class='ocrx_word' id='word_1_420' title='bbox 1343 5146 1541 5201; x_wconf 84' lang='lat' dir='ltr'><strong>daturi.</strong></span> <span class='ocrx_word' id='word_1_421' title='bbox 1572 5147 1624 5201; x_wconf 86' lang='lat'><strong>6.</strong></span> <span class='ocrx_word' id='word_1_422' title='bbox 1653 5149 1815 5201; x_wconf 74' lang='lat' dir='ltr'><strong>ludi-</strong></span> 
     </span>
    </p>
   </div>
   <div class='ocr_carea' id='block_1_53' title="bbox 199 5230 1817 5305">
    <p class='ocr_par' dir='ltr' id='par_1_53' title="bbox 199 5230 1817 5305">
     <span class='ocr_line' id='line_1_53' title="bbox 199 5230 1817 5305; baseline 0.011 -25"><span class='ocrx_word' id='word_1_423' title='bbox 199 5230 328 5282; x_wconf 75' lang='lat' dir='ltr'><strong>:abit</strong></span> <span class='ocrx_word' id='word_1_424' title='bbox 364 5230 421 5284; x_wconf 73' lang='lat' dir='ltr'><strong>in</strong></span> <span class='ocrx_word' id='word_1_425' title='bbox 452 5233 687 5301; x_wconf 76' lang='lat' dir='ltr'><strong>gentibus</strong></span> <span class='ocrx_word' id='word_1_426' title='bbox 713 5233 976 5301; x_wconf 79' lang='lat' dir='ltr'><strong>:implebit</strong></span> <span class='ocrx_word' id='word_1_427' title='bbox 1002 5236 1199 5291; x_wconf 86' lang='lat' dir='ltr'><strong>ruinas.</strong></span> <span class='ocrx_word' id='word_1_428' title='bbox 1229 5237 1365 5304; x_wconf 84' lang='lat' dir='ltr'><strong>Quid</strong></span> <span class='ocrx_word' id='word_1_429' title='bbox 1396 5250 1477 5294; x_wconf 89' lang='lat' dir='ltr'><strong>est</strong></span> <span class='ocrx_word' id='word_1_430' title='bbox 1496 5281 1511 5305; x_wconf 93' lang='lat'><strong>,</strong></span> <span class='ocrx_word' id='word_1_431' title='bbox 1553 5240 1817 5298; x_wconf 77' lang='lat' dir='ltr'><strong>Judicabit</strong></span> 
     </span>
    </p>
   </div>
   <div class='ocr_carea' id='block_1_54' title="bbox 201 5320 1813 5399">
    <p class='ocr_par' dir='ltr' id='par_1_54' title="bbox 201 5320 1813 5399">
     <span class='ocr_line' id='line_1_54' title="bbox 201 5320 1813 5399; baseline 0.011 -28"><span class='ocrx_word' id='word_1_432' title='bbox 201 5320 248 5372; x_wconf 85' lang='lat' dir='ltr'><strong>in</strong></span> <span class='ocrx_word' id='word_1_433' title='bbox 270 5322 507 5390; x_wconf 77' lang='lat' dir='ltr'><strong>gentibus</strong></span> <span class='ocrx_word' id='word_1_434' title='bbox 522 5323 550 5376; x_wconf 89' lang='lat'><strong>.’</strong></span> <span class='ocrx_word' id='word_1_435' title='bbox 567 5321 863 5392; x_wconf 68' lang='lat' dir='ltr'><strong>iudicabit,</strong></span> <span class='ocrx_word' id='word_1_436' title='bbox 893 5326 1084 5399; x_wconf 90' lang='lat' dir='ltr'><strong>inquit,</strong></span> <span class='ocrx_word' id='word_1_437' title='bbox 1108 5328 1488 5387; x_wconf 88' lang='lat' dir='ltr'><strong>condemnabit</strong></span> <span class='ocrx_word' id='word_1_438' title='bbox 1515 5332 1813 5389; x_wconf 81' lang='lat' dir='ltr'><strong>da-monas.</strong></span> 
     </span>
    </p>
   </div>
   <div class='ocr_carea' id='block_1_55' title="bbox 202 5412 1817 5484">
    <p class='ocr_par' dir='ltr' id='par_1_55' title="bbox 202 5412 1817 5484">
     <span class='ocr_line' id='line_1_55' title="bbox 202 5412 1817 5484; baseline 0.01 -17"><span class='ocrx_word' id='word_1_439' title='bbox 202 5412 265 5468; x_wconf 82' lang='lat' dir='ltr'><strong>Et</strong></span> <span class='ocrx_word' id='word_1_440' title='bbox 290 5413 437 5484; x_wconf 88' lang='lat' dir='ltr'><strong>quod</strong></span> <span class='ocrx_word' id='word_1_441' title='bbox 463 5414 785 5484; x_wconf 68' lang='lat' dir='ltr'><strong>judicavc-rit</strong></span> <span class='ocrx_word' id='word_1_442' title='bbox 805 5460 818 5481; x_wconf 89' lang='lat'><strong>,</strong></span> <span class='ocrx_word' id='word_1_443' title='bbox 862 5421 983 5475; x_wconf 85' lang='lat' dir='ltr'><strong>anili</strong></span> <span class='ocrx_word' id='word_1_444' title='bbox 1010 5420 1283 5478; x_wconf 88' lang='lat' dir='ltr'><strong>Christum</strong></span> <span class='ocrx_word' id='word_1_445' title='bbox 1323 5425 1589 5481; x_wconf 85' lang='lat' dir='ltr'><strong>dicentem</strong></span> <span class='ocrx_word' id='word_1_446' title='bbox 1618 5445 1630 5480; x_wconf 91' lang='lat'><strong>:</strong></span> <span class='ocrx_word' id='word_1_447' title='bbox 1659 5427 1817 5483; x_wconf 83' lang='lat' dir='ltr'><strong>Nunc</strong></span> 
     </span>
    </p>
   </div>
   <div class='ocr_carea' id='block_1_56' title="bbox 198 5508 1817 5591">
    <p class='ocr_par' dir='ltr' id='par_1_56' title="bbox 198 5508 1817 5591">
     <span class='ocr_line' id='line_1_56' title="bbox 198 5508 1817 5591; baseline 0.01 -30"><span class='ocrx_word' id='word_1_448' title='bbox 198 5518 267 5561; x_wconf 81' lang='lat' dir='ltr'><strong>est</strong></span> <span class='ocrx_word' id='word_1_449' title='bbox 284 5508 550 5580; x_wconf 80' lang='lat' dir='ltr'><strong>judicium</strong></span> <span class='ocrx_word' id='word_1_450' title='bbox 579 5513 757 5564; x_wconf 79' lang='lat' dir='ltr'><strong>mundi</strong></span> <span class='ocrx_word' id='word_1_451' title='bbox 788 5514 943 5581; x_wconf 80' lang='lat' dir='ltr'><strong>huius</strong></span> <span class='ocrx_word' id='word_1_452' title='bbox 962 5532 981 5580; x_wconf 83' lang='lat'><strong>,°</strong></span> <span class='ocrx_word' id='word_1_453' title='bbox 1022 5531 1155 5569; x_wconf 84' lang='lat' dir='ltr'><strong>nunc</strong></span> <span class='ocrx_word' id='word_1_454' title='bbox 1186 5516 1421 5587; x_wconf 84' lang='lat' dir='ltr'><strong>princeps</strong></span> <span class='ocrx_word' id='word_1_455' title='bbox 1452 5520 1633 5573; x_wconf 86' lang='lat' dir='ltr'><strong>mundi</strong></span> <span class='ocrx_word' id='word_1_456' title='bbox 1663 5519 1817 5591; x_wconf 78' lang='lat' dir='ltr'><strong>hitjns</strong></span> 
     </span>
    </p>
   </div>
   <div class='ocr_carea' id='block_1_57' title="bbox 200 5601 1814 5681">
    <p class='ocr_par' dir='ltr' id='par_1_57' title="bbox 200 5601 1814 5681">
     <span class='ocr_line' id='line_1_57' title="bbox 200 5601 1814 5681; baseline 0.009 -28"><span class='ocrx_word' id='word_1_457' title='bbox 200 5601 431 5669; x_wconf 69' lang='lat' dir='ltr'><strong>ejicietur</strong></span> <span class='ocrx_word' id='word_1_458' title='bbox 451 5604 594 5672; x_wconf 80' lang='lat' dir='ltr'><strong>[oras</strong></span> <span class='ocrx_word' id='word_1_459' title='bbox 623 5602 807 5674; x_wconf 81' lang='lat' dir='ltr'><strong>(Joan.</strong></span> <span class='ocrx_word' id='word_1_460' title='bbox 845 5604 931 5659; x_wconf 72' lang='grc'><strong>12.</strong></span> <span class='ocrx_word' id='word_1_461' title='bbox 964 5606 1078 5676; x_wconf 76' lang='grc'><strong>51).</strong></span> <span class='ocrx_word' id='word_1_462' title='bbox 1113 5608 1177 5661; x_wconf 83' lang='lat' dir='ltr'><strong>Et</strong></span> <span class='ocrx_word' id='word_1_463' title='bbox 1199 5607 1325 5662; x_wconf 78' lang='lat' dir='ltr'><strong>alibi</strong></span> <span class='ocrx_word' id='word_1_464' title='bbox 1354 5627 1366 5662; x_wconf 91' lang='lat'><strong>:</strong></span> <span class='ocrx_word' id='word_1_465' title='bbox 1393 5606 1458 5662; x_wconf 82' lang='lat' dir='ltr'><strong>Et</strong></span> <span class='ocrx_word' id='word_1_466' title='bbox 1481 5626 1573 5681; x_wconf 81' lang='lat' dir='ltr'><strong>ego</strong></span> <span class='ocrx_word' id='word_1_467' title='bbox 1598 5613 1643 5665; x_wconf 88' lang='lat' dir='ltr'><strong>si</strong></span> <span class='ocrx_word' id='word_1_468' title='bbox 1669 5614 1814 5667; x_wconf 70' lang='lat' dir='ltr'><strong>eral—</strong></span> 
     </span>
    </p>
   </div>
   <div class='ocr_carea' id='block_1_58' title="bbox 201 5693 1812 5778">
    <p class='ocr_par' dir='ltr' id='par_1_58' title="bbox 201 5693 1812 5778">
     <span class='ocr_line' id='line_1_58' title="bbox 201 5693 1812 5778; baseline 0.009 -34"><span class='ocrx_word' id='word_1_469' title='bbox 201 5703 335 5748; x_wconf 81' lang='lat' dir='ltr'><strong>tatus</strong></span> <span class='ocrx_word' id='word_1_470' title='bbox 361 5693 541 5763; x_wconf 82' lang='lat' dir='ltr'><strong>fuero,</strong></span> <span class='ocrx_word' id='word_1_471' title='bbox 575 5710 749 5751; x_wconf 87' lang='lat' dir='ltr'><strong>omnes</strong></span> <span class='ocrx_word' id='word_1_472' title='bbox 788 5698 991 5752; x_wconf 78' lang='lat' dir='ltr'><strong>traham</strong></span> <span class='ocrx_word' id='word_1_473' title='bbox 1030 5701 1102 5753; x_wconf 87' lang='lat' dir='ltr'><strong>ad</strong></span> <span class='ocrx_word' id='word_1_474' title='bbox 1141 5701 1391 5770; x_wconf 85' lang='lat' dir='ltr'><strong>meipsum</strong></span> <span class='ocrx_word' id='word_1_475' title='bbox 1424 5700 1581 5774; x_wconf 87' lang='lat' dir='ltr'><strong>(Ibid.</strong></span> <span class='ocrx_word' id='word_1_476' title='bbox 1620 5719 1664 5758; x_wconf 86' lang='grc' dir='ltr'><strong>υ.</strong></span> <span class='ocrx_word' id='word_1_477' title='bbox 1697 5705 1812 5778; x_wconf 71' lang='grc'><strong>52).</strong></span> 
     </span>
    </p>
   </div>
   <div class='ocr_carea' id='block_1_59' title="bbox 200 5788 1813 5866">
    <p class='ocr_par' dir='ltr' id='par_1_59' title="bbox 200 5788 1813 5866">
     <span class='ocr_line' id='line_1_59' title="bbox 200 5788 1813 5866; baseline 0.008 -25"><span class='ocrx_word' id='word_1_478' title='bbox 200 5788 347 5853; x_wconf 78' lang='lat' dir='ltr'><strong>Quod</strong></span> <span class='ocrx_word' id='word_1_479' title='bbox 377 5790 423 5844; x_wconf 90' lang='lat' dir='ltr'><strong>si</strong></span> <span class='ocrx_word' id='word_1_480' title='bbox 457 5805 587 5845; x_wconf 91' lang='lat' dir='ltr'><strong>usus</strong></span> <span class='ocrx_word' id='word_1_481' title='bbox 615 5801 699 5845; x_wconf 87' lang='lat' dir='ltr'><strong>est</strong></span> <span class='ocrx_word' id='word_1_482' title='bbox 719 5790 953 5848; x_wconf 78' lang='lat' dir='ltr'><strong>dictione</strong></span> <span class='ocrx_word' id='word_1_483' title='bbox 977 5809 1098 5863; x_wconf 72' lang='lat' dir='ltr'><strong>qua:</strong></span> <span class='ocrx_word' id='word_1_484' title='bbox 1126 5793 1284 5863; x_wconf 81' lang='lat' dir='ltr'><strong>paulo</strong></span> <span class='ocrx_word' id='word_1_485' title='bbox 1310 5796 1479 5866; x_wconf 89' lang='lat' dir='ltr'><strong>magis</strong></span> <span class='ocrx_word' id='word_1_486' title='bbox 1498 5796 1567 5851; x_wconf 89' lang='lat' dir='ltr'><strong>ad</strong></span> <span class='ocrx_word' id='word_1_487' title='bbox 1593 5812 1813 5854; x_wconf 89' lang='lat' dir='ltr'><strong>sensum</strong></span> 
     </span>
    </p>
   </div>
   <div class='ocr_carea' id='block_1_60' title="bbox 201 5882 1804 5949">
    <p class='ocr_par' dir='ltr' id='par_1_60' title="bbox 201 5882 1804 5949">
     <span class='ocr_line' id='line_1_60' title="bbox 201 5882 1804 5949; baseline 0.007 -14"><span class='ocrx_word' id='word_1_488' title='bbox 201 5882 451 5949; x_wconf 77' lang='lat' dir='ltr'><strong>pertinet,</strong></span> <span class='ocrx_word' id='word_1_489' title='bbox 484 5899 592 5938; x_wconf 91' lang='lat' dir='ltr'><strong>non</strong></span> <span class='ocrx_word' id='word_1_490' title='bbox 620 5882 927 5940; x_wconf 76' lang='lat' dir='ltr'><strong>oll‘endaris.</strong></span> <span class='ocrx_word' id='word_1_491' title='bbox 962 5885 1075 5942; x_wconf 83' lang='lat' dir='ltr'><strong>lioc</strong></span> <span class='ocrx_word' id='word_1_492' title='bbox 1102 5896 1187 5942; x_wconf 80' lang='lat' dir='ltr'><strong>est</strong></span> <span class='ocrx_word' id='word_1_493' title='bbox 1209 5888 1351 5945; x_wconf 87' lang='lat' dir='ltr'><strong>enim</strong></span> <span class='ocrx_word' id='word_1_494' title='bbox 1376 5886 1637 5946; x_wconf 77' lang='lat' dir='ltr'><strong>familiare</strong></span> <span class='ocrx_word' id='word_1_495' title='bbox 1662 5888 1804 5947; x_wconf 79' lang='lat' dir='ltr'><strong>Scri-</strong></span> 
     </span>
    </p>
   </div>
   <div class='ocr_carea' id='block_1_61' title="bbox 1312 390 2323 455">
    <p class='ocr_par' dir='ltr' id='par_1_61' title="bbox 1312 390 2323 455">
     <span class='ocr_line' id='line_1_61' title="bbox 1312 390 2323 455; baseline -0.009 -1"><span class='ocrx_word' id='word_1_496' title='bbox 1312 396 1679 455; x_wconf 76' lang='lat' dir='ltr'><strong>EXPOSITIO</strong></span> <span class='ocrx_word' id='word_1_497' title='bbox 1717 394 1783 450; x_wconf 58' lang='grc' dir='ltr'>ιχ</span> <span class='ocrx_word' id='word_1_498' title='bbox 1819 392 2148 450; x_wconf 63' lang='lat' dir='ltr'><strong>I’SAIJIUM</strong></span> <span class='ocrx_word' id='word_1_499' title='bbox 2187 390 2323 448; x_wconf 72' lang='lat' dir='ltr'><strong>CIX.</strong></span> 
     </span>
    </p>
   </div>
   <div class='ocr_carea' id='block_1_62' title="bbox 3432 383 3535 441">
    <p class='ocr_par' dir='ltr' id='par_1_62' title="bbox 3432 383 3535 441">
     <span class='ocr_line' id='line_1_62' title="bbox 3432 383 3535 441; baseline 0 -1"><span class='ocrx_word' id='word_1_500' title='bbox 3432 383 3535 441; x_wconf 67' lang='grc' dir='ltr'><strong>ξετκ</strong></span> 
     </span>
    </p>
   </div>
   <div class='ocr_carea' id='block_1_63' title="bbox 1919 502 3538 579">
    <p class='ocr_par' dir='ltr' id='par_1_63' title="bbox 1919 502 3538 579">
     <span class='ocr_line' id='line_1_63' title="bbox 1919 502 3538 579; baseline -0.004 -16"><span class='ocrx_word' id='word_1_501' title='bbox 1919 518 2109 579; x_wconf 73' lang='lat' dir='ltr'><strong>pturze.</strong></span> <span class='ocrx_word' id='word_1_502' title='bbox 2140 504 2507 577; x_wconf 83' lang='lat' dir='ltr'><strong>Conquassabit</strong></span> <span class='ocrx_word' id='word_1_503' title='bbox 2556 504 2727 576; x_wconf 78' lang='lat' dir='ltr'><strong>capita</strong></span> <span class='ocrx_word' id='word_1_504' title='bbox 2762 503 2816 558; x_wconf 86' lang='lat' dir='ltr'><strong>in</strong></span> <span class='ocrx_word' id='word_1_505' title='bbox 2856 514 2993 559; x_wconf 86' lang='lat' dir='ltr'><strong>terra</strong></span> <span class='ocrx_word' id='word_1_506' title='bbox 3020 502 3319 559; x_wconf 76' lang='lat' dir='ltr'><strong>multarunt.</strong></span> <span class='ocrx_word' id='word_1_507' title='bbox 3349 503 3404 559; x_wconf 85' lang='lat' dir='ltr'><strong>Si</strong></span> <span class='ocrx_word' id='word_1_508' title='bbox 3436 504 3538 558; x_wconf 84' lang='lat' dir='ltr'><strong>hoc</strong></span> 
     </span>
    </p>
   </div>
   <div class='ocr_carea' id='block_1_64' title="bbox 1914 595 3537 671">
    <p class='ocr_par' dir='ltr' id='par_1_64' title="bbox 1914 595 3537 671">
     <span class='ocr_line' id='line_1_64' title="bbox 1914 595 3537 671; baseline -0.004 -15"><span class='ocrx_word' id='word_1_509' title='bbox 1914 597 2134 671; x_wconf 88' lang='lat' dir='ltr'><strong>quidem</strong></span> <span class='ocrx_word' id='word_1_510' title='bbox 2176 598 2313 655; x_wconf 90' lang='lat' dir='ltr'><strong>velis</strong></span> <span class='ocrx_word' id='word_1_511' title='bbox 2354 597 2603 668; x_wconf 87' lang='lat' dir='ltr'><strong>accipere</strong></span> <span class='ocrx_word' id='word_1_512' title='bbox 2643 597 2974 668; x_wconf 84' lang='lat' dir='ltr'><strong>anagogiee,</strong></span> <span class='ocrx_word' id='word_1_513' title='bbox 3025 596 3221 653; x_wconf 77' lang='lat' dir='ltr'><strong>dixerit</strong></span> <span class='ocrx_word' id='word_1_514' title='bbox 3268 595 3537 669; x_wconf 86' lang='lat' dir='ltr'><strong>quispiam</strong></span> 
     </span>
    </p>
   </div>
   <div class='ocr_carea' id='block_1_65' title="bbox 1913 689 3539 761">
    <p class='ocr_par' dir='ltr' id='par_1_65' title="bbox 1913 689 3539 761">
     <span class='ocr_line' id='line_1_65' title="bbox 1913 689 3539 761; baseline -0.004 -13"><span class='ocrx_word' id='word_1_515' title='bbox 1913 707 2039 748; x_wconf 90' lang='lat' dir='ltr'><strong>eum</strong></span> <span class='ocrx_word' id='word_1_516' title='bbox 2066 705 2189 748; x_wconf 90' lang='lat' dir='ltr'><strong>esse</strong></span> <span class='ocrx_word' id='word_1_517' title='bbox 2230 689 2565 761; x_wconf 90' lang='lat' dir='ltr'><strong>dejeeturum</strong></span> <span class='ocrx_word' id='word_1_518' title='bbox 2595 689 2793 745; x_wconf 80' lang='lat' dir='ltr'><strong>fastum</strong></span> <span class='ocrx_word' id='word_1_519' title='bbox 2824 698 2879 743; x_wconf 86' lang='lat' dir='ltr'><strong>et</strong></span> <span class='ocrx_word' id='word_1_520' title='bbox 2906 689 3304 759; x_wconf 81' lang='lat' dir='ltr'><strong>arrogantiam;</strong></span> <span class='ocrx_word' id='word_1_521' title='bbox 3334 690 3380 746; x_wconf 89' lang='lat' dir='ltr'><strong>si</strong></span> <span class='ocrx_word' id='word_1_522' title='bbox 3410 704 3539 746; x_wconf 78' lang='lat' dir='ltr'><strong>vero</strong></span> 
     </span>
    </p>
   </div>
   <div class='ocr_carea' id='block_1_66' title="bbox 1914 780 3542 851">
    <p class='ocr_par' dir='ltr' id='par_1_66' title="bbox 1914 780 3542 851">
     <span class='ocr_line' id='line_1_66' title="bbox 1914 780 3542 851; baseline -0.004 -11"><span class='ocrx_word' id='word_1_523' title='bbox 1914 782 2159 840; x_wconf 75' lang='lat' dir='ltr'><strong>sensibili</strong></span> <span class='ocrx_word' id='word_1_524' title='bbox 2186 781 2349 837; x_wconf 91' lang='lat' dir='ltr'><strong>modo</strong></span> <span class='ocrx_word' id='word_1_525' title='bbox 2372 783 2627 851; x_wconf 88' lang='lat' dir='ltr'><strong>accipias,</strong></span> <span class='ocrx_word' id='word_1_526' title='bbox 2649 780 2961 837; x_wconf 59' lang='lat' dir='ltr'><strong>indecorum</strong></span> <span class='ocrx_word' id='word_1_527' title='bbox 2987 781 3377 847; x_wconf 83' lang='lat' dir='ltr'><strong>calamitatem,</strong></span> <span class='ocrx_word' id='word_1_528' title='bbox 3403 796 3542 851; x_wconf 88' lang='lat' dir='ltr'><strong>quos</strong></span> 
     </span>
    </p>
   </div>
   <div class='ocr_carea' id='block_1_67' title="bbox 1914 873 3169 933">
    <p class='ocr_par' dir='ltr' id='par_1_67' title="bbox 1914 873 3169 933">
     <span class='ocr_line' id='line_1_67' title="bbox 1914 873 3169 933; baseline -0.006 0"><span class='ocrx_word' id='word_1_529' title='bbox 1914 893 2037 933; x_wconf 89' lang='lat' dir='ltr'><strong>cum</strong></span> <span class='ocrx_word' id='word_1_530' title='bbox 2069 875 2409 932; x_wconf 72' lang='lat' dir='ltr'><strong>vehementia</strong></span> <span class='ocrx_word' id='word_1_531' title='bbox 2439 874 2670 929; x_wconf 74' lang='lat' dir='ltr'><strong>maxima</strong></span> <span class='ocrx_word' id='word_1_532' title='bbox 2697 873 2937 929; x_wconf 89' lang='lat' dir='ltr'><strong>funditus</strong></span> <span class='ocrx_word' id='word_1_533' title='bbox 2956 875 3169 930; x_wconf 79' lang='lat' dir='ltr'><strong>evertit.</strong></span> 
     </span>
    </p>
   </div>
   <div class='ocr_carea' id='block_1_68' title="bbox 1987 967 3539 1040">
    <p class='ocr_par' dir='ltr' id='par_1_68' title="bbox 1987 967 3539 1040">
     <span class='ocr_line' id='line_1_68' title="bbox 1987 967 3539 1040; baseline -0.003 -14"><span class='ocrx_word' id='word_1_534' title='bbox 1987 970 2333 1040; x_wconf 75' lang='lat' dir='ltr'><strong>PliilosOpItia</strong></span> <span class='ocrx_word' id='word_1_535' title='bbox 2354 967 2545 1025; x_wconf 75' lang='lat' dir='ltr'><strong>Christi</strong></span> <span class='ocrx_word' id='word_1_536' title='bbox 2571 978 2621 1024; x_wconf 92' lang='lat' dir='ltr'><strong>et</strong></span> <span class='ocrx_word' id='word_1_537' title='bbox 2646 970 2917 1035; x_wconf 83' lang='lat' dir='ltr'><strong>doctrina;</strong></span> <span class='ocrx_word' id='word_1_538' title='bbox 2940 968 3183 1023; x_wconf 76' lang='lat' dir='ltr'><strong>adversm</strong></span> <span class='ocrx_word' id='word_1_539' title='bbox 3206 968 3419 1035; x_wconf 67' lang='lat' dir='ltr'><strong>luxum;</strong></span> <span class='ocrx_word' id='word_1_540' title='bbox 3438 985 3539 1022; x_wconf 86' lang='lat' dir='ltr'><strong>ser-</strong></span> 
     </span>
    </p>
   </div>
   <div class='ocr_carea' id='block_1_69' title="bbox 1913 1061 3538 1134">
    <p class='ocr_par' dir='ltr' id='par_1_69' title="bbox 1913 1061 3538 1134">
     <span class='ocr_line' id='line_1_69' title="bbox 1913 1061 3538 1134; baseline -0.002 -15"><span class='ocrx_word' id='word_1_541' title='bbox 1913 1079 2034 1119; x_wconf 79' lang='lat' dir='ltr'><strong>vum</strong></span> <span class='ocrx_word' id='word_1_542' title='bbox 2076 1073 2165 1118; x_wconf 82' lang='lat' dir='ltr'><strong>aut</strong></span> <span class='ocrx_word' id='word_1_543' title='bbox 2193 1062 2407 1118; x_wconf 85' lang='lat' dir='ltr'><strong>liberum</strong></span> <span class='ocrx_word' id='word_1_544' title='bbox 2439 1063 2563 1132; x_wconf 86' lang='lat' dir='ltr'><strong>quid</strong></span> <span class='ocrx_word' id='word_1_545' title='bbox 2590 1062 2910 1134; x_wconf 82' lang='lat' dir='ltr'><strong>potissimum</strong></span> <span class='ocrx_word' id='word_1_546' title='bbox 2938 1061 3135 1132; x_wconf 78' lang='lat' dir='ltr'><strong>faciat;</strong></span> <span class='ocrx_word' id='word_1_547' title='bbox 3160 1078 3404 1119; x_wconf 74' lang='lat' dir='ltr'><strong>curarum</strong></span> <span class='ocrx_word' id='word_1_548' title='bbox 3444 1078 3538 1116; x_wconf 79' lang='lat' dir='ltr'><strong>va-</strong></span> 
     </span>
    </p>
   </div>
   <div class='ocr_carea' id='block_1_70' title="bbox 1915 1152 3533 1224">
    <p class='ocr_par' dir='ltr' id='par_1_70' title="bbox 1915 1152 3533 1224">
     <span class='ocr_line' id='line_1_70' title="bbox 1915 1152 3533 1224; baseline -0.001 -15"><span class='ocrx_word' id='word_1_549' title='bbox 1915 1157 2080 1211; x_wconf 83' lang='lat' dir='ltr'><strong>cuitas</strong></span> <span class='ocrx_word' id='word_1_550' title='bbox 2117 1164 2368 1224; x_wconf 88' lang='lat' dir='ltr'><strong>quantunt</strong></span> <span class='ocrx_word' id='word_1_551' title='bbox 2402 1154 2711 1209; x_wconf 86' lang='lat' dir='ltr'><strong>bonunt..-—</strong></span> <span class='ocrx_word' id='word_1_552' title='bbox 2732 1154 2787 1208; x_wconf 89' lang='lat'><strong>7.</strong></span> <span class='ocrx_word' id='word_1_553' title='bbox 2816 1153 2896 1209; x_wconf 82' lang='lat' dir='ltr'><strong>De</strong></span> <span class='ocrx_word' id='word_1_554' title='bbox 2922 1162 3144 1208; x_wconf 81' lang='lat' dir='ltr'><strong>torrente</strong></span> <span class='ocrx_word' id='word_1_555' title='bbox 3184 1153 3240 1208; x_wconf 82' lang='lat' dir='ltr'><strong>iu</strong></span> <span class='ocrx_word' id='word_1_556' title='bbox 3268 1154 3352 1209; x_wconf 75' lang='lat' dir='ltr'><strong>uia</strong></span> <span class='ocrx_word' id='word_1_557' title='bbox 3382 1152 3533 1209; x_wconf 84' lang='lat' dir='ltr'><strong>bibet.</strong></span> 
     </span>
    </p>
   </div>
   <div class='ocr_carea' id='block_1_71' title="bbox 1916 1244 3536 1315">
    <p class='ocr_par' dir='ltr' id='par_1_71' title="bbox 1916 1244 3536 1315">
     <span class='ocr_line' id='line_1_71' title="bbox 1916 1244 3536 1315; baseline -0.002 -12"><span class='ocrx_word' id='word_1_558' title='bbox 1916 1246 2015 1303; x_wconf 86' lang='lat' dir='ltr'><strong>Hic</strong></span> <span class='ocrx_word' id='word_1_559' title='bbox 2040 1245 2278 1302; x_wconf 86' lang='lat' dir='ltr'><strong>ostendit</strong></span> <span class='ocrx_word' id='word_1_560' title='bbox 2302 1245 2563 1303; x_wconf 90' lang='lat' dir='ltr'><strong>humilem</strong></span> <span class='ocrx_word' id='word_1_561' title='bbox 2592 1260 2657 1301; x_wconf 89' lang='lat' dir='ltr'><strong>ac</strong></span> <span class='ocrx_word' id='word_1_562' title='bbox 2682 1245 2845 1301; x_wconf 89' lang='lat' dir='ltr'><strong>vilem</strong></span> <span class='ocrx_word' id='word_1_563' title='bbox 2866 1244 2985 1315; x_wconf 90' lang='lat' dir='ltr'><strong>ejus</strong></span> <span class='ocrx_word' id='word_1_564' title='bbox 3008 1244 3223 1301; x_wconf 83' lang='lat' dir='ltr'><strong>vivendi</strong></span> <span class='ocrx_word' id='word_1_565' title='bbox 3247 1245 3536 1308; x_wconf 85' lang='lat' dir='ltr'><strong>rationem.</strong></span> 
     </span>
    </p>
   </div>
   <div class='ocr_carea' id='block_1_72' title="bbox 1896 1324 3540 1413">
    <p class='ocr_par' dir='ltr' id='par_1_72' title="bbox 1896 1324 3540 1413">
     <span class='ocr_line' id='line_1_72' title="bbox 1896 1324 3540 1413; baseline 0 -18"><span class='ocrx_word' id='word_1_566' title='bbox 1896 1324 2059 1413; x_wconf 43' lang='lat' dir='ltr'><strong>‘quod</strong></span> <span class='ocrx_word' id='word_1_567' title='bbox 2104 1340 2308 1397; x_wconf 91' lang='lat' dir='ltr'><strong>nullum</strong></span> <span class='ocrx_word' id='word_1_568' title='bbox 2353 1339 2553 1397; x_wconf 82' lang='lat' dir='ltr'><strong>fastum</strong></span> <span class='ocrx_word' id='word_1_569' title='bbox 2600 1355 2713 1412; x_wconf 74' lang='lat' dir='ltr'><strong>pra:</strong></span> <span class='ocrx_word' id='word_1_570' title='bbox 2755 1354 2816 1397; x_wconf 87' lang='lat' dir='ltr'><strong>se</strong></span> <span class='ocrx_word' id='word_1_571' title='bbox 2858 1339 3065 1407; x_wconf 89' lang='lat' dir='ltr'><strong>ferens,</strong></span> <span class='ocrx_word' id='word_1_572' title='bbox 3101 1340 3266 1396; x_wconf 86' lang='lat' dir='ltr'><strong>nullis</strong></span> <span class='ocrx_word' id='word_1_573' title='bbox 3308 1340 3540 1412; x_wconf 86' lang='lat' dir='ltr'><strong>stipatus</strong></span> 
     </span>
    </p>
   </div>
   <div class='ocr_carea' id='block_1_73' title="bbox 1914 1435 3536 1507">
    <p class='ocr_par' dir='ltr' id='par_1_73' title="bbox 1914 1435 3536 1507">
     <span class='ocr_line' id='line_1_73' title="bbox 1914 1435 3536 1507; baseline -0.002 -15"><span class='ocrx_word' id='word_1_574' title='bbox 1914 1436 2276 1503; x_wconf 81' lang='lat' dir='ltr'><strong>satellitibus,</strong></span> <span class='ocrx_word' id='word_1_575' title='bbox 2324 1451 2428 1493; x_wconf 90' lang='lat' dir='ltr'><strong>uec</strong></span> <span class='ocrx_word' id='word_1_576' title='bbox 2466 1435 2712 1492; x_wconf 86' lang='lat' dir='ltr'><strong>sensibili</strong></span> <span class='ocrx_word' id='word_1_577' title='bbox 2757 1435 2940 1507; x_wconf 87' lang='lat' dir='ltr'><strong>aliquo</strong></span> <span class='ocrx_word' id='word_1_578' title='bbox 2968 1444 3231 1507; x_wconf 85' lang='lat' dir='ltr'><strong>apparatu</strong></span> <span class='ocrx_word' id='word_1_579' title='bbox 3262 1435 3536 1500; x_wconf 82' lang='lat' dir='ltr'><strong>munitus.</strong></span> 
     </span>
    </p>
   </div>
   <div class='ocr_carea' id='block_1_74' title="bbox 1916 1524 3541 1596">
    <p class='ocr_par' dir='ltr' id='par_1_74' title="bbox 1916 1524 3541 1596">
     <span class='ocr_line' id='line_1_74' title="bbox 1916 1524 3541 1596; baseline 0 -14"><span class='ocrx_word' id='word_1_580' title='bbox 1916 1528 2035 1584; x_wconf 74' lang='lat' dir='ltr'><strong>lucc</strong></span> <span class='ocrx_word' id='word_1_581' title='bbox 2061 1526 2289 1594; x_wconf 89' lang='lat' dir='ltr'><strong>fecerit;</strong></span> <span class='ocrx_word' id='word_1_582' title='bbox 2321 1526 2417 1583; x_wconf 90' lang='lat' dir='ltr'><strong>sed</strong></span> <span class='ocrx_word' id='word_1_583' title='bbox 2464 1537 2680 1582; x_wconf 91' lang='lat' dir='ltr'><strong>tenuem</strong></span> <span class='ocrx_word' id='word_1_584' title='bbox 2710 1528 2909 1583; x_wconf 82' lang='lat' dir='ltr'><strong>victum</strong></span> <span class='ocrx_word' id='word_1_585' title='bbox 2939 1526 3178 1596; x_wconf 91' lang='lat' dir='ltr'><strong>ducens,</strong></span> <span class='ocrx_word' id='word_1_586' title='bbox 3210 1535 3265 1582; x_wconf 81' lang='lat' dir='ltr'><strong>et</strong></span> <span class='ocrx_word' id='word_1_587' title='bbox 3291 1524 3432 1582; x_wconf 86' lang='lat' dir='ltr'><strong>adeo</strong></span> <span class='ocrx_word' id='word_1_588' title='bbox 3459 1535 3541 1582; x_wconf 85' lang='lat' dir='ltr'><strong>te-</strong></span> 
     </span>
    </p>
   </div>
   <div class='ocr_carea' id='block_1_75' title="bbox 1915 1619 3540 1689">
    <p class='ocr_par' dir='ltr' id='par_1_75' title="bbox 1915 1619 3540 1689">
     <span class='ocr_line' id='line_1_75' title="bbox 1915 1619 3540 1689; baseline 0.001 -14"><span class='ocrx_word' id='word_1_589' title='bbox 1915 1636 2117 1688; x_wconf 88' lang='lat' dir='ltr'><strong>nuem,</strong></span> <span class='ocrx_word' id='word_1_590' title='bbox 2162 1629 2222 1676; x_wconf 89' lang='lat' dir='ltr'><strong>ut</strong></span> <span class='ocrx_word' id='word_1_591' title='bbox 2263 1636 2331 1676; x_wconf 87' lang='lat' dir='ltr'><strong>ex</strong></span> <span class='ocrx_word' id='word_1_592' title='bbox 2376 1629 2617 1676; x_wconf 88' lang='lat' dir='ltr'><strong>torrente</strong></span> <span class='ocrx_word' id='word_1_593' title='bbox 2663 1620 2907 1677; x_wconf 62' lang='lat' dir='ltr'><strong>biberet:</strong></span> <span class='ocrx_word' id='word_1_594' title='bbox 2932 1619 3120 1689; x_wconf 85' lang='lat' dir='ltr'><strong>Qualis</strong></span> <span class='ocrx_word' id='word_1_595' title='bbox 3158 1620 3305 1675; x_wconf 90' lang='lat' dir='ltr'><strong>enim</strong></span> <span class='ocrx_word' id='word_1_596' title='bbox 3345 1619 3540 1676; x_wconf 86' lang='lat' dir='ltr'><strong>eratei</strong></span> 
     </span>
    </p>
   </div>
   <div class='ocr_carea' id='block_1_76' title="bbox 1916 1710 3537 1784">
    <p class='ocr_par' dir='ltr' id='par_1_76' title="bbox 1916 1710 3537 1784">
     <span class='ocr_line' id='line_1_76' title="bbox 1916 1710 3537 1784; baseline -0.002 -15"><span class='ocrx_word' id='word_1_597' title='bbox 1916 1728 2102 1769; x_wconf 87' lang='lat' dir='ltr'><strong>tuensa</strong></span> <span class='ocrx_word' id='word_1_598' title='bbox 2123 1751 2139 1781; x_wconf 93' lang='lat'><strong>,</strong></span> <span class='ocrx_word' id='word_1_599' title='bbox 2177 1711 2298 1768; x_wconf 88' lang='lat' dir='ltr'><strong>talis</strong></span> <span class='ocrx_word' id='word_1_600' title='bbox 2333 1727 2550 1784; x_wconf 90' lang='lat' dir='ltr'><strong>quoque</strong></span> <span class='ocrx_word' id='word_1_601' title='bbox 2582 1720 2762 1783; x_wconf 84' lang='lat' dir='ltr'><strong>pctus.</strong></span> <span class='ocrx_word' id='word_1_602' title='bbox 2793 1710 2978 1767; x_wconf 77' lang='lat' dir='ltr'><strong>Mensa</strong></span> <span class='ocrx_word' id='word_1_603' title='bbox 3008 1726 3179 1781; x_wconf 87' lang='lat' dir='ltr'><strong>panes</strong></span> <span class='ocrx_word' id='word_1_604' title='bbox 3207 1710 3537 1778; x_wconf 87' lang='lat' dir='ltr'><strong>hordeacei,</strong></span> 
     </span>
    </p>
   </div>
   <div class='ocr_carea' id='block_1_77' title="bbox 1918 1803 3539 1878">
    <p class='ocr_par' dir='ltr' id='par_1_77' title="bbox 1918 1803 3539 1878">
     <span class='ocr_line' id='line_1_77' title="bbox 1918 1803 3539 1878; baseline -0.001 -17"><span class='ocrx_word' id='word_1_605' title='bbox 1918 1816 2080 1878; x_wconf 89' lang='lat' dir='ltr'><strong>potus</strong></span> <span class='ocrx_word' id='word_1_606' title='bbox 2107 1820 2245 1876; x_wconf 89' lang='lat' dir='ltr'><strong>aqua</strong></span> <span class='ocrx_word' id='word_1_607' title='bbox 2278 1805 2348 1861; x_wconf 90' lang='lat' dir='ltr'><strong>de</strong></span> <span class='ocrx_word' id='word_1_608' title='bbox 2378 1815 2643 1861; x_wconf 90' lang='lat' dir='ltr'><strong>torrente.</strong></span> <span class='ocrx_word' id='word_1_609' title='bbox 2672 1805 2828 1860; x_wconf 81' lang='lat' dir='ltr'><strong>\‘cnit</strong></span> <span class='ocrx_word' id='word_1_610' title='bbox 2852 1804 2997 1860; x_wconf 91' lang='lat' dir='ltr'><strong>enim</strong></span> <span class='ocrx_word' id='word_1_611' title='bbox 3029 1804 3172 1859; x_wconf 89' lang='lat' dir='ltr'><strong>hanc</strong></span> <span class='ocrx_word' id='word_1_612' title='bbox 3198 1803 3539 1876; x_wconf 48' lang='lat' dir='ltr'><strong>philosopbi‘</strong></span> 
     </span>
    </p>
   </div>
   <div class='ocr_carea' id='block_1_78' title="bbox 1915 1898 3541 1971">
    <p class='ocr_par' dir='ltr' id='par_1_78' title="bbox 1915 1898 3541 1971">
     <span class='ocr_line' id='line_1_78' title="bbox 1915 1898 3541 1971; baseline -0.002 -14"><span class='ocrx_word' id='word_1_613' title='bbox 1915 1916 2037 1957; x_wconf 86' lang='lat' dir='ltr'><strong>eam</strong></span> <span class='ocrx_word' id='word_1_614' title='bbox 2065 1900 2279 1956; x_wconf 86' lang='lat' dir='ltr'><strong>vivendi</strong></span> <span class='ocrx_word' id='word_1_615' title='bbox 2312 1898 2575 1956; x_wconf 88' lang='lat' dir='ltr'><strong>rationem</strong></span> <span class='ocrx_word' id='word_1_616' title='bbox 2603 1898 2862 1955; x_wconf 84' lang='lat' dir='ltr'><strong>docturus</strong></span> <span class='ocrx_word' id='word_1_617' title='bbox 2885 1940 2900 1965; x_wconf 93' lang='lat'><strong>,</strong></span> <span class='ocrx_word' id='word_1_618' title='bbox 2934 1914 3132 1971; x_wconf 87' lang='lat' dir='ltr'><strong>nempe</strong></span> <span class='ocrx_word' id='word_1_619' title='bbox 3163 1900 3339 1955; x_wconf 80' lang='lat' dir='ltr'><strong>ventri</strong></span> <span class='ocrx_word' id='word_1_620' title='bbox 3371 1899 3541 1970; x_wconf 55' lang='lat' dir='ltr'><strong>impia.</strong></span> 
     </span>
    </p>
   </div>
   <div class='ocr_carea' id='block_1_79' title="bbox 1917 1991 3543 2064">
    <p class='ocr_par' dir='ltr' id='par_1_79' title="bbox 1917 1991 3543 2064">
     <span class='ocr_line' id='line_1_79' title="bbox 1917 1991 3543 2064; baseline 0.001 -16"><span class='ocrx_word' id='word_1_621' title='bbox 1917 2008 2041 2048; x_wconf 88' lang='lat' dir='ltr'><strong>rare</strong></span> <span class='ocrx_word' id='word_1_622' title='bbox 2065 2034 2081 2061; x_wconf 95' lang='lat'><strong>,</strong></span> <span class='ocrx_word' id='word_1_623' title='bbox 2134 2008 2387 2064; x_wconf 87' lang='lat' dir='ltr'><strong>pompam</strong></span> <span class='ocrx_word' id='word_1_624' title='bbox 2418 1992 2665 2058; x_wconf 79' lang='lat' dir='ltr'><strong>calcare,</strong></span> <span class='ocrx_word' id='word_1_625' title='bbox 2699 2002 2754 2047; x_wconf 92' lang='lat' dir='ltr'><strong>et</strong></span> <span class='ocrx_word' id='word_1_626' title='bbox 2797 1991 2994 2048; x_wconf 85' lang='lat' dir='ltr'><strong>fastum</strong></span> <span class='ocrx_word' id='word_1_627' title='bbox 3037 1993 3298 2050; x_wconf 85' lang='lat' dir='ltr'><strong>aversari.</strong></span> <span class='ocrx_word' id='word_1_628' title='bbox 3335 1992 3543 2049; x_wconf 88' lang='lat' dir='ltr'><strong>Deinde</strong></span> 
     </span>
    </p>
   </div>
   <div class='ocr_carea' id='block_1_80' title="bbox 1916 2086 3544 2157">
    <p class='ocr_par' dir='ltr' id='par_1_80' title="bbox 1916 2086 3544 2157">
     <span class='ocr_line' id='line_1_80' title="bbox 1916 2086 3544 2157; baseline -0.002 -15"><span class='ocrx_word' id='word_1_629' title='bbox 1916 2086 2213 2143; x_wconf 87' lang='lat' dir='ltr'><strong>ostendens</strong></span> <span class='ocrx_word' id='word_1_630' title='bbox 2242 2086 2387 2157; x_wconf 90' lang='lat' dir='ltr'><strong>quod</strong></span> <span class='ocrx_word' id='word_1_631' title='bbox 2425 2087 2497 2143; x_wconf 87' lang='lat' dir='ltr'><strong>sit</strong></span> <span class='ocrx_word' id='word_1_632' title='bbox 2526 2086 2687 2157; x_wconf 83' lang='lat' dir='ltr'><strong>hujus</strong></span> <span class='ocrx_word' id='word_1_633' title='bbox 2718 2088 2845 2142; x_wconf 71' lang='lat' dir='ltr'><strong>vita:</strong></span> <span class='ocrx_word' id='word_1_634' title='bbox 2889 2089 3320 2143; x_wconf 90' lang='lat' dir='ltr'><strong>emolumentum</strong></span> <span class='ocrx_word' id='word_1_635' title='bbox 3346 2129 3361 2154; x_wconf 89' lang='lat'><strong>,</strong></span> <span class='ocrx_word' id='word_1_636' title='bbox 3410 2089 3544 2143; x_wconf 68' lang='lat' dir='ltr'><strong>sub.</strong></span> 
     </span>
    </p>
   </div>
   <div class='ocr_carea' id='block_1_81' title="bbox 1914 2176 3541 2250">
    <p class='ocr_par' dir='ltr' id='par_1_81' title="bbox 1914 2176 3541 2250">
     <span class='ocr_line' id='line_1_81' title="bbox 1914 2176 3541 2250; baseline 0.001 -17"><span class='ocrx_word' id='word_1_637' title='bbox 1914 2179 2132 2249; x_wconf 86' lang='lat' dir='ltr'><strong>junxit:</strong></span> <span class='ocrx_word' id='word_1_638' title='bbox 2162 2176 2444 2247; x_wconf 65' lang='lat' dir='ltr'><strong>Proyterea</strong></span> <span class='ocrx_word' id='word_1_639' title='bbox 2487 2179 2732 2233; x_wconf 78' lang='lat' dir='ltr'><strong>exaltabit</strong></span> <span class='ocrx_word' id='word_1_640' title='bbox 2777 2189 2956 2250; x_wconf 84' lang='lat' dir='ltr'><strong>caput.</strong></span> <span class='ocrx_word' id='word_1_641' title='bbox 3010 2178 3347 2235; x_wconf 86' lang='lat' dir='ltr'><strong>Humilitatis</strong></span> <span class='ocrx_word' id='word_1_642' title='bbox 3394 2182 3541 2237; x_wconf 85' lang='lat' dir='ltr'><strong>enim</strong></span> 
     </span>
    </p>
   </div>
   <div class='ocr_carea' id='block_1_82' title="bbox 1919 2269 2887 2343">
    <p class='ocr_par' dir='ltr' id='par_1_82' title="bbox 1919 2269 2887 2343">
     <span class='ocr_line' id='line_1_82' title="bbox 1919 2269 2887 2343; baseline 0.001 -21"><span class='ocrx_word' id='word_1_643' title='bbox 1919 2271 2154 2343; x_wconf 58' lang='lat' dir='ltr'><strong>vitaque</strong></span> <span class='ocrx_word' id='word_1_644' title='bbox 2177 2279 2409 2327; x_wconf 76' lang='lat' dir='ltr'><strong>austera:</strong></span> <span class='ocrx_word' id='word_1_645' title='bbox 2437 2270 2525 2326; x_wconf 91' lang='lat' dir='ltr'><strong>hic</strong></span> <span class='ocrx_word' id='word_1_646' title='bbox 2547 2280 2631 2326; x_wconf 90' lang='lat' dir='ltr'><strong>est</strong></span> <span class='ocrx_word' id='word_1_647' title='bbox 2661 2269 2887 2326; x_wconf 91' lang='lat' dir='ltr'><strong>fruetus.</strong></span> 
     </span>
    </p>
   </div>
   <div class='ocr_carea' id='block_1_83' title="bbox 1992 2362 3543 2429">
    <p class='ocr_par' dir='ltr' id='par_1_83' title="bbox 1992 2362 3543 2429">
     <span class='ocr_line' id='line_1_83' title="bbox 1992 2362 3543 2429; baseline 0 -10"><span class='ocrx_word' id='word_1_648' title='bbox 1992 2362 2047 2419; x_wconf 90' lang='lat'><strong>9.</strong></span> <span class='ocrx_word' id='word_1_649' title='bbox 2078 2363 2208 2420; x_wconf 64' lang='lat' dir='ltr'><strong>llaec</strong></span> <span class='ocrx_word' id='word_1_650' title='bbox 2234 2371 2417 2419; x_wconf 89' lang='lat' dir='ltr'><strong>autem</strong></span> <span class='ocrx_word' id='word_1_651' title='bbox 2449 2378 2555 2419; x_wconf 89' lang='lat' dir='ltr'><strong>non</strong></span> <span class='ocrx_word' id='word_1_652' title='bbox 2587 2363 2730 2417; x_wconf 88' lang='lat' dir='ltr'><strong>dicta</strong></span> <span class='ocrx_word' id='word_1_653' title='bbox 2758 2374 2886 2421; x_wconf 89' lang='lat' dir='ltr'><strong>sunt</strong></span> <span class='ocrx_word' id='word_1_654' title='bbox 2911 2362 2982 2419; x_wconf 89' lang='lat' dir='ltr'><strong>de</strong></span> <span class='ocrx_word' id='word_1_655' title='bbox 3012 2363 3316 2429; x_wconf 83' lang='lat' dir='ltr'><strong>divinitate,</strong></span> <span class='ocrx_word' id='word_1_656' title='bbox 3349 2364 3445 2421; x_wconf 86' lang='lat' dir='ltr'><strong>sed</strong></span> <span class='ocrx_word' id='word_1_657' title='bbox 3472 2364 3543 2419; x_wconf 90' lang='lat' dir='ltr'><strong>de</strong></span> 
     </span>
    </p>
   </div>
   <div class='ocr_carea' id='block_1_84' title="bbox 1919 2450 3544 2527">
    <p class='ocr_par' dir='ltr' id='par_1_84' title="bbox 1919 2450 3544 2527">
     <span class='ocr_line' id='line_1_84' title="bbox 1919 2450 3544 2527; baseline 0.001 -16"><span class='ocrx_word' id='word_1_658' title='bbox 1919 2470 2084 2511; x_wconf 89' lang='lat' dir='ltr'><strong>carne</strong></span> <span class='ocrx_word' id='word_1_659' title='bbox 2110 2471 2231 2527; x_wconf 70' lang='lat' dir='ltr'><strong>qua:</strong></span> <span class='ocrx_word' id='word_1_660' title='bbox 2258 2454 2396 2512; x_wconf 89' lang='lat' dir='ltr'><strong>bibit</strong></span> <span class='ocrx_word' id='word_1_661' title='bbox 2421 2469 2493 2511; x_wconf 83' lang='lat' dir='ltr'><strong>ex</strong></span> <span class='ocrx_word' id='word_1_662' title='bbox 2524 2464 2767 2511; x_wconf 89' lang='lat' dir='ltr'><strong>torrente</strong></span> <span class='ocrx_word' id='word_1_663' title='bbox 2785 2498 2798 2521; x_wconf 92' lang='lat'><strong>,</strong></span> <span class='ocrx_word' id='word_1_664' title='bbox 2845 2470 2965 2525; x_wconf 78' lang='lat' dir='ltr'><strong>qua:</strong></span> <span class='ocrx_word' id='word_1_665' title='bbox 3008 2455 3111 2512; x_wconf 89' lang='lat' dir='ltr'><strong>fuit</strong></span> <span class='ocrx_word' id='word_1_666' title='bbox 3140 2450 3395 2512; x_wconf 85' lang='lat' dir='ltr'><strong>exaltata.</strong></span> <span class='ocrx_word' id='word_1_667' title='bbox 3424 2456 3544 2513; x_wconf 86' lang='lat' dir='ltr'><strong>Non</strong></span> 
     </span>
    </p>
   </div>
   <div class='ocr_carea' id='block_1_85' title="bbox 1920 2547 3543 2615">
    <p class='ocr_par' dir='ltr' id='par_1_85' title="bbox 1920 2547 3543 2615">
     <span class='ocr_line' id='line_1_85' title="bbox 1920 2547 3543 2615; baseline 0 -10"><span class='ocrx_word' id='word_1_668' title='bbox 1920 2547 2085 2605; x_wconf 90' lang='lat' dir='ltr'><strong>modo</strong></span> <span class='ocrx_word' id='word_1_669' title='bbox 2113 2550 2257 2604; x_wconf 89' lang='lat' dir='ltr'><strong>enim</strong></span> <span class='ocrx_word' id='word_1_670' title='bbox 2299 2548 2433 2604; x_wconf 90' lang='lat' dir='ltr'><strong>nihil</strong></span> <span class='ocrx_word' id='word_1_671' title='bbox 2463 2548 2514 2604; x_wconf 88' lang='lat' dir='ltr'><strong>ei</strong></span> <span class='ocrx_word' id='word_1_672' title='bbox 2543 2548 2855 2604; x_wconf 86' lang='lat' dir='ltr'><strong>detrimenti</strong></span> <span class='ocrx_word' id='word_1_673' title='bbox 2892 2549 3073 2605; x_wconf 86' lang='lat' dir='ltr'><strong>attulit</strong></span> <span class='ocrx_word' id='word_1_674' title='bbox 3114 2548 3232 2604; x_wconf 80' lang='lat' dir='ltr'><strong>haec</strong></span> <span class='ocrx_word' id='word_1_675' title='bbox 3273 2550 3505 2610; x_wconf 86' lang='lat' dir='ltr'><strong>tenuitas</strong></span> <span class='ocrx_word' id='word_1_676' title='bbox 3527 2591 3543 2615; x_wconf 96' lang='lat'><strong>,</strong></span> 
     </span>
    </p>
   </div>
   <div class='ocr_carea' id='block_1_86' title="bbox 1921 2641 3545 2700">
    <p class='ocr_par' dir='ltr' id='par_1_86' title="bbox 1921 2641 3545 2700">
     <span class='ocr_line' id='line_1_86' title="bbox 1921 2641 3545 2700; baseline -0.001 0"><span class='ocrx_word' id='word_1_677' title='bbox 1921 2643 2017 2700; x_wconf 90' lang='lat' dir='ltr'><strong>sed</strong></span> <span class='ocrx_word' id='word_1_678' title='bbox 2057 2644 2219 2700; x_wconf 89' lang='lat' dir='ltr'><strong>etiam</strong></span> <span class='ocrx_word' id='word_1_679' title='bbox 2267 2642 2336 2698; x_wconf 89' lang='lat' dir='ltr'><strong>ad</strong></span> <span class='ocrx_word' id='word_1_680' title='bbox 2378 2641 2704 2699; x_wconf 88' lang='lat' dir='ltr'><strong>inell‘abilem</strong></span> <span class='ocrx_word' id='word_1_681' title='bbox 2737 2643 2918 2699; x_wconf 83' lang='lat' dir='ltr'><strong>evexit</strong></span> <span class='ocrx_word' id='word_1_682' title='bbox 2954 2642 3323 2699; x_wconf 87' lang='lat' dir='ltr'><strong>altitudinem.</strong></span> <span class='ocrx_word' id='word_1_683' title='bbox 3376 2644 3443 2700; x_wconf 84' lang='lat' dir='ltr'><strong>Et</strong></span> <span class='ocrx_word' id='word_1_684' title='bbox 3489 2654 3545 2699; x_wconf 88' lang='lat' dir='ltr'><strong>tu</strong></span> 
     </span>
    </p>
   </div>
   <div class='ocr_carea' id='block_1_87' title="bbox 1922 2732 3545 2807">
    <p class='ocr_par' dir='ltr' id='par_1_87' title="bbox 1922 2732 3545 2807">
     <span class='ocr_line' id='line_1_87' title="bbox 1922 2732 3545 2807; baseline -0.002 -16"><span class='ocrx_word' id='word_1_685' title='bbox 1922 2750 2074 2807; x_wconf 87' lang='lat' dir='ltr'><strong>ergo,</strong></span> <span class='ocrx_word' id='word_1_686' title='bbox 2102 2751 2135 2791; x_wconf 91' lang='grc' dir='ltr'><strong>ο</strong></span> <span class='ocrx_word' id='word_1_687' title='bbox 2161 2734 2378 2800; x_wconf 87' lang='lat' dir='ltr'><strong>dilecte,</strong></span> <span class='ocrx_word' id='word_1_688' title='bbox 2403 2732 2493 2805; x_wconf 76' lang='lat' dir='ltr'><strong>qui</strong></span> <span class='ocrx_word' id='word_1_689' title='bbox 2518 2734 2635 2790; x_wconf 61' lang='lat' dir='ltr'><strong>haec</strong></span> <span class='ocrx_word' id='word_1_690' title='bbox 2657 2734 2905 2806; x_wconf 90' lang='lat' dir='ltr'><strong>exempla</strong></span> <span class='ocrx_word' id='word_1_691' title='bbox 2927 2734 3096 2791; x_wconf 82' lang='lat' dir='ltr'><strong>habes</strong></span> <span class='ocrx_word' id='word_1_692' title='bbox 3125 2735 3222 2791; x_wconf 88' lang='lat' dir='ltr'><strong>tibi</strong></span> <span class='ocrx_word' id='word_1_693' title='bbox 3245 2738 3545 2806; x_wconf 82' lang='lat' dir='ltr'><strong>preposita,</strong></span> 
     </span>
    </p>
   </div>
   <div class='ocr_carea' id='block_1_88' title="bbox 1922 2826 3547 2898">
    <p class='ocr_par' dir='ltr' id='par_1_88' title="bbox 1922 2826 3547 2898">
     <span class='ocr_line' id='line_1_88' title="bbox 1922 2826 3547 2898; baseline 0.001 -16"><span class='ocrx_word' id='word_1_694' title='bbox 1922 2828 2086 2884; x_wconf 89' lang='lat' dir='ltr'><strong>vitam</strong></span> <span class='ocrx_word' id='word_1_695' title='bbox 2134 2826 2272 2883; x_wconf 86' lang='lat' dir='ltr'><strong>fastu</strong></span> <span class='ocrx_word' id='word_1_696' title='bbox 2324 2836 2379 2883; x_wconf 92' lang='lat' dir='ltr'><strong>et</strong></span> <span class='ocrx_word' id='word_1_697' title='bbox 2426 2841 2621 2898; x_wconf 90' lang='lat' dir='ltr'><strong>pompa</strong></span> <span class='ocrx_word' id='word_1_698' title='bbox 2663 2827 2925 2897; x_wconf 86' lang='lat' dir='ltr'><strong>repletam</strong></span> <span class='ocrx_word' id='word_1_699' title='bbox 2967 2837 3280 2888; x_wconf 84' lang='lat' dir='ltr'><strong>centemnc.</strong></span> <span class='ocrx_word' id='word_1_700' title='bbox 3326 2839 3547 2895; x_wconf 81' lang='lat' dir='ltr'><strong>tenuem</strong></span> 
     </span>
    </p>
   </div>
   <div class='ocr_carea' id='block_1_89' title="bbox 1924 2920 3548 2991">
    <p class='ocr_par' dir='ltr' id='par_1_89' title="bbox 1924 2920 3548 2991">
     <span class='ocr_line' id='line_1_89' title="bbox 1924 2920 3548 2991; baseline 0.004 -16"><span class='ocrx_word' id='word_1_701' title='bbox 1924 2928 2105 2976; x_wconf 90' lang='lat' dir='ltr'><strong>autem</strong></span> <span class='ocrx_word' id='word_1_702' title='bbox 2135 2934 2199 2975; x_wconf 91' lang='lat' dir='ltr'><strong>ac</strong></span> <span class='ocrx_word' id='word_1_703' title='bbox 2224 2920 2448 2975; x_wconf 91' lang='lat' dir='ltr'><strong>minime</strong></span> <span class='ocrx_word' id='word_1_704' title='bbox 2476 2920 2799 2990; x_wconf 87' lang='lat' dir='ltr'><strong>exquisitam</strong></span> <span class='ocrx_word' id='word_1_705' title='bbox 2830 2935 3189 2991; x_wconf 79' lang='lat' dir='ltr'><strong>persequere,</strong></span> <span class='ocrx_word' id='word_1_706' title='bbox 3233 2923 3277 2977; x_wconf 93' lang='lat' dir='ltr'><strong>si</strong></span> <span class='ocrx_word' id='word_1_707' title='bbox 3319 2923 3401 2978; x_wconf 89' lang='lat' dir='ltr'><strong>vis</strong></span> <span class='ocrx_word' id='word_1_708' title='bbox 3426 2937 3548 2981; x_wconf 78' lang='lat' dir='ltr'><strong>esse</strong></span> 
     </span>
    </p>
   </div>
   <div class='ocr_carea' id='block_1_90' title="bbox 1922 3012 3551 3084">
    <p class='ocr_par' dir='ltr' id='par_1_90' title="bbox 1922 3012 3551 3084">
     <span class='ocr_line' id='line_1_90' title="bbox 1922 3012 3551 3084; baseline 0.003 -17"><span class='ocrx_word' id='word_1_709' title='bbox 1922 3013 2103 3069; x_wconf 89' lang='lat' dir='ltr'><strong>clarus</strong></span> <span class='ocrx_word' id='word_1_710' title='bbox 2128 3021 2184 3068; x_wconf 89' lang='lat' dir='ltr'><strong>et</strong></span> <span class='ocrx_word' id='word_1_711' title='bbox 2212 3027 2458 3084; x_wconf 83' lang='lat' dir='ltr'><strong>magnus.</strong></span> <span class='ocrx_word' id='word_1_712' title='bbox 2491 3012 2752 3068; x_wconf 88' lang='lat' dir='ltr'><strong>Dominus</strong></span> <span class='ocrx_word' id='word_1_713' title='bbox 2782 3015 2927 3069; x_wconf 89' lang='lat' dir='ltr'><strong>enim</strong></span> <span class='ocrx_word' id='word_1_714' title='bbox 2959 3025 3084 3069; x_wconf 90' lang='lat' dir='ltr'><strong>tuus</strong></span> <span class='ocrx_word' id='word_1_715' title='bbox 3130 3015 3253 3071; x_wconf 86' lang='lat' dir='ltr'><strong>ideo</strong></span> <span class='ocrx_word' id='word_1_716' title='bbox 3280 3018 3455 3081; x_wconf 82' lang='lat' dir='ltr'><strong>venit,</strong></span> <span class='ocrx_word' id='word_1_717' title='bbox 3491 3028 3551 3072; x_wconf 93' lang='lat' dir='ltr'><strong>ut</strong></span> 
     </span>
    </p>
   </div>
   <div class='ocr_carea' id='block_1_91' title="bbox 1925 3101 3547 3181">
    <p class='ocr_par' dir='ltr' id='par_1_91' title="bbox 1925 3101 3547 3181">
     <span class='ocr_line' id='line_1_91' title="bbox 1925 3101 3547 3181; baseline 0.003 -21"><span class='ocrx_word' id='word_1_718' title='bbox 1925 3104 2066 3160; x_wconf 91' lang='lat' dir='ltr'><strong>hanc</strong></span> <span class='ocrx_word' id='word_1_719' title='bbox 2110 3115 2162 3160; x_wconf 91' lang='lat' dir='ltr'><strong>te</strong></span> <span class='ocrx_word' id='word_1_720' title='bbox 2203 3105 2346 3159; x_wconf 91' lang='lat' dir='ltr'><strong>viam</strong></span> <span class='ocrx_word' id='word_1_721' title='bbox 2391 3105 2632 3161; x_wconf 89' lang='lat' dir='ltr'><strong>doceret.</strong></span> <span class='ocrx_word' id='word_1_722' title='bbox 2683 3101 2946 3175; x_wconf 80' lang='lat' dir='ltr'><strong>Quocirca</strong></span> <span class='ocrx_word' id='word_1_723' title='bbox 2988 3107 3249 3178; x_wconf 89' lang='lat' dir='ltr'><strong>propheta</strong></span> <span class='ocrx_word' id='word_1_724' title='bbox 3293 3124 3547 3181; x_wconf 86' lang='lat' dir='ltr'><strong>quoque,</strong></span> 
     </span>
    </p>
   </div>
   <div class='ocr_carea' id='block_1_92' title="bbox 1923 3198 3549 3279">
    <p class='ocr_par' dir='ltr' id='par_1_92' title="bbox 1923 3198 3549 3279">
     <span class='ocr_line' id='line_1_92' title="bbox 1923 3198 3549 3279; baseline 0.003 -26"><span class='ocrx_word' id='word_1_725' title='bbox 1923 3213 2048 3255; x_wconf 88' lang='lat' dir='ltr'><strong>cum</strong></span> <span class='ocrx_word' id='word_1_726' title='bbox 2088 3198 2345 3269; x_wconf 73' lang='lat' dir='ltr'><strong>prmclara</strong></span> <span class='ocrx_word' id='word_1_727' title='bbox 2384 3199 2503 3268; x_wconf 92' lang='lat' dir='ltr'><strong>ejus</strong></span> <span class='ocrx_word' id='word_1_728' title='bbox 2552 3198 2691 3255; x_wconf 87' lang='lat' dir='ltr'><strong>facta</strong></span> <span class='ocrx_word' id='word_1_729' title='bbox 2732 3210 3027 3265; x_wconf 68' lang='lat' dir='ltr'><strong>narrasset,</strong></span> <span class='ocrx_word' id='word_1_730' title='bbox 3069 3202 3173 3257; x_wconf 88' lang='lat' dir='ltr'><strong>hoe</strong></span> <span class='ocrx_word' id='word_1_731' title='bbox 3221 3203 3395 3279; x_wconf 64' lang='lat' dir='ltr'><strong>ipsum</strong></span> <span class='ocrx_word' id='word_1_732' title='bbox 3420 3202 3549 3258; x_wconf 85' lang='lat' dir='ltr'><strong>sub-</strong></span> 
     </span>
    </p>
   </div>
   <div class='ocr_carea' id='block_1_93' title="bbox 1919 3288 3549 3364">
    <p class='ocr_par' dir='ltr' id='par_1_93' title="bbox 1919 3288 3549 3364">
     <span class='ocr_line' id='line_1_93' title="bbox 1919 3288 3549 3364; baseline 0.002 -17"><span class='ocrx_word' id='word_1_733' title='bbox 1919 3291 2134 3362; x_wconf 78' lang='lat' dir='ltr'><strong>junxit,</strong></span> <span class='ocrx_word' id='word_1_734' title='bbox 2183 3305 2353 3361; x_wconf 85' lang='lat' dir='ltr'><strong>prope</strong></span> <span class='ocrx_word' id='word_1_735' title='bbox 2380 3290 2567 3347; x_wconf 88' lang='lat' dir='ltr'><strong>dicens</strong></span> <span class='ocrx_word' id='word_1_736' title='bbox 2592 3288 2759 3347; x_wconf 90' lang='lat' dir='ltr'><strong>:Cum</strong></span> <span class='ocrx_word' id='word_1_737' title='bbox 2802 3291 3080 3347; x_wconf 83' lang='lat' dir='ltr'><strong>victoriam</strong></span> <span class='ocrx_word' id='word_1_738' title='bbox 3121 3301 3176 3349; x_wconf 90' lang='lat' dir='ltr'><strong>et</strong></span> <span class='ocrx_word' id='word_1_739' title='bbox 3220 3301 3421 3364; x_wconf 66' lang='lat' dir='ltr'><strong>tropara</strong></span> <span class='ocrx_word' id='word_1_740' title='bbox 3453 3310 3549 3352; x_wconf 84' lang='lat' dir='ltr'><strong>au-</strong></span> 
     </span>
    </p>
   </div>
   <div class='ocr_carea' id='block_1_94' title="bbox 1924 3386 3547 3457">
    <p class='ocr_par' dir='ltr' id='par_1_94' title="bbox 1924 3386 3547 3457">
     <span class='ocr_line' id='line_1_94' title="bbox 1924 3386 3547 3457; baseline 0.001 -14"><span class='ocrx_word' id='word_1_741' title='bbox 1924 3387 2114 3452; x_wconf 91' lang='lat' dir='ltr'><strong>dieris,</strong></span> <span class='ocrx_word' id='word_1_742' title='bbox 2149 3402 2219 3442; x_wconf 91' lang='lat' dir='ltr'><strong>ne</strong></span> <span class='ocrx_word' id='word_1_743' title='bbox 2246 3400 2409 3457; x_wconf 86' lang='lat' dir='ltr'><strong>spera</strong></span> <span class='ocrx_word' id='word_1_744' title='bbox 2452 3393 2506 3441; x_wconf 91' lang='lat' dir='ltr'><strong>te</strong></span> <span class='ocrx_word' id='word_1_745' title='bbox 2537 3386 2775 3441; x_wconf 86' lang='lat' dir='ltr'><strong>visurum</strong></span> <span class='ocrx_word' id='word_1_746' title='bbox 2822 3399 2995 3451; x_wconf 88' lang='lat' dir='ltr'><strong>arma,</strong></span> <span class='ocrx_word' id='word_1_747' title='bbox 3046 3387 3267 3453; x_wconf 87' lang='lat' dir='ltr'><strong>tnilltes,</strong></span> <span class='ocrx_word' id='word_1_748' title='bbox 3317 3404 3547 3453; x_wconf 88' lang='lat' dir='ltr'><strong>currus,</strong></span> 
     </span>
    </p>
   </div>
   <div class='ocr_carea' id='block_1_95' title="bbox 1925 3479 3550 3552">
    <p class='ocr_par' dir='ltr' id='par_1_95' title="bbox 1925 3479 3550 3552">
     <span class='ocr_line' id='line_1_95' title="bbox 1925 3479 3550 3552; baseline 0.002 -15"><span class='ocrx_word' id='word_1_749' title='bbox 1925 3495 2116 3551; x_wconf 89' lang='lat' dir='ltr'><strong>equos,</strong></span> <span class='ocrx_word' id='word_1_750' title='bbox 2141 3481 2352 3552; x_wconf 89' lang='lat' dir='ltr'><strong>equites</strong></span> <span class='ocrx_word' id='word_1_751' title='bbox 2369 3520 2385 3547; x_wconf 95' lang='lat'><strong>,</strong></span> <span class='ocrx_word' id='word_1_752' title='bbox 2410 3480 2671 3535; x_wconf 87' lang='lat' dir='ltr'><strong>tumultus</strong></span> <span class='ocrx_word' id='word_1_753' title='bbox 2701 3488 2793 3534; x_wconf 91' lang='lat' dir='ltr'><strong>aut</strong></span> <span class='ocrx_word' id='word_1_754' title='bbox 2815 3479 2999 3535; x_wconf 85' lang='lat' dir='ltr'><strong>turbas</strong></span> <span class='ocrx_word' id='word_1_755' title='bbox 3026 3498 3039 3535; x_wconf 89' lang='lat'><strong>:</strong></span> <span class='ocrx_word' id='word_1_756' title='bbox 3060 3489 3143 3536; x_wconf 89' lang='lat' dir='ltr'><strong>est</strong></span> <span class='ocrx_word' id='word_1_757' title='bbox 3168 3481 3305 3537; x_wconf 87' lang='lat' dir='ltr'><strong>adeo</strong></span> <span class='ocrx_word' id='word_1_758' title='bbox 3327 3480 3550 3540; x_wconf 85' lang='lat' dir='ltr'><strong>humilis</strong></span> 
     </span>
    </p>
   </div>
   <div class='ocr_carea' id='block_1_96' title="bbox 1926 3572 3550 3643">
    <p class='ocr_par' dir='ltr' id='par_1_96' title="bbox 1926 3572 3550 3643">
     <span class='ocr_line' id='line_1_96' title="bbox 1926 3572 3550 3643; baseline 0.002 -15"><span class='ocrx_word' id='word_1_759' title='bbox 1926 3574 2018 3641; x_wconf 91' lang='lat' dir='ltr'><strong>qui</strong></span> <span class='ocrx_word' id='word_1_760' title='bbox 2049 3574 2167 3628; x_wconf 72' lang='lat' dir='ltr'><strong>hrec</strong></span> <span class='ocrx_word' id='word_1_761' title='bbox 2208 3572 2357 3640; x_wconf 86' lang='lat' dir='ltr'><strong>facit,</strong></span> <span class='ocrx_word' id='word_1_762' title='bbox 2389 3573 2527 3626; x_wconf 89' lang='lat' dir='ltr'><strong>adeo</strong></span> <span class='ocrx_word' id='word_1_763' title='bbox 2554 3572 2691 3643; x_wconf 80' lang='lat' dir='ltr'><strong>frugi</strong></span> <span class='ocrx_word' id='word_1_764' title='bbox 2720 3581 2775 3627; x_wconf 88' lang='lat' dir='ltr'><strong>et</strong></span> <span class='ocrx_word' id='word_1_765' title='bbox 2802 3572 3098 3638; x_wconf 87' lang='lat' dir='ltr'><strong>abstinens,</strong></span> <span class='ocrx_word' id='word_1_766' title='bbox 3129 3584 3187 3628; x_wconf 93' lang='lat' dir='ltr'><strong>ut</strong></span> <span class='ocrx_word' id='word_1_767' title='bbox 3212 3590 3280 3631; x_wconf 86' lang='lat' dir='ltr'><strong>ex</strong></span> <span class='ocrx_word' id='word_1_768' title='bbox 3308 3584 3550 3632; x_wconf 82' lang='lat' dir='ltr'><strong>torrente</strong></span> 
     </span>
    </p>
   </div>
   <div class='ocr_carea' id='block_1_97' title="bbox 1925 3663 3547 3736">
    <p class='ocr_par' dir='ltr' id='par_1_97' title="bbox 1925 3663 3547 3736">
     <span class='ocr_line' id='line_1_97' title="bbox 1925 3663 3547 3736; baseline 0.003 -17"><span class='ocrx_word' id='word_1_769' title='bbox 1925 3680 2119 3736; x_wconf 86' lang='lat' dir='ltr'><strong>aquam</strong></span> <span class='ocrx_word' id='word_1_770' title='bbox 2146 3664 2295 3721; x_wconf 87' lang='lat' dir='ltr'><strong>bibat</strong></span> <span class='ocrx_word' id='word_1_771' title='bbox 2318 3681 2331 3718; x_wconf 90' lang='lat'><strong>:</strong></span> <span class='ocrx_word' id='word_1_772' title='bbox 2353 3674 2407 3720; x_wconf 90' lang='lat' dir='ltr'><strong>et</strong></span> <span class='ocrx_word' id='word_1_773' title='bbox 2435 3672 2615 3719; x_wconf 89' lang='lat' dir='ltr'><strong>tamen</strong></span> <span class='ocrx_word' id='word_1_774' title='bbox 2644 3663 2736 3733; x_wconf 89' lang='lat' dir='ltr'><strong>qui</strong></span> <span class='ocrx_word' id='word_1_775' title='bbox 2767 3673 2855 3720; x_wconf 89' lang='lat' dir='ltr'><strong>est</strong></span> <span class='ocrx_word' id='word_1_776' title='bbox 2878 3665 3144 3735; x_wconf 89' lang='lat' dir='ltr'><strong>ejusmodi</strong></span> <span class='ocrx_word' id='word_1_777' title='bbox 3168 3708 3181 3731; x_wconf 92' lang='lat'><strong>,</strong></span> <span class='ocrx_word' id='word_1_778' title='bbox 3217 3666 3335 3722; x_wconf 75' lang='lat' dir='ltr'><strong>hzce</strong></span> <span class='ocrx_word' id='word_1_779' title='bbox 3364 3670 3547 3725; x_wconf 87' lang='lat' dir='ltr'><strong>omnia</strong></span> 
     </span>
    </p>
   </div>
   <div class='ocr_carea' id='block_1_98' title="bbox 1928 3755 3546 3832">
    <p class='ocr_par' dir='ltr' id='par_1_98' title="bbox 1928 3755 3546 3832">
     <span class='ocr_line' id='line_1_98' title="bbox 1928 3755 3546 3832; baseline 0.002 -21"><span class='ocrx_word' id='word_1_780' title='bbox 1928 3756 2189 3827; x_wconf 80' lang='lat' dir='ltr'><strong>perficiet.</strong></span> <span class='ocrx_word' id='word_1_781' title='bbox 2210 3755 2447 3811; x_wconf 83' lang='lat' dir='ltr'><strong>Audiam</strong></span> <span class='ocrx_word' id='word_1_782' title='bbox 2468 3771 2598 3828; x_wconf 90' lang='lat' dir='ltr'><strong>ergo</strong></span> <span class='ocrx_word' id='word_1_783' title='bbox 2618 3756 2709 3827; x_wconf 90' lang='lat' dir='ltr'><strong>qui</strong></span> <span class='ocrx_word' id='word_1_784' title='bbox 2732 3772 2948 3813; x_wconf 89' lang='lat' dir='ltr'><strong>mensas</strong></span> <span class='ocrx_word' id='word_1_785' title='bbox 2970 3758 3174 3815; x_wconf 83' lang='lat' dir='ltr'><strong>habent</strong></span> <span class='ocrx_word' id='word_1_786' title='bbox 3192 3759 3546 3832; x_wconf 86' lang='lat' dir='ltr'><strong>Sybariticas,</strong></span> 
     </span>
    </p>
   </div>
   <div class='ocr_carea' id='block_1_99' title="bbox 1926 3848 3545 3926">
    <p class='ocr_par' dir='ltr' id='par_1_99' title="bbox 1926 3848 3545 3926">
     <span class='ocr_line' id='line_1_99' title="bbox 1926 3848 3545 3926; baseline 0.001 -21"><span class='ocrx_word' id='word_1_787' title='bbox 1926 3850 2225 3921; x_wconf 86' lang='lat' dir='ltr'><strong>epulasque</strong></span> <span class='ocrx_word' id='word_1_788' title='bbox 2245 3857 2301 3903; x_wconf 92' lang='lat' dir='ltr'><strong>et</strong></span> <span class='ocrx_word' id='word_1_789' title='bbox 2320 3848 2796 3905; x_wconf 89' lang='lat' dir='ltr'><strong>condimentorum</strong></span> <span class='ocrx_word' id='word_1_790' title='bbox 2823 3866 2986 3907; x_wconf 88' lang='lat' dir='ltr'><strong>omne</strong></span> <span class='ocrx_word' id='word_1_791' title='bbox 3014 3867 3187 3922; x_wconf 82' lang='lat' dir='ltr'><strong>genus</strong></span> <span class='ocrx_word' id='word_1_792' title='bbox 3214 3855 3545 3926; x_wconf 87' lang='lat' dir='ltr'><strong>excogitant,</strong></span> 
     </span>
    </p>
   </div>
   <div class='ocr_carea' id='block_1_100' title="bbox 1926 3943 3548 4017">
    <p class='ocr_par' dir='ltr' id='par_1_100' title="bbox 1926 3943 3548 4017">
     <span class='ocr_line' id='line_1_100' title="bbox 1926 3943 3548 4017; baseline 0.003 -18"><span class='ocrx_word' id='word_1_793' title='bbox 1926 3952 1982 3999; x_wconf 93' lang='lat' dir='ltr'><strong>et</strong></span> <span class='ocrx_word' id='word_1_794' title='bbox 2023 3944 2172 3999; x_wconf 87' lang='lat' dir='ltr'><strong>varia</strong></span> <span class='ocrx_word' id='word_1_795' title='bbox 2206 3956 2502 4013; x_wconf 90' lang='lat' dir='ltr'><strong>coquorum</strong></span> <span class='ocrx_word' id='word_1_796' title='bbox 2547 3958 2748 4014; x_wconf 84' lang='lat' dir='ltr'><strong>genera</strong></span> <span class='ocrx_word' id='word_1_797' title='bbox 2791 3943 3029 4015; x_wconf 88' lang='lat' dir='ltr'><strong>undique</strong></span> <span class='ocrx_word' id='word_1_798' title='bbox 3073 3945 3367 4017; x_wconf 81' lang='lat' dir='ltr'><strong>colligunt,</strong></span> <span class='ocrx_word' id='word_1_799' title='bbox 3411 3963 3548 4003; x_wconf 86' lang='lat' dir='ltr'><strong>nau-</strong></span> 
     </span>
    </p>
   </div>
   <div class='ocr_carea' id='block_1_101' title="bbox 1929 4034 3548 4109">
    <p class='ocr_par' dir='ltr' id='par_1_101' title="bbox 1929 4034 3548 4109">
     <span class='ocr_line' id='line_1_101' title="bbox 1929 4034 3548 4109; baseline 0.004 -18"><span class='ocrx_word' id='word_1_800' title='bbox 1929 4046 2138 4106; x_wconf 88' lang='lat' dir='ltr'><strong>tasque,</strong></span> <span class='ocrx_word' id='word_1_801' title='bbox 2163 4034 2577 4107; x_wconf 73' lang='lat' dir='ltr'><strong>gubernatores,</strong></span> <span class='ocrx_word' id='word_1_802' title='bbox 2601 4044 2657 4090; x_wconf 86' lang='lat' dir='ltr'><strong>et</strong></span> <span class='ocrx_word' id='word_1_803' title='bbox 2683 4038 2916 4107; x_wconf 76' lang='lat' dir='ltr'><strong>remiges</strong></span> <span class='ocrx_word' id='word_1_804' title='bbox 2941 4036 3205 4109; x_wconf 86' lang='lat' dir='ltr'><strong>deligunt,</strong></span> <span class='ocrx_word' id='word_1_805' title='bbox 3238 4048 3297 4094; x_wconf 91' lang='lat' dir='ltr'><strong>ut</strong></span> <span class='ocrx_word' id='word_1_806' title='bbox 3323 4050 3548 4097; x_wconf 78' lang='lat' dir='ltr'><strong>externa</strong></span> 
     </span>
    </p>
   </div>
   <div class='ocr_carea' id='block_1_102' title="bbox 1926 4127 3548 4204">
    <p class='ocr_par' dir='ltr' id='par_1_102' title="bbox 1926 4127 3548 4204">
     <span class='ocr_line' id='line_1_102' title="bbox 1926 4127 3548 4204; baseline 0.004 -22"><span class='ocrx_word' id='word_1_807' title='bbox 1926 4127 2173 4199; x_wconf 70' lang='lat' dir='ltr'><strong>qumdam</strong></span> <span class='ocrx_word' id='word_1_808' title='bbox 2202 4127 2310 4182; x_wconf 90' lang='lat' dir='ltr'><strong>vini</strong></span> <span class='ocrx_word' id='word_1_809' title='bbox 2340 4138 2393 4183; x_wconf 94' lang='lat' dir='ltr'><strong>et</strong></span> <span class='ocrx_word' id='word_1_810' title='bbox 2421 4138 2816 4199; x_wconf 86' lang='lat' dir='ltr'><strong>unguentorum</strong></span> <span class='ocrx_word' id='word_1_811' title='bbox 2859 4144 3087 4199; x_wconf 86' lang='lat' dir='ltr'><strong>genera,</strong></span> <span class='ocrx_word' id='word_1_812' title='bbox 3131 4132 3374 4204; x_wconf 88' lang='lat' dir='ltr'><strong>aliasque</strong></span> <span class='ocrx_word' id='word_1_813' title='bbox 3405 4133 3548 4203; x_wconf 88' lang='lat' dir='ltr'><strong>ejus-</strong></span> 
     </span>
    </p>
   </div>
   <div class='ocr_carea' id='block_1_103' title="bbox 1927 4219 3547 4292">
    <p class='ocr_par' dir='ltr' id='par_1_103' title="bbox 1927 4219 3547 4292">
     <span class='ocr_line' id='line_1_103' title="bbox 1927 4219 3547 4292; baseline 0.004 -19"><span class='ocrx_word' id='word_1_814' title='bbox 1927 4219 2072 4273; x_wconf 89' lang='lat' dir='ltr'><strong>modi</strong></span> <span class='ocrx_word' id='word_1_815' title='bbox 2108 4219 2331 4274; x_wconf 85' lang='lat' dir='ltr'><strong>delicias</strong></span> <span class='ocrx_word' id='word_1_816' title='bbox 2357 4219 2647 4290; x_wconf 89' lang='lat' dir='ltr'><strong>importent</strong></span> <span class='ocrx_word' id='word_1_817' title='bbox 2674 4260 2687 4286; x_wconf 89' lang='lat'><strong>,</strong></span> <span class='ocrx_word' id='word_1_818' title='bbox 2720 4236 2783 4275; x_wconf 89' lang='lat' dir='ltr'><strong>ac</strong></span> <span class='ocrx_word' id='word_1_819' title='bbox 2826 4221 3036 4292; x_wconf 86' lang='lat' dir='ltr'><strong>seipsns</strong></span> <span class='ocrx_word' id='word_1_820' title='bbox 3082 4221 3133 4277; x_wconf 93' lang='lat' dir='ltr'><strong>in</strong></span> <span class='ocrx_word' id='word_1_821' title='bbox 3183 4223 3358 4291; x_wconf 79' lang='lat' dir='ltr'><strong>ipsum</strong></span> <span class='ocrx_word' id='word_1_822' title='bbox 3390 4226 3547 4285; x_wconf 82' lang='lat' dir='ltr'><strong>bara-</strong></span> 
     </span>
    </p>
   </div>
   <div class='ocr_carea' id='block_1_104' title="bbox 1930 4310 3549 4385">
    <p class='ocr_par' dir='ltr' id='par_1_104' title="bbox 1930 4310 3549 4385">
     <span class='ocr_line' id='line_1_104' title="bbox 1930 4310 3549 4385; baseline 0.006 -22"><span class='ocrx_word' id='word_1_823' title='bbox 1930 4310 2106 4364; x_wconf 88' lang='lat' dir='ltr'><strong>thrum</strong></span> <span class='ocrx_word' id='word_1_824' title='bbox 2146 4310 2512 4381; x_wconf 71' lang='lat' dir='ltr'><strong>prtecipitent,</strong></span> <span class='ocrx_word' id='word_1_825' title='bbox 2546 4319 2600 4365; x_wconf 92' lang='lat' dir='ltr'><strong>et</strong></span> <span class='ocrx_word' id='word_1_826' title='bbox 2642 4312 2875 4366; x_wconf 81' lang='lat' dir='ltr'><strong>evadant</strong></span> <span class='ocrx_word' id='word_1_827' title='bbox 2901 4313 3143 4368; x_wconf 89' lang='lat' dir='ltr'><strong>omnium</strong></span> <span class='ocrx_word' id='word_1_828' title='bbox 3174 4314 3549 4385; x_wconf 87' lang='lat' dir='ltr'><strong>abjcctissimi.</strong></span> 
     </span>
    </p>
   </div>
   <div class='ocr_carea' id='block_1_105' title="bbox 1926 4402 3549 4482">
    <p class='ocr_par' dir='ltr' id='par_1_105' title="bbox 1926 4402 3549 4482">
     <span class='ocr_line' id='line_1_105' title="bbox 1926 4402 3549 4482; baseline 0.006 -27"><span class='ocrx_word' id='word_1_829' title='bbox 1926 4402 2113 4472; x_wconf 88' lang='lat' dir='ltr'><strong>Neque</strong></span> <span class='ocrx_word' id='word_1_830' title='bbox 2165 4404 2308 4457; x_wconf 82' lang='lat' dir='ltr'><strong>cnim</strong></span> <span class='ocrx_word' id='word_1_831' title='bbox 2356 4404 2632 4457; x_wconf 71' lang='lat' dir='ltr'><strong>excelsum</strong></span> <span class='ocrx_word' id='word_1_832' title='bbox 2677 4404 2803 4472; x_wconf 87' lang='lat' dir='ltr'><strong>quid</strong></span> <span class='ocrx_word' id='word_1_833' title='bbox 2868 4407 3150 4461; x_wconf 74' lang='lat' dir='ltr'><strong>censuerit</strong></span> <span class='ocrx_word' id='word_1_834' title='bbox 3202 4408 3412 4476; x_wconf 83' lang='lat' dir='ltr'><strong>facere,</strong></span> <span class='ocrx_word' id='word_1_835' title='bbox 3458 4413 3549 4482; x_wconf 91' lang='lat' dir='ltr'><strong>qui</strong></span> 
     </span>
    </p>
   </div>
   <div class='ocr_carea' id='block_1_106' title="bbox 1928 4495 3550 4573">
    <p class='ocr_par' dir='ltr' id='par_1_106' title="bbox 1928 4495 3550 4573">
     <span class='ocr_line' id='line_1_106' title="bbox 1928 4495 3550 4573; baseline 0.006 -24"><span class='ocrx_word' id='word_1_836' title='bbox 1928 4496 2173 4566; x_wconf 81' lang='lat' dir='ltr'><strong>pluribus</strong></span> <span class='ocrx_word' id='word_1_837' title='bbox 2207 4496 2412 4566; x_wconf 78' lang='lat' dir='ltr'><strong>indiget</strong></span> <span class='ocrx_word' id='word_1_838' title='bbox 2450 4515 2462 4549; x_wconf 92' lang='lat'><strong>:</strong></span> <span class='ocrx_word' id='word_1_839' title='bbox 2498 4510 2596 4550; x_wconf 89' lang='lat' dir='ltr'><strong>nec</strong></span> <span class='ocrx_word' id='word_1_840' title='bbox 2640 4495 2843 4551; x_wconf 87' lang='lat' dir='ltr'><strong>humile</strong></span> <span class='ocrx_word' id='word_1_841' title='bbox 2882 4497 3219 4569; x_wconf 89' lang='lat' dir='ltr'><strong>quidquam,</strong></span> <span class='ocrx_word' id='word_1_842' title='bbox 3252 4502 3337 4556; x_wconf 88' lang='lat' dir='ltr'><strong>cui</strong></span> <span class='ocrx_word' id='word_1_843' title='bbox 3380 4516 3550 4573; x_wconf 80' lang='lat' dir='ltr'><strong>pauca</strong></span> 
     </span>
    </p>
   </div>
   <div class='ocr_carea' id='block_1_107' title="bbox 1927 4587 3549 4666">
    <p class='ocr_par' dir='ltr' id='par_1_107' title="bbox 1927 4587 3549 4666">
     <span class='ocr_line' id='line_1_107' title="bbox 1927 4587 3549 4666; baseline 0.005 -24"><span class='ocrx_word' id='word_1_844' title='bbox 1927 4588 2142 4642; x_wconf 88' lang='lat' dir='ltr'><strong>desunt.</strong></span> <span class='ocrx_word' id='word_1_845' title='bbox 2175 4587 2230 4644; x_wconf 88' lang='lat' dir='ltr'><strong>Si</strong></span> <span class='ocrx_word' id='word_1_846' title='bbox 2263 4588 2424 4642; x_wconf 87' lang='lat' dir='ltr'><strong>vultis</strong></span> <span class='ocrx_word' id='word_1_847' title='bbox 2448 4597 2653 4654; x_wconf 87' lang='lat' dir='ltr'><strong>autem,</strong></span> <span class='ocrx_word' id='word_1_848' title='bbox 2695 4587 3015 4657; x_wconf 77' lang='lat' dir='ltr'><strong>eflingamus</strong></span> <span class='ocrx_word' id='word_1_849' title='bbox 3045 4592 3324 4663; x_wconf 87' lang='lat' dir='ltr'><strong>utriusque</strong></span> <span class='ocrx_word' id='word_1_850' title='bbox 3358 4597 3549 4666; x_wconf 78' lang='lat' dir='ltr'><strong>imagi-</strong></span> 
     </span>
    </p>
   </div>
   <div class='ocr_carea' id='block_1_108' title="bbox 1928 4680 3552 4759">
    <p class='ocr_par' dir='ltr' id='par_1_108' title="bbox 1928 4680 3552 4759">
     <span class='ocr_line' id='line_1_108' title="bbox 1928 4680 3552 4759; baseline 0.004 -22"><span class='ocrx_word' id='word_1_851' title='bbox 1928 4697 2077 4750; x_wconf 90' lang='lat' dir='ltr'><strong>nem,</strong></span> <span class='ocrx_word' id='word_1_852' title='bbox 2119 4690 2175 4736; x_wconf 89' lang='lat' dir='ltr'><strong>et</strong></span> <span class='ocrx_word' id='word_1_853' title='bbox 2218 4681 2291 4737; x_wconf 88' lang='lat' dir='ltr'><strong>sit</strong></span> <span class='ocrx_word' id='word_1_854' title='bbox 2333 4680 2600 4752; x_wconf 89' lang='lat' dir='ltr'><strong>quispiam</strong></span> <span class='ocrx_word' id='word_1_855' title='bbox 2643 4681 2732 4752; x_wconf 92' lang='lat' dir='ltr'><strong>qui</strong></span> <span class='ocrx_word' id='word_1_856' title='bbox 2778 4680 2977 4738; x_wconf 87' lang='lat' dir='ltr'><strong>habeat</strong></span> <span class='ocrx_word' id='word_1_857' title='bbox 3016 4684 3215 4739; x_wconf 89' lang='lat' dir='ltr'><strong>multos</strong></span> <span class='ocrx_word' id='word_1_858' title='bbox 3239 4686 3287 4739; x_wconf 91' lang='lat' dir='ltr'><strong>ei</strong></span> <span class='ocrx_word' id='word_1_859' title='bbox 3317 4688 3552 4759; x_wconf 81' lang='lat' dir='ltr'><strong>undique</strong></span> 
     </span>
    </p>
   </div>
   <div class='ocr_carea' id='block_1_109' title="bbox 1927 4774 3551 4846">
    <p class='ocr_par' dir='ltr' id='par_1_109' title="bbox 1927 4774 3551 4846">
     <span class='ocr_line' id='line_1_109' title="bbox 1927 4774 3551 4846; baseline 0.006 -17"><span class='ocrx_word' id='word_1_860' title='bbox 1927 4774 2339 4846; x_wconf 89' lang='lat' dir='ltr'><strong>suppeditantcs</strong></span> <span class='ocrx_word' id='word_1_861' title='bbox 2385 4782 2607 4841; x_wconf 85' lang='lat' dir='ltr'><strong>nautas,</strong></span> <span class='ocrx_word' id='word_1_862' title='bbox 2658 4785 2713 4829; x_wconf 91' lang='lat' dir='ltr'><strong>et</strong></span> <span class='ocrx_word' id='word_1_863' title='bbox 2756 4776 3183 4845; x_wconf 80' lang='lat' dir='ltr'><strong>gubernatores,</strong></span> <span class='ocrx_word' id='word_1_864' title='bbox 3223 4780 3461 4837; x_wconf 81' lang='lat' dir='ltr'><strong>artiﬁces</strong></span> <span class='ocrx_word' id='word_1_865' title='bbox 3494 4795 3551 4838; x_wconf 91' lang='lat' dir='ltr'><strong>et</strong></span> 
     </span>
    </p>
   </div>
   <div class='ocr_carea' id='block_1_110' title="bbox 1928 4867 3546 4944">
    <p class='ocr_par' dir='ltr' id='par_1_110' title="bbox 1928 4867 3546 4944">
     <span class='ocr_line' id='line_1_110' title="bbox 1928 4867 3546 4944; baseline 0.007 -23"><span class='ocrx_word' id='word_1_866' title='bbox 1928 4867 2228 4933; x_wconf 90' lang='lat' dir='ltr'><strong>ministros,</strong></span> <span class='ocrx_word' id='word_1_867' title='bbox 2250 4874 2491 4923; x_wconf 81' lang='lat' dir='ltr'><strong>textures</strong></span> <span class='ocrx_word' id='word_1_868' title='bbox 2516 4877 2570 4924; x_wconf 90' lang='lat' dir='ltr'><strong>et</strong></span> <span class='ocrx_word' id='word_1_869' title='bbox 2597 4868 2945 4940; x_wconf 57' lang='lat' dir='ltr'><strong>pluygiones,</strong></span> <span class='ocrx_word' id='word_1_870' title='bbox 2970 4870 3253 4939; x_wconf 89' lang='lat' dir='ltr'><strong>bubulcos,</strong></span> <span class='ocrx_word' id='word_1_871' title='bbox 3278 4886 3546 4944; x_wconf 84' lang='lat' dir='ltr'><strong>pastores.</strong></span> 
     </span>
    </p>
   </div>
   <div class='ocr_carea' id='block_1_111' title="bbox 1928 4962 3552 5035">
    <p class='ocr_par' dir='ltr' id='par_1_111' title="bbox 1928 4962 3552 5035">
     <span class='ocr_line' id='line_1_111' title="bbox 1928 4962 3552 5035; baseline 0.005 -19"><span class='ocrx_word' id='word_1_872' title='bbox 1928 4968 1983 5016; x_wconf 92' lang='lat' dir='ltr'><strong>et</strong></span> <span class='ocrx_word' id='word_1_873' title='bbox 2009 4962 2322 5032; x_wconf 88' lang='lat' dir='ltr'><strong>equisones,</strong></span> <span class='ocrx_word' id='word_1_874' title='bbox 2353 4975 2726 5031; x_wconf 88' lang='lat' dir='ltr'><strong>equorumque</strong></span> <span class='ocrx_word' id='word_1_875' title='bbox 2748 4973 3012 5027; x_wconf 84' lang='lat' dir='ltr'><strong>armenta,</strong></span> <span class='ocrx_word' id='word_1_876' title='bbox 3038 4975 3200 5035; x_wconf 84' lang='lat' dir='ltr'><strong>atque</strong></span> <span class='ocrx_word' id='word_1_877' title='bbox 3224 4966 3277 5021; x_wconf 91' lang='lat' dir='ltr'><strong>in</strong></span> <span class='ocrx_word' id='word_1_878' title='bbox 3299 4968 3552 5024; x_wconf 91' lang='lat' dir='ltr'><strong>omnibus</strong></span> 
     </span>
    </p>
   </div>
   <div class='ocr_carea' id='block_1_112' title="bbox 1927 5058 3550 5130">
    <p class='ocr_par' dir='ltr' id='par_1_112' title="bbox 1927 5058 3550 5130">
     <span class='ocr_line' id='line_1_112' title="bbox 1927 5058 3550 5130; baseline 0.005 -18"><span class='ocrx_word' id='word_1_879' title='bbox 1927 5058 1977 5113; x_wconf 91' lang='lat' dir='ltr'><strong>ei</strong></span> <span class='ocrx_word' id='word_1_880' title='bbox 2032 5058 2322 5113; x_wconf 86' lang='lat' dir='ltr'><strong>famulatus</strong></span> <span class='ocrx_word' id='word_1_881' title='bbox 2369 5067 2708 5130; x_wconf 91' lang='lat' dir='ltr'><strong>suppetant:</strong></span> <span class='ocrx_word' id='word_1_882' title='bbox 2744 5059 2882 5115; x_wconf 89' lang='lat' dir='ltr'><strong>alter</strong></span> <span class='ocrx_word' id='word_1_883' title='bbox 2935 5071 3116 5117; x_wconf 82' lang='lat' dir='ltr'><strong>autem</strong></span> <span class='ocrx_word' id='word_1_884' title='bbox 3172 5060 3305 5118; x_wconf 89' lang='lat' dir='ltr'><strong>nihil</strong></span> <span class='ocrx_word' id='word_1_885' title='bbox 3359 5078 3550 5120; x_wconf 89' lang='lat' dir='ltr'><strong>eorum</strong></span> 
     </span>
    </p>
   </div>
   <div class='ocr_carea' id='block_1_113' title="bbox 1929 5152 3549 5225">
    <p class='ocr_par' dir='ltr' id='par_1_113' title="bbox 1929 5152 3549 5225">
     <span class='ocr_line' id='line_1_113' title="bbox 1929 5152 3549 5225; baseline 0.004 -18"><span class='ocrx_word' id='word_1_886' title='bbox 1929 5152 2145 5218; x_wconf 88' lang='lat' dir='ltr'><strong>habeat,</strong></span> <span class='ocrx_word' id='word_1_887' title='bbox 2166 5160 2525 5224; x_wconf 72' lang='lat' dir='ltr'><strong>prarterquam</strong></span> <span class='ocrx_word' id='word_1_888' title='bbox 2549 5153 2722 5208; x_wconf 90' lang='lat' dir='ltr'><strong>solum</strong></span> <span class='ocrx_word' id='word_1_889' title='bbox 2748 5169 2943 5225; x_wconf 87' lang='lat' dir='ltr'><strong>panem</strong></span> <span class='ocrx_word' id='word_1_890' title='bbox 2961 5164 3013 5210; x_wconf 92' lang='lat' dir='ltr'><strong>ct</strong></span> <span class='ocrx_word' id='word_1_891' title='bbox 3035 5171 3252 5225; x_wconf 87' lang='lat' dir='ltr'><strong>aquam,</strong></span> <span class='ocrx_word' id='word_1_892' title='bbox 3272 5164 3324 5213; x_wconf 91' lang='lat' dir='ltr'><strong>et</strong></span> <span class='ocrx_word' id='word_1_893' title='bbox 3342 5168 3549 5215; x_wconf 88' lang='lat' dir='ltr'><strong>vestem</strong></span> 
     </span>
    </p>
   </div>
   <div class='ocr_carea' id='block_1_114' title="bbox 1927 5242 3553 5319">
    <p class='ocr_par' dir='ltr' id='par_1_114' title="bbox 1927 5242 3553 5319">
     <span class='ocr_line' id='line_1_114' title="bbox 1927 5242 3553 5319; baseline 0.004 -20"><span class='ocrx_word' id='word_1_894' title='bbox 1927 5245 2142 5300; x_wconf 82' lang='lat' dir='ltr'><strong>unicam</strong></span> <span class='ocrx_word' id='word_1_895' title='bbox 2173 5242 2333 5315; x_wconf 87' lang='lat' dir='ltr'><strong>:quis</strong></span> <span class='ocrx_word' id='word_1_896' title='bbox 2355 5254 2439 5300; x_wconf 89' lang='lat' dir='ltr'><strong>est</strong></span> <span class='ocrx_word' id='word_1_897' title='bbox 2469 5244 2524 5300; x_wconf 88' lang='lat' dir='ltr'><strong>in</strong></span> <span class='ocrx_word' id='word_1_898' title='bbox 2555 5244 2641 5301; x_wconf 87' lang='lat' dir='ltr'><strong>his</strong></span> <span class='ocrx_word' id='word_1_899' title='bbox 2669 5246 2957 5302; x_wconf 83' lang='lat' dir='ltr'><strong>excelsus?</strong></span> <span class='ocrx_word' id='word_1_900' title='bbox 2988 5248 3111 5319; x_wconf 89' lang='lat' dir='ltr'><strong>quis</strong></span> <span class='ocrx_word' id='word_1_901' title='bbox 3138 5264 3270 5304; x_wconf 88' lang='lat' dir='ltr'><strong>vero</strong></span> <span class='ocrx_word' id='word_1_902' title='bbox 3296 5249 3553 5306; x_wconf 82' lang='lat' dir='ltr'><strong>humilis?</strong></span> 
     </span>
    </p>
   </div>
   <div class='ocr_carea' id='block_1_115' title="bbox 1930 5336 3550 5411">
    <p class='ocr_par' dir='ltr' id='par_1_115' title="bbox 1930 5336 3550 5411">
     <span class='ocr_line' id='line_1_115' title="bbox 1930 5336 3550 5411; baseline 0.006 -21"><span class='ocrx_word' id='word_1_903' title='bbox 1930 5340 2125 5392; x_wconf 78' lang='lat' dir='ltr'><strong>Annon</strong></span> <span class='ocrx_word' id='word_1_904' title='bbox 2171 5336 2377 5393; x_wconf 88' lang='lat' dir='ltr'><strong>clarum</strong></span> <span class='ocrx_word' id='word_1_905' title='bbox 2422 5344 2507 5392; x_wconf 90' lang='lat' dir='ltr'><strong>est</strong></span> <span class='ocrx_word' id='word_1_906' title='bbox 2531 5380 2546 5403; x_wconf 91' lang='lat'><strong>,</strong></span> <span class='ocrx_word' id='word_1_907' title='bbox 2596 5352 2720 5392; x_wconf 91' lang='lat' dir='ltr'><strong>eum</strong></span> <span class='ocrx_word' id='word_1_908' title='bbox 2748 5354 2872 5394; x_wconf 85' lang='lat' dir='ltr'><strong>esse</strong></span> <span class='ocrx_word' id='word_1_909' title='bbox 2899 5340 2989 5411; x_wconf 90' lang='lat' dir='ltr'><strong>qui</strong></span> <span class='ocrx_word' id='word_1_910' title='bbox 3020 5341 3235 5396; x_wconf 90' lang='lat' dir='ltr'><strong>unicam</strong></span> <span class='ocrx_word' id='word_1_911' title='bbox 3270 5342 3431 5397; x_wconf 83' lang='lat' dir='ltr'><strong>habet</strong></span> <span class='ocrx_word' id='word_1_912' title='bbox 3461 5360 3550 5399; x_wconf 83' lang='lat' dir='ltr'><strong>vc-</strong></span> 
     </span>
    </p>
   </div>
   <div class='ocr_carea' id='block_1_116' title="bbox 1927 5428 3551 5505">
    <p class='ocr_par' dir='ltr' id='par_1_116' title="bbox 1927 5428 3551 5505">
     <span class='ocr_line' id='line_1_116' title="bbox 1927 5428 3551 5505; baseline 0.006 -22"><span class='ocrx_word' id='word_1_913' title='bbox 1927 5428 2106 5483; x_wconf 87' lang='lat' dir='ltr'><strong>stem?</strong></span> <span class='ocrx_word' id='word_1_914' title='bbox 2139 5428 2186 5483; x_wconf 91' lang='lat' dir='ltr'><strong>Is</strong></span> <span class='ocrx_word' id='word_1_915' title='bbox 2212 5432 2358 5484; x_wconf 87' lang='lat' dir='ltr'><strong>enim</strong></span> <span class='ocrx_word' id='word_1_916' title='bbox 2377 5428 2459 5484; x_wconf 84' lang='lat' dir='ltr'><strong>vel</strong></span> <span class='ocrx_word' id='word_1_917' title='bbox 2491 5428 2669 5499; x_wconf 87' lang='lat' dir='ltr'><strong>ipsum</strong></span> <span class='ocrx_word' id='word_1_918' title='bbox 2691 5446 2872 5501; x_wconf 82' lang='lat' dir='ltr'><strong>regem</strong></span> <span class='ocrx_word' id='word_1_919' title='bbox 2904 5434 3101 5503; x_wconf 86' lang='lat' dir='ltr'><strong>poterit</strong></span> <span class='ocrx_word' id='word_1_920' title='bbox 3122 5433 3405 5505; x_wconf 80' lang='lat' dir='ltr'><strong>despicere</strong></span> <span class='ocrx_word' id='word_1_921' title='bbox 3427 5452 3440 5489; x_wconf 89' lang='lat'><strong>:</strong></span> <span class='ocrx_word' id='word_1_922' title='bbox 3463 5435 3551 5492; x_wconf 82' lang='lat' dir='ltr'><strong>ille</strong></span> 
     </span>
    </p>
   </div>
   <div class='ocr_carea' id='block_1_117' title="bbox 1927 5524 3548 5598">
    <p class='ocr_par' dir='ltr' id='par_1_117' title="bbox 1927 5524 3548 5598">
     <span class='ocr_line' id='line_1_117' title="bbox 1927 5524 3548 5598; baseline 0.005 -22"><span class='ocrx_word' id='word_1_923' title='bbox 1927 5532 2106 5577; x_wconf 90' lang='lat' dir='ltr'><strong>autem</strong></span> <span class='ocrx_word' id='word_1_924' title='bbox 2145 5537 2339 5578; x_wconf 88' lang='lat' dir='ltr'><strong>servus</strong></span> <span class='ocrx_word' id='word_1_925' title='bbox 2364 5532 2448 5577; x_wconf 86' lang='lat' dir='ltr'><strong>est</strong></span> <span class='ocrx_word' id='word_1_926' title='bbox 2477 5524 2717 5579; x_wconf 90' lang='lat' dir='ltr'><strong>omnium</strong></span> <span class='ocrx_word' id='word_1_927' title='bbox 2762 5526 2853 5597; x_wconf 93' lang='lat' dir='ltr'><strong>qui</strong></span> <span class='ocrx_word' id='word_1_928' title='bbox 2902 5525 3017 5581; x_wconf 74' lang='lat' dir='ltr'><strong>lucc</strong></span> <span class='ocrx_word' id='word_1_929' title='bbox 3046 5528 3312 5598; x_wconf 68' lang='lat' dir='ltr'><strong>prmbent,</strong></span> <span class='ocrx_word' id='word_1_930' title='bbox 3359 5536 3420 5586; x_wconf 82' lang='lat' dir='ltr'><strong>se</strong></span> <span class='ocrx_word' id='word_1_931' title='bbox 3451 5529 3548 5584; x_wconf 80' lang='lat' dir='ltr'><strong>dc-</strong></span> 
     </span>
    </p>
   </div>
   <div class='ocr_carea' id='block_1_118' title="bbox 1928 5615 3545 5683">
    <p class='ocr_par' dir='ltr' id='par_1_118' title="bbox 1928 5615 3545 5683">
     <span class='ocr_line' id='line_1_118' title="bbox 1928 5615 3545 5683; baseline 0.004 -13"><span class='ocrx_word' id='word_1_932' title='bbox 1928 5618 2169 5679; x_wconf 85' lang='lat' dir='ltr'><strong>tnittens,</strong></span> <span class='ocrx_word' id='word_1_933' title='bbox 2218 5615 2501 5671; x_wconf 85' lang='lat' dir='ltr'><strong>blandiens</strong></span> <span class='ocrx_word' id='word_1_934' title='bbox 2524 5658 2540 5683; x_wconf 90' lang='lat'><strong>,</strong></span> <span class='ocrx_word' id='word_1_935' title='bbox 2588 5631 2778 5672; x_wconf 90' lang='lat' dir='ltr'><strong>omnes</strong></span> <span class='ocrx_word' id='word_1_936' title='bbox 2809 5617 3109 5674; x_wconf 85' lang='lat' dir='ltr'><strong>observans</strong></span> <span class='ocrx_word' id='word_1_937' title='bbox 3129 5662 3143 5682; x_wconf 87' lang='lat'><strong>,</strong></span> <span class='ocrx_word' id='word_1_938' title='bbox 3176 5620 3374 5675; x_wconf 88' lang='lat' dir='ltr'><strong>timens</strong></span> <span class='ocrx_word' id='word_1_939' title='bbox 3404 5636 3473 5676; x_wconf 91' lang='lat' dir='ltr'><strong>ne</strong></span> <span class='ocrx_word' id='word_1_940' title='bbox 3501 5616 3545 5677; x_wconf 78' lang='lat' dir='ltr'><strong>sl</strong></span> 
     </span>
    </p>
   </div>
   <div class='ocr_carea' id='block_1_119' title="bbox 1925 5706 3546 5778">
    <p class='ocr_par' dir='ltr' id='par_1_119' title="bbox 1925 5706 3546 5778">
     <span class='ocr_line' id='line_1_119' title="bbox 1925 5706 3546 5778; baseline 0.002 -16"><span class='ocrx_word' id='word_1_941' title='bbox 1925 5707 2050 5778; x_wconf 89' lang='lat' dir='ltr'><strong>quis</strong></span> <span class='ocrx_word' id='word_1_942' title='bbox 2090 5721 2212 5763; x_wconf 84' lang='lat' dir='ltr'><strong>eum</strong></span> <span class='ocrx_word' id='word_1_943' title='bbox 2258 5707 2575 5777; x_wconf 87' lang='lat' dir='ltr'><strong>reliquerit,</strong></span> <span class='ocrx_word' id='word_1_944' title='bbox 2628 5706 2679 5761; x_wconf 89' lang='lat' dir='ltr'><strong>in</strong></span> <span class='ocrx_word' id='word_1_945' title='bbox 2727 5707 2889 5763; x_wconf 89' lang='lat' dir='ltr'><strong>rebus</strong></span> <span class='ocrx_word' id='word_1_946' title='bbox 2942 5711 3176 5764; x_wconf 80' lang='lat' dir='ltr'><strong>maxime</strong></span> <span class='ocrx_word' id='word_1_947' title='bbox 3226 5708 3546 5767; x_wconf 77' lang='lat' dir='ltr'><strong>necessariis</strong></span> 
     </span>
    </p>
   </div>
   <div class='ocr_carea' id='block_1_120' title="bbox 1925 5799 3545 5871">
    <p class='ocr_par' dir='ltr' id='par_1_120' title="bbox 1925 5799 3545 5871">
     <span class='ocr_line' id='line_1_120' title="bbox 1925 5799 3545 5871; baseline -0.002 -16"><span class='ocrx_word' id='word_1_948' title='bbox 1925 5800 2309 5855; x_wconf 86' lang='lat' dir='ltr'><strong>detrimentum</strong></span> <span class='ocrx_word' id='word_1_949' title='bbox 2332 5800 2579 5869; x_wconf 87' lang='lat' dir='ltr'><strong>accipiat.</strong></span> <span class='ocrx_word' id='word_1_950' title='bbox 2599 5799 2742 5855; x_wconf 82' lang='lat' dir='ltr'><strong>Nihil</strong></span> <span class='ocrx_word' id='word_1_951' title='bbox 2765 5802 2908 5855; x_wconf 88' lang='lat' dir='ltr'><strong>enim</strong></span> <span class='ocrx_word' id='word_1_952' title='bbox 2932 5816 3086 5871; x_wconf 65' lang='lat' dir='ltr'><strong>aeque</strong></span> <span class='ocrx_word' id='word_1_953' title='bbox 3108 5801 3283 5856; x_wconf 84' lang='lat' dir='ltr'><strong>reddit</strong></span> <span class='ocrx_word' id='word_1_954' title='bbox 3304 5815 3545 5866; x_wconf 85' lang='lat' dir='ltr'><strong>servum,</strong></span> 
     </span>
    </p>
   </div>
   <div class='ocr_carea' id='block_1_121' title="bbox 1927 5890 3539 5964">
    <p class='ocr_par' dir='ltr' id='par_1_121' title="bbox 1927 5890 3539 5964">
     <span class='ocr_line' id='line_1_121' title="bbox 1927 5890 3539 5964; baseline 0.002 -17"><span class='ocrx_word' id='word_1_955' title='bbox 1927 5892 2066 5947; x_wconf 81' lang='lat' dir='ltr'><strong>sicut</strong></span> <span class='ocrx_word' id='word_1_956' title='bbox 2110 5890 2293 5948; x_wconf 89' lang='lat' dir='ltr'><strong>multis</strong></span> <span class='ocrx_word' id='word_1_957' title='bbox 2340 5906 2499 5964; x_wconf 72' lang='lat' dir='ltr'><strong>cgere</strong></span> <span class='ocrx_word' id='word_1_958' title='bbox 2527 5910 2538 5949; x_wconf 91' lang='lat'><strong>:</strong></span> <span class='ocrx_word' id='word_1_959' title='bbox 2566 5892 2703 5948; x_wconf 86' lang='lat' dir='ltr'><strong>sicut</strong></span> <span class='ocrx_word' id='word_1_960' title='bbox 2734 5893 2895 5949; x_wconf 81' lang='lat' dir='ltr'><strong>etiam</strong></span> <span class='ocrx_word' id='word_1_961' title='bbox 2943 5893 3200 5963; x_wconf 88' lang='lat' dir='ltr'><strong>liberum,</strong></span> <span class='ocrx_word' id='word_1_962' title='bbox 3227 5896 3539 5953; x_wconf 80' lang='lat' dir='ltr'><strong>necessaria</strong></span> 
     </span>
    </p>
   </div>
  </div>
