4058 6450
600 386 701 443 :‘70

598 511 801 555 tantum
830 500 1124 570 requirere.
1161 499 1271 554 lloe
1299 501 1472 569 ipsqu
1500 499 1668 555 videri
1697 509 1871 570 potest
1906 498 1957 551 in
1999 496 2187 551 brutis.

600 592 735 660 Quid
778 594 922 649 enim
971 592 1183 661 prodest
1225 593 1379 647 asino
1422 592 1649 649 sarcinis
1695 602 1910 656 onusto,
1964 589 2063 643 etsi
2113 587 2192 642 eis

596 688 805 743 huatur-
830 684 1055 739 millies?
1081 683 1207 755 quid
1249 693 1424 739 autem
1468 690 1623 738 nocet
1666 682 1753 737 alii
1793 682 1959 737 libero
1999 678 2067 734 ab
2108 676 2191 733 his

594 776 860 839 omnibus,
884 774 927 827 si
954 775 1315 830 necessarium
1336 775 1644 829 alimentum
1672 772 1957 842 suppetat?
1983 771 2048 825 Et
2072 770 2190 824 ideo

591 866 841 919 Christus
869 866 1008 920 altos
1035 867 1253 935 spiritus
1295 867 1406 920 suis
1449 865 1640 919 indens
1665 864 1941 933 discipulis
1959 903 1977 929 ,
2007 871 2189 931 utp0te

594 956 683 1025 qui
726 965 882 1011 erant
926 970 1046 1008 eum
1100 955 1527 1011 universoorbe
1575 965 1838 1009 terrarum
1879 950 2186 1022 loquuturi,

593 1051 843 1104 munibus
868 1065 963 1103 eos
988 1051 1131 1103 euris
1153 1049 1413 1111 liberavit,
1440 1050 1609 1102 alatus
1630 1049 1890 1113 eilieiens,
1917 1056 1971 1101 et
1996 1046 2189 1115 quovis

596 1143 876 1196 adamante
904 1143 1291 1198 constantiores
1337 1142 1583 1198 reddens.
1632 1142 1837 1195 Animae
1867 1140 2009 1193 enim
2052 1138 2187 1193 nihil

596 1242 769 1286 umens
792 1232 940 1289 addit
970 1233 1109 1288 vires
1130 1276 1145 1297 ,
1179 1244 1233 1287 ιιι
1260 1234 1327 1288 ab
1358 1234 1436 1288 eis
1462 1247 1580 1288 esse
1608 1232 1830 1286 liberam
1862 1248 1876 1284 :
1907 1228 2037 1284 nihil
2065 1244 2185 1284 eam

592 1327 729 1380 adeo
753 1336 1003 1391 enervat,
1040 1337 1094 1380 nt
1124 1329 1204 1382 eis
1230 1328 1575 1381 ennstrieIam
1606 1326 1795 1381 teneri.
1829 1322 2186 1392 Quemadmo-

591 1417 719 1471 dum
745 1418 886 1471 enim
930 1433 1036 1472 non
1066 1428 1240 1488 potest
1267 1418 1422 1473 dolor
1458 1418 1544 1473 hic
1568 1419 1676 1474 cito
1699 1418 1921 1473 inveniri
1949 1434 1961 1472 :
1987 1416 2056 1470 ita
2084 1429 2186 1471 nec

591 1508 700 1564 illic
721 1508 986 1579 voluptas.
1020 1509 1113 1566 llle
1136 1511 1278 1566 enim
1308 1511 1465 1567 habet
1493 1512 1686 1567 multos
1706 1524 1877 1566 san-os
1900 1510 2188 1565 immanes-

591 1614 697 1670 que
739 1600 986 1658 dominos
1029 1612 1083 1656 et
1126 1602 1411 1657 dominas:
1442 1602 1529 1657 hic
1570 1611 1748 1656 autem
1795 1602 1922 1655 nulli
1968 1600 2183 1671 quidem

592 1692 788 1758 servit,
826 1694 1076 1751 omnibus
1119 1704 1295 1751 autem
1328 1695 1587 1766 imperat,
1628 1695 1794 1749 radiis
1830 1694 1961 1749 snlis
1998 1708 2185 1748 secure

592 1786 811 1853 fruens,
852 1788 995 1841 aeris
1028 1802 1158 1843 aura
1179 1788 1414 1859 jucunde
1439 1788 1653 1854 fruens,
1684 1799 1740 1843 et
1762 1787 1851 1857 qui
1883 1785 1983 1841 sibi
2012 1785 2181 1839 uiole-

588 1879 747 1933 stiam
768 1878 1039 1947 exhibeat,
1066 1894 1170 1935 non
1202 1880 1424 1936 habens.
1456 1879 1571 1933 Non
1602 1894 1722 1933 eum
1754 1888 1910 1932 vexat
1935 1886 1990 1931 et
2018 1877 2184 1947 agitat

590 1969 688 2033 ira,
712 1985 816 2025 non
840 1970 1056 2035 invidia,
1076 1986 1184 2025 non
1205 1971 1357 2035 livor,
1393 1986 1496 2025 non
1525 1986 1644 2025 etun
1662 1985 1811 2025 eum:
1840 1968 2178 2033 labefaciunt,

590 2078 697 2115 non
727 2062 1118 2127 arnmlationes,
1143 2078 1248 2118 non
1273 2077 1403 2116 vana
1426 2062 1617 2133 gloria,
1644 2078 1749 2117 non
1775 2062 2046 2131 superbia,
2072 2078 2177 2115 non

589 2152 785 2221 aliquid
817 2152 961 2208 aliud
991 2154 1283 2224 ejusmodi;
1320 2155 1413 2209 sed
1444 2155 1581 2209 sicut
1610 2166 1791 2223 portus
1817 2154 2008 2223 aliquis
2033 2162 2179 2208 trau-

585 2243 809 2311 quillus,
841 2253 895 2298 et
924 2244 1060 2300 liber
1083 2260 1113 2300 a
1146 2245 1423 2309 ﬂuetibus,
1457 2246 1524 2301 ita
1553 2258 1637 2301 est
1662 2246 1882 2301 allectus
1913 2245 2029 2315 ejus
2058 2246 2179 2299 aui-

587 2347 728 2400 mus,
751 2343 807 2388 et
827 2335 926 2389 iter
951 2336 1001 2390 in
1032 2337 1221 2391 uelum
1246 2336 1400 2392 facile
1430 2337 1743 2407 ingreditur,
1773 2346 1829 2392 ut
1850 2353 2010 2407 quem
2039 2338 2181 2391 nulla

586 2436 672 2480 res
700 2438 938 2492 praesens
977 2437 1304 2482 remoretur.
1333 2428 1404 2484 Ut
1433 2442 1565 2497 ergo
1588 2441 1691 2484 nos
1723 2443 1934 2498 quoque
1967 2427 2065 2481 hac
2091 2442 2179 2481 se-

585 2518 814 2573 enritale
840 2518 1098 2583 fruamur,
1130 2530 1182 2575 et
1211 2521 1263 2575 in
1292 2522 1542 2589 praesenti
1576 2522 1678 2576 vita
1711 2517 2183 2588 tranquillitatem,

585 2619 639 2667 et
685 2612 736 2663 in
779 2612 1210 2681 peregrinatione
1242 2613 1547 2671 facilitatem
1579 2629 2003 2684 consequamur,
2036 2614 2175 2670 hanc

584 2710 745 2757 vitam
774 2716 1175 2772 persequamur,
1204 2716 1259 2758 ut
1288 2704 1423 2759 bona
1446 2721 1660 2776 quoque
1684 2714 1883 2761 aeterna
1909 2706 2174 2775 adipisca-

586 2807 726 2856 mur,
747 2808 865 2863 qua:
890 2808 1103 2850 onmem
1126 2796 1407 2863 rationem,
1437 2806 1693 2863 mentem,
1720 2807 1775 2852 et
1798 2798 2175 2869 cogitationem

586 2897 871 2956 superant,
917 2889 970 2943 in
1009 2889 1221 2944 Christo
1251 2889 1378 2945 Jesu
1405 2892 1631 2945 Domino
1658 2903 1865 2957 nostro,
1892 2892 1977 2946 cui
2009 2892 2175 2962 gloria

582 2990 635 3033 et
662 2980 943 3052 imperium
972 2983 1025 3037 in
1054 2983 1249 3038 saecula
1276 2985 1617 3039 smculorum.
1644 2987 1835 3041 Amen.

1087 3072 1154 3128 IN
1191 3074 1514 3131 PSALMUM
1554 3075 1667 3131 CX.

732 3167 784 3219 1.
826 3164 1113 3234 (ἔοηβιεὶιον
1136 3166 1245 3231 tibi,
1270 3166 1505 3233 Domine,
1528 3168 1581 3221 in
1611 3177 1715 3222 toto
1738 3170 1887 3223 corde
1916 3186 2046 3223 meo.

652 3257 703 3308 1.
748 3254 1039 3309 Gratiarum
1081 3258 1323 3310 actionem
1351 3275 1381 3310 a
1410 3259 1552 3313 nobis
1582 3258 1719 3314 Dens
1756 3261 1975 3314 maxime
2002 3263 2171 3331 requi—
2208 3274 2212 3277 ‘

582 3347 667 3397 rit.
697 3376 766 3385 —-
802 3346 939 3413 Quid
968 3358 1069 3412 est,
1100 3347 1164 3401 In
1187 3358 1291 3409 toto
1314 3350 1339 3402 ?
1362 3348 1495 3403 Cum
1528 3351 1672 3405 omni
1701 3352 1862 3405 animi
1901 3352 2174 3410 alacritate

581 3448 635 3493 et
664 3439 976 3507 diligenter,
1000 3440 1133 3495 liber
1157 3440 1224 3495 ab
1259 3437 1508 3496 omnibus
1537 3444 1679 3497 curis
1719 3444 2051 3499 smcularium
2082 3462 2172 3500 rc-

582 3548 728 3595 rnm,
776 3533 1018 3587 sublimis
1047 3542 1099 3589 et
1126 3546 1333 3590 erectus
1354 3577 1366 3599 ,
1401 3536 1576 3589 anima
1604 3552 1633 3589 a
1660 3537 1891 3593 Vinculis
1932 3540 2175 3607 corporis

580 3625 823 3679 liberata.
855 3624 919 3679 In
951 3627 1119 3679 contr.
1152 3626 1265 3681 Non
1300 3628 1350 3681 in
1378 3628 1554 3682 verbis
1585 3636 1788 3683 tantum
1816 3672 1829 3695 ,
1862 3645 1961 3684 nec
1986 3631 2035 3684 in
2068 3631 2172 3684 lin-

577 3731 677 3783 gua
701 3724 755 3771 et
778 3730 873 3771 ore
898 3715 1256 3783 solumnmdu,
1286 3718 1379 3772 sed
1402 3733 1521 3772 cum
1545 3730 1724 3775 mente
1749 3728 1803 3774 et
1823 3720 2166 3789 cegitalione.

579 3807 653 3859 Ita
684 3808 843 3861 etiam
875 3807 1046 3862 Muses
1070 3808 1240 3878 legem
1275 3811 1450 3864 ferens
1478 3810 1688 3866 dicebat
1717 3829 1732 3866 :
1764 3811 1957 3882 Diliges
1985 3811 2139 3867 Domi
2156 3848 2170 3856 ο

576 3915 695 3950 num
728 3898 889 3951 Deum
917 3909 1056 3953 tuum
1081 3918 1143 3954 ex
1163 3911 1265 3955 tota
1294 3904 1445 3955 corde
1468 3902 1581 3967 tno‘,
1607 3914 1651 3959 et
1675 3921 1738 3958 ea:
1766 3915 1869 3958 tota
1893 3916 2056 3960 mente
2082 3915 2171 3961 tua

580 3986 757 4056 (Deut.
791 3990 842 4044 6.
874 3990 953 4061 5).
986 3991 1381 4049 CenfeSsionem
1432 4005 1608 4050 autem
1661 3996 1747 4051 hic
1789 3998 1915 4051 mihi
1961 3998 2171 4053 videtur

578 4078 757 4133 dicere
796 4082 1083 4148 gratiarum
1127 4084 1413 4139 actionem.
1467 4084 1717 4141 Laudabo
1738 4129 1754 4152 ,
1782 4088 1989 4157 inquit,
2018 4103 2169 4157 agam

576 4169 794 4237 gratias.
818 4171 1005 4225 Totam
1033 4174 1172 4227 enim
1203 4176 1362 4229 vitam
1392 4182 1442 4229 iu
1474 4177 1573 4230 hoc
1602 4179 1955 4248 eonuunpsit,
1975 4180 2043 4232 ab
2072 4180 2173 4234 hoc

577 4260 872 4327 exorditur,
903 4270 959 4316 et
982 4264 1031 4316 in
1073 4265 1173 4319 hoc
1197 4264 1393 4319 desinit
1426 4284 1438 4318 :
1474 4266 1575 4320 hoc
1601 4268 1715 4336 ejus
1750 4284 1885 4337 opus
1917 4280 2172 4340 perpetuo

577 4352 710 4415 fuit,
741 4368 840 4424 pro
870 4355 933 4409 iis
962 4370 1079 4424 qua:
1105 4366 1155 4409 et
1189 4356 1303 4425 ipse
1346 4367 1400 4412 et
1434 4358 1521 4413 alii
1553 4371 1869 4429 acceperant
1900 4362 2170 4419 heneliciis

575 4446 771 4515 gratias
796 4461 975 4517 agere.
1012 4448 1149 4502 Deus
1177 4450 1321 4504 enim
1364 4450 1493 4504 nihil
1525 4468 1677 4521 aeque
1725 4465 1884 4523 atque
1929 4454 2030 4510 hoc
2074 4472 2167 4525 po-

576 4538 737 4590 stulat
770 4556 782 4590 :
814 4540 916 4594 hoc
937 4550 1019 4593 est
1044 4540 1384 4609 sacriﬁcium,
1414 4543 1516 4597 hoc
1542 4545 1761 4611 oblatio,
1793 4546 1893 4601 hoc
1918 4560 1993 4603 est
2026 4550 2093 4618 pii
2117 4558 2171 4604 et

573 4634 707 4701 grati
737 4634 897 4687 animi
930 4634 1173 4703 signum,
1202 4636 1304 4690 hoc
1348 4637 1540 4691 vulnus
1573 4639 1732 4693 infert
1758 4640 1970 4694 diabolo
2002 4659 2015 4691 :
2046 4642 2169 4698 hinc

574 4728 929 4782 coronabatur
972 4728 1153 4782 beatus
1184 4727 1285 4783 Job
1323 4734 1379 4783 et
1423 4731 1846 4798 prmdicabatur‘,
1882 4734 2019 4803 quod
2047 4751 2167 4790 cum

577 4819 649 4874 illi
682 4820 1002 4873 tentationes
1032 4831 1211 4874 essent
1255 4822 1667 4877 innumerabiles
1700 4822 1858 4879 illata:
1884 4868 1898 4891 ,
1936 4836 1991 4881 et
2038 4844 2171 4881 uxor

576 4927 786 4980 quoque
816 4925 939 4965 eum
971 4912 1309 4981 supplantare
1340 4914 1537 4977 vellet,
1568 4928 1672 4968 non
1702 4930 1920 4972 aversus
1950 4918 2041 4981 sit,
2074 4920 2168 4973 sed

577 5004 800 5056 lnunino
825 5003 891 5057 de
930 5006 1175 5059 omnibus
1203 5007 1369 5075 egerit
1409 5018 1663 5077 perpetuo
1689 5010 1905 5083 gratias,
1945 5026 2048 5065 non
2074 5027 2167 5066 Sn-

577 5096 681 5147 lnm
731 5096 945 5164 quando
986 5094 1169 5159 dives,
1214 5098 1306 5151 sed
1347 5098 1502 5152 etiam
1550 5100 1762 5168 quando
1803 5116 2004 5171 pauper
2053 5114 2169 5157 e-at

578 5187 720 5257 (Job
750 5189 800 5241 -l.
831 5187 893 5241 2|
933 5187 986 5256 ):
1022 5203 1127 5242 non
1178 5189 1348 5243 solum
1396 5194 1607 5259 quando
1655 5206 1815 5246 sanus
1858 5204 1971 5247 erat
2007 5236 2021 5258 ,
2074 5197 2165 5248 sed

573 5281 732 5335 etiam
756 5279 967 5349 quando
998 5295 1277 5347 percussus
1305 5292 1385 5334 est
1417 5283 1465 5335 in
1498 5298 1698 5348 carne;
1724 5298 1828 5337 non
1861 5284 2019 5339 modo
2045 5300 2166 5340 cum

572 5373 617 5425 ei
668 5386 753 5425 res
789 5386 976 5425 omnes
1018 5386 1082 5425 ex
1136 5372 1297 5424 animi
1346 5375 1602 5427 sententia
1654 5360 2022 5441 succederent,
2072 5378 2165 5429 sed

573 5463 734 5515 etiam
760 5476 880 5517 cum
904 5464 1080 5530 gravis
1103 5463 1189 5515 illa
1218 5473 1504 5531 tempestas
1528 5466 1577 5518 in
1612 5466 1913 5520 universam
1942 5466 2056 5535 ejus
2081 5467 2172 5521 do-

577 5570 719 5605 Illlllll
749 5553 1007 5617 incubuit,
1040 5564 1090 5609 et
1123 5556 1173 5608 in
1201 5555 1365 5623 ipsam
1389 5570 1600 5624 quoque
1630 5568 1872 5610 naturam
1904 5560 2163 5626 corporis.

580 5646 687 5697 llnc
711 5654 791 5697 est
821 5645 961 5698 enim
992 5646 1125 5714 grati
1156 5648 1205 5699 in
1233 5648 1413 5715 primis
1442 5648 1627 5714 animi,
1662 5649 1712 5701 in
1741 5648 1899 5703 rebus
1928 5648 2170 5706 adversis

574 5745 626 5789 et
658 5736 855 5802 asperis
892 5736 999 5787 Deo
1022 5752 1238 5804 magnas
1271 5748 1524 5806 perpetuo
1557 5739 1753 5794 habere
1776 5740 1987 5808 gratias.
2012 5740 2161 5809 Quod

574 5829 784 5897 qualem
820 5830 871 5898 ip
890 5845 932 5883 .c
964 5844 1171 5900 quoque
1200 5831 1424 5888 Eunucns
1446 5874 1459 5900 ,
1488 5830 1780 5889 declaravit
1821 5849 1914 5905 per
1951 5851 2011 5891 ea
2052 5852 2167 5906 qua)

1309 385 1364 441 s.
1404 382 1685 441 JOANNIS
1721 354 2197 439 cunvSosrom
2227 371 2543 430 ,ιιιίὶιιιιερ⁸
2578 368 3115 432 cosstumrmor.

3805 373 3908 432 ιιι)

2298 502 2719 561 eousequnntur.
2764 494 2895 561 Quia
2935 494 3076 548 enim
3127 494 3280 547 mtdti
3334 492 3576 548 homines
3601 537 3616 561 ,
3647 495 3777 549 dum
3818 511 3909 551 res

2296 586 2511 652 quidem
2554 599 2678 640 sunt
2711 588 2846 640 Irrue
2868 627 2881 648 ,
2910 597 3073 656 agunt
3099 587 3331 658 gratias;
3361 587 3406 641 si
3444 587 3493 641 id
3520 600 3698 643 autem
3746 605 3907 644 secus

2297 677 2544 743 eveniat,
2574 692 2715 746 aigre
2757 676 2934 731 ferunt
2963 695 2976 732 :
3015 690 3141 733 sunt
3170 678 3331 734 etiam
3370 681 3461 749 qui
3504 694 3623 750 quae
3650 682 3911 736 eveniunt

2297 766 2696 836 reprehendunt
2735 787 2747 821 :
2779 770 3068 825 ostendens
3115 772 3166 825 id
3211 786 3315 826 non
3351 773 3465 827 lieri
3494 788 3559 828 ex
3589 781 3777 828 natura
3808 789 3909 830 eo-

2297 874 2440 925 rum,
2464 875 2582 929 quae
2605 859 2873 925 accidunt,
2904 862 2995 916 sed
3018 879 3081 916 ex
3112 863 3405 933 depravato
3444 866 3647 930 animo,
3674 866 3910 934 subjun-

2298 952 2370 1005 xit
2409 952 2637 1008 dicens:
2672 951 2734 1005 In
2782 954 2993 1007 consilio
3032 955 3293 1026 jn.tortnn
3333 966 3381 1008 et
3418 958 3809 1027 congregatione
3846 956 3909 1012 ‘3.

2294 1058 2481 1113 "mgna
2505 1061 2661 1113 opera
2689 1044 2916 1098 Domini.
2943 1044 3057 1101 Hoc
3103 1046 3242 1099 dixit
3273 1046 3565 1101 ostendi-ns
3601 1063 3735 1117 opus
3781 1063 3912 1103 esse

2290 1134 2472 1202 judice
2510 1138 2717 1206 integro
2739 1178 2754 1201 ,
2786 1146 2841 1193 et
2869 1147 3013 1195 cmtu
3041 1152 3147 1192 non
3180 1148 3456 1207 corrupto,
3484 1151 3537 1194 et
3565 1140 3771 1195 clarum
3802 1154 3912 1195 erit

2294 1243 2485 1298 magna
2512 1243 2631 1285 esse
2664 1230 2753 1284 Dei
2782 1246 2945 1297 opera
2970 1272 2985 1298 ,
3015 1244 3242 1302 esseque
3281 1246 3473 1299 magno
3500 1232 3760 1288 miraculo
3790 1232 3909 1301 ple-

2296 1335 2384 1374 na.
2412 1321 2549 1377 Sunt
2573 1323 2715 1377 enim
2744 1338 2839 1393 per
2878 1338 2937 1378 se
2967 1338 3156 1395 magna
3180 1366 3195 1390 ,
3226 1341 3326 1380 nec
3348 1325 3597 1380 videntur
3620 1340 3742 1381 esse
3786 1342 3907 1381 ma—

2292 1428 2393 1482 gna
2413 1452 2429 1479 ,
2460 1413 2561 1468 nisi
2588 1424 2791 1469 rectum
2823 1414 3057 1485 judicem
3088 1415 3339 1471 habeant.
3375 1414 3614 1487 Namque
3649 1418 3733 1473 sol
3760 1432 3907 1487 quo-

2292 1519 2398 1572 que
2422 1520 2518 1575 ροι-
2542 1521 2601 1561 se
2627 1507 2801 1563 clarus
2828 1520 2909 1564 est
2940 1517 2994 1564 et
3034 1508 3259 1575 luridus,
3291 1520 3343 1565 et
3370 1509 3679 1565 universum
3709 1509 3905 1566 orbem

2296 1604 2450 1652 terra:
2480 1597 2707 1655 illustrat
2742 1618 2756 1654 :
2789 1601 2884 1656 sed
2928 1602 2994 1657 iis
3021 1618 3249 1673 quorum
3296 1602 3435 1658 oeuli
3476 1602 3755 1670 laborant,
3792 1619 3906 1659 non

2288 1697 2373 1742 est
2404 1689 2543 1744 tilis.
2574 1691 2731 1762 Atqui
2762 1693 2841 1748 sol
2870 1709 2975 1748 non
3003 1703 3086 1750 est
3107 1695 3157 1748 in
3188 1693 3367 1765 culpa,
3393 1689 3488 1750 sed
3509 1705 3591 1750 est
3619 1697 3809 1751 vitium
3838 1698 3909 1752 il-

2293 1780 2464 1834 lorum
2495 1781 2890 1839 imbecillitatis.
2909 1785 3139 1857 Quando
3164 1801 3296 1857 ergo
3318 1787 3515 1843 videris
3536 1787 3769 1857 aliquem
3805 1790 3906 1846 Dei

2291 1886 2375 1939 ιψι
2398 1886 2453 1925 ra
2479 1884 2841 1942 accusantem,
2866 1854 2933 1931 ne
2962 1884 3181 1945 promer
3206 1878 3349 1933 illius
3378 1878 3773 1949 improhitatem
3805 1883 3905 1939 Dei

2291 1976 2452 2029 opera
2481 1963 2857 2033 calumnieris;
2885 1967 2979 2022 sed
3011 1968 3149 2023 illius
3175 1969 3462 2026 dementia:
3492 1974 3784 2029 maximum
3818 1977 3907 2030 iu-

2290 2053 2487 2107 diciqu
2538 2057 2723 2125 accipe
2776 2074 2841 2113 ex
2893 2059 2985 2115 Dei
3028 2060 3387 2129 providentia.
3429 2063 3902 2129 Quemadmodum

2289 2146 2433 2200 enim
2455 2147 2543 2216 qui
2570 2149 2741 2203 solem
2770 2149 2901 2205 dicit
2928 2151 3349 2219 tenebricosum,
3385 2164 3587 2211 astrum
3616 2173 3721 2211 non
3756 2160 3906 2214 vitu~

2291 2240 2515 2306 peravit,
2544 2240 2638 2296 sed
2658 2257 2777 2297 sua:
2810 2244 2977 2313 ipsius
3002 2247 3259 2303 eteeitatis
3286 2259 3491 2303 certum
3516 2264 3900 2321 argumentum

2290 2333 2505 2401 protulit
2535 2355 2547 2389 :
2576 2342 2630 2389 et
2655 2336 2746 2404 qui
2790 2338 2893 2392 mel
2922 2353 3166 2394 amarum
3198 2340 3459 2407 nominat,
3494 2358 3599 2397 non
3631 2343 3771 2399 illius
3797 2348 3901 2399 oh-

2286 2436 2465 2479 scurat
2503 2425 2840 2483 dulcedinem
2869 2472 2883 2494 ,
2912 2430 3007 2485 sed
3037 2432 3105 2487 de
3146 2434 3469 2502 morboque
3513 2435 3760 2504 laborat,
3793 2438 3901 2494 fert

2285 2518 2607 2572 sententiam
2638 2538 2650 2573 :
2685 2521 2754 2576 ita
2794 2524 2955 2578 etiam
2982 2525 3070 2593 qui
3105 2525 3195 2580 Dei
3231 2541 3394 2595 opera
3425 2528 3791 2602 reprehendit.
3828 2532 3899 2587 Et

2284 2610 2737 2677 quemadmodum
2767 2614 2851 2672 hic
2878 2630 2977 2675 nec
3018 2615 3141 2686 illis,
3168 2634 3268 2677 nec
3287 2624 3337 2678 ei
3363 2638 3482 2694 qua:
3502 2624 3573 2680 de
3598 2626 3701 2680 illis
3722 2626 3896 2685 babe-

2286 2710 2391 2765 tur,
2416 2703 2794 2762 existimationi
2820 2709 3202 2767 detrimentum
3235 2712 3431 2781 infert,
3462 2714 3556 2770 sed
3597 2718 3894 2773 amentiam

2284 2804 2433 2844 Suam
2462 2796 2698 2851 maxime
2725 2799 2897 2867 arguit
2927 2818 2941 2853 ι
2973 2801 3041 2855 ita
3063 2803 3153 2871 qui
3180 2802 3248 2857 de
3279 2803 3369 2859 Dei
3398 2806 3651 2875 operibus
3680 2820 3893 2864 rectum

2284 2897 2389 2936 non
2416 2882 2911 2958 liabentjudieium,
2944 2907 3010 2947 ne
3036 2895 3293 2949 miracula
3324 2897 3539 2965 quidem
3567 2900 3743 2954 sciunt
3766 2917 3894 2972 qua:

2283 2971 2418 3027 facta
2466 2990 2589 3031 sunt
2618 2996 2632 3032 :
2657 2981 3107 3049 quemadmodum
3140 2998 3348 3053 contra,
3376 2988 3419 3041 si
3449 2989 3570 3058 quis
3618 2992 3688 3045 sit
3733 2971 3895 3064 :rquo

2282 3076 2334 3122 ct
2364 3083 2471 3121 non
2501 3067 2791 3141 depravato
2821 3075 3000 3129 animo
3019 3117 3031 3137 ,
3074 3078 3311 3146 stupebit
3337 3082 3762 3153 untnuquodque
3790 3100 3891 3140 eo-

2282 3175 2423 3227 rum,
2446 3176 2567 3231 qutn
2602 3164 2849 3220 videntur
2866 3182 2996 3222 esse
3026 3169 3283 3225 difﬁcilia.
3311 3172 3450 3238 Quid
3478 3175 3641 3239 enim,
3677 3192 3890 3247 quaeso,

2262 3267 2466 3336 'eorum
2489 3270 2607 3323 quae
2636 3258 2788 3325 linnt,
2824 3275 2927 3316 non
2958 3271 3041 3316 est
3066 3264 3380 3321 admirabile
3399 3267 3423 3321 7
3441 3268 3495 3321 Si
3528 3269 3658 3325 velis
3681 3281 3889 3336 autem,

2281 3343 2401 3397 aliis
2428 3348 2805 3414 prietermissis
2829 3352 3105 3408 veniamus
3134 3355 3203 3409 ad
3231 3370 3315 3421 ea,
3344 3372 3464 3428 qua:
3493 3360 3742 3416 videntur
3766 3379 3892 3420 esse

2283 3435 2463 3491 audtis
2493 3437 2715 3495 molesta
2746 3450 2800 3495 et
2821 3443 3000 3511 gravia
3026 3486 3041 3509 ,
3069 3456 3319 3512 mortem,
3353 3450 3620 3519 morbum,
3652 3469 3889 3526 pauper-

2282 3534 2443 3581 tatem
2471 3570 2485 3595 ,
2518 3540 2573 3584 et
2611 3546 2961 3604 quaecumque
3005 3546 3129 3593 sunt
3166 3540 3455 3608 ejusmodi.
3503 3544 3557 3600 Si
3590 3547 3711 3615 quis
3741 3549 3888 3603 enim

2282 3617 2441 3674 fuerit
2482 3632 2631 3677 recto
2654 3626 2837 3691 corde,
2866 3644 2927 3682 ea
2962 3645 3065 3683 non
3094 3630 3382 3689 diflieulter
3405 3638 3662 3706 suscipiet
3686 3649 3743 3695 et
3782 3644 3891 3696 mi-

2282 3712 2505 3769 rabitur.
2532 3715 2643 3771 Etsi
2663 3720 2805 3773 enim
2834 3737 2979 3777 mors
3001 3740 3065 3778 ex
3094 3740 3316 3793 peccato
3337 3730 3574 3800 ingressa
3598 3742 3679 3787 est
3704 3733 3887 3805 (Rom.

2281 3801 2336 3856 5.
2368 3802 2479 3875 12),
2515 3814 2660 3861 tanta
2689 3818 2863 3865 tamen
2895 3823 2947 3867 et
2978 3822 3083 3869 tam
3116 3817 3341 3887 insignis
3366 3818 3463 3875 fuit
3496 3822 3589 3878 Dei
3622 3801 3884 3893 potentia,

2280 3896 2561 3953 clementia
2608 3909 2663 3956 et
2714 3904 3066 3971 providentia,
3102 3916 3158 3962 ut
3186 3926 3306 3965 eam
3355 3912 3405 3967 in
3458 3916 3624 3969 nostri
3672 3921 3891 3987 generis

2280 3988 2560 4045 utilitatem
2592 3997 2938 4051 converterit.
2971 3999 3107 4066 Quid
3138 4002 3282 4057 enim
3312 4019 3510 4074 grave,
3540 4006 3648 4074 die,
3672 4026 3889 4081 qureso,

2280 4078 2440 4136 habet
2464 4086 2650 4139 mors?
2679 4088 2871 4142 Annon
2902 4090 3093 4146 liberat
3121 4108 3150 4147 a
3182 4094 3492 4152 laboribus?
3520 4078 3705 4156 annon
3727 4118 3758 4158 a
3786 4078 3892 4160 cn;

2277 4173 2351 4227 ris
2380 4174 2576 4243 eripit?
2602 4178 2793 4232 Annon
2818 4180 2971 4236 audis
2996 4182 3097 4237 Job
3126 4199 3244 4239 eam
3277 4187 3603 4255 laudantem,
3630 4200 3686 4247 et
3706 4194 3893 4251 dicen-

2278 4273 2384 4317 tem
2420 4280 2433 4316 :
2468 4266 2610 4320 Mors
2636 4270 2826 4323 homini
2847 4273 3059 4340 requies,
3078 4277 3227 4346 cujus
3249 4278 3331 4331 via
3365 4289 3438 4333 est
3479 4280 3777 4339 abscondita
3806 4289 3890 4357 (α)

2278 4355 2297 4428 (
2321 4356 2420 4411 Job
2448 4360 2501 4414 5.
2529 4360 2666 4431 23)?
2722 4364 2913 4420 Annon
2940 4380 3003 4421 ea
3030 4368 3216 4423 vitium
3262 4372 3564 4429 rescindit?
3595 4375 3730 4432 Nam
3758 4390 3815 4433 et
3840 4355 3887 4435 si

2277 4450 2450 4505 malus
2476 4453 2597 4521 quis
2646 4453 2837 4521 fuerit,
2870 4471 2935 4511 eo
2975 4468 3185 4515 mortuo
3216 4462 3398 4518 vitium
3440 4477 3708 4523 resectum
3752 4483 3836 4527 est
3872 4491 3886 4528 :

2279 4540 2379 4607 Qui
2419 4544 2553 4595 enim
2583 4556 2812 4599 mortuus
2847 4557 2939 4615 est,
2962 4549 3279 4618 justi/iectus
3301 4564 3373 4608 est
3398 4573 3431 4609 a
3462 4570 3665 4625 peccato
3695 4561 3883 4630 (Rom.

2275 4636 2327 4689 6.
2360 4636 2439 4703 7),
2476 4636 2575 4689 hoc
2616 4646 2697 4691 est
2718 4680 2732 4704 ,
2765 4649 3041 4709 peccatum
3081 4658 3191 4698 non
3229 4646 3459 4715 amplius
3499 4649 3681 4719 adjicit
3710 4671 3723 4706 :
3756 4665 3815 4710 et
3839 4659 3886 4713 si

2274 4740 2392 4779 eum
2440 4727 2610 4781 bonus
2640 4728 2743 4792 sit,
2767 4732 3093 4799 excesserit,
3138 4735 3189 4786 in
3234 4743 3349 4789 tuto
3377 4738 3481 4791 erit
3528 4739 3577 4793 ei
3614 4742 3885 4802 collocata

2274 4818 2450 4873 omnis
2476 4818 2666 4885 virtus,
2697 4828 2750 4874 et
2780 4820 2830 4873 in
2862 4822 3127 4877 tutissimo
3155 4824 3409 4882 thesauro
3432 4832 3732 4887 recondita.
3768 4838 3888 4893 Αιιο

2276 4922 2402 4969 non,
2435 4907 2542 4974 die,
2572 4924 2755 4977 quatso
2774 4952 2787 4974 ,
2814 4912 2961 4965 vivos
2987 4913 3343 4971 modestiores
3374 4918 3551 4974 reddit
3588 4931 3641 4975 et
3671 4917 3887 4996 tempe-

2274 5000 2584 5054 rantiores?
2613 4999 2728 5054 Non
2772 5002 2920 5057 vides
2950 5019 3092 5074 s'epc
3121 5005 3313 5063 divites
3338 5010 3427 5078 qui
3452 5010 3705 5081 superbia
3736 5014 3888 5072 intu-

2276 5100 2537 5155 mescunt,
2567 5099 2621 5144 et
2641 5093 2922 5160 supercilia
2954 5094 3221 5163 attollunt,
3246 5111 3367 5152 cum
3401 5099 3452 5153 in
3484 5100 3670 5157 funere
3699 5105 3889 5165 vident

2276 5196 2471 5253 corpus
2497 5183 2680 5251 jacere
2716 5185 2961 5240 exanime
2998 5182 3055 5241 et
3087 5188 3365 5243 immotum
3391 5230 3409 5258 ,
3442 5193 3683 5263 liliosque
3714 5196 3768 5250 in
3800 5216 3886 5254 or-

2276 5274 2459 5341 bitate,
2490 5291 2709 5331 uxorem
2736 5278 2786 5331 in
2818 5278 3093 5345 viduitate,
3127 5291 3178 5336 et
3206 5284 3409 5339 amicos
3437 5284 3488 5339 in
3512 5301 3769 5355 maerore,
3804 5294 3879 5346 fa-

2277 5366 2557 5436 mulosque
2587 5369 2719 5422 atris
2744 5370 2978 5424 vestibus
3011 5372 3225 5428 indutos
3244 5416 3258 5440 ,
3292 5384 3343 5429 cl
3371 5391 3492 5432 esse
3518 5378 3751 5448 denique
3792 5386 3859 5438 tri

2277 5468 2412 5513 stem
2445 5473 2506 5513 ac
2530 5458 2806 5529 lugubrem
2835 5462 2993 5517 totius
3014 5464 3207 5520 domus
3227 5468 3461 5537 speciem
3488 5488 3503 5536 ;
3527 5472 3803 5540 quomodo
3825 5488 3887 5530 se

2344 5562 2414 5643 (n)
2430 5561 2581 5643 .llagc‘,
2606 5564 2744 5643 citius
2770 5562 2849 5643 uio
2870 5567 3249 5643 estabscondita
3275 5573 3291 5634 (
3314 5574 3373 5622 οὗ
3412 5579 3441 5633 ἡ
3475 5577 3874 5643 ὁδὸςλόφτεκρύϐη

2280 5622 2361 5671 ἀπ’
2388 5622 2594 5705 ᾗῆτοῦ),
2629 5622 2733 5705 xn'on
2766 5638 2907 5677 erant
2944 5632 2991 5678 in
3030 5622 3874 5705 Ειῇιὶοιιθᾈξιξιςέι-ξίῖιιιᾞῖἷξέῦἒ

2281 5698 2341 5732 ex
2393 5686 2741 5735 Theodotinne
2792 5703 2901 5737 cum
2946 5691 3187 5742 asterisco
3232 5686 3491 5753 subiuncta
3522 5686 3872 5759 γίίίέτεὶιιΰῗῖὶῖ

2280 5758 2756 5829 responilerent__liis
2786 5760 2953 5829 verbis
2986 5764 3247 5829 Hebraicis
3284 5781 3294 5791 -
3328 5771 3510 5820 nono:
3547 5776 3679 5823 τεὴ-τ
3715 5758 3869 5829 sui”.

2278 5821 2364 5895 sed
2392 5818 2874 5895 postea‘quilius.lam
2902 5827 3277 5895 exemplaribm
3299 5818 3525 5895 adjuncta
3554 5818 3712 5889 fecre.

2280 5888 2442 5928 llUl‘inl
2470 5889 2685 5930 nostram
2718 5884 2763 5931 in
2805 5884 3054 5947 lla-xaplis.
