4058 6440
134 398 246 455 9.19

134 518 353 587 ἀλόγων
396 513 495 569 ἴδοι
528 531 610 578 τις
664 514 750 568 ἄν.
791 512 857 565 Τί
899 511 1007 582 γάρ
1048 510 1239 580 ὄφελος
1281 506 1745 580 ὄνῳ-βαλλομένη)

138 606 369 679 μεγέθει
388 603 645 673 φορτίων,
662 601 768 655 κάν
790 600 1048 672 μυριάκις
1072 598 1253 651 αὐτῶν
1272 597 1527 667 ἀπολαύῃ
1548 614 1561 661 ;
1612 596 1665 647 τί
1689 595 1746 648 δὲ

139 693 344 766 βλάϐος
383 691 557 760 ἑτέρῳ
577 688 784 742 τούτων
829 686 1238 758 ἀπηλλαγμένῳ
1274 687 1516 747 πάντων,
1550 684 1615 737 ἂν
1647 686 1747 753 τῆς

140 778 451 846 ἀναγκαίας
475 774 728 849 ἀπολαύῃ
749 776 983 847 τροφῆς;
1006 773 1107 827 Διά
1131 773 1291 827 τοῦτο
1324 774 1419 827 καὶ
1458 775 1485 826 6
1514 774 1751 843 Χριστὸς

142 867 383 938 ὑψηλοὺς
452 867 575 930 τοὺς
622 864 818 919 ἑαυτοῦ
861 864 1293 927 κατασκευάζων
1346 862 1615 933 μαθητάς,
1654 861 1749 915 άτε

147 955 450 1027 μέλλοντας
478 956 546 1024 τῇ
581 952 880 1025 οἰκουμένῃ
909 950 1251 1016 διαλέξεσθαι
1300 950 1451 1022 πάσῃ
1482 990 1496 1013 ,
1555 947 1748 1001 πασῶν

142 1044 348 1106 αὐτοὺς
366 1040 650 1109 ἀπήλλαξε
678 1039 998 1109 φροντίδων,
1025 1039 1339 1110 πτερωτηὺς
1356 1036 1747 1109 ἐργαζόμενοςν

145 1130 242 1186 καὶ
269 1130 585 1200 ἀδάμαντος
616 1127 1029 1198 εὐτονωτέρους.
1056 1127 1224 1181 Οὐδὲν
1244 1126 1355 1197 γάρ
1382 1125 1557 1187 οὕτως
1595 1124 1751 1195 ἰσχὺν

143 1218 395 1287 ἁντίθησι
448 1216 620 1288 ψυχῇ,
672 1216 750 1279 ὼς
802 1216 865 1270 τὸ
906 1216 1115 1270 τούτων
1161 1214 1543 1287 ἀπηλλάχθαι·
1596 1212 1751 1265 οὐδὲν

144 1305 325 1371 οῦτως
353 1306 558 1378 ἀσθενῆ
589 1307 754 1366 ποιεῖ,
785 1304 862 1368 ὡς
876 1305 937 1358 τὸ
956 1303 1171 1367 τούτοις
1205 1303 1512 1375 ἐνέχεσθαι.
1534 1302 1753 1372 ’Ὠσπερ

149 1396 264 1466 7&9
296 1397 400 1449 οὑκ
442 1396 558 1448 ἔστι
587 1392 768 1465 λύπην
815 1393 998 1465 εὑρεῖν
1036 1392 1272 1447 ἐνταῦθα
1314 1392 1543 1464 ταχέως,
1580 1391 1754 1455 οὕτως

148 1485 269 1538 ἐκεῖ
301 1485 518 1556 ἡδονήν.
558 1483 618 1538 '0
654 1483 756 1554 μὲν
784 1483 895 1555 γάρ
936 1481 1165 1545 πολλοὺς
1197 1482 1310 1553 ἔχει
1348 1482 1619 1545 δεσπότας
1659 1480 1754 1534 καὶ

148 1572 442 1636 δεσποίνας
472 1572 788 1644 ἀνημέρους
817 1570 971 1635 τινὰς
1009 1570 1106 1625 καί
1134 1568 1536 1642 ἀπανθρώπους
1564 1588 1575 1600 ·
1626 1572 1654 1623 6
1694 1569 1752 1622 δὲ

146 1659 396 1713 δουλεύει
432 1658 532 1730 μὲν
558 1658 761 1724 οὐδενὶ,
788 1659 986 1729 κρατεί
1024 1656 1082 1710 δὲ
1134 1656 1413 1718 ἁπάντων,
1450 1656 1593 1722 μετά
1623 1655 1755 1710 πολ-

148 1748 255 1820 λῆς
282 1749 385 1820 τῆς
427 1748 631 1815 ἀδείας,
674 1748 771 1801 καὶ
803 1746 906 1818 τῆς
946 1748 1165 1811 ἀκτῖνος
1193 1746 1505 1812 ἀπολαύων,
1544 1747 1639 1800 καὶ
1676 1745 1754 1817 τῷ

149 1836 280 1908 ἀέρι
320 1836 625 1909 ἐντρυφῶν,
658 1836 755 1889 καὶ
806 1835 899 1889 τὸν
939 1833 1314 1906 διενοχλοῦντα
1347 1835 1451 1888 οὐκ
1477 1833 1639 1904 έχων.
1676 1834 1752 1887 Οὐ

151 1924 327 1995 θυμὸς
360 1925 669 1997 σπαράσσει
696 1921 907 1987 τοῦτον,
949 1923 1011 1977 οὐ
1036 1923 1253 1993 φθόνος,
1278 1924 1341 1977 οὐ
1377 1922 1673 1995 βασκανία,
1691 1923 1753 1976 οὐ

150 2011 442 2083 φροντίδες
470 2014 753 2084 τήκοωιν,
790 2011 851 2065 οὑ
874 2010 1225 2083 ζηλοτυπίαι,
1264 2012 1325 2065 οὐ
1364 2011 1661 2077 κενοδοξία,
1690 2011 1753 2064 οὐ

149 2099 347 2169 τῦφος,
374 2100 474 2153 οὐκ
500 2098 631 2154 ἀλλο
669 2099 781 2153 τῶν
803 2098 1065 2153 τοιούτων
1094 2099 1251 2153 οὐδέν
1275 2118 1289 2132 ο
1316 2100 1433 2155 ἀλλ’
1459 2100 1649 2172 ὥσπερ
1669 2117 1757 2165 τις

149 2187 323 2271 λιμὴν
384 2186 649 2250 εὑδιεινδς
682 2203 703 2226 ι
735 2187 1001 2258 κυμάτων
1058 2186 1481 2258 ἀπηλλαγμένος
1504 2227 1519 2253 ,
1580 2187 1756 2252 οὑτως

150 2274 308 2344 αὐτῷ
334 2275 404 2329 τὰ
428 2277 529 2345 τῆς
556 2273 737 2346 ψυχῆς
766 2274 1059 2337 διάκειται,
1110 2276 1207 2329 καὶ
1237 2276 1375 2347 πρὸς
1401 2275 1494 2329 τὸν
1524 2275 1756 2347 οὐρανὸν

150 2361 398 2426 εὐκόλως
438 2360 632 2426 ὁδεύει,
683 2362 861 2415 οὐδενὶ
900 2361 1011 2417 τῶν
1054 2362 1339 2433 παρόντων
1367 2363 1751 2435 κατεχόμενος.

154 2450 255 2504 ἰν’
288 2445 383 2504 οῦν
414 2450 507 2504 καὶ
540 2451 703 2521 ἡμεῖς
741 2450 949 2521 ταύτης
994 2451 1362 2525 ἀπολαύωμεν
1409 2454 1511 2525 τῆς
1545 2454 1752 2517 ἀδείας.

151 2540 249 2593 καὶ
294 2540 395 2610 τῆς
434 2538 577 2594 κατὰ
624 2540 717 2593 τὸν
750 2541 997 2612 παρόντα
1036 2541 1151 2613 βίον
1190 2542 1479 2615 εὐθυμίας,
1515 2543 1612 2598 καὶ
1654 2546 1757 2611 τῆς

152 2626 411 2691 εὐκολίας
431 2628 532 2698 τῆς
567 2629 710 2683 κατά
734 2629 835 2702 τὴν
863 2630 1198 2702 ἀποδημίαν,
1229 2630 1421 2687 τοῦτον
1468 2631 1756 2704 διώκωμεν

150 2716 247 2769 τὸν
291 2714 427 2791 βίον,
474 2714 617 2769 ὥστε
654 2717 750 2769 κα)⁵
793 2716 903 2770 τῶν
957 2719 1195 2773 αἰωνίων
1238 2719 1462 2788 ἀγαθῶν
1508 2718 1756 2774 ἀπολαῦ-

154 2820 272 2862 σαι,
315 2802 426 2855 τῶν
467 2801 926 2874 ὑπερϐαλλόντων
961 2804 1180 2861 ἅπαντα
1223 2806 1382 2875 λόγον
1405 2849 1420 2875 ,
1474 2807 1573 2863 καῖ
1609 2806 1757 2873 νοῦν,

154 2889 251 2943 καὶ
293 2890 554 2955 διάνοιαν,
593 2894 653 2945 ἐν
683 2892 908 2964 Χριστῷ
954 2894 1129 2965 Ἰησοῦ
1163 2894 1242 2966 τῷ
1281 2895 1473 2969 Κυρίῳ
1501 2897 1683 2967 ἡμῶν,
1714 2892 1761 2967 ᾧ

153 2978 189 3042 ἡ
226 2977 359 3044 δόξα
382 2977 478 3033 καὶ
506 2979 569 3033 τὸ
596 2978 822 3051 κράτος,
853 2981 935 3044 εἰς
978 2982 1105 3046 τοὺς
1144 2981 1349 3049 αἰῶνας
1380 2984 1491 3038 τῶν
1520 2983 1760 3041 αἰώνων.

164 3062 366 3136 Ἀμήν.

519 3153 675 3229 [205]
696 3157 807 3211 ειΣ
833 3158 973 3213 TON
1009 3158 1092 3215 Pl'
1124 3161 1449 3217 ‘P’AAMON.

166 3244 727 3316 ἐξολιολογήσομαί
763 3264 886 3311 σοι,
906 3251 1107 3319 Κύριε,
1129 3251 1201 3305 ἐν
1229 3252 1344 3322 ὅλῃ
1374 3252 1592 3322 καρδίᾳ
1614 3270 1757 3323 μου.

226 3334 373 3390 α’.Τί
394 3336 565 3400 ἐστιν,
583 3336 681 3387 Ἐν
700 3335 817 3406 ὅλῃ
836 3354 856 3401 ;
880 3339 1039 3394 Μετά
1052 3340 1364 3412 προθυμίας
1376 3342 1618 3415 ἀπάσης,
1638 3359 1765 3397 συν-

156 3422 496 3493 τεταμένως,
531 3424 873 3494 ἀπαλλαγεὶς
893 3426 1004 3481 τῶν
1037 3427 1310 3499 βιωτικῶν
1326 3431 1648 3503 φροντίδων,
1666 3434 1764 3487 καὶ

162 3510 461 3581 μετάρσιος
491 3512 809 3583 γενόμενος,
859 3516 956 3569 καὶ
995 3516 1096 3589 τὴν
1128 3516 1311 3590 ψυχὴν
1338 3519 1619 3583 ἀπολύσας
1652 3520 1764 3575 τῶν

158 3597 378 3669 δεσμῶν
422 3597 519 3652 τοῦ
567 3597 840 3671 σώματος.
891 3602 996 3656 Ἑν
1043 3604 1282 3673 καρδίᾳ.
1322 3606 1435 3676 Οὑχ
1475 3606 1665 3671 ἁπλῶς
1704 3610 1765 3663 ἐν

164 3686 397 3758 ῥήμασι,
448 3686 572 3741 οὑδέ
606 3690 665 3741 ἐν
693 3688 911 3762 γλώττῃ
946 3691 1043 3746 καὶ
1092 3692 1325 3765 στόματι
1380 3695 1572 3765 μόνον,
1626 3696 1766 3751 ἀλλά

163 3776 258 3829 καὶ
288 3774 430 3846 μεεά
456 3777 559 3847 τῆς
581 3778 838 3847 διανοίας.
865 3778 1025 3834 υῦτω
1061 3782 1155 3836 καὶ
1183 3780 1426 3855 Μωῦσῆς
1453 3784 1764 3856 νομοθετῶν

163 3862 350 3931 ἔλεγεν
369 3878 385 3893 ·
415 3864 783 3947 Ἀγαπήσεις
815 3868 1038 3936 Κύριον
1051 3868 1161 3923 τὸν
1184 3871 1335 3925 Θσόν
1361 3888 1480 3927 σου
1511 3872 1583 3937 ἐξ
1610 3872 1766 3943 ὅλης

165 3948 272 4019 τῆς
308 3952 564 4021 καρδίας
596 3970 738 4022 σου,
770 3957 873 4011 καὶ
907 3957 980 4023 ἐξ
1000 3959 1153 4029 ὅλης
1175 3960 1286 4031 τῆς
1310 3962 1587 4032 διανοίας
1619 3979 1763 4020 σου.

176 4039 444 4096 Ἐνταῦθα
464 4044 577 4115 γάρ
603 4062 693 4114 μοι
720 4046 823 4116 τὴν
847 4046 1240 4121 ἐξομολόγησιν
1274 4050 1377 4121 τὴν
1404 4051 1766 4125 εὐχαριστίαν

158 4128 523 4199 δοκεῖλέγειν.
564 4131 844 4205 ’Υμνήσω,
872 4136 1059 4205 φησὶν,
1085 4132 1488 4212 εὑχαριστήσω.
1520 4142 1630 4195 Καὶ
1655 4142 1766 4216 γάρ

159 4216 381 4271 ᾶπαντα
418 4220 515 4271 τὸν
559 4217 673 4291 βίον
716 4224 798 4286 εἰς
839 4223 1007 4277 τοῦτο
1026 4224 1342 4297 ἀνήλισκεν,
1384 4229 1481 4281 καὶ
1511 4230 1767 4287 ἐντεῦθεν

161 4306 607 4393 προρμιάζεται,
637 4309 732 4363 καὶ
765 4310 846 4375 εἰς
872 4311 1029 4365 τοῦτο
1046 4312 1350 4385 καταλήγει
1373 4333 1387 4347 ·
1408 4318 1679 4372 καὶτοῦτο
1694 4314 1765 4391 ἦν

160 4393 526 4465 ἔργονάὑτοῦ
552 4395 867 4462 διαπαντὸς,
902 4398 966 4453 τὺ
997 4400 1091 4454 καὶ
1137 4401 1279 4474 ὑπὲρ
1323 4402 1435 4457 τῶν
1468 4406 1550 4469 εἰς
1599 4407 1764 4461 αὑτὸν

158 4481 493 4553 γενομένων,
521 4484 620 4538 καὶ
650 4484 790 4558 ὑπὲρ
819 4486 933 4541 τῶν
965 4490 1049 4553 εἰς
1074 4488 1270 4555 ἀλλους
1295 4492 1631 4565 εὐεργεσιῶν
1662 4495 1762 4568 τὴν

159 4572 519 4645 εὐχαριστίαν
550 4573 874 4645 ἀναφέρειν.
907 4578 1076 4632 Οὐδὲν
1106 4578 1217 4651 7&9
1270 4581 1446 4647 οὑτως
1469 4583 1498 4636 ό
1526 4583 1660 4650 Θεὸς
1685 4586 1764 4652 ὼς

158 4660 317 4715 τοῦτο
338 4660 627 4733 ὶπιζητείο
652 4664 815 4719 τοῦτο
849 4665 1034 4734 θυσία,
1071 4668 1232 4722 τοῦτο
1263 4672 1572 4745 προσφορὰ,
1600 4674 1763 4730 τοῦτο

158 4746 337 4820 ψυχῆς
386 4748 735 4821 εὐγνώμονος
765 4756 1014 4825 σημεῖον,
1054 4755 1216 4810 τοῦτο
1247 4758 1436 4832 πληγὴ
1486 4763 1629 4817 κατά
1665 4764 1761 4817 τοῦ

159 4837 407 4894 διαϐόλου
428 4854 444 4867 ’
479 4838 736 4894 ἐντεῦθεν
762 4840 793 4893 ό
816 4843 1088 4915 μακάριος
1128 4844 1250 4900 Ἰὼϐ
1280 4847 1644 4918 ἐστεφανοῦτο
1668 4854 1764 4907 καὶ

161 4924 586 4996 ἀνεκηρύττετο,
626 4926 708 4981 δτι
738 4928 953 5001 μυρίων
980 4934 1309 5007 πειρασμῶν
1357 4918 1763 5011 ἐπενεχθέντων

161 5013 327 5085 αὐτῷ,
361 5015 459 5068 καὶ
501 5015 602 5087 τῆς
641 5018 899 5084 γυναικὸς
930 5018 1440 5098 ὑποσκελιζούσης,
1479 5028 1541 5085 οὐ
1603 5044 1763 5101 περι-

162 5102 397 5191 ετράπη,
426 5101 547 5191 ἀλλ’
578 5101 770 5173 ἔμενεν
820 5107 1163 5180 εὐχαριστῶν
1209 5115 1290 5182 τῷ
1336 5116 1591 5191 Δεσπότῃ
1634 5118 1765 5190 περὶ

164 5189 400 5279 πάντων,
437 5190 538 5279 οὐχ
566 5191 729 5279 ἡνίκα
756 5193 1033 5261 ἐπλούτει,
1080 5196 1217 5253 ἀλλά
1248 5203 1345 5256 καὶ
1394 5204 1560 5274 ἡνίκα
1574 5189 1766 5279 *πένης

165 5277 405 5369 ἐγένετο·
436 5278 539 5349 οὐχ
566 5278 729 5369 ηνίκα
763 5280 1031 5350 ὑγίαινεν,
1064 5284 1206 5343 ἀλλά
1233 5290 1329 5344 καὶ
1358 5292 1522 5363 ἡνίκα
1544 5277 1763 5369 ἐπλήγη

164 5364 255 5457 τὴν
284 5368 516 5457 σάρκα(
545 5368 646 5457 οὐχ
682 5369 773 5424 ὅτε
815 5374 962 5429 κατά
997 5375 1130 5444 ῥοῦν
1166 5378 1317 5451 αὐτῷ
1344 5382 1416 5435 τά
1458 5364 1766 5457 πράγματα

165 5454 401 5543 ἐφέρετο,
433 5454 577 5510 ἀλλά
609 5457 709 5512 καὶ
732 5459 824 5513 ὅτε
852 5462 1093 5533 χαλεπὸς
1111 5467 1320 5533 ἐκεῖνος
1340 5472 1369 5525 6
1390 5472 1601 5543 χειμὼν
1619 5454 1765 5529 *κατ-

165 5541 397 5639 ica-agt.“
439 5547 523 5611 εἰς
568 5548 753 5605 πᾶσαν
778 5551 947 5607 αὑτοῦ
987 5554 1090 5626 τὴν
1119 5557 1318 5625 οἰκίαν,
1347 5564 1442 5615 καὶ
1479 5541 1559 5629 εἰς
1593 5566 1765 5639 αὐτὴν

165 5630 252 5685 τοῦ
286 5630 547 5704 σώματος
581 5633 683 5706 τ’ὴν
707 5635 893 5706 φύσιν.
946 5641 1119 5698 Τοῦτο
1150 5644 1259 5718 γὰρ
1308 5650 1545 5719 μάλιστα
1600 5630 1764 5727 εὐχά⁴

222 5811 246 5842 ⁸
271 5810 353 5863 Sic
371 5825 492 5864 mss.
522 5819 683 5863 recte.
708 5813 842 5865 Edil.
870 5815 1046 5869 Morel.
1071 5822 1273 5883 εωεινὸς
1291 5838 1555 5889 perpcram

1292 387 1659 447 EXPOSITIO
1700 385 1767 441 IN
1810 385 2149 446 PSAUIUM
2188 392 2301 449 αλ.
3343 389 3452 445 Ξ80

1856 505 2041 578 ρίστου
2072 510 2298 583 γνώμης
2324 512 2382 565 ἐν
2409 511 2525 574 ταῖς
2568 510 2781 582 θλίψεσι
2810 511 2901 564 καὶ
2940 514 3057 568 ταῖς
3092 511 3454 580 δυσημερίαις

1852 597 2055 673 πολλὴν
2094 599 2295 653 εἰδέναι
2343 598 2423 669 τῷ
2474 598 2595 671 Θεῷ
2640 600 2739 671 τὴν
2785 600 2982 669 χάριν,
3033 600 3128 651 καί
3164 600 3456 662 διαπαντὸς

1856 686 2041 757 μένειν
2075 687 2509 760 εὐχαριστοῦντα
2534 706 2548 719 ·
2584 689 2723 759 ὅπερ
2754 685 2848 742 οὖν
2882 688 2977 742 καὶ
3010 689 3173 753 αὐτὸς
3218 688 3457 741 αἰνιττόι

1857 791 2019 845 μενος
2043 775 2129 829 διὰ
2164 776 2273 829 τῶν
2322 774 2453 847 ἑξῆς
2507 776 2800 848 ἐδήλωσεν.
2848 776 3070 848 Ἐπειδὴ
3113 776 3224 849 γὰρ
3273 776 3495 830 πολλοὶ.

1852 861 1963 917 τῶν
2008 862 2314 934 ἀνθρώπων
2357 864 2417 917 ἐν
2456 863 2695 936 εὐθυμία
2731 864 2829 934 μὲν
2856 864 3009 927 ὄντες
3047 865 3459 935 εὐχαριστοῦσι,

1851 950 1923 1003 τά
1963 951 2184 1004 ἐναντία
2210 951 2268 1004 δὲ
2303 952 2605 1022 πάσχοντες
2640 950 3089 1022 δυσχεραίνουσιν
3112 969 3125 980 ·
3170 952 3278 1004 εἰσί
3310 951 3367 1004 δὲ
3411 952 3462 1004 οἳ

1854 1040 1948 1090 καὶ
1976 1037 2085 1091 τῶν
2122 1038 2430 1109 γινομένων
2465 1038 2938 1109 ἐπιλαμϐάνονται
2959 1057 2970 1069 ·
3005 1038 3225 1103 δεικνὺς
3266 1039 3350 1093 ὅτι
3400 1041 3460 1092 οὐ

1854 1126 2014 1198 παρὰ
2039 1125 2138 1198 τὴν
2167 1126 2332 1196 φύσιν
2358 1126 2470 1181 τῶν
2504 1126 2939 1199 συμϐαινόντων,
2981 1127 3120 1182 ἀλλά
3168 1127 3322 1199 παρὰ
3365 1126 3464 1199 τὴν

1853 1213 2303 1285 διεστραμμένην
2360 1213 2591 1287 γνώμην
2638 1213 2802 1267 τοῦτο
2857 1214 3115 1282 γίνεται,
3210 1215 3466 1285 ἐπήγαγε

1855 1301 2062 1370 λέγων’
2105 1303 2202 1356 Ἐν
2226 1301 2437 1371 ,βουλῇ
2472 1301 2699 1357 εὑθέων
2739 1302 2839 1356 καί
2872 1302 3202 1373 συναγωγῇ
3226 1301 3466 1373 μεγάλη

1854 1391 1929 1445 τὰ
1952 1390 2098 1460 ἔργα
2142 1391 2391 1459 Κυρίου,
2442 1390 2616 1445 Τοῦτο
2647 1386 2771 1444 εἰπε
2800 1391 3037 1456 δεικνὺς,
3077 1393 3159 1445 ὅτι
3204 1391 3465 1445 δικαστοῦ

1857 1479 2014 1550 χρεία
2074 1479 2375 1533 ἀδεκάστου
2432 1480 2529 1533 καὶ
2574 1480 2834 1547 συλλόγου
2888 1481 2963 1551 μὴ
3016 1480 3422 1553 διεφθαρμένου
3447 1519 3463 1545 ,

1858 1568 1953 1620 καὶ
2001 1566 2136 1638 δῆλα
2182 1567 2337 1621 ἔσται
2380 1568 2449 1621 τά
2482 1567 2623 1636 ἔργα
2650 1568 2747 1622 τοῦ
2794 1568 2953 1633 Θεοῦ,
2988 1569 3071 1623 ὅτι
3109 1568 3346 1641 μέγαλα,
3381 1568 3467 1623 ὅτι

1860 1656 2058 1711 πολλοῦ
2091 1657 2370 1728 θαύματος
2389 1658 2698 1728 ἀνάμεστα.
2729 1659 2885 1725 Ἔστι
2922 1658 3024 1729 μὲν
3055 1658 3166 1730 γὰρ
3194 1658 3291 1712 καί
3340 1656 3465 1713 καθ’

1859 1746 2030 1800 ἑαυτά
2053 1747 2286 1817 μεγάλα,
2318 1747 2379 1799 οὐ
2405 1746 2679 1801 δείκνυται
2698 1748 2754 1801 δὲ
2788 1748 3023 1818 μεγάλα,
3045 1747 3140 1801 ἐάν
3167 1748 3241 1820 μὴ
3270 1748 3466 1820 κριτὴν

1858 1834 2019 1907 ὀρθὸν
2053 1835 2173 1908 ἔχῃ.
2224 1835 2379 1908 Ἐπεὶ
2421 1835 2516 1889 καὶ
2562 1837 2590 1888 6
2637 1835 2792 1905 ἦλιος
2838 1834 2962 1889 καθ’
3001 1836 3195 1889 ἑαυτὸν
3241 1835 3453 1908 φαιδρὸς

1860 1904 1955 1974 καὶ
1986 1904 2235 1990 διαυγὴςξ
2272 1918 2367 1972 καὶ
2398 1918 2496 1990 τὴν
2526 1904 2859 1989 οἰκουμένην
2911 1918 3209 1991 διαλάμπει
3244 1904 3427 1973 πᾶσαν

1858 2002 1996 2058 ἀλλά
2056 2005 2170 2066 τοῖς
2203 2002 2344 2055 κατά
2378 2002 2533 2073 ὄψεις
2584 2002 2834 2059 νοσοῦσιν
2883 2004 2985 2057 οὐκ
3047 2004 3163 2057 ἔστι
3201 2003 3457 2069 τοιοῦτος,

1873 2088 2012 2144 Ἀλλ’
2033 2110 2043 2121 ·
2067 2087 2129 2141 οὺ
2163 2084 2257 2141 τοῦ
2286 2087 2439 2158 ἡλίου
2470 2087 2531 2140 τὸ
2562 2087 2817 2159 ἔγκλημα
2838 2127 2851 2152 ,
2903 2088 3040 2141 ἀλλά
3086 2089 3182 2159 τῆς
3238 2088 3458 2142 ἐκείνωτ

1859 2174 2143 2238 ἀσθενείας
2198 2173 2259 2228 τὸ
2309 2171 2621 2243 ἐλάττωμα.
2670 2172 2842 2229 Ὅταν
2909 2173 3091 2227 τοίνυν
3152 2173 3270 2245 ἰδῃς
3344 2173 3460 2227 τινά

1859 2256 2278 2329 κατηγοροῦντα
2304 2256 2413 2310 τῶν
2450 2254 2628 2327 ἔργων
2653 2255 2813 2320 Θεοῦ,
2841 2258 2915 2328 μὴ
2940 2258 3011 2313 τά
3035 2257 3173 2329 ἔργα
3207 2256 3466 2310 διάϐαλλε

1858 2343 1947 2397 διά
1983 2342 2093 2413 τὴν
2133 2339 2347 2394 ἐκείνου
2383 2340 2588 2393 κακίαν
2613 2379 2627 2405 ,
2682 2340 2818 2393 άλλά
2857 2341 2959 2411 τῆς
3011 2341 3224 2395 ἐκείνου
3277 2341 3467 2406 ἀνοίας

1859 2426 2105 2499 λάμϐανε
2144 2426 2405 2497 μέγιστον
2451 2425 2653 2496 δεῖγμα
2705 2426 2815 2480 ἀπὸ
2845 2427 2946 2497 τῆς
2988 2427 3084 2479 τοῦ
3137 2426 3274 2479 Θεοῦ
3327 2444 3453 2497 προ-

1859 2512 2029 2576 νοίας.
2068 2510 2282 2582 Ὥσπερ
2314 2510 2426 2582 7&9
2461 2512 2489 2564 6
2526 2510 2621 2565 τὸν
2649 2510 2805 2582 ἥλιον
2837 2511 3013 2580 λέγων
3054 2513 3352 2576 σκοτεινὸν,
3402 2511 3456 2565 οὐ

1858 2595 1922 2651 τὸ
1950 2593 2152 2667 ἄστρον
2182 2593 2449 2660 διέϐαλεν,
2497 2591 2635 2647 άλλά
2677 2596 2778 2666 τῆς
2809 2592 2974 2649 αὑτοῦ
3007 2594 3316 2666 πηρώσεως
3372 2594 3466 2662 ὲξι

1861 2682 2094 2753 ήνεγκεν
2122 2678 2347 2750 ἔλεγχον
2374 2677 2578 2751 ἀκριϐῆ
2596 2695 2610 2708 ’
2630 2679 2769 2732 καίό
2786 2678 2847 2733 τὸ
2879 2679 3001 2750 μέλι
3035 2679 3236 2752 πικρὸν
3264 2680 3457 2751 ὀνομά·

1861 2765 1990 2829 ζων,
2009 2763 2070 2817 οὐ
2086 2762 2188 2835 τὴν
2203 2760 2520 2833 γλυκύτητα
2545 2762 2645 2833 τὴν
2674 2763 2887 2817 ἐκείνου
2911 2762 3268 2820 συνεσκίασεν
3285 2761 3465 2835 [9.66],

1860 2846 1999 2903 ἀλλὰ
2024 2848 2123 2919 τῆς
2154 2847 2313 2903 νόσου
2337 2849 2438 2920 τῆς
2470 2846 2667 2902 ἑαυτοῦ
2705 2849 3048 2920 κατηγορίας
3095 2849 3469 2916 συνεστήσατο

1860 2932 1961 3004 τὴν
1981 2931 2165 3005 ψῆφον
2185 2948 2200 2962 ·
2234 2931 2379 2985 οὑτω
2407 2932 2471 3003 δὴ
2501 2931 2599 2985 καὶ
2627 2932 2655 2985 6
2679 2931 2791 2985 τῶν
2816 2930 2997 3003 ἔργων
3034 2932 3130 2987 τοῦ
3172 2931 3310 2987 Θεοῦ
3339 2934 3466 2985 ἐπι-

1862 3015 2295 3087 λαμϐανόμενος.
2320 3016 2433 3072 Καὶ
2461 3015 2651 3087 ῶσπερ
2670 3009 2825 3080 οὗτος
2859 3017 3043 3070 ἐκεῖνα
3069 3016 3169 3087 μὲν
3189 3018 3252 3071 οὐ
3278 3016 3471 3089 λυμαί-

1862 3116 2035 3167 νεται,
2065 3099 2186 3153 οὐδὲ
2212 3100 2313 3172 τὴν
2348 3101 2478 3172 περί
2508 3100 2689 3153 αὐτῶν
2723 3100 3017 3173 ὑπόληψιν,
3050 3102 3153 3173 τῆς
3194 3103 3251 3158 δὲ
3281 3103 3471 3165 ἀνοίας

1860 3188 1961 3257 τῆς
1978 3184 2174 3240 ἑαυτοῦ
2202 3184 2470 3258 μεγίστην
2495 3185 2722 3257 ἐκφέρει
2738 3187 3078 3257 κατηγορίαν
3095 3204 3108 3217 ’
3127 3185 3274 3242 οὕτω
3293 3186 3359 3259 δὴ
3377 3186 3472 3241 καὶ

1865 3269 1995 3340 περὶ
2018 3268 2129 3322 τῶν
2158 3267 2339 3340 ἔργων
2358 3267 2455 3322 τοῦ
2482 3268 2618 3322 Θεοῦ
2641 3271 2690 3323 οἰ
2726 3269 2802 3341 μὴ
2824 3270 3007 3341 κρίσιν
3026 3270 3196 3343 ὀρθὴν
3226 3270 3469 3343 Ιχοντες,

1864 3353 1968 3408 οὑκ
1994 3352 2174 3407 ἰσασιν
2200 3351 2322 3407 οὑδέ
2352 3352 2422 3407 τὰ
2450 3350 2711 3424 θαύματα
2737 3354 2807 3407 τά
2836 3355 3109 3426 γενόμενα
3129 3374 3142 3389 ·
3169 3356 3246 3421 ὡς
3288 3358 3345 3411 εί
3385 3375 3473 3423 τις

1865 3434 2167 3507 ἀδέκαστον
2217 3435 2330 3507 ἔχοι
2373 3435 2557 3507 ψυχὴν
2584 3437 2681 3489 καὶ
2713 3435 2788 3508 μὴ
2833 3436 3305 3513 διεστραμμένην,
3341 3440 3473 3496 ἐκα-

1870 3536 1995 3574 στον
2040 3517 2136 3573 καὶ
2166 3518 2278 3573 τῶν
2306 3518 2609 3575 δοκούντων
2645 3517 2786 3574 εἰναι
2812 3520 3475 3596 δυσχερῶνὲκπλῐαγήσε-

1867 3620 1981 3661 ται.
2004 3603 2071 3657 Τί
2098 3602 2207 3676 γὰρ
2228 3603 2291 3657 οὐ
2321 3602 2662 3675 θαυμαστὸν,
2689 3605 2813 3659 εἰπέ
2843 3622 2957 3677 μοι,
2985 3606 3095 3661 τῶν
3121 3608 3431 3680 γινομένων
3455 3626 3473 3673 ς

1869 3687 1980 3741 Καὶ
2001 3688 2052 3740 εἰ
2092 3685 2294 3757 βούλει,
2324 3686 2784 3759 παραδραμόντες
2811 3690 2882 3743 τά
2919 3688 3056 3747 ἄλλα
3095 3687 3276 3747 πάντα
3306 3692 3479 3747 ἔλθω⁴

1870 3788 1971 3844 μεν
2002 3771 2097 3825 ἐπὶ
2119 3772 2187 3825 τά
2226 3770 2491 3825 δοκοῦντα
2520 3766 2660 3826 εἰναι
2691 3774 2807 3837 τοίς
2852 3773 3069 3839 πολλοῖς
3118 3775 3335 3848 ἐπαχθῆ
3379 3781 3474 3834 καὶ

1867 3854 2125 3928 φορτικά,
2144 3855 2237 3910 τὸν
2264 3854 2517 3917 θάνατον.
2545 3856 2645 3928 τὴν
2677 3856 2862 3921 νόσον,
2890 3858 2990 3931 τὴν
3015 3860 3231 3924 πενίαν,
3255 3862 3348 3915 καὶ
3372 3862 3477 3915 ὅσα

1866 3940 2113 3995 τοιαῦτα.
2143 3940 2332 4011 Εἰγάρ
2358 3956 2445 4003 τις
2475 3938 2692 3995 εὐθεῖαν
2721 3939 2880 4012 ἐχοιδ
2911 3942 3163 4014 καρδίαν,
3181 3944 3477 4001 καὶταῦτα

1870 4031 2081 4103 σφόδρα
2120 4029 2446 4095 ἀποδέξεται
2487 4030 2583 4084 καὶ
2627 4029 2997 4103 θαυμάσεται.
3036 4032 3101 4087 Εἰ
3139 4035 3251 4107 γὰρ
3290 4036 3385 4089 καὶ
3415 4034 3475 4104 ἐξ

1866 4113 2150 4187 ἁμαρτίας
2182 4113 2433 4185 εἰσῆλθεν
2462 4115 2492 4168 6
2514 4114 2767 4179 θάνατος,
2798 4114 2915 4169 ἀλλ’
2943 4116 3099 4187 ὅμως
3119 4116 3360 4189 τοσαύτη
3378 4119 3475 4172 τοῦ

1866 4196 2003 4252 Θεοῦ
2034 4198 2068 4269 ὴ
2091 4196 2404 4266 περιουσία.
2434 4198 2531 4252 καί⁵
2558 4198 2591 4269 ὴ
2622 4197 3032 4271 φιλανθρωπία,
3062 4202 3159 4255 καὶ
3186 4202 3287 4274 τῆς
3315 4202 3478 4273 κηδε-

1872 4282 2063 4353 μονίας
2095 4283 2131 4353 ἡ
2160 4279 2457 4354 ὑπερϐολὴ,
2487 4281 2563 4346 ὡς
2599 4282 2695 4335 καί⁸
2708 4282 2887 4355 τούτῳ
2904 4286 2985 4349 εἰς
3008 4284 3131 4339 δέον
3155 4288 3477 4358 χρησασθαι

1866 4363 1948 4437 τῷ
1977 4363 2225 4437 γένειτῷ
2255 4364 2534 4439 ἡμετέρῳ.
2565 4364 2632 4419 Τί
2660 4366 2790 4439 γάρ,
2831 4367 2953 4421 εἰπέ
2983 4385 3095 4440 μοι,
3130 4368 3272 4442 βαρύ
3308 4372 3337 4424 6
3374 4370 3475 4426 θά-

1868 4466 2029 4514 νατος
2067 4447 2212 4521 ἔχεις
2251 4448 2368 4527 ρύκ
2397 4449 2692 4521 ἀπαλλαγὴ
2739 4451 2922 4506 πόνων
2967 4452 3151 4521 ἐστίνς
3203 4455 3265 4509 οὑ
3320 4455 3477 4523 λύσις

1869 4533 2171 4605 φροντίδων
2195 4548 2210 4599 ;
2244 4533 2360 4587 Οὐκ
2380 4532 2603 4598 ἀκούεις
2630 4534 2725 4588 τοῦ
2756 4534 2879 4589 Ἰὼϐ
2901 4535 3067 4590 αὑτὸν
3095 4528 3479 4611 ὲγκωμὶάξον-

1866 4634 1987 4685 τος,
2010 4620 2107 4676 καὶ
2144 4620 2399 4691 λέγοντος
2417 4637 2431 4652 ⁸
2472 4621 2741 4689 Θάνατος
2767 4623 2943 4692 ἀνδρί
2979 4624 3352 4694 ἀνάπαυσις,
3399 4622 3477 4685 οὗ

1866 4705 1911 4775 ἠ
1933 4704 2079 4773 όδύς
2106 4705 2446 4786 ἀπεκρύὄω
2496 4706 2612 4761 Οὐκ
2638 4707 2851 4780 ὲκκοπὴ
2878 4708 3110 4777 κακίας;
3140 4711 3241 4765 ’Δν
3275 4729 3337 4765 τε
3366 4713 3478 4785 γὰρ

1868 4789 2111 4862 πονηρὸς
2202 4806 2309 4854 τις,
2337 4789 2569 4860 διεκόπη
2593 4790 2663 4845 τά
2688 4791 2793 4863 τῆς
2829 4792 3030 4858 κακίας
3068 4793 3237 4849 αὑτοῦ
3287 4796 3479 4851 τελευ-

1865 4875 2133 4945 τήσαντος
2149 4889 2163 4903 ·
2207 4872 2262 4926 '0
2296 4872 2408 4943 γὰρ
2445 4872 2770 4929 ἀποθανὼν
2797 4876 3176 4934 δεδικαίωται
3211 4880 3333 4935 ἀπὸ
3366 4880 3478 4951 τῆς

1867 4956 2182 5027 ἁμαρτίας,
2212 4956 2513 5021 τουτέστιν,
2545 4958 2732 5014 οὐκέτι
2774 4961 3132 5033 ⁴προστίθησιν
3162 4964 3474 5036 ἁμαρτίαν·

1868 5042 1935 5096 άν
1960 5058 2019 5094 τε
2040 5041 2247 5110 ἀγαθὸς
2288 5038 2367 5095 ὢν
2393 5040 2629 5118 ἀπέλθῃ,
2656 5044 2715 5101 ἐν
2742 5045 2983 5115 ἀσφαλεί
3004 5049 3247 5105 κείσεται
3279 5050 3348 5105 τά
3374 5055 3477 5123 τῆς

1868 5124 2077 5197 ἀρετῆς
2104 5124 2256 5195 αὑτῷ
2285 5125 2487 5188 πάντα,
2521 5126 2616 5181 καὶ
2643 5128 2701 5181 ἐν
2729 5129 2916 5202 ἀσύλῳ
2941 5130 3227 5206 θησαυρῷ.
3257 5135 3399 5200 Τοὺς
3418 5137 3477 5190 δέ

1869 5207 2105 5274 ζῶντας,
2136 5208 2259 5263 εἰπέ
2284 5226 2401 5280 μοι,
2420 5210 2481 5263 οὐ
2510 5213 2656 5264 ποιεί
2676 5216 3157 5289 σωφρονεστέρους
3182 5220 3278 5273 καὶ
3304 5222 3479 5274 ἐπιει-
3558 5284 3561 5285 ν

1871 5292 2204 5364 κεστέρους;
2243 5292 2358 5363 Οὑχ
2386 5294 2521 5366 ὁρᾷς
2550 5294 2633 5349 ὅτι
2660 5296 2923 5362 πολλάκις
2954 5300 3015 5356 ὲν
3040 5304 3253 5376 ἐκφορᾷ
3293 5323 3476 5377 παρα-

1870 5380 2155 5451 γενόμενοι
2187 5379 2238 5432 οἰ
2263 5378 2649 5447 πλουτοῦντες,
2704 5382 2800 5436 καί
2831 5387 3207 5458 τετυφωμένοι
3245 5392 3337 5443 καὶ
3378 5395 3477 5458 τὰς

1868 5462 2043 5536 ὀφρῦς
2076 5462 2452 5527 ἀνασπῶντες,
2478 5465 2608 5518 ὅταν
2632 5466 2784 5520 ἴδωσι
2805 5467 2867 5521 τὸ
2897 5470 3060 5542 σῶμα
3094 5473 3347 5544 κείμενον
3368 5493 3479 5530 κω-

1871 5549 1972 5619 φὸν
1994 5548 2091 5603 καὶ
2116 5547 2397 5618 ἀκίνητον,
2423 5548 2518 5601 καὶ
2542 5549 2727 5605 παιδία
2757 5552 2816 5605 ἐν
2838 5553 3095 5628 ὀρφανίᾳ.
3120 5560 3217 5612 καὶ
3239 5564 3479 5629 γυναῖκα

1871 5637 1929 5688 ἐν
1968 5633 2191 5706 χηρείᾳ,
2232 5633 2329 5687 καὶ
2354 5631 2543 5703 φίλους
2577 5637 2636 5689 ἐν
2666 5639 2963 5712 κατηφείᾳ,
2998 5646 3092 5697 καί
3122 5644 3341 5707 οἰκέτας
3375 5663 3475 5715 με·

1869 5716 2349 5787 λανειμονοῦντας,
2382 5720 2479 5773 καὶ
2510 5718 2655 5773 ἅπαν
2695 5722 2798 5792 τῆς
2842 5726 3021 5789 οἰκίας
3054 5726 3381 5799 σκυθρωπὴν
3418 5728 3505 5784 1.6-

1936 5832 1965 5873 Ι)
1986 5832 2099 5883 Mss.
2124 5838 2179 5883 ct
2204 5832 2356 5884 εστ-11.
2387 5833 2507 5897 ιχοι.
2528 5833 2701 5885 Morel.
2728 5834 2845 5898 ἔχει.
