4058 6446
207 378 302 434 avt
1340 327 1704 420 EXPOSlTIO
1734 353 1799 410 IN
1841 350 2174 410 PSALMUH
2202 322 2316 410 ex.

201 493 511 557 demittunt,
534 505 691 562 quam
720 485 952 542 humiles
982 483 1137 545 flunt,
1156 494 1317 550 quam
1344 477 1578 533 contrito
1598 468 1812 528 animo?

199 583 419 638 Etenim
447 580 538 653 qui
565 580 757 636 millies
783 576 1081 633 doctrinam
1108 573 1211 629 sibi
1240 569 1487 626 traditam
1507 565 1810 630 audierant,

201 689 304 730 nec
331 689 400 730 ex
428 689 491 730 ea
523 672 814 744 quidquam
851 667 1248 730 lucrifecerant,
1280 678 1348 718 ex
1383 662 1474 717 illo
1502 657 1813 729 spectaculo

201 774 426 835 repente
453 761 914 835 philosophantur,
946 773 1105 830 quam
1133 757 1201 812 sit
1232 756 1349 810 vilis
1386 762 1442 809 et
1475 751 1678 807 caduca
1715 749 1818 804 hu-

202 871 363 911 mana
408 865 600 912 natura
651 852 1030 922 intelligentes,
1058 860 1113 904 et
1141 863 1301 918 quam
1333 845 1597 900 instabilis
1628 852 1681 897 ct
1712 844 1812 896 im-

201 946 395 1002 becilla
424 946 494 1001 sit
520 958 710 999 eorum
736 941 973 1014 potentia
999 983 1013 1007 ,
1042 947 1097 995 et
1127 941 1179 993 in
1206 938 1395 993 alienis
1419 932 1814 991 calamitatibus

201 1037 563 1108 pravidentes
589 1052 709 1092 eam
735 1049 854 1106 quae
882 1033 950 1089 ad
976 1049 1034 1089 sc
1060 1040 1266 1104 spectat
1294 1027 1736 1085 vicissitudinem.

274 1130 330 1184 2.
365 1129 510 1184 Mers
550 1129 730 1193 utilis;
755 1143 869 1198 qua
890 1126 1050 1189 mala,
1073 1141 1185 1195 qua:
1215 1127 1344 1178 bona
1371 1125 1455 1177 sit.
1474 1152 1546 1162 —
1566 1120 1620 1177 Si
1668 1121 1813 1174 enim

201 1223 450 1292 quamvis
474 1222 543 1276 sit
561 1235 710 1276 mors
730 1218 1087 1291 exspectanda
1105 1258 1117 1281 ,
1141 1226 1224 1271 est
1245 1225 1424 1270 tamen
1447 1222 1651 1269 tantum
1675 1212 1815 1281 rapi-

205 1329 290 1369 na:
309 1354 325 1381 ,
352 1323 557 1368 tantum
577 1312 814 1367 avaritia:
831 1352 846 1376 ,
871 1320 928 1367 et
954 1325 1059 1364 non
1089 1323 1244 1364 secus
1267 1298 1330 1361 ac
1357 1307 1556 1376 pisces,
1584 1305 1816 1375 quisunt

205 1406 566 1475 potentiores,
624 1403 1007 1459 imbecilliores
1059 1401 1318 1456 devorant
1359 1416 1370 1452 :
1411 1398 1458 1452 si
1506 1412 1616 1452 non
1671 1403 1816 1450 esset

205 1513 387 1564 mors,
419 1513 526 1568 quo
557 1511 662 1551 non
713 1495 1062 1566 processisset
1098 1490 1361 1548 avaritia?
1402 1489 1458 1546 Si
1501 1489 1646 1545 enim
1691 1503 1814 1543 cum

204 1590 378 1643 sciant
403 1588 518 1644 fore
547 1597 604 1643 ut
639 1589 703 1643 iis
723 1629 739 1654 ,
782 1603 902 1658 qua:
931 1585 1236 1656 rapueriut,
1270 1599 1377 1639 non
1408 1583 1685 1646 fruantur,
1718 1580 1814 1636 sed

205 1680 374 1736 velint
399 1681 571 1735 nolint
597 1681 664 1735 iis
684 1680 792 1734 sint
815 1678 1021 1735 cessuri
1044 1678 1167 1732 aliis
1189 1719 1204 1743 ,
1235 1687 1383 1730 tanto
1409 1682 1534 1730 sunt
1560 1673 1739 1729 furore
1760 1681 1817 1728 et

208 1770 357 1826 rabie
386 1771 612 1842 perciti:
647 1770 784 1824 si.ea
813 1778 928 1824 tuto
954 1769 1329 1840 possiderent,
1361 1765 1578 1836 quando
1607 1765 1812 1820 exstin-

205 1873 457 1932 gueretur
483 1877 670 1918 eorum
703 1861 945 1932 improba
973 1859 1276 1930 cupiditas?
1302 1858 1429 1928 quid
1461 1856 1628 1911 vero?
1667 1871 1813 1910 mar-

206 1952 328 2023 tyrii
350 1967 568 2008 coronae
589 1967 769 2008 nonne
792 1967 884 2022 per
905 1960 1132 2006 mortem
1160 1949 1448 2005 texuntur?
1472 1948 1608 2016 Quid
1633 1958 1813 2002 autem

208 2046 400 2100 Paulus
416 2044 442 2098 ἲ
465 2060 646 2100 annon
675 2045 955 2098 innumera
977 2047 1150 2098 erexit
1176 2052 1396 2112 tropa-.a,
1423 2041 1610 2124 djcens
1638 2059 1649 2094 :
1675 2041 1816 2106 Quo-

205 2139 327 2192 tidie
353 2139 544 2192 morior
575 2154 664 2208 per
689 2148 901 2192 vestram
931 2137 1286 2208 gloriationem
1312 2137 1390 2202 (1.
1418 2135 1538 2190 Cor.
1574 2135 1662 2190 15.
1685 2134 1816 2204 5|)?

206 2228 321 2283 Non
344 2229 488 2283 enim
511 2241 659 2283 mors
680 2229 819 2282 mala
839 2237 922 2282 est
942 2267 957 2293 ,
985 2226 1078 2282 sed
1104 2227 1240 2280 mala
1258 2234 1343 2282 est
1361 2240 1508 2280 mors
1534 2225 1767 2295 pessima
1797 2242 1812 2277 :

205 2331 258 2376 et
285 2320 408 2376 ideo
433 2321 562 2376 dicit
586 2339 598 2374 :
623 2319 862 2374 Pretiosa
889 2330 959 2374 est
985 2335 1160 2374 coram
1193 2318 1412 2373 Domino
1444 2334 1580 2372 mors
1603 2328 1816 2371 sancto-

205 2428 322 2466 rum
347 2412 458 2482 ejus
484 2410 661 2482 (Psal.
692 2411 817 2466 ll5.
849 2411 958 2478 l5).
991 2411 1130 2465 Alibi
1158 2420 1340 2465 autem
1369 2427 1383 2460 ε
1417 2408 1561 2463 Mors
1580 2419 1816 2478 peccato-

205 2521 316 2558 rum
343 2507 562 2575 pessima
592 2503 768 2574 (Psal.
796 2504 884 2559 55.
913 2502 1006 2571 22)
1035 2521 1047 2558 ;
1083 2502 1185 2558 hoc
1213 2502 1398 2558 dicens
1430 2502 1628 2556 malum
1647 2543 1660 2566 ,
1691 2517 1816 2557 cum

207 2598 344 2653 mala
373 2598 631 2653 recedere
659 2597 987 2653 conscientia
1014 2638 1026 2661 ,
1059 2606 1115 2652 et
1143 2596 1326 2651 multis
1353 2605 1697 2665 peccatorum
1719 2611 1816 2650 cu-

208 2691 280 2745 ris
309 2698 563 2744 onustum
611 2698 667 2744 et
694 2699 992 2760 gravatum.
1029 2690 1215 2760 Atqui
1264 2704 1450 2760 puram
1482 2688 1644 2742 habet
1688 2703 1820 2742 cou-

207 2781 486 2836 scientiam
507 2823 523 2848 ,
554 2782 601 2835 is
641 2782 808 2836 currit
834 2781 900 2834 ad
925 2782 1165 2850 prmmia,
1192 2782 1258 2835 ad
1286 2795 1541 2836 coronam
1571 2781 1703 2835 abit.
1753 2780 1818 2836 Et

208 2885 263 2925 ut
291 2873 433 2927 scias
462 2887 568 2927 non
602 2887 779 2927 rerum
812 2883 1086 2938 naturam,
1135 2873 1229 2927 sed
1258 2883 1492 2928 mentem
1536 2873 1818 2928 hominum

210 2965 378 3034 ipsam
403 2964 507 3019 sibi
549 2980 736 3020 creare
781 2966 1065 3019 tumultum
1092 2975 1146 3021 ct
1174 2966 1660 3036 perturbationem,
1693 2965 1821 3021 audi

209 3054 479 3124 quomodo
510 3056 706 3110 Paulus
739 3059 839 3112 hoc
870 3059 1127 3128 inquirit,
1159 3073 1301 3112 nunc
1345 3057 1560 3128 quidem
1590 3057 1815 3112 dicens:

211 3148 412 3203 Etenim
460 3150 549 3218 qui
577 3168 753 3204 sumus
781 3153 832 3205 in
881 3153 975 3206 Iwc
1005 3151 1362 3217 tabernaculo,
1402 3152 1778 3222 ingemiscimus
1801 3193 1818 3218 ,

208 3240 534 3310 adoptionem
559 3250 935 3310 exspectantes,
964 3243 1360 3310 redemptionem
1387 3245 1616 3311 corporis
1657 3244 1818 3297 nostri

209 3334 282 3400 (2.
307 3333 429 3389 Cor.
455 3333 510 3390 5.
559 3335 613 3389 4.
647 3333 799 3390 Rom.
845 3336 898 3390 8.
926 3336 1058 3406 25);
1102 3353 1243 3392 nunc
1290 3350 1470 3391 autem
1501 3339 1602 3392 hoc
1646 3341 1818 3405 ipsum

211 3424 334 3479 alibi
361 3422 672 3495 significans
699 3443 711 3479 :
747 3425 853 3480 Sed
872 3437 920 3480 et
950 3428 994 3481 si
1021 3428 1256 3481 immolor
1282 3438 1491 3499 prapter
1513 3431 1823 3499 sacriﬁcium

208 3527 252 3570 et
280 3518 618 3572 ministerium
649 3518 770 3586 ﬁdei
798 3529 976 3573 vestrm
994 3560 1009 3584 ,
1031 3520 1230 3590 gaudeo
1260 3531 1306 3573 et
1330 3523 1661 3591 congratulor
1685 3523 1823 3576 vobis

210 3608 460 3662 omnibus.
495 3606 686 3662 Itidem
713 3617 758 3663 el
786 3625 870 3664 vos
892 3612 1135 3681 gaudete,
1169 3621 1214 3666 et
1245 3612 1367 3665 mihi
1395 3613 1824 3684 congratulamini

215 3697 476 3769 (Philipp.
506 3699 562 3754 2.
595 3701 682 3754 17.
715 3699 996 3773 l8).Quod
1028 3704 1070 3758 si
1105 3719 1250 3759 mors
1278 3720 1383 3758 non
1418 3704 1577 3758 modo
1605 3720 1710 3759 non
1741 3714 1826 3760 cst

210 3789 420 3858 gravis,
451 3789 546 3845 sed
571 3791 730 3844 etiam
760 3793 992 3861 optanda
1022 3793 1087 3848 iis
1114 3795 1202 3864 qui
1232 3806 1376 3850 recte
1405 3796 1620 3861 vivunt,
1653 3797 1823 3850 nmlto

215 3883 386 3953 magis
416 3893 704 3954 paupertas
733 3893 788 3940 et
809 3886 912 3940 alia
943 3888 1145 3941 omnia.
1171 3886 1440 3958 Exquisita
1465 3890 1519 3943 in
1541 3907 1715 3944 omnes
1738 3907 1821 3944 vo-

210 3975 432 4029 luntates
459 3976 590 4041 eius.
616 3977 762 4032 Alius
780 4017 796 4043 ,
825 3978 1100 4033 Accurata.
1126 3979 1222 4035 llic
1244 3981 1373 4034 mihi
1406 3981 1620 4037 videtur
1640 3983 1822 4038 dicere

209 4065 277 4120 de
320 4067 620 4132 creaturis,
668 4069 967 4137 praedicans
1019 4071 1109 4125 Dei
1161 4073 1521 4142 sapientiam:
1575 4078 1823 4143 superius

208 4165 390 4211 autem
421 4157 556 4212 dixit
584 4173 743 4227 Opera
778 4159 1016 4230 (etiamsi
1049 4180 1175 4227 Illis,
1209 4174 1428 4234 propter
1457 4180 1549 4220 eos
1575 4167 1664 4237 qui
1699 4176 1824 4221 sunt

209 4246 394 4316 pusilli
425 4257 480 4301 et
510 4247 700 4317 abjecti
733 4251 931 4317 animi,
967 4253 1130 4307 alium
1158 4269 1372 4324 quoque
1400 4269 1618 4311 sensum
1652 4257 1704 4311 in
1739 4257 1823 4312 his

208 4338 543 4408 attigimus),
573 4339 832 4411 prodigia,
853 4343 1110 4399 miracula
1140 4360 1258 4414 quas
1281 4361 1425 4417 saepe
1453 4348 1702 4418 perfecit,
1729 4350 1826 4406 ho-

209 4433 416 4487 minum
443 4449 614 4503 genus
637 4435 1040 4494 adminiSIrans.
1072 4439 1209 4507 Quid
1230 4451 1311 4496 est
1332 4451 1534 4509 autem,
1555 4443 1824 4516 Exquisita

209 4524 260 4575 in
289 4539 464 4578 omnes
499 4525 777 4583 voluntates
814 4530 967 4594 eius?
986 4532 1260 4600 Accurata,
1283 4535 1473 4604 inquit,
1502 4537 1646 4592 sicut
1660 4541 1822 4594 etiam

208 4615 345 4669 alius
361 4613 495 4670 dicit
510 4617 793 4688 interpres,
810 4633 1130 4690 praeparata,
1155 4626 1407 4694 perlecta,
1428 4628 1691 4698 absoluta,
1714 4614 1825 4686 suf-

210 4706 444 4761 ficientia
469 4707 536 4761 ad
563 4709 680 4778 ejus
705 4709 1002 4768 faciendam
1030 4717 1380 4782 voluntatem,
1399 4735 1520 4790 quae
1541 4723 1670 4776 satis
1700 4733 1826 4778 sunt

209 4797 274 4852 ad
317 4797 438 4868 ejus
474 4801 776 4858 testandum
813 4807 1105 4873 potentiam
1128 4848 1144 4874 ,
1191 4825 1310 4879 qua:
1357 4828 1457 4866 nec
1495 4812 1820 4882 claudicant,

211 4905 311 4945 nec
339 4907 532 4946 manca
563 4904 688 4948 sunt
715 4895 781 4949 ad
811 4896 960 4967 jussa
987 4898 1106 4970 ejus
1132 4905 1463 4974 peragenda,
1495 4908 1633 4962 sicut
1659 4911 1821 4964 etiam

212 4974 341 5029 dicit
361 4975 492 5030 alibi
517 4995 531 5030 :
564 4975 707 5048 Ignis
729 5021 745 5046 ,
777 4983 974 5051 grando
997 5025 1011 5047 ,
1046 4987 1138 5039 nia:
1161 5029 1176 5050 ,
1208 4990 1395 5057 glacies
1417 5033 1429 5052 ,
1465 4993 1675 5060 spiritus
1706 5013 1826 5067 pro-

212 5069 458 5122 cellarum
483 5086 599 5140 qua
625 5073 818 5141 faciunt
849 5077 1050 5131 verbum
1083 5080 1193 5149 ejus
1225 5079 1399 5150 (Psal.
1434 5085 1556 5140 148.
1592 5086 1646 5157 8)
1675 5108 1689 5150 ς
1721 5089 1824 5143 hoc

214 5168 324 5225 est,
358 5158 612 5232 mandata
647 5162 784 5231 ejus.
814 5163 886 5218 Ita
915 5169 1078 5222 etiam
1105 5170 1320 5227 dicebat
1347 5176 1606 5244 prepheta
1634 5197 1646 5233 :
1679 5178 1824 5235 Fecit

215 5249 386 5305 lunam
409 5253 461 5305 in
485 5261 713 5324 tempore
736 5271 755 5309 :
784 5258 863 5311 sol
894 5264 1126 5331 cognovit
1165 5280 1401 5320 occasum
1427 5285 1619 5325 suum:
1650 5277 1824 5343 posui-

213 5345 272 5396 sti
295 5344 559 5412 tenebras,
589 5357 635 5400 et
665 5349 803 5416 facta
842 5361 914 5404 est
939 5369 1042 5407 nea:
1068 5353 1238 5423 (Psal.
1270 5357 1396 5415 105.
1441 5363 1524 5418 l9.
1560 5362 1674 5432 20).
1707 5365 1822 5422 Non

213 5436 385 5490 solum
409 5451 472 5491 ea
500 5451 760 5509 peragunt
780 5441 845 5495 ad
870 5459 988 5512 quae
1009 5448 1298 5503 constituta
1321 5463 1446 5507 sunt
1471 5472 1485 5518 ;
1510 5456 1603 5510 sed
1627 5458 1823 5514 etiam-

214 5523 255 5577 si
280 5525 507 5593 jusserit
534 5531 800 5584 contraria
823 5574 838 5598 ,
867 5532 956 5588 hic
982 5550 1196 5606 quoque
1224 5554 1413 5609 magna
1446 5553 1530 5600 est
1557 5547 1822 5606 obedien-

215 5614 303 5671 tia.
341 5616 514 5715 iussit
557 5624 720 5715 mari;
749 5634 806 5680 ct
833 5642 936 5682 non
971 5630 1144 5685 solum
1169 5647 1275 5687 non
1317 5635 1638 5708 submersit,
1673 5645 1826 5715 quod

213 5717 292 5762 est
320 5709 439 5778 ejus
469 5713 742 5782 preprium
781 5715 1054 5787 officium,
1085 5722 1184 5777 sed
1224 5726 1407 5783 stratis
1432 5731 1543 5784 suis
1571 5709 1819 5790 ﬂuctibus

217 5803 293 5859 vel
319 5814 468 5876 petra
489 5807 694 5863 titinius
714 5823 775 5866 ac
800 5812 1062 5886 stabilius,
1091 5817 1297 5888 trajecit
1317 5824 1574 5895 populum
1597 5825 1816 5886 iud-aro-

3439 351 3545 407 283

1925 485 2045 525 rum
2094 467 2297 540 (Exod.
2328 468 2416 524 ﬂ.
2441 467 2557 535 22).
2592 467 2805 521 Fornax
2850 482 2955 521 non
2981 465 3156 520 solum
3187 480 3293 518 non
3324 467 3545 533 urebat,

1923 561 2020 618 sed
2055 576 2232 616 rorem
2278 559 2440 615 etiam
2468 557 2741 630 pmbehat
2780 557 3085 613 sibilantem
3129 555 3293 627 (Dan.
3325 557 3380 613 5.
3430 557 3544 625 21).

1925 653 2080 711 Ferre
2111 670 2216 710 non
2246 654 2423 709 solum
2455 669 2562 708 non
2590 651 2957 717 devorabam,
2989 651 3085 706 sed
3130 652 3291 706 etiam
3336 649 3547 705 Daniell

1923 756 2081 804 crant
2132 746 2252 802 loco
2291 746 2586 802 satellitum
2630 741 2744 814 (Id.
2783 745 2836 800 5.
2886 741 3003 813 22).
3029 742 3195 798 Cetus
3227 758 3331 798 non
3367 743 3542 796 solum

1923 854 2031 894 non
2065 836 2391 905 devorabat,
2423 837 2521 892 sed
2550 837 2715 892 etiam
2743 836 2950 892 salvum
2982 836 3341 890 conservabat
3371 834 3544 904 depo-

1922 932 2083 997 situm
2111 929 2258 1001 (Jan.
2289 928 2371 1002 2).
2403 929 2570 984 Terra
2605 942 2712 983 non
2741 929 2914 984 solum
2948 942 3055 982 non
3081 927 3230 990 tulit,
3259 926 3355 982 sed
3379 926 3543 981 etiam

1923 1022 2059 1077 mari
2091 1021 2465 1078 vehementius
2490 1021 2818 1086 submersit,
2865 1020 3083 1092 quando
3125 1032 3311 1089 aperta
3341 1029 3454 1086 est,
3490 1028 3547 1074 et

1921 1115 2201 1170 devoravit
2241 1113 2448 1169 Datban
2473 1156 2489 1181 ,
2539 1123 2594 1169 et
2633 1113 2814 1169 obruit
2861 1129 3025 1185 super
3067 1113 3542 1183 cengregationem

1923 1207 2126 1262 Abiron
2159 1205 2363 1278 (Nunt.
2401 1207 2488 1261 l6.
2518 1205 2623 1276 52)
2653 1223 2665 1258 :
2696 1216 2750 1262 et
2781 1205 2946 1260 multa
2978 1204 3242 1276 ejusmodi
3273 1204 3378 1258 alia
3411 1219 3543 1273 pro:

1922 1300 2065 1371 digia
2109 1299 2165 1355 in
2205 1299 2369 1355 rebus
2406 1301 2605 1355 creatis
2637 1300 2804 1355 videri
2849 1306 3103 1369 possunt;
3145 1308 3204 1354 ut
3233 1298 3421 1354 .sciant
3453 1299 3544 1368 qui

1922 1394 2081 1449 valde
2108 1393 2400 1464 desipiunt,
2419 1403 2473 1449 et
2499 1403 2745 1448 naturam
2767 1396 2820 1450 in
2853 1393 2990 1448 Deos
3020 1391 3283 1456 referunt,
3315 1408 3406 1449 res
3435 1409 3542 1446 non

1921 1487 2006 1557 agi
2037 1501 2130 1557 per
2159 1496 2366 1543 natura:
2393 1488 2769 1559 tyrannidem,
2814 1485 2908 1540 sed
2951 1486 3044 1541 Dei
3070 1484 3332 1541 voluntati
3360 1490 3543 1540 omnia

1922 1578 2117 1635 cedere
2143 1588 2197 1635 ct
2219 1579 2616 1650 obtemperare.
2645 1580 2719 1634 Ea
2736 1580 2880 1635 enim
2907 1588 2992 1635 est
3011 1586 3218 1635 natura:
3239 1578 3419 1650 opifex
3439 1621 3452 1642 ,
3492 1586 3546 1632 et

1924 1681 2084 1741 prout
2111 1672 2210 1741 ipsi
2243 1671 2486 1740 videtur,
2516 1672 2696 1726 omnia
2728 1686 3084 1743 quavcumque
3109 1681 3238 1727 sunt
3261 1672 3541 1737 immutat,

1924 1779 2067 1819 nunc
2093 1763 2312 1834 quidem
2330 1763 2633 1819 immobiles
2655 1779 2844 1818 eorum
2873 1765 3008 1819 lines
3026 1777 3378 1829 conservans,
3401 1777 3545 1817 nunc

1921 1866 2122 1922 autem,
2165 1870 2287 1910 cum
2321 1855 2573 1920 voluerit,
2593 1870 2690 1920 eos
2713 1854 2868 1911 facile
2886 1856 3220 1922 convellens,
3245 1865 3303 1910 ct
3327 1863 3543 1909 mutans

1923 1946 1976 2002 iu
2006 1946 2356 2002 contrarium.
2391 1945 2660 2017 Exquisita
2681 1945 2734 2001 in
2760 1964 2933 2002 omnes
2976 1948 3257 2002 voluntates
3298 1950 3429 2017 ejus.
3463 1947 3541 2000 Ad

1924 2049 2190 2110 praecepta
2208 2039 2345 2108 ejus,
2370 2038 2562 2108 inquit.
2589 2038 2658 2093 ad
2676 2038 2928 2094 mandata
2945 2039 3061 2110 cjus
3082 2057 3094 2093 :
3117 2055 3223 2095 non
3243 2041 3416 2094 solum
3442 2055 3509 2092 au
3523 2067 3542 2076 -

1925 2141 2031 2187 tem
2048 2133 2115 2188 ad
2139 2142 2407 2204 prtecepta
2430 2134 2569 2203 ejus,
2585 2134 2679 2190 sed
2701 2144 2757 2191 ut
2781 2135 2895 2205 ipse
2920 2135 3080 2190 etiam
3101 2143 3458 2205 cognoscatur
3475 2136 3544 2189 ab

1923 2225 2234 2282 hominibus
2253 2267 2271 2292 ,
2299 2242 2419 2297 quae
2446 2225 2662 2297 quidem
2683 2235 2770 2283 est
2795 2226 3105 2298 principalis
3129 2226 3248 2294 ejus
3269 2226 3540 2291 voluntas,

1923 2327 1976 2373 et
1998 2327 2219 2388 prepter
2243 2333 2404 2388 quam
2436 2317 2553 2374 haec
2579 2319 2813 2375 maxime
2842 2318 2985 2374 fecit.
3015 2319 3171 2387 Quod
3203 2320 3384 2389 itaque
3413 2318 3544 2374 dicit

1923 2410 2184 2481 propheta
2208 2452 2221 2478 ,
2253 2420 2340 2467 est
2381 2411 2645 2482 ejusmodi
2674 2429 2687 2464 :
2726 2411 2865 2466 adeo
2904 2409 3143 2482 perfecta
3187 2422 3316 2466 sunt
3339 2451 3355 2478 ,
3390 2421 3448 2465 ut
3479 2410 3544 2465 iis

1923 2501 2014 2572 qui
2041 2502 2328 2557 attendunt
2365 2510 2419 2558 et
2449 2503 2700 2573 sapiunt,
2746 2502 3196 2574 perfectissimam
3217 2545 3231 2569 ,
3263 2502 3543 2572 apertissi-

1923 2611 2102 2664 mam,
2136 2605 2191 2652 et
2217 2597 2676 2653 evidentissimum
2725 2597 2816 2652 Dei
2857 2596 3218 2666 cognitionem
3265 2596 3542 2652 hominum

1925 2689 2089 2743 menti
2133 2688 2380 2744 all'erant.
2413 2688 2498 2744 Ad
2528 2691 2667 2743 hanc
2691 2690 2837 2744 enim
2867 2689 2987 2760 ejus
3018 2687 3350 2744 voluntatem
3379 2704 3442 2743 ea
3475 2689 3545 2742 ab

1926 2780 2080 2836 initio
2102 2781 2169 2837 ab
2191 2783 2308 2852 ipso
2329 2783 2566 2839 maxime
2586 2783 2875 2838 constituta
2901 2792 3046 2848 sunt,
3072 2791 3131 2837 ut
3146 2782 3540 2853 magnitudine,

1926 2873 2356 2944 pulchritudine,
2390 2875 2665 2946 positura,
2710 2878 3064 2948 operatione,
3113 2876 3442 2945 ministerio,
3491 2886 3544 2929 et

1925 2965 2046 3020 aliis
2068 2967 2317 3022 omnibus
2343 2967 2580 3021 animum
2607 2969 2926 3038 spectatoris
2953 2976 3320 3023 commoveret
3345 3010 3359 3034 ,
3395 2982 3548 3023 men-

1927 3067 2145 3130 temque
2186 3071 2242 3115 et
2295 3061 2702 3132 intelligentiam
2761 3061 3032 3117 excitaret
3081 3060 3147 3114 ad
3197 3061 3445 3129 opilicem
3494 3072 3550 3116 ct

1929 3153 2430 3222 praestantissimum
2483 3154 2746 3210 artiﬁcem
2799 3155 2967 3210 Deum
3025 3153 3441 3225 inquirendum,
3494 3163 3547 3206 et

1925 3245 2260 3301 adorandum
2281 3263 2405 3302 eum
2433 3248 2525 3318 qui
2550 3247 2638 3302 illa
2665 3246 2887 3314 fecerit,
2914 3256 2969 3301 ct
2998 3258 3056 3302 ut
3085 3249 3396 3304 universum
3425 3263 3548 3302 cor-

1927 3351 2028 3406 pus
2057 3338 2218 3392 totius
2250 3348 2514 3393 creaturre
2537 3349 2683 3393 esset
2711 3339 2760 3394 ei
2792 3354 2887 3406 pro
2913 3339 3064 3393 libris
3085 3348 3140 3393 et
3171 3339 3363 3394 literis.

1999 3432 2052 3486 5.
2089 3431 2462 3502 Contemplatio
2479 3442 2831 3485 creaturarum
2855 3433 3015 3486 utilis.
3035 3462 3109 3473 —-
3125 3432 3238 3486 Non
3262 3433 3434 3486 solum
3455 3448 3549 3486 att-

1933 3533 2039 3578 tem
2065 3522 2131 3577 ad
2154 3523 2246 3577 Dei
2270 3523 2657 3592 cognitionem,
2683 3524 2776 3577 sed
2805 3525 2966 3579 etiam
2991 3523 3055 3578 ad
3083 3525 3208 3577 vitae
3234 3533 3434 3579 nostra:
3463 3524 3547 3577 in-

1928 3617 2262 3671 stitutionem
2284 3657 2298 3681 ,
2338 3614 2628 3670 maximam
2657 3615 2889 3671 afferunt
2923 3617 3226 3671 doctrinam
3257 3626 3543 3672 creatur-az.

1929 3706 2062 3762 Nam
2093 3717 2159 3763 et
2175 3723 2370 3763 avarus
2402 3719 2688 3779 postquam
2736 3710 2931 3764 viderit
2973 3709 3118 3764 diem
3162 3710 3304 3765 nocti
3347 3711 3549 3765 ceden-

1931 3806 2062 3867 tem,
2094 3808 2150 3854 et
2173 3800 2343 3854 solem
2389 3799 2553 3866 lunae,
2597 3801 2934 3856 revcrebitur
2966 3803 3357 3856 elementorum
3399 3802 3550 3856 ordi-

1930 3905 2054 3945 nem
2081 3908 2095 3945 ε
2123 3900 2182 3946 et
2206 3891 2250 3946 si
2279 3892 2351 3946 sit
2378 3893 2670 3962 potentior,
2701 3908 2788 3947 res
2818 3893 3131 3948 inferiorum
3161 3895 3383 3949 minimc
3413 3910 3548 3950 con-

1929 3982 2208 4054 cupiscet;
2242 3992 2300 4039 et
2328 3984 2541 4039 adulter
2566 3993 2623 4039 et
2650 3985 3012 4049 incontinens,
3040 3997 3326 4057 postquam
3358 3987 3550 4041 viderit

1930 4090 2083 4131 mare
2113 4074 2316 4140 furere,
2343 4075 2542 4131 deinde
2569 4075 2832 4131 refrenari
2862 4087 2916 4132 et
2958 4078 3226 4132 contineri
3271 4092 3302 4132 a
3355 4077 3547 4132 littori-

1929 4167 2032 4223 bus
2060 4184 2074 4222 :
2108 4169 2454 4223 insolentium
2483 4184 2746 4238 aquarum
2780 4172 3046 4225 reveritus
3094 4171 3544 4238 moderationem,

1932 4261 2132 4330 poterit
2173 4260 2424 4316 celeriter
2474 4262 2835 4331 comprimere
2882 4263 3334 4317 intumescentem
3394 4277 3546 4317 suam

1929 4352 2303 4422 cupiditatem,
2337 4363 2387 4408 et
2420 4353 2623 4408 Christi
2657 4363 2804 4410 metu
2833 4365 3106 4426 tamquam
3137 4354 3295 4412 freno
3325 4356 3543 4427 injecto,

1930 4459 2000 4500 ne
2028 4443 2256 4499 ulterius
2298 4445 2696 4514 progrediatur,
2741 4447 3001 4516 impetum
3041 4461 3318 4513 coercere,
3351 4457 3407 4502 et
3449 4449 3548 4502 im-

1933 4537 2111 4607 pudici
2145 4537 2303 4606 hujus
2330 4537 2585 4592 desiderii
2619 4552 2866 4608 Spumam
2895 4553 3112 4593 omnem
3139 4539 3469 4610 abstergere,
3496 4550 3550 4594 et

1930 4629 1997 4684 ad
2028 4631 2439 4699 temperantiam
2481 4631 2762 4685 reducere.
2790 4631 2908 4686 Jam
2935 4647 3065 4686 vero
3094 4632 3160 4686 ad
3186 4643 3386 4687 terram
3410 4650 3547 4704 quo-

1931 4737 2035 4790 que
2061 4722 2378 4791 reSpicieus,
2415 4722 2612 4791 poterit
2630 4723 2798 4777 facile
2839 4722 3210 4793 philosophari
3252 4724 3320 4779 de
3362 4740 3548 4779 resur-

1931 4815 2193 4880 rectione,
2232 4823 2286 4869 et
2319 4815 2462 4885 quod
2509 4813 2577 4869 de
2622 4829 2686 4869 ea
2733 4815 2927 4870 dicitur
2972 4819 3269 4886 suscipere.
3322 4816 3550 4886 Quando

1931 4908 2074 4962 enim
2109 4907 2298 4961 viderit
2331 4917 2529 4962 terram
2561 4908 2814 4978 excipere
2852 4908 3085 4963 solidum
3127 4911 3379 4965 frumenti
3422 4927 3547 4982 gra-

1933 5013 2095 5065 nmn,
2144 4997 2341 5053 deinde
2397 4999 2545 5067 prius
2593 4998 2927 5066 dissolvere,
2980 5011 3034 5055 ct
3077 5000 3446 5070 putrefacere,
3498 5015 3548 5058 et

1932 5090 2102 5144 multo
2128 5091 2351 5144 meliora
2381 5105 2572 5159 parere
2609 5106 2622 5143 :
2653 5092 2870 5161 quando
2898 5092 3094 5147 viderit
3123 5095 3336 5148 vineam
3369 5093 3550 5149 hieme

1933 5179 2099 5248 foliis,
2143 5191 2200 5236 et
2242 5182 2533 5251 pampinis,
2583 5193 2638 5237 et
2685 5185 2854 5239 botris
2908 5167 3193 5252 nudatam,
3242 5188 3549 5260 lignumque

1933 5272 2109 5343 ipsum
2139 5274 2371 5338 aridum,
2416 5274 2555 5330 sicut
2599 5290 2720 5330 ossa
2769 5277 2940 5343 arida,
2985 5278 3182 5333 deinde
3225 5281 3550 5336 adventante

1931 5379 2060 5420 vere
2089 5380 2307 5420 omnem
2348 5381 2500 5421 suam
2531 5368 2776 5438 recipere
2805 5371 3043 5440 speciem
3075 5387 3089 5425 :
3137 5373 3188 5426 in
3231 5374 3549 5442 corporibus

1935 5459 2237 5528 plantarum
2266 5470 2321 5514 et
2351 5464 2648 5527 seminum,
2680 5478 2800 5533 qua:
2828 5476 3121 5535 resurgunt
3147 5452 3432 5536 postquam
3465 5468 3546 5523 in-

1936 5557 2199 5617 terierint,
2223 5551 2423 5620 poterit
2461 5552 2530 5607 de
2557 5568 2653 5607 sua
2683 5571 2896 5626 quoque
2940 5572 3104 5612 carne
3152 5558 3546 5629 pbiIOSOphari.

1931 5640 2148 5701 Rursus
2176 5653 2359 5703 autem
2390 5645 2722 5718 diligentiam
2767 5662 2820 5704 et
2861 5651 3063 5707 laboris
3108 5653 3344 5708 studium
3381 5654 3548 5709 (ᾔθεοι

1932 5751 1960 5788 a
1991 5735 2234 5806 formica,
2279 5739 2347 5795 ab
2381 5754 2484 5812 ape
2519 5752 2699 5796 autem
2751 5742 2962 5797 honesti
3012 5759 3280 5818 aurorem,
3325 5746 3522 5802 societa

1936 5841 2176 5905 temque,
2209 5834 2438 5891 et'inter
2485 5850 2544 5892 se
2589 5837 3047 5904 communionem,
3087 5809 3222 5895 :icut
3260 5839 3390 5896 dicit
3423 5841 3524 5896 Pro
