4058 6454
512 361 619 417 ἱὸδ

507 478 750 533 verbium
786 497 799 533 :
842 476 979 532 Vade
1009 479 1082 532 ad
1110 479 1395 550 formicam,
1429 496 1457 532 ο
1489 479 1652 548 piger,
1686 485 1732 530 et
1759 476 1960 529 imitare
1998 477 2104 530 vias

508 572 636 638 eius,
664 582 712 626 et
737 574 812 626 sis
837 572 929 627 illa
959 572 1256 642 sapientior.
1303 571 1431 627 Cum
1479 573 1616 625 enim-
1640 571 1718 624 illi
1747 586 1849 624 non
1893 569 1957 622 sit
1985 585 2109 638 ager

510 680 650 733 quem
677 666 832 731 colat,
865 681 955 718 nec
1003 664 1141 719 ullus
1171 681 1284 719 eant
1325 675 1493 735 cogat,
1536 679 1625 718 nec
1667 663 1732 717 sit
1771 663 1823 716 in
1863 671 2107 732 potestate

504 756 718 821 domini,
767 766 914 826 parat
943 767 1117 812 testate
1153 758 1474 820 alimentum,
1505 767 1554 810 et
1582 756 1634 810 in
1671 766 1896 825 tempore
1931 756 2106 810 messis

502 861 744 917 magnum
785 848 908 918 facit
937 864 1190 901 acervum.
1257 847 1346 902 Vel
1390 841 1517 901 unde
1555 847 1623 900 ad
1668 863 1836 917 apem,
1876 857 1926 900 et
1969 847 2105 901 disce

505 939 640 1003 quod
669 941 734 993 sit
779 941 1036 1011 operaria,
1088 944 1234 1011 cujus
1284 940 1483 994 labores
1527 957 1669 1012 reges
1713 949 1760 993 et
1808 939 1988 1009 privati
2035 941 2105 993 atl

499 1031 770 1085 sanitatem
801 1031 1043 1098 o/ferunt.
1077 1032 1230 1102 Atqui
1273 1031 1392 1086 licet
1411 1033 1484 1086 sit
1513 1031 1769 1086 imbecilla
1797 1031 2010 1098 viribus,
2047 1041 2104 1085 ut

500 1136 616 1184 qua:
641 1125 947 1193 sapientiam
980 1124 1262 1189 honorarit,
1293 1134 1530 1194 prouecta
1552 1133 1624 1177 est
1651 1121 1834 1193 (Prov.
1865 1122 1917 1177 6.
1952 1122 2098 1192 6-8).

503 1211 620 1282 Ipsa
652 1214 792 1268 enim
831 1215 947 1283 apis
987 1230 1172 1271 rursus
1216 1224 1390 1270 tecum
1431 1223 1572 1286 aget,
1625 1230 1693 1269 ne
1737 1213 2099 1284 nequidquam

503 1304 956 1372 pulchritudinem
1004 1322 1291 1377 corporum
1347 1307 1664 1374 admireris,
1722 1306 1938 1376 quando
1993 1323 2099 1361 non

503 1396 654 1453 adest
684 1399 852 1452 virtus
893 1399 1087 1453 animm
1133 1416 1147 1453 :
1192 1415 1294 1456 nec
1333 1399 1730 1456 deformitatem
1780 1400 2093 1468 Vilipettdas,

499 1488 716 1557 quando
746 1489 906 1545 fuerit
935 1491 1155 1560 pulchre
1202 1501 1424 1547 ornatus
1464 1492 1695 1546 animus.
1732 1491 1884 1562 Quod
1925 1493 2097 1563 ipsum

499 1596 716 1651 quoque
761 1582 1072 1653 signiﬁcans
1113 1583 1328 1638 dicebat
1365 1582 1742 1639 Parmmiastes
1785 1602 1798 1638 :
1835 1583 2008 1638 Parca
2045 1585 2099 1639 in

497 1674 944 1746 uolucﬁbus'apis,
977 1685 1022 1735 et
1049 1677 1358 1748 principium
1384 1677 1711 1731 dulcedinum
1749 1682 1943 1749 fructus
1987 1679 2098 1747 ejus

499 1766 692 1834 (Et-eli.
717 1768 805 1822 11.
835 1769 913 1837 5).
943 1769 1136 1839 Cogita.
1161 1769 1289 1823 mihi
1317 1771 1583 1837 volucres,
1605 1780 1660 1825 et
1683 1785 1900 1825 omnem
1928 1770 2099 1840 pbilo-

497 1857 742 1928 sopbiam
768 1874 837 1914 ex
877 1860 958 1915 eis
996 1861 1276 1929 suscipias.
1303 1860 1563 1929 Quocirca
1607 1859 1852 1916 Christus
1885 1875 2099 1932 quoque

497 1949 711 2015 diccbat
744 1969 756 2004 :
799 1950 1052 2022 Respicite
1082 1955 1307 2006 t-slucres
1333 1953 1467 2020 caeli,
1498 1968 1613 2024 quis
1653 1969 1746 2007 nec
1783 1965 1975 2022 serunt,
2007 1972 2096 2009 nec

497 2053 710 2108 metunt,
745 2053 789 2097 et
816 2042 975 2097 Pater
1003 2053 1162 2098 vester
1180 2044 1399 2098 celestis
1426 2060 1512 2097 eas
1533 2045 1626 2098 alit
1659 2043 1872 2116 (Matth.
1897 2047 1951 2100 6.
1979 2046 2093 2116 26).

497 2132 554 2186 Si
580 2135 722 2186 cnim
745 2149 865 2203 qua:
891 2143 1016 2189 sunt
1046 2135 1269 2188 rationis
1309 2137 1548 2205 expertia
1589 2149 1696 2190 non
1733 2145 1862 2193 sunt
1897 2137 1966 2192 de
1997 2138 2094 2191 ali-

498 2226 694 2280 mentis
726 2226 1274 2298 sollicita,.quomodo
1304 2237 1356 2283 te
1374 2228 1657 2294 defendes,
1675 2231 1774 2299 qui
1797 2244 1863 2284 ne
1890 2238 2092 2286 tantum

498 2316 718 2385 quidem
771 2318 1015 2372 ostendis
1066 2333 1261 2374 rerum
1297 2321 1642 2388 prmsentium
1671 2329 2088 2391 contemptum.

492 2415 751 2474 quantum
771 2409 934 2463 aves?
954 2407 1104 2474 Quod
1122 2409 1174 2463 si
1193 2410 1326 2464 velis
1340 2411 1500 2465 etiam
1525 2420 1773 2464 ornatum
1792 2412 2091 2481 despicere,

491 2498 766 2554 docebunt
799 2509 852 2555 te
881 2499 1059 2555 liores
1093 2501 1235 2572 agri,
1276 2517 1348 2556 ne
1391 2502 1445 2557 in
1497 2511 1550 2556 te
1586 2502 1828 2558 ornando
1871 2505 2091 2563 nimium

491 2586 654 2644 studii
683 2599 737 2646 et
764 2604 948 2660 opera:
972 2607 1161 2662 ponas.
1191 2591 1345 2659 Quod
1380 2593 1556 2664 ipsum
1597 2609 1812 2666 quoque
1847 2597 2092 2656 Christus

488 2681 798 2752 signiﬁcans
823 2682 1040 2739 dicebat
1079 2701 1094 2738 :
1127 2683 1386 2755 Respicite
1432 2686 1546 2740 lilia
1586 2687 1718 2757 agri,
1762 2704 1919 2758 neque
1947 2699 2085 2756 nent,

489 2787 652 2841 neque
677 2771 934 2827 laboravit.
967 2772 1127 2827 Arnen
1151 2775 1266 2828 dico
1293 2774 1454 2842 vobis,
1482 2792 1574 2830 nec
1609 2777 1860 2834 Salomon
1886 2780 2088 2849 quidem

486 2862 793 2919 induebatur
815 2874 874 2920 ut
894 2882 1054 2919 unum
1083 2881 1147 2921 cz
1168 2867 1247 2921 liis
1275 2866 1488 2938 (Matth.
1517 2868 1571 2924 6.
1597 2869 1659 2925 .8.
1695 2870 1810 2941 29).
1832 2870 1968 2927 Cum
1990 2875 2092 2928 ita-

486 2970 594 3024 que
635 2957 868 3013 vestium
911 2968 1162 3014 ornatum
1205 2975 1398 3016 curare
1441 2962 1700 3030 volueris,
1730 2965 1904 3035 cogita
1943 2968 2087 3036 quod

484 3053 976 3119 quantumcumque
1003 3050 1365 3116 contenderis,
1411 3053 1514 3107 erit
1553 3069 1717 3124 penes
1764 3055 1967 3113 imam
2007 3059 2087 3113 vi-

484 3136 680 3203 ctoria,
709 3151 809 3193 nec
833 3139 1034 3208 poteris
1058 3154 1180 3195 cum
1213 3141 1304 3195 illo
1333 3151 1649 3199 concertare
1675 3160 1689 3199 :
1716 3153 1771 3200 et
1801 3145 1946 3203 bane
1968 3163 2086 3203 ara-

485 3227 632 3285 tione
657 3227 886 3285 alienam
916 3230 1176 3285 insaniam
1208 3233 1525 3302 comprime.
1555 3234 1723 3289 Multa
1745 3251 1959 3307 queque
1977 3241 2080 3295 alia

483 3317 836 3389 philosophia;
861 3320 1179 3377 documenta
1211 3333 1264 3376 rt
1286 3340 1353 3378 ex
1379 3325 1566 3389 brutis,
1599 3333 1653 3379 et
1674 3341 1739 3381 ex
1764 3325 2005 3397 ﬁoribus,
2027 3341 2084 3387 ot

483 3423 550 3464 ex
575 3410 868 3466 seminibus
894 3412 1010 3482 capi
1037 3422 1282 3481 po~suut.

559 3496 744 3553 Otuuia
787 3517 942 3569 opera
980 3499 1080 3556 Dei
1117 3505 1400 3571 gratiarum
1432 3504 1686 3560 actionem
1731 3510 1953 3563 excitare
1978 3511 2083 3565 dc—

481 3591 706 3646 bent.-
731 3592 785 3647 5.
818 3585 1077 3664 Confessio
1102 3605 1147 3647 ct
1185 3596 1562 3666 magniﬁcentia
1609 3615 1737 3669 opus
1780 3602 1910 3670 ejus.
1969 3603 2082 3660 Hoc

481 3689 588 3747 est,
617 3685 1032 3754 unumquodque
1057 3700 1192 3756 opus
1220 3686 1338 3755 ejus
1371 3704 1384 3742 :
1429 3703 1604 3759 neque
1631 3693 1774 3746 enim
1810 3692 1923 3748 lucc
1951 3694 2082 3751 dicit

479 3770 552 3826 dc
575 3787 686 3828 uno
711 3788 895 3843 opere.
927 3776 1083 3831 Alius
1108 3787 1287 3832 autem
1334 3779 1600 3849 interpres
1623 3782 1758 3838 dixit
1788 3801 1808 3838 :-
1849 3782 1991 3841 Laus
2031 3799 2080 3846 et

480 3865 707 3937 dignitas
744 3869 970 3937 Operatio
1013 3871 1158 3938 ejus;
1205 3869 1292 3926 hic
1333 3887 1490 3944 vero,
1521 3872 1805 3948 Confessio,
1841 3877 1945 3933 hoc
1971 3891 2076 3947 est,

479 3957 770 4025 gratiarum
799 3960 941 4015 actio
956 3968 1019 4032 et
1043 3961 1234 4031 gloria.
1268 3949 1699 4036 Unumquodque
1719 3969 1863 4024 enim
1888 3986 2078 4028 eorum

478 4063 601 4118 qua:
628 4051 876 4107 videntur
903 4053 1122 4121 sufficit,
1161 4065 1219 4110 ut
1257 4057 1555 4115 deducatur
1579 4073 1854 4131 spectator
1875 4066 1943 4120 ad
1982 4067 2081 4140 hy«

477 4156 726 4198 timorum
749 4154 986 4212 multum,
1013 4144 1080 4202 ad
1110 4147 1343 4217 tandem,
1369 4151 1434 4206 ad
1459 4152 1930 4221 gloriﬁcationem.
1961 4159 2075 4215 Non

477 4231 598 4290 licet
631 4235 833 4304 dicere,
871 4238 1046 4304 Quare
1085 4239 1189 4295 hoc
1204 4239 1323 4313 i-ad
1361 4244 1489 4314 quid
1535 4243 1676 4302 hoc?
1718 4249 1814 4305 sed
1843 4253 2078 4310 tenebrae

477 4333 530 4377 et
562 4322 698 4390 dics,
742 4324 930 4382 tumes.
950 4335 1006 4383 et
1029 4329 1375 4400 abundantia,
1412 4334 1644 4391 solitudo
1671 4346 1727 4393 et
1756 4347 1898 4395 terna
1927 4341 2081 4398 iuba—

476 4412 732 4482 bitabilis,
765 4419 1154 4490 terrapinguis
1182 4421 1314 4477 laeta.
1347 4436 1550 4495 segete,
1589 4430 1696 4485 vita
1731 4440 1786 4486 ct
1815 4449 1981 4503 mors,
2024 4445 2079 4493 et

476 4520 832 4577 quaecumque
871 4509 1142 4579 ridentur,
1170 4514 1238 4568 iis
1271 4517 1361 4586 qui
1393 4533 1453 4570 ea
1499 4519 1786 4591 diligenter
1809 4523 2074 4593 ediscunt,

476 4595 755 4654 sollicitant
774 4599 840 4655 ad
864 4603 1206 4660 excitandum
1240 4621 1336 4662 eos
1369 4608 1436 4662 ad
1463 4612 1755 4680 gratiarum
1785 4614 2070 4674 actionem.

481 4687 599 4744 Hoc
627 4707 723 4758 per
750 4693 1040 4761 quemdam
1067 4698 1386 4767 prophetam
1417 4703 1561 4758 Deus
1592 4707 1901 4776 signiﬁcans
1941 4711 2078 4768 diee-

478 4777 591 4844 hat,
615 4784 890 4852 {supplicis
921 4802 1128 4856 ponens
1158 4805 1254 4857 pro
1280 4792 1542 4850 beneﬁcio
1583 4816 1596 4851 :
1631 4797 1804 4853 Everti
1840 4818 1923 4856 eos
1951 4804 2078 4858 sicut

473 4872 645 4925 euertit
658 4871 793 4928 Deus
805 4875 1085 4933 Sodoma»:
1098 4890 1143 4933 et
1158 4880 1515 4947 Goatorrltam,
1533 4892 1756 4956 percussi
1773 4908 1857 4946 eos
1873 4893 2078 4962 inﬂam—

475 4967 697 5020 matione
722 4971 973 5024 et-tuos'bo
989 4973 1132 5043 regio
1152 4974 1349 5043 (Amos.
1377 4978 1428 5030 4.
1454 4979 1539 5032 11.
1568 4979 1645 5050 9).
1674 4983 1731 5035 Et
1765 4999 1952 5039 rursus
1984 5003 2077 5054 por

473 5056 638 5111 alium
662 5056 870 5114 :Edust'
882 5074 1009 5117 ease
1027 5073 1163 5117 terra
1179 5065 1420 5137 Egypti,
1442 5079 1490 5121 et
1507 5087 1536 5123 e
1554 5071 1707 5126 domo
1719 5077 1974 5131 servitutis
1993 5096 2076 5134 eos

477 5147 668 5202 redemi
689 5147 878 5221 (mea.
900 5153 955 5209 6.
973 5152 1063 5226 i);
1085 5171 1367 5214 assumens
1392 5163 1650 5230 supplicia
1665 5165 1716 5219 in
1733 5167 2072 5225 beneﬁcium.

478 5237 554 5294 Ita
585 5240 705 5297 hac
727 5243 888 5328 etiam
918 5261 931 5298 :
965 5262 1087 5302 nam
1127 5248 1245 5306 iure
1270 5267 1484 5330 quoque
1516 5255 1775 5314 beneﬁcio
1813 5260 2071 5330 afﬁciunt,

477 5335 776 5403 corrigunt,
803 5336 1075 5404 erudiunt,
1107 5341 1392 5412 castigant,
1422 5346 1609 5402 vitium
1656 5363 1924 5406 resocant.
1969 5354 2075 5408 llo-

461 5423 650 5482 ‘tnines
674 5428 957 5485 enimth
981 5432 1194 5499 quidem
1229 5434 1426 5490 faciunt
1449 5451 1507 5492 ut
1527 5439 1788 5496 beneﬁcio
1815 5444 2067 5510 alliciant,

477 5513 568 5572 illa
599 5530 728 5571 vero
755 5519 894 5587 quod
923 5521 1048 5575 odio
1080 5522 1311 5580 habeant
1341 5539 1389 5581 et
1420 5542 1737 5594 aversantur
1767 5556 1780 5589 :
1815 5535 1956 5590 Deus
1978 5552 2074 5591 au-

477 5613 586 5663 tem
637 5610 826 5664 omnia
861 5611 988 5667 facit
1021 5613 1307 5672 dilectione
1364 5632 1579 5678 motus:
1619 5629 2069 5695 quemadmodum

475 5697 745 5758 beneﬁcio
763 5703 1001 5760 afﬁciens
1028 5711 1197 5776 posuit
1239 5712 1289 5763 in
1307 5714 1575 5780 paradiso,
1600 5728 1654 5770 ct
1670 5717 1932 5774 beneﬁcio
1956 5723 2073 5775 alli-

473 5793 629 5861 ciens
649 5793 805 5877 eiecit
830 5816 860 5854 ετ
879 5789 1124 5871 paradiso
1157 5809 1186 5857 :'
1203 5802 1462 5864 beneﬁcio
1490 5809 1730 5866 afﬁciens
1751 5811 1967 5873 immisit
1991 5815 2066 5872 di-

1228 365 1284 420 S.
1327 362 1606 420 JUANNIS
1644 358 2123 418 CIIRYSOSTOMI
2167 358 2487 418 ΛιιωιιΕΡ.
2529 360 3071 422 CONSTANTINOP.

3712 361 3817 420 981

2221 475 2442 541 luvium,
2471 486 2526 533 et
2570 478 2829 537 beneﬁcio
2853 480 3095 535 afﬁciens
3125 479 3179 533 in
3206 479 3440 535 Sodoma
3471 485 3618 534 illum
3645 480 3821 548 ignem

2213 564 2482 633 jaculatus
2516 578 2618 623 est.
2651 569 2720 623 Et
2753 569 3010 641 quidquid
3057 571 3257 632 dixeris
3303 572 3370 625 ab
3407 586 3475 628 eo
3517 581 3822 642 gestorum.

2216 659 2632 730 unumquodque
2658 661 2783 718 facit
2820 661 2889 716 ad
2928 662 3269 718 beneficium.
3305 663 3575 720 Beneﬁcio
3601 679 3825 734 quoque

2214 749 2476 814 alliciens,
2506 750 2807 820 gehennam
2835 753 3068 809 minatus
3089 765 3173 811 est
3201 764 3300 810 :et
3320 757 3464 811 sicut
3490 766 3669 826 patres
3706 770 3823 811 non

2214 843 2390 897 solum
2423 843 2762 914 indulgentes
2791 845 2936 917 ﬁliis,
2978 846 3077 901 sed
3111 848 3269 902 etiam
3314 848 3686 909 verberantes.
3738 864 3826 916 pa-

2214 940 2325 989 tres
2346 943 2502 988 sunt:
2533 950 2636 989 nec
2661 937 2840 990 minus
2859 937 3227 1002 verberantes,
3252 953 3412 1008 quam
3436 938 3779 1009 indulgentes
3804 956 3819 990 :
3919 945 3936 957 ‘

2214 1027 2285 1081 ita
2314 1031 2476 1080 etiam
2504 1026 2666 1082 Deus.
2694 1025 3057 1094 Quamobrem
3087 1029 3288 1086 Paulus
3316 1045 3532 1100 quoque
3556 1030 3774 1085 dicebat
3803 1046 3818 1084 :

2217 1119 2341 1184 Quis
2370 1129 2442 1173 est
2473 1121 2603 1174 enim
2635 1121 2796 1189 filius,
2821 1137 2966 1191 quem
2991 1139 3093 1175 non
3119 1123 3334 1194 castigat
3351 1134 3497 1192 pater
3513 1123 3701 1193 (llebr.
3725 1121 3815 1176 12.

2213 1211 2306 1281 7)?
2335 1211 2403 1266 Et
2430 1210 2684 1267 Salomon
2720 1229 2733 1266 :
2767 1216 2926 1279 Quem
2947 1216 3095 1272 .euim
3129 1215 3298 1286 diligit
3343 1215 3613 1281 Dominus,
3655 1216 3822 1270 casti-

2208 1311 2315 1371 gat,
2347 1303 2573 1373 ﬂagcllnt
2596 1314 2768 1358 autem
2797 1322 2994 1359 onmem
3022 1307 3188 1375 [ilium
3213 1323 3360 1375 quem
3400 1309 3601 1377 recipit.
3641 1306 3819 1360 Justi-

2209 1393 2280 1445 tia
2314 1394 2424 1463 ejus
2451 1405 2618 1448 manet
2648 1396 2701 1449 in
2729 1395 2975 1450 steculum
2997 1398 3174 1452 δαίσειιὶ
3201 1396 3387 1468 (Prov.
3417 1399 3470 1453 '5.
3505 1399 3618 1470 12).

2279 1485 2336 1537 4.
2381 1485 2491 1541 Hoc
2517 1487 2646 1542 mihi
2676 1487 2887 1543 videtur
2915 1489 3002 1544 hic
3023 1489 3208 1545 dicere
3235 1499 3456 1560 propter
3494 1507 3590 1546 eos
3618 1493 3711 1563 qni
3741 1496 3820 1547 of-

2208 1575 2501 1632 fenduntur
2529 1593 2596 1633 ex
2629 1580 2792 1634 rebus
2819 1579 3081 1645 adversis,
3113 1595 3234 1650 qua:
3275 1591 3472 1650 praeter
3498 1596 3652 1651 spem
3694 1582 3822 1653 qui-

2206 1669 2431 1725 busdam
2482 1672 2780 1744 eveninnt,
2806 1672 3193 1743 propemodum
3236 1673 3317 1730 eis
3359 1673 3593 1731 suadens
3636 1684 3694 1730 et
3731 1675 3821 1731 di-

2207 1775 2337 1817 cens
2357 1779 2371 1816 :
2391 1761 2468 1818 Ne
2481 1763 2824 1819 conturberis
2835 1765 2878 1817 si
2905 1764 3084 1820 videas
3111 1765 3356 1820 homines
3375 1768 3816 1836 percalumniam

2204 1854 2435 1915 delatos.
2460 1855 2726 1912 molestiis
2752 1855 2995 1918 affectos,
3021 1868 3074 1912 et
3101 1858 3240 1914 mala
3262 1858 3481 1930 indigne
3502 1860 3774 1930 patientes
3799 1878 3816 1916 :

2204 1954 2386 2000 manet
2404 1946 2548 2002 enim
2577 1948 2942 2017 incorruptum
2963 1948 3245 2018 judicium,
3279 1961 3460 2005 manet
3485 1967 3618 2022 pura
3646 1961 3704 2006 et
3727 1953 3818 2008 in-

2205 2045 2353 2107 tegra
2383 2038 2673 2105 sententia,
2719 2054 2841 2109 quas
2877 2054 2976 2110 pro
3005 2041 3213 2095 meritis
3260 2041 3551 2113 unicuique
3599 2041 3815 2099 tribuit.

2203 2130 2358 2197 Quod
2384 2132 2430 2186 si
2452 2146 2571 2187 eam
2600 2147 2749 2188 nunc
2776 2132 3030 2202 postules,
3066 2133 3190 2189 vide
3217 2149 3287 2189 ne
3328 2136 3379 2188 in
3430 2136 3660 2205 teipsnm
3694 2135 3814 2206 pri-

2204 2239 2354 2278 mum
2372 2223 2691 2279 sententiam
2715 2223 2975 2293 proferas.
2998 2223 3052 2280 Si
3078 2225 3220 2279 enim
3245 2225 3297 2279 in
3323 2241 3644 2297 unoquoque
3673 2240 3810 2297 poc-

2202 2325 2323 2371 cato
2351 2315 2494 2371 Deus
2523 2315 2747 2371 inferret
2769 2316 3087 2386 supplicium
3113 2327 3169 2372 et
3198 2318 3251 2372 in
3280 2332 3406 2373 reos
3425 2317 3665 2387 singulos
3692 2318 3814 2373 cai-

2201 2407 2379 2462 culum
2412 2409 2591 2473 ferret,
2621 2408 2732 2478 jam
2761 2408 2891 2462 olim
2914 2408 2991 2464 de
3021 2408 3203 2463 medio
3229 2409 3499 2464 sublatum
3532 2419 3680 2464 esset
3709 2408 3813 2464 Itu-

2200 2513 2420 2553 tttanum
2449 2513 2636 2569 genus.
2666 2500 2733 2553 Et
2759 2499 2886 2569 quid
2917 2501 3040 2556 dico
3064 2499 3205 2554 hunc
3251 2512 3344 2554 aut
3385 2501 3570 2554 illum?
3595 2500 3811 2571 Supre-

2199 2589 2520 2644 mum-enim
2550 2588 2804 2645 omnium
2821 2590 3099 2645 hominum
3140 2592 3192 2646 iu
3238 2593 3475 2650 medium
3505 2591 3810 2662 adducens,

2197 2680 2302 2755 hoc
2325 2683 2566 2739 conabor
2589 2685 2880 2738 ostendere
2911 2700 2926 2738 :
2956 2685 3180 2739 Paulum
3230 2701 3424 2756 nempe
3462 2686 3609 2741 illum
3656 2686 3811 2743 orbis

2198 2783 2357 2830 terra:
2385 2789 2712 2846 prmccnem,
2741 2777 2832 2847 qui
2862 2777 2915 2831 in
2964 2778 3179 2832 tertium
3227 2779 3420 2834 emtum
3467 2787 3655 2850 raptus
3695 2791 3806 2841 est.

2195 2866 2286 2937 qui
2319 2867 2371 2921 in
2397 2867 2705 2938 paradisum
2736 2868 2834 2922 luit
2853 2868 3118 2934 sublatus,
3147 2869 3239 2938 qui
3266 2867 3372 2925 fuit.
3395 2871 3806 2927 trcmendorum

2194 2967 2655 3015 sacramentorum
2678 2959 2972 3030 particeps,
3003 2974 3097 3013 vss
3117 2961 3419 3028 electionis,
3446 2960 3648 3017 Christi
3675 2979 3808 3032 pm-

2193 3049 2394 3117 nubus,
2421 3051 2512 3120 qui
2537 3050 2775 3106 ostendit
2795 3051 3096 3121 angelicam
3122 3053 3243 3108 vita:
3269 3053 3804 3127 institmionem,qui

2195 3141 2408 3197 virtutis
2429 3141 2664 3198 studium
2695 3153 2901 3199 tantum
2928 3144 3080 3199 adi-it.
3114 3145 3171 3200 Si
3205 3147 3352 3201 enim
3389 3148 3652 3204 noluisset
3676 3165 3807 3211 csso

2193 3237 2332 3292 lenis
2359 3247 2413 3292 et
2440 3236 2669 3306 patiens,
2699 3252 2931 3306 eumque
2957 3240 3250 3303 sustinere,
3290 3241 3386 3298 sed
3425 3241 3645 3311 quando
3673 3257 3806 3314 pce.

2189 3328 2366 3393 cabat,
2413 3328 2823 3398 blaspbemabat
2861 3339 2915 3384 et
2959 3330 3408 3400 pot-sequebatur,
3455 3335 3701 3403 protinus
3745 3336 3803 3396 in

2191 3436 2313 3474 cum
2339 3421 2540 3490 justam
2571 3419 2777 3474 tulisSct
2807 3422 3151 3486 sententiam,
3175 3421 3285 3492 jam
3324 3423 3453 3478 olim
3485 3425 3802 3496 praeripuis-

2189 3524 2276 3571 set
2309 3531 2432 3570 eum
2474 3515 2826 3585 poenitentia.
2859 3517 3121 3584 Quocirca
3149 3519 3268 3587 ipse
3291 3533 3505 3590 quoque
3532 3535 3654 3574 cum
3679 3521 3804 3580 iure

2189 3609 2373 3674 sciret,
2402 3607 2613 3663 dicebat
2639 3625 2653 3661 :
2684 3607 2918 3663 Gratiam
2948 3609 3106 3663 habeo
3133 3609 3337 3664 Christo
3358 3614 3449 3680 qui
3477 3629 3557 3666 me
3582 3617 3798 3685 confor-

2189 3700 2330 3766 tuvit,
2357 3701 2495 3768 quod
2514 3716 2594 3753 me
2610 3700 2818 3768 'ﬁdclem
2841 3699 3164 3765 existimarit,
3196 3719 3388 3771 ponens
3412 3703 3464 3757 in
3480 3697 3799 3771 ministerio,

2188 3793 2275 3862 qui
2297 3793 2444 3860 prius
2468 3808 2608 3846 eram
2633 3791 2975 3864 blasphemus,
3001 3803 3045 3847 et
3078 3804 3424 3864 persequutus,
3457 3805 3505 3848 et
3536 3806 3798 3852 contum.

2189 3887 2345 3940 liosus
2369 3901 2387 3937 :
2421 3885 2508 3949 sed
2529 3885 2929 3940 misericordiam
2965 3897 3307 3957 consequutus
3341 3904 3478 3955 sunt,
3520 3900 3578 3942 ut
3619 3892 3672 3944 in
3709 3907 3796 3946 sua

2187 3980 2353 4049 primo
2382 3979 2666 4032 ostenderet
2696 3994 2894 4032 omnem
2935 3979 3249 4048 patieutJam,
3285 3982 3352 4032 ad
3381 3980 3796 4051 informationem

2189 4087 2382 4135 eorum,
2412 4070 2500 4141 qui
2525 4068 2766 4123 credituri
2787 4079 2904 4123 sunt
2924 4069 3004 4122 illi
3023 4071 3074 4124 in
3097 4073 3250 4124 vitam
3276 4083 3518 4126 artes-nam
3544 4075 3592 4146 (I
3609 4115 3621 4127 .
3650 4071 3792 4130 Tim.

2190 4163 2242 4217 1.
2273 4159 2359 4215 η.
2398 4162 2482 4215 15.
2513 4162 2622 4232 16).
2651 4160 2785 4230 Quid
2809 4171 3011 4230 autem,
3049 4163 3388 4218 meretricem
3423 4163 3469 4218 si
3507 4166 3792 4236 puniiSscs,

2188 4253 2526 4322 quandonam
2553 4270 2809 4309 conversa
2843 4256 3028 4310 luisset
3054 4254 3208 4325 (Luc.
3239 4257 3291 4311 ’1.
3319 4258 3408 4312 57.
3436 4258 3613 4328 sqq.)?
3652 4257 3790 4324 Quid

2188 4359 2318 4399 vero
2340 4344 2680 4414 publicanum
2705 4345 3033 4412 Mattltarum,
3058 4348 3101 4401 si
3128 4356 3496 4419 quotempore
3521 4350 3791 4419 publicani

2186 4437 2363 4492 ofﬁcio
2384 4437 2724 4507 fungebatur,
2745 4449 2873 4493 ante
2907 4440 3256 4495 mutationem
3285 4456 3474 4512 pu'ttas
3495 4442 3562 4496 ab
3579 4457 3646 4497 co
3666 4448 3794 4500 Exe-

2184 4529 2373 4598 gisset,
2415 4543 2594 4584 annon
2625 4529 2954 4599 pmnitentiae
2987 4530 3132 4585 illum
3165 4532 3534 4601 prmripuisset
3572 4533 3789 4603 (Matth.

2184 4620 2240 4676 9.
2293 4620 2386 4692 9)?
2416 4622 2510 4702 .ita
2559 4622 2720 4676 etiam
2775 4621 3038 4676 latronem
3085 4621 3236 4694 (Luc.
3276 4623 3365 4678 25.
3395 4622 3512 4706 40),
3559 4624 3632 4680 ita
3667 4639 3794 4681 ma—

2183 4727 2282 4784 gos
2322 4711 2538 4783 (Matth.
2562 4711 2714 4779 ΩΑ),
2763 4713 2835 4768 ita
2873 4715 3033 4768 etiam
3069 4729 3503 4786 unumquemque
3544 4727 3793 4786 peceato-

2183 4822 2321 4862 rem.
2348 4805 2488 4860 iram
2514 4807 2692 4876 itaque
2717 4808 2967 4870 sustinet,
2998 4815 3054 4860 et
3095 4821 3194 4876 pro
3225 4807 3435 4862 meritis
3473 4808 3789 4865 retributio-

2185 4915 2331 4966 nem,
2361 4913 2560 4966 vocans
2588 4899 2834 4954 homines
2853 4899 2920 4954 ad
2947 4901 3335 4969 paenitentum.
3361 4902 3516 4968 Quod
3544 4901 3591 4956 si
3618 4911 3792 4960 acor-

2185 4991 2427 5045 rectione
2446 4989 2610 5044 alicui
2635 4991 2951 5056 manserint,
2977 4990 3179 5060 justam
3199 4993 3421 5049 omnino
3442 4993 3790 5052 sustindmnt

2185 5081 2530 5138 sententiam.
2563 5081 2825 5148 Quocirca
2873 5083 3133 5153 prepbeta
3161 5099 3257 5139 eos
3297 5086 3387 5156 qui
3434 5086 3630 5157 injuria
3671 5086 3790 5142 afﬁ-

2184 5174 2420 5239 ciuntur,
2451 5175 2763 5240 consolans,
2801 5185 2856 5230 ct
2879 5191 2973 5230 eos
2999 5178 3089 5243 qui
3117 5177 3366 5247 injuriam
3401 5179 3640 5234 inferunt
3669 5181 3787 5236 olli-

2183 5267 2252 5321 cii
2288 5267 2605 5331 admonens,
2638 5269 2912 5336 subjunxit
2953 5269 3082 5323 illud
3116 5289 3127 5323 :
3156 5269 3368 5326 Iustitia
3396 5273 3508 5342 ejus
3536 5284 3705 5328 manet
3735 5275 3787 5328 in

2183 5359 2442 5411 secutum.
2474 5357 2629 5424 Quod
2657 5369 2834 5413 autem
2882 5360 2993 5413 vult
3022 5376 3115 5430 per
3146 5360 3249 5416 hoc
3293 5363 3497 5427 dicere,
3529 5373 3614 5418 cst
3644 5365 3790 5433 ejus.

2184 5449 2328 5503 modi
2363 5470 2375 5504 :
2407 5447 2516 5503 Nec
2549 5458 2626 5511 tu.
2669 5451 2758 5519 qui
2803 5449 2992 5518 injuria
3030 5451 3281 5520 afﬁceris,
3314 5454 3593 5526 desperes,
3622 5457 3666 5510 si
3711 5458 3788 5509 vi-

2184 5551 2290 5596 tam
2323 5541 2544 5608 ﬁnieris,
2592 5541 2707 5596 fore
2736 5552 2792 5597 ut
2826 5544 2914 5612 jus
2960 5555 3107 5599 tuum
3154 5546 3399 5602 obtinens
3441 5570 3454 5604 :
3499 5560 3782 5619 postquam

2182 5635 2324 5695 enim
2392 5633 2517 5690 hinc
2581 5635 2921 5697 excesseris.
2985 5637 3228 5692 laborum
3289 5643 3782 5699 remunerationem

2182 5726 2404 5781 omnino
2445 5727 2678 5796 accipies
2705 5745 2717 5780 :
2746 5742 2845 5781 nec
2884 5739 2936 5782 tu
2971 5745 3178 5793 rursus.
3208 5732 3298 5798 qui
3328 5734 3507 5787 omnia
3541 5736 3703 5804 rapis.
3734 5741 3781 5792 in

2185 5817 2420 5874 omnium
2449 5817 2585 5880 bona
2617 5815 2842 5886 iuvad'Ls,
2870 5831 2921 5875 et
2945 5821 3122 5878 onmia
3147 5836 3343 5894 susque
3367 5827 3538 5899 ἀνιμαε
3564 5831 3775 5897 militiis,
