4058 6436
316 380 428 438 9.85

323 492 586 560 conﬁdas,
611 491 658 550 si
689 492 745 548 in
776 504 908 563 pace
940 489 1107 543 vitam
1143 483 1350 541 ﬁnieris
1403 501 1417 537 :
1469 492 1754 554 postquam
1792 476 1938 534 enim

323 589 450 643 hinc
479 584 805 650 excesseris,
839 581 1083 637 omnium
1125 577 1320 634 reddes
1348 575 1639 640 rationem,
1685 569 1942 642 nequitia:

319 681 502 736 debita
541 679 742 735 solves.
775 676 918 732 Deus
944 674 1090 730 enim
1113 687 1333 743 semper
1361 682 1607 734 manens,
1631 676 1941 723 manentem

317 789 543 844 semper
573 772 736 827 habet
761 768 1051 852 justitiam,
1095 767 1182 823 cui
1221 780 1371 822 mors
1398 763 1538 820 nihil
1575 759 1835 818 rescindit
1873 757 1942 814 de

313 864 770 921 remuneratione
793 861 1039 918 laborum
1068 875 1165 930 pro
1190 859 1390 913 virtute
1415 863 1814 926 susceptorum,
1841 865 1942 907 nec

302 958 388 1012 de
416 956 752 1024 irrogatione
777 953 1170 1024 suppliciorum
1201 966 1321 1020 qua:
1353 948 1622 1004 debentur
1648 944 1864 1000 sceleri.

395 1051 654 1106 Miracula
697 1065 898 1120 semper
942 1047 1080 1101 Deus
1127 1046 1268 1116 facit.
1293 1043 1434 1098 -ι.
1485 1041 1788 1096 Memoriam
1823 1039 1942 1109 fecit

321 1143 634 1194 mirabilium
677 1155 910 1194 suorum.
961 1136 1098 1204 Quid
1145 1145 1264 1200 est,
1308 1133 1609 1188 Memoriam
1635 1131 1753 1201 fecit
1783 1130 1942 1182 mira-

321 1234 495 1287 bilium
521 1233 774 1287 suorum?
793 1225 1124 1300 Numquam,
1151 1227 1347 1298 inquit,
1375 1223 1635 1280 miracula
1661 1222 1837 1277 facere
1861 1223 1941 1274 in-

323 1326 574 1381 termisit.
606 1325 722 1380 lloc
749 1324 893 1378 enim
923 1331 1028 1390 est,
1058 1321 1359 1376 Memoriam
1387 1319 1524 1390 fecit,
1550 1333 1657 1372 non
1683 1315 1936 1379 cessavit,

322 1437 427 1476 non
480 1421 691 1475 destitit
726 1435 824 1489 per
863 1434 1082 1474 omnem
1126 1417 1532 1486 generationem
1573 1414 1754 1470 facere
1783 1414 1943 1467 mira-

321 1515 461 1575 cula,
495 1522 552 1568 et
579 1529 676 1582 per
703 1527 794 1566 res
819 1510 1167 1565 admirabiles
1203 1509 1442 1564 excitare
1474 1506 1792 1562 crassiores.
1835 1503 1938 1571 Qui

319 1616 404 1663 est
441 1607 588 1660 enim
621 1605 840 1660 excelso
869 1605 1051 1658 animo
1091 1612 1146 1658 et
1191 1601 1548 1672 philosotihia:
1589 1598 1794 1666 dedito,
1828 1614 1937 1654 non

318 1715 467 1769 Opus-
494 1698 718 1754 habebit
744 1698 915 1768 signis
949 1714 962 1752 :
995 1695 1143 1750 Beati
1186 1696 1331 1750 enim
1359 1694 1445 1762 qui
1474 1710 1577 1764 non
1606 1691 1857 1754 viderunt,
1891 1700 1940 1745 et

318 1791 646 1846 crediderunt
673 1788 856 1860 (Joan.
882 1788 974 1843 20.
1007 1788 1120 1860 29).
1151 1787 1417 1856 Quoniam
1450 1794 1630 1840 autem
1678 1784 1793 1854 ipse
1829 1799 1938 1838 non

317 1898 510 1938 eorum
545 1880 920 1936 tantummodo
950 1895 1133 1935 curam
1160 1880 1320 1950 gerit,
1364 1877 1458 1933 sed
1492 1877 1656 1932 etiam
1701 1875 1938 1930 crassio-

319 1991 462 2042 rum,
492 1974 546 2029 iu
573 1973 721 2030 omni
770 1973 885 2028 fere
919 1971 1268 2043 generatione
1300 1986 1406 2024 non
1450 1978 1630 2025 cessat
1678 1967 1938 2023 miracula

317 2067 505 2122 edere.
543 2064 686 2121 Satis
707 2064 926 2136 quidem
951 2077 1204 2134 inagnum
1233 2073 1316 2119 est
1342 2061 1660 2118 miraculum
1683 2061 1938 2114 universa

319 2177 509 2217 eorum
551 2176 673 2231 qua:
709 2158 963 2214 videntur
1000 2157 1205 2212 creatio
1232 2174 1246 2211 :
1278 2155 1373 2211 sed
1417 2163 1598 2210 tamen
1640 2154 1936 2209 multorum

318 2254 625 2315 socordiam
657 2254 922 2317 excitans,
951 2252 1003 2307 in
1031 2249 1213 2306 medio
1235 2249 1341 2304 hoc
1366 2248 1580 2305 theatro
1600 2258 1656 2304 et
1684 2248 1933 2318 privatim

319 2354 374 2402 et
412 2344 630 2416 publice
675 2345 846 2399 multa
873 2341 1116 2400 ostendit
1145 2341 1435 2406 mirabilia,
1466 2341 1604 2396 sicut
1642 2338 1934 2405 diluvium,

320 2438 631 2509 linguarum
685 2435 1092 2501 confusionem,
1143 2433 1504 2489 Sodomorum
1549 2431 1937 2502 conﬂagratio-

320 2547 470 2595 nem,
504 2544 626 2598 quae
655 2527 906 2593 Abrahae,
935 2543 1054 2597 qua}
1077 2524 1246 2592 Isaac,
1276 2541 1396 2596 qua:
1423 2525 1590 2582 Jacob
1611 2531 1935 2589 evenerunt,

320 2637 441 2692 qua:
473 2621 526 2676 in
558 2619 792 2691 Egypto
822 2619 961 2674 facta
989 2629 1135 2681 sunt,
1179 2634 1298 2688 qu:e.
1327 2618 1378 2673 in
1407 2619 1553 2673 exitu
1594 2616 1936 2683 Judteorum,

320 2730 442 2784 qum
474 2714 527 2767 in
554 2711 865 2776 solitudine,
899 2727 1018 2781 qua:
1050 2712 1101 2765 in
1137 2711 1456 2778 Palaestina,
1486 2717 1609 2780 qua:
1642 2710 1935 2782 Babylone,

322 2823 444 2878 qua:
472 2815 595 2876 post
617 2804 871 2870 reditum,
896 2817 1015 2874 qua:
1043 2812 1287 2874 tempore
1309 2800 1793 2866 Macchabaeorum,
1819 2816 1940 2870 qua:

327 2905 446 2967 post
471 2894 670 2951 Christi
696 2896 1006 2962 adventum,
1034 2910 1154 2965 qua:
1192 2895 1244 2948 in
1287 2891 1407 2964 ipso
1448 2893 1707 2957 adventu,
1739 2908 1862 2964 qua:
1888 2895 1940 2947 in

323 2993 470 3048 diem
502 2991 826 3046 hodiernum
861 3004 1031 3059 usque
1059 2990 1212 3055 fiunt,
1248 2989 1402 3042 ruina
1451 2987 1938 3060 Jerosolytuorum,

325 3081 611 3138 aediﬁcatio
633 3081 908 3146 Ecclesize,
931 3080 1154 3136 verbum
1186 3080 1328 3149 quod
1352 3095 1786 3150 quoquoversum
1819 3094 1941 3146 per-

327 3175 651 3244 vadit,quod
675 3188 772 3244 per
793 3171 987 3227 fluctus
1014 3173 1257 3241 erigitur,
1284 3187 1381 3243 per
1407 3172 1544 3226 bella
1558 3171 1940 3240 ampliﬁcatur,

328 3277 633 3338 martyrum
673 3264 869 3329 turbae,
903 3264 1115 3334 aliaque
1136 3264 1339 3332 omnia.
1371 3264 1534 3317 Multa
1561 3273 1741 3318 autem
1773 3262 1944 3318 videri

327 3369 550 3429 possunt
578 3366 634 3414 et
656 3356 924 3427 privatim,
948 3357 1076 3410 etin
1104 3356 1289 3421 domo,
1318 3357 1447 3411 etin
1473 3357 1782 3412 civitatibus
1805 3355 1942 3410 facta

328 3441 606 3506 miracula.
635 3449 741 3507 Sed
770 3465 892 3520 qua:
921 3458 1047 3503 sunt
1073 3450 1367 3522 generalia,
1398 3458 1455 3505 et
1489 3449 1743 3506 omnibus
1774 3450 1943 3505 mani-

328 3543 562 3598 fcsla‘ac
589 3542 822 3613 cognita,
862 3551 917 3596 et
956 3556 1077 3612 quae
1108 3541 1244 3595 ﬁunt
1274 3542 1325 3596 in
1357 3557 1675 3614 unaquaque
1717 3558 1944 3614 genera-

327 3637 494 3702 tione,
526 3634 822 3690 videamus.
855 3637 996 3702 Quot
1019 3633 1235 3690 Juliano
1273 3634 1591 3704 imperante,
1635 3635 1725 3706 qui
1753 3650 1944 3691 omnes

328 3729 606 3798 impietate
664 3727 973 3798 superavit,
1029 3726 1155 3782 dum
1211 3737 1613 3797 oppugnaretur
1665 3727 1940 3793 Ecclesia,

328 3819 464 3875 facta
491 3817 658 3873 sunt?
679 3828 806 3890 quot
833 3817 1165 3876 Maximino?
1189 3828 1320 3889 quot
1346 3828 1470 3875 ante
1496 3821 1628 3875 istos
1651 3821 1947 3891 Imperato-

328 3913 456 3968 res?
487 3911 598 3968 Sed
627 3912 671 3966 si
702 3911 889 3979 vultis,
936 3927 1000 3967 ea
1041 3913 1204 3966 etiam
1240 3928 1362 3983 quae
1403 3913 1454 3967 in
1499 3923 1681 3972 nostra
1714 3929 1948 3985 genera-

330 4008 474 4060 tione
501 4013 823 4069 evenerunt,
857 4019 1054 4074 nempe
1082 4018 1274 4068 cruces
1305 4014 1528 4075 repente
1557 4008 1610 4061 in
1646 4008 1944 4062 veSIimen-

328 4100 397 4156 tis
436 4099 713 4170 impressae
752 4095 868 4167 (a),
913 4095 1179 4166 Apollinis
1227 4098 1486 4168 templum
1533 4098 1755 4154 fulmine
1792 4100 1945 4170 deje.

330 4208 507 4264 ctum,
564 4199 738 4254 sancti
792 4197 1046 4273 martyris
1096 4184 1312 4270 Babyla:
1347 4199 1438 4270 qui
1481 4200 1534 4253 in
1581 4199 1801 4271 Daphne
1831 4211 1946 4258 erat

336 4292 618 4348 translatio
645 4292 744 4362 (ὁ),
775 4299 829 4346 et
856 4301 1044 4362 aperta
1075 4292 1338 4347 adversus
1365 4294 1669 4347 da-monem
1697 4294 1943 4363 victoria,

329 4384 620 4453 qumstoris
674 4383 1037 4454 imperatoria:
1084 4386 1326 4454 pecunia:
1379 4386 1652 4456 inopinata
1702 4405 1848 4443 mors
1892 4399 1947 4444 et

327 4476 685 4542 admirabilis,
717 4477 882 4546 ipsius
913 4477 1260 4544 Imperatoris
1289 4478 1487 4542 caedes,
1519 4480 1688 4548 ipsius
1727 4481 1945 4550 inquam

328 4569 551 4637 Juliani,
585 4569 674 4640 qui
704 4584 893 4624 omnes
939 4568 1216 4638 impietate
1243 4569 1468 4637 vicerat,
1502 4582 1555 4625 et
1601 4573 1850 4628 avunculi
1893 4575 1949 4628 il-

328 4661 431 4717 lius
472 4662 741 4727 interitus,
774 4664 1039 4716 vermium
1088 4661 1291 4724 fontes,
1338 4663 1549 4732 aliaque
1582 4664 1950 4721 innumerabi-

333 4753 421 4817 lia,
469 4749 663 4815 l'ames,
710 4753 928 4807 siccitas
971 4761 1026 4806 et
1068 4752 1346 4817 sterilitas,
1388 4769 1648 4823 aquarum
1699 4761 1947 4826 penuria,

331 4859 448 4910 quae
482 4859 587 4898 una
617 4861 740 4900 cum
780 4861 845 4900 eo
879 4844 1126 4900 civitates
1163 4845 1380 4909 invasit,
1410 4856 1464 4900 et
1493 4846 1594 4901 alia
1637 4848 1834 4920 ubique
1863 4852 1946 4905 in-

329 4953 576 4993 numera.

401 5031 454 5086 5.
503 5030 578 5085 Ea
607 5045 821 5100 quoque
869 5048 989 5099 quae
1042 5033 1091 5088 in
1126 5033 1410 5088 Palatstiua
1455 5045 1581 5091 tunc
1626 5051 1946 5108 evenerunt,

325 5121 689 5193 cognovistis.
717 5124 944 5191 Quando
974 5127 1117 5180 enim
1143 5126 1272 5182 illud
1303 5131 1582 5198 templum,
1611 5132 1794 5190 divina
1818 5150 1946 5189 sen—

327 5216 496 5272 tentia
526 5215 788 5283 diru‘tnm,
815 5233 999 5274 rursus
1025 5219 1295 5275 aediﬁcare
1324 5223 1574 5278 volebant
1595 5225 1790 5292 Judaei,
1813 5227 1949 5298 ignis

395 5368 585 5432 (nime
629 5381 804 5418 cruces
842 5371 891 5419 in
936 5372 1246 5423 vestimentis
1295 5375 1548 5432 impressae
1592 5379 1912 5432 observandae

395 5390 585 5431 (causa:
629 5390 804 5418 cruces
843 5390 891 5419 In
936 5390 1246 5423 vesumcnus
1296 5390 1358 5423 tm
1394 5390 1548 5426 r8552
1592 5390 1912 5432 onservandaa

333 5429 692 5511 quales‘etiam‘
720 5432 996 5511 visasyesse
1019 5444 1243 5511 narratur
1273 5390 1634 5511 muiiispostea
1661 5441 1753 5511 eia]
1773 5446 1846 5511 sis
1861 5424 1953 5495 ste:

332 5492 696 5568 culisliquando
722 5494 771 5568 in
793 5501 991 5568 Terram
1014 5492 1605 5568 sanetamespeditioues
1619 5492 1952 5568 suscipieban-

335 5563 429 5628 tur.
450 5561 565 5612 Quae
590 5567 712 5628 vero
735 5557 802 5628 de
826 5557 1012 5628 templo
1039 5558 1278 5628 Awll'rnis
1300 5557 1505 5628 ftitlmine
1531 5574 1676 5627 tacto,
1702 5557 1767 5618 de
1794 5578 1950 5621 trans-

336 5617 516 5689 latione
546 5617 720 5689 sancti
764 5617 951 5689 ηαδ]ξῴ
973 5617 1160 5689 ,_etL-.,_
1199 5623 1420 5689 pluribus
1456 5617 1710 5689 narrantur
1749 5617 1950 5685 inﬂi'riia

334 5679 678 5749 (mini.
705 5679 874 5749 neque
895 5681 973 5731 his
991 5683 1090 5749 jam
1115 5679 1321 5746 plurima
1345 5688 1469 5739 dixit
1506 5679 1950 5749 Cbrysostomus-in

338 5741 556 5804 ﬂaminio
579 5747 623 5789 s.
654 5741 858 5804 Bahylae,
882 5741 1015 5794 'rom’.
1045 5741 1128 5796 ΠΣ
1603 5742 1620 5754 ’

396 5802 470 5867 (b)
504 5809 615 5852 llaec
634 5804 728 5856 sub
745 5802 933 5858 Juliano
955 5806 1079 5858 facta
1107 5819 1183 5860 est
1208 5810 1523 5872 reliquiarum
1549 5819 1816 5871 translatio.

1461 363 1830 426 EXPOSITlO
1869 359 1936 418 ΙΝ
1976 357 2301 418 PSALMUM
2330 359 2444 416 CX.

3566 357 3674 415 286

2053 472 2142 544 qui
2171 487 2202 528 e
2230 471 2591 528 fundamentis
2618 470 2818 528 exsiliit
2835 484 3027 528 omnes
3051 469 3252 541 abegit,
3278 479 3330 526 et
3357 469 3407 527 id
3443 479 3680 527 testatur

2051 578 2190 634 opus
2217 564 2364 634 quod
2396 565 2595 620 mansit
2624 564 3022 636 imperfectum.
3051 564 3348 619 Misericors
3374 574 3420 618 et
3457 564 3674 620 misera-

2050 665 2130 709 tor
2159 654 2414 710 Dominus
2452 656 2508 711 5.
2539 672 2709 711 escam
2757 656 2894 710 dedit
2924 655 3215 710 timentibus
3255 671 3327 709 se.
3380 655 3673 726 Postquam

2051 747 2393 801 annuntiavit
2443 746 2538 802 Dei
2591 744 2876 814 beneﬁcia,
2905 761 3029 817 quae
3065 762 3161 817 per
3208 747 3466 800 miracula
3497 754 3552 800 et
3582 761 3677 815 per

2047 849 2214 904 opera
2259 843 2479 906 accepta
2527 845 2675 901 sunt,
2707 850 2771 891 ac
2795 837 2981 891 curam
3015 851 3177 905 quam
3205 835 3381 890 nostri
3429 835 3589 907 gerit,
3625 835 3676 890 in

2049 941 2117 981 eo
2147 941 2363 982 rursum
2410 927 2707 999 amplificat
2738 927 3064 995 orationem,
3096 928 3391 983 ostendens
3421 943 3544 983 eum
3586 928 3675 998 qui

2047 1029 2130 1076 tot
2172 1030 2227 1076 et
2270 1030 2414 1076 tanta
2449 1020 2578 1077 fecit
2621 1036 2719 1091 pro
2745 1021 2922 1076 salute
2954 1021 3256 1086 hominum,
3287 1034 3342 1076 et
3393 1035 3488 1076 eos
3529 1018 3678 1076 omni

2049 1113 2260 1170 ratione
2286 1114 2544 1179 erudivit,
2567 1123 2622 1169 et
2643 1114 2822 1169 erudit
2852 1115 2903 1168 in
2934 1114 3026 1169 Dei
3052 1115 3361 1185 cognitione
3383 1122 3437 1169 et
3463 1129 3675 1168 summa

2050 1204 2415 1275 philosophia,
2446 1219 2742 1275 eorumque
2772 1207 2936 1260 vitam
2982 1208 3128 1260 fovet
3165 1213 3221 1261 et
3267 1206 3498 1260 sustinet
3521 1247 3533 1267 .
3569 1201 3678 1260 non

2049 1294 2152 1350 hoc
2183 1294 2364 1352 facere
2393 1310 2460 1352 ex
2489 1296 2672 1352 debito
2705 1295 2883 1368 (quod
2932 1307 3016 1352 est
3048 1296 3280 1351 maxima
3323 1297 3491 1367 gratia
3512 1295 3553 1367 ),
3579 1297 3673 1352 sed

2046 1396 2270 1458 propter
2297 1401 2449 1442 suam
2501 1388 2846 1443 clementiam
2895 1397 2968 1466 et“
2993 1387 3445 1450 miscricordiam,
3478 1403 3584 1442 non
3619 1397 3673 1442 ut

2044 1479 2137 1548 qui
2166 1479 2296 1548 ipsis
2323 1488 2497 1549 egeat,
2529 1479 2626 1535 sed
2660 1490 2881 1550 propter
2937 1481 3109 1534 solam
3153 1496 3307 1535 suam
3354 1480 3674 1536 bonitatem.

2050 1568 2237 1623 Escam
2259 1569 2400 1623 dedit
2430 1570 2721 1624 timentibus
2747 1587 2819 1624 se.
2840 1569 2954 1636 Qua
2986 1569 3054 1624 de
3076 1585 3238 1625 causa
3260 1585 3355 1626 eos
3376 1571 3466 1642 qui
3499 1571 3670 1642 ipsum

2050 1661 2244 1716 timent
2283 1660 2372 1715 hic
2414 1661 2638 1732 posuit?
2682 1677 2857 1733 neque
2887 1663 3033 1717 enim
3077 1679 3173 1718 eos
3200 1663 3350 1718 solos
3397 1665 3584 1718 nutrit.
3617 1663 3671 1718 in

2047 1752 2343 1824 Evangelia
2370 1755 2513 1810 enim
2533 1754 2690 1810 dicit:
2716 1755 2818 1822 Qui
2851 1757 3010 1812 solem
3027 1757 3154 1812 oriri
3185 1758 3308 1828 facit
3329 1775 3483 1829 super
3513 1759 3678 1813 maloa

2044 1856 2092 1900 et
2129 1848 2308 1914 bonos,
2333 1858 2381 1902 et
2409 1849 2538 1919 pluit
2562 1865 2717 1919 super
2737 1850 2910 1918 justas
2935 1858 2984 1904 et
3008 1850 3232 1920 iniustos
3253 1849 3466 1924 (Matth.
3488 1851 3674 1921 5.45).

2044 1939 2331 2006 Quomodo
2361 1955 2492 2012 ergo
2515 1941 2671 2007 dixit,
2691 1940 3013 1998 Timentibus
3039 1960 3094 1998 se
3115 1944 3142 1998 Ρ
3173 1943 3271 2000 llic
3301 1945 3675 2000 mihi'vidctnr

2054 2031 2239 2088 dicere
2287 2033 2604 2089 alimentum
2637 2049 2745 2090 non
2777 2037 3047 2106 corporis,
3078 2036 3174 2092 sed
3217 2037 3403 2091 animi.
3456 2038 3521 2092 Et
3553 2037 3676 2092 ideo

2052 2125 2291 2197 loquitur
2336 2127 2514 2184 solum
2540 2128 2610 2184 de
2641 2129 2999 2185 timentibus:
3035 2129 3088 2185 id
3134 2131 3278 2185 enim
3319 2138 3402 2186 est
3429 2130 3508 2185 eis
3534 2133 3672 2187 assi-

2047 2231 2293 2292 gnatum.
2352 2222 2488 2278 Nam
2529 2223 2991 2294 quemadmodum
3038 2225 3277 2279 nutritur
3325 2240 3553 2296 corpus,
3601 2226 3672 2280 ita

2045 2313 2282 2369 nutritur
2306 2314 2512 2370 anima.
2539 2314 2697 2383 Quod
2727 2324 2907 2370 autem
2940 2317 3231 2384 nutriatur,
3259 2316 3383 2370 andi
3420 2334 3433 2369 :
3469 2315 3592 2374 Non
3621 2317 3675 2370 in

2043 2405 2154 2461 solo
2186 2421 2318 2476 pane
2343 2407 2470 2461 vivet
2507 2409 2684 2474 homo,
2711 2408 2802 2463 sed
2829 2409 2881 2461 in
2913 2408 3054 2461 omni
3083 2407 3234 2461 eerb’o
3261 2409 3398 2475 quod
3419 2410 3677 2480 egreditur

2047 2515 2138 2568 per
2173 2515 2230 2554 os
2279 2497 2374 2554 Dei
2407 2499 2538 2571 (Id.
2583 2501 2640 2556 4.
2688 2499 2790 2573 4).
2853 2499 2966 2556 Hoc
3009 2516 3144 2571 ergo
3192 2502 3322 2556 dicit
3375 2506 3678 2557 nutrimen-

2047 2601 2181 2655 tum,
2200 2591 2343 2662 quod
2371 2593 2535 2648 etiam
2564 2592 2709 2648 dedit
2741 2593 3015 2664 pnecipue
3039 2596 3119 2649 eis
3141 2595 3231 2663 qui
3257 2595 3431 2664 ipsum
3459 2596 3674 2661 timent,

2047 2686 2346 2742 doctrinam
2381 2703 2476 2756 per
2500 2702 2828 2752 sermonem,
2853 2687 3238 2753 eruditionem,
3259 2704 3474 2743 onmem
3497 2687 3677 2758 philo-

2046 2778 2318 2850 30phiam.
2368 2779 2570 2833 Memor
2601 2780 2696 2834 erit
2725 2783 2776 2834 in
2805 2781 3051 2834 steculum
3075 2781 3366 2834 testamenti
3390 2781 3488 2834 sui.
3537 2781 3680 2835 [iur-

2051 2884 2144 2925 sus
2183 2871 2494 2926 Judmorum
2543 2873 2907 2942 arrogantiam
2952 2874 3341 2942 comprimens,
3391 2885 3445 2928 ct
3489 2891 3678 2929 eorum

2054 2960 2252 3015 fastum
2279 2973 2589 3033 amputans,
2624 2964 2707 3017 vel
2740 2965 2916 3033 potius
2943 2964 3238 3020 ostendens
3267 2982 3362 3021 eos
3392 2983 3513 3037 qua:
3537 2969 3678 3022 bona

2049 3054 2368 3122 consequuti
2419 3062 2566 3119 sunt,
2600 3069 2662 3108 ea
2714 3070 2820 3108 non
2869 3067 3236 3125 consequutos
3283 3073 3405 3112 esse
3459 3069 3682 3130 propter

2055 3159 2150 3200 sua
2183 3146 2398 3212 merita,
2432 3145 2526 3200 sed
2572 3156 2798 3216 propter
2846 3147 3015 3218 ipsius
3042 3149 3337 3204 amicitiam
3387 3151 3440 3206 in
3488 3169 3678 3208 eorum

2051 3247 2325 3303 parentes,
2348 3245 2402 3290 et
2429 3247 2650 3306 propter
2677 3249 2829 3308 pacta
2854 3257 2973 3309 quae
2993 3255 3115 3296 cum
3143 3241 3249 3297 illis
3273 3241 3493 3308 fecerat,
3514 3247 3677 3301 dicit:

2050 3326 2254 3382 Memor
2281 3329 2373 3382 erit
2404 3329 2456 3382 in
2481 3330 2726 3384 saeculum
2759 3334 3047 3386 testamenti
3075 3334 3158 3388 sui
3187 3336 3380 3406 :quod
3417 3341 3680 3407 praecepit

2052 3421 2214 3474 etiam
2247 3419 2425 3475 Moses
2467 3422 2546 3476 eis
2594 3421 2919 3478 intrantibus
2962 3424 3014 3478 in
3061 3435 3260 3482 terram
3308 3429 3683 3498 promissionis

2051 3512 2233 3568 dicere
2284 3525 2338 3568 et
2381 3516 2641 3586 cogitare.
2678 3517 2761 3586 (a)
2794 3517 2854 3572 Si
2882 3519 3026 3573 enim
3075 3521 3435 3589 tediﬁcaveris,
3487 3525 3679 3594 inquit,

2051 3605 2197 3657 urbes
2248 3609 2547 3674 praeclaras,
2596 3616 2644 3660 et
2697 3610 2928 3677 pecuniae
2974 3609 3181 3664 divitias
3237 3613 3566 3684 adipiscaris,
3619 3634 3684 3670 ne

2051 3695 2261 3760 dixeris,
2310 3694 2533 3766 Pr0pter
2575 3715 2741 3751 meam
2778 3699 3039 3769 justitiam
3081 3702 3190 3756 haec
3219 3703 3358 3772 facta
3387 3717 3526 3768 sunt,
3569 3708 3680 3770 sed,

2055 3783 2276 3857 PrOpter
2301 3797 2452 3855 pacta
2496 3789 2623 3841 inita
2652 3805 2768 3842 cum
2803 3791 3033 3858 patribus
3075 3794 3173 3848 tuis
3214 3793 3397 3865 (Deut.
3427 3797 3480 3853 9.
3512 3799 3566 3852 4.
3600 3799 3679 3869 5).

2053 3878 2195 3932 Nihil
2247 3889 2330 3933 est
2376 3882 2518 3934 enim
2569 3879 2812 3938 deterius
2863 3887 3205 3956 arrogantia,
3258 3899 3312 3942 et
3365 3890 3487 3945 ideo
3534 3893 3682 3947 omni

2054 3971 2216 4024 modo
2243 3981 2298 4027 et
2325 3973 2535 4029 ratione
2566 3973 2706 4029 Deus
2737 3991 2856 4030 eam
2885 3978 3098 4034 assidue
3129 3991 3358 4035 resecat.
3405 3983 3456 4037 6.
3499 3983 3681 4037 Virtu-

2054 4073 2154 4118 tem
2182 4080 2393 4134 Operum
2445 4083 2654 4120 suorum
2687 4071 3010 4125 annuntiavit
3058 4075 3252 4140 populo
3279 4091 3394 4140 suo,
3431 4076 3482 4129 7.
3518 4088 3571 4130 ut
3600 4079 3685 4132 det

2052 4159 2156 4212 illis
2183 4159 2516 4214 hereditatem
2543 4163 2789 4232 gentium.
2817 4165 2858 4217 Λ
2888 4166 3232 4233 generalibus
3258 4171 3451 4223 transit
3478 4172 3543 4224 ad
3568 4173 3683 4227 sino

2053 4252 2254 4320 gularia
2286 4268 2303 4308 :
2336 4251 2405 4306 ab
2437 4253 2500 4307 iis
2532 4269 2653 4324 qua:
2698 4256 2832 4309 facta
2863 4268 2986 4310 sunt
3032 4257 3085 4310 in
3130 4258 3263 4314 orbe
3297 4269 3585 4329 terrarum,
3616 4265 3682 4318 ad

2054 4359 2117 4399 ea
2147 4359 2268 4414 quae
2295 4355 2592 4400 evenerunt
2623 4345 2842 4402 Judmis.
2871 4349 3230 4420 Quamquam,
3265 4353 3308 4406 si
3339 4354 3461 4422 quis
3493 4371 3555 4409 ea
3599 4356 3682 4409 til-

2057 4437 2288 4508 ligenter
2331 4440 2789 4507 consideraverit,
2837 4458 2901 4497 ea
2953 4460 3170 4514 quoque
3212 4445 3459 4502 obtinent
3503 4447 3682 4505 locum

2054 4529 2410 4598 generalium.
2441 4529 2574 4599 Quae
2605 4533 2747 4586 enim
2781 4533 2832 4585 in
2867 4533 2988 4589 illos
3021 4535 3156 4589 facta
3185 4546 3332 4601 sunt,
3353 4537 3686 4598 documenta

2055 4621 2175 4676 aliis
2201 4622 2573 4693 praebuerunt,
2603 4633 2657 4679 et
2686 4625 2845 4693 bella,
2874 4635 2927 4679 et
2954 4635 3181 4697 tmpaea,
3205 4637 3258 4683 et
3285 4630 3525 4685 Victoria:
3571 4633 3686 4689 foe--

2056 4722 2184 4769 runt
2215 4716 2279 4770 iis
2308 4716 2399 4784 qui
2426 4716 2713 4771 attendunt
2737 4714 2909 4772 instar
2940 4720 3363 4789 prmdicationis.
3390 4722 3504 4778 Non
3539 4729 3684 4783 enim

2059 4805 2296 4860 humano
2327 4822 2478 4861 more
2505 4818 2559 4862 et
2589 4808 2798 4873 ordine,
2830 4810 2926 4865 sed
2956 4826 3118 4882 supra
3161 4814 3426 4869 rationem
3459 4833 3520 4871 ea
3550 4833 3682 4873 eve-

2061 4897 2301 4951 niebant.
2349 4895 2590 4963 Quanam
2637 4901 2780 4955 enim
2835 4917 3014 4957 rerum
3064 4909 3452 4973 consequentia
3487 4907 3687 4970 factum

2058 4999 2162 5050 est,
2199 4997 2254 5042 ut
2279 4989 2358 5043 eis
2388 4989 2512 5043 tuba
2540 4993 2858 5047 canentibus
2884 4995 3082 5051 minoia
3109 5009 3453 5066 corruerent,
3482 5012 3538 5058 et
3566 5019 3688 5057 mu-

2062 5082 2160 5136 lier
2185 5081 2392 5138 ducens
2423 5085 2719 5153 exercitum
2754 5087 2997 5143 vinceret
3037 5100 3092 5145 et
3121 5093 3370 5162 superior
3408 5097 3685 5164 evaderet,

2061 5183 2114 5228 et
2147 5190 2342 5244 parvus
2368 5176 2581 5248 puellus
2619 5177 2766 5248 jactu
2797 5184 2953 5235 unius
2992 5184 3186 5253 lapidis
3230 5187 3367 5241 bella
3411 5188 3686 5246 barbarica

2061 5268 2354 5326 conﬁceret
2387 5271 2524 5343 (Ias.
2550 5274 2603 5328 6.
2626 5273 2717 5328 ‘20.
2740 5271 2871 5328 Iud.
2897 5277 2949 5330 4.
2981 5275 3031 5330 1.
3063 5295 3075 5332 t
3099 5280 3224 5352 Reg.
3252 5285 3337 5337 i7.
3363 5284 3500 5355 49)?
3527 5287 3689 5341 Multa

2061 5376 2277 5431 quoque
2308 5363 2409 5416 alia
2442 5364 2780 5421 incredibilia
2811 5377 2863 5422 et
2893 5369 3147 5436 opinione
3194 5377 3400 5443 majora
3433 5378 3510 5431 eis
3548 5394 3682 5433 eve-

2065 5455 2306 5509 niebant.
2345 5456 2417 5510 Ita
2462 5457 2645 5513 hostes
2689 5460 2953 5522 vicerunt.
2987 5463 3054 5517 ita
3095 5481 3160 5520 ω.
3195 5467 3475 5522 Palarstina
3517 5486 3682 5539 expu-

2067 5552 2264 5605 lerunt.
2290 5551 2516 5619 Quando
2559 5568 2690 5623 ergo
2735 5554 2884 5622 dicit,
2932 5555 3176 5613 Virtutem
3226 5578 3437 5632 operum
3467 5579 3687 5619 suorum

2127 5708 2201 5766 (a)
2236 5715 2648 5776 t‘nuesequuntur
2673 5713 2870 5776 omnino
2893 5711 3094 5763 diverse
3116 5717 3285 5776 jaceut
3309 5717 3354 5765 in
3371 5717 3685 5768 Deuto'om-

2063 5771 2192 5883 mini)
2204 5777 2256 5817 ut
2271 5769 2469 5890 giras.
2499 5773 2728 5821 nimirum
2750 5769 3341 5834 tlltrysestomus'sensum
3368 5793 3402 5829 π
3419 5785 3682 5838 ag'squau

2065 5846 2155 5882 ver
2196 5846 2219 5880 a
2243 5843 2266 5876 s
2339 5849 2364 5880 υ
2390 5843 2416 5880 a
2445 5864 2457 5878 .

2065 5843 2219 5882 verba
2243 5843 2457 5882 spectat.
