4058 6452
364 372 468 428 287

365 487 683 540 annuntiavit
729 487 916 557 papula
951 503 1063 549 suo,
1096 487 1227 541 nihil
1272 486 1413 542 aliud
1444 487 1593 555 dicit,
1624 504 1784 559 quam
1830 504 1953 544 eum

363 594 516 633 suam
541 580 843 634 ostendisse
883 579 1196 648 potentiam,
1228 579 1357 634 dum
1386 594 1493 635 non
1536 590 1737 635 tantum
1770 593 1957 651 gemes

362 668 602 736 ejiceret,
629 668 721 723 sed
749 684 814 723 co
845 668 1003 722 modo
1026 671 1263 738 ejicerct.
1294 687 1399 739 quo
1439 672 1669 726 maxime
1714 682 1959 741 poterant

361 777 710 831 cognoscere,
734 764 831 818 etsi
857 764 1030 832 priora
1055 764 1410 832 sufficiebant,
1428 765 1642 834 quando
1665 774 1781 820 erat
1808 768 1954 835 plaga

362 855 598 908 immissa
643 856 692 907 in
724 870 818 909 eos
847 856 1099 909 divinitus
1130 874 1145 910 :
1175 867 1226 911 et
1265 871 1331 911 eo
1368 857 1595 913 ducente
1637 859 1951 922 exercitum,

360 947 427 1000 de
459 947 694 1000 hostium
728 948 886 1001 rebus
917 949 1325 1004 decernebatur.
1356 949 1470 1003 Non
1496 952 1634 1003 enim
1670 967 1764 1018 per
1794 951 1951 1005 verba

358 1042 587 1102 tantum,
608 1036 702 1091 sed
728 1038 887 1091 etiam
923 1053 1016 1107 per
1042 1039 1178 1093 facta
1209 1054 1304 1094 eos
1324 1039 1566 1104 docebat,
1593 1056 1691 1110 per
1718 1042 1949 1105 calceos,

358 1140 455 1195 per
496 1136 693 1193 vestes,
727 1144 821 1197 per
868 1130 1196 1195 alimentum,
1251 1146 1347 1200 per
1393 1131 1566 1186 lucem
1612 1132 1855 1186 diurnam
1900 1143 1955 1186 ct

358 1228 694 1285 nocturnam,
746 1237 840 1290 per
884 1223 1102 1288 nubem,
1149 1239 1243 1292 per
1285 1222 1446 1289 bella,
1481 1239 1576 1293 per
1620 1239 1821 1293 pacem,
1858 1240 1953 1295 per

356 1321 579 1381 tropaea,
617 1329 710 1381 per
747 1315 1144 1383 agriculturam,
1179 1331 1273 1385 per
1304 1316 1543 1386 pluvias:
1576 1317 1754 1370 omnia
1794 1317 1947 1370 deni-

352 1417 459 1472 que
487 1417 671 1457 vocem
699 1405 1013 1459 emittebant
1044 1407 1324 1461 Dominum
1362 1408 1737 1476 .prazdieautia,
1769 1416 1825 1464 et
1848 1423 1945 1463 ex-

355 1505 612 1548 etccatam
658 1504 891 1550 mentem
940 1497 1289 1564 stimulahtia,
1329 1512 1429 1553 nec
1474 1498 1640 1552 ullum
1693 1514 1945 1568 umquam

353 1592 565 1653 tempus
592 1585 957 1642 intermissum
987 1596 1089 1652 est,
1129 1588 1181 1642 in
1225 1602 1332 1658 quo
1377 1602 1483 1644 non
1511 1586 1807 1659 frequentia
1852 1605 1945 1644 sua

351 1675 503 1745 signa
531 1676 844 1731 ostenderit.
880 1675 1051 1749 Opera
1087 1694 1332 1732 manuum
1366 1680 1495 1750 ejus,
1524 1681 1707 1733 veritas
1733 1690 1780 1733 et
1796 1680 1945 1747 judi-

352 1766 505 1821 cium.
541 1766 828 1837 Postquam
872 1768 939 1823 de
986 1770 1104 1838 ejus
1149 1770 1385 1839 potentia
1428 1769 1699 1838 disseruit,
1732 1770 1946 1826 disserit

350 1859 512 1914 etiam
547 1858 615 1915 de
656 1859 806 1929 justo
840 1860 1063 1931 judicio,
1099 1861 1240 1932 quod
1288 1877 1397 1917 non
1434 1863 1608 1918 solum
1652 1865 1941 1933 potentiam

349 1949 587 2007 ostendit
613 1950 663 2004 in
695 1951 762 2005 iis
787 1968 905 2021 qua:
934 1951 1076 2015 fecit,
1106 1952 1200 2009 scd
1229 1954 1391 2009 etiam
1412 1955 1641 2010 multam
1658 1955 1941 2025 justitiam.

351 2037 533 2110 Neque
551 2040 693 2095 enim
731 2049 918 2111 gentes
950 2045 1067 2098 sine
1095 2058 1255 2099 causa
1285 2045 1511 2114 expulit,
1535 2045 1748 2116 quando
1775 2045 1944 2117 voluit

348 2130 563 2187 Judzcos
605 2132 965 2198 introducere,
997 2134 1092 2190 sed
1123 2135 1283 2192 etiam
1307 2136 1429 2205 jure
1453 2137 1675 2207 expulit.
1723 2137 1788 2192 Et
1820 2137 1941 2194 ideo

347 2222 472 2277 alihi
507 2226 719 2295 quoque
758 2225 968 2280 dicebat
995 2225 1170 2282 Moses
1201 2242 1216 2281 :
1250 2225 1494 2283 Nondum
1523 2230 1653 2283 enim
1693 2230 1942 2300 completa

346 2323 463 2368 sunt
509 2325 713 2384 peccata
760 2316 1171 2371 Anton-lucorum
1206 2318 1360 2388 (Cen.
1403 2322 1488 2382 l5.
1530 2321 1643 2393 i6).
1691 2322 1815 2377 llaec
1842 2338 1940 2376 au-

346 2416 454 2463 tem
482 2422 589 2461 non
628 2400 931 2464 solum'iiiei
963 2418 1187 2479 possunt
1211 2411 1277 2466 de
1303 2411 1521 2479 Judu-is,
1551 2424 1605 2466 et
1632 2413 1702 2475 de
1726 2414 1790 2469 iis
1818 2430 1938 2484 qua:

347 2499 456 2555 illis
484 2509 800 2564 evenerunt,
826 2500 919 2555 sed
950 2517 1133 2557 rursus
1152 2504 1414 2572 generalis
1452 2516 1530 2559 σει
1562 2505 1754 2563 oratio.
1777 2506 1937 2573 Qum-

345 2604 573 2659 cumque
598 2591 738 2645 enim
781 2591 849 2647 ab
878 2606 943 2647 eo
968 2593 1101 2648 facta
1133 2604 1283 2660 sunt,
1307 2597 1503 2650 veritas
1539 2608 1661 2650 sunt
1698 2608 1752 2651 et
1791 2598 1933 2667 judi-

344 2681 486 2739 cium
516 2698 530 2747 ;
573 2682 855 2751 judicium,
885 2684 989 2741 hoc
1033 2696 1116 2742 est
1137 2686 1363 2756 justitia.
1408 2688 1555 2745 Snlct
1578 2700 1756 2745 autem
1784 2707 1928 2760 same

343 2768 621 2840 Scriptura
650 2774 928 2833 veritatem
950 2848 954 2853 θ
978 2791 1172 2833 vocare
1216 2777 1576 2843 clementiam.
1604 2781 1753 2847 Quod
1805 2798 1931 2855 ergo

342 2857 493 2925 dicit,
526 2870 606 2916 cst
634 2861 896 2932 ejusmodi
933 2880 1095 2925 zeum
1128 2867 1331 2936 justitia
1369 2879 1421 2923 et
1448 2873 1729 2927 clementia
1754 2874 1931 2928 omnia

345 2951 557 3009 miscuit
581 2965 636 3009 et
657 2957 991 3025 temperavit.
1023 2958 1084 3022 Si
1106 2960 1257 3015 enim
1279 2961 1390 3016 sola
1408 2962 1545 3033 juris
1572 2966 1778 3020 ratione
1805 2981 1933 3021 usus

343 3049 510 3109 esset,
540 3044 720 3099 omnia
759 3047 1059 3115 periissem.
1362 3106 1365 3107 ν
1526 3108 1529 3111 λ

412 3134 468 3190 ϐ.
511 3136 577 3190 Et
621 3137 742 3193 ideo
786 3138 872 3193 hic
900 3140 1014 3211 ipse
1034 3155 1256 3223 quoque.
1290 3144 1549 3216 propheta
1590 3146 1720 3213 alibi
1753 3147 1925 3203 dicit:

342 3220 429 3278 Ne
452 3224 609 3281 intres
630 3226 683 3280 in
691 3228 948 3298 judicium
966 3246 1080 3285 cum
1104 3220 1352 3289 servo‘tuo
1384 3250 1403 3288 :
1426 3236 1665 3306 quoniam
1704 3255 1805 3293 non
1840 3241 1927 3309 juo

339 3314 642 3383 stiﬁeabitur
659 3318 711 3371 in
733 3331 1002 3389 conspectu
1033 3332 1119 3375 tuo
1140 3326 1302 3402 omnis
1321 3326 1487 3382 vivens
1508 3326 1677 3399 (Psal.
1701 3330 1823 3386 H2.
1847 3332 1926 3399 2).

343 3402 413 3458 Et
443 3419 626 3461 rursus
659 3424 674 3461 :
702 3407 765 3463 Si
808 3411 1093 3481 iniquitates
1136 3416 1486 3483 observaveris,
1539 3418 1772 3489 Domine,
1819 3422 1929 3483 D0-

340 3496 491 3562 uu'ne,
522 3498 631 3567 quis
655 3501 913 3555 sustinebit
934 3502 1105 3575 (l’sal.
1138 3505 1260 3562 l29.
1294 3508 1391 3579 5)?
1418 3509 1779 3584 Quacumque
1798 3529 1927 3585 ergo

339 3585 407 3639 nh
435 3602 501 3641 eo
527 3588 676 3655 fiunt,
702 3588 783 3645 bis
810 3592 1048 3664 utriSque
1076 3595 1232 3665 plena
1258 3608 1400 3653 sunt.
1424 3594 1563 3655 Nam
1584 3602 1697 3659 sive
1717 3620 1927 3661 sununo

339 3688 541 3736 tantum
559 3681 681 3751 jure
711 3684 949 3740 officium
975 3688 1235 3759 exigeret,
1267 3693 1445 3747 omnia
1476 3694 1788 3762 interirent;
1813 3698 1927 3753 sive

335 3769 447 3825 sola
475 3781 710 3829 uteretur
727 3775 1032 3845 clementia,
1055 3781 1362 3851 complures
1380 3784 1732 3855 redderentur
1754 3792 1891 3861 negti
1905 3822 1923 3833 ο

333 3863 626 3930 gentiores.
676 3866 938 3935 Quocirca
980 3873 1202 3928 salutem
1262 3876 1537 3946 hominum
1588 3883 1819 3950 varians,
1855 3885 1922 3940 ad

333 3972 522 4013 eorum
550 3960 936 4017 correctionem
960 3962 1041 4018 his
1068 3966 1309 4036 utrisque
1338 3984 1466 4026 usus
1490 3979 1591 4026 est.
1631 3974 1684 4028 8.
1718 3972 1923 4031 Fidclia

333 4051 503 4103 omnia
519 4051 758 4107 mandata
768 4053 900 4123 ejus.
926 4052 979 4110 ld
998 4056 1137 4126 quod
1161 4057 1212 4111 in
1237 4059 1414 4115 multis
1428 4061 1580 4129 locis,
1602 4062 1689 4121 hic
1709 4082 1921 4137 quoque

334 4141 475 4208 facit,
506 4155 537 4195 a
563 4142 823 4220 sapientia
854 4156 1075 4215 quaeest
1104 4148 1154 4202 in
1183 4150 1466 4220 multiplici
1488 4168 1552 4210 ac
1591 4156 1737 4209 vario
1769 4173 1922 4214 crea-

334 4240 570 4285 turarum
600 4232 831 4303 opilit-io,
864 4244 913 4290 et
945 4236 1013 4290 ab
1043 4236 1159 4307 ejus
1186 4240 1515 4307 providentia
1546 4243 1611 4305 ad
1634 4246 1749 4315 ejus
1776 4247 1921 4319 leges

333 4323 621 4389 transiens,
650 4335 704 4379 et
752 4327 896 4383 illam
932 4338 1138 4399 putem
1190 4333 1538 4402 providentiae
1587 4353 1775 4395 rursus
1810 4349 1921 4394 tra-

330 4422 504 4471 etans.
536 4412 650 4467 Non
682 4416 859 4472 solum
874 4420 1015 4471 enim
1043 4419 1182 4490 quod
1215 4422 1375 4477 talem
1403 4435 1455 4479 et
1481 4435 1679 4481 tantam
1709 4442 1919 4486 creatu-

332 4518 443 4557 ram
475 4505 794 4570 condiderit,
820 4508 914 4563 sed
946 4511 1107 4581 etiam
1137 4512 1279 4582 quod
1306 4513 1477 4585 legem
1502 4517 1717 4584 tulerit,
1751 4521 1922 4579 homi-

332 4610 458 4647 num
488 4610 657 4666 genus
677 4600 930 4655 correxit.
957 4600 1026 4655 Ει
1052 4602 1170 4660 ideo
1193 4604 1247 4660 in
1268 4591 1477 4663 decimo
1497 4621 1687 4666 octavo
1706 4613 1921 4673 Paulino

329 4701 451 4739 cum
494 4697 744 4758 utrasque
772 4688 869 4745 has
900 4701 1076 4762 partes
1101 4694 1388 4764 divisisset,
1417 4700 1679 4771 incipiens
1706 4707 1917 4775 quidem

329 4775 463 4830 dixit
495 4794 508 4829 :
540 4776 665 4831 Catii
690 4791 929 4833 enarrant
956 4783 1170 4854 gloriam
1194 4784 1293 4843 Dei
1333 4786 1504 4859 (Psal.
1540 4792 1628 4848 18.
1662 4795 1719 4863 1)
1752 4814 1767 4850 :
1796 4812 1917 4852 cum

328 4863 503 4922 autem
529 4868 593 4921 ad
619 4868 851 4925 medimn
882 4876 1138 4939 venisset,
1170 4886 1224 4931 et
1244 4876 1312 4941 de
1327 4883 1599 4953 creatione
1619 4888 1917 4945 orationem

327 4958 665 5024 absolvisset,
694 4962 1004 5032 suhjunxit:
1034 4965 1142 5022 Leo:
1173 4967 1381 5031 Domini
1405 4973 1764 5045 immaculata,
1796 4998 1920 5037 con-

327 5058 520 5102 vertens
548 5052 743 5107 animus
771 5070 788 5107 :
816 5070 1119 5128 prteceptnm
1132 5057 1341 5116 Domini
1356 5064 1601 5134 lucidum,
1624 5070 1919 5129 illuminans

328 5418 461 5487 leges
488 5417 671 5474 divina
694 5423 850 5477 clara:
871 5433 917 5479 et
936 5434 1457 5496 permanentes.—lta
1488 5438 1573 5493 hic
1592 5441 1751 5495 etiam
1770 5456 1918 5513 post-

326 5522 487 5606 quam
515 5508 647 5564 dixit
686 5511 754 5566 de
794 5514 1067 5572 miraculis
1091 5562 1106 5586 ,
1130 5531 1183 5575 et
1208 5528 1325 5592 ejus
1352 5508 1920 5606 admirabilihus—Ope-

330 5597 496 5688 ribus,
527 5615 668 5656 nunc
685 5605 992 5673 aggreditur
1006 5608 1186 5667 dicere
1198 5613 1267 5669 de
1286 5618 1582 5688 praeeptis,
1608 5622 1684 5677 sic
1699 5597 1913 5685 dicens:

333 5685 539 5744 Fidelia
578 5696 747 5748 omnia
801 5699 1044 5754 mandata
1085 5704 1216 5773 ejus,
1252 5685 1649 5775 con/irnt'atavin
1677 5719 1915 5772 uetulum

324 5782 519 5850 δίει-ιιιί,
546 5787 685 5855 facta
704 5788 754 5841 in
785 5791 991 5848 veritate
1019 5805 1062 5849 rt
1082 5796 1345 5867 trquitata.
1372 5802 1484 5861 Non
1523 5804 1715 5865 frustra
1746 5812 1908 5869 dixit.

1087 372 1124 424 S
1183 370 1463 429 JOANNIS
1513 372 1989 430 CIIRYSOSTOMI
2046 373 2364 434 AliCllllrLl’.
2407 379 2946 437 CONSTANTINOP.

3566 380 3674 436 ‘383

2073 493 2277 559 Omnia,
2310 496 2402 550 sed
2444 505 2677 551 tractans
2720 496 2997 566 multiplex
3046 514 3212 567 genus
3258 508 3671 568 praerptormn,

2067 587 2243 655 posuit
2273 588 2408 642 hanc
2439 576 2748 641 dictionem.
2776 588 2908 642 Sunt
2946 589 3089 642 enim
3133 597 3394 657 przecepta
3438 589 3671 641 creatio-

2066 679 2170 745 nis,
2202 694 2321 749 quae
2343 679 2592 733 observat
2620 678 2797 731 tnnnis
2819 688 3084 745 creatura,
3117 678 3199 733 sol
3223 687 3278 733 et
3304 679 3450 741 luna,
3480 678 3596 733 dies
3620 689 3670 732 et

2066 787 2192 838 nox,
2217 781 2271 826 et
2295 771 2491 838 sidera,
2522 779 2785 838 terraeque
2811 782 2865 826 et
2886 779 3092 825 naturae
3109 785 3317 826 cursus.
3344 770 3481 825 Sunt
3506 771 3670 825 etiam

2066 873 2326 933 prmccpta
2379 879 2499 934 qua:
2544 863 2667 918 data
2713 874 2837 917 sunt
2882 854 3089 917 natura:
3127 862 3195 916 ab
3251 862 3422 929 initio,
3454 861 3671 932 quando

2066 957 2216 1008 tinxit
2244 955 2537 1020 hominem,
2561 954 2627 1009 de
2653 954 2847 1022 quibus
2868 954 2996 1008 dicit
3027 952 3221 1008 Paulus
3251 971 3264 1007 :
3291 953 3512 1021 Quando
3533 954 3673 1017 enim

2059 1056 2248 1114 gentes,
2280 1062 2393 1116 qua:
2421 1046 2580 1117 legam
2603 1062 2701 1100 non
2723 1045 2925 1111 habent,
2951 1062 3062 1115 quae
3081 1046 3203 1117 legis
3224 1054 3341 1100 sunt
3369 1055 3555 1100 natura
3581 1050 3669 1117 fa-

2059 1139 2198 1191 ciunt
2218 1180 2232 1202 ,
2259 1139 2297 1191 ii
2325 1139 2483 1209 legem
2520 1155 2620 1192 non
2651 1138 2918 1204 habentes,
2944 1138 3166 1207 sibiipsis
3193 1148 3310 1193 sunt
3350 1140 3432 1193 lea:
3476 1138 3665 1209 (Rom.

2057 1227 2115 1280 2.
2147 1228 2259 1298 Μ).
2290 1230 2357 1283 Ει
2384 1244 2571 1283 rursus
2598 1247 2610 1283 :
2642 1229 2971 1283 Condelector
2994 1230 3126 1284 enim
3153 1230 3249 1301 legi
3273 1229 3367 1283 Dei
3386 1232 3669 1285 secundum

2057 1318 2342 1372 interiorem
2371 1319 2624 1372 hominem
2656 1320 2673 1387 (
2704 1319 2852 1371 Rom.
2878 1320 2929 1372 7.
2954 1318 3069 1388 2‘2).
3096 1319 3230 1374 Sunt
3260 1321 3419 1374 etiam
3452 1335 3662 1390 prince-

2057 1418 2141 1478 pta
2173 1424 2294 1479 qu:e
2319 1411 2515 1479 scripta
2539 1419 2684 1465 sum.
2717 1409 2841 1464 llaec
2862 1410 3041 1464 omnia
3068 1418 3399 1465 manserunt.
3427 1410 3585 1478 Quod
3615 1407 3666 1466 si

2054 1501 2163 1555 sint
2187 1500 2348 1557 etiam
2370 1501 2545 1571 aliqua
2579 1501 2850 1567 abrogata,
2884 1516 2989 1555 non
3019 1501 3075 1555 in
3104 1501 3276 1570 pejus,
3306 1501 3399 1555 sed
3443 1501 3498 1555 in
3538 1516 3662 1556 me-

2054 1594 2155 1649 lius
2172 1602 2371 1648 mutata
2390 1602 2533 1647 sunt.
2552 1593 2683 1648 Illud
2706 1594 2870 1658 enim,
2890 1594 3009 1648 Non
3023 1594 3219 1648 occides
3236 1593 3429 1665 (Exod.
3445 1593 3660 1665 20.15),

2054 1701 2159 1740 non
2181 1695 2262 1757 est
2280 1685 2613 1755 abrogatum,
2634 1685 2726 1741 sed
2744 1696 2821 1741 est
2847 1685 3229 1756 amplificatam
3249 1703 3261 1737 :
3282 1696 3335 1741 et
3362 1684 3515 1753 illud,
3536 1684 3663 1741 Non

2049 1774 2365 1832 adulterabis
2389 1775 2494 1847 (1b.
2521 1794 2566 1832 υ.
2594 1778 2685 1846 Η)
2706 1819 2720 1842 ,
2758 1792 2863 1831 non
2897 1782 2980 1831 cst
3012 1776 3301 1842 sublatura,
3342 1776 3436 1833 sed
3482 1776 3661 1847 majus

2050 1871 2298 1927 elfeetum
2333 1880 2436 1925 est.
2471 1869 2534 1924 Et
2566 1869 2687 1925 ideo
2716 1868 2927 1923 dicebat
2951 1909 2966 1935 ,
2996 1866 3119 1922 Non
3143 1870 3254 1922 veni
3276 1869 3467 1923 solvere
3496 1869 3658 1938 legem

2048 1973 2138 2017 aut
2166 1962 2462 2034 prophetas,
2494 1963 2582 2017 sed
2606 1964 2885 2031 adimplere
2914 1961 3127 2033 (Matth.
3161 1962 3215 2017 5.
3246 1959 3355 2033 l7).
3377 1961 3477 2029 Qui
3505 1963 3656 2017 enim

2048 2072 2156 2111 non
2187 2056 2453 2121 irascitur,
2486 2056 2656 2113 multo
2682 2055 2849 2125 magis
2877 2070 2906 2107 a
2936 2053 3087 2110 caede
3115 2054 3410 2110 abstinebit
3438 2073 3451 2109 :
3481 2065 3536 2110 et
3561 2058 3655 2127 qui

2047 2143 2333 2218 impudicis
2353 2148 2523 2202 oculis
2552 2162 2655 2202 non
2682 2148 2896 2215 aspicit,
2926 2145 3138 2217 longius
3162 2147 3231 2202 ab
3265 2147 3530 2205 adulterio
3559 2162 3653 2204 se-

2045 2234 2155 2295 det.
2189 2240 2296 2295 Lex
2329 2255 2456 2310 ergo
2501 2238 2603 2293 hoc
2636 2238 2798 2294 habet
2837 2240 2888 2293 in
2933 2239 3119 2309 primis
3144 2240 3425 2307 eximium,
3452 2255 3653 2311 nempe

2045 2331 2499 2386 immortalitatem
2528 2340 2583 2385 et
2606 2331 3016 2401 perpetuitatem
3040 2370 3057 2398 ,
3083 2329 3172 2386 lex
3197 2346 3391 2402 nempe
3419 2332 3652 2388 creatio-

2044 2424 2161 2487 nis,
2189 2422 2270 2477 lex
2307 2432 2535 2490 natunr,
2572 2422 2655 2477 lex
2691 2422 3055 2492 philosophice,
3089 2431 3144 2477 et
3171 2422 3255 2478 lex
3295 2422 3427 2478 Novi
3462 2423 3651 2479 Testa-

2042 2518 2230 2572 nienti.
2262 2515 2386 2572 Ideo
2429 2517 2557 2571 dicit
2587 2533 2600 2569 :
2634 2514 2826 2570 (Italum
2872 2525 2921 2569 et
2959 2524 3095 2570 terra
3140 2515 3428 2570 transibunt
3450 2558 3465 2581 ,
3498 2517 3649 2572 verba

2040 2620 2208 2664 autem
2238 2626 2349 2664 mea
2378 2626 2479 2663 non
2505 2609 2788 2665 transibam
2819 2608 3031 2679 (Matth.
3066 2608 3158 2663 ει.
3189 2610 3285 2680 55)
3311 2628 3324 2663 :
3354 2610 3646 2668 extendens

2039 2716 2227 2756 eorum
2270 2699 2719 2763 immobilitatem.
2749 2700 3115 2771 Quaecumque
3152 2702 3297 2756 enim
3348 2702 3459 2757 vult
3502 2702 3646 2759 Deus

2040 2807 2279 2860 manere,
2324 2808 2386 2847 ea
2429 2801 2648 2847 manent
2678 2801 2969 2863 perpetuo,
3004 2802 3059 2847 et
3105 2792 3238 2847 nihil
3280 2803 3365 2849 est
3405 2794 3547 2866 quod
3578 2812 3645 2852 ca

2038 2897 2270 2940 moveat.
2302 2882 2467 2938 Facta
2494 2886 2549 2939 in
2578 2886 2786 2939 veritate
2807 2896 2854 2939 et
2880 2886 3133 2955 (equitate.
3159 2886 3295 2953 Quid
3322 2897 3424 2948 est.
3458 2886 3525 2941 In
3554 2904 3641 2943 oe-

2037 2976 2186 3030 ritate
2211 2986 2257 3030 et
2288 2976 2525 3045 tenuitate
2543 2976 2570 3030 .’
2592 2974 2735 3031 Nihil
2759 2984 2876 3043 est,
2906 2976 3114 3047 inquit,
3142 2977 3192 3031 in
3218 2980 3298 3033 eis
3323 2978 3598 3050 obliquum
3622 3022 3639 3047 ,

2036 3066 2169 3122 nihil
2212 3074 2550 3134 contortum,
2587 3067 2718 3123 nihil
2757 3067 3044 3124 obscurum
3072 3111 3085 3136 ,
3115 3069 3251 3124 nihil
3297 3071 3365 3127 ad
3413 3074 3639 3141 gratiam

2036 3159 2218 3222 ullam,
2266 3168 2358 3213 aut
2402 3157 2613 3225 odium,
2641 3159 2734 3214 sed
2766 3162 2943 3216 omnia
2986 3160 3054 3215 ad
3096 3161 3295 3217 bonum
3344 3172 3400 3219 et
3439 3164 3642 3221 utilita-

2038 3260 2197 3316 tem;
2247 3265 2354 3304 non
2408 3248 2546 3304 sicut
2601 3250 2750 3321 leges
2803 3250 3121 3319 hominum,
3151 3269 3271 3324 qua:
3324 3269 3514 3326 magna
3569 3271 3639 3312 ex

2037 3352 2185 3411 parte
2222 3350 2346 3396 sunt
2392 3351 2816 3407 momentanczc,
2844 3352 2901 3396 et
2947 3343 3220 3410 Obsciirm,
3256 3353 3312 3400 et
3336 3360 3456 3414 qua:
3494 3345 3638 3400 mul-

2036 3443 2149 3488 tum.
2196 3433 2393 3489 habent
2436 3449 2502 3488 ex
2556 3433 2792 3488 homine.
2824 3433 2903 3489 Ex
2947 3435 3195 3492 humanis
3232 3438 3375 3492 enim
3426 3448 3639 3508 pertur-

2033 3524 2336 3581 bationibus
2383 3526 2566 3580 multa:
2612 3543 2755 3595 HL‘pc
2803 3528 2947 3597 lrgcs
2998 3528 3118 3583 lata:
3160 3539 3305 3584 sunt.
3358 3530 3636 3587 Inimicum

2031 3617 2173 3673 enim
2197 3616 2478 3695 ulciscens,
2505 3617 2585 3671 vel
2608 3618 2783 3672 amico
2799 3618 3085 3687 gratiﬁcari
3106 3620 3314 3687 volens,
3338 3623 3533 3693 scripta
3562 3624 3635 3681 ita

2031 3720 2289 3780 concepta
2310 3710 2629 3789 composuit.
2655 3712 2723 3765 At
2746 3726 2850 3765 non
2873 3722 2995 3767 sunt
3016 3711 3161 3784 leges
3181 3713 3377 3783 divinas
3399 3716 3636 3784 ejusmo-

2030 3802 2106 3869 di,
2129 3802 2221 3857 sed
2246 3812 2461 3858 manent
2480 3802 2592 3857 sole
2613 3803 2885 3868 clariores,
2908 3814 3212 3875 quaerentes
3232 3807 3512 3864 utilitatem
3541 3824 3629 3867 eo-

2028 3909 2146 3948 rum
2168 3892 2363 3963 quibus
2400 3894 2661 3961 feruntur,
2692 3894 3015 3963 deducentes
3039 3912 3135 3953 eos
3162 3898 3229 3954 ad
3257 3900 3525 3964 virtutem,
3571 3913 3629 3958 et

2026 3982 2095 4039 ad
2141 3999 2321 4040 rerum
2348 3985 2627 4040 veritatem
2655 4003 2669 4052 ;
2699 4001 2803 4041 non
2832 3988 2899 4042 ad
2925 3987 3040 4044 haec
3061 3989 3360 4059 mendacia,
3392 3992 3628 4057 divitias,

2029 4075 2263 4145 inquam,
2294 4084 2349 4131 et
2370 4080 2695 4147 potentiam;
2727 4077 2842 4133 lucc
2860 4079 3003 4134 enim
3029 4079 3159 4136 falsa
3182 4091 3345 4147 sunt;
3376 4099 3495 4153 qua:
3535 4083 3631 4140 Dei

2026 4179 2202 4221 autem
2232 4177 2377 4233 sunt,
2418 4178 2544 4221 sunt
2564 4169 2760 4223 veritas
2786 4186 2800 4223 :
2823 4185 2997 4240 neque
3020 4172 3288 4241 quomodo
3316 4173 3443 4229 [iant
3472 4175 3635 4230 ditio-

2028 4273 2134 4325 res,
2167 4274 2341 4328 neque
2367 4260 2638 4328 quomodo
2664 4262 2947 4331 prtcsentia
2972 4275 3345 4335 assequamur,
3377 4268 3469 4321 scd
3496 4284 3634 4338 quo-

2028 4349 2188 4403 modo
2214 4348 2403 4405 futuris
2430 4348 2533 4405 frui
2564 4352 2787 4421 possint,
2817 4352 3093 4411 docentes.
3116 4357 3191 4413 De
3221 4358 3363 4413 veris
3391 4372 3443 4414 et
3461 4362 3629 4416 rectis

2027 4441 2210 4509 rebus,
2235 4452 2289 4497 et
2307 4458 2427 4513 qua:
2449 4446 2577 4499 nihil
2599 4445 2799 4501 habent
2818 4462 3151 4518 perversum,
3174 4454 3352 4509 omnia
3374 4454 3631 4512 dixerunt

2028 4532 2132 4586 illa:
2161 4532 2325 4603 lrges.
2358 4532 2565 4591 Fidelia
2592 4539 2765 4593 omnia
2793 4540 3037 4595 mandata
3066 4544 3196 4614 ejus.
3225 4544 3360 4611 Quid
3402 4558 3506 4611 rst,
3534 4548 3629 4601 lii-

2026 4625 2200 4679 delia?
2229 4626 2426 4693 Eirma,
2467 4632 2760 4687 manentia.
2794 4631 2907 4687 Etsi
2934 4637 3076 4690 enim
3122 4639 3508 4704 trausiliantur.
3542 4658 3632 4699 se-

2025 4728 2259 4787 quuntur
2283 4720 2562 4790 supplicia,
2593 4730 2648 4777 et
2695 4737 2757 4777 ea
2787 4724 3008 4780 minime
3046 4726 3454 4798 labefactantur,
3487 4744 3542 4787 et
3584 4735 3629 4788 si

2028 4806 2270 4863 homines
2313 4824 2376 4864 ea
2418 4810 2898 4883 transgrediantur,
2946 4815 3087 4873 Deus
3116 4831 3296 4875 tamen
3345 4836 3410 4877 ea
3455 4822 3633 4879 vindi-

2025 4910 2129 4955 cat.
2172 4901 2250 4957 Ne
2280 4918 2408 4971 ergo
2436 4919 2498 4959 ea
2528 4904 2729 4961 dixeris
2756 4907 2895 4965 dicta
2928 4925 3050 4967 esse
3092 4912 3374 4972 minaciter
3399 4924 3493 4973 aut
3529 4916 3631 4989 hy-

2028 4993 2313 5063 perbolice.
2342 4994 2512 5052 Nemo
2538 4998 2707 5069 legem
2740 5000 2938 5067 ferens,
2968 5002 3095 5060 dicit
3129 5014 3334 5062 tantum
3364 5018 3423 5063 ut
3452 5010 3628 5066 mine-

2026 5095 2132 5153 tur,
2150 5088 2257 5142 sed
2287 5088 2457 5143 etiam’
2479 5099 2537 5144 ut
2565 5098 2805 5163 castiget.
2834 5094 2889 5150 Si
2917 5108 3094 5153 autem
3132 5115 3233 5157 non
3265 5102 3417 5159 valde
3436 5106 3630 5163 credas

2025 5177 2094 5234 de
2121 5179 2329 5247 futuris,
2362 5181 2558 5237 faciant
2588 5185 2678 5240 tibi
2708 5186 2865 5242 iidem
2895 5194 3188 5259 pneterita.
3217 5193 3372 5260 Quod
3403 5195 3501 5253 fuit
3529 5198 3629 5252 ita-

2026 5284 2129 5339 que
2156 5281 2398 5341 tempore
2429 5270 2542 5328 Noe
2566 5273 2846 5345 diluvium,
2871 5293 2925 5333 et
2953 5280 3307 5341 Sodomorum
3332 5287 3629 5360 conﬂagra--

2027 5360 2122 5425 tio,
2172 5371 2228 5416 et
2269 5360 2564 5419 Pharaonis
2610 5369 2852 5437 exitium,
2898 5380 2955 5426 et
3000 5372 3306 5432 Judzcorum
3356 5379 3626 5447 interitus,

2025 5451 2377 5523 captivitates,
2410 5464 2465 5509 et
2492 5454 2652 5522 bella,
2684 5461 2736 5516 in
2766 5462 2997 5520 minisne
3024 5470 3401 5539 constiterunt,
3434 5487 3503 5528 an
3532 5474 3627 5531 deo

2024 5542 2181 5599 ducta
2214 5554 2339 5601 sunt
2363 5544 2431 5600 ad
2453 5562 2632 5605 rerum
2660 5554 3125 5623 experimentum?
3152 5559 3304 5629 Quod
3331 5564 3376 5618 si
3407 5579 3469 5619 ea
3499 5581 3627 5623 vere

2026 5638 2159 5692 facta
2203 5646 2350 5707 sunt,
2387 5653 2509 5711 qure
2554 5654 2706 5700 erant
2744 5646 2797 5702 in
2841 5648 3008 5719 ligura
3039 5669 3053 5706 :
3093 5656 3262 5709 multo
3300 5658 3472 5729 magis
3505 5675 3626 5730 qua:

2025 5730 2230 5784 suntin
2269 5730 2652 5806 veritate,.quo
2689 5740 2863 5808 major
2888 5740 2987 5797 fuit
3021 5743 3380 5803 admissurum
3423 5749 3624 5822 impru-

2027 5821 2163 5877 bitas
2181 5832 2303 5894 post
2332 5833 2533 5883 tantam
2562 5830 2881 5891 medicinam
2907 5845 2958 5894 ct
2991 5841 3404 5901 correctionem.
3421 5845 3474 5904 9.
3493 5845 3620 5903 lica-

4056 2726 4058 2781 |

4056 2798 4058 2925 ἓ

4056 2928 4058 3013 ι

4055 3090 4058 3173 Α

4056 3418 4058 3499 ι

4056 3842 4058 3925 1

4056 3982 4058 4061 i

4056 4114 4058 4225 l

4056 4240 4058 4309 i
