4058 6432
352 375 454 438 ἓὸτ

348 507 533 562 ναμιν.
587 487 688 557 οὐχ
718 485 909 551 ἅπλῶς
964 488 1246 543 ἐκϐάλλων
1277 487 1344 540 τὰ
1390 483 1540 553 ἔθνη,
1591 479 1727 534 ἀλλά
1763 475 1952 562 τρόπῳ

345 557 594 642 τοίούτῳ,
625 569 693 624 δι’
737 562 802 624 οῦ
845 569 1080 642 μάλιστα
1116 570 1350 641 ἠδύνατο
1385 566 1585 640 εἰδέναι
1622 561 1833 633 σαφῶς,
1874 557 1953 642 ὡς

346 659 395 710 εἰ
432 654 528 708 καὶ
556 653 627 706 τά
665 641 912 724 πρότερα
932 653 1114 724 ἢρκει,
1141 655 1230 707 ὅτε
1250 665 1274 693 ι
1304 650 1566 723 θεήλατος
1599 642 1668 718 ἦν
1696 648 1730 716 ἡ
1763 641 1949 712 πληγὴ

344 740 466 794 κατ’
500 737 726 794 ἐκείνων
768 737 1050 808 γινομένη,
1083 739 1177 791 xal
1214 734 1381 790 αὐτοῦ
1421 730 1859 804 στρατηγοῦντος
1880 725 1952 778 τά

351 823 454 877 τῶν
481 821 762 893 πολεμίων
787 821 1035 894 ἐκρίνετο
1055 822 1378 894 πράγματα.
1401 818 1476 873 Οὐ
1505 811 1616 889 γὰρ
1643 814 1708 886 δὴ
1744 811 1832 867 διὰ
1852 814 1951 882 ῥη-

348 907 558 976 μάτων,
599 903 736 958 ἀλλά
782 906 878 958 καὶ
919 903 1008 958 διὰ
1046 904 1392 976 πραγμάτων
1433 901 1632 963 αὐτοὺς
1671 895 1947 956 ἐπαίδευε,

346 990 413 1042 δι’
439 987 828 1058 ὑποδημάτων,
862 986 952 1041 διὰ
985 987 1234 1059 ἱματίων,
1260 987 1347 1041 διὰ
1389 985 1619 1057 τροφῆς,
1649 981 1738 1036 διά
1769 979 1950 1048 φωτὸς

345 1071 664 1144 νυκτερινοῦ
696 1073 791 1127 καὶ
819 1071 1104 1144 ὴμερινοῦ,
1137 1072 1228 1126 διὰ
1264 1071 1516 1139 νεφέλης,
1541 1067 1630 1122 διὰ
1668 1065 1945 1134 πολέμων.

343 1156 432 1212 διά
461 1155 706 1226 εἰρήνης,
737 1153 826 1207 διὰ
852 1154 1150 1224 τροπαίων,
1182 1154 1270 1207 διά
1300 1152 1595 1223 γεωργίας,
1628 1148 1720 1202 διὰ
1751 1147 1942 1208 ὑετῶν,

345 1241 442 1295 καί
466 1239 645 1293 πάντα
667 1239 851 1310 φωνὴν
879 1239 1032 1308 ἠφίει
1053 1238 1146 1291 τὸν
1171 1238 1450 1308 Δεσπότην
1476 1232 1943 1305 ἀνακηρύττοντα,

345 1324 442 1378 καὶ
468 1323 570 1393 τὴν
599 1321 1022 1392 πεπωρωμένην
1047 1320 1228 1374 αὐτῶν
1253 1319 1495 1373 διάνοιαν
1519 1315 1944 1376 κατανύττοντα,

344 1409 442 1464 xal
472 1406 650 1470 οὐδεὶς
678 1407 871 1477 χρόνος
910 1405 1181 1468 ἐνέλιπεν,
1215 1407 1273 1458 ὲν
1298 1396 1344 1472 ᾧ
1387 1403 1462 1474 μὴ
1509 1401 1710 1472 συνεχῆ
1741 1400 1945 1470 σημεῖα

343 1489 514 1547 αὐτοῦ
548 1489 915 1544 ἐπεδείκνυτο.
962 1489 1151 1558 Ἔργα
1187 1485 1402 1558 χειρῶν
1448 1485 1659 1548 αὑτοῦ,
1693 1482 1947 1548 ἀλήθεια

343 1575 443 1630 καὶ
485 1575 706 1642 κρίσις.
773 1571 990 1642 Ἐπειδὴ
1029 1571 1158 1642 περὶ
1195 1571 1296 1641 τῆς
1333 1569 1617 1640 δυνάμεως
1650 1565 1817 1620 αὐτοῦ
1862 1566 1945 1620 δι-

342 1658 567 1728 ελέχθη,
585 1656 892 1726 διαλέγεται
920 1656 1017 1708 καὶ⁵
1056 1655 1186 1726 περὶ
1213 1655 1310 1725 τῆς
1333 1653 1756 1724 δικαιοκρισίας,
1783 1651 1864 1704 ὅτι
1882 1649 1943 1704 ού

347 1741 511 1812 μόνον
558 1739 789 1812 δύναμιν
833 1739 893 1791 ἐν
921 1732 1004 1802 οἷς
1045 1737 1220 1791 ἐποίει
1254 1736 1375 1790 τότε
1407 1735 1779 1797 ἐπεδείκνυτο,
1808 1731 1946 1786 ἀλλά

343 1825 441 1876 καὶ
481 1821 680 1892 πολλὴν
720 1821 821 1892 τὴν
866 1819 1238 1890 δικαιοσύνην.
1307 1819 1442 1872 ούδέ
1481 1819 1590 1890 γάρ
1623 1817 1815 1881 άπλῶς
1853 1816 1944 1884 ἐξ·

343 1904 507 1959 έδαλε
533 1905 603 1959 τά
625 1903 776 1974 ἔθνη.
799 1903 991 1975 ἐπειδὴ
1005 1901 1292 1965 Ἰουδαίους
1320 1903 1641 1972 εἰσαγαγεῖν
1667 1900 1942 1962 ἐϐούλετο,

341 1987 482 2042 ἀλλά
521 1986 661 2058 μετά
691 1985 787 2040 τοῦ
817 1986 1050 2041 δικαίου.
1089 1985 1190 2040 Διά
1215 1984 1377 2038 τοῦτο
1423 1986 1516 2038 καὶ
1553 1983 1791 2056 ἀλλαχοῦ
1829 1982 1947 2036 ἕλε-

341 2089 440 2141 γεν
483 2073 513 2124 ὁ
556 2070 835 2140 Μωῡσῆς·
902 2069 1080 2124 Οὔπω
1128 2071 1239 2140 γὰρ
1285 2069 1832 2140 ἀναπεπλήρωνται
1883 2070 1946 2122 αὶ
1983 2095 1986 2100 -

343 2158 625 2227 ἁμαρτίαι
653 2154 772 2209 τῶν
809 2155 1195 2226 Ἀμορῤαίων.
1236 2156 1420 2210 Ταῦτα
1453 2157 1511 2210 δὲ
1543 2157 1645 2210 ούκ
1679 2156 1773 2210 ἐπὶ
1809 2157 1943 2209 Ἰουο

342 2239 510 2295 δαίων
538 2238 686 2292 ἐστιν
715 2241 890 2294 εἰπεῖν
923 2239 1106 2310 μόνον,
1145 2238 1238 2292 καὶ
1271 2238 1382 2293 τῶν
1428 2239 1661 2303 ἐκείνοις
1710 2237 1944 2308 συμϐαι-

345 2321 568 2382 νόντων,
612 2320 749 2374 ἀλλά
779 2321 942 2375 πάλιν
975 2319 1265 2385 καθολικὸς
1309 2323 1338 2376 ό
1379 2321 1540 2391 λόγος
1570 2321 1709 2391 ἐστί.
1754 2321 1942 2376 Πάντα

343 2405 456 2476 γάρ
511 2403 580 2460 τὰ
629 2404 721 2458 ὑπ’
768 2405 934 2460 αὐτοῦ
985 2405 1257 2475 γενόμενα
1300 2390 1530 2477 ἀλήθεια
1572 2390 1668 2461 καὶ
1715 2407 1896 2479 κρίσις
1923 2423 1936 2436 ·

343 2487 546 2562 κρίσις,
575 2487 820 2542 τουτέστι
848 2487 1190 2560 δικαιοσύνη.
1233 2483 1389 2543 Οἶδεν
1425 2489 1482 2543 δέ
1528 2489 1788 2562 ἀλήθειαν
1812 2489 1943 2566 πολ-

341 2571 502 2637 λάκις
548 2573 581 2641 ἠ
628 2568 824 2642 Γραφὴ
871 2569 965 2623 καί
1007 2569 1109 2641 τὴν
1151 2570 1568 2644 φιλανθρωπίαν
1608 2573 1810 2640 λέγειν.
1873 2573 1942 2625 Ὃ

340 2653 523 2708 τοίνυν
550 2654 721 2723 λέγει,
762 2653 1006 2708 τοιοῦτόν
1042 2655 1214 2719 ἐστιν,
1249 2655 1332 2708 ὅτι
1360 2654 1501 2726 μετά
1529 2655 1632 2725 τῆς
1659 2653 1940 2708 δικαιοσύ-

340 2753 439 2808 νης
478 2739 576 2791 καὶ
615 2735 1030 2807 φιλανθρωπίας
1072 2736 1146 2790 τὰ
1187 2737 1366 2791 πάντα
1399 2737 1677 2809 ἀνέμιξεν.
1726 2737 1789 2792 Εἰ
1836 2737 1942 2809 γὰρ

338 2820 405 2892 δὴ
439 2821 604 2892 μόνον
633 2819 712 2892 τῷ
759 2818 854 2875 τοῦ
890 2819 1101 2874 δικαίου
1144 2819 1414 2892 ἐκέχρητο
1459 2820 1628 2892 λόγῳ,
1663 2821 1845 2876 πάντα
1874 2821 1942 2874 ἀν

342 2903 635 2961 ἀπολώλει.

415 3021 492 3088 ς’.
511 3021 604 3076 Διὸ
621 3022 715 3074 καὶ
731 3012 890 3084 οὗτος
903 3021 932 3074 ὁ
948 3019 1237 3092 προφήτης
1254 3020 1490 3091 ἀλλαχοῦ
1505 3020 1654 3090 λέγει
1670 3038 1684 3052 ο
1704 3020 1804 3088 Μὴ
1817 3022 1942 3073 εἰο-⁶

339 3107 529 3175 unm
558 3107 647 3172 εἰς
672 3103 879 3173 κρίσιν
893 3104 1045 3173 μετὰ
1069 3102 1180 3158 τοῦ
1200 3103 1430 3159 δούλου
1455 3119 1574 3159 σου
1593 3122 1606 3135 ·
1640 3105 1730 3159 ὅτι
1759 3107 1833 3159 οὐ
1855 3104 1944 3158 δι-

339 3187 741 3256 καιωθήσεται
755 3186 1014 3242 ἐνώπιόν
1031 3203 1148 3246 σου
1169 3184 1290 3251 πᾶς
1310 3186 1441 3249 ζῶν.
1463 3189 1572 3242 Kal
1593 3188 1778 3242 πάλιν·
1806 3189 1942 3244 Ἐὰν

337 3273 596 3342 ἀνομίας
615 3270 1035 3340 παρατηρήσῃ,
1068 3271 1265 3338 Κύριε.
1306 3271 1506 3339 Κύριε,
1554 3272 1648 3339 τίς
1666 3275 1940 3342 ὑποστή-

335 3371 542 3418 σεταις
572 3353 757 3407 Πάντα
781 3353 962 3406 τοίνυν
981 3353 1050 3406 τὰ
1068 3353 1160 3406 ὑπ’
1190 3353 1359 3407 αὐτοῦ
1383 3355 1645 3425 γινόμενα
1659 3357 1942 3429 ἑκατέρων

338 3439 502 3510 γέμει
544 3437 770 3491 τούτων.
822 3438 923 3490 Ἀν
957 3453 1017 3489 τε
1041 3439 1150 3509 γὰρ
1195 3438 1256 3491 τὸ
1281 3439 1491 3493 δίκαιον
1519 3441 1724 3512 ἀπαιτῇ
1756 3443 1940 3512 μόνον,

338 3521 519 3576 πάντα
556 3521 623 3574 ἂν
645 3517 912 3591 διεφθάρη
933 3536 946 3549 ·
992 3521 1042 3574 εἰ
1071 3519 1129 3573 δέ
1156 3519 1544 3595 φιλανθρωπίᾳ
1569 3523 1712 3598 μόνῃ
1735 3526 1940 3600 κέχρησ

335 3622 450 3667 ται,
483 3607 534 3659 οί
562 3604 784 3667 πλείους
825 3603 894 3658 ἀν
923 3603 1166 3672 ἐγίνοντο
1209 3605 1595 3678 ῥᾳθυμότεροι.
1657 3609 1754 3664 Διά
1780 3611 1941 3665 τοῦτο

337 3688 635 3744 ποικίλλων
674 3688 773 3758 τὴν
821 3687 1096 3757 σωτηρίαν
1143 3688 1252 3741 τῶν
1285 3688 1616 3761 ἀνθρώπων,
1653 3692 1939 3766 ἑκατέροις

335 3772 550 3834 τούτοις
581 3772 662 3835 εἰς
700 3770 802 3841 τὴν
840 3769 1128 3841 διόρθωσιν
1159 3771 1340 3824 αὐτῶν
1377 3772 1665 3843 κέχρηται.
1724 3778 1940 3831 Πισταὶ

335 3855 529 3911 πᾶσαι
573 3856 634 3910 αἰ
679 3854 922 3908 ἐντολαὶ
971 3855 1179 3910 αὐτοῦ.
1236 3857 1415 3928 Ὅπερ
1459 3857 1728 3929 πολλαχοῦ
1773 3864 1936 3928 ποιεῖ,

334 3939 494 3994 τοῦτο
517 3939 611 3992 καὶ
640 3937 877 3991 ἐνταῦθα
910 3937 1224 4009 ἐργάζεται,
1257 3938 1366 3993 ἀπὸ
1398 3939 1501 4012 τῆς
1529 3943 1723 4012 σοφίας
1753 3945 1853 4015 τῆς
1879 3947 1938 3999 ἐν

333 4029 399 4098 τῇ
430 4027 653 4100 ποικίλῃ
691 4025 1025 4097 δημιουργίᾳ
1067 4026 1163 4080 καὶ
1207 4026 1312 4098 τῆς
1354 4028 1681 4100 κηδεμονίας
1713 4032 1807 4086 ἐπὶ
1837 4034 1938 4106 τὴν

335 4109 662 4182 νομοθεσίαν
695 4109 1061 4180 μεταϐαίνων,
1105 4109 1391 4166 καὶτοῦτο
1421 4114 1584 4168 πάλιν
1627 4117 1792 4170 κινῶν
1837 4119 1938 4190 τῆς

334 4193 594 4264 προνοίας
617 4193 680 4247 τὸ
712 4193 902 4264 μέρος.
937 4194 1012 4247 Ού
1041 4192 1154 4265 γὰρ
1169 4193 1232 4264 δὴ
1264 4195 1425 4264 μόνον
1447 4197 1524 4267 τῷ
1543 4199 1728 4253 κτίσαι
1758 4201 1936 4255 κτίσιν

333 4275 604 4348 τοσαύτην
644 4278 739 4330 καὶ
778 4275 1132 4346 τηλικαύτην,
1174 4276 1310 4331 ἀλλά
1342 4279 1420 4349 τῷ
1448 4280 1540 4333 τὸν
1571 4282 1737 4352 νόμον
1765 4279 1936 4339 θεῖναι

332 4360 395 4413 τὸ
431 4359 544 4414 τῶν
577 4359 883 4432 ἀνθρώπιον
925 4358 1205 4430 διώρθωσε
1245 4361 1423 4428 γένος.
1485 4365 1578 4418 Διὸ
1623 4367 1718 4419 καὶ
1769 4370 1829 4421 ἐν
1857 4369 1936 4440 τῷ

333 4442 790 4524 ὀκτωκαιδεκάτῳ
822 4443 1024 4515 ψαλμῷ
1049 4446 1340 4516 ἀμφότερα
1378 4447 1552 4502 ταῦτα
1579 4451 1648 4503 τά
1684 4453 1829 4524 μέρη
1855 4455 1935 4508 δι-

334 4523 492 4592 ελὼν,
513 4526 816 4596 ἀρχόμενος
847 4527 944 4596 μὲν
968 4527 1183 4596 έλεγεψ
1225 4533 1290 4583 Ol
1316 4531 1561 4598 οὐρανοὶ
1584 4533 1935 4602 διηγοῦνται

332 4606 522 4702 δοξαν
552 4608 702 4704 ρεοῦ
720 4625 732 4639 ·
763 4610 930 4704 ’πρὸς
948 4609 1020 4704 ,δὲ
1051 4621 1114 4704 τὸ
1136 4617 1313 4704 ,μέσον
1338 4613 1531 4704 ἐλθὼν,
1561 4617 1656 4670 καὶ
1684 4619 1775 4670 τὸν
1806 4621 1960 4704 περὶ,ὃ

334 4690 430 4761 τῆς
477 4691 712 4754 κτίσεως
751 4692 1064 4762 ἀπαρτίσας
1090 4693 1250 4763 λόγον
1298 4697 1614 4767 ἐπήγαγεν·
1664 4701 1718 4752 '0
1749 4690 1935 4770 νόμος(

333 4773 555 4856 Κυρίου
598 4772 862 4842 ἄμωμος,
922 4776 1302 4847 ἐπιστρέφων
1330 4781 1577 4850 ψυχάςο
1626 4784 1663 4850 ὴ
1710 4785 1931 4856 ἐντολὴ

335 4855 556 4924 Κιιοίου
582 4857 918 4926 τηλαυγὴς,
955 4858 1300 4928 φωτίζουσα
1327 4865 1690 4935 ὀφθαλμούς.

402 4970 560 5026 Οῦτω
589 4971 656 5044 δὴ
697 4974 792 5026 καὶ
833 4973 1091 5040 ἐνταῦθα,
1121 4976 1294 5031 εἰπὼν
1333 4981 1462 5051 περί
1491 4981 1601 5035 τῶν
1629 4986 1932 5055 τεραστίων

334 5057 570 5143 καὶτῶν
609 5056 906 5143 θαυμάτων
952 5060 1151 5124 αὐτοῦ,
1207 5064 1304 5117 καὶ
1344 5065 1453 5119 τῶν
1486 5066 1686 5138 ἔργων,
1724 5071 1803 5133 εἰς
1831 5073 1931 5143 τὴν

330 5140 611 5226 τῶν
653 5141 885 5226 ἐντολῶν
923 5144 1182 5200 ὑπόθεσιν
1223 5151 1592 5222 μεταχειρίζει
1631 5157 1728 5209 τὸν
1771 5140 1930 5226 λόγον

333 5221 481 5306 [274]
514 5223 660 5278 οῦτω
681 5225 887 5294 λέγων’
915 5229 1130 5282 Πισταί
1147 5230 1338 5286 πᾶσαι
1365 5238 1426 5288 al
1452 5221 1696 5292 ἐντολαὶ
1716 5221 1927 5306 αὑτοῦ,

331 5305 749 5394 ἐοςτηριγμέτξαι
777 5312 864 5376 εἰς
902 5312 1009 5365 τὸν
1044 5310 1232 5370 αἰῶνα
1264 5315 1372 5370 τοῦ
1406 5319 1644 5387 αἰῶνος,
1682 5305 1930 5394 πεποιηέ

328 5388 500 5454 μέγ-αι
540 5391 610 5444 ὲν
653 5392 906 5460 ἀληθείᾳ
934 5395 1032 5446 καί
1062 5397 1361 5464 εὐθύτητι.
1415 5403 1525 5472 Ούχ
1560 5405 1750 5468 ἁπλῶς
1780 5388 1925 5473 εἷπε,

331 5475 545 5539 Πᾶσαι,
581 5476 718 5529 ἀλλά
755 5479 888 5533 πολὺ
928 5480 1082 5547 γένος
1123 5483 1355 5540 ἐντολῶν
1389 5489 1686 5554 ἀνακινῶν,
1721 5495 1926 5568 ταύτην

328 5557 539 5612 τέθεικε
572 5561 671 5630 τὴν
692 5560 855 5629 λέξιν.
907 5564 1016 5617 Καὶ
1039 5565 1146 5636 γάρ
1190 5569 1400 5624 ἐντολαί
1431 5575 1568 5628 εἰσιν
1596 5579 1650 5630 αἱ
1679 5579 1778 5650 τῆς
1805 5557 1926 5636 κτί-

396 5780 416 5807 ⁶
445 5775 598 5830 Savil.
625 5780 716 5842 ὅτι,
738 5783 826 5830 sed
851 5784 928 5832 ὅτε
961 5785 1078 5848 Ih‘g.

1527 360 1901 423 EXPOSITIO
1944 359 2008 413 IN
2051 356 2387 416 PSALMUM
2428 358 2543 414 CX.

3560 357 3668 416 288

2062 487 2222 534 σεως.
2258 471 2325 538 ἃς
2353 474 2606 548 διατηρεῖ
2638 477 2784 531 πᾶσα
2817 477 2851 547 ἡ
2887 473 3093 539 κτίσις,
3127 473 3277 546 ἥλιος
3301 473 3397 527 καὶ
3443 472 3666 546 σελήνη,

2057 563 2244 634 ἡμέρα
2286 564 2382 620 καὶ
2427 566 2556 632 νὺξ,
2588 567 2684 621 καὶ
2709 567 2961 640 ἀστέρες,
2990 565 3086 621 καὶ
3110 565 3216 636 γῆς
3253 564 3281 604 δ
3319 564 3416 618 καὶ
3451 561 3670 632 φύσεως

2053 649 2276 722 δρόμος.
2312 651 2556 706 Ἐντολαί
2585 655 2726 708 εἰσιν
2754 655 2902 726 αἰτῇ
2927 653 3089 723 φύσει
3116 651 3360 706 δοθεῖσαι
3386 649 3446 716 ἐξ
3466 649 3665 722 ἀρχῆς,

2053 735 2145 788 ὅτε
2175 735 2268 789 τὸν
2295 735 2585 808 ἄνθρωπον
2604 737 2864 803 ἔπλαττε,
2897 731 3129 816 περίὧν
3155 737 3392 816 φησινκό
3419 734 3665 799 Παῦλος·

2057 819 2238 872 Ὅταν
2276 819 2389 889 γὰρ
2419 820 2566 889 ἔθνη
2585 861 2600 887 ,
2633 823 2707 878 τὰ
2748 820 2838 893 μὴ
2868 814 3060 892 νόμον
3089 814 3362 890 ἔχοντα(
3379 819 3564 888 φύσει
3593 817 3668 872 τὰ

2052 901 2160 956 τοῦ
2185 901 2374 973 νόμου
2400 903 2565 974 ποιῇ,
2597 901 2766 962 οὗτοι
2795 907 2988 975 νόμον
3013 905 3104 975 μὴ
3128 905 3397 972 ἔχοντες,
3426 899 3669 966 ἑαυτοῖς

2051 988 2173 1038 εἰσι
2213 987 2418 1056 νόμος.
2461 989 2574 1042 Kal
2605 988 2797 1044 πάλιν·
2833 987 3181 1057 Συνήδομαι
3234 985 3344 1056 γτίρ
3382 982 3460 1051 τῷ
3503 983 3667 1054 νόμω

2052 1068 2160 1122 τοῦ
2211 1070 2363 1126 Θεοῦ
2393 1072 2545 1126 κατὰ
2578 1075 2689 1128 τὸν
2729 1073 2854 1128 ἔσω
2889 1071 3228 1140 ἄνθρωπον.
3275 1069 3521 1124 Ἐντολαί
3556 1070 3666 1122 εἰσι

2053 1152 2148 1206 καὶ
2173 1156 2230 1206 αἰ
2269 1155 2532 1226 γραπται.
2575 1157 2686 1210 Kal
2732 1149 2897 1210 αῦται
2936 1158 3108 1210 πᾶσαι
3143 1157 3546 1225 μεμενήκασιν.
3602 1154 3666 1206 El

2050 1233 2107 1288 δέ
2136 1253 2283 1300 τινες
2314 1238 2716 1308 κατελύθησαν,
2762 1241 2864 1294 οὐκ
2894 1239 2988 1293 ἐπὶ
3019 1238 3082 1293 τὸ
3105 1241 3311 1309 χεῖρον,
3345 1235 3461 1290 ἀλλ’
3486 1237 3580 1288 ἐπὶ
3605 1233 3668 1288 τὸ

2052 1315 2262 1386 βέλτιον
2299 1321 2893 1394 μεταρρυθμισθεῖσαι.
2928 1323 3002 1375 Τὸ
3033 1321 3164 1393 γὰρ,
3201 1322 3284 1375 οὐ
3313 1320 3664 1390 φονεύσεις,

2049 1401 2109 1453 ού
2139 1402 2436 1476 κατελύθη,
2460 1405 2576 1460 ἀλλ’
2608 1406 2852 1478 ἐπετάθη
2873 1422 2886 1436 ·
2933 1406 3030 1460 καὶ
3055 1405 3139 1468 τὸ,
3177 1408 3260 1458 Οὐ
3285 1404 3662 1480 μοιχεύσεις,

2047 1485 2150 1538 οὐκ
2183 1487 2493 1559 ἠφανίσθη,
2535 1489 2676 1544 ἀλλά
2713 1487 2900 1561 μεῖζον
2931 1487 3145 1558 γέγονε.
3202 1487 3295 1540 Διὸ
3321 1487 3416 1540 xal
3451 1486 3662 1554 ἔλεγεν,

2054 1569 2175 1622 Οὐκ
2207 1565 2402 1638 ἦλθον
2429 1572 2770 1628 καταλῦσαι
2805 1570 2914 1626 τὸν
2942 1572 3152 1641 νόμον,
3180 1569 3220 1638 ἢ
3253 1569 3398 1635 τοὺς
3431 1568 3665 1640 προφή-

2049 1666 2178 1715 της,
2197 1651 2373 1706 ἀλλὰ
2405 1653 2748 1722 πληρῶσαι.
2796 1655 2856 1708 '0
2883 1653 2992 1728 γὰρ
3023 1654 3099 1726 μὴ
3132 1650 3512 1724 ὀργιζόμενος,
3532 1651 3666 1703 πσλ-

2048 1733 2126 1804 λῷ
2153 1735 2357 1805 μᾶλλον
2381 1736 2476 1790 τοῦ
2499 1738 2662 1808 φόνου
2676 1738 2946 1808 »ἀφέξεται
2961 1754 2988 1782 ὀ
3009 1738 3108 1792 καὶ
3135 1738 3164 1790 ό
3188 1736 3264 1809 μὴ
3293 1735 3510 1806 βλέπων
3533 1735 3666 1788 ἀκο⁶

2048 1818 2266 1884 λάστοις
2307 1821 2628 1892 ὀφθαλμοῖς,
2673 1823 3014 1895 μακρότερον
3056 1821 3158 1894 τῆς
3205 1819 3452 1893 μοιχείας
3491 1817 3663 1888 ἐσκή-

2048 1921 2238 1957 νωται.
2300 1905 2358 1960 '0
2387 1907 2571 1960 τοίνυν
2611 1907 2780 1978 νόμος
2809 1907 2972 1962 τοῦτο
3008 1907 3248 1978 μάλιστα
3275 1905 3390 1977 ἔχει
3427 1903 3492 1957 τὸ
3518 1902 3664 1969 ἐξαί-

2051 2003 2230 2056 ρετον,
2262 1988 2324 2042 τὸ
2360 1989 2654 2056 ἀθάνατον,
2689 1992 2753 2045 τὸ
2785 1991 3059 2063 διηνεκὲς,
3090 1991 3189 2044 καὶ
3218 1991 3247 2044 ὁ
3275 1989 3376 2059 τῆς
3404 1987 3661 2051 κτίσεως,

2047 2071 2142 2123 καὶ
2174 2073 2203 2124 ό
2231 2073 2483 2140 φυσικὸς,
2513 2075 2611 2128 καὶ
2636 2077 2665 2129 ό
2689 2075 2791 2146 τῆς
2817 2074 3164 2144 φιλοσοφίας,
3187 2073 3284 2126 καὶ
3321 2071 3423 2141 τῆς
3450 2069 3662 2140 Καινῆς

2047 2155 2349 2226 Διαοήκης.
2409 2159 2502 2212 Διό
2535 2176 2704 2230 φησιν
2735 2176 2750 2190 ·
2791 2159 2846 2212 ’0
2897 2157 3160 2228 οὐρανὸς
3197 2157 3294 2212 καὶ
3337 2154 3376 2222 ἠ
3406 2153 3484 2230 γῆ
3512 2170 3662 2224 παρ-

2046 2239 2404 2295 ελεύσονται
2427 2279 2443 2305 ,
2491 2243 2546 2296 οἰ
2573 2241 2644 2296 δὲ
2670 2243 2841 2312 λόγοι
2861 2258 2985 2310 μου
3014 2241 3088 2296 οὐ
3125 2239 3213 2310 μὴ
3247 2239 3662 2309 παρελεύσον-

2047 2343 2143 2380 ται
2167 2345 2179 2358 ·
2222 2329 2286 2382 τὸ
2317 2330 2578 2402 ἀκίνητον
2608 2331 2796 2384 αὐτῶν
2837 2329 3037 2401 δηλῶν.
3094 2330 3284 2384 Πάντα
3318 2327 3429 2400 γὰρ
3463 2327 3566 2381 ὅσα
3592 2326 3660 2380 ἂν

2049 2414 2307 2489 βούληται
2343 2417 2528 2488 μένειν
2563 2419 2592 2470 ό
2637 2419 2803 2484 Θεὸς,
2847 2419 3002 2489 μένει
3039 2417 3336 2488 διηνεκῶς,
3379 2415 3477 2470 xal
3505 2413 3660 2468 οὐδέν

2047 2505 2163 2556 ἐστι
2202 2505 2264 2558 τὸ
2303 2496 2489 2562 κινοῦν
2519 2508 2681 2563 αὐτά.
2719 2507 3134 2578 Πεποιημέναι
3166 2507 3238 2559 ἐν
3275 2503 3532 2573 ἀληθείᾳ
3559 2501 3661 2556 καὶ

2044 2595 2346 2663 εὐθύτητι.
2404 2596 2472 2649 Τί
2514 2599 2704 2664 ἐστιν,
2757 2598 2856 2650 ἐν
2899 2595 3159 2665 ἀληθείᾳ
3199 2593 3298 2648 καὶ
3342 2593 3660 2659 Wﬁlin)“;

2046 2682 2213 2734 Οὐδὲν
2251 2683 2468 2749 αὑταῖς,
2505 2686 2662 2757 φησί,
2712 2684 2956 2751 σκολιὸν,
3003 2684 3156 2737 οὐδὲν
3191 2679 3659 2754 πραγγαλιῶδεςο

2044 2768 2198 2822 οῦδὲν
2227 2769 2456 2840 ἀσαφὲς,
2511 2773 2666 2828 οὐδὲν
2698 2774 2837 2856 πρὸς
2879 2774 3043 2845 χάριν
3075 2771 3221 2835 τινὰ,
3253 2771 3287 2842 ἢ
3332 2769 3658 2856 ἀπέχθειᾳνο

2044 2856 2180 2909 ἀλλὰ
2208 2859 2385 2912 πάντα
2412 2860 2551 2931 πρὸς
2567 2862 2627 2914 τὸ
2647 2855 2930 2934 συμφέρον
2953 2861 3045 2914 καὶ
3063 2858 3344 2922 λυσιτελές
3360 2875 3374 2888 ο
3399 2859 3462 2911 ού
3488 2855 3660 2912 καοάο

2046 2961 2152 3014 περ
2177 2947 2226 2999 οἰ
2265 2947 2601 3018 ἀνθρώπινοι
2637 2951 2817 3021 νόμοι,
2854 2951 2993 3004 πολὺ
3048 2950 3147 3020 μὲν
3184 2947 3402 3019 ἔχοντες
3432 2946 3493 3000 τὸ
3535 2946 3658 2999 ἐπίο

2045 3050 2117 3104 κη
2124 3051 2238 3103 ρον,
2259 3035 2396 3089 πολὺ
2417 3036 2473 3089 δὲ
2497 3037 2561 3090 τὸ
2581 3038 2819 3108 ἀσαφὲς,
2841 3039 2977 3092 πολὺ
2994 3036 3051 3091 δέ
3070 3037 3132 3091 τὸ
3153 3036 3519 3108 ἀνθρώπινον.
3545 3035 3657 3090 Kal

2043 3118 2154 3189 γὰρ
2183 3118 2292 3171 ἀπὸ
2326 3119 2689 3192 ἀνθρωπίνων
2717 3122 2910 3176 παθῶν
2938 3123 3127 3176 πολλοὶ
3157 3121 3422 3185 πολλάκις
3458 3119 3650 3191 ἐτέθη-

2046 3223 2164 3261 σαν.
2222 3209 2333 3261 Kal
2358 3208 2466 3281 γὰρ
2496 3211 2589 3265 τὸν
2620 3211 2812 3283 ἐχθρὸν
2850 3213 3217 3284 ἀμυνόμενος,
3257 3212 3291 3283 ἢ
3327 3211 3468 3282 φίλῳ
3497 3208 3651 3282 χειρί·

2045 3294 2232 3360 ζεσθαι
2267 3298 2609 3370 βουλόμενος,
2661 3300 2806 3355 οὓτω
2847 3301 2920 3356 τά
2969 3303 3279 3374 γράμματα
3331 3301 3653 3372 συνέθηκεν.

2056 3383 2197 3438 Ἀλλ’
2226 3387 2326 3458 οὐχ
2370 3390 2420 3442 οἰ
2461 3388 2596 3443 θεῖοι
2641 3389 2912 3454 τοιοῦτοι,
2955 3391 3072 3444 ἀλλ’
3113 3389 3267 3461 ἡλίου
3303 3389 3654 3460 φαιδρότεροι

2046 3475 2301 3544 μένουσι,
2380 3477 2442 3531 τὸ
2501 3479 2786 3553 συμφέρον
2843 3479 2955 3534 τῶν
3001 3479 3483 3552 νομοθετουμένων
3533 3480 3655 3532 ἐπι-

2043 3562 2368 3634 ζητοῦντες,
2415 3567 2679 3639 καὶπρὸς
2740 3568 2943 3640 ἀρετὴν
2998 3569 3200 3633 αὐτοὺς
3257 3567 3650 3636 ἐπανάγοντες,

2042 3652 2136 3706 καὶ
2175 3653 2313 3723 πρὸς
2343 3653 2443 3724 τὴν
2471 3654 2583 3708 τῶν
2618 3657 2964 3728 πραγμάτων
2989 3656 3271 3728 ἀλήθειαν,
3315 3656 3377 3709 ού
3421 3654 3559 3727 πρὸς
3583 3654 3652 3708 τὰ

2040 3738 2209 3811 ψευδῆ
2247 3741 2451 3808 ταῦτα,
2494 3741 2724 3798 πλοῦτον
2759 3744 2905 3812 λέγω
2945 3746 3040 3798 καὶ
3080 3743 3402 3798 δυναστείαν
3441 3741 3651 3808 (ταῦτα

2041 3827 2150 3898 γάρ
2176 3827 2378 3899 ψευδῆ·
2430 3829 2502 3882 τὰ
2543 3831 2600 3884 δὲ
2627 3831 2721 3884 τοῦ
2753 3832 2891 3885 Θεοῦ
2924 3833 3208 3902 ἀλήθεια),
3248 3832 3348 3903 οὐχ
3380 3833 3529 3894 ὅπως
3553 3831 3649 3898 γέ·

2042 3927 2218 3964 νοιντο
2243 3911 2639 3986 εὐπορώτεροι,
2669 3915 2778 3968 οὐδ’
2810 3917 2958 3981 ὅπως
2993 3915 3102 3968 τῶν
3132 3915 3420 3988 παρόντων
3455 3913 3649 3968 ἐπιτύ-

2040 4011 2187 4064 χοιεν
2205 4034 2220 4059 ,
2273 3995 2388 4048 ἀλλ’
2431 3997 2581 4062 ὅπως
2611 3998 2722 4053 τῶν
2752 3999 3056 4070 μελλόντων
3085 3998 3479 4064 ἀπολαύσαιεν,
3502 3997 3651 4052 διδά-

2043 4097 2289 4147 σκοντες.
2355 4084 2493 4156 Περὶ
2529 4085 2641 4138 τῶν
2680 4086 2898 4158 ἀληθῶν
2935 4089 3284 4158 πραγμάτων
3323 4087 3420 4141 καὶ
3447 4086 3647 4158 ὀρθῶν,

2040 4170 2136 4222 καὶ
2164 4169 2319 4224 οὐδὲν
2347 4172 2584 4243 ἐχόντων
2604 4175 3064 4246 διεστραμμένον,
3087 4177 3300 4228 ἅπαντα
3328 4173 3649 4227 είπονίέκεῖ-

2037 4274 2118 4312 νοι
2152 4260 2204 4312 οί
2240 4261 2416 4331 νόμοι.
2463 4263 2680 4318 Πισταὶ
2713 4261 2907 4319 πᾶσαι
2949 4266 3008 4318 al
3045 4264 3290 4318 ἐντολαὶ
3330 4264 3538 4318 αὑτοῦ.
3582 4263 3648 4316 Τί

2040 4345 2179 4436 ἐστι,
2209 4349 2464 4436 Illa-tat;
2491 4349 2739 4415 Βέὸαιαι,
2771 4350 3056 4421 μένουσαι.
3103 4352 3224 4436 Κάν
3253 4351 3363 4436 γάρ
3398 4351 3649 4422 παρασα-

2039 4431 2230 4498 θῶσιν,
2275 4423 2331 4488 αἰ
2365 4437 2627 4509 τιμωρίαι
2657 4438 2880 4492 ’ἐπονται
2904 4477 2918 4500 ,
2973 4439 3069 4492 καὶ
3109 4433 3272 4493 αὗται
3297 4423 3358 4492 ὃὺ
3387 4439 3648 4493 σαλεύον-

2036 4537 2128 4574 ται
2149 4536 2164 4551 ⁶
2219 4522 2348 4576 εἰδὲ
2381 4523 2661 4595 ἄνθρωποι
2702 4525 3049 4596 παραδῶσιν,
3103 4527 3218 4580 ἀλλ’
3247 4530 3275 4580 ὁ
3307 4526 3440 4591 Θεὸς
3473 4529 3643 4592 αὑτὰς

2037 4609 2262 4663 ἐκδικεῖ.
2298 4611 2390 4683 Μὴ
2415 4613 2595 4667 τοίνυν
2627 4613 2775 4683 λέγε,
2797 4616 2880 4667 ὅτι
2908 4615 3046 4685 πρὸς
3075 4615 3307 4686 ἀπειλὴν
3335 4617 3548 4690 είρηται
3575 4619 3646 4671 τὰ

2037 4699 2326 4769 εἰρημένα,
2374 4700 2407 4770 ἢ
2452 4701 2853 4772 ὑπερϐολικῶς.
2889 4703 3106 4767 -υύδείς
3145 4703 3452 4774 νομοθετῶν
3505 4706 3645 4776 πρὸς

2035 4786 2268 4859 ἀπειλὴν
2322 4789 2471 4857 λέγει
2516 4791 2701 4861 μόνον,
2757 4792 2897 4846 ἀλλά
2944 4792 3210 4866 καὶπρὸς
3236 4796 3641 4866 σωφρονισμόν.

2036 4873 2098 4926 Εἰ
2125 4873 2184 4926 δὲ
2213 4876 2275 4928 ού
2312 4877 2517 4947 σφόδρα
2544 4879 2821 4944 πιστεύεις
2856 4881 2998 4951 θπὲρ
3027 4883 3138 4935 τῶν
3171 4882 3501 4953 μελλόντων,
3530 4885 3642 4938 ἀπὸ

2035 4961 2144 5014 τῶν
2188 4963 2572 5034 παρελθόντων
2625 4967 2870 5037 λάμϐανε
2916 4970 3014 5040 τὴν
3045 4970 3339 5036 ἀπόδειξιν.
3410 4971 3470 5025 Ὀ
3509 4973 3643 5040 γοῦν

2038 5049 2190 5122 [275]
2226 5052 2319 5106 ἐπὶ
2347 5052 2444 5105 τοῦ
2472 5054 2596 5106 Νῶε
2617 5055 3025 5127 κατακλυσμὸς,
3055 5059 3151 5112 καὶ
3229 5059 3322 5111 ἐπὶ
3351 5059 3462 5112 τῶν
3493 5060 3644 5114 Σοδό-

2038 5157 2154 5208 μων
2201 5143 2568 5213 πυρπόλησις,
2610 5145 2707 5198 καὶ
2754 5148 2786 5214 ὴ
2836 5147 2932 5200 ἐπὶ
2968 5147 3064 5201 τοῦ
3109 5148 3311 5220 Φαραὼ
3367 5149 3640 5215 ἀπώλεια,

2035 5229 2127 5281 καὶ
2150 5230 2182 5298 ἡ
2209 5229 2316 5282 τῶν
2334 5231 2603 5285 Ἰουδαίων
2631 5233 2998 5306 πανωλεθρία,
3023 5237 3118 5290 καὶ
3152 5239 3208 5289 αἱ
3241 5238 3639 5309 αἰχμαλωσίαι,

2033 5316 2126 5368 καὶ
2155 5319 2203 5368 οί
2235 5318 2484 5389 πόλεμοι,
2517 5316 2626 5389 ἆρα
2653 5321 2885 5392 ἀπειλῆς
2910 5325 3070 5389 εἰσιν,
3099 5326 3132 5397 ἢ
3160 5327 3356 5398 πείρας
3379 5329 3644 5400 πραγμά-

2030 5421 2173 5470 τωνς
2211 5406 2274 5458 Εἰ
2301 5407 2356 5458 δὲ
2390 5409 2457 5460 τὰ
2484 5410 2542 5461 ἐν
2578 5410 2657 5480 τῷ
2689 5410 2845 5480 τύπῳ
2865 5411 3080 5480 γέγονε,
3113 5414 3295 5486 πολλῷ
3324 5415 3527 5485 μᾶλλον
3572 5418 3641 5471 τά

2031 5493 2089 5543 ὲν
2122 5497 2188 5563 τῇ
2224 5495 2476 5566 ἀληθείᾳ,
2521 5500 2632 5568 ὅσῳ
2668 5499 2762 5552 καὶ
2799 5501 3004 5570 μείζων
3045 5504 3078 5574 ή
3118 5507 3358 5574 πονηρία
3398 5506 3508 5558 τῶν
3535 5507 3638 5559 αύ-

2030 5581 2141 5644 τοῖς
2157 5583 2581 5654 τετολμημένων
2608 5585 2748 5656 μετὰ
2768 5575 3042 5661 τὸσαύτην
3067 5590 3367 5662 θεραπείαν
3389 5595 3483 5648 καὶ
3501 5595 3640 5667 διόρ·

2073 5806 2122 5844 σι’
2148 5806 2307 5856 Malim
2331 5812 2409 5857 καὶ
2448 5818 2524 5871 γῆ.
2565 5813 2664 5864 Sed
2691 5814 2800 5864 sine
2847 5819 3148 5868 adu-(ornate
3181 5834 3291 5867 mss.
3326 5821 3446 5870 nihil
3475 5826 3631 5871 unum.
