  <div class='ocr_page' id='page_1' title='image "/cluster/home/n/w/nwhite01/storage/ocr_20150623/55/ien.35556001660828/284.png"; bbox 0 0 4058 6434; ppageno 0'>
   <div class='ocr_carea' id='block_1_1' title="bbox 297 419 401 476">
    <p class='ocr_par' dir='ltr' id='par_1_1' title="bbox 297 419 401 476">
     <span class='ocr_line' id='line_1_1' title="bbox 297 419 401 476; baseline -0.019 -2"><span class='ocrx_word' id='word_1_1' title='bbox 297 419 401 476; x_wconf 55' lang='grc' dir='ltr'><strong>ὲ-Νῦ</strong></span> 
     </span>
    </p>
   </div>
   <div class='ocr_carea' id='block_1_2' title="bbox 293 507 1912 604">
    <p class='ocr_par' dir='ltr' id='par_1_2' title="bbox 293 507 1912 604">
     <span class='ocr_line' id='line_1_2' title="bbox 293 507 1912 604; baseline -0.017 -14"><span class='ocrx_word' id='word_1_2' title='bbox 293 538 602 604; x_wconf 61' lang='lat' dir='ltr'><strong>emptionem</strong></span> <span class='ocrx_word' id='word_1_3' title='bbox 640 530 777 586; x_wconf 87' lang='lat' dir='ltr'><strong>misit</strong></span> <span class='ocrx_word' id='word_1_4' title='bbox 811 525 1058 583; x_wconf 84' lang='lat' dir='ltr'><strong>Dominus</strong></span> <span class='ocrx_word' id='word_1_5' title='bbox 1104 519 1296 594; x_wconf 79' lang='lat' dir='ltr'><strong>populo</strong></span> <span class='ocrx_word' id='word_1_6' title='bbox 1320 533 1435 574; x_wconf 88' lang='lat' dir='ltr'><strong>suo.</strong></span> <span class='ocrx_word' id='word_1_7' title='bbox 1466 512 1620 585; x_wconf 85' lang='lat' dir='ltr'><strong>Quod</strong></span> <span class='ocrx_word' id='word_1_8' title='bbox 1647 509 1714 566; x_wconf 88' lang='lat' dir='ltr'><strong>ad</strong></span> <span class='ocrx_word' id='word_1_9' title='bbox 1741 507 1912 604; x_wconf 46' lang='lat' dir='ltr'><strong>bisto:</strong></span> 
     </span>
    </p>
   </div>
   <div class='ocr_carea' id='block_1_3' title="bbox 294 600 1915 699">
    <p class='ocr_par' dir='ltr' id='par_1_3' title="bbox 294 600 1915 699">
     <span class='ocr_line' id='line_1_3' title="bbox 294 600 1915 699; baseline -0.017 -14"><span class='ocrx_word' id='word_1_10' title='bbox 294 600 431 685; x_wconf 75' lang='lat' dir='ltr'><strong>riam</strong></span> <span class='ocrx_word' id='word_1_11' title='bbox 459 626 677 699; x_wconf 77' lang='lat' dir='ltr'><strong>quidem</strong></span> <span class='ocrx_word' id='word_1_12' title='bbox 705 623 921 687; x_wconf 86' lang='lat' dir='ltr'><strong>attinet,</strong></span> <span class='ocrx_word' id='word_1_13' title='bbox 948 619 1077 675; x_wconf 85' lang='lat' dir='ltr'><strong>dicit</strong></span> <span class='ocrx_word' id='word_1_14' title='bbox 1101 616 1413 673; x_wconf 85' lang='lat' dir='ltr'><strong>libertatem</strong></span> <span class='ocrx_word' id='word_1_15' title='bbox 1435 605 1785 667; x_wconf 65' lang='lat' dir='ltr'><strong>Iudaeorum:</strong></span> <span class='ocrx_word' id='word_1_16' title='bbox 1819 600 1915 659; x_wconf 89' lang='lat' dir='ltr'><strong>sed</strong></span> 
     </span>
    </p>
   </div>
   <div class='ocr_carea' id='block_1_4' title="bbox 292 699 1911 789">
    <p class='ocr_par' dir='ltr' id='par_1_4' title="bbox 292 699 1911 789">
     <span class='ocr_line' id='line_1_4' title="bbox 292 699 1911 789; baseline -0.018 -11"><span class='ocrx_word' id='word_1_17' title='bbox 292 722 338 777; x_wconf 83' lang='lat' dir='ltr'><strong>si</strong></span> <span class='ocrx_word' id='word_1_18' title='bbox 389 721 446 777; x_wconf 93' lang='lat' dir='ltr'><strong>id</strong></span> <span class='ocrx_word' id='word_1_19' title='bbox 483 718 812 789; x_wconf 79' lang='lat' dir='ltr'><strong>accipiamus</strong></span> <span class='ocrx_word' id='word_1_20' title='bbox 838 711 1159 784; x_wconf 76' lang='lat' dir='ltr'><strong>anogogice,</strong></span> <span class='ocrx_word' id='word_1_21' title='bbox 1197 707 1503 764; x_wconf 84' lang='lat' dir='ltr'><strong>libertatem</strong></span> <span class='ocrx_word' id='word_1_22' title='bbox 1541 699 1689 756; x_wconf 85' lang='lat' dir='ltr'><strong>orbis</strong></span> <span class='ocrx_word' id='word_1_23' title='bbox 1729 707 1911 764; x_wconf 69' lang='lat' dir='ltr'><strong>terra,</strong></span> 
     </span>
    </p>
   </div>
   <div class='ocr_carea' id='block_1_5' title="bbox 299 789 1915 886">
    <p class='ocr_par' dir='ltr' id='par_1_5' title="bbox 299 789 1915 886">
     <span class='ocr_line' id='line_1_5' title="bbox 299 789 1915 886; baseline -0.017 -17"><span class='ocrx_word' id='word_1_24' title='bbox 299 813 448 886; x_wconf 84' lang='lat' dir='ltr'><strong>quod</strong></span> <span class='ocrx_word' id='word_1_25' title='bbox 488 812 652 867; x_wconf 82' lang='lat' dir='ltr'><strong>etiam</strong></span> <span class='ocrx_word' id='word_1_26' title='bbox 682 804 946 879; x_wconf 81' lang='lat' dir='ltr'><strong>signiﬁcat</strong></span> <span class='ocrx_word' id='word_1_27' title='bbox 975 803 1033 860; x_wconf 92' lang='lat' dir='ltr'><strong>id</strong></span> <span class='ocrx_word' id='word_1_28' title='bbox 1067 801 1210 875; x_wconf 88' lang='lat' dir='ltr'><strong>quod</strong></span> <span class='ocrx_word' id='word_1_29' title='bbox 1240 797 1483 870; x_wconf 76' lang='lat' dir='ltr'><strong>sequitur</strong></span> <span class='ocrx_word' id='word_1_30' title='bbox 1512 811 1527 849; x_wconf 88' lang='lat'><strong>:</strong></span> <span class='ocrx_word' id='word_1_31' title='bbox 1562 789 1915 886; x_wconf 65' lang='lat' dir='ltr'><strong>laudavit-in</strong></span> 
     </span>
    </p>
   </div>
   <div class='ocr_carea' id='block_1_6' title="bbox 291 884 1913 962">
    <p class='ocr_par' dir='ltr' id='par_1_6' title="bbox 291 884 1913 962">
     <span class='ocr_line' id='line_1_6' title="bbox 291 884 1913 962; baseline -0.017 0"><span class='ocrx_word' id='word_1_32' title='bbox 291 884 542 962; x_wconf 62' lang='lat' dir='ltr'><strong>atansum</strong></span> <span class='ocrx_word' id='word_1_33' title='bbox 589 907 940 957; x_wconf 67' lang='lat' dir='ltr'><strong>testamentum</strong></span> <span class='ocrx_word' id='word_1_34' title='bbox 989 911 1156 952; x_wconf 67' lang='lat' dir='ltr'><strong>unus.</strong></span> <span class='ocrx_word' id='word_1_35' title='bbox 1187 891 1288 951; x_wconf 71' lang='lat' dir='ltr'><strong>llic</strong></span> <span class='ocrx_word' id='word_1_36' title='bbox 1329 889 1540 946; x_wconf 79' lang='lat' dir='ltr'><strong>Novum</strong></span> <span class='ocrx_word' id='word_1_37' title='bbox 1571 884 1704 941; x_wconf 85' lang='lat' dir='ltr'><strong>dicit</strong></span> <span class='ocrx_word' id='word_1_38' title='bbox 1731 901 1746 939; x_wconf 86' lang='lat'><strong>:</strong></span> <span class='ocrx_word' id='word_1_39' title='bbox 1777 897 1913 953; x_wconf 86' lang='lat' dir='ltr'><strong>quo-</strong></span> 
     </span>
    </p>
   </div>
   <div class='ocr_carea' id='block_1_7' title="bbox 295 981 1910 1054">
    <p class='ocr_par' dir='ltr' id='par_1_7' title="bbox 295 981 1910 1054">
     <span class='ocr_line' id='line_1_7' title="bbox 295 981 1910 1054; baseline -0.017 0"><span class='ocrx_word' id='word_1_40' title='bbox 295 998 445 1054; x_wconf 87' lang='lat' dir='ltr'><strong>niam</strong></span> <span class='ocrx_word' id='word_1_41' title='bbox 476 994 622 1050; x_wconf 84' lang='lat' dir='ltr'><strong>enim</strong></span> <span class='ocrx_word' id='word_1_42' title='bbox 652 990 896 1048; x_wconf 85' lang='lat' dir='ltr'><strong>meminit</strong></span> <span class='ocrx_word' id='word_1_43' title='bbox 921 985 1158 1044; x_wconf 83' lang='lat' dir='ltr'><strong>mandati</strong></span> <span class='ocrx_word' id='word_1_44' title='bbox 1190 994 1245 1041; x_wconf 88' lang='lat' dir='ltr'><strong>et</strong></span> <span class='ocrx_word' id='word_1_45' title='bbox 1285 981 1440 1053; x_wconf 91' lang='lat' dir='ltr'><strong>legis,</strong></span> <span class='ocrx_word' id='word_1_46' title='bbox 1474 993 1538 1035; x_wconf 87' lang='lat' dir='ltr'><strong>ea</strong></span> <span class='ocrx_word' id='word_1_47' title='bbox 1577 985 1756 1032; x_wconf 88' lang='lat' dir='ltr'><strong>autem</strong></span> <span class='ocrx_word' id='word_1_48' title='bbox 1804 988 1910 1037; x_wconf 83' lang='lat' dir='ltr'><strong>non</strong></span> 
     </span>
    </p>
   </div>
   <div class='ocr_carea' id='block_1_8' title="bbox 293 1070 1911 1150">
    <p class='ocr_par' dir='ltr' id='par_1_8' title="bbox 293 1070 1911 1150">
     <span class='ocr_line' id='line_1_8' title="bbox 293 1070 1911 1150; baseline -0.015 -7"><span class='ocrx_word' id='word_1_49' title='bbox 293 1089 393 1144; x_wconf 80' lang='lat' dir='ltr'><strong>fuit</strong></span> <span class='ocrx_word' id='word_1_50' title='bbox 421 1087 736 1150; x_wconf 68' lang='lat' dir='ltr'><strong>observata,</strong></span> <span class='ocrx_word' id='word_1_51' title='bbox 760 1091 817 1139; x_wconf 89' lang='lat' dir='ltr'><strong>et</strong></span> <span class='ocrx_word' id='word_1_52' title='bbox 837 1082 969 1137; x_wconf 82' lang='lat' dir='ltr'><strong>iram</strong></span> <span class='ocrx_word' id='word_1_53' title='bbox 1016 1078 1245 1150; x_wconf 81' lang='lat' dir='ltr'><strong>peperit,</strong></span> <span class='ocrx_word' id='word_1_54' title='bbox 1286 1075 1460 1138; x_wconf 85' lang='lat' dir='ltr'><strong>dicit:</strong></span> <span class='ocrx_word' id='word_1_55' title='bbox 1490 1070 1911 1138; x_wconf 80' lang='lat' dir='ltr'><strong>Redemptionem</strong></span> 
     </span>
    </p>
   </div>
   <div class='ocr_carea' id='block_1_9' title="bbox 294 1159 1906 1250">
    <p class='ocr_par' dir='ltr' id='par_1_9' title="bbox 294 1159 1906 1250">
     <span class='ocr_line' id='line_1_9' title="bbox 294 1159 1906 1250; baseline -0.014 -15"><span class='ocrx_word' id='word_1_56' title='bbox 294 1180 430 1235; x_wconf 75' lang='lat' dir='ltr'><strong>misit</strong></span> <span class='ocrx_word' id='word_1_57' title='bbox 458 1171 652 1250; x_wconf 79' lang='lat' dir='ltr'><strong>popqu</strong></span> <span class='ocrx_word' id='word_1_58' title='bbox 668 1191 784 1243; x_wconf 75' lang='lat' dir='ltr'><strong>suo,</strong></span> <span class='ocrx_word' id='word_1_59' title='bbox 812 1169 1265 1246; x_wconf 86' lang='lat' dir='ltr'><strong>quemadmodum</strong></span> <span class='ocrx_word' id='word_1_60' title='bbox 1287 1168 1402 1237; x_wconf 82' lang='lat' dir='ltr'><strong>ipse</strong></span> <span class='ocrx_word' id='word_1_61' title='bbox 1420 1177 1635 1237; x_wconf 79' lang='lat' dir='ltr'><strong>quoque</strong></span> <span class='ocrx_word' id='word_1_62' title='bbox 1661 1159 1906 1217; x_wconf 86' lang='lat' dir='ltr'><strong>dicebat:</strong></span> 
     </span>
    </p>
   </div>
   <div class='ocr_carea' id='block_1_10' title="bbox 291 1250 1910 1339">
    <p class='ocr_par' dir='ltr' id='par_1_10' title="bbox 291 1250 1910 1339">
     <span class='ocr_line' id='line_1_10' title="bbox 291 1250 1910 1339; baseline -0.014 -13"><span class='ocrx_word' id='word_1_63' title='bbox 291 1271 420 1329; x_wconf 88' lang='lat' dir='ltr'><strong>Non</strong></span> <span class='ocrx_word' id='word_1_64' title='bbox 450 1270 564 1326; x_wconf 75' lang='lat' dir='ltr'><strong>seni</strong></span> <span class='ocrx_word' id='word_1_65' title='bbox 598 1277 662 1323; x_wconf 81' lang='lat' dir='ltr'><strong>ut</strong></span> <span class='ocrx_word' id='word_1_66' title='bbox 669 1266 904 1339; x_wconf 71' lang='lat' dir='ltr'><strong>judicent</strong></span> <span class='ocrx_word' id='word_1_67' title='bbox 934 1261 1202 1328; x_wconf 70' lang='lat' dir='ltr'><strong>orandum,</strong></span> <span class='ocrx_word' id='word_1_68' title='bbox 1231 1258 1324 1316; x_wconf 76' lang='lat' dir='ltr'><strong>sed</strong></span> <span class='ocrx_word' id='word_1_69' title='bbox 1347 1266 1403 1315; x_wconf 79' lang='lat' dir='ltr'><strong>at</strong></span> <span class='ocrx_word' id='word_1_70' title='bbox 1433 1270 1636 1312; x_wconf 77' lang='lat' dir='ltr'><strong>servem</strong></span> <span class='ocrx_word' id='word_1_71' title='bbox 1660 1250 1910 1307; x_wconf 82' lang='lat' dir='ltr'><strong>mundum</strong></span> 
     </span>
    </p>
   </div>
   <div class='ocr_carea' id='block_1_11' title="bbox 293 1346 1907 1437">
    <p class='ocr_par' dir='ltr' id='par_1_11' title="bbox 293 1346 1907 1437">
     <span class='ocr_line' id='line_1_11' title="bbox 293 1346 1907 1437; baseline -0.015 -17"><span class='ocrx_word' id='word_1_72' title='bbox 293 1364 478 1437; x_wconf 82' lang='lat' dir='ltr'><strong>(loan.</strong></span> <span class='ocrx_word' id='word_1_73' title='bbox 503 1361 589 1418; x_wconf 75' lang='lat' dir='ltr'><strong>l2.</strong></span> <span class='ocrx_word' id='word_1_74' title='bbox 620 1361 735 1432; x_wconf 67' lang='grc'><strong>47).</strong></span> <span class='ocrx_word' id='word_1_75' title='bbox 763 1358 1028 1426; x_wconf 85' lang='lat' dir='ltr'><strong>Quoniam</strong></span> <span class='ocrx_word' id='word_1_76' title='bbox 1054 1356 1198 1411; x_wconf 89' lang='lat' dir='ltr'><strong>enim</strong></span> <span class='ocrx_word' id='word_1_77' title='bbox 1225 1353 1310 1408; x_wconf 87' lang='lat' dir='ltr'><strong>lex</strong></span> <span class='ocrx_word' id='word_1_78' title='bbox 1339 1364 1450 1407; x_wconf 87' lang='lat' dir='ltr'><strong>non</strong></span> <span class='ocrx_word' id='word_1_79' title='bbox 1478 1346 1784 1410; x_wconf 84' lang='lat' dir='ltr'><strong>observata,</strong></span> <span class='ocrx_word' id='word_1_80' title='bbox 1806 1358 1907 1413; x_wconf 82' lang='lat' dir='ltr'><strong>pu-</strong></span> 
     </span>
    </p>
   </div>
   <div class='ocr_carea' id='block_1_12' title="bbox 292 1437 1907 1521">
    <p class='ocr_par' dir='ltr' id='par_1_12' title="bbox 292 1437 1907 1521">
     <span class='ocr_line' id='line_1_12' title="bbox 292 1437 1907 1521; baseline -0.016 -7"><span class='ocrx_word' id='word_1_81' title='bbox 292 1457 474 1514; x_wconf 86' lang='lat' dir='ltr'><strong>niebat</strong></span> <span class='ocrx_word' id='word_1_82' title='bbox 501 1473 520 1509; x_wconf 82' lang='lat'><strong>:</strong></span> <span class='ocrx_word' id='word_1_83' title='bbox 552 1454 658 1511; x_wconf 72' lang='lat' dir='ltr'><strong>Lee:</strong></span> <span class='ocrx_word' id='word_1_84' title='bbox 678 1452 834 1517; x_wconf 75' lang='lat' dir='ltr'><strong>ettim,</strong></span> <span class='ocrx_word' id='word_1_85' title='bbox 865 1449 1056 1521; x_wconf 82' lang='lat' dir='ltr'><strong>inquit,</strong></span> <span class='ocrx_word' id='word_1_86' title='bbox 1083 1448 1216 1503; x_wconf 84' lang='lat' dir='ltr'><strong>iram</strong></span> <span class='ocrx_word' id='word_1_87' title='bbox 1235 1451 1511 1516; x_wconf 81' lang='lat' dir='ltr'><strong>operatur:</strong></span> <span class='ocrx_word' id='word_1_88' title='bbox 1534 1439 1618 1495; x_wconf 79' lang='lat' dir='ltr'><strong>ubi</strong></span> <span class='ocrx_word' id='word_1_89' title='bbox 1643 1437 1781 1493; x_wconf 85' lang='lat' dir='ltr'><strong>enim</strong></span> <span class='ocrx_word' id='word_1_90' title='bbox 1803 1451 1907 1499; x_wconf 75' lang='lat' dir='ltr'><strong>non</strong></span> 
     </span>
    </p>
   </div>
   <div class='ocr_carea' id='block_1_13' title="bbox 289 1530 1909 1616">
    <p class='ocr_par' dir='ltr' id='par_1_13' title="bbox 289 1530 1909 1616">
     <span class='ocr_line' id='line_1_13' title="bbox 289 1530 1909 1616; baseline -0.014 -12"><span class='ocrx_word' id='word_1_91' title='bbox 289 1559 362 1604; x_wconf 86' lang='lat' dir='ltr'><strong>est</strong></span> <span class='ocrx_word' id='word_1_92' title='bbox 389 1550 494 1613; x_wconf 72' lang='lat' dir='ltr'><strong>lex,</strong></span> <span class='ocrx_word' id='word_1_93' title='bbox 523 1562 615 1601; x_wconf 83' lang='lat' dir='ltr'><strong>nec</strong></span> <span class='ocrx_word' id='word_1_94' title='bbox 639 1543 948 1616; x_wconf 81' lang='lat' dir='ltr'><strong>trangressio</strong></span> <span class='ocrx_word' id='word_1_95' title='bbox 981 1539 1157 1612; x_wconf 82' lang='lat' dir='ltr'><strong>(Rom.</strong></span> <span class='ocrx_word' id='word_1_96' title='bbox 1199 1539 1254 1594; x_wconf 78' lang='grc'><strong>4.</strong></span> <span class='ocrx_word' id='word_1_97' title='bbox 1282 1534 1376 1608; x_wconf 76' lang='grc'><strong>15)</strong></span> <span class='ocrx_word' id='word_1_98' title='bbox 1404 1552 1417 1588; x_wconf 93' lang='lat'>:</span> <span class='ocrx_word' id='word_1_99' title='bbox 1448 1542 1524 1600; x_wconf 87' lang='lat' dir='ltr'><strong>et,</strong></span> <span class='ocrx_word' id='word_1_100' title='bbox 1560 1530 1751 1587; x_wconf 86' lang='lat' dir='ltr'><strong>Omnes</strong></span> <span class='ocrx_word' id='word_1_101' title='bbox 1792 1544 1909 1600; x_wconf 82' lang='lat' dir='ltr'><strong>pec-</strong></span> 
     </span>
    </p>
   </div>
   <div class='ocr_carea' id='block_1_14' title="bbox 289 1623 1908 1708">
    <p class='ocr_par' dir='ltr' id='par_1_14' title="bbox 289 1623 1908 1708">
     <span class='ocr_line' id='line_1_14' title="bbox 289 1623 1908 1708; baseline -0.012 -11"><span class='ocrx_word' id='word_1_102' title='bbox 289 1649 552 1706; x_wconf 66' lang='lat' dir='ltr'><strong>cauerunt,</strong></span> <span class='ocrx_word' id='word_1_103' title='bbox 593 1649 643 1694; x_wconf 86' lang='lat' dir='ltr'><strong>et</strong></span> <span class='ocrx_word' id='word_1_104' title='bbox 679 1647 827 1708; x_wconf 72' lang='lat' dir='ltr'><strong>egeat</strong></span> <span class='ocrx_word' id='word_1_105' title='bbox 853 1635 1023 1708; x_wconf 70' lang='lat' dir='ltr'><strong>gloria</strong></span> <span class='ocrx_word' id='word_1_106' title='bbox 1060 1632 1181 1696; x_wconf 83' lang='lat' dir='ltr'><strong>Dei,</strong></span> <span class='ocrx_word' id='word_1_107' title='bbox 1216 1627 1494 1703; x_wconf 56' lang='lat' dir='ltr'><strong>just&#39;qéeati</strong></span> <span class='ocrx_word' id='word_1_108' title='bbox 1531 1625 1712 1699; x_wconf 78' lang='lat' dir='ltr'><strong>gratis,</strong></span> <span class='ocrx_word' id='word_1_109' title='bbox 1738 1623 1908 1696; x_wconf 76' lang='lat' dir='ltr'><strong>gratia</strong></span> 
     </span>
    </p>
   </div>
   <div class='ocr_carea' id='block_1_15' title="bbox 289 1716 1906 1805">
    <p class='ocr_par' dir='ltr' id='par_1_15' title="bbox 289 1716 1906 1805">
     <span class='ocr_line' id='line_1_15' title="bbox 289 1716 1906 1805; baseline -0.012 -17"><span class='ocrx_word' id='word_1_110' title='bbox 289 1733 452 1805; x_wconf 76' lang='lat' dir='ltr'><strong>ipsius</strong></span> <span class='ocrx_word' id='word_1_111' title='bbox 478 1731 665 1801; x_wconf 58' lang='grc' dir='ltr'><strong>(Μυῒ).</strong></span> <span class='ocrx_word' id='word_1_112' title='bbox 691 1729 784 1784; x_wconf 70' lang='grc'><strong>25.</strong></span> <span class='ocrx_word' id='word_1_113' title='bbox 807 1727 900 1798; x_wconf 62' lang='lat' dir='ltr'><strong>il)</strong></span> <span class='ocrx_word' id='word_1_114' title='bbox 929 1744 946 1782; x_wconf 90' lang='lat'><strong>:</strong></span> <span class='ocrx_word' id='word_1_115' title='bbox 974 1731 1259 1797; x_wconf 78' lang='lat' dir='ltr'><strong>praptcrca</strong></span> <span class='ocrx_word' id='word_1_116' title='bbox 1285 1721 1367 1777; x_wconf 84' lang='lat' dir='ltr'><strong>sic</strong></span> <span class='ocrx_word' id='word_1_117' title='bbox 1384 1719 1546 1787; x_wconf 79' lang='lat' dir='ltr'><strong>dixit,</strong></span> <span class='ocrx_word' id='word_1_118' title='bbox 1571 1716 1906 1788; x_wconf 83' lang='lat' dir='ltr'><strong>Redemptio-</strong></span> 
     </span>
    </p>
   </div>
   <div class='ocr_carea' id='block_1_16' title="bbox 288 1818 1184 1891">
    <p class='ocr_par' dir='ltr' id='par_1_16' title="bbox 288 1818 1184 1891">
     <span class='ocr_line' id='line_1_16' title="bbox 288 1818 1184 1891; baseline -0.01 -12"><span class='ocrx_word' id='word_1_119' title='bbox 288 1841 403 1879; x_wconf 79' lang='lat' dir='ltr'><strong>nem</strong></span> <span class='ocrx_word' id='word_1_120' title='bbox 423 1824 560 1878; x_wconf 86' lang='lat' dir='ltr'><strong>misit</strong></span> <span class='ocrx_word' id='word_1_121' title='bbox 579 1820 832 1876; x_wconf 85' lang='lat' dir='ltr'><strong>Dominus</strong></span> <span class='ocrx_word' id='word_1_122' title='bbox 854 1818 1047 1891; x_wconf 71' lang='lat' dir='ltr'><strong>populo</strong></span> <span class='ocrx_word' id='word_1_123' title='bbox 1069 1831 1184 1872; x_wconf 74' lang='lat' dir='ltr'><strong>suo.</strong></span> 
     </span>
    </p>
   </div>
   <div class='ocr_carea' id='block_1_17' title="bbox 358 1903 1904 1976">
    <p class='ocr_par' dir='ltr' id='par_1_17' title="bbox 358 1903 1904 1976">
     <span class='ocr_line' id='line_1_17' title="bbox 358 1903 1904 1976; baseline -0.007 -7"><span class='ocrx_word' id='word_1_124' title='bbox 358 1916 412 1969; x_wconf 90' lang='lat'><strong>7.</strong></span> <span class='ocrx_word' id='word_1_125' title='bbox 440 1914 551 1971; x_wconf 80' lang='lat' dir='ltr'><strong>Nec</strong></span> <span class='ocrx_word' id='word_1_126' title='bbox 579 1921 666 1970; x_wconf 88' lang='lat' dir='ltr'><strong>est</strong></span> <span class='ocrx_word' id='word_1_127' title='bbox 695 1923 877 1969; x_wconf 84' lang='lat' dir='ltr'><strong>tamen</strong></span> <span class='ocrx_word' id='word_1_128' title='bbox 901 1907 1242 1966; x_wconf 77' lang='lat' dir='ltr'><strong>solummodo</strong></span> <span class='ocrx_word' id='word_1_129' title='bbox 1268 1904 1588 1976; x_wconf 73' lang='lat' dir='ltr'><strong>redemptio,</strong></span> <span class='ocrx_word' id='word_1_130' title='bbox 1617 1903 1713 1960; x_wconf 83' lang='lat' dir='ltr'><strong>sed</strong></span> <span class='ocrx_word' id='word_1_131' title='bbox 1740 1903 1904 1963; x_wconf 86' lang='lat' dir='ltr'><strong>etiam</strong></span> 
     </span>
    </p>
   </div>
   <div class='ocr_carea' id='block_1_18' title="bbox 288 1997 1904 2077">
    <p class='ocr_par' dir='ltr' id='par_1_18' title="bbox 288 1997 1904 2077">
     <span class='ocr_line' id='line_1_18' title="bbox 288 1997 1904 2077; baseline -0.007 -14"><span class='ocrx_word' id='word_1_132' title='bbox 288 2018 407 2076; x_wconf 79' lang='lat' dir='ltr'><strong>post</strong></span> <span class='ocrx_word' id='word_1_133' title='bbox 461 2006 888 2077; x_wconf 77' lang='lat' dir='ltr'><strong>redemptionem</strong></span> <span class='ocrx_word' id='word_1_134' title='bbox 927 2004 1014 2059; x_wconf 83' lang='lat' dir='ltr'><strong>lex</strong></span> <span class='ocrx_word' id='word_1_135' title='bbox 1067 2010 1186 2067; x_wconf 88' lang='lat' dir='ltr'><strong>est,</strong></span> <span class='ocrx_word' id='word_1_136' title='bbox 1227 2009 1289 2056; x_wconf 90' lang='lat' dir='ltr'><strong>ut</strong></span> <span class='ocrx_word' id='word_1_137' title='bbox 1332 2001 1457 2054; x_wconf 77' lang='lat' dir='ltr'><strong>vita:</strong></span> <span class='ocrx_word' id='word_1_138' title='bbox 1514 1997 1904 2054; x_wconf 84' lang='lat' dir='ltr'><strong>institutionem</strong></span> 
     </span>
    </p>
   </div>
   <div class='ocr_carea' id='block_1_19' title="bbox 287 2089 1906 2167">
    <p class='ocr_par' dir='ltr' id='par_1_19' title="bbox 287 2089 1906 2167">
     <span class='ocr_line' id='line_1_19' title="bbox 287 2089 1906 2167; baseline -0.009 -13"><span class='ocrx_word' id='word_1_139' title='bbox 287 2098 642 2156; x_wconf 79' lang='lat' dir='ltr'><strong>ostendamus</strong></span> <span class='ocrx_word' id='word_1_140' title='bbox 668 2097 883 2167; x_wconf 83' lang='lat' dir='ltr'><strong>dignam</strong></span> <span class='ocrx_word' id='word_1_141' title='bbox 903 2095 1097 2167; x_wconf 84' lang='lat' dir='ltr'><strong>gratia.</strong></span> <span class='ocrx_word' id='word_1_142' title='bbox 1122 2091 1446 2149; x_wconf 80' lang='lat' dir='ltr'><strong>Sanetunset</strong></span> <span class='ocrx_word' id='word_1_143' title='bbox 1473 2089 1697 2146; x_wconf 76' lang='lat' dir='ltr'><strong>terribile</strong></span> <span class='ocrx_word' id='word_1_144' title='bbox 1721 2104 1906 2142; x_wconf 82' lang='lat' dir='ltr'><strong>nomen</strong></span> 
     </span>
    </p>
   </div>
   <div class='ocr_carea' id='block_1_20' title="bbox 285 2179 1906 2262">
    <p class='ocr_par' dir='ltr' id='par_1_20' title="bbox 285 2179 1906 2262">
     <span class='ocr_line' id='line_1_20' title="bbox 285 2179 1906 2262; baseline -0.006 -18"><span class='ocrx_word' id='word_1_145' title='bbox 285 2192 415 2262; x_wconf 81' lang='lat' dir='ltr'><strong>ejus.</strong></span> <span class='ocrx_word' id='word_1_146' title='bbox 452 2189 739 2260; x_wconf 80' lang='lat' dir='ltr'><strong>Postquam</strong></span> <span class='ocrx_word' id='word_1_147' title='bbox 767 2187 913 2243; x_wconf 90' lang='lat' dir='ltr'><strong>enim</strong></span> <span class='ocrx_word' id='word_1_148' title='bbox 951 2184 1207 2257; x_wconf 82' lang='lat' dir='ltr'><strong>cogitavit</strong></span> <span class='ocrx_word' id='word_1_149' title='bbox 1245 2184 1427 2239; x_wconf 83' lang='lat' dir='ltr'><strong>omnia</strong></span> <span class='ocrx_word' id='word_1_150' title='bbox 1467 2181 1760 2251; x_wconf 61' lang='lat' dir='ltr'><strong>pradicare</strong></span> <span class='ocrx_word' id='word_1_151' title='bbox 1786 2179 1906 2249; x_wconf 83' lang='lat' dir='ltr'><strong>ejus</strong></span> 
     </span>
    </p>
   </div>
   <div class='ocr_carea' id='block_1_21' title="bbox 286 2270 1900 2353">
    <p class='ocr_par' dir='ltr' id='par_1_21' title="bbox 286 2270 1900 2353">
     <span class='ocr_line' id='line_1_21' title="bbox 286 2270 1900 2353; baseline -0.008 -17"><span class='ocrx_word' id='word_1_152' title='bbox 286 2297 471 2338; x_wconf 83' lang='lat' dir='ltr'><strong>curam</strong></span> <span class='ocrx_word' id='word_1_153' title='bbox 497 2278 1003 2353; x_wconf 67' lang='lat' dir='ltr'><strong>nepa-evidentiam,</strong></span> <span class='ocrx_word' id='word_1_154' title='bbox 1030 2291 1193 2349; x_wconf 84' lang='lat' dir='ltr'><strong>quam</strong></span> <span class='ocrx_word' id='word_1_155' title='bbox 1215 2274 1450 2331; x_wconf 76' lang='lat' dir='ltr'><strong>ostendit</strong></span> <span class='ocrx_word' id='word_1_156' title='bbox 1477 2282 1584 2328; x_wconf 91' lang='lat' dir='ltr'><strong>tam</strong></span> <span class='ocrx_word' id='word_1_157' title='bbox 1614 2274 1667 2326; x_wconf 87' lang='lat' dir='ltr'><strong>in</strong></span> <span class='ocrx_word' id='word_1_158' title='bbox 1695 2270 1900 2337; x_wconf 83' lang='lat' dir='ltr'><strong>Veteri,</strong></span> 
     </span>
    </p>
   </div>
   <div class='ocr_carea' id='block_1_22' title="bbox 288 2365 1907 2443">
    <p class='ocr_par' dir='ltr' id='par_1_22' title="bbox 288 2365 1907 2443">
     <span class='ocr_line' id='line_1_22' title="bbox 288 2365 1907 2443; baseline -0.006 -16"><span class='ocrx_word' id='word_1_159' title='bbox 288 2388 448 2443; x_wconf 82' lang='lat' dir='ltr'><strong>quam</strong></span> <span class='ocrx_word' id='word_1_160' title='bbox 479 2373 533 2429; x_wconf 90' lang='lat' dir='ltr'><strong>in</strong></span> <span class='ocrx_word' id='word_1_161' title='bbox 573 2370 746 2437; x_wconf 81' lang='lat' dir='ltr'><strong>Novo,</strong></span> <span class='ocrx_word' id='word_1_162' title='bbox 779 2379 890 2424; x_wconf 89' lang='lat' dir='ltr'><strong>tam</strong></span> <span class='ocrx_word' id='word_1_163' title='bbox 931 2368 986 2423; x_wconf 89' lang='lat' dir='ltr'><strong>in</strong></span> <span class='ocrx_word' id='word_1_164' title='bbox 1011 2367 1162 2424; x_wconf 75' lang='lat' dir='ltr'><strong>factis</strong></span> <span class='ocrx_word' id='word_1_165' title='bbox 1199 2376 1254 2423; x_wconf 90' lang='lat' dir='ltr'><strong>et</strong></span> <span class='ocrx_word' id='word_1_166' title='bbox 1291 2365 1566 2436; x_wconf 84' lang='lat' dir='ltr'><strong>operibus,</strong></span> <span class='ocrx_word' id='word_1_167' title='bbox 1606 2379 1767 2434; x_wconf 88' lang='lat' dir='ltr'><strong>quam</strong></span> <span class='ocrx_word' id='word_1_168' title='bbox 1808 2377 1907 2433; x_wconf 87' lang='lat' dir='ltr'><strong>per</strong></span> 
     </span>
    </p>
   </div>
   <div class='ocr_carea' id='block_1_23' title="bbox 288 2455 1907 2535">
    <p class='ocr_par' dir='ltr' id='par_1_23' title="bbox 288 2455 1907 2535">
     <span class='ocr_line' id='line_1_23' title="bbox 288 2455 1907 2535; baseline -0.007 -14"><span class='ocrx_word' id='word_1_169' title='bbox 288 2471 578 2535; x_wconf 68' lang='lat' dir='ltr'><strong>pra-cepta,</strong></span> <span class='ocrx_word' id='word_1_170' title='bbox 629 2477 794 2534; x_wconf 89' lang='lat' dir='ltr'><strong>quam</strong></span> <span class='ocrx_word' id='word_1_171' title='bbox 841 2477 936 2532; x_wconf 90' lang='lat' dir='ltr'><strong>per</strong></span> <span class='ocrx_word' id='word_1_172' title='bbox 979 2458 1234 2515; x_wconf 84' lang='lat' dir='ltr'><strong>miracula</strong></span> <span class='ocrx_word' id='word_1_173' title='bbox 1279 2472 1344 2514; x_wconf 85' lang='lat' dir='ltr'><strong>ac</strong></span> <span class='ocrx_word' id='word_1_174' title='bbox 1383 2456 1622 2528; x_wconf 80' lang='lat' dir='ltr'><strong>prodigia</strong></span> <span class='ocrx_word' id='word_1_175' title='bbox 1663 2474 1674 2509; x_wconf 96' lang='lat'>:</span> <span class='ocrx_word' id='word_1_176' title='bbox 1721 2455 1907 2511; x_wconf 78' lang='lat' dir='ltr'><strong>divino</strong></span> 
     </span>
    </p>
   </div>
   <div class='ocr_carea' id='block_1_24' title="bbox 285 2547 1907 2626">
    <p class='ocr_par' dir='ltr' id='par_1_24' title="bbox 285 2547 1907 2626">
     <span class='ocr_line' id='line_1_24' title="bbox 285 2547 1907 2626; baseline -0.006 -16"><span class='ocrx_word' id='word_1_177' title='bbox 285 2555 477 2626; x_wconf 89' lang='lat' dir='ltr'><strong>spiritu</strong></span> <span class='ocrx_word' id='word_1_178' title='bbox 518 2553 754 2621; x_wconf 80' lang='lat' dir='ltr'><strong>amatus,</strong></span> <span class='ocrx_word' id='word_1_179' title='bbox 799 2561 856 2608; x_wconf 92' lang='lat' dir='ltr'><strong>et</strong></span> <span class='ocrx_word' id='word_1_180' title='bbox 892 2550 1010 2622; x_wconf 87' lang='lat' dir='ltr'><strong>ejus</strong></span> <span class='ocrx_word' id='word_1_181' title='bbox 1057 2550 1334 2608; x_wconf 86' lang='lat' dir='ltr'><strong>admirans</strong></span> <span class='ocrx_word' id='word_1_182' title='bbox 1377 2549 1745 2620; x_wconf 88' lang='lat' dir='ltr'><strong>majestatem,</strong></span> <span class='ocrx_word' id='word_1_183' title='bbox 1788 2547 1907 2602; x_wconf 90' lang='lat' dir='ltr'><strong>ﬁnit</strong></span> 
     </span>
    </p>
   </div>
   <div class='ocr_carea' id='block_1_25' title="bbox 287 2640 1903 2714">
    <p class='ocr_par' dir='ltr' id='par_1_25' title="bbox 287 2640 1903 2714">
     <span class='ocr_line' id='line_1_25' title="bbox 287 2640 1903 2714; baseline -0.003 -12"><span class='ocrx_word' id='word_1_184' title='bbox 287 2647 588 2702; x_wconf 85' lang='lat' dir='ltr'><strong>orationem</strong></span> <span class='ocrx_word' id='word_1_185' title='bbox 619 2646 672 2700; x_wconf 91' lang='lat' dir='ltr'><strong>in</strong></span> <span class='ocrx_word' id='word_1_186' title='bbox 702 2644 1115 2714; x_wconf 83' lang='lat' dir='ltr'><strong>gloriﬁcatione,</strong></span> <span class='ocrx_word' id='word_1_187' title='bbox 1153 2644 1202 2700; x_wconf 91' lang='lat' dir='ltr'><strong>ei</strong></span> <span class='ocrx_word' id='word_1_188' title='bbox 1241 2643 1332 2714; x_wconf 87' lang='lat' dir='ltr'><strong>qui</strong></span> <span class='ocrx_word' id='word_1_189' title='bbox 1373 2641 1491 2699; x_wconf 69' lang='lat' dir='ltr'><strong>hate</strong></span> <span class='ocrx_word' id='word_1_190' title='bbox 1535 2641 1661 2698; x_wconf 81' lang='lat' dir='ltr'><strong>fecit</strong></span> <span class='ocrx_word' id='word_1_191' title='bbox 1690 2640 1903 2697; x_wconf 86' lang='lat' dir='ltr'><strong>laudent</strong></span> 
     </span>
    </p>
   </div>
   <div class='ocr_carea' id='block_1_26' title="bbox 287 2733 1903 2806">
    <p class='ocr_par' dir='ltr' id='par_1_26' title="bbox 287 2733 1903 2806">
     <span class='ocr_line' id='line_1_26' title="bbox 287 2733 1903 2806; baseline -0.005 -12"><span class='ocrx_word' id='word_1_192' title='bbox 287 2739 544 2796; x_wconf 76' lang='lat' dir='ltr'><strong>olferens.</strong></span> <span class='ocrx_word' id='word_1_193' title='bbox 587 2735 840 2793; x_wconf 78' lang='lat' dir='ltr'><strong>Sanctum</strong></span> <span class='ocrx_word' id='word_1_194' title='bbox 880 2747 928 2792; x_wconf 78' lang='lat' dir='ltr'><strong>et</strong></span> <span class='ocrx_word' id='word_1_195' title='bbox 953 2736 1176 2791; x_wconf 76' lang='lat' dir='ltr'><strong>terribile</strong></span> <span class='ocrx_word' id='word_1_196' title='bbox 1213 2751 1397 2789; x_wconf 82' lang='lat' dir='ltr'><strong>nomen</strong></span> <span class='ocrx_word' id='word_1_197' title='bbox 1437 2736 1589 2806; x_wconf 83' lang='lat' dir='ltr'><strong>ejus;</strong></span> <span class='ocrx_word' id='word_1_198' title='bbox 1633 2733 1738 2803; x_wconf 77' lang='lat' dir='ltr'><strong>hoc</strong></span> <span class='ocrx_word' id='word_1_199' title='bbox 1784 2739 1866 2786; x_wconf 86' lang='lat' dir='ltr'><strong>est</strong></span> <span class='ocrx_word' id='word_1_200' title='bbox 1887 2773 1903 2797; x_wconf 95' lang='lat'><strong>,</strong></span> 
     </span>
    </p>
   </div>
   <div class='ocr_carea' id='block_1_27' title="bbox 288 2825 1906 2902">
    <p class='ocr_par' dir='ltr' id='par_1_27' title="bbox 288 2825 1906 2902">
     <span class='ocr_line' id='line_1_27' title="bbox 288 2825 1906 2902; baseline -0.006 -12"><span class='ocrx_word' id='word_1_201' title='bbox 288 2832 504 2902; x_wconf 86' lang='lat' dir='ltr'><strong>plenum</strong></span> <span class='ocrx_word' id='word_1_202' title='bbox 540 2839 786 2902; x_wconf 80' lang='lat' dir='ltr'><strong>stupore,</strong></span> <span class='ocrx_word' id='word_1_203' title='bbox 831 2830 1045 2901; x_wconf 89' lang='lat' dir='ltr'><strong>plenum</strong></span> <span class='ocrx_word' id='word_1_204' title='bbox 1090 2829 1466 2887; x_wconf 81' lang='lat' dir='ltr'><strong>admiratione.</strong></span> <span class='ocrx_word' id='word_1_205' title='bbox 1508 2826 1664 2896; x_wconf 87' lang='lat' dir='ltr'><strong>Quod</strong></span> <span class='ocrx_word' id='word_1_206' title='bbox 1710 2827 1754 2884; x_wconf 85' lang='lat' dir='ltr'><strong>si</strong></span> <span class='ocrx_word' id='word_1_207' title='bbox 1802 2825 1906 2884; x_wconf 90' lang='lat' dir='ltr'><strong>tale</strong></span> 
     </span>
    </p>
   </div>
   <div class='ocr_carea' id='block_1_28' title="bbox 288 2915 1907 2993">
    <p class='ocr_par' dir='ltr' id='par_1_28' title="bbox 288 2915 1907 2993">
     <span class='ocr_line' id='line_1_28' title="bbox 288 2915 1907 2993; baseline -0.006 -13"><span class='ocrx_word' id='word_1_208' title='bbox 288 2932 370 2980; x_wconf 87' lang='lat' dir='ltr'><strong>est</strong></span> <span class='ocrx_word' id='word_1_209' title='bbox 408 2925 530 2993; x_wconf 82' lang='lat' dir='ltr'><strong>ejus</strong></span> <span class='ocrx_word' id='word_1_210' title='bbox 570 2938 789 2988; x_wconf 89' lang='lat' dir='ltr'><strong>nomen,</strong></span> <span class='ocrx_word' id='word_1_211' title='bbox 824 2932 1028 2992; x_wconf 87' lang='lat' dir='ltr'><strong>quanto</strong></span> <span class='ocrx_word' id='word_1_212' title='bbox 1053 2921 1223 2992; x_wconf 86' lang='lat' dir='ltr'><strong>magis</strong></span> <span class='ocrx_word' id='word_1_213' title='bbox 1257 2918 1593 2974; x_wconf 73' lang='lat' dir='ltr'><strong>substantia?</strong></span> <span class='ocrx_word' id='word_1_214' title='bbox 1620 2915 1907 2986; x_wconf 84' lang='lat' dir='ltr'><strong>Quomodo</strong></span> 
     </span>
    </p>
   </div>
   <div class='ocr_carea' id='block_1_29' title="bbox 289 3008 1908 3084">
    <p class='ocr_par' dir='ltr' id='par_1_29' title="bbox 289 3008 1908 3084">
     <span class='ocr_line' id='line_1_29' title="bbox 289 3008 1908 3084; baseline -0.004 -15"><span class='ocrx_word' id='word_1_215' title='bbox 289 3025 468 3070; x_wconf 79' lang='lat' dir='ltr'><strong>autem</strong></span> <span class='ocrx_word' id='word_1_216' title='bbox 511 3023 596 3069; x_wconf 84' lang='lat' dir='ltr'><strong>est</strong></span> <span class='ocrx_word' id='word_1_217' title='bbox 635 3014 752 3084; x_wconf 88' lang='lat' dir='ltr'><strong>ejus</strong></span> <span class='ocrx_word' id='word_1_218' title='bbox 779 3008 973 3069; x_wconf 82' lang='lat' dir='ltr'><strong>nomen</strong></span> <span class='ocrx_word' id='word_1_219' title='bbox 1013 3022 1257 3067; x_wconf 86' lang='lat' dir='ltr'><strong>sanctum</strong></span> <span class='ocrx_word' id='word_1_220' title='bbox 1288 3021 1348 3066; x_wconf 79' lang='lat' dir='ltr'><strong>ct</strong></span> <span class='ocrx_word' id='word_1_221' title='bbox 1368 3009 1653 3065; x_wconf 73' lang='lat' dir='ltr'><strong>terribile?</strong></span> <span class='ocrx_word' id='word_1_222' title='bbox 1689 3008 1745 3063; x_wconf 91' lang='lat' dir='ltr'><strong>ld</strong></span> <span class='ocrx_word' id='word_1_223' title='bbox 1779 3024 1908 3078; x_wconf 81' lang='lat' dir='ltr'><strong>per-</strong></span> 
     </span>
    </p>
   </div>
   <div class='ocr_carea' id='block_1_30' title="bbox 290 3098 1906 3166">
    <p class='ocr_par' dir='ltr' id='par_1_30' title="bbox 290 3098 1906 3166">
     <span class='ocr_line' id='line_1_30' title="bbox 290 3098 1906 3166; baseline -0.003 -6"><span class='ocrx_word' id='word_1_224' title='bbox 290 3107 579 3162; x_wconf 82' lang='lat' dir='ltr'><strong>timescunt</strong></span> <span class='ocrx_word' id='word_1_225' title='bbox 619 3117 673 3162; x_wconf 90' lang='lat' dir='ltr'><strong>et</strong></span> <span class='ocrx_word' id='word_1_226' title='bbox 714 3105 1138 3161; x_wconf 81' lang='lat' dir='ltr'><strong>contremiscunt</strong></span> <span class='ocrx_word' id='word_1_227' title='bbox 1165 3104 1463 3166; x_wconf 71' lang='lat' dir='ltr'><strong>daemones,</strong></span> <span class='ocrx_word' id='word_1_228' title='bbox 1509 3102 1562 3156; x_wconf 89' lang='lat' dir='ltr'><strong>id</strong></span> <span class='ocrx_word' id='word_1_229' title='bbox 1589 3098 1762 3158; x_wconf 87' lang='lat' dir='ltr'><strong>morbi</strong></span> <span class='ocrx_word' id='word_1_230' title='bbox 1795 3102 1906 3156; x_wconf 83' lang='lat' dir='ltr'><strong>for-</strong></span> 
     </span>
    </p>
   </div>
   <div class='ocr_carea' id='block_1_31' title="bbox 291 3192 1907 3265">
    <p class='ocr_par' dir='ltr' id='par_1_31' title="bbox 291 3192 1907 3265">
     <span class='ocr_line' id='line_1_31' title="bbox 291 3192 1907 3265; baseline -0.001 -15"><span class='ocrx_word' id='word_1_231' title='bbox 291 3197 514 3252; x_wconf 84' lang='lat' dir='ltr'><strong>tnidant.</strong></span> <span class='ocrx_word' id='word_1_232' title='bbox 565 3197 646 3251; x_wconf 87' lang='lat' dir='ltr'><strong>Eo</strong></span> <span class='ocrx_word' id='word_1_233' title='bbox 695 3197 916 3253; x_wconf 85' lang='lat' dir='ltr'><strong>nomine</strong></span> <span class='ocrx_word' id='word_1_234' title='bbox 961 3196 1046 3250; x_wconf 88' lang='lat' dir='ltr'><strong>usi</strong></span> <span class='ocrx_word' id='word_1_235' title='bbox 1087 3193 1321 3265; x_wconf 78' lang='lat' dir='ltr'><strong>apostoli</strong></span> <span class='ocrx_word' id='word_1_236' title='bbox 1361 3193 1671 3249; x_wconf 67' lang='lat' dir='ltr'><strong>universum</strong></span> <span class='ocrx_word' id='word_1_237' title='bbox 1719 3192 1907 3248; x_wconf 85' lang='lat' dir='ltr'><strong>orbem</strong></span> 
     </span>
    </p>
   </div>
   <div class='ocr_carea' id='block_1_32' title="bbox 294 3287 1905 3353">
    <p class='ocr_par' dir='ltr' id='par_1_32' title="bbox 294 3287 1905 3353">
     <span class='ocr_line' id='line_1_32' title="bbox 294 3287 1905 3353; baseline -0.001 -10"><span class='ocrx_word' id='word_1_238' title='bbox 294 3298 451 3344; x_wconf 81' lang='lat' dir='ltr'><strong>terra:</strong></span> <span class='ocrx_word' id='word_1_239' title='bbox 499 3298 872 3344; x_wconf 77' lang='lat' dir='ltr'><strong>correxerunt.</strong></span> <span class='ocrx_word' id='word_1_240' title='bbox 915 3289 996 3344; x_wconf 84' lang='lat' dir='ltr'><strong>Eo</strong></span> <span class='ocrx_word' id='word_1_241' title='bbox 1045 3288 1211 3345; x_wconf 84' lang='lat' dir='ltr'><strong>David</strong></span> <span class='ocrx_word' id='word_1_242' title='bbox 1251 3302 1527 3344; x_wconf 88' lang='lat' dir='ltr'><strong>armorum</strong></span> <span class='ocrx_word' id='word_1_243' title='bbox 1575 3287 1698 3342; x_wconf 90' lang='lat' dir='ltr'><strong>loco</strong></span> <span class='ocrx_word' id='word_1_244' title='bbox 1741 3301 1905 3353; x_wconf 83' lang='lat' dir='ltr'><strong>usus,</strong></span> 
     </span>
    </p>
   </div>
   <div class='ocr_carea' id='block_1_33' title="bbox 293 3377 1908 3449">
    <p class='ocr_par' dir='ltr' id='par_1_33' title="bbox 293 3377 1908 3449">
     <span class='ocr_line' id='line_1_33' title="bbox 293 3377 1908 3449; baseline -0.001 -15"><span class='ocrx_word' id='word_1_245' title='bbox 293 3379 577 3435; x_wconf 84' lang='lat' dir='ltr'><strong>barbarum</strong></span> <span class='ocrx_word' id='word_1_246' title='bbox 602 3379 749 3434; x_wconf 91' lang='lat' dir='ltr'><strong>illum</strong></span> <span class='ocrx_word' id='word_1_247' title='bbox 775 3379 1092 3449; x_wconf 81' lang='lat' dir='ltr'><strong>prostravit;</strong></span> <span class='ocrx_word' id='word_1_248' title='bbox 1116 3395 1182 3436; x_wconf 92' lang='lat' dir='ltr'><strong>eo</strong></span> <span class='ocrx_word' id='word_1_249' title='bbox 1205 3393 1293 3434; x_wconf 90' lang='lat' dir='ltr'><strong>res</strong></span> <span class='ocrx_word' id='word_1_250' title='bbox 1312 3377 1740 3434; x_wconf 85' lang='lat' dir='ltr'><strong>innumerabiles</strong></span> <span class='ocrx_word' id='word_1_251' title='bbox 1759 3385 1908 3433; x_wconf 87' lang='lat' dir='ltr'><strong>recte</strong></span> 
     </span>
    </p>
   </div>
   <div class='ocr_carea' id='block_1_34' title="bbox 292 3470 1904 3542">
    <p class='ocr_par' dir='ltr' id='par_1_34' title="bbox 292 3470 1904 3542">
     <span class='ocr_line' id='line_1_34' title="bbox 292 3470 1904 3542; baseline 0.001 -17"><span class='ocrx_word' id='word_1_252' title='bbox 292 3484 344 3525; x_wconf 90' lang='lat' dir='ltr'><strong>et</strong></span> <span class='ocrx_word' id='word_1_253' title='bbox 368 3471 627 3542; x_wconf 66' lang='lat' dir='ltr'><strong>praeclare</strong></span> <span class='ocrx_word' id='word_1_254' title='bbox 655 3480 820 3541; x_wconf 73' lang='lat' dir='ltr'><strong>gestu:</strong></span> <span class='ocrx_word' id='word_1_255' title='bbox 852 3480 1012 3537; x_wconf 88' lang='lat' dir='ltr'><strong>sunt;</strong></span> <span class='ocrx_word' id='word_1_256' title='bbox 1035 3485 1102 3528; x_wconf 82' lang='lat' dir='ltr'><strong>eo</strong></span> <span class='ocrx_word' id='word_1_257' title='bbox 1125 3471 1293 3528; x_wconf 88' lang='lat' dir='ltr'><strong>sacris</strong></span> <span class='ocrx_word' id='word_1_258' title='bbox 1319 3470 1591 3532; x_wconf 86' lang='lat' dir='ltr'><strong>iuitiamur</strong></span> <span class='ocrx_word' id='word_1_259' title='bbox 1611 3470 1904 3542; x_wconf 82' lang='lat' dir='ltr'><strong>mysteriis.</strong></span> 
     </span>
    </p>
   </div>
   <div class='ocr_carea' id='block_1_35' title="bbox 292 3561 1907 3633">
    <p class='ocr_par' dir='ltr' id='par_1_35' title="bbox 292 3561 1907 3633">
     <span class='ocr_line' id='line_1_35' title="bbox 292 3561 1907 3633; baseline 0.002 -17"><span class='ocrx_word' id='word_1_260' title='bbox 292 3561 654 3618; x_wconf 77' lang='lat' dir='ltr'><strong>Considerans</strong></span> <span class='ocrx_word' id='word_1_261' title='bbox 692 3578 821 3633; x_wconf 85' lang='lat' dir='ltr'><strong>ergo</strong></span> <span class='ocrx_word' id='word_1_262' title='bbox 861 3572 992 3633; x_wconf 92' lang='lat' dir='ltr'><strong>quot</strong></span> <span class='ocrx_word' id='word_1_263' title='bbox 1035 3572 1090 3618; x_wconf 89' lang='lat' dir='ltr'><strong>et</strong></span> <span class='ocrx_word' id='word_1_264' title='bbox 1127 3571 1326 3632; x_wconf 88' lang='lat' dir='ltr'><strong>quanta</strong></span> <span class='ocrx_word' id='word_1_265' title='bbox 1361 3562 1522 3631; x_wconf 74' lang='lat' dir='ltr'><strong>faciat</strong></span> <span class='ocrx_word' id='word_1_266' title='bbox 1560 3561 1678 3633; x_wconf 86' lang='lat' dir='ltr'><strong>ejus</strong></span> <span class='ocrx_word' id='word_1_267' title='bbox 1706 3577 1907 3619; x_wconf 88' lang='lat' dir='ltr'><strong>nomen</strong></span> 
     </span>
    </p>
   </div>
   <div class='ocr_carea' id='block_1_36' title="bbox 295 3653 1910 3728">
    <p class='ocr_par' dir='ltr' id='par_1_36' title="bbox 295 3653 1910 3728">
     <span class='ocr_line' id='line_1_36' title="bbox 295 3653 1910 3728; baseline 0.004 -21"><span class='ocrx_word' id='word_1_268' title='bbox 295 3653 574 3728; x_wconf 83' lang='lat' dir='ltr'><strong>miracula,</strong></span> <span class='ocrx_word' id='word_1_269' title='bbox 614 3664 746 3726; x_wconf 88' lang='lat' dir='ltr'><strong>quot</strong></span> <span class='ocrx_word' id='word_1_270' title='bbox 794 3653 1073 3710; x_wconf 86' lang='lat' dir='ltr'><strong>beneﬁciis</strong></span> <span class='ocrx_word' id='word_1_271' title='bbox 1109 3654 1327 3720; x_wconf 84' lang='lat' dir='ltr'><strong>aiﬁciat,</strong></span> <span class='ocrx_word' id='word_1_272' title='bbox 1359 3669 1467 3725; x_wconf 88' lang='lat' dir='ltr'><strong>quo</strong></span> <span class='ocrx_word' id='word_1_273' title='bbox 1496 3663 1654 3725; x_wconf 88' lang='lat' dir='ltr'><strong>pacto</strong></span> <span class='ocrx_word' id='word_1_274' title='bbox 1684 3654 1910 3727; x_wconf 88' lang='lat' dir='ltr'><strong>dissipet</strong></span> 
     </span>
    </p>
   </div>
   <div class='ocr_carea' id='block_1_37' title="bbox 293 3745 1906 3818">
    <p class='ocr_par' dir='ltr' id='par_1_37' title="bbox 293 3745 1906 3818">
     <span class='ocr_line' id='line_1_37' title="bbox 293 3745 1906 3818; baseline 0.002 -18"><span class='ocrx_word' id='word_1_275' title='bbox 293 3745 652 3813; x_wconf 85' lang='lat' dir='ltr'><strong>adversarios,</strong></span> <span class='ocrx_word' id='word_1_276' title='bbox 683 3761 813 3801; x_wconf 88' lang='lat' dir='ltr'><strong>suos</strong></span> <span class='ocrx_word' id='word_1_277' title='bbox 840 3745 1141 3812; x_wconf 88' lang='lat' dir='ltr'><strong>conﬁrmet,</strong></span> <span class='ocrx_word' id='word_1_278' title='bbox 1172 3755 1228 3802; x_wconf 90' lang='lat' dir='ltr'><strong>et</strong></span> <span class='ocrx_word' id='word_1_279' title='bbox 1256 3761 1343 3802; x_wconf 90' lang='lat' dir='ltr'><strong>res</strong></span> <span class='ocrx_word' id='word_1_280' title='bbox 1369 3745 1509 3816; x_wconf 89' lang='lat' dir='ltr'><strong>apud</strong></span> <span class='ocrx_word' id='word_1_281' title='bbox 1540 3763 1602 3804; x_wconf 89' lang='lat' dir='ltr'><strong>se</strong></span> <span class='ocrx_word' id='word_1_282' title='bbox 1627 3759 1906 3818; x_wconf 88' lang='lat' dir='ltr'><strong>reputans,</strong></span> 
     </span>
    </p>
   </div>
   <div class='ocr_carea' id='block_1_38' title="bbox 294 3838 1908 3909">
    <p class='ocr_par' dir='ltr' id='par_1_38' title="bbox 294 3838 1908 3909">
     <span class='ocr_line' id='line_1_38' title="bbox 294 3838 1908 3909; baseline 0.001 -17"><span class='ocrx_word' id='word_1_283' title='bbox 294 3853 412 3908; x_wconf 64' lang='lat' dir='ltr'><strong>quae</strong></span> <span class='ocrx_word' id='word_1_284' title='bbox 449 3852 670 3896; x_wconf 87' lang='lat' dir='ltr'><strong>omnem</strong></span> <span class='ocrx_word' id='word_1_285' title='bbox 689 3846 904 3895; x_wconf 82' lang='lat' dir='ltr'><strong>natura:</strong></span> <span class='ocrx_word' id='word_1_286' title='bbox 934 3838 1375 3909; x_wconf 82' lang='lat' dir='ltr'><strong>consequentiam</strong></span> <span class='ocrx_word' id='word_1_287' title='bbox 1406 3848 1460 3895; x_wconf 89' lang='lat' dir='ltr'><strong>et</strong></span> <span class='ocrx_word' id='word_1_288' title='bbox 1500 3838 1788 3894; x_wconf 81' lang='lat' dir='ltr'><strong>humanam</strong></span> <span class='ocrx_word' id='word_1_289' title='bbox 1819 3855 1908 3894; x_wconf 78' lang='lat' dir='ltr'><strong>ra-</strong></span> 
     </span>
    </p>
   </div>
   <div class='ocr_carea' id='block_1_39' title="bbox 296 3928 1910 3998">
    <p class='ocr_par' dir='ltr' id='par_1_39' title="bbox 296 3928 1910 3998">
     <span class='ocr_line' id='line_1_39' title="bbox 296 3928 1910 3998; baseline 0.004 -16"><span class='ocrx_word' id='word_1_290' title='bbox 296 3928 498 3985; x_wconf 86' lang='lat' dir='ltr'><strong>tionem</strong></span> <span class='ocrx_word' id='word_1_291' title='bbox 538 3939 815 3998; x_wconf 83' lang='lat' dir='ltr'><strong>superant,</strong></span> <span class='ocrx_word' id='word_1_292' title='bbox 858 3929 1008 3996; x_wconf 90' lang='lat' dir='ltr'><strong>dicit,</strong></span> <span class='ocrx_word' id='word_1_293' title='bbox 1056 3928 1307 3984; x_wconf 85' lang='lat' dir='ltr'><strong>Sanctum</strong></span> <span class='ocrx_word' id='word_1_294' title='bbox 1356 3940 1405 3984; x_wconf 90' lang='lat' dir='ltr'><strong>et</strong></span> <span class='ocrx_word' id='word_1_295' title='bbox 1451 3931 1674 3986; x_wconf 71' lang='lat' dir='ltr'><strong>terribile</strong></span> <span class='ocrx_word' id='word_1_296' title='bbox 1727 3947 1910 3988; x_wconf 82' lang='lat' dir='ltr'><strong>nomen</strong></span> 
     </span>
    </p>
   </div>
   <div class='ocr_carea' id='block_1_40' title="bbox 295 4020 1909 4093">
    <p class='ocr_par' dir='ltr' id='par_1_40' title="bbox 295 4020 1909 4093">
     <span class='ocr_line' id='line_1_40' title="bbox 295 4020 1909 4093; baseline 0.004 -21"><span class='ocrx_word' id='word_1_297' title='bbox 295 4022 424 4090; x_wconf 78' lang='lat' dir='ltr'><strong>ejus.</strong></span> <span class='ocrx_word' id='word_1_298' title='bbox 457 4020 612 4087; x_wconf 85' lang='lat' dir='ltr'><strong>Quod</strong></span> <span class='ocrx_word' id='word_1_299' title='bbox 643 4024 688 4073; x_wconf 92' lang='lat' dir='ltr'><strong>si</strong></span> <span class='ocrx_word' id='word_1_300' title='bbox 718 4033 798 4075; x_wconf 85' lang='lat' dir='ltr'><strong>est</strong></span> <span class='ocrx_word' id='word_1_301' title='bbox 828 4032 1091 4083; x_wconf 85' lang='lat' dir='ltr'><strong>sanctum.</strong></span> <span class='ocrx_word' id='word_1_302' title='bbox 1121 4030 1306 4078; x_wconf 84' lang='lat' dir='ltr'><strong>sancta</strong></span> <span class='ocrx_word' id='word_1_303' title='bbox 1343 4037 1558 4093; x_wconf 89' lang='lat' dir='ltr'><strong>quoque</strong></span> <span class='ocrx_word' id='word_1_304' title='bbox 1587 4037 1682 4078; x_wconf 87' lang='lat' dir='ltr'><strong>ora</strong></span> <span class='ocrx_word' id='word_1_305' title='bbox 1710 4020 1909 4078; x_wconf 89' lang='lat' dir='ltr'><strong>habere</strong></span> 
     </span>
    </p>
   </div>
   <div class='ocr_carea' id='block_1_41' title="bbox 294 4104 1907 4186">
    <p class='ocr_par' dir='ltr' id='par_1_41' title="bbox 294 4104 1907 4186">
     <span class='ocr_line' id='line_1_41' title="bbox 294 4104 1907 4186; baseline 0.004 -22"><span class='ocrx_word' id='word_1_306' title='bbox 294 4104 427 4183; x_wconf 81' lang='lat' dir='ltr'><strong>opus</strong></span> <span class='ocrx_word' id='word_1_307' title='bbox 446 4123 528 4166; x_wconf 86' lang='lat' dir='ltr'><strong>cst</strong></span> <span class='ocrx_word' id='word_1_308' title='bbox 551 4111 617 4164; x_wconf 86' lang='lat' dir='ltr'><strong>ad</strong></span> <span class='ocrx_word' id='word_1_309' title='bbox 638 4127 760 4167; x_wconf 93' lang='lat' dir='ltr'><strong>cum</strong></span> <span class='ocrx_word' id='word_1_310' title='bbox 793 4112 1136 4179; x_wconf 89' lang='lat' dir='ltr'><strong>laudandum,</strong></span> <span class='ocrx_word' id='word_1_311' title='bbox 1163 4125 1370 4181; x_wconf 89' lang='lat' dir='ltr'><strong>sancta,</strong></span> <span class='ocrx_word' id='word_1_312' title='bbox 1395 4116 1609 4185; x_wconf 91' lang='lat' dir='ltr'><strong>inquam</strong></span> <span class='ocrx_word' id='word_1_313' title='bbox 1630 4158 1645 4182; x_wconf 95' lang='lat'><strong>,</strong></span> <span class='ocrx_word' id='word_1_314' title='bbox 1676 4125 1728 4171; x_wconf 89' lang='lat' dir='ltr'><strong>et</strong></span> <span class='ocrx_word' id='word_1_315' title='bbox 1752 4131 1907 4186; x_wconf 89' lang='lat' dir='ltr'><strong>pura.</strong></span> 
     </span>
    </p>
   </div>
   <div class='ocr_carea' id='block_1_42' title="bbox 369 4195 1911 4278">
    <p class='ocr_par' dir='ltr' id='par_1_42' title="bbox 369 4195 1911 4278">
     <span class='ocr_line' id='line_1_42' title="bbox 369 4195 1911 4278; baseline 0.001 -18"><span class='ocrx_word' id='word_1_316' title='bbox 369 4204 470 4260; x_wconf 72' lang='grc' dir='ltr'><strong>ινω</strong></span> <span class='ocrx_word' id='word_1_317' title='bbox 485 4210 602 4276; x_wconf 89' lang='lat' dir='ltr'><strong>fons</strong></span> <span class='ocrx_word' id='word_1_318' title='bbox 616 4205 879 4275; x_wconf 83' lang='lat' dir='ltr'><strong>sapientia</strong></span> <span class='ocrx_word' id='word_1_319' title='bbox 890 4206 1194 4276; x_wconf 81' lang='lat' dir='ltr'><strong>reperiatur;</strong></span> <span class='ocrx_word' id='word_1_320' title='bbox 1204 4195 1469 4277; x_wconf 88' lang='lat' dir='ltr'><strong>sapientia</strong></span> <span class='ocrx_word' id='word_1_321' title='bbox 1484 4207 1736 4278; x_wconf 77' lang='lat' dir='ltr'><strong>definitio;</strong></span> <span class='ocrx_word' id='word_1_322' title='bbox 1755 4223 1911 4277; x_wconf 86' lang='lat' dir='ltr'><strong>opera</strong></span> 
     </span>
    </p>
   </div>
   <div class='ocr_carea' id='block_1_43' title="bbox 297 4299 1907 4371">
    <p class='ocr_par' dir='ltr' id='par_1_43' title="bbox 297 4299 1907 4371">
     <span class='ocr_line' id='line_1_43' title="bbox 297 4299 1907 4371; baseline 0.002 -19"><span class='ocrx_word' id='word_1_323' title='bbox 297 4299 446 4352; x_wconf 62' lang='lat' dir='ltr'><strong>etiam</strong></span> <span class='ocrx_word' id='word_1_324' title='bbox 470 4300 941 4355; x_wconf 68' lang='lat' dir='ltr'><strong>necessaria—10.</strong></span> <span class='ocrx_word' id='word_1_325' title='bbox 968 4299 1180 4354; x_wconf 83' lang='lat' dir='ltr'><strong>Initium</strong></span> <span class='ocrx_word' id='word_1_326' title='bbox 1201 4303 1468 4371; x_wconf 81' lang='lat' dir='ltr'><strong>sapientia</strong></span> <span class='ocrx_word' id='word_1_327' title='bbox 1497 4303 1648 4356; x_wconf 87' lang='lat' dir='ltr'><strong>timor</strong></span> <span class='ocrx_word' id='word_1_328' title='bbox 1677 4301 1907 4356; x_wconf 86' lang='lat' dir='ltr'><strong>Domini.</strong></span> 
     </span>
    </p>
   </div>
   <div class='ocr_carea' id='block_1_44' title="bbox 297 4389 1907 4462">
    <p class='ocr_par' dir='ltr' id='par_1_44' title="bbox 297 4389 1907 4462">
     <span class='ocr_line' id='line_1_44' title="bbox 297 4389 1907 4462; baseline 0.004 -19"><span class='ocrx_word' id='word_1_329' title='bbox 297 4389 596 4445; x_wconf 80' lang='lat' dir='ltr'><strong>Intellectus</strong></span> <span class='ocrx_word' id='word_1_330' title='bbox 638 4391 798 4445; x_wconf 84' lang='lat' dir='ltr'><strong>bonus</strong></span> <span class='ocrx_word' id='word_1_331' title='bbox 845 4393 1080 4446; x_wconf 79' lang='lat' dir='ltr'><strong>omnibus</strong></span> <span class='ocrx_word' id='word_1_332' title='bbox 1124 4393 1424 4462; x_wconf 77' lang='lat' dir='ltr'><strong>facientibus</strong></span> <span class='ocrx_word' id='word_1_333' title='bbox 1473 4409 1605 4446; x_wconf 88' lang='lat' dir='ltr'><strong>eum.</strong></span> <span class='ocrx_word' id='word_1_334' title='bbox 1640 4393 1775 4462; x_wconf 85' lang='lat' dir='ltr'><strong>Quid</strong></span> <span class='ocrx_word' id='word_1_335' title='bbox 1804 4403 1907 4460; x_wconf 71' lang='grc' dir='ltr'><strong>εει,</strong></span> 
     </span>
    </p>
   </div>
   <div class='ocr_carea' id='block_1_45' title="bbox 297 4477 1910 4551">
    <p class='ocr_par' dir='ltr' id='par_1_45' title="bbox 297 4477 1910 4551">
     <span class='ocr_line' id='line_1_45' title="bbox 297 4477 1910 4551; baseline 0.004 -18"><span class='ocrx_word' id='word_1_336' title='bbox 297 4477 552 4535; x_wconf 81' lang='lat' dir='ltr'><strong>Initium?</strong></span> <span class='ocrx_word' id='word_1_337' title='bbox 593 4481 751 4544; x_wconf 78' lang='lat' dir='ltr'><strong>Fons,</strong></span> <span class='ocrx_word' id='word_1_338' title='bbox 781 4483 960 4544; x_wconf 81' lang='lat' dir='ltr'><strong>radix,</strong></span> <span class='ocrx_word' id='word_1_339' title='bbox 996 4481 1432 4539; x_wconf 79' lang='lat' dir='ltr'><strong>fundamentum.‘</strong></span> <span class='ocrx_word' id='word_1_340' title='bbox 1462 4484 1726 4551; x_wconf 87' lang='lat' dir='ltr'><strong>Quoniam</strong></span> <span class='ocrx_word' id='word_1_341' title='bbox 1766 4487 1910 4541; x_wconf 91' lang='lat' dir='ltr'><strong>enim</strong></span> 
     </span>
    </p>
   </div>
   <div class='ocr_carea' id='block_1_46' title="bbox 300 4571 1910 4640">
    <p class='ocr_par' dir='ltr' id='par_1_46' title="bbox 300 4571 1910 4640">
     <span class='ocr_line' id='line_1_46' title="bbox 300 4571 1910 4640; baseline 0.004 -15"><span class='ocrx_word' id='word_1_342' title='bbox 300 4581 376 4627; x_wconf 90' lang='lat' dir='ltr'><strong>tot</strong></span> <span class='ocrx_word' id='word_1_343' title='bbox 400 4581 456 4628; x_wconf 93' lang='lat' dir='ltr'><strong>et</strong></span> <span class='ocrx_word' id='word_1_344' title='bbox 486 4581 632 4626; x_wconf 88' lang='lat' dir='ltr'><strong>tanta</strong></span> <span class='ocrx_word' id='word_1_345' title='bbox 664 4571 796 4626; x_wconf 81' lang='lat' dir='ltr'><strong>dixit</strong></span> <span class='ocrx_word' id='word_1_346' title='bbox 825 4573 894 4628; x_wconf 91' lang='lat' dir='ltr'><strong>de</strong></span> <span class='ocrx_word' id='word_1_347' title='bbox 925 4573 1150 4628; x_wconf 89' lang='lat' dir='ltr'><strong>Domino</strong></span> <span class='ocrx_word' id='word_1_348' title='bbox 1176 4575 1324 4629; x_wconf 85' lang='lat' dir='ltr'><strong>orbis</strong></span> <span class='ocrx_word' id='word_1_349' title='bbox 1355 4583 1533 4640; x_wconf 62' lang='lat' dir='ltr'><strong>terrae,</strong></span> <span class='ocrx_word' id='word_1_350' title='bbox 1564 4585 1615 4630; x_wconf 87' lang='lat' dir='ltr'><strong>et</strong></span> <span class='ocrx_word' id='word_1_351' title='bbox 1645 4585 1790 4631; x_wconf 87' lang='lat' dir='ltr'><strong>tanta</strong></span> <span class='ocrx_word' id='word_1_352' title='bbox 1821 4592 1910 4632; x_wconf 83' lang='lat' dir='ltr'><strong>re—</strong></span> 
     </span>
    </p>
   </div>
   <div class='ocr_carea' id='block_1_47' title="bbox 299 4663 1912 4738">
    <p class='ocr_par' dir='ltr' id='par_1_47' title="bbox 299 4663 1912 4738">
     <span class='ocr_line' id='line_1_47' title="bbox 299 4663 1912 4738; baseline 0.004 -20"><span class='ocrx_word' id='word_1_353' title='bbox 299 4663 473 4732; x_wconf 77' lang='lat' dir='ltr'><strong>pletus</strong></span> <span class='ocrx_word' id='word_1_354' title='bbox 520 4671 606 4718; x_wconf 85' lang='lat' dir='ltr'><strong>est</strong></span> <span class='ocrx_word' id='word_1_355' title='bbox 650 4664 1002 4721; x_wconf 80' lang='lat' dir='ltr'><strong>admiratiooe</strong></span> <span class='ocrx_word' id='word_1_356' title='bbox 1046 4683 1060 4720; x_wconf 85' lang='lat'><strong>:</strong></span> <span class='ocrx_word' id='word_1_357' title='bbox 1116 4666 1217 4721; x_wconf 90' lang='lat' dir='ltr'><strong>hoc</strong></span> <span class='ocrx_word' id='word_1_358' title='bbox 1266 4667 1569 4738; x_wconf 83' lang='lat' dir='ltr'><strong>subjungit,</strong></span> <span class='ocrx_word' id='word_1_359' title='bbox 1619 4669 1912 4724; x_wconf 88' lang='lat' dir='ltr'><strong>ostendens</strong></span> 
     </span>
    </p>
   </div>
   <div class='ocr_carea' id='block_1_48' title="bbox 298 4755 1912 4832">
    <p class='ocr_par' dir='ltr' id='par_1_48' title="bbox 298 4755 1912 4832">
     <span class='ocr_line' id='line_1_48' title="bbox 298 4755 1912 4832; baseline 0.005 -23"><span class='ocrx_word' id='word_1_360' title='bbox 298 4755 577 4826; x_wconf 87' lang='lat' dir='ltr'><strong>deinceps.</strong></span> <span class='ocrx_word' id='word_1_361' title='bbox 619 4771 742 4811; x_wconf 90' lang='lat' dir='ltr'><strong>eum</strong></span> <span class='ocrx_word' id='word_1_362' title='bbox 772 4759 862 4828; x_wconf 89' lang='lat' dir='ltr'><strong>qui</strong></span> <span class='ocrx_word' id='word_1_363' title='bbox 894 4759 1067 4828; x_wconf 90' lang='lat' dir='ltr'><strong>ipsum</strong></span> <span class='ocrx_word' id='word_1_364' title='bbox 1099 4760 1250 4814; x_wconf 90' lang='lat' dir='ltr'><strong>timet</strong></span> <span class='ocrx_word' id='word_1_365' title='bbox 1275 4759 1486 4831; x_wconf 87' lang='lat' dir='ltr'><strong>impleri</strong></span> <span class='ocrx_word' id='word_1_366' title='bbox 1515 4760 1663 4817; x_wconf 91' lang='lat' dir='ltr'><strong>omni</strong></span> <span class='ocrx_word' id='word_1_367' title='bbox 1692 4761 1912 4832; x_wconf 81' lang='lat' dir='ltr'><strong>sapien-</strong></span> 
     </span>
    </p>
   </div>
   <div class='ocr_carea' id='block_1_49' title="bbox 302 4850 1912 4924">
    <p class='ocr_par' dir='ltr' id='par_1_49' title="bbox 302 4850 1912 4924">
     <span class='ocr_line' id='line_1_49' title="bbox 302 4850 1912 4924; baseline 0.005 -22"><span class='ocrx_word' id='word_1_368' title='bbox 302 4851 391 4915; x_wconf 87' lang='lat' dir='ltr'><strong>tia,</strong></span> <span class='ocrx_word' id='word_1_369' title='bbox 431 4861 488 4904; x_wconf 89' lang='lat' dir='ltr'><strong>et</strong></span> <span class='ocrx_word' id='word_1_370' title='bbox 515 4850 832 4918; x_wconf 87' lang='lat' dir='ltr'><strong>prudentem</strong></span> <span class='ocrx_word' id='word_1_371' title='bbox 861 4852 1109 4908; x_wconf 77' lang='lat' dir='ltr'><strong>evadere.</strong></span> <span class='ocrx_word' id='word_1_372' title='bbox 1144 4853 1348 4908; x_wconf 85' lang='lat' dir='ltr'><strong>Deinde</strong></span> <span class='ocrx_word' id='word_1_373' title='bbox 1391 4869 1460 4909; x_wconf 89' lang='lat' dir='ltr'><strong>ne</strong></span> <span class='ocrx_word' id='word_1_374' title='bbox 1485 4855 1604 4924; x_wconf 90' lang='lat' dir='ltr'><strong>quis</strong></span> <span class='ocrx_word' id='word_1_375' title='bbox 1632 4854 1912 4910; x_wconf 86' lang='lat' dir='ltr'><strong>existima-</strong></span> 
     </span>
    </p>
   </div>
   <div class='ocr_carea' id='block_1_50' title="bbox 304 4943 1910 5016">
    <p class='ocr_par' dir='ltr' id='par_1_50' title="bbox 304 4943 1910 5016">
     <span class='ocr_line' id='line_1_50' title="bbox 304 4943 1910 5016; baseline 0.004 -19"><span class='ocrx_word' id='word_1_376' title='bbox 304 4953 383 4998; x_wconf 86' lang='lat' dir='ltr'><strong>ret</strong></span> <span class='ocrx_word' id='word_1_377' title='bbox 445 4943 766 5012; x_wconf 85' lang='lat' dir='ltr'><strong>sapienliam</strong></span> <span class='ocrx_word' id='word_1_378' title='bbox 820 4961 926 4999; x_wconf 88' lang='lat' dir='ltr'><strong>non</strong></span> <span class='ocrx_word' id='word_1_379' title='bbox 981 4944 1277 5014; x_wconf 87' lang='lat' dir='ltr'><strong>procedere</strong></span> <span class='ocrx_word' id='word_1_380' title='bbox 1317 4946 1456 5000; x_wconf 91' lang='lat' dir='ltr'><strong>ultra</strong></span> <span class='ocrx_word' id='word_1_381' title='bbox 1511 4947 1910 5016; x_wconf 87' lang='lat' dir='ltr'><strong>c0gnitionem,</strong></span> 
     </span>
    </p>
   </div>
   <div class='ocr_carea' id='block_1_51' title="bbox 301 5031 1910 5108">
    <p class='ocr_par' dir='ltr' id='par_1_51' title="bbox 301 5031 1910 5108">
     <span class='ocr_line' id='line_1_51' title="bbox 301 5031 1910 5108; baseline 0.005 -21"><span class='ocrx_word' id='word_1_382' title='bbox 301 5033 580 5103; x_wconf 83' lang='lat' dir='ltr'><strong>subjunin</strong></span> <span class='ocrx_word' id='word_1_383' title='bbox 608 5052 621 5086; x_wconf 92' lang='lat'><strong>:</strong></span> <span class='ocrx_word' id='word_1_384' title='bbox 657 5031 952 5089; x_wconf 83' lang='lat' dir='ltr'><strong>Intellectus</strong></span> <span class='ocrx_word' id='word_1_385' title='bbox 978 5036 1140 5091; x_wconf 88' lang='lat' dir='ltr'><strong>bonus</strong></span> <span class='ocrx_word' id='word_1_386' title='bbox 1178 5037 1410 5091; x_wconf 87' lang='lat' dir='ltr'><strong>omnibus</strong></span> <span class='ocrx_word' id='word_1_387' title='bbox 1437 5039 1739 5108; x_wconf 76' lang='lat' dir='ltr'><strong>facientibus</strong></span> <span class='ocrx_word' id='word_1_388' title='bbox 1773 5055 1910 5095; x_wconf 86' lang='lat' dir='ltr'><strong>eum.</strong></span> 
     </span>
    </p>
   </div>
   <div class='ocr_carea' id='block_1_52' title="bbox 303 5122 1916 5192">
    <p class='ocr_par' dir='ltr' id='par_1_52' title="bbox 303 5122 1916 5192">
     <span class='ocr_line' id='line_1_52' title="bbox 303 5122 1916 5192; baseline 0.006 -14"><span class='ocrx_word' id='word_1_389' title='bbox 303 5122 416 5180; x_wconf 80' lang='lat' dir='ltr'><strong>Non</strong></span> <span class='ocrx_word' id='word_1_390' title='bbox 445 5124 647 5180; x_wconf 77' lang='lat' dir='ltr'><strong>sufﬁcit</strong></span> <span class='ocrx_word' id='word_1_391' title='bbox 673 5126 815 5187; x_wconf 88' lang='lat' dir='ltr'><strong>enim</strong></span> <span class='ocrx_word' id='word_1_392' title='bbox 845 5125 1006 5192; x_wconf 89' lang='lat' dir='ltr'><strong>ﬁdes,</strong></span> <span class='ocrx_word' id='word_1_393' title='bbox 1040 5129 1138 5182; x_wconf 88' lang='lat' dir='ltr'><strong>nisi</strong></span> <span class='ocrx_word' id='word_1_394' title='bbox 1178 5129 1317 5183; x_wconf 87' lang='lat' dir='ltr'><strong>adsit</strong></span> <span class='ocrx_word' id='word_1_395' title='bbox 1346 5129 1508 5184; x_wconf 89' lang='lat' dir='ltr'><strong>etiam</strong></span> <span class='ocrx_word' id='word_1_396' title='bbox 1540 5132 1662 5186; x_wconf 72' lang='lat' dir='ltr'><strong>vita:</strong></span> <span class='ocrx_word' id='word_1_397' title='bbox 1698 5132 1916 5188; x_wconf 77' lang='lat' dir='ltr'><strong>institu-</strong></span> 
     </span>
    </p>
   </div>
   <div class='ocr_carea' id='block_1_53' title="bbox 305 5214 1918 5283">
    <p class='ocr_par' dir='ltr' id='par_1_53' title="bbox 305 5214 1918 5283">
     <span class='ocr_line' id='line_1_53' title="bbox 305 5214 1918 5283; baseline 0.007 -14"><span class='ocrx_word' id='word_1_398' title='bbox 305 5224 414 5270; x_wconf 87' lang='lat' dir='ltr'><strong>tum</strong></span> <span class='ocrx_word' id='word_1_399' title='bbox 448 5214 572 5270; x_wconf 85' lang='lat' dir='ltr'><strong>ﬁdei</strong></span> <span class='ocrx_word' id='word_1_400' title='bbox 594 5218 941 5271; x_wconf 64' lang='lat' dir='ltr'><strong>convenit-ns.</strong></span> <span class='ocrx_word' id='word_1_401' title='bbox 966 5217 1249 5283; x_wconf 78' lang='lat' dir='ltr'><strong>Quomodo</strong></span> <span class='ocrx_word' id='word_1_402' title='bbox 1273 5229 1358 5275; x_wconf 88' lang='lat' dir='ltr'><strong>est</strong></span> <span class='ocrx_word' id='word_1_403' title='bbox 1379 5229 1557 5276; x_wconf 87' lang='lat' dir='ltr'><strong>autem</strong></span> <span class='ocrx_word' id='word_1_404' title='bbox 1590 5222 1800 5278; x_wconf 88' lang='lat' dir='ltr'><strong>initium</strong></span> <span class='ocrx_word' id='word_1_405' title='bbox 1830 5240 1918 5280; x_wconf 86' lang='lat' dir='ltr'><strong>sa-</strong></span> 
     </span>
    </p>
   </div>
   <div class='ocr_carea' id='block_1_54' title="bbox 306 5305 1916 5381">
    <p class='ocr_par' dir='ltr' id='par_1_54' title="bbox 306 5305 1916 5381">
     <span class='ocr_line' id='line_1_54' title="bbox 306 5305 1916 5381; baseline 0.008 -22"><span class='ocrx_word' id='word_1_406' title='bbox 306 5305 520 5376; x_wconf 70' lang='lat' dir='ltr'><strong>pientia:</strong></span> <span class='ocrx_word' id='word_1_407' title='bbox 551 5307 711 5362; x_wconf 86' lang='lat' dir='ltr'><strong>timor</strong></span> <span class='ocrx_word' id='word_1_408' title='bbox 745 5309 994 5363; x_wconf 81' lang='lat' dir='ltr'><strong>Domini?</strong></span> <span class='ocrx_word' id='word_1_409' title='bbox 1017 5310 1100 5365; x_wconf 79' lang='lat' dir='ltr'><strong>Ab</strong></span> <span class='ocrx_word' id='word_1_410' title='bbox 1125 5313 1272 5366; x_wconf 89' lang='lat' dir='ltr'><strong>omni</strong></span> <span class='ocrx_word' id='word_1_411' title='bbox 1297 5312 1424 5369; x_wconf 89' lang='lat' dir='ltr'><strong>vitio</strong></span> <span class='ocrx_word' id='word_1_412' title='bbox 1451 5315 1641 5370; x_wconf 83' lang='lat' dir='ltr'><strong>liberat</strong></span> <span class='ocrx_word' id='word_1_413' title='bbox 1658 5355 1673 5381; x_wconf 92' lang='lat'><strong>,</strong></span> <span class='ocrx_word' id='word_1_414' title='bbox 1698 5331 1916 5372; x_wconf 91' lang='lat' dir='ltr'><strong>omnem</strong></span> 
     </span>
    </p>
   </div>
   <div class='ocr_carea' id='block_1_55' title="bbox 305 5401 1913 5478">
    <p class='ocr_par' dir='ltr' id='par_1_55' title="bbox 305 5401 1913 5478">
     <span class='ocr_line' id='line_1_55' title="bbox 305 5401 1913 5478; baseline 0.007 -25"><span class='ocrx_word' id='word_1_415' title='bbox 305 5401 558 5455; x_wconf 88' lang='lat' dir='ltr'><strong>virtutem</strong></span> <span class='ocrx_word' id='word_1_416' title='bbox 585 5401 782 5471; x_wconf 88' lang='lat' dir='ltr'><strong>dirigit.</strong></span> <span class='ocrx_word' id='word_1_417' title='bbox 820 5402 955 5456; x_wconf 87' lang='lat' dir='ltr'><strong>Dicit</strong></span> <span class='ocrx_word' id='word_1_418' title='bbox 984 5413 1161 5457; x_wconf 90' lang='lat' dir='ltr'><strong>autem</strong></span> <span class='ocrx_word' id='word_1_419' title='bbox 1203 5403 1543 5475; x_wconf 89' lang='lat' dir='ltr'><strong>sapientiam,</strong></span> <span class='ocrx_word' id='word_1_420' title='bbox 1577 5423 1684 5463; x_wconf 92' lang='lat' dir='ltr'><strong>non</strong></span> <span class='ocrx_word' id='word_1_421' title='bbox 1715 5425 1835 5478; x_wconf 64' lang='lat' dir='ltr'><strong>quae</strong></span> <span class='ocrx_word' id='word_1_422' title='bbox 1862 5411 1913 5466; x_wconf 92' lang='lat' dir='ltr'><strong>in</strong></span> 
     </span>
    </p>
   </div>
   <div class='ocr_carea' id='block_1_56' title="bbox 309 5490 1912 5572">
    <p class='ocr_par' dir='ltr' id='par_1_56' title="bbox 309 5490 1912 5572">
     <span class='ocr_line' id='line_1_56' title="bbox 309 5490 1912 5572; baseline 0.006 -28"><span class='ocrx_word' id='word_1_423' title='bbox 309 5490 509 5558; x_wconf 79' lang='lat' dir='ltr'><strong>verbis,</strong></span> <span class='ocrx_word' id='word_1_424' title='bbox 541 5491 640 5546; x_wconf 86' lang='lat' dir='ltr'><strong>sed</strong></span> <span class='ocrx_word' id='word_1_425' title='bbox 669 5507 788 5562; x_wconf 65' lang='lat' dir='ltr'><strong>qua</strong></span> <span class='ocrx_word' id='word_1_426' title='bbox 827 5492 881 5547; x_wconf 87' lang='lat' dir='ltr'><strong>in</strong></span> <span class='ocrx_word' id='word_1_427' title='bbox 912 5495 1074 5549; x_wconf 88' lang='lat' dir='ltr'><strong>rebus</strong></span> <span class='ocrx_word' id='word_1_428' title='bbox 1103 5495 1203 5549; x_wconf 88' lang='lat' dir='ltr'><strong>sita</strong></span> <span class='ocrx_word' id='word_1_429' title='bbox 1230 5507 1331 5550; x_wconf 85' lang='lat' dir='ltr'><strong>est.</strong></span> <span class='ocrx_word' id='word_1_430' title='bbox 1374 5496 1509 5552; x_wconf 85' lang='lat' dir='ltr'><strong>Nam</strong></span> <span class='ocrx_word' id='word_1_431' title='bbox 1536 5501 1747 5555; x_wconf 77' lang='lat' dir='ltr'><strong>externi</strong></span> <span class='ocrx_word' id='word_1_432' title='bbox 1777 5517 1912 5572; x_wconf 85' lang='lat' dir='ltr'><strong>quo-</strong></span> 
     </span>
    </p>
   </div>
   <div class='ocr_carea' id='block_1_57' title="bbox 303 5579 1918 5657">
    <p class='ocr_par' dir='ltr' id='par_1_57' title="bbox 303 5579 1918 5657">
     <span class='ocr_line' id='line_1_57' title="bbox 303 5579 1918 5657; baseline 0.009 -20"><span class='ocrx_word' id='word_1_433' title='bbox 303 5597 407 5651; x_wconf 82' lang='lat' dir='ltr'><strong>que</strong></span> <span class='ocrx_word' id='word_1_434' title='bbox 449 5579 756 5653; x_wconf 82' lang='lat' dir='ltr'><strong>philosophi</strong></span> <span class='ocrx_word' id='word_1_435' title='bbox 785 5584 1108 5641; x_wconf 72' lang='lat' dir='ltr'><strong>definierunt</strong></span> <span class='ocrx_word' id='word_1_436' title='bbox 1146 5587 1486 5657; x_wconf 83' lang='lat' dir='ltr'><strong>sapientiam,</strong></span> <span class='ocrx_word' id='word_1_437' title='bbox 1519 5591 1821 5648; x_wconf 70' lang='lat' dir='ltr'><strong>divinarum</strong></span> <span class='ocrx_word' id='word_1_438' title='bbox 1863 5606 1918 5651; x_wconf 89' lang='lat' dir='ltr'><strong>et</strong></span> 
     </span>
    </p>
   </div>
   <div class='ocr_carea' id='block_1_58' title="bbox 304 5676 1915 5748">
    <p class='ocr_par' dir='ltr' id='par_1_58' title="bbox 304 5676 1915 5748">
     <span class='ocr_line' id='line_1_58' title="bbox 304 5676 1915 5748; baseline 0.008 -17"><span class='ocrx_word' id='word_1_439' title='bbox 304 5676 681 5735; x_wconf 89' lang='lat' dir='ltr'><strong>humanarum</strong></span> <span class='ocrx_word' id='word_1_440' title='bbox 705 5693 883 5734; x_wconf 89' lang='lat' dir='ltr'><strong>rerum</strong></span> <span class='ocrx_word' id='word_1_441' title='bbox 913 5680 1294 5748; x_wconf 76' lang='lat' dir='ltr'><strong>cognitionem.</strong></span> <span class='ocrx_word' id='word_1_442' title='bbox 1356 5683 1503 5738; x_wconf 85' lang='lat' dir='ltr'><strong>lianc</strong></span> <span class='ocrx_word' id='word_1_443' title='bbox 1534 5693 1710 5741; x_wconf 88' lang='lat' dir='ltr'><strong>autem</strong></span> <span class='ocrx_word' id='word_1_444' title='bbox 1743 5697 1915 5744; x_wconf 88' lang='lat' dir='ltr'><strong>artem</strong></span> 
     </span>
    </p>
   </div>
   <div class='ocr_carea' id='block_1_59' title="bbox 306 5767 1916 5843">
    <p class='ocr_par' dir='ltr' id='par_1_59' title="bbox 306 5767 1916 5843">
     <span class='ocr_line' id='line_1_59' title="bbox 306 5767 1916 5843; baseline 0.011 -22"><span class='ocrx_word' id='word_1_445' title='bbox 306 5767 466 5825; x_wconf 82' lang='lat' dir='ltr'><strong>docet</strong></span> <span class='ocrx_word' id='word_1_446' title='bbox 492 5771 586 5825; x_wconf 88' lang='lat' dir='ltr'><strong>Det</strong></span> <span class='ocrx_word' id='word_1_447' title='bbox 625 5770 803 5838; x_wconf 86' lang='lat' dir='ltr'><strong>timor,</strong></span> <span class='ocrx_word' id='word_1_448' title='bbox 848 5772 1241 5842; x_wconf 86' lang='lat' dir='ltr'><strong>improbitatem</strong></span> <span class='ocrx_word' id='word_1_449' title='bbox 1272 5777 1542 5843; x_wconf 80' lang='lat' dir='ltr'><strong>auferens,</strong></span> <span class='ocrx_word' id='word_1_450' title='bbox 1571 5790 1625 5834; x_wconf 92' lang='lat' dir='ltr'><strong>et</strong></span> <span class='ocrx_word' id='word_1_451' title='bbox 1664 5781 1916 5838; x_wconf 89' lang='lat' dir='ltr'><strong>virtutem</strong></span> 
     </span>
    </p>
   </div>
   <div class='ocr_carea' id='block_1_60' title="bbox 303 5861 1912 5938">
    <p class='ocr_par' dir='ltr' id='par_1_60' title="bbox 303 5861 1912 5938">
     <span class='ocr_line' id='line_1_60' title="bbox 303 5861 1912 5938; baseline 0.009 -20"><span class='ocrx_word' id='word_1_452' title='bbox 303 5861 571 5935; x_wconf 66' lang='lat' dir='ltr'><strong>mseras,</strong></span> <span class='ocrx_word' id='word_1_453' title='bbox 613 5875 670 5921; x_wconf 89' lang='lat' dir='ltr'><strong>ut</strong></span> <span class='ocrx_word' id='word_1_454' title='bbox 696 5870 980 5938; x_wconf 62' lang='lat' dir='ltr'><strong>pauentia</strong></span> <span class='ocrx_word' id='word_1_455' title='bbox 1017 5877 1430 5927; x_wconf 85' lang='lat' dir='ltr'><strong>contemnantur</strong></span> <span class='ocrx_word' id='word_1_456' title='bbox 1455 5871 1718 5938; x_wconf 78' lang='lat' dir='ltr'><strong>efﬁciens.</strong></span> <span class='ocrx_word' id='word_1_457' title='bbox 1763 5884 1816 5931; x_wconf 89' lang='lat' dir='ltr'><strong>et</strong></span> <span class='ocrx_word' id='word_1_458' title='bbox 1861 5876 1912 5934; x_wconf 87' lang='lat' dir='ltr'><strong>in</strong></span> 
     </span>
    </p>
   </div>
   <div class='ocr_carea' id='block_1_61' title="bbox 1451 385 2474 455">
    <p class='ocr_par' dir='ltr' id='par_1_61' title="bbox 1451 385 2474 455">
     <span class='ocr_line' id='line_1_61' title="bbox 1451 385 2474 455; baseline -0.014 0"><span class='ocrx_word' id='word_1_459' title='bbox 1451 391 1818 455; x_wconf 69' lang='lat' dir='ltr'><strong>LXI‘OSITIO</strong></span> <span class='ocrx_word' id='word_1_460' title='bbox 1857 387 1924 444; x_wconf 81' lang='grc' dir='ltr'><strong>ΙΝ</strong></span> <span class='ocrx_word' id='word_1_461' title='bbox 1965 385 2294 450; x_wconf 60' lang='grc' dir='ltr'><strong>ιιδΑωωω</strong></span> <span class='ocrx_word' id='word_1_462' title='bbox 2337 386 2474 442; x_wconf 76' lang='lat' dir='ltr'><strong>CXI.</strong></span> 
     </span>
    </p>
   </div>
   <div class='ocr_carea' id='block_1_62' title="bbox 3547 385 3657 444">
    <p class='ocr_par' dir='ltr' id='par_1_62' title="bbox 3547 385 3657 444">
     <span class='ocr_line' id='line_1_62' title="bbox 3547 385 3657 444; baseline -0.009 -1"><span class='ocrx_word' id='word_1_463' title='bbox 3547 385 3657 444; x_wconf 69' lang='lat' dir='ltr'><strong>itii)</strong></span> 
     </span>
    </p>
   </div>
   <div class='ocr_carea' id='block_1_63' title="bbox 2025 503 3652 580">
    <p class='ocr_par' dir='ltr' id='par_1_63' title="bbox 2025 503 3652 580">
     <span class='ocr_line' id='line_1_63' title="bbox 2025 503 3652 580; baseline -0.002 -18"><span class='ocrx_word' id='word_1_464' title='bbox 2025 503 2219 562; x_wconf 71' lang='lat' dir='ltr'><strong>calum</strong></span> <span class='ocrx_word' id='word_1_465' title='bbox 2255 503 2561 562; x_wconf 87' lang='lat' dir='ltr'><strong>traducens.</strong></span> <span class='ocrx_word' id='word_1_466' title='bbox 2593 503 2731 580; x_wconf 85' lang='lat' dir='ltr'><strong>Quid</strong></span> <span class='ocrx_word' id='word_1_467' title='bbox 2759 513 2843 562; x_wconf 89' lang='lat' dir='ltr'><strong>est</strong></span> <span class='ocrx_word' id='word_1_468' title='bbox 2874 503 3182 577; x_wconf 87' lang='lat' dir='ltr'><strong>bujusmodi</strong></span> <span class='ocrx_word' id='word_1_469' title='bbox 3210 505 3389 560; x_wconf 87' lang='lat' dir='ltr'><strong>anima</strong></span> <span class='ocrx_word' id='word_1_470' title='bbox 3433 505 3652 579; x_wconf 51' lang='lat' dir='ltr'><strong>sapiet»</strong></span> 
     </span>
    </p>
   </div>
   <div class='ocr_carea' id='block_1_64' title="bbox 2027 594 3649 668">
    <p class='ocr_par' dir='ltr' id='par_1_64' title="bbox 2027 594 3649 668">
     <span class='ocr_line' id='line_1_64' title="bbox 2027 594 3649 668; baseline 0 -16"><span class='ocrx_word' id='word_1_471' title='bbox 2027 597 2170 653; x_wconf 73' lang='lat' dir='ltr'><strong>tius?</strong></span> <span class='ocrx_word' id='word_1_472' title='bbox 2211 596 2332 654; x_wconf 85' lang='lat' dir='ltr'><strong>Non</strong></span> <span class='ocrx_word' id='word_1_473' title='bbox 2377 597 2570 668; x_wconf 68' lang='lat' dir='ltr'><strong>quaerit</strong></span> <span class='ocrx_word' id='word_1_474' title='bbox 2615 608 2796 653; x_wconf 90' lang='lat' dir='ltr'><strong>autem</strong></span> <span class='ocrx_word' id='word_1_475' title='bbox 2836 596 2926 652; x_wconf 83' lang='lat' dir='ltr'><strong>hic</strong></span> <span class='ocrx_word' id='word_1_476' title='bbox 2974 595 3149 651; x_wconf 90' lang='lat' dir='ltr'><strong>solum</strong></span> <span class='ocrx_word' id='word_1_477' title='bbox 3192 594 3520 660; x_wconf 84' lang='lat' dir='ltr'><strong>auditorem,</strong></span> <span class='ocrx_word' id='word_1_478' title='bbox 3551 604 3649 652; x_wconf 75' lang='lat' dir='ltr'><strong>sed</strong></span> 
     </span>
    </p>
   </div>
   <div class='ocr_carea' id='block_1_65' title="bbox 2023 681 3652 761">
    <p class='ocr_par' dir='ltr' id='par_1_65' title="bbox 2023 681 3652 761">
     <span class='ocr_line' id='line_1_65' title="bbox 2023 681 3652 761; baseline -0.003 -15"><span class='ocrx_word' id='word_1_479' title='bbox 2023 690 2185 746; x_wconf 90' lang='lat' dir='ltr'><strong>etiam</strong></span> <span class='ocrx_word' id='word_1_480' title='bbox 2226 688 2507 746; x_wconf 79' lang='lat' dir='ltr'><strong>factorem.</strong></span> <span class='ocrx_word' id='word_1_481' title='bbox 2547 687 2858 744; x_wconf 81' lang='lat' dir='ltr'><strong>Intellectus</strong></span> <span class='ocrx_word' id='word_1_482' title='bbox 2894 681 3068 744; x_wconf 83' lang='lat' dir='ltr'><strong>autem</strong></span> <span class='ocrx_word' id='word_1_483' title='bbox 3105 685 3268 744; x_wconf 79' lang='lat' dir='ltr'><strong>bonas</strong></span> <span class='ocrx_word' id='word_1_484' title='bbox 3301 685 3538 744; x_wconf 80' lang='lat' dir='ltr'><strong>omnibus</strong></span> <span class='ocrx_word' id='word_1_485' title='bbox 3568 690 3652 761; x_wconf 83' lang='lat' dir='ltr'><strong>fa-</strong></span> 
     </span>
    </p>
   </div>
   <div class='ocr_carea' id='block_1_66' title="bbox 2021 779 3649 852">
    <p class='ocr_par' dir='ltr' id='par_1_66' title="bbox 2021 779 3649 852">
     <span class='ocr_line' id='line_1_66' title="bbox 2021 779 3649 852; baseline -0.001 -16"><span class='ocrx_word' id='word_1_486' title='bbox 2021 780 2268 838; x_wconf 80' lang='lat' dir='ltr'><strong>cientibus</strong></span> <span class='ocrx_word' id='word_1_487' title='bbox 2312 797 2425 836; x_wconf 85' lang='lat' dir='ltr'><strong>eum</strong></span> <span class='ocrx_word' id='word_1_488' title='bbox 2453 797 2472 836; x_wconf 92' lang='lat'><strong><em>:</em></strong></span> <span class='ocrx_word' id='word_1_489' title='bbox 2501 781 2604 837; x_wconf 90' lang='lat' dir='ltr'><strong>hoc</strong></span> <span class='ocrx_word' id='word_1_490' title='bbox 2629 790 2732 843; x_wconf 89' lang='lat' dir='ltr'><strong>est,</strong></span> <span class='ocrx_word' id='word_1_491' title='bbox 2776 779 2841 836; x_wconf 86' lang='lat' dir='ltr'><strong>iis</strong></span> <span class='ocrx_word' id='word_1_492' title='bbox 2867 779 2960 852; x_wconf 91' lang='lat' dir='ltr'><strong>qui</strong></span> <span class='ocrx_word' id='word_1_493' title='bbox 2995 779 3324 852; x_wconf 84' lang='lat' dir='ltr'><strong>sapientiam</strong></span> <span class='ocrx_word' id='word_1_494' title='bbox 3364 783 3649 844; x_wconf 84' lang='lat' dir='ltr'><strong>exercent,</strong></span> 
     </span>
    </p>
   </div>
   <div class='ocr_carea' id='block_1_67' title="bbox 2021 869 3647 940">
    <p class='ocr_par' dir='ltr' id='par_1_67' title="bbox 2021 869 3647 940">
     <span class='ocr_line' id='line_1_67' title="bbox 2021 869 3647 940; baseline -0.002 -10"><span class='ocrx_word' id='word_1_495' title='bbox 2021 884 2076 931; x_wconf 91' lang='lat' dir='ltr'><strong>et</strong></span> <span class='ocrx_word' id='word_1_496' title='bbox 2099 889 2219 930; x_wconf 88' lang='lat' dir='ltr'><strong>eam</strong></span> <span class='ocrx_word' id='word_1_497' title='bbox 2246 874 2399 937; x_wconf 78' lang='lat' dir='ltr'><strong>lactis</strong></span> <span class='ocrx_word' id='word_1_498' title='bbox 2420 873 2732 940; x_wconf 85' lang='lat' dir='ltr'><strong>ostendunt,</strong></span> <span class='ocrx_word' id='word_1_499' title='bbox 2760 873 2935 929; x_wconf 84' lang='lat' dir='ltr'><strong>bonus</strong></span> <span class='ocrx_word' id='word_1_500' title='bbox 2961 881 3045 928; x_wconf 91' lang='lat' dir='ltr'><strong>est</strong></span> <span class='ocrx_word' id='word_1_501' title='bbox 3072 869 3647 932; x_wconf 76' lang='lat' dir='ltr'><strong>intellectus._Intelle-</strong></span> 
     </span>
    </p>
   </div>
   <div class='ocr_carea' id='block_1_68' title="bbox 2021 960 3626 1037">
    <p class='ocr_par' dir='ltr' id='par_1_68' title="bbox 2021 960 3626 1037">
     <span class='ocr_line' id='line_1_68' title="bbox 2021 960 3626 1037; baseline 0.001 -17"><span class='ocrx_word' id='word_1_502' title='bbox 2021 977 2128 1021; x_wconf 83' lang='lat' dir='ltr'><strong>ctus</strong></span> <span class='ocrx_word' id='word_1_503' title='bbox 2157 966 2338 1033; x_wconf 86' lang='lat' dir='ltr'><strong>bonus,</strong></span> <span class='ocrx_word' id='word_1_504' title='bbox 2385 966 2577 1033; x_wconf 81' lang='lat' dir='ltr'><strong>inquit.</strong></span> <span class='ocrx_word' id='word_1_505' title='bbox 2604 965 2858 1037; x_wconf 89' lang='lat' dir='ltr'><strong>quoniam</strong></span> <span class='ocrx_word' id='word_1_506' title='bbox 2895 975 2980 1023; x_wconf 87' lang='lat' dir='ltr'><strong>est</strong></span> <span class='ocrx_word' id='word_1_507' title='bbox 3016 967 3180 1022; x_wconf 86' lang='lat' dir='ltr'><strong>etiam</strong></span> <span class='ocrx_word' id='word_1_508' title='bbox 3212 960 3390 1022; x_wconf 86' lang='lat' dir='ltr'><strong>malus</strong></span> <span class='ocrx_word' id='word_1_509' title='bbox 3434 965 3626 1021; x_wconf 88' lang='lat' dir='ltr'><strong>intellc</strong></span> 
     </span>
    </p>
   </div>
   <div class='ocr_carea' id='block_1_69' title="bbox 2021 1055 3645 1130">
    <p class='ocr_par' dir='ltr' id='par_1_69' title="bbox 2021 1055 3645 1130">
     <span class='ocr_line' id='line_1_69' title="bbox 2021 1055 3645 1130; baseline 0.001 -18"><span class='ocrx_word' id='word_1_510' title='bbox 2021 1067 2158 1124; x_wconf 86' lang='lat' dir='ltr'><strong>etus,</strong></span> <span class='ocrx_word' id='word_1_511' title='bbox 2185 1067 2243 1116; x_wconf 86' lang='lat' dir='ltr'><strong>ut</strong></span> <span class='ocrx_word' id='word_1_512' title='bbox 2263 1055 2479 1128; x_wconf 87' lang='lat' dir='ltr'><strong>quando</strong></span> <span class='ocrx_word' id='word_1_513' title='bbox 2505 1057 2638 1113; x_wconf 91' lang='lat' dir='ltr'><strong>dicit</strong></span> <span class='ocrx_word' id='word_1_514' title='bbox 2665 1075 2678 1112; x_wconf 93' lang='lat'><strong>:</strong></span> <span class='ocrx_word' id='word_1_515' title='bbox 2715 1057 2989 1130; x_wconf 82' lang='lat' dir='ltr'><strong>Sapientes</strong></span> <span class='ocrx_word' id='word_1_516' title='bbox 3016 1067 3212 1113; x_wconf 80' lang='lat' dir='ltr'><strong>suntut</strong></span> <span class='ocrx_word' id='word_1_517' title='bbox 3239 1057 3375 1114; x_wconf 87' lang='lat' dir='ltr'><strong>male</strong></span> <span class='ocrx_word' id='word_1_518' title='bbox 3401 1057 3596 1130; x_wconf 81' lang='lat' dir='ltr'><strong>fariant</strong></span> <span class='ocrx_word' id='word_1_519' title='bbox 3624 1076 3645 1114; x_wconf 87' lang='lat'><strong><em>:</em></strong></span> 
     </span>
    </p>
   </div>
   <div class='ocr_carea' id='block_1_70' title="bbox 2019 1147 3649 1224">
    <p class='ocr_par' dir='ltr' id='par_1_70' title="bbox 2019 1147 3649 1224">
     <span class='ocr_line' id='line_1_70' title="bbox 2019 1147 3649 1224; baseline 0.001 -20"><span class='ocrx_word' id='word_1_520' title='bbox 2019 1151 2205 1205; x_wconf 84' lang='lat' dir='ltr'><strong>bonum</strong></span> <span class='ocrx_word' id='word_1_521' title='bbox 2231 1159 2400 1206; x_wconf 82' lang='lat' dir='ltr'><strong>autent</strong></span> <span class='ocrx_word' id='word_1_522' title='bbox 2427 1152 2598 1223; x_wconf 79' lang='lat' dir='ltr'><strong>facere</strong></span> <span class='ocrx_word' id='word_1_523' title='bbox 2623 1165 2727 1204; x_wconf 90' lang='lat' dir='ltr'><strong>non</strong></span> <span class='ocrx_word' id='word_1_524' title='bbox 2755 1160 3002 1205; x_wconf 78' lang='lat' dir='ltr'><strong>nouerunt</strong></span> <span class='ocrx_word' id='word_1_525' title='bbox 3029 1147 3164 1223; x_wconf 82' lang='lat' dir='ltr'><strong>(Jer.</strong></span> <span class='ocrx_word' id='word_1_526' title='bbox 3185 1150 3244 1208; x_wconf 77' lang='grc'><strong>4.</strong></span> <span class='ocrx_word' id='word_1_527' title='bbox 3268 1149 3385 1224; x_wconf 75' lang='grc'><strong>22).</strong></span> <span class='ocrx_word' id='word_1_528' title='bbox 3405 1149 3527 1220; x_wconf 87' lang='lat' dir='ltr'><strong>Ipse</strong></span> <span class='ocrx_word' id='word_1_529' title='bbox 3553 1166 3649 1206; x_wconf 85' lang='lat' dir='ltr'><strong>au-</strong></span> 
     </span>
    </p>
   </div>
   <div class='ocr_carea' id='block_1_71' title="bbox 2020 1231 3642 1315">
    <p class='ocr_par' dir='ltr' id='par_1_71' title="bbox 2020 1231 3642 1315">
     <span class='ocr_line' id='line_1_71' title="bbox 2020 1231 3642 1315; baseline 0.001 -17"><span class='ocrx_word' id='word_1_530' title='bbox 2020 1231 2127 1300; x_wconf 91' lang='lat' dir='ltr'><strong>tem</strong></span> <span class='ocrx_word' id='word_1_531' title='bbox 2158 1243 2352 1315; x_wconf 68' lang='lat' dir='ltr'><strong>quatrit</strong></span> <span class='ocrx_word' id='word_1_532' title='bbox 2378 1257 2502 1300; x_wconf 88' lang='lat' dir='ltr'><strong>eum</strong></span> <span class='ocrx_word' id='word_1_533' title='bbox 2529 1242 2868 1300; x_wconf 84' lang='lat' dir='ltr'><strong>intellectum</strong></span> <span class='ocrx_word' id='word_1_534' title='bbox 2889 1284 2906 1312; x_wconf 92' lang='lat'><strong>,</strong></span> <span class='ocrx_word' id='word_1_535' title='bbox 2937 1244 3029 1314; x_wconf 89' lang='lat' dir='ltr'><strong>qui</strong></span> <span class='ocrx_word' id='word_1_536' title='bbox 3057 1243 3112 1299; x_wconf 90' lang='lat' dir='ltr'><strong>in</strong></span> <span class='ocrx_word' id='word_1_537' title='bbox 3141 1243 3341 1300; x_wconf 87' lang='lat' dir='ltr'><strong>virtute</strong></span> <span class='ocrx_word' id='word_1_538' title='bbox 3365 1244 3504 1301; x_wconf 88' lang='lat' dir='ltr'><strong>situs</strong></span> <span class='ocrx_word' id='word_1_539' title='bbox 3535 1255 3642 1301; x_wconf 88' lang='lat' dir='ltr'><strong>est.</strong></span> 
     </span>
    </p>
   </div>
   <div class='ocr_carea' id='block_1_72' title="bbox 2088 1321 3648 1406">
    <p class='ocr_par' dir='ltr' id='par_1_72' title="bbox 2088 1321 3648 1406">
     <span class='ocr_line' id='line_1_72' title="bbox 2088 1321 3648 1406; baseline 0 -18"><span class='ocrx_word' id='word_1_540' title='bbox 2088 1333 2230 1390; x_wconf 84' lang='lat' dir='ltr'><strong>Laus</strong></span> <span class='ocrx_word' id='word_1_541' title='bbox 2277 1334 2374 1392; x_wconf 88' lang='lat' dir='ltr'><strong>Dei</strong></span> <span class='ocrx_word' id='word_1_542' title='bbox 2419 1350 2536 1405; x_wconf 82' lang='lat' dir='ltr'><strong>qua</strong></span> <span class='ocrx_word' id='word_1_543' title='bbox 2581 1335 2668 1389; x_wconf 87' lang='lat' dir='ltr'><strong>sit.</strong></span> <span class='ocrx_word' id='word_1_544' title='bbox 2695 1364 2770 1376; x_wconf 92' lang='lat'><strong>-—</strong></span> <span class='ocrx_word' id='word_1_545' title='bbox 2810 1333 3067 1395; x_wconf 83' lang='lat' dir='ltr'><strong>Laudatio</strong></span> <span class='ocrx_word' id='word_1_546' title='bbox 3106 1335 3217 1406; x_wconf 80' lang='lat' dir='ltr'><strong>ejus</strong></span> <span class='ocrx_word' id='word_1_547' title='bbox 3252 1321 3440 1390; x_wconf 78' lang='lat' dir='ltr'><strong>manes</strong></span> <span class='ocrx_word' id='word_1_548' title='bbox 3460 1334 3517 1388; x_wconf 88' lang='lat' dir='ltr'><strong>in</strong></span> <span class='ocrx_word' id='word_1_549' title='bbox 3541 1349 3648 1388; x_wconf 79' lang='lat' dir='ltr'><strong>str-</strong></span> 
     </span>
    </p>
   </div>
   <div class='ocr_carea' id='block_1_73' title="bbox 2016 1416 3660 1500">
    <p class='ocr_par' dir='ltr' id='par_1_73' title="bbox 2016 1416 3660 1500">
     <span class='ocr_line' id='line_1_73' title="bbox 2016 1416 3660 1500; baseline 0 -18"><span class='ocrx_word' id='word_1_550' title='bbox 2016 1428 2190 1484; x_wconf 87' lang='lat' dir='ltr'><strong>cnlum</strong></span> <span class='ocrx_word' id='word_1_551' title='bbox 2216 1427 2414 1484; x_wconf 79' lang='lat' dir='ltr'><strong>sacsli.</strong></span> <span class='ocrx_word' id='word_1_552' title='bbox 2442 1426 2704 1499; x_wconf 75' lang='lat' dir='ltr'><strong>Quaenam</strong></span> <span class='ocrx_word' id='word_1_553' title='bbox 2730 1416 2735 1420; x_wconf 61' lang='grc'><em>’</em></span> <span class='ocrx_word' id='word_1_554' title='bbox 2782 1427 2903 1496; x_wconf 88' lang='lat' dir='ltr'><strong>die,</strong></span> <span class='ocrx_word' id='word_1_555' title='bbox 2957 1422 3171 1499; x_wconf 59' lang='lat' dir='ltr'><strong>quaeso,</strong></span> <span class='ocrx_word' id='word_1_556' title='bbox 3222 1435 3285 1483; x_wconf 85' lang='lat' dir='ltr'><strong>ea</strong></span> <span class='ocrx_word' id='word_1_557' title='bbox 3317 1427 3436 1500; x_wconf 81' lang='lat' dir='ltr'><strong>laus</strong></span> <span class='ocrx_word' id='word_1_558' title='bbox 3457 1427 3481 1480; x_wconf 79' lang='lat'><strong>?</strong></span> <span class='ocrx_word' id='word_1_559' title='bbox 3503 1426 3660 1482; x_wconf 80' lang='lat' dir='ltr'><strong>Cra-</strong></span> 
     </span>
    </p>
   </div>
   <div class='ocr_carea' id='block_1_74' title="bbox 2018 1518 3646 1592">
    <p class='ocr_par' dir='ltr' id='par_1_74' title="bbox 2018 1518 3646 1592">
     <span class='ocr_line' id='line_1_74' title="bbox 2018 1518 3646 1592; baseline 0.001 -18"><span class='ocrx_word' id='word_1_560' title='bbox 2018 1519 2212 1574; x_wconf 90' lang='lat' dir='ltr'><strong>tiarum</strong></span> <span class='ocrx_word' id='word_1_561' title='bbox 2254 1520 2429 1587; x_wconf 84' lang='lat' dir='ltr'><strong>actio,</strong></span> <span class='ocrx_word' id='word_1_562' title='bbox 2461 1518 2818 1592; x_wconf 85' lang='lat' dir='ltr'><strong>gloriﬁcatio,</strong></span> <span class='ocrx_word' id='word_1_563' title='bbox 2863 1535 2986 1590; x_wconf 73' lang='lat' dir='ltr'><strong>qua:</strong></span> <span class='ocrx_word' id='word_1_564' title='bbox 3028 1534 3124 1590; x_wconf 88' lang='lat' dir='ltr'><strong>per</strong></span> <span class='ocrx_word' id='word_1_565' title='bbox 3152 1533 3321 1591; x_wconf 83' lang='lat' dir='ltr'><strong>opera</strong></span> <span class='ocrx_word' id='word_1_566' title='bbox 3373 1519 3510 1574; x_wconf 83' lang='lat' dir='ltr'><strong>iacta</strong></span> <span class='ocrx_word' id='word_1_567' title='bbox 3562 1529 3646 1575; x_wconf 90' lang='lat' dir='ltr'><strong>est</strong></span> 
     </span>
    </p>
   </div>
   <div class='ocr_carea' id='block_1_75' title="bbox 2016 1611 3644 1684">
    <p class='ocr_par' dir='ltr' id='par_1_75' title="bbox 2016 1611 3644 1684">
     <span class='ocr_line' id='line_1_75' title="bbox 2016 1611 3644 1684; baseline 0.001 -17"><span class='ocrx_word' id='word_1_568' title='bbox 2016 1612 2381 1669; x_wconf 86' lang='lat' dir='ltr'><strong>immortalis:</strong></span> <span class='ocrx_word' id='word_1_569' title='bbox 2430 1621 2487 1668; x_wconf 86' lang='lat' dir='ltr'><strong>et</strong></span> <span class='ocrx_word' id='word_1_570' title='bbox 2536 1621 2665 1672; x_wconf 85' lang='lat' dir='ltr'><strong>ante</strong></span> <span class='ocrx_word' id='word_1_571' title='bbox 2713 1611 2832 1669; x_wconf 69' lang='lat' dir='ltr'><strong>haec</strong></span> <span class='ocrx_word' id='word_1_572' title='bbox 2876 1627 2941 1669; x_wconf 89' lang='lat' dir='ltr'><strong>ea</strong></span> <span class='ocrx_word' id='word_1_573' title='bbox 2987 1628 3109 1684; x_wconf 82' lang='lat' dir='ltr'><strong>qua:</strong></span> <span class='ocrx_word' id='word_1_574' title='bbox 3156 1612 3275 1683; x_wconf 88' lang='lat' dir='ltr'><strong>ejus</strong></span> <span class='ocrx_word' id='word_1_575' title='bbox 3325 1612 3644 1668; x_wconf 80' lang='lat' dir='ltr'><strong>substantia:</strong></span> 
     </span>
    </p>
   </div>
   <div class='ocr_carea' id='block_1_76' title="bbox 2014 1703 3647 1776">
    <p class='ocr_par' dir='ltr' id='par_1_76' title="bbox 2014 1703 3647 1776">
     <span class='ocr_line' id='line_1_76' title="bbox 2014 1703 3647 1776; baseline 0.001 -17"><span class='ocrx_word' id='word_1_576' title='bbox 2014 1704 2270 1760; x_wconf 83' lang='lat' dir='ltr'><strong>attributa</strong></span> <span class='ocrx_word' id='word_1_577' title='bbox 2329 1715 2431 1761; x_wconf 87' lang='lat' dir='ltr'><strong>est.</strong></span> <span class='ocrx_word' id='word_1_578' title='bbox 2491 1703 2636 1762; x_wconf 85' lang='lat' dir='ltr'><strong>Deus</strong></span> <span class='ocrx_word' id='word_1_579' title='bbox 2671 1703 2818 1762; x_wconf 91' lang='lat' dir='ltr'><strong>enim</strong></span> <span class='ocrx_word' id='word_1_580' title='bbox 2877 1712 2963 1761; x_wconf 90' lang='lat' dir='ltr'><strong>est</strong></span> <span class='ocrx_word' id='word_1_581' title='bbox 3026 1703 3382 1771; x_wconf 85' lang='lat' dir='ltr'><strong>immortalis,</strong></span> <span class='ocrx_word' id='word_1_582' title='bbox 3441 1714 3500 1761; x_wconf 90' lang='lat' dir='ltr'><strong>et</strong></span> <span class='ocrx_word' id='word_1_583' title='bbox 3549 1720 3647 1776; x_wconf 90' lang='lat' dir='ltr'><strong>per</strong></span> 
     </span>
    </p>
   </div>
   <div class='ocr_carea' id='block_1_77' title="bbox 2013 1794 3642 1864">
    <p class='ocr_par' dir='ltr' id='par_1_77' title="bbox 2013 1794 3642 1864">
     <span class='ocr_line' id='line_1_77' title="bbox 2013 1794 3642 1864; baseline 0 -12"><span class='ocrx_word' id='word_1_584' title='bbox 2013 1809 2075 1852; x_wconf 86' lang='lat' dir='ltr'><strong>se</strong></span> <span class='ocrx_word' id='word_1_585' title='bbox 2118 1795 2274 1852; x_wconf 82' lang='lat' dir='ltr'><strong>valde</strong></span> <span class='ocrx_word' id='word_1_586' title='bbox 2323 1794 2611 1853; x_wconf 87' lang='lat' dir='ltr'><strong>laudabilis</strong></span> <span class='ocrx_word' id='word_1_587' title='bbox 2657 1813 2674 1852; x_wconf 85' lang='lat'><strong>:</strong></span> <span class='ocrx_word' id='word_1_588' title='bbox 2727 1795 3016 1852; x_wconf 84' lang='lat' dir='ltr'><strong>laudabilis</strong></span> <span class='ocrx_word' id='word_1_589' title='bbox 3066 1806 3249 1852; x_wconf 88' lang='lat' dir='ltr'><strong>autem</strong></span> <span class='ocrx_word' id='word_1_590' title='bbox 3303 1807 3386 1852; x_wconf 85' lang='lat' dir='ltr'><strong>est</strong></span> <span class='ocrx_word' id='word_1_591' title='bbox 3441 1797 3642 1864; x_wconf 88' lang='lat' dir='ltr'><strong>etiam,</strong></span> 
     </span>
    </p>
   </div>
   <div class='ocr_carea' id='block_1_78' title="bbox 2014 1888 3643 1962">
    <p class='ocr_par' dir='ltr' id='par_1_78' title="bbox 2014 1888 3643 1962">
     <span class='ocr_line' id='line_1_78' title="bbox 2014 1888 3643 1962; baseline 0.002 -17"><span class='ocrx_word' id='word_1_592' title='bbox 2014 1889 2232 1962; x_wconf 79' lang='lat' dir='ltr'><strong>quando</strong></span> <span class='ocrx_word' id='word_1_593' title='bbox 2261 1889 2380 1962; x_wconf 88' lang='lat' dir='ltr'><strong>ejus</strong></span> <span class='ocrx_word' id='word_1_594' title='bbox 2408 1890 2752 1961; x_wconf 86' lang='lat' dir='ltr'><strong>majestatem</strong></span> <span class='ocrx_word' id='word_1_595' title='bbox 2797 1888 2942 1961; x_wconf 90' lang='lat' dir='ltr'><strong>apud</strong></span> <span class='ocrx_word' id='word_1_596' title='bbox 2987 1898 3040 1946; x_wconf 91' lang='lat' dir='ltr'><strong>te</strong></span> <span class='ocrx_word' id='word_1_597' title='bbox 3068 1890 3542 1961; x_wconf 69' lang='lat' dir='ltr'><strong>considerateris,</strong></span> <span class='ocrx_word' id='word_1_598' title='bbox 3585 1903 3643 1948; x_wconf 87' lang='lat' dir='ltr'><strong>et</strong></span> 
     </span>
    </p>
   </div>
   <div class='ocr_carea' id='block_1_79' title="bbox 2014 1981 3643 2055">
    <p class='ocr_par' dir='ltr' id='par_1_79' title="bbox 2014 1981 3643 2055">
     <span class='ocr_line' id='line_1_79' title="bbox 2014 1981 3643 2055; baseline 0.002 -19"><span class='ocrx_word' id='word_1_599' title='bbox 2014 1982 2118 2037; x_wconf 91' lang='lat' dir='ltr'><strong>alia</strong></span> <span class='ocrx_word' id='word_1_600' title='bbox 2173 1981 2395 2047; x_wconf 87' lang='lat' dir='ltr'><strong>omnia;</strong></span> <span class='ocrx_word' id='word_1_601' title='bbox 2445 1981 2730 2038; x_wconf 86' lang='lat' dir='ltr'><strong>laudabilis</strong></span> <span class='ocrx_word' id='word_1_602' title='bbox 2778 1996 2994 2052; x_wconf 81' lang='lat' dir='ltr'><strong>quoque</strong></span> <span class='ocrx_word' id='word_1_603' title='bbox 3042 1989 3126 2037; x_wconf 82' lang='lat' dir='ltr'><strong>est</strong></span> <span class='ocrx_word' id='word_1_604' title='bbox 3172 1991 3396 2054; x_wconf 86' lang='lat' dir='ltr'><strong>propter</strong></span> <span class='ocrx_word' id='word_1_605' title='bbox 3438 1999 3643 2055; x_wconf 86' lang='lat' dir='ltr'><strong>opera,</strong></span> 
     </span>
    </p>
   </div>
   <div class='ocr_carea' id='block_1_80' title="bbox 2015 2072 3640 2148">
    <p class='ocr_par' dir='ltr' id='par_1_80' title="bbox 2015 2072 3640 2148">
     <span class='ocr_line' id='line_1_80' title="bbox 2015 2072 3640 2148; baseline 0.002 -20"><span class='ocrx_word' id='word_1_606' title='bbox 2015 2072 2232 2145; x_wconf 88' lang='lat' dir='ltr'><strong>quando</strong></span> <span class='ocrx_word' id='word_1_607' title='bbox 2259 2073 2461 2148; x_wconf 82' lang='lat' dir='ltr'><strong>videris</strong></span> <span class='ocrx_word' id='word_1_608' title='bbox 2481 2073 2601 2144; x_wconf 88' lang='lat' dir='ltr'><strong>ejus</strong></span> <span class='ocrx_word' id='word_1_609' title='bbox 2639 2073 2962 2144; x_wconf 86' lang='lat' dir='ltr'><strong>sapientiam</strong></span> <span class='ocrx_word' id='word_1_610' title='bbox 2991 2083 3098 2145; x_wconf 85' lang='lat' dir='ltr'><strong>per</strong></span> <span class='ocrx_word' id='word_1_611' title='bbox 3122 2089 3185 2130; x_wconf 88' lang='lat' dir='ltr'><strong>ea</strong></span> <span class='ocrx_word' id='word_1_612' title='bbox 3217 2089 3338 2147; x_wconf 71' lang='lat' dir='ltr'><strong>qum</strong></span> <span class='ocrx_word' id='word_1_613' title='bbox 3366 2075 3640 2132; x_wconf 88' lang='lat' dir='ltr'><strong>videntur.</strong></span> 
     </span>
    </p>
   </div>
   <div class='ocr_carea' id='block_1_81' title="bbox 2017 2164 3642 2238">
    <p class='ocr_par' dir='ltr' id='par_1_81' title="bbox 2017 2164 3642 2238">
     <span class='ocr_line' id='line_1_81' title="bbox 2017 2164 3642 2238; baseline 0.003 -19"><span class='ocrx_word' id='word_1_614' title='bbox 2017 2165 2145 2221; x_wconf 76' lang='lat' dir='ltr'><strong>llaec</strong></span> <span class='ocrx_word' id='word_1_615' title='bbox 2179 2174 2361 2220; x_wconf 87' lang='lat' dir='ltr'><strong>autem</strong></span> <span class='ocrx_word' id='word_1_616' title='bbox 2391 2164 2524 2220; x_wconf 91' lang='lat' dir='ltr'><strong>dicit</strong></span> <span class='ocrx_word' id='word_1_617' title='bbox 2571 2164 2868 2221; x_wconf 88' lang='lat' dir='ltr'><strong>adhortans</strong></span> <span class='ocrx_word' id='word_1_618' title='bbox 2893 2166 2972 2221; x_wconf 83' lang='lat' dir='ltr'><strong>ad’</strong></span> <span class='ocrx_word' id='word_1_619' title='bbox 3009 2166 3303 2237; x_wconf 77' lang='lat' dir='ltr'><strong>gratiarum</strong></span> <span class='ocrx_word' id='word_1_620' title='bbox 3333 2168 3642 2238; x_wconf 83' lang='lat' dir='ltr'><strong>actionem,</strong></span> 
     </span>
    </p>
   </div>
   <div class='ocr_carea' id='block_1_82' title="bbox 2015 2247 3645 2331">
    <p class='ocr_par' dir='ltr' id='par_1_82' title="bbox 2015 2247 3645 2331">
     <span class='ocr_line' id='line_1_82' title="bbox 2015 2247 3645 2331; baseline 0.003 -19"><span class='ocrx_word' id='word_1_621' title='bbox 2015 2265 2071 2312; x_wconf 93' lang='lat' dir='ltr'><strong>et</strong></span> <span class='ocrx_word' id='word_1_622' title='bbox 2093 2254 2388 2312; x_wconf 86' lang='lat' dir='ltr'><strong>ostendens</strong></span> <span class='ocrx_word' id='word_1_623' title='bbox 2428 2256 2575 2310; x_wconf 87' lang='lat' dir='ltr'><strong>nulla</strong></span> <span class='ocrx_word' id='word_1_624' title='bbox 2622 2270 2747 2312; x_wconf 86' lang='lat' dir='ltr'><strong>esse</strong></span> <span class='ocrx_word' id='word_1_625' title='bbox 2778 2256 2972 2328; x_wconf 87' lang='lat' dir='ltr'><strong>dignos</strong></span> <span class='ocrx_word' id='word_1_626' title='bbox 3005 2247 3198 2326; x_wconf 60' lang='lat' dir='ltr'><strong>venia,</strong></span> <span class='ocrx_word' id='word_1_627' title='bbox 3228 2260 3320 2331; x_wconf 85' lang='lat' dir='ltr'><strong>qui</strong></span> <span class='ocrx_word' id='word_1_628' title='bbox 3348 2274 3468 2330; x_wconf 64' lang='lat' dir='ltr'><strong>qua:</strong></span> <span class='ocrx_word' id='word_1_629' title='bbox 3508 2261 3645 2316; x_wconf 87' lang='lat' dir='ltr'><strong>ﬁunt</strong></span> 
     </span>
    </p>
   </div>
   <div class='ocr_carea' id='block_1_83' title="bbox 2015 2348 3642 2423">
    <p class='ocr_par' dir='ltr' id='par_1_83' title="bbox 2015 2348 3642 2423">
     <span class='ocr_line' id='line_1_83' title="bbox 2015 2348 3642 2423; baseline 0.001 -17"><span class='ocrx_word' id='word_1_630' title='bbox 2015 2366 2160 2422; x_wconf 62' lang='lat' dir='ltr'><strong>atgre</strong></span> <span class='ocrx_word' id='word_1_631' title='bbox 2197 2349 2393 2405; x_wconf 81' lang='lat' dir='ltr'><strong>ferunt.</strong></span> <span class='ocrx_word' id='word_1_632' title='bbox 2423 2348 2656 2418; x_wconf 87' lang='lat' dir='ltr'><strong>Quando</strong></span> <span class='ocrx_word' id='word_1_633' title='bbox 2676 2350 2826 2405; x_wconf 89' lang='lat' dir='ltr'><strong>enim</strong></span> <span class='ocrx_word' id='word_1_634' title='bbox 2855 2349 2978 2420; x_wconf 88' lang='lat' dir='ltr'><strong>ejus</strong></span> <span class='ocrx_word' id='word_1_635' title='bbox 3021 2350 3262 2406; x_wconf 86' lang='lat' dir='ltr'><strong>laudatio</strong></span> <span class='ocrx_word' id='word_1_636' title='bbox 3282 2394 3298 2420; x_wconf 91' lang='lat'><strong>,</strong></span> <span class='ocrx_word' id='word_1_637' title='bbox 3345 2351 3642 2423; x_wconf 75' lang='lat' dir='ltr'><strong>gratiarum</strong></span> 
     </span>
    </p>
   </div>
   <div class='ocr_carea' id='block_1_84' title="bbox 2015 2443 3642 2522">
    <p class='ocr_par' dir='ltr' id='par_1_84' title="bbox 2015 2443 3642 2522">
     <span class='ocr_line' id='line_1_84' title="bbox 2015 2443 3642 2522; baseline 0.001 -22"><span class='ocrx_word' id='word_1_638' title='bbox 2015 2445 2189 2510; x_wconf 90' lang='lat' dir='ltr'><strong>actio,</strong></span> <span class='ocrx_word' id='word_1_639' title='bbox 2230 2453 2285 2500; x_wconf 89' lang='lat' dir='ltr'><strong>et</strong></span> <span class='ocrx_word' id='word_1_640' title='bbox 2313 2444 2639 2515; x_wconf 88' lang='lat' dir='ltr'><strong>gloriﬁcatio</strong></span> <span class='ocrx_word' id='word_1_641' title='bbox 2664 2452 2749 2522; x_wconf 87' lang='lat' dir='ltr'><strong>est</strong></span> <span class='ocrx_word' id='word_1_642' title='bbox 2787 2443 2928 2500; x_wconf 89' lang='lat' dir='ltr'><strong>adeo</strong></span> <span class='ocrx_word' id='word_1_643' title='bbox 2954 2444 3284 2510; x_wconf 83' lang='lat' dir='ltr'><strong>manifesta,</strong></span> <span class='ocrx_word' id='word_1_644' title='bbox 3337 2447 3484 2502; x_wconf 85' lang='lat' dir='ltr'><strong>clara</strong></span> <span class='ocrx_word' id='word_1_645' title='bbox 3535 2451 3642 2504; x_wconf 81' lang='lat' dir='ltr'><strong>im-</strong></span> 
     </span>
    </p>
   </div>
   <div class='ocr_carea' id='block_1_85' title="bbox 2015 2536 3648 2608">
    <p class='ocr_par' dir='ltr' id='par_1_85' title="bbox 2015 2536 3648 2608">
     <span class='ocr_line' id='line_1_85' title="bbox 2015 2536 3648 2608; baseline 0.003 -16"><span class='ocrx_word' id='word_1_646' title='bbox 2015 2537 2342 2608; x_wconf 77' lang='lat' dir='ltr'><strong>mobilisqne</strong></span> <span class='ocrx_word' id='word_1_647' title='bbox 2359 2577 2376 2603; x_wconf 89' lang='lat'><strong>,</strong></span> <span class='ocrx_word' id='word_1_648' title='bbox 2407 2546 2461 2592; x_wconf 89' lang='lat' dir='ltr'><strong>et</strong></span> <span class='ocrx_word' id='word_1_649' title='bbox 2487 2536 2641 2590; x_wconf 89' lang='lat' dir='ltr'><strong>ﬁrma</strong></span> <span class='ocrx_word' id='word_1_650' title='bbox 2668 2536 2976 2593; x_wconf 76' lang='lat' dir='ltr'><strong>acstabilis</strong></span> <span class='ocrx_word' id='word_1_651' title='bbox 2997 2578 3014 2605; x_wconf 88' lang='lat'><strong>,</strong></span> <span class='ocrx_word' id='word_1_652' title='bbox 3040 2546 3099 2593; x_wconf 91' lang='lat' dir='ltr'><strong>ut</strong></span> <span class='ocrx_word' id='word_1_653' title='bbox 3124 2538 3290 2596; x_wconf 89' lang='lat' dir='ltr'><strong>etiam</strong></span> <span class='ocrx_word' id='word_1_654' title='bbox 3322 2540 3395 2594; x_wconf 90' lang='lat' dir='ltr'><strong>sit</strong></span> <span class='ocrx_word' id='word_1_655' title='bbox 3416 2539 3648 2596; x_wconf 82' lang='lat' dir='ltr'><strong>immor-</strong></span> 
     </span>
    </p>
   </div>
   <div class='ocr_carea' id='block_1_86' title="bbox 2017 2629 3644 2703">
    <p class='ocr_par' dir='ltr' id='par_1_86' title="bbox 2017 2629 3644 2703">
     <span class='ocr_line' id='line_1_86' title="bbox 2017 2629 3644 2703; baseline 0.001 -17"><span class='ocrx_word' id='word_1_656' title='bbox 2017 2632 2140 2686; x_wconf 88' lang='lat' dir='ltr'><strong>talis</strong></span> <span class='ocrx_word' id='word_1_657' title='bbox 2164 2640 2221 2687; x_wconf 93' lang='lat' dir='ltr'><strong>et</strong></span> <span class='ocrx_word' id='word_1_658' title='bbox 2267 2630 2374 2686; x_wconf 89' lang='lat' dir='ltr'><strong>ﬁne</strong></span> <span class='ocrx_word' id='word_1_659' title='bbox 2412 2645 2642 2694; x_wconf 87' lang='lat' dir='ltr'><strong>carens,</strong></span> <span class='ocrx_word' id='word_1_660' title='bbox 2676 2629 2967 2686; x_wconf 62' lang='lat' dir='ltr'><strong>illi‘autem</strong></span> <span class='ocrx_word' id='word_1_661' title='bbox 3013 2645 3137 2686; x_wconf 88' lang='lat' dir='ltr'><strong>eam</strong></span> <span class='ocrx_word' id='word_1_662' title='bbox 3164 2629 3515 2703; x_wconf 82' lang='lat' dir='ltr'><strong>ignorantes,</strong></span> <span class='ocrx_word' id='word_1_663' title='bbox 3557 2633 3644 2688; x_wconf 72' lang='grc' dir='ltr'><strong>ιο.</strong></span> 
     </span>
    </p>
   </div>
   <div class='ocr_carea' id='block_1_87' title="bbox 2014 2720 3645 2794">
    <p class='ocr_par' dir='ltr' id='par_1_87' title="bbox 2014 2720 3645 2794">
     <span class='ocr_line' id='line_1_87' title="bbox 2014 2720 3645 2794; baseline 0.002 -16"><span class='ocrx_word' id='word_1_664' title='bbox 2014 2731 2255 2794; x_wconf 89' lang='lat' dir='ltr'><strong>quuntur</strong></span> <span class='ocrx_word' id='word_1_665' title='bbox 2274 2722 2548 2778; x_wconf 87' lang='lat' dir='ltr'><strong>contraria</strong></span> <span class='ocrx_word' id='word_1_666' title='bbox 2579 2739 2591 2774; x_wconf 90' lang='lat'><strong>:</strong></span> <span class='ocrx_word' id='word_1_667' title='bbox 2619 2720 2755 2776; x_wconf 88' lang='lat' dir='ltr'><strong>nihil</strong></span> <span class='ocrx_word' id='word_1_668' title='bbox 2780 2721 2925 2777; x_wconf 90' lang='lat' dir='ltr'><strong>aliud</strong></span> <span class='ocrx_word' id='word_1_669' title='bbox 2945 2736 3106 2793; x_wconf 90' lang='lat' dir='ltr'><strong>quam</strong></span> <span class='ocrx_word' id='word_1_670' title='bbox 3136 2722 3204 2777; x_wconf 90' lang='lat' dir='ltr'><strong>iis</strong></span> <span class='ocrx_word' id='word_1_671' title='bbox 3223 2737 3345 2793; x_wconf 65' lang='lat' dir='ltr'><strong>quat</strong></span> <span class='ocrx_word' id='word_1_672' title='bbox 3373 2733 3499 2779; x_wconf 89' lang='lat' dir='ltr'><strong>sunt</strong></span> <span class='ocrx_word' id='word_1_673' title='bbox 3525 2724 3645 2781; x_wconf 86' lang='lat' dir='ltr'><strong>solo</strong></span> 
     </span>
    </p>
   </div>
   <div class='ocr_carea' id='block_1_88' title="bbox 2016 2811 3644 2884">
    <p class='ocr_par' dir='ltr' id='par_1_88' title="bbox 2016 2811 3644 2884">
     <span class='ocr_line' id='line_1_88' title="bbox 2016 2811 3644 2884; baseline 0.001 -16"><span class='ocrx_word' id='word_1_674' title='bbox 2016 2813 2175 2884; x_wconf 87' lang='lat' dir='ltr'><strong>longe</strong></span> <span class='ocrx_word' id='word_1_675' title='bbox 2193 2812 2424 2868; x_wconf 88' lang='lat' dir='ltr'><strong>clariora</strong></span> <span class='ocrx_word' id='word_1_676' title='bbox 2447 2811 2865 2879; x_wconf 89' lang='lat' dir='ltr'><strong>contradicunt,</strong></span> <span class='ocrx_word' id='word_1_677' title='bbox 2887 2823 2940 2869; x_wconf 90' lang='lat' dir='ltr'><strong>et</strong></span> <span class='ocrx_word' id='word_1_678' title='bbox 2963 2821 3160 2883; x_wconf 89' lang='lat' dir='ltr'><strong>sponte</strong></span> <span class='ocrx_word' id='word_1_679' title='bbox 3189 2813 3501 2869; x_wconf 62' lang='lat' dir='ltr'><strong>ca‘cutiunt.</strong></span> <span class='ocrx_word' id='word_1_680' title='bbox 3522 2813 3644 2871; x_wconf 88' lang='lat' dir='ltr'><strong>Non</strong></span> 
     </span>
    </p>
   </div>
   <div class='ocr_carea' id='block_1_89' title="bbox 2015 2905 3644 2977">
    <p class='ocr_par' dir='ltr' id='par_1_89' title="bbox 2015 2905 3644 2977">
     <span class='ocr_line' id='line_1_89' title="bbox 2015 2905 3644 2977; baseline 0.001 -16"><span class='ocrx_word' id='word_1_681' title='bbox 2015 2915 2100 2961; x_wconf 90' lang='lat' dir='ltr'><strong>est</strong></span> <span class='ocrx_word' id='word_1_682' title='bbox 2127 2907 2274 2962; x_wconf 88' lang='lat' dir='ltr'><strong>enim</strong></span> <span class='ocrx_word' id='word_1_683' title='bbox 2303 2905 2374 2961; x_wconf 92' lang='lat' dir='ltr'><strong>ad</strong></span> <span class='ocrx_word' id='word_1_684' title='bbox 2403 2914 2617 2976; x_wconf 89' lang='lat' dir='ltr'><strong>tempus</strong></span> <span class='ocrx_word' id='word_1_685' title='bbox 2640 2947 2653 2970; x_wconf 91' lang='lat'><strong>,</strong></span> <span class='ocrx_word' id='word_1_686' title='bbox 2685 2914 2745 2960; x_wconf 89' lang='lat' dir='ltr'><strong>ut</strong></span> <span class='ocrx_word' id='word_1_687' title='bbox 2774 2919 2895 2960; x_wconf 89' lang='lat' dir='ltr'><strong>eam</strong></span> <span class='ocrx_word' id='word_1_688' title='bbox 2948 2905 3236 2977; x_wconf 78' lang='lat' dir='ltr'><strong>ignorent,</strong></span> <span class='ocrx_word' id='word_1_689' title='bbox 3267 2922 3370 2962; x_wconf 91' lang='lat' dir='ltr'><strong>nec</strong></span> <span class='ocrx_word' id='word_1_690' title='bbox 3412 2907 3644 2964; x_wconf 87' lang='lat' dir='ltr'><strong>obscura</strong></span> 
     </span>
    </p>
   </div>
   <div class='ocr_carea' id='block_1_90' title="bbox 2015 2996 3641 3068">
    <p class='ocr_par' dir='ltr' id='par_1_90' title="bbox 2015 2996 3641 3068">
     <span class='ocr_line' id='line_1_90' title="bbox 2015 2996 3641 3068; baseline 0.002 -16"><span class='ocrx_word' id='word_1_691' title='bbox 2015 3007 2074 3052; x_wconf 89' lang='lat' dir='ltr'><strong>et</strong></span> <span class='ocrx_word' id='word_1_692' title='bbox 2099 3013 2206 3054; x_wconf 91' lang='lat' dir='ltr'><strong>non</strong></span> <span class='ocrx_word' id='word_1_693' title='bbox 2233 2998 2515 3054; x_wconf 78' lang='lat' dir='ltr'><strong>manifesta</strong></span> <span class='ocrx_word' id='word_1_694' title='bbox 2537 3039 2551 3063; x_wconf 94' lang='lat'><strong>,</strong></span> <span class='ocrx_word' id='word_1_695' title='bbox 2595 2996 2689 3054; x_wconf 88' lang='lat' dir='ltr'><strong>sed</strong></span> <span class='ocrx_word' id='word_1_696' title='bbox 2721 2998 2889 3064; x_wconf 89' lang='lat' dir='ltr'><strong>clara,</strong></span> <span class='ocrx_word' id='word_1_697' title='bbox 2913 3007 3175 3067; x_wconf 86' lang='lat' dir='ltr'><strong>perpetua</strong></span> <span class='ocrx_word' id='word_1_698' title='bbox 3199 3007 3253 3052; x_wconf 86' lang='lat' dir='ltr'><strong>et</strong></span> <span class='ocrx_word' id='word_1_699' title='bbox 3281 2998 3601 3055; x_wconf 83' lang='lat' dir='ltr'><strong>immortalis</strong></span> <span class='ocrx_word' id='word_1_700' title='bbox 3623 3042 3641 3068; x_wconf 86' lang='lat'><strong>,</strong></span> 
     </span>
    </p>
   </div>
   <div class='ocr_carea' id='block_1_91' title="bbox 2015 3085 3388 3163">
    <p class='ocr_par' dir='ltr' id='par_1_91' title="bbox 2015 3085 3388 3163">
     <span class='ocr_line' id='line_1_91' title="bbox 2015 3085 3388 3163; baseline 0 -18"><span class='ocrx_word' id='word_1_701' title='bbox 2015 3105 2234 3163; x_wconf 87' lang='lat' dir='ltr'><strong>semper</strong></span> <span class='ocrx_word' id='word_1_702' title='bbox 2259 3105 2522 3158; x_wconf 89' lang='lat' dir='ltr'><strong>manens,</strong></span> <span class='ocrx_word' id='word_1_703' title='bbox 2555 3101 2610 3146; x_wconf 92' lang='lat' dir='ltr'><strong>et</strong></span> <span class='ocrx_word' id='word_1_704' title='bbox 2644 3093 2804 3145; x_wconf 89' lang='lat' dir='ltr'><strong>ﬁnem</strong></span> <span class='ocrx_word' id='word_1_705' title='bbox 2837 3105 3133 3161; x_wconf 87' lang='lat' dir='ltr'><strong>numquam</strong></span> <span class='ocrx_word' id='word_1_706' title='bbox 3161 3085 3388 3147; x_wconf 81' lang='lat' dir='ltr'><strong>habens.</strong></span> 
     </span>
    </p>
   </div>
   <div class='ocr_carea' id='block_1_92' title="bbox 2519 3178 3129 3239">
    <p class='ocr_par' dir='ltr' id='par_1_92' title="bbox 2519 3178 3129 3239">
     <span class='ocr_line' id='line_1_92' title="bbox 2519 3178 3129 3239; baseline -0.005 -1"><span class='ocrx_word' id='word_1_707' title='bbox 2519 3183 2586 3239; x_wconf 79' lang='lat' dir='ltr'><strong>IN</strong></span> <span class='ocrx_word' id='word_1_708' title='bbox 2626 3178 2952 3239; x_wconf 73' lang='lat' dir='ltr'><strong>PSALMUM</strong></span> <span class='ocrx_word' id='word_1_709' title='bbox 2989 3183 3129 3239; x_wconf 79' lang='lat' dir='ltr'><strong>CXI.</strong></span> 
     </span>
    </p>
   </div>
   <div class='ocr_carea' id='block_1_93' title="bbox 2329 3275 3322 3345">
    <p class='ocr_par' dir='ltr' id='par_1_93' title="bbox 2329 3275 3322 3345">
     <span class='ocr_line' id='line_1_93' title="bbox 2329 3275 3322 3345; baseline -0.002 -13"><span class='ocrx_word' id='word_1_710' title='bbox 2329 3277 2380 3333; x_wconf 84' lang='grc'><strong>1.</strong></span> <span class='ocrx_word' id='word_1_711' title='bbox 2415 3276 2608 3332; x_wconf 86' lang='lat' dir='ltr'><strong>Beatus</strong></span> <span class='ocrx_word' id='word_1_712' title='bbox 2635 3278 2714 3330; x_wconf 72' lang='lat' dir='ltr'><strong>uir</strong></span> <span class='ocrx_word' id='word_1_713' title='bbox 2737 3277 2826 3345; x_wconf 85' lang='lat' dir='ltr'><strong>qui</strong></span> <span class='ocrx_word' id='word_1_714' title='bbox 2849 3277 2990 3331; x_wconf 89' lang='lat' dir='ltr'><strong>timet</strong></span> <span class='ocrx_word' id='word_1_715' title='bbox 3022 3275 3322 3331; x_wconf 87' lang='lat' dir='ltr'><strong>Dominum.</strong></span> 
     </span>
    </p>
   </div>
   <div class='ocr_carea' id='block_1_94' title="bbox 2091 3369 3646 3446">
    <p class='ocr_par' dir='ltr' id='par_1_94' title="bbox 2091 3369 3646 3446">
     <span class='ocr_line' id='line_1_94' title="bbox 2091 3369 3646 3446; baseline 0.001 -19"><span class='ocrx_word' id='word_1_716' title='bbox 2091 3374 2143 3428; x_wconf 76' lang='grc'><strong>1.</strong></span> <span class='ocrx_word' id='word_1_717' title='bbox 2185 3370 2360 3444; x_wconf 84' lang='lat' dir='ltr'><strong>Ilnjus</strong></span> <span class='ocrx_word' id='word_1_718' title='bbox 2377 3370 2565 3446; x_wconf 79' lang='lat' dir='ltr'><strong>psalmi</strong></span> <span class='ocrx_word' id='word_1_719' title='bbox 2588 3387 2705 3424; x_wconf 83' lang='lat' dir='ltr'><strong>cum</strong></span> <span class='ocrx_word' id='word_1_720' title='bbox 2733 3369 3049 3440; x_wconf 70' lang='lat' dir='ltr'><strong>praecedente</strong></span> <span class='ocrx_word' id='word_1_721' title='bbox 3078 3370 3336 3441; x_wconf 75' lang='lat' dir='ltr'><strong>affinitas;</strong></span> <span class='ocrx_word' id='word_1_722' title='bbox 3364 3371 3516 3426; x_wconf 86' lang='lat' dir='ltr'><strong>timor</strong></span> <span class='ocrx_word' id='word_1_723' title='bbox 3547 3371 3646 3429; x_wconf 82' lang='lat' dir='ltr'><strong>Dei</strong></span> 
     </span>
    </p>
   </div>
   <div class='ocr_carea' id='block_1_95' title="bbox 2017 3460 3644 3535">
    <p class='ocr_par' dir='ltr' id='par_1_95' title="bbox 2017 3460 3644 3535">
     <span class='ocr_line' id='line_1_95' title="bbox 2017 3460 3644 3535; baseline 0 -14"><span class='ocrx_word' id='word_1_724' title='bbox 2017 3464 2158 3521; x_wconf 83' lang='lat' dir='ltr'><strong>solus</strong></span> <span class='ocrx_word' id='word_1_725' title='bbox 2183 3463 2252 3516; x_wconf 85' lang='lat' dir='ltr'><strong>ad</strong></span> <span class='ocrx_word' id='word_1_726' title='bbox 2291 3463 2508 3516; x_wconf 80' lang='lat' dir='ltr'><strong>salutent</strong></span> <span class='ocrx_word' id='word_1_727' title='bbox 2555 3477 2658 3515; x_wconf 86' lang='lat' dir='ltr'><strong>non</strong></span> <span class='ocrx_word' id='word_1_728' title='bbox 2700 3461 2902 3532; x_wconf 63' lang='grc' dir='ltr'><strong>καθίσει.</strong></span> <span class='ocrx_word' id='word_1_729' title='bbox 2933 3491 3007 3500; x_wconf 91' lang='lat'><strong>—-</strong></span> <span class='ocrx_word' id='word_1_730' title='bbox 3032 3460 3163 3516; x_wconf 79' lang='lat' dir='ltr'><strong>Mihi</strong></span> <span class='ocrx_word' id='word_1_731' title='bbox 3219 3461 3432 3518; x_wconf 69' lang='lat' dir='ltr'><strong>videtur</strong></span> <span class='ocrx_word' id='word_1_732' title='bbox 3482 3461 3644 3535; x_wconf 79' lang='lat' dir='ltr'><strong>hujus</strong></span> 
     </span>
    </p>
   </div>
   <div class='ocr_carea' id='block_1_96' title="bbox 2020 3540 3642 3627">
    <p class='ocr_par' dir='ltr' id='par_1_96' title="bbox 2020 3540 3642 3627">
     <span class='ocr_line' id='line_1_96' title="bbox 2020 3540 3642 3627; baseline 0.001 -15"><span class='ocrx_word' id='word_1_733' title='bbox 2020 3557 2220 3612; x_wconf 86' lang='lat' dir='ltr'><strong>Psalmi</strong></span> <span class='ocrx_word' id='word_1_734' title='bbox 2245 3540 2565 3627; x_wconf 66' lang='lat' dir='ltr'><strong>prooemium</strong></span> <span class='ocrx_word' id='word_1_735' title='bbox 2589 3554 2833 3624; x_wconf 86' lang='lat' dir='ltr'><strong>apprime</strong></span> <span class='ocrx_word' id='word_1_736' title='bbox 2865 3553 3019 3625; x_wconf 89' lang='lat' dir='ltr'><strong>sequi</strong></span> <span class='ocrx_word' id='word_1_737' title='bbox 3051 3544 3214 3610; x_wconf 85' lang='lat' dir='ltr'><strong>ﬁnem</strong></span> <span class='ocrx_word' id='word_1_738' title='bbox 3241 3556 3604 3627; x_wconf 59' lang='lat' dir='ltr'><strong>praecedentis</strong></span> <span class='ocrx_word' id='word_1_739' title='bbox 3622 3598 3642 3626; x_wconf 90' lang='lat'><strong>,</strong></span> 
     </span>
    </p>
   </div>
   <div class='ocr_carea' id='block_1_97' title="bbox 2019 3647 3645 3726">
    <p class='ocr_par' dir='ltr' id='par_1_97' title="bbox 2019 3647 3645 3726">
     <span class='ocr_line' id='line_1_97' title="bbox 2019 3647 3645 3726; baseline 0.001 -21"><span class='ocrx_word' id='word_1_740' title='bbox 2019 3659 2215 3706; x_wconf 89' lang='lat' dir='ltr'><strong>etesse</strong></span> <span class='ocrx_word' id='word_1_741' title='bbox 2242 3648 2403 3704; x_wconf 78' lang='lat' dir='ltr'><strong>veluti</strong></span> <span class='ocrx_word' id='word_1_742' title='bbox 2444 3647 2714 3719; x_wconf 90' lang='lat' dir='ltr'><strong>quoddam</strong></span> <span class='ocrx_word' id='word_1_743' title='bbox 2744 3658 2949 3718; x_wconf 86' lang='lat' dir='ltr'><strong>corpus</strong></span> <span class='ocrx_word' id='word_1_744' title='bbox 2985 3649 3301 3704; x_wconf 83' lang='lat' dir='ltr'><strong>continuum</strong></span> <span class='ocrx_word' id='word_1_745' title='bbox 3333 3659 3386 3705; x_wconf 88' lang='lat' dir='ltr'><strong>et</strong></span> <span class='ocrx_word' id='word_1_746' title='bbox 3413 3650 3645 3726; x_wconf 83' lang='lat' dir='ltr'><strong>conjun-</strong></span> 
     </span>
    </p>
   </div>
   <div class='ocr_carea' id='block_1_98' title="bbox 2020 3739 3647 3812">
    <p class='ocr_par' dir='ltr' id='par_1_98' title="bbox 2020 3739 3647 3812">
     <span class='ocr_line' id='line_1_98' title="bbox 2020 3739 3647 3812; baseline 0.001 -14"><span class='ocrx_word' id='word_1_747' title='bbox 2020 3753 2187 3798; x_wconf 84' lang='lat' dir='ltr'><strong>ctum.</strong></span> <span class='ocrx_word' id='word_1_748' title='bbox 2208 3744 2318 3798; x_wconf 88' lang='lat' dir='ltr'><strong>Illic</strong></span> <span class='ocrx_word' id='word_1_749' title='bbox 2343 3743 2486 3797; x_wconf 89' lang='lat' dir='ltr'><strong>enim</strong></span> <span class='ocrx_word' id='word_1_750' title='bbox 2521 3741 2671 3804; x_wconf 86' lang='lat' dir='ltr'><strong>dicit.</strong></span> <span class='ocrx_word' id='word_1_751' title='bbox 2704 3739 2921 3807; x_wconf 81' lang='lat' dir='ltr'><strong>Initium</strong></span> <span class='ocrx_word' id='word_1_752' title='bbox 2950 3743 3218 3812; x_wconf 84' lang='lat' dir='ltr'><strong>sapientia</strong></span> <span class='ocrx_word' id='word_1_753' title='bbox 3249 3745 3400 3797; x_wconf 88' lang='lat' dir='ltr'><strong>timor</strong></span> <span class='ocrx_word' id='word_1_754' title='bbox 3430 3745 3647 3800; x_wconf 87' lang='lat' dir='ltr'><strong>Domini</strong></span> 
     </span>
    </p>
   </div>
   <div class='ocr_carea' id='block_1_99' title="bbox 2021 3822 3638 3908">
    <p class='ocr_par' dir='ltr' id='par_1_99' title="bbox 2021 3822 3638 3908">
     <span class='ocr_line' id='line_1_99' title="bbox 2021 3822 3638 3908; baseline 0.002 -19"><span class='ocrx_word' id='word_1_755' title='bbox 2021 3834 2196 3908; x_wconf 76' lang='lat' dir='ltr'><strong>(Paul.</strong></span> <span class='ocrx_word' id='word_1_756' title='bbox 2235 3836 2358 3892; x_wconf 86' lang='grc'><strong>110.</strong></span> <span class='ocrx_word' id='word_1_757' title='bbox 2394 3835 2518 3905; x_wconf 80' lang='grc'><strong>10);</strong></span> <span class='ocrx_word' id='word_1_758' title='bbox 2551 3835 2638 3890; x_wconf 85' lang='lat' dir='ltr'><strong>hic</strong></span> <span class='ocrx_word' id='word_1_759' title='bbox 2666 3844 2871 3901; x_wconf 89' lang='lat' dir='ltr'><strong>autem,</strong></span> <span class='ocrx_word' id='word_1_760' title='bbox 2899 3833 3090 3890; x_wconf 87' lang='lat' dir='ltr'><strong>Beatus</strong></span> <span class='ocrx_word' id='word_1_761' title='bbox 3111 3836 3187 3890; x_wconf 77' lang='lat' dir='ltr'><strong>vir</strong></span> <span class='ocrx_word' id='word_1_762' title='bbox 3211 3838 3300 3908; x_wconf 85' lang='lat' dir='ltr'><strong>qui</strong></span> <span class='ocrx_word' id='word_1_763' title='bbox 3345 3822 3484 3893; x_wconf 87' lang='lat' dir='ltr'><strong>timet</strong></span> <span class='ocrx_word' id='word_1_764' title='bbox 3526 3838 3638 3893; x_wconf 91' lang='lat' dir='ltr'><strong>Do-</strong></span> 
     </span>
    </p>
   </div>
   <div class='ocr_carea' id='block_1_100' title="bbox 2019 3928 3644 3998">
    <p class='ocr_par' dir='ltr' id='par_1_100' title="bbox 2019 3928 3644 3998">
     <span class='ocr_line' id='line_1_100' title="bbox 2019 3928 3644 3998; baseline 0.003 -14"><span class='ocrx_word' id='word_1_765' title='bbox 2019 3931 2215 3985; x_wconf 84' lang='lat' dir='ltr'><strong>minum</strong></span> <span class='ocrx_word' id='word_1_766' title='bbox 2234 3972 2250 3997; x_wconf 92' lang='lat'><strong>,</strong></span> <span class='ocrx_word' id='word_1_767' title='bbox 2282 3930 2404 3985; x_wconf 90' lang='lat' dir='ltr'><strong>aliis</strong></span> <span class='ocrx_word' id='word_1_768' title='bbox 2425 3929 2624 3994; x_wconf 79' lang='lat' dir='ltr'><strong>verbis,</strong></span> <span class='ocrx_word' id='word_1_769' title='bbox 2655 3928 2846 3983; x_wconf 90' lang='lat' dir='ltr'><strong>eadem</strong></span> <span class='ocrx_word' id='word_1_770' title='bbox 2877 3937 3058 3984; x_wconf 89' lang='lat' dir='ltr'><strong>autem</strong></span> <span class='ocrx_word' id='word_1_771' title='bbox 3084 3930 3350 3986; x_wconf 88' lang='lat' dir='ltr'><strong>sententia</strong></span> <span class='ocrx_word' id='word_1_772' title='bbox 3372 3972 3388 3998; x_wconf 93' lang='lat'><strong>,</strong></span> <span class='ocrx_word' id='word_1_773' title='bbox 3437 3932 3644 3989; x_wconf 88' lang='lat' dir='ltr'><strong>docens</strong></span> 
     </span>
    </p>
   </div>
   <div class='ocr_carea' id='block_1_101' title="bbox 2022 4019 3644 4092">
    <p class='ocr_par' dir='ltr' id='par_1_101' title="bbox 2022 4019 3644 4092">
     <span class='ocr_line' id='line_1_101' title="bbox 2022 4019 3644 4092; baseline 0.002 -14"><span class='ocrx_word' id='word_1_774' title='bbox 2022 4024 2272 4078; x_wconf 88' lang='lat' dir='ltr'><strong>timorem</strong></span> <span class='ocrx_word' id='word_1_775' title='bbox 2301 4022 2533 4078; x_wconf 88' lang='lat' dir='ltr'><strong>Domini.</strong></span> <span class='ocrx_word' id='word_1_776' title='bbox 2558 4020 2670 4075; x_wconf 89' lang='lat' dir='ltr'><strong>Illic</strong></span> <span class='ocrx_word' id='word_1_777' title='bbox 2697 4021 2843 4075; x_wconf 90' lang='lat' dir='ltr'><strong>enim</strong></span> <span class='ocrx_word' id='word_1_778' title='bbox 2874 4019 3008 4077; x_wconf 82' lang='lat' dir='ltr'><strong>dixit</strong></span> <span class='ocrx_word' id='word_1_779' title='bbox 3040 4035 3164 4076; x_wconf 85' lang='lat' dir='ltr'><strong>esse</strong></span> <span class='ocrx_word' id='word_1_780' title='bbox 3185 4024 3522 4092; x_wconf 89' lang='lat' dir='ltr'><strong>sapientem;</strong></span> <span class='ocrx_word' id='word_1_781' title='bbox 3554 4025 3644 4081; x_wconf 90' lang='lat' dir='ltr'><strong>hic</strong></span> 
     </span>
    </p>
   </div>
   <div class='ocr_carea' id='block_1_102' title="bbox 2019 4115 3645 4190">
    <p class='ocr_par' dir='ltr' id='par_1_102' title="bbox 2019 4115 3645 4190">
     <span class='ocr_line' id='line_1_102' title="bbox 2019 4115 3645 4190; baseline -0.001 -17"><span class='ocrx_word' id='word_1_782' title='bbox 2019 4133 2150 4174; x_wconf 88' lang='lat' dir='ltr'><strong>vero</strong></span> <span class='ocrx_word' id='word_1_783' title='bbox 2177 4118 2394 4172; x_wconf 89' lang='lat' dir='ltr'><strong>beatum</strong></span> <span class='ocrx_word' id='word_1_784' title='bbox 2426 4134 2439 4170; x_wconf 90' lang='lat'><strong>:</strong></span> <span class='ocrx_word' id='word_1_785' title='bbox 2475 4115 2589 4171; x_wconf 76' lang='lat' dir='ltr'><strong>lucc</strong></span> <span class='ocrx_word' id='word_1_786' title='bbox 2631 4124 2810 4169; x_wconf 89' lang='lat' dir='ltr'><strong>autem</strong></span> <span class='ocrx_word' id='word_1_787' title='bbox 2845 4129 2968 4169; x_wconf 86' lang='lat' dir='ltr'><strong>vera</strong></span> <span class='ocrx_word' id='word_1_788' title='bbox 2999 4127 3082 4169; x_wconf 78' lang='lat' dir='ltr'><strong>eSt</strong></span> <span class='ocrx_word' id='word_1_789' title='bbox 3111 4115 3422 4184; x_wconf 89' lang='lat' dir='ltr'><strong>beatitudo,</strong></span> <span class='ocrx_word' id='word_1_790' title='bbox 3454 4136 3645 4190; x_wconf 88' lang='lat' dir='ltr'><strong>quem-</strong></span> 
     </span>
    </p>
   </div>
   <div class='ocr_carea' id='block_1_103' title="bbox 2021 4207 3638 4279">
    <p class='ocr_par' dir='ltr' id='par_1_103' title="bbox 2021 4207 3638 4279">
     <span class='ocr_line' id='line_1_103' title="bbox 2021 4207 3638 4279; baseline -0.002 -11"><span class='ocrx_word' id='word_1_791' title='bbox 2021 4211 2312 4279; x_wconf 88' lang='lat' dir='ltr'><strong>admodum</strong></span> <span class='ocrx_word' id='word_1_792' title='bbox 2353 4209 2454 4263; x_wconf 86' lang='lat' dir='ltr'><strong>alia</strong></span> <span class='ocrx_word' id='word_1_793' title='bbox 2487 4208 2702 4279; x_wconf 90' lang='lat' dir='ltr'><strong>quidem</strong></span> <span class='ocrx_word' id='word_1_794' title='bbox 2748 4207 2930 4262; x_wconf 87' lang='lat' dir='ltr'><strong>omnia</strong></span> <span class='ocrx_word' id='word_1_795' title='bbox 2977 4214 3107 4261; x_wconf 88' lang='lat' dir='ltr'><strong>sunt</strong></span> <span class='ocrx_word' id='word_1_796' title='bbox 3147 4211 3377 4278; x_wconf 76' lang='lat' dir='ltr'><strong>vanitas,</strong></span> <span class='ocrx_word' id='word_1_797' title='bbox 3430 4212 3638 4278; x_wconf 88' lang='lat' dir='ltr'><strong>umbra,</strong></span> 
     </span>
    </p>
   </div>
   <div class='ocr_carea' id='block_1_104' title="bbox 2021 4302 3641 4380">
    <p class='ocr_par' dir='ltr' id='par_1_104' title="bbox 2021 4302 3641 4380">
     <span class='ocr_line' id='line_1_104' title="bbox 2021 4302 3641 4380; baseline -0.004 -14"><span class='ocrx_word' id='word_1_798' title='bbox 2021 4324 2215 4380; x_wconf 88' lang='lat' dir='ltr'><strong>resque</strong></span> <span class='ocrx_word' id='word_1_799' title='bbox 2243 4306 2562 4370; x_wconf 76' lang='lat' dir='ltr'><strong>levissimae;</strong></span> <span class='ocrx_word' id='word_1_800' title='bbox 2597 4304 2711 4358; x_wconf 82' lang='lat' dir='ltr'><strong>sive</strong></span> <span class='ocrx_word' id='word_1_801' title='bbox 2739 4302 2888 4358; x_wconf 88' lang='lat' dir='ltr'><strong>dicas</strong></span> <span class='ocrx_word' id='word_1_802' title='bbox 2919 4302 3151 4368; x_wconf 85' lang='lat' dir='ltr'><strong>divitias,</strong></span> <span class='ocrx_word' id='word_1_803' title='bbox 3185 4306 3300 4360; x_wconf 80' lang='lat' dir='ltr'><strong>sive</strong></span> <span class='ocrx_word' id='word_1_804' title='bbox 3323 4307 3641 4375; x_wconf 84' lang='lat' dir='ltr'><strong>potentiam,</strong></span> 
     </span>
    </p>
   </div>
   <div class='ocr_carea' id='block_1_105' title="bbox 2022 4394 3641 4468">
    <p class='ocr_par' dir='ltr' id='par_1_105' title="bbox 2022 4394 3641 4468">
     <span class='ocr_line' id='line_1_105' title="bbox 2022 4394 3641 4468; baseline -0.003 -11"><span class='ocrx_word' id='word_1_805' title='bbox 2022 4403 2137 4457; x_wconf 86' lang='lat' dir='ltr'><strong>sive</strong></span> <span class='ocrx_word' id='word_1_806' title='bbox 2183 4397 2428 4468; x_wconf 84' lang='lat' dir='ltr'><strong>corporis</strong></span> <span class='ocrx_word' id='word_1_807' title='bbox 2481 4394 2974 4465; x_wconf 86' lang='lat' dir='ltr'><strong>pulchritudinem,</strong></span> <span class='ocrx_word' id='word_1_808' title='bbox 3037 4394 3152 4449; x_wconf 75' lang='lat' dir='ltr'><strong>sive</strong></span> <span class='ocrx_word' id='word_1_809' title='bbox 3213 4395 3319 4449; x_wconf 82' lang='lat' dir='ltr'><strong>vim</strong></span> <span class='ocrx_word' id='word_1_810' title='bbox 3374 4398 3641 4467; x_wconf 57' lang='lat' dir='ltr'><strong>pecunia.</strong></span> 
     </span>
    </p>
   </div>
   <div class='ocr_carea' id='block_1_106' title="bbox 2022 4482 3646 4557">
    <p class='ocr_par' dir='ltr' id='par_1_106' title="bbox 2022 4482 3646 4557">
     <span class='ocr_line' id='line_1_106' title="bbox 2022 4482 3646 4557; baseline -0.011 -8"><span class='ocrx_word' id='word_1_811' title='bbox 2022 4496 2161 4549; x_wconf 80' lang='lat' dir='ltr'><strong>Sunt</strong></span> <span class='ocrx_word' id='word_1_812' title='bbox 2179 4491 2323 4546; x_wconf 90' lang='lat' dir='ltr'><strong>enim</strong></span> <span class='ocrx_word' id='word_1_813' title='bbox 2369 4487 2573 4543; x_wconf 37' lang='lat' dir='ltr'><strong>similia.</strong></span> <span class='ocrx_word' id='word_1_814' title='bbox 2597 4487 2738 4540; x_wconf 81' lang='lat' dir='ltr'><strong>foliis</strong></span> <span class='ocrx_word' id='word_1_815' title='bbox 2779 4482 3132 4549; x_wconf 86' lang='lat' dir='ltr'><strong>cadentibus,</strong></span> <span class='ocrx_word' id='word_1_816' title='bbox 3166 4494 3218 4540; x_wconf 88' lang='lat' dir='ltr'><strong>et</strong></span> <span class='ocrx_word' id='word_1_817' title='bbox 3251 4486 3458 4541; x_wconf 88' lang='lat' dir='ltr'><strong>mnbris</strong></span> <span class='ocrx_word' id='word_1_818' title='bbox 3502 4504 3646 4557; x_wconf 63' lang='lat' dir='ltr'><strong>prae-</strong></span> 
     </span>
    </p>
   </div>
   <div class='ocr_carea' id='block_1_107' title="bbox 2026 4577 3644 4646">
    <p class='ocr_par' dir='ltr' id='par_1_107' title="bbox 2026 4577 3644 4646">
     <span class='ocr_line' id='line_1_107' title="bbox 2026 4577 3644 4646; baseline -0.004 -5"><span class='ocrx_word' id='word_1_819' title='bbox 2026 4581 2484 4646; x_wconf 75' lang='lat' dir='ltr'><strong>tet-currentibus,</strong></span> <span class='ocrx_word' id='word_1_820' title='bbox 2526 4588 2583 4634; x_wconf 86' lang='lat' dir='ltr'><strong>et</strong></span> <span class='ocrx_word' id='word_1_821' title='bbox 2625 4577 2855 4633; x_wconf 90' lang='lat' dir='ltr'><strong>somniis</strong></span> <span class='ocrx_word' id='word_1_822' title='bbox 2884 4577 3248 4632; x_wconf 79' lang='lat' dir='ltr'><strong>evolantibus.</strong></span> <span class='ocrx_word' id='word_1_823' title='bbox 3284 4578 3410 4633; x_wconf 77' lang='lat' dir='ltr'><strong>lbec</strong></span> <span class='ocrx_word' id='word_1_824' title='bbox 3462 4589 3644 4635; x_wconf 88' lang='lat' dir='ltr'><strong>autem</strong></span> 
     </span>
    </p>
   </div>
   <div class='ocr_carea' id='block_1_108' title="bbox 2022 4668 3651 4743">
    <p class='ocr_par' dir='ltr' id='par_1_108' title="bbox 2022 4668 3651 4743">
     <span class='ocr_line' id='line_1_108' title="bbox 2022 4668 3651 4743; baseline -0.002 -12"><span class='ocrx_word' id='word_1_825' title='bbox 2022 4692 2148 4733; x_wconf 79' lang='lat' dir='ltr'><strong>vera</strong></span> <span class='ocrx_word' id='word_1_826' title='bbox 2182 4685 2266 4731; x_wconf 90' lang='lat' dir='ltr'><strong>est</strong></span> <span class='ocrx_word' id='word_1_827' title='bbox 2311 4670 2610 4729; x_wconf 84' lang='lat' dir='ltr'><strong>beatitudo.</strong></span> <span class='ocrx_word' id='word_1_828' title='bbox 2640 4668 2870 4733; x_wconf 90' lang='lat' dir='ltr'><strong>Deinde,</strong></span> <span class='ocrx_word' id='word_1_829' title='bbox 2904 4669 3158 4738; x_wconf 89' lang='lat' dir='ltr'><strong>quoniam</strong></span> <span class='ocrx_word' id='word_1_830' title='bbox 3188 4669 3465 4727; x_wconf 72' lang='lat' dir='ltr'><strong>daemones</strong></span> <span class='ocrx_word' id='word_1_831' title='bbox 3514 4688 3651 4743; x_wconf 85' lang='lat' dir='ltr'><strong>quo-</strong></span> 
     </span>
    </p>
   </div>
   <div class='ocr_carea' id='block_1_109' title="bbox 2025 4761 3649 4839">
    <p class='ocr_par' dir='ltr' id='par_1_109' title="bbox 2025 4761 3649 4839">
     <span class='ocr_line' id='line_1_109' title="bbox 2025 4761 3649 4839; baseline -0.002 -16"><span class='ocrx_word' id='word_1_832' title='bbox 2025 4784 2128 4839; x_wconf 92' lang='lat' dir='ltr'><strong>que</strong></span> <span class='ocrx_word' id='word_1_833' title='bbox 2153 4783 2278 4822; x_wconf 88' lang='lat' dir='ltr'><strong>eum</strong></span> <span class='ocrx_word' id='word_1_834' title='bbox 2307 4773 2566 4820; x_wconf 88' lang='lat' dir='ltr'><strong>verentur</strong></span> <span class='ocrx_word' id='word_1_835' title='bbox 2616 4772 2671 4816; x_wconf 89' lang='lat' dir='ltr'><strong>et</strong></span> <span class='ocrx_word' id='word_1_836' title='bbox 2698 4761 3111 4831; x_wconf 81' lang='lat' dir='ltr'><strong>pertimescunt,</strong></span> <span class='ocrx_word' id='word_1_837' title='bbox 3137 4775 3205 4816; x_wconf 90' lang='lat' dir='ltr'><strong>ne</strong></span> <span class='ocrx_word' id='word_1_838' title='bbox 3247 4770 3406 4831; x_wconf 89' lang='lat' dir='ltr'><strong>putes</strong></span> <span class='ocrx_word' id='word_1_839' title='bbox 3433 4762 3535 4818; x_wconf 85' lang='lat' dir='ltr'><strong>hec</strong></span> <span class='ocrx_word' id='word_1_840' title='bbox 3568 4779 3649 4820; x_wconf 49' lang='lat' dir='ltr'><strong>so.</strong></span> 
     </span>
    </p>
   </div>
   <div class='ocr_carea' id='block_1_110' title="bbox 2027 4852 3649 4925">
    <p class='ocr_par' dir='ltr' id='par_1_110' title="bbox 2027 4852 3649 4925">
     <span class='ocr_line' id='line_1_110' title="bbox 2027 4852 3649 4925; baseline -0.003 -7"><span class='ocrx_word' id='word_1_841' title='bbox 2027 4863 2135 4918; x_wconf 91' lang='lat' dir='ltr'><strong>lum</strong></span> <span class='ocrx_word' id='word_1_842' title='bbox 2185 4859 2435 4916; x_wconf 73' lang='lat' dir='ltr'><strong>sufﬁcere</strong></span> <span class='ocrx_word' id='word_1_843' title='bbox 2481 4857 2547 4912; x_wconf 91' lang='lat' dir='ltr'><strong>ad</strong></span> <span class='ocrx_word' id='word_1_844' title='bbox 2580 4857 2843 4918; x_wconf 85' lang='lat' dir='ltr'><strong>salutem,</strong></span> <span class='ocrx_word' id='word_1_845' title='bbox 2880 4852 3025 4925; x_wconf 88' lang='lat' dir='ltr'><strong>quod</strong></span> <span class='ocrx_word' id='word_1_846' title='bbox 3057 4855 3308 4923; x_wconf 87' lang='lat' dir='ltr'><strong>superius</strong></span> <span class='ocrx_word' id='word_1_847' title='bbox 3337 4855 3501 4923; x_wconf 80' lang='lat' dir='ltr'><strong>fecit,</strong></span> <span class='ocrx_word' id='word_1_848' title='bbox 3560 4858 3649 4913; x_wconf 87' lang='lat' dir='ltr'><strong>hic</strong></span> 
     </span>
    </p>
   </div>
   <div class='ocr_carea' id='block_1_111' title="bbox 2025 4944 3648 5023">
    <p class='ocr_par' dir='ltr' id='par_1_111' title="bbox 2025 4944 3648 5023">
     <span class='ocr_line' id='line_1_111' title="bbox 2025 4944 3648 5023; baseline -0.002 -17"><span class='ocrx_word' id='word_1_849' title='bbox 2025 4967 2242 5023; x_wconf 90' lang='lat' dir='ltr'><strong>quoque</strong></span> <span class='ocrx_word' id='word_1_850' title='bbox 2264 4950 2411 5005; x_wconf 81' lang='lat' dir='ltr'><strong>facit.</strong></span> <span class='ocrx_word' id='word_1_851' title='bbox 2440 4945 2906 5016; x_wconf 85' lang='lat' dir='ltr'><strong>Quemadmodum</strong></span> <span class='ocrx_word' id='word_1_852' title='bbox 2935 4944 3080 4999; x_wconf 89' lang='lat' dir='ltr'><strong>enim</strong></span> <span class='ocrx_word' id='word_1_853' title='bbox 3107 4960 3229 5000; x_wconf 92' lang='lat' dir='ltr'><strong>cum</strong></span> <span class='ocrx_word' id='word_1_854' title='bbox 3259 4945 3368 5001; x_wconf 90' lang='lat' dir='ltr'><strong>illic</strong></span> <span class='ocrx_word' id='word_1_855' title='bbox 3393 4947 3648 5018; x_wconf 77' lang='lat' dir='ltr'><strong>dixisset,</strong></span> 
     </span>
    </p>
   </div>
   <div class='ocr_carea' id='block_1_112' title="bbox 2027 5038 3648 5114">
    <p class='ocr_par' dir='ltr' id='par_1_112' title="bbox 2027 5038 3648 5114">
     <span class='ocr_line' id='line_1_112' title="bbox 2027 5038 3648 5114; baseline -0.001 -14"><span class='ocrx_word' id='word_1_856' title='bbox 2027 5045 2240 5100; x_wconf 86' lang='lat' dir='ltr'><strong>Initium</strong></span> <span class='ocrx_word' id='word_1_857' title='bbox 2262 5043 2527 5114; x_wconf 84' lang='lat' dir='ltr'><strong>sapientia</strong></span> <span class='ocrx_word' id='word_1_858' title='bbox 2550 5043 2702 5095; x_wconf 89' lang='lat' dir='ltr'><strong>timor</strong></span> <span class='ocrx_word' id='word_1_859' title='bbox 2721 5038 2964 5106; x_wconf 88' lang='lat' dir='ltr'><strong>Domini,</strong></span> <span class='ocrx_word' id='word_1_860' title='bbox 2999 5038 3308 5108; x_wconf 83' lang='lat' dir='ltr'><strong>subjunxit,</strong></span> <span class='ocrx_word' id='word_1_861' title='bbox 3347 5040 3648 5099; x_wconf 82' lang='lat' dir='ltr'><strong>Intellectus</strong></span> 
     </span>
    </p>
   </div>
   <div class='ocr_carea' id='block_1_113' title="bbox 2026 5114 3648 5203">
    <p class='ocr_par' dir='ltr' id='par_1_113' title="bbox 2026 5114 3648 5203">
     <span class='ocr_line' id='line_1_113' title="bbox 2026 5114 3648 5203; baseline -0.003 -10"><span class='ocrx_word' id='word_1_862' title='bbox 2026 5138 2188 5193; x_wconf 83' lang='lat' dir='ltr'><strong>bonus</strong></span> <span class='ocrx_word' id='word_1_863' title='bbox 2210 5135 2444 5189; x_wconf 84' lang='lat' dir='ltr'><strong>omnibus</strong></span> <span class='ocrx_word' id='word_1_864' title='bbox 2476 5131 2776 5203; x_wconf 75' lang='lat' dir='ltr'><strong>facientibus</strong></span> <span class='ocrx_word' id='word_1_865' title='bbox 2798 5114 2932 5193; x_wconf 69' lang='lat' dir='ltr'><strong>cuni,</strong></span> <span class='ocrx_word' id='word_1_866' title='bbox 2947 5129 3323 5186; x_wconf 81' lang='lat' dir='ltr'><strong>convenientia</strong></span> <span class='ocrx_word' id='word_1_867' title='bbox 3348 5132 3470 5187; x_wconf 67' lang='lat' dir='ltr'><strong>vita:</strong></span> <span class='ocrx_word' id='word_1_868' title='bbox 3495 5134 3648 5190; x_wconf 80' lang='lat' dir='ltr'><strong>insti-</strong></span> 
     </span>
    </p>
   </div>
   <div class='ocr_carea' id='block_1_114' title="bbox 2027 5219 3647 5297">
    <p class='ocr_par' dir='ltr' id='par_1_114' title="bbox 2027 5219 3647 5297">
     <span class='ocr_line' id='line_1_114' title="bbox 2027 5219 3647 5297; baseline -0.002 -12"><span class='ocrx_word' id='word_1_869' title='bbox 2027 5238 2141 5285; x_wconf 90' lang='lat' dir='ltr'><strong>tuta</strong></span> <span class='ocrx_word' id='word_1_870' title='bbox 2169 5226 2507 5297; x_wconf 84' lang='lat' dir='ltr'><strong>dogmatibus</strong></span> <span class='ocrx_word' id='word_1_871' title='bbox 2528 5222 2855 5293; x_wconf 80' lang='lat' dir='ltr'><strong>adjungens:</strong></span> <span class='ocrx_word' id='word_1_872' title='bbox 2887 5221 2958 5274; x_wconf 85' lang='lat' dir='ltr'><strong>ita</strong></span> <span class='ocrx_word' id='word_1_873' title='bbox 2985 5219 3071 5275; x_wconf 88' lang='lat' dir='ltr'><strong>hic</strong></span> <span class='ocrx_word' id='word_1_874' title='bbox 3101 5221 3264 5275; x_wconf 85' lang='lat' dir='ltr'><strong>etiam</strong></span> <span class='ocrx_word' id='word_1_875' title='bbox 3283 5237 3402 5278; x_wconf 89' lang='lat' dir='ltr'><strong>cum</strong></span> <span class='ocrx_word' id='word_1_876' title='bbox 3422 5223 3647 5281; x_wconf 80' lang='lat' dir='ltr'><strong>dixisset</strong></span> 
     </span>
    </p>
   </div>
   <div class='ocr_carea' id='block_1_115' title="bbox 2030 5312 3646 5388">
    <p class='ocr_par' dir='ltr' id='par_1_115' title="bbox 2030 5312 3646 5388">
     <span class='ocr_line' id='line_1_115' title="bbox 2030 5312 3646 5388; baseline -0.004 -10"><span class='ocrx_word' id='word_1_877' title='bbox 2030 5323 2322 5385; x_wconf 78' lang='lat' dir='ltr'><strong>timorem,</strong></span> <span class='ocrx_word' id='word_1_878' title='bbox 2355 5332 2462 5372; x_wconf 90' lang='lat' dir='ltr'><strong>non</strong></span> <span class='ocrx_word' id='word_1_879' title='bbox 2495 5316 2644 5370; x_wconf 76' lang='grc' dir='ltr'><strong>ἱιιιιιη</strong></span> <span class='ocrx_word' id='word_1_880' title='bbox 2692 5314 2866 5368; x_wconf 88' lang='lat' dir='ltr'><strong>solum</strong></span> <span class='ocrx_word' id='word_1_881' title='bbox 2913 5312 3045 5370; x_wconf 89' lang='lat' dir='ltr'><strong>dicit</strong></span> <span class='ocrx_word' id='word_1_882' title='bbox 3088 5315 3178 5382; x_wconf 89' lang='lat' dir='ltr'><strong>qui</strong></span> <span class='ocrx_word' id='word_1_883' title='bbox 3226 5331 3291 5369; x_wconf 83' lang='lat' dir='ltr'><strong>ex</strong></span> <span class='ocrx_word' id='word_1_884' title='bbox 3340 5317 3646 5388; x_wconf 81' lang='lat' dir='ltr'><strong>cognitione</strong></span> 
     </span>
    </p>
   </div>
   <div class='ocr_carea' id='block_1_116' title="bbox 2029 5405 3650 5481">
    <p class='ocr_par' dir='ltr' id='par_1_116' title="bbox 2029 5405 3650 5481">
     <span class='ocr_line' id='line_1_116' title="bbox 2029 5405 3650 5481; baseline -0.001 -13"><span class='ocrx_word' id='word_1_885' title='bbox 2029 5413 2225 5479; x_wconf 70' lang='lat' dir='ltr'><strong>Oritur,</strong></span> <span class='ocrx_word' id='word_1_886' title='bbox 2255 5425 2415 5481; x_wconf 89' lang='lat' dir='ltr'><strong>quem</strong></span> <span class='ocrx_word' id='word_1_887' title='bbox 2450 5409 2647 5463; x_wconf 87' lang='lat' dir='ltr'><strong>habent</strong></span> <span class='ocrx_word' id='word_1_888' title='bbox 2675 5407 2838 5462; x_wconf 88' lang='lat' dir='ltr'><strong>etiam</strong></span> <span class='ocrx_word' id='word_1_889' title='bbox 2869 5405 3164 5470; x_wconf 62' lang='lat' dir='ltr'><strong>daemones,</strong></span> <span class='ocrx_word' id='word_1_890' title='bbox 3214 5406 3308 5461; x_wconf 90' lang='lat' dir='ltr'><strong>scd</strong></span> <span class='ocrx_word' id='word_1_891' title='bbox 3340 5408 3442 5464; x_wconf 89' lang='lat' dir='ltr'><strong>hoc</strong></span> <span class='ocrx_word' id='word_1_892' title='bbox 3487 5410 3650 5466; x_wconf 90' lang='lat' dir='ltr'><strong>etiam</strong></span> 
     </span>
    </p>
   </div>
   <div class='ocr_carea' id='block_1_117' title="bbox 2029 5499 3657 5576">
    <p class='ocr_par' dir='ltr' id='par_1_117' title="bbox 2029 5499 3657 5576">
     <span class='ocr_line' id='line_1_117' title="bbox 2029 5499 3657 5576; baseline -0.001 -15"><span class='ocrx_word' id='word_1_893' title='bbox 2029 5505 2215 5576; x_wconf 80' lang='lat' dir='ltr'><strong>adjicit</strong></span> <span class='ocrx_word' id='word_1_894' title='bbox 2239 5502 2455 5567; x_wconf 73' lang='lat' dir='ltr'><strong>dicens,</strong></span> <span class='ocrx_word' id='word_1_895' title='bbox 2491 5499 2557 5554; x_wconf 89' lang='lat' dir='ltr'><strong>In</strong></span> <span class='ocrx_word' id='word_1_896' title='bbox 2586 5499 2842 5553; x_wconf 80' lang='lat' dir='ltr'><strong>mandatis</strong></span> <span class='ocrx_word' id='word_1_897' title='bbox 2890 5501 3000 5569; x_wconf 73' lang='lat' dir='ltr'><strong>ejus</strong></span> <span class='ocrx_word' id='word_1_898' title='bbox 3023 5499 3152 5553; x_wconf 81' lang='lat' dir='ltr'><strong>volet</strong></span> <span class='ocrx_word' id='word_1_899' title='bbox 3178 5501 3353 5557; x_wconf 83' lang='lat' dir='ltr'><strong>nimis.</strong></span> <span class='ocrx_word' id='word_1_900' title='bbox 3389 5502 3515 5558; x_wconf 70' lang='lat' dir='ltr'><strong>llmc</strong></span> <span class='ocrx_word' id='word_1_901' title='bbox 3558 5521 3657 5559; x_wconf 87' lang='lat' dir='ltr'><strong>au-</strong></span> 
     </span>
    </p>
   </div>
   <div class='ocr_carea' id='block_1_118' title="bbox 2032 5592 3654 5664">
    <p class='ocr_par' dir='ltr' id='par_1_118' title="bbox 2032 5592 3654 5664">
     <span class='ocr_line' id='line_1_118' title="bbox 2032 5592 3654 5664; baseline -0.001 -12"><span class='ocrx_word' id='word_1_902' title='bbox 2032 5609 2139 5653; x_wconf 88' lang='lat' dir='ltr'><strong>tem</strong></span> <span class='ocrx_word' id='word_1_903' title='bbox 2162 5596 2331 5663; x_wconf 87' lang='lat' dir='ltr'><strong>dixit,</strong></span> <span class='ocrx_word' id='word_1_904' title='bbox 2365 5594 2586 5664; x_wconf 76' lang='lat' dir='ltr'><strong>exigens</strong></span> <span class='ocrx_word' id='word_1_905' title='bbox 2611 5599 2938 5647; x_wconf 87' lang='lat' dir='ltr'><strong>accuratam</strong></span> <span class='ocrx_word' id='word_1_906' title='bbox 2963 5592 3088 5644; x_wconf 75' lang='lat' dir='ltr'><strong>vita:</strong></span> <span class='ocrx_word' id='word_1_907' title='bbox 3130 5592 3525 5648; x_wconf 88' lang='lat' dir='ltr'><strong>institutionem</strong></span> <span class='ocrx_word' id='word_1_908' title='bbox 3555 5639 3568 5660; x_wconf 90' lang='lat'><strong>,</strong></span> <span class='ocrx_word' id='word_1_909' title='bbox 3598 5607 3654 5651; x_wconf 90' lang='lat' dir='ltr'><strong>et</strong></span> 
     </span>
    </p>
   </div>
   <div class='ocr_carea' id='block_1_119' title="bbox 2031 5682 3653 5755">
    <p class='ocr_par' dir='ltr' id='par_1_119' title="bbox 2031 5682 3653 5755">
     <span class='ocr_line' id='line_1_119' title="bbox 2031 5682 3653 5755; baseline -0.002 -12"><span class='ocrx_word' id='word_1_910' title='bbox 2031 5689 2268 5744; x_wconf 89' lang='lat' dir='ltr'><strong>animam</strong></span> <span class='ocrx_word' id='word_1_911' title='bbox 2296 5701 2481 5741; x_wconf 88' lang='lat' dir='ltr'><strong>amore</strong></span> <span class='ocrx_word' id='word_1_912' title='bbox 2511 5684 2792 5755; x_wconf 80' lang='lat' dir='ltr'><strong>sapientia:</strong></span> <span class='ocrx_word' id='word_1_913' title='bbox 2825 5682 3127 5753; x_wconf 70' lang='lat' dir='ltr'><strong>praeditam.</strong></span> <span class='ocrx_word' id='word_1_914' title='bbox 3151 5682 3280 5738; x_wconf 82' lang='lat' dir='ltr'><strong>Non</strong></span> <span class='ocrx_word' id='word_1_915' title='bbox 3313 5684 3467 5750; x_wconf 78' lang='lat' dir='ltr'><strong>dixit,</strong></span> <span class='ocrx_word' id='word_1_916' title='bbox 3503 5686 3653 5740; x_wconf 82' lang='lat' dir='ltr'><strong>Mau-</strong></span> 
     </span>
    </p>
   </div>
   <div class='ocr_carea' id='block_1_120' title="bbox 2030 5773 3649 5852">
    <p class='ocr_par' dir='ltr' id='par_1_120' title="bbox 2030 5773 3649 5852">
     <span class='ocr_line' id='line_1_120' title="bbox 2030 5773 3649 5852; baseline -0.002 -14"><span class='ocrx_word' id='word_1_917' title='bbox 2030 5781 2152 5838; x_wconf 84' lang='lat' dir='ltr'><strong>data</strong></span> <span class='ocrx_word' id='word_1_918' title='bbox 2171 5783 2288 5852; x_wconf 87' lang='lat' dir='ltr'><strong>ejus</strong></span> <span class='ocrx_word' id='word_1_919' title='bbox 2306 5779 2483 5846; x_wconf 80' lang='lat' dir='ltr'><strong>faciet,</strong></span> <span class='ocrx_word' id='word_1_920' title='bbox 2514 5777 2631 5840; x_wconf 85' lang='lat' dir='ltr'><strong>sed,</strong></span> <span class='ocrx_word' id='word_1_921' title='bbox 2671 5773 2837 5841; x_wconf 80' lang='lat' dir='ltr'><strong>Volet,</strong></span> <span class='ocrx_word' id='word_1_922' title='bbox 2863 5773 3065 5844; x_wconf 83' lang='lat' dir='ltr'><strong>aliquid</strong></span> <span class='ocrx_word' id='word_1_923' title='bbox 3087 5774 3321 5844; x_wconf 82' lang='lat' dir='ltr'><strong>amplius</strong></span> <span class='ocrx_word' id='word_1_924' title='bbox 3346 5780 3649 5847; x_wconf 80' lang='lat' dir='ltr'><strong>requirens.</strong></span> 
     </span>
    </p>
   </div>
   <div class='ocr_carea' id='block_1_121' title="bbox 2034 5867 3654 5947">
    <p class='ocr_par' dir='ltr' id='par_1_121' title="bbox 2034 5867 3654 5947">
     <span class='ocr_line' id='line_1_121' title="bbox 2034 5867 3654 5947; baseline -0.002 -17"><span class='ocrx_word' id='word_1_925' title='bbox 2034 5877 2300 5947; x_wconf 86' lang='lat' dir='ltr'><strong>Quidnam</strong></span> <span class='ocrx_word' id='word_1_926' title='bbox 2349 5884 2528 5930; x_wconf 87' lang='lat' dir='ltr'><strong>autem</strong></span> <span class='ocrx_word' id='word_1_927' title='bbox 2563 5872 2665 5926; x_wconf 90' lang='lat' dir='ltr'><strong>hoc</strong></span> <span class='ocrx_word' id='word_1_928' title='bbox 2710 5869 2826 5926; x_wconf 87' lang='lat' dir='ltr'><strong>est?</strong></span> <span class='ocrx_word' id='word_1_929' title='bbox 2875 5869 2951 5926; x_wconf 83' lang='lat' dir='ltr'><strong>Ea</strong></span> <span class='ocrx_word' id='word_1_930' title='bbox 2983 5867 3161 5926; x_wconf 62' lang='lat' dir='ltr'><strong>facere.</strong></span> <span class='ocrx_word' id='word_1_931' title='bbox 3204 5883 3326 5926; x_wconf 89' lang='lat' dir='ltr'><strong>cum</strong></span> <span class='ocrx_word' id='word_1_932' title='bbox 3377 5871 3559 5928; x_wconf 86' lang='lat' dir='ltr'><strong>studio</strong></span> <span class='ocrx_word' id='word_1_933' title='bbox 3600 5882 3654 5927; x_wconf 84' lang='lat' dir='ltr'><strong>et</strong></span> 
     </span>
    </p>
   </div>
  </div>
