4058 6458
500 361 600 419 291

502 462 965 549 animi'alacritate
1003 498 1016 532 :
1041 472 1547 549 ,csSe'velienientes
1565 482 1754 532 eorum
1782 464 2046 532 amatores
2072 474 2094 530 ξ

497 568 645 637 jussa
672 544 857 623 eorum
890 544 1136 637 [terseqtti
1167 576 1180 618 :‘
1212 576 1394 621 amare
1416 581 1477 621 ea
1507 581 1612 621 non
1644 572 2095 637 prepter‘merce-

502 659 623 713 dem
649 672 769 728 quae
810 667 894 713 est
942 672 1042 729 pro
1092 650 1220 733 ipsis
1249 656 1516 760 preposita
1540 698 1556 722 ,
1584 656 1679 713 sed
1728 666 1946 760 propter
1970 667 2095 714 eum

498 749 592 821 qui
616 746 706 805 illa
722 742 939 815 statuit;
973 750 1222 803 virtutem
1251 748 1671 818 cumvoluptate
1685 747 2095 854 persequi,

502 836 721 912 νόμον
738 850 938 897 metum
965 842 1245 911 gehennae,
1266 854 1368 897 nec
1391 848 1611 944 propter
1636 842 1810 895 minas
1826 836 2091 944 supplicii,

500 949 601 989 nec
624 943 843 1006 propter
864 931 1273 1008 promissiOnem
1300 933 1469 1002 regni,
1493 931 1589 987 sed
1606 942 1825 1002 propter
1850 946 1973 987 eum
2003 932 2093 1002 qui

412 1074 417 1079 .
501 1014 647 1100 luges
672 1008 812 1083 tulit.
857 1012 1159 1094 Quinetiam
1185 1024 1308 1079 alibi
1351 1022 1457 1081 hoc
1504 1025 1659 1091 facit,
1689 1024 1983 1082 ostendens
2009 1040 2094 1080 vo-

502 1122 776 1186 luptatem,
802 1135 957 1193 quam
986 1118 1128 1190 capit
1154 1134 1225 1178 ex
1253 1118 1533 1189 praeceptis
1557 1117 1651 1172 Dei
1673 1134 1685 1170 :
1706 1117 2089 1185 Qnamduteia,

498 1210 698 1281 inquit,
728 1209 968 1285 faucibus
994 1206 1116 1264 meis
1143 1209 1346 1280 eloquia
1386 1221 1509 1274 tua,
1541 1225 1693 1278 super
1728 1208 1827 1263 inci
1855 1210 1931 1262 ori
1981 1225 2092 1263 meo

500 1303 667 1377 (PsaL
705 1286 986 1373 “3.103)
1018 1304 1031 1357 t
1062 1302 1176 1357 Hoc
1202 1304 1361 1356 etiam
1391 1302 1614 1383 requirit
1644 1300 1872 1367 Paulus,
1908 1302 1976 1355 ita
2006 1301 2088 1355 di-

497 1411 629 1475 cens
658 1397 884 1459 obscure
911 1404 965 1449 et
990 1386 1325 1465 :Pnigmatlce
1350 1408 1371 1449 ς
1395 1394 1539 1449 Sicut
1581 1392 1827 1450 habuistis
1868 1393 2091 1447 Membra

494 1477 657 1545 uestra
682 1504 826 1545 senta
871 1483 1209 1542 immundith
1247 1496 1295 1541 et
1326 1484 1599 1552 iniustitia:
1633 1487 1702 1539 ad
1738 1487 2040 1555 injustitiam
2070 1501 2089 1541 :

492 1583 564 1637 ita
588 1582 815 1637 exhibete
837 1580 1061 1635 membra
1089 1592 1252 1637 uestra
1292 1597 1437 1635 serva
1467 1576 1683 1649 iustitiae
1706 1580 1774 1634 ad
1801 1572 2064 1650 sanctiﬁca

494 1674 679 1729 tionem
710 1668 883 1739 (Rom.
918 1671 972 1727 6.
1002 1671 1115 1743 19).
1681 1683 1698 1720 \

566 1763 817 1831 Alacritos
858 1763 1141 1817 necessaria
1178 1762 1233 1817 in
1286 1761 1384 1817 Dei
1433 1763 1693 1833 pra'ceptis
1718 1763 1981 1820 obeundis.
2015 1797 2088 1807 —-

410 1906 413 1909 ,
492 1824 605 1910 tloc
629 1827 731 1921 est,
759 1842 893 1929 Cum
916 1863 1115 1939 quanto
1140 1848 1317 1908 studio
1346 1854 1386 1921 ί,
1406 1868 1525 1908 cum
1554 1862 1750 1923 quanta
1782 1856 1946 1942 animi
1972 1855 2085 1913 ala-

491 1923 1032 2016 c'ﬁutemeqtiitiam‘
1069 1942 1451 2010 sectabamiui,
1495 1954 1548 2000 οι
1589 1946 1635 2001 εί
1682 1938 1887 2003 “unum
1938 1960 2085 2005 (⁸⁸³⁸⁸

492 2032 772 2104 praemium
798 2035 1129 2105 propositum
1154 2078 1171 2104 ,
1210 2034 1303 2092 sed
1330 2046 1516 2092 contra
1572 2052 1744 2130 pinna:
1768 2047 1829 2125 et
1872 2040 2081 2130 suppli-

488 2128 634 2189 ciutn
665 2118 823 2189 :cum
856 2133 1001 2181 tanta
1032 2127 1281 2182 virtutem
1307 2126 1608 2184 sectemiui.
1640 2129 1708 2184 Et
1736 2118 1914 2186 tamen
1946 2134 2083 2186 hanc

489 2207 703 2289 quoque
730 2231 1035 2287 mansuram
1085 2212 1217 2274 dixit
1246 2234 1305 2275 se
1345 2218 1562 2291 exigere
1591 2221 1669 2278 eis
1722 2221 2076 2279 moderatam.

492 2307 619 2363 llaec
642 2305 785 2363 enim
811 2296 1073 2376 dietttros,
1108 2312 1179 2363 ita
1211 2309 1461 2380 loquitur,
1496 2308 1790 2364 Humanum
1814 2312 1929 2367 dico
1955 2329 2079 2383 pro-

487 2400 599 2459 pter
621 2382 968 2468 inﬁmitatem
998 2400 1166 2454 carnis
1190 2406 1379 2456 νεώ-ω’
1400 2398 1563 2472 (Ibid.
1592 2417 1641 2457 υ.
1675 2400 1761 2475 l9)
1794 2421 1807 2456 :
1839 2382 2081 2473 indicans

485 2476 738 2559 oportere
766 2506 873 2545 non
905 2490 1164 2545 minorem
1190 2493 1474 2549 ostendere
1500 2493 1553 2548 in
1581 2494 1774 2550 virtute
1813 2495 2078 2566 cupidita-

488 2560 635 2646 tem,
664 2596 821 2653 quam
868 2578 921 2636 in
950 2582 1079 2636 vitio
1109 2580 1462 2639 ostendimus.
1494 2583 1550 2639 id
1596 2595 1679 2639 est
1721 2596 1902 2642 autem
1932 2586 2083 2656 quod

487 2671 615 2731 dicit
643 2688 656 2725 ε
680 2668 735 2727 Si
769 2670 873 2726 non
899 2671 1143 2728 eamdem
1166 2673 1416 2728 virtutem
1445 2675 1778 2731 ostenderint
1796 2716 1811 2741 ,
1844 2682 2072 2747 quanam

483 2761 827 2838 excusatione
855 2771 1090 2830 utentur,
1120 2774 1210 2818 aut
1239 2764 1506 2832 quomodo
1537 2767 1746 2821 veniam
1778 2776 2073 2838 assequen-

485 2830 590 2921 tur,
618 2844 707 2924 qui
738 2834 811 2909 ne.
852 2869 974 2909 cum
1020 2854 1207 2913 eadem
1236 2830 1451 2926 quidem
1503 2857 1795 2927 cupiditate
1844 2859 1909 2914 ad
1953 2876 2071 2916 eam

484 2945 783 3000 accedunt?
831 2943 900 2999 Et
941 2943 1061 3001 ideo
1102 2944 1191 3000 hic
1234 2962 1447 3016 quoque
1476 2948 1733 3017 propheta
1782 2948 1960 3004 dixit:
2005 2949 2072 3004 In

485 3038 735 3092 mandatis
780 3040 891 3107 ejus
933 3039 1059 3093 volet
1089 3038 1255 3093 nimis.
1297 3039 1395 3107 Qui
1430 3039 1574 3095 enim
1616 3053 1737 3095 eum
1784 3041 1972 3097 metuit
2017 3051 2074 3097 ut

482 3139 721 3197 Oportet,
751 3127 967 3197 suscipit
994 3128 1105 3197 ejus
1133 3139 1395 3199 prwcepta
1426 3145 1548 3185 eum
1574 3134 1764 3200 magna
1782 3132 2067 3186 aviditate:

480 3230 537 3277 ct
562 3221 682 3276 ideo
707 3238 858 3277 amor
896 3227 950 3278 in
979 3222 1333 3292 legislatorcm
1384 3222 1594 3277 facilem
1621 3234 1675 3278 ct
1698 3234 1899 3295 gratam
1947 3224 2072 3307 facit

483 3313 688 3384 legem,
735 3314 836 3369 etsi
867 3310 1106 3370 videatur
1152 3315 1381 3385 aliquam
1435 3314 2066 3403 haberei'diflicoltatem.

481 3403 649 3459 Nemo
672 3413 850 3460 autem
880 3402 1021 3475 quod
1046 3396 1169 3461 dico
1200 3402 1596 3475 reprehendat,
1628 3400 1673 3463 si
1701 3408 1788 3463 tali
1817 3410 2068 3479 exemplo

482 3510 609 3551 usus
654 3512 790 3551 sum.
820 3497 950 3551 Nam
998 3496 1190 3552 Paulus
1220 3512 1435 3567 quoque
1463 3512 1529 3553 eo
1549 3512 1676 3553 usus
1702 3504 1815 3567 ρει,
1865 3502 1943 3556 sic
1985 3501 2065 3555 di-

478 3601 642 3643 cens:
671 3587 817 3642 Sicut
842 3586 1137 3642 exltibuistis
1171 3590 1389 3642 membra
1428 3601 1592 3643 vestra
1618 3607 1760 3646 serva
1784 3593 2067 3647 immundi-

477 3682 589 3747 tite,
617 3682 687 3733 ita
714 3680 938 3733 ca'liibete
955 3680 1189 3751 justitiae.
1221 3678 1320 3749 Qui
1350 3682 1648 3739 meretricis
1675 3684 1852 3755 itaque
1881 3700 2066 3740 amore

476 3783 662 3842 captus
690 3782 793 3837 est,
824 3772 1032 3827 etiamsi
1086 3771 1349 3828 afficiatur
1378 3775 1573 3843 probro
1622 3784 1674 3830 et
1703 3776 2022 3832 contumelia
2044 3819 2059 3843 ,

474 3865 685 3919 etiamsi
730 3862 1067 3929 verberetur,
1100 3864 1306 3919 etiamsi
1355 3880 1413 3919 se
1441 3866 1667 3935 turpiter
1710 3875 1764 3921 et
1808 3865 2063 3923 indecore

476 3964 646 4024 gerat,
674 3954 881 4008 etiamsi
904 3953 1208 4023 expellatur
1244 3970 1273 4007 a
1301 3956 1468 4025 patria
1489 3996 1505 4021 ,
1537 3956 1745 4010 etiamsi
1788 3957 1943 4012 bonis
1969 3972 2063 4026 ra-

476 4046 642 4100 ternis
667 4054 959 4107 evertatur,
987 4046 1198 4100 etiamsi
1222 4047 1388 4115 patris
1410 4047 1777 4103 benevolentia
1804 4049 2059 4119 privetur,

475 4136 682 4191 etiamsi
735 4136 979 4207 graviora
1006 4137 1257 4208 patiatur,
1286 4153 1351 4193 ea
1369 4137 1465 4193 fert
1484 4139 1717 4208 jucunde
1738 4150 1786 4196 et
1816 4141 2063 4198 lubenter

471 4238 691 4299 propter
717 4243 953 4283 amorem
983 4230 1326 4297 implltiiCtlm.

547 4318 810 4391 Praecepta
838 4318 931 4373 Dei
971 4320 1146 4390 gravia
1186 4336 1284 4371 non
1312 4328 1447 4372 sunt.
1474 4350 1543 4360 —
1571 4321 1721 4387 Quod
1754 4322 1796 4376 si
1826 4324 1913 4377 illa
1940 4339 2057 4378 cum

470 4412 739 4480 voluptate
767 4410 1100 4480 suscipiunt,
1129 4410 1399 4479 quomodo
1430 4426 1535 4464 non
1576 4414 1741 4465 multo
1772 4415 1938 4483 magis
1968 4416 2058 4469 Dei

469 4510 753 4572 prmcepta,
786 4516 903 4571 qua!
930 4512 1053 4554 sunt
1078 4500 1353 4564 salutaria,
1383 4501 1645 4569 et'glurim
1668 4502 1840 4570 plena,
1871 4512 1925 4557 et
1951 4519 2062 4559 ma-

468 4607 623 4663 gnam
647 4592 798 4646 nobis
828 4592 1064 4661 prmbcnt
1091 4590 1503 4660 philuSOphiam,
1532 4602 1584 4645 et
1609 4593 1840 4646 animam
1875 4595 2060 4648 melle.

468 4698 579 4738 rem
600 4683 852 4749 efficiunt,
882 4692 1090 4751 oportet
1116 4697 1237 4735 cum
1258 4698 1447 4753 magna
1474 4684 1740 4753 voluptate
1763 4687 2056 4760 suscipere,

466 4786 519 4832 et
553 4776 683 4829 nihil
716 4790 833 4829 esse
866 4776 1085 4828 difficile
1116 4775 1165 4827 in
1197 4774 1275 4827 eis
1303 4775 1649 4829 existimare?
1683 4774 2055 4833 Difficultatem

463 4868 607 4923 enim
648 4881 752 4920 non
783 4876 965 4919 natura
1010 4875 1395 4934 praceptorum
1424 4908 1438 4931 ,
1480 4866 1573 4919 sed
1605 4866 1890 4919 multorum
1924 4869 2058 4923 solet

464 4955 707 5012 socordia
728 4956 960 5010 efficere.
1004 4955 1181 5023 itaque
1205 4956 1246 5007 si
1276 4958 1392 5024 quis
1427 4972 1487 5010 ea
1525 4973 1642 5011 cum
1672 4958 1847 5013 studio
1872 4970 1923 5013 et
1951 4961 2058 5013 ali-

463 5049 653 5101 eritate
684 5047 847 5099 animi
872 5046 1148 5115 suscipiat,
1175 5046 1374 5101 videbit
1394 5063 1452 5102 ea
1482 5062 1601 5102 esse
1627 5050 1761 5104 levia
1781 5060 1833 5105 et
1861 5051 2053 5124 facilia.

462 5138 720 5205 Quocirca
752 5138 962 5192 dicebat
992 5138 1232 5191 Christus
1269 5157 1281 5191 :
1309 5139 1499 5209 Jttgttm
1523 5158 1687 5193 meum
1716 5160 1870 5196 suave
1892 5153 1981 5206 est,
2011 5156 2057 5199 et

461 5248 590 5284 onus
636 5246 801 5281 meum
838 5231 941 5282 leve
979 5228 1188 5297 (Matth.
1224 5230 1308 5282 Η.
1339 5230 1449 5299 50).
1503 5232 1563 5285 Et
1581 5241 1661 5287 'nt
1696 5234 1832 5287 scias
1858 5249 1918 5289 ea
1955 5236 2056 5290 hoc

464 5324 622 5377 modo
645 5337 702 5377 se
733 5322 950 5385 habere,
979 5330 1033 5373 et
1063 5322 1347 5375 multorum
1376 5324 1674 5378 socordiam
1703 5341 1763 5380 ea
1793 5341 1911 5395 qute
1933 5338 2056 5381 sunt

462 5413 635 5467 facilia
658 5454 672 5478 ,
706 5413 929 5466 reddere
956 5411 1187 5465 difficilia
1218 5458 1232 5477 ,
1266 5414 1496 5467 studium
1534 5426 1708 5470 autem
1740 5432 1802 5471 ac
1827 5418 2055 5487 diligen-

466 5514 590 5559 tiam
643 5504 847 5567 facilia,
897 5520 957 5559 ea
990 5521 1105 5574 qua!
1145 5516 1264 5557 sunt
1307 5507 1499 5577 alioqui
1531 5508 1762 5563 difficilia
1797 5528 1809 5563 :
1842 5511 2056 5580 quando

466 5613 653 5650 manna
704 5596 1016 5651 fruebantur
1059 5595 1259 5664 Judaei,
1311 5599 1360 5652 id
1406 5610 1458 5653 et
1499 5616 1637 5670 a-grc
1687 5603 1957 5669 ferebant,
2002 5615 2058 5660 et

522 5735 538 5765 ¹
569 5734 698 5792 Ιίςνο,
731 5735 850 5804 Cum
869 5741 1051 5804 attento
1082 5736 1241 5804 studio
1270 5741 1388 5799 (μεθ’
1413 5742 1527 5798 ὅσης
1551 5746 1800 5804 σπουδῆς),
1828 5746 2039 5796 deerant

461 5796 507 5843 in
536 5796 730 5857 .\lorel.,
756 5798 843 5845 sed
869 5798 1115 5849 habentur
1141 5798 1187 5847 in
1212 5796 1363 5850 Saiit.
1396 5810 1446 5851 et
1469 5796 1524 5852 in
1548 5804 1662 5854 Mss.

1234 361 1290 419 S.
1329 361 1608 420 JOANNfS
1642 342 2113 421 CHRYSOSTOMI
2154 360 2473 423 ARCHIEP.
2514 364 3050 430 CONSTANTINOP.

3638 430 3643 434 .
3713 386 3815 443 9.98

2206 487 2437 537 mortem
2477 484 2840 552 exoptabant:
2871 488 3069 545 Paulos
3113 500 3294 547 autem
3338 508 3462 550 cum
3510 497 3655 556 fante
3682 518 3813 560 cou-

2206 565 2415 625 ilictans
2426 574 2693 642 gaudebat
2707 584 2761 631 et
2781 578 3082 636 exsiliebat.
3101 582 3169 637 Et
3192 583 3265 641 illi
3288 585 3503 656 quidem
3524 588 3808 651 dicebant:

2204 660 2390 715 Anima
2412 668 2588 718 nostra
2607 681 2767 721 vacua
2789 678 2864 724 est
2890 671 2945 725 in
2966 688 3153 727 osanna
3171 674 3361 746 (Nam.
3391 680 3478 735 ii.
3503 679 3583 751 6).
3606 680 3813 740 Edui-

2202 750 2267 802 sti
2292 760 2385 805 nos
2418 761 2475 806 ut
2516 752 2852 825 interﬁeeres,
2897 777 2958 816 eo
2999 766 3135 834 quod
3163 782 3268 820 non
3294 779 3458 825 essent
3483 788 3810 831 momenta

2146 872 2149 873 ν
2201 842 2272 895 in'
2295 842 2527 916 £99m)
2550 845 2579 914 (
2605 847 2775 905 Exod.-
2798 854 2887 910 14.
2912 855 2981 911 11
3008 858 3065 928 )?
3114 858 3321 917 Paulus
3344 871 3523 919 autem
3552 866 3801 926 dicebat:

2203 933 2413 992 Gaudeo
2434 938 2487 992 in
2524 942 2845 1009 passionibus
2869 948 2993 1003 meis
3016 989 3033 1017 ,
3068 960 3117 1004 et
3140 948 3357 1023 suppr
3382 972 3451 1011 ea
3483 975 3598 1028 qua:
3621 962 3804 1016 desunt

2201 1028 2562 1098 aﬂictionibtrs‘
2580 1033 2789 1104 Christi,
2816 1039 2869 1095 in
2890 1056 3046 1095 carne
3062 1059 3175 1097 mea
3199 1044 3420 1115 (Coloss.
3452 1053 3503 1105 ιν.
3518 1052 3637 1124 84).
3666 1053 3801 1121 Qui-

2199 1118 2428 1174 busnstn
2453 1124 2839 1193 passionibus‘?
2888 1130 3085 1198 Fame,
3115 1135 3238 1202 siti,
3283 1139 3561 1209 nuditate,
3592 1118 3659 1200 ἐι
3682 1118 3804 1201 aliis

2197 1211 2468 1267 omnibus.
2513 1212 2580 1269 In
2608 1212 2867 1275 mandatis
2887 1223 2999 1293 ejus
3022 1226 3349 1283 eotet'nintis.
3390 1230 3678 1299 Quomodo
3706 1253 3775 1292 an
3793 1266 3805 1277 -

2199 1306 2305 1354 tem
2335 1301 2436 1357 hoc
2471 1304 2609 1359 fiet?
2642 1304 2708 1363 Si
2752 1308 2915 1366 Deum
2950 1314 3120 1381 probe
3147 1318 3428 1376 timeamus
3448 1334 3502 1378 et
3526 1339 3798 1395 amemus,

2195 1390 2241 1445 si
2272 1392 2511 1461 ejusdem
2542 1397 2753 1454 virtutis
2786 1412 3035 1458 naturam
3070 1408 3489 1469 consideremus.
3524 1417 3667 1473 Ante
3694 1390 3800 1475 alia

2193 1482 2338 1537 enim
2369 1489 2586 1554 preniia
2627 1489 2786 1546 habet
2815 1493 2865 1547 ln
2896 1497 3071 1565 seipsa
3100 1497 3608 1563 r'emunerationem.
3662 1510 3799 1566 Nam

2195 1572 2239 1626 si
2270 1586 2381 1629 non
2400 1578 2699 1636 mtechatus
2725 1580 2908 1652 fueris,
2931 1586 2975 1641 si
3003 1603 3108 1644 nou
3135 1591 3340 1649 aedem
3376 1596 3595 1666 feceris,
3618 1604 3801 1674 cogita

2192 1674 2389 1732 quanta
2414 1667 2609 1726 frueris
2622 1673 2893 1744 voluptate
2912 1694 3017 1732 non
3042 1683 3427 1744 condemnatus
3449 1705 3479 1744 a
3505 1667 3797 1765 conscien-

2195 1757 2265 1809 tia
2295 1767 2402 1821 tua,
2424 1774 2602 1815 coram
2629 1763 2732 1819 tuis
2754 1782 2859 1822 non
2882 1771 3226 1841 erubescens,
3246 1758 3799 1846 purisomnes'oculis

2193 1844 2428 1935 intuens.
2458 1850 2652 1908 Verum
2680 1855 2894 1913 adulter
2916 1877 3023 1916 non
3054 1874 3137 1919 est
3164 1844 3447 1936 ejusmodi,
3477 1874 3571 1930 sed

2190 1930 2379 1995 metuit
2391 1956 2455 1998 ac
2468 1942 2737 2013 formidat,
2754 1957 2808 2005 et
2820 1951 2905 2006 vel
2921 1951 3063 2021 ipsas
3081 1930 3296 2014 umbras
3316 1960 3473 2022 habet
3488 1978 3793 2037 suspectas.

2259 2030 2314 2085 2.
2346 2031 2559 2091 Rursus
2581 2049 2870 2097 avamset
2913 2043 3122 2101 invidus
3148 2048 3335 2106 eadem
3376 2030 3632 2121 patietur.
3687 2060 3794 2128 Qui

2187 2130 2271 2177 est
2298 2132 2477 2179 autem
2505 2126 2639 2183 liber
2671 2129 2740 2185 ab
2766 2130 2849 2186 bis
2871 2173 2887 2201 ,
2922 2130 3120 2192 contra
3148 2152 3210 2195 se
3246 2139 3481 2200 habebit.
3507 2145 3563 2201 2.
3591 2126 3795 2208 Potens

2186 2215 2239 2267 in
2265 2224 2399 2269 terra
2428 2218 2522 2271 erit
2560 2236 2728 2277 semen
2757 2226 2888 2295 ejus.
2936 2227 3084 2286 Solet
3114 2230 3399 2303 Scriptura
3421 2250 3570 2310 stupe
3596 2255 3789 2300 semen

2187 2318 2515 2366 vocare’non
2561 2312 2617 2366 id
2656 2317 2801 2384 quod
2849 2320 3087 2376 nascitur
3112 2330 3177 2379 ex
3203 2334 3411 2383 natura:
3436 2330 3659 2401 ordine,
3687 2338 3789 2393 sed

2186 2399 2327 2467 quod
2358 2416 2425 2456 ex
2466 2404 2726 2463 societate
2772 2408 3001 2466 virtutis.
3051 2412 3310 2481 Quocirca
3343 2418 3542 2478 Paulus
3566 2399 3788 2498 quoque

2183 2489 2547 2563 interpretans
2571 2497 2720 2575 illud,
2754 2499 2865 2555 Tibi
2891 2513 2937 2555 et
2956 2506 3134 2559 semini
3154 2514 3241 2563 tuo
3262 2508 3393 2564 dabo
3414 2489 3602 2570 ten-ani
3619 2489 3785 2587 hanc,

2181 2586 2393 2642 dicebat
2415 2586 2436 2643 :'
2462 2590 2583 2646 Non
2608 2595 2743 2648 enim
2763 2610 2932 2652 omnes
2957 2600 3043 2666 qui
3070 2612 3187 2656 sunt
3204 2621 3268 2659 ea:
3291 2604 3481 2678 Israel,
3508 2612 3548 2666 ii
3575 2586 3787 2671 Israel}

2182 2694 2339 2747 neque
2365 2682 2484 2751 quia
2504 2694 2621 2738 sunt
2636 2688 3058 2756 semeti’Abraltte,
3089 2710 3263 2751 omnes
3283 2698 3401 2767 ﬁlii,
3430 2702 3521 2756 sed
3539 2702 3595 2757 in
3623 2702 3784 2761 Isaac

2179 2772 2434 2826 nocebitur
2460 2776 2546 2828 tibi
2566 2793 2733 2833 semen
2759 2779 2936 2851 (Rom.
2962 2782 3015 2837 9.
3037 2784 3116 2854 7)‘.
3141 2785 3210 2841 Et
3234 2803 3421 2846 rursus
3438 2810 3463 2847 ξ
3497 2793 3563 2849 In
3590 2799 3787 2855 semine

2180 2869 2264 2913 tuo
2292 2862 2643 2923 benedicentur
2668 2888 2839 2927 omnes
2861 2885 3032 2946 gentes
3058 2877 3200 2947 (Gal.
3232 2882 3286 2939 5.
3315 2883 3392 2953 8).
3445 2887 3601 2954 Quod
3627 2891 3776 2946 enim

2178 2967 2284 3010 non
2308 2957 2508 3014 dictum
2536 2962 2606 3016 sit
2634 2963 2702 3019 de
2725 2965 2943 3033 iudx-is,
2968 2986 3056 3026 res
3076 2973 3207 3044 ipsa
3225 2975 3463 3036 indicant
3488 2999 3504 3037 :
3530 2984 3620 3054 qui
3649 2998 3783 3042 sunt

2175 3049 2318 3103 enim
2347 3050 2443 3118 ipsi
2485 3053 2625 3122 pleni
2663 3058 3072 3132 maledictione,
3118 3070 3390 3138 quomodo
3434 3049 3779 3135 fuerint’aliis

2175 3152 2333 3193 causa
2359 3141 2793 3203 benedictionis?
2829 3152 2925 3207 sed
2970 3154 3119 3212 dieit'
3142 3152 3227 3215 de'
3243 3161 3478 3219 Ecclesia
3499 3207 3515 3233 ,
3544 3182 3665 3237 qum
3704 3186 3777 3226 ex

2174 3230 2431 3288 societate
2480 3234 2604 3291 ﬁdei
2648 3240 2764 3307 ejus
2788 3256 2989 3299 semen
3018 3262 3139 3305 esse
3175 3251 3389 3309 dicitur.
3446 3230 3607 3314 Tales
3645 3272 3778 3315 sunt

2174 3333 2321 3391 ergo,
2344 3324 2432 3396 qui
2454 3338 2575 3382 sunt
2601 3329 2794 3387 virtute
2809 3336 3038 3404 przediti,
3058 3348 3113 3395 et
3138 3340 3231 3397 filii
3252 3359 3459 3413 eorum,
3485 3350 3573 3420 qui
3599 3334 3770 3408 Detun

2175 3412 2381 3470 timent.
2418 3414 2601 3472 Potens
2626 3421 2679 3474 in
2704 3430 2839 3478 terra
2862 3427 2957 3481 erit
2984 3445 3153 3486 semen
3168 3434 3313 3503 ejus.

2254 3503 2466 3562 Virtutis
2514 3527 2741 3579 merces;
2790 3518 2984 3573 virtutis
3028 3533 3074 3577 et
3122 3525 3229 3580 vitii
3266 3528 3471 3586 collatio
3512 3550 3603 3605 per
3644 3554 3772 3593 con-

2172 3597 2350 3651 traria.
2374 3627 2447 3638 -—
2464 3600 2639 3684 Quare
2664 3604 2816 3671 dixit,
2841 3606 2909 3663 In
2938 3614 3118 3667 terra?
3149 3615 3213 3672 Ut
3242 3597 3552 3680 ostenderet
3573 3626 3623 3681 id
3646 3644 3772 3684 esse

2170 3688 2331 3743 etiam
2357 3677 2643 3761 antequam
2691 3695 2816 3753 hinc
2861 3704 3151 3772 excedant,
3185 3704 3238 3763 et
3276 3722 3560 3783 antequam
3588 3716 3769 3773 bono-

2169 3793 2287 3833 rum
2312 3794 2434 3851 ‘quze
2461 3783 2567 3838 illic
2596 3797 2717 3842 sunt
2741 3788 2936 3845 faciant
2956 3795 3273 3863 periculum.
3304 3802 3767 3879 Quemadmodum

2168 3872 2309 3925 enim
2335 3871 2445 3927 dixi
2470 3884 2626 3929 antea
2650 3918 2665 3942 ,
2709 3879 2875 3934 virtus
2908 3883 2959 3937 in
2996 3885 3107 3957 ipsa
3135 3895 3446 3960 Operatione
3479 3876 3771 3958 habet—rec

2170 3967 2591 4021 numerationem
2639 3972 2801 4025 etiam
2839 3978 2963 4032 ante
3008 3984 3248 4047 prznmia.
3301 3986 3454 4053 Quod
3499 3992 3643 4045 enim
3665 3994 3769 4064 'qui

2169 4053 2291 4107 talis
2327 4065 2443 4121 est,
2478 4056 2672 4114 habeat
2698 4078 3145 4139 semenpotens,
3191 4084 3245 4128 et
3289 4078 3378 4147 qui
3423 4089 3507 4135 est
3552 4053 3770 4141 virtutis

2168 4146 2417 4215 prmsidio
2444 4154 2702 4219 munitus,
2733 4157 2801 4210 sit
2828 4160 3068 4217 omnium
3099 4146 3523 4239 potentissimus,
3553 4175 3769 4234 docue-

2167 4249 2289 4294 runt
2324 4246 2572 4312 apostoll,
2615 4250 2968 4307 ostenderunt
2994 4259 3289 4327 prephetzc.
3322 4262 3578 4322 Similiter
3599 4272 3768 4327 etiam

2168 4331 2426 4388 Dominus
2457 4335 2525 4390 de
2565 4337 2648 4393 his
2685 4341 3024 4411 signiﬁcans.
3070 4348 3201 4405 dicit
3234 4369 3247 4406 :
3283 4338 3597 4429 Quicumaue
3619 4365 3768 4418 audit

2166 4438 2417 4478 sermones
2445 4443 2599 4491 meos,
2624 4440 2669 4483 et
2696 4433 2819 4499 facit
2849 4453 2950 4503 eos,
2981 4440 3346 4499 assimilabitnr
3369 4450 3475 4503 viro
3500 4453 3765 4521 prudenti,

2164 4514 2247 4581 qui
2278 4515 2545 4583 wdiﬁcavit
2572 4519 2777 4574 domum
2801 4542 2948 4580 suum
2973 4521 3127 4601 super
3142 4600 3146 4602 ἓ
3155 4546 3391 4602 petram;
3429 4551 3475 4595 et
3500 4514 3766 4600 descendit

2166 4606 2356 4673 pluvia,
2392 4622 2630 4675 uenerunt
2657 4614 2823 4682 ﬂuvii,
2855 4619 3105 4686 ﬂeverunt
3141 4600 3275 4678 benti
3292 4644 3312 4693 ;
3353 4640 3403 4682 et
3427 4631 3683 4687 irruerent
3708 4638 3766 4690 iis

2164 4696 2370 4751 domum
2397 4699 2565 4765 illaut,
2594 4714 2641 4755 et
2671 4719 2770 4759 non
2798 4710 2973 4764 cecidit
3006 4730 3020 4765 :
3047 4725 3157 4767 erat
3195 4718 3326 4770 enim
3356 4720 3573 4789 Ῑυηᾶαια
3604 4743 3766 4796 supra

2164 4798 2355 4855 petram
2386 4790 2597 4861 (Matth.
2627 4793 2679 4847 7.
2708 4794 2798 4850 2L
2831 4796 2945 4871 35).
2980 4801 3122 4869 Qum
3151 4808 3464 4875 populorum
3490 4790 3760 4881 incursus,

2164 4890 2292 4947 quot
2323 4883 2414 4935 ine
2445 4892 2813 4955 tyrannorum,
2858 4902 2988 4960 quot
3014 4910 3193 4961 enses,
3222 4909 3352 4967 quot
3376 4901 3598 4970 lancem,
3630 4894 3765 4975 quot

2166 4973 2286 5033 tela,
2320 4985 2447 5043 qttot
2472 4978 2739 5046 fornaces,
2770 4993 2894 5052 quot
2914 4984 3207 5043 belluarum
3230 4991 3439 5060 dentes,
3468 5005 3598 5067 quot
3616 4973 3763 5070 pra:—

2163 5064 2340 5132 eipitia
2362 5108 2377 5131 ,
2433 5077 2563 5135 quot
2601 5073 2802 5138 maria,
2850 5086 2975 5143 quot
3008 5078 3247 5145 insidiae,
3293 5093 3423 5153 quot
3451 5087 3760 5156 calumniae,

2163 5162 2291 5219 quot
2320 5158 2742 5217 machinationes
2772 5161 2985 5220 fuet‘unt
3010 5170 3293 5243 concitata:
3323 5174 3581 5229 adversus
3622 5193 3762 5248 apo-

2163 5244 2373 5299 stolos?
2419 5248 2559 5304 Nihil
2606 5260 2781 5308 tamen
2827 5270 2922 5312 eos
2962 5260 3322 5329 supplantavit
3356 5281 3370 5318 :
3402 5267 3494 5322 sed
3541 5268 3758 5325 fuerunt

2165 5335 2245 5390 his
2272 5340 2522 5394 omnibus
2544 5345 2886 5413 excelsiores,
2915 5353 3353 5418 praetervolantes
3380 5372 3565 5413 eorum
3594 5376 3754 5415 arun.

2134 5426 2345 5492 (dines,
2373 5433 2463 5499 qui
2508 5432 2634 5501 ipsis
2663 5436 3085 5509 insidiabantur,
3130 5452 3186 5499 et
3227 5446 3370 5515 ipsos
3419 5449 3760 5508 insidiatores

2164 5521 2502 5579 traducentes
2543 5527 2594 5579 in
2638 5541 2763 5583 suas
2813 5543 3011 5599 partes.
3070 5534 3213 5590 Nihil
3257 5548 3339 5591 est
3388 5541 3531 5595 enim
3562 5544 3757 5605 virtute

2164 5613 2431 5679 potentius
2461 5632 2472 5668 :
2501 5632 2560 5669 ea
2589 5626 2642 5671 et
2669 5628 2818 5687 petra
2850 5632 2932 5677 est
2955 5623 3209 5687 solidior,
3244 5638 3297 5681 et
3326 5628 3610 5687 adamante
3642 5634 3753 5689 for-

2165 5708 2267 5761 tior
2299 5727 2310 5759 :
2352 5711 2800 5778 quemadmodum
2828 5731 3014 5771 rursus
3043 5722 3276 5790 nequitia
3320 5724 3453 5778 nihil
3476 5736 3562 5783 est
3580 5728 3752 5784 vilius.

2173 5802 2299 5854 nihil
2335 5801 2646 5860 imbecillius
2669 5847 2683 5871 ,
2714 5806 2920 5864 etiamsi
2953 5814 3070 5880 quis
3096 5813 3164 5868 sit
3207 5817 3443 5872 Illllﬂilus
3474 5817 3675 5877 infinita
3710 5828 3755 5876 ri
