4058 6446
200 448 317 516 sua

203 569 464 643 pccunhr,
494 577 549 624 et
574 566 912 623 extrinsecus
943 560 1232 618 maximam
1263 558 1459 614 habent
1487 557 1807 629 potentiam.

200 661 355 731 Quod
400 662 447 717 si
495 670 657 714 tanta:
704 664 831 712 sunt
862 670 1051 710 eorum
1101 650 1245 709 vires
1297 652 1350 706 in
1405 662 1587 716 terra,
1639 651 1814 720 cogita

202 764 399 826 quanta
437 754 508 807 sit
547 751 718 805 futura
746 763 936 803 eorum
979 747 1031 803 in
1062 745 1210 802 caelis
1235 742 1497 816 potentia.
1543 742 1814 798 Generatio

202 860 457 901 rectorum
481 842 824 897 benedicatur.
872 838 1060 893 Vidisti
1081 850 1203 891 eam
1230 833 1579 905 resplendere
1599 876 1615 899 ,
1646 842 1702 889 et
1728 833 1781 887 in
1798 860 1813 872 -

203 936 571 1002 numerabiles
596 934 800 989 habere
829 932 1231 1004 purdicatorcs,
1264 927 1596 994 laudatores,
1628 936 1683 983 et
1711 926 1813 980 ad-

198 1028 527 1084 miratores?
572 1028 652 1082 Ac
684 1041 794 1081 non
828 1034 1033 1080 temere
1058 1021 1328 1093 quoslibet
1351 1063 1367 1088 ,
1398 1020 1493 1076 sed
1519 1020 1809 1089 sapientes.

198 1096 385 1191 Neqtte
435 1122 579 1175 enim
626 1119 912 1189 quisquam
941 1131 1006 1172 ex
1056 1113 1362 1170 hominibus
1389 1114 1480 1185 qui
1526 1122 1651 1169 sunt
1682 1113 1815 1169 viles

195 1223 250 1268 et
270 1212 491 1281 objecti,
534 1204 780 1273 et'bumi
810 1214 1072 1276 serpunt,
1106 1206 1301 1276 poterit
1339 1219 1458 1260 eam
1488 1204 1811 1276 intelligere,

195 1303 289 1357 sed
322 1302 357 1357 ii
389 1301 621 1358 maxime
647 1315 769 1354 eam
793 1297 1109 1360 laudabunt,
1140 1297 1173 1350 ii
1202 1298 1438 1352 maxime
1462 1296 1815 1352 admirabun-

196 1404 282 1449 tur
307 1403 363 1448 et
402 1391 801 1464 pra-dimtbunt,
829 1390 919 1460 qui
946 1404 1058 1444 non
1099 1388 1296 1445 habent
1323 1398 1557 1444 mentem
1589 1403 1809 1458 perver-

192 1499 333 1539 sam.
386 1484 684 1540 Considera
732 1497 861 1552 ergo
902 1488 1101 1551 quanta
1143 1480 1214 1533 sit
1260 1480 1558 1550 possessio,
1606 1488 1664 1535 ut
1692 1495 1815 1549 qua:

194 1592 297 1632 nec
335 1578 542 1646 angelis
572 1591 672 1630 nec
701 1574 965 1646 apostolis
1008 1588 1108 1629 nec
1151 1574 1362 1645 magnis
1400 1582 1456 1629 et
1482 1573 1815 1629 admirantis

192 1668 326 1721 viris
356 1667 697 1738 prmconibus
722 1674 911 1722 careat
939 1683 953 1719 :
984 1665 1029 1721 si
1072 1665 1217 1720 enim
1262 1665 1399 1721 tales
1434 1680 1555 1721 esse
1598 1678 1815 1738 oportet

190 1776 309 1826 eos,
339 1762 429 1830 qui
461 1762 629 1831 ipsam
663 1760 905 1825 laudant,
938 1758 1113 1830 cogita
1140 1768 1195 1814 et
1226 1767 1412 1828 reputa
1442 1759 1657 1831 qualem
1689 1777 1811 1817 eam

186 1868 311 1908 esse
339 1868 685 1922 consequens
710 1861 813 1908 est.
847 1853 901 1910 5.
930 1849 1110 1908 Gloria
1134 1863 1181 1906 et
1210 1852 1401 1907 divitia:
1420 1854 1472 1907 iu
1498 1854 1652 1909 domo
1674 1857 1809 1928 ejus.

186 1944 401 2000 Rursus
422 1960 451 1997 a
473 1944 817 1999 sensibilibus
850 1944 1041 1999 transit
1062 1943 1129 1999 ad
1152 1944 1473 2013 Spiritttalia.
1493 1944 1645 2003 Solet
1661 1950 1808 2003 enim

182 2036 465 2107 Scriptura
506 2053 601 2093 eas
637 2037 915 2108 appellare
956 2037 1204 2103 divitias,
1252 2055 1373 2110 qua:
1406 2050 1531 2095 sunt
1568 2042 1620 2096 in
1653 2041 1811 2099 bonis

181 2130 474 2200 operibus;
494 2138 553 2185 ut
577 2132 793 2202 quando
810 2129 943 2187 dicit
964 2126 1143 2185 :Boua
1173 2132 1401 2200 aperari,
1423 2132 1600 2190 divites
1623 2151 1731 2190 esse
1756 2137 1809 2190 in

182 2222 333 2277 bonis
347 2223 643 2293 operibus(l
659 2264 673 2277 .
697 2221 834 2279 Tim.
852 2222 906 2279 li.
926 2225 1037 2293 l8).
1057 2223 1152 2279 lla:
1177 2226 1320 2281 enim
1349 2236 1476 2282 sunt
1503 2243 1646 2287 verte
1666 2230 1807 2287 divi-

184 2314 276 2369 tite
296 2355 314 2381 ,
348 2315 472 2370 alia:
492 2324 620 2369 sunt
647 2316 865 2371 nomine
887 2325 1093 2370 tantum
1112 2358 1128 2380 ,
1166 2332 1226 2372 re
1246 2328 1426 2373 autem
1450 2320 1563 2390 ipsa
1593 2332 1801 2378 carent.

251 2408 618 2478 Apostolorum
644 2408 853 2463 divitias.
884 2440 954 2449 —
980 2410 1133 2477 Quod
1164 2411 1209 2467 si
1241 2410 1340 2466 has
1366 2427 1580 2483 quoque
1607 2412 1804 2497 dixerit

173 2501 448 2570 quispiam
490 2500 711 2557 divitias
734 2541 750 2567 ,
794 2518 861 2559 ne
906 2504 993 2559 sic
1025 2503 1240 2573 quidem
1286 2506 1604 2561 recedemus
1640 2508 1709 2566 ab
1738 2525 1804 2565 eo

172 2592 321 2668 quod
348 2592 575 2648 dicitur.
605 2592 746 2661 Quid
771 2594 916 2649 enim
942 2605 1056 2650 erat
1084 2595 1344 2665 apostolis
1367 2598 1450 2653 vel
1480 2598 1531 2652 in
1561 2603 1802 2668 pecuniis

172 2662 343 2740 ditius
364 2727 379 2751 ,
412 2684 479 2739 ad
510 2701 646 2755 quos
672 2688 853 2740 omnia
886 2662 1156 2756 tamquam
1184 2703 1252 2744 ex
1292 2687 1526 2746 fontibus
1562 2662 1801 2761 proﬂue-

169 2775 348 2829 battt?
393 2769 717 2846 Quiethnque
756 2776 893 2830 enim
939 2786 1083 2830 erant
1124 2794 1363 2849 agrorum
1404 2781 1482 2835 vel
1530 2781 1801 2839 domorum

162 2883 490 2936 possessores
515 2908 531 2933 ,
573 2867 841 2922 uendentes
879 2865 1157 2934 offerebant
1199 2878 1245 2923 et
1290 2872 1541 2941 ponebant
1581 2876 1801 2943 pretium

168 2968 294 3011 ante
325 2956 478 3025 pedes
507 2957 859 3026 apostolorum
889 2957 1034 3031 (Act.
1060 2959 1113 3013 4.
1143 2959 1270 3030 54).
1298 2959 1460 3017 Vides
1490 2978 1652 3034 opum
1678 2981 1798 3020 ma-

166 3048 583 3118 gniﬁcentiam?
622 3047 875 3104 Omnium
917 3044 1055 3105 bona
1096 3052 1478 3121 possidebant,
1507 3055 1577 3109 ab
1605 3071 1794 3113 eorum

167 3158 297 3197 cura
333 3143 526 3208 liberi,
557 3152 611 3199 et
640 3153 698 3198 ιιι
722 3144 815 3214 qui
845 3154 1029 3201 essent
1057 3160 1248 3201 eorum
1289 3147 1465 3217 potius
1490 3151 1789 3218 teconomi,

165 3250 331 3305 quam
355 3234 581 3290 domini.
605 3235 704 3308 Qui
732 3236 877 3291 enim
905 3234 1196 3302 habebant,
1220 3236 1423 3295 habere
1445 3240 1790 3308 desistentes,

164 3342 229 3381 ea
253 3326 573 3382 adferebant
593 3327 660 3382 ad
682 3328 955 3398 apostolos
978 3345 993 3389 :
1018 3328 1117 3398 ipsi
1141 3330 1357 3399 quidem
1380 3333 1786 3402 venumdantes,

164 3426 223 3471 et
265 3418 551 3487 pecuniam
596 3425 974 3488 comparantes
998 3460 1012 3482 .
1047 3421 1420 3489 permittentes
1458 3435 1636 3479 autem
1675 3426 1792 3495 ejus

162 3510 605 3564 distributionem
654 3526 775 3565 esse
825 3511 879 3566 in
930 3512 1140 3567 illorum
1191 3523 1477 3584 potestate.
1524 3516 1788 3586 Quocirca

164 3600 365 3655 Paulus
394 3616 611 3671 quoque
647 3600 861 3657 dicebat
895 3620 909 3655 :
939 3601 1227 3674 Tamquam
1268 3607 1398 3661 nihil
1435 3608 1673 3665 [tabentes
1693 3654 1707 3677 ,
1741 3622 1787 3665 et

162 3692 340 3745 omnia
370 3693 690 3761 possidentes
717 3692 810 3763 (2.
840 3692 961 3750 Cor.
1000 3694 1055 3751 6.
1097 3695 1222 3769 10).
1256 3698 1351 3753 Est
1379 3701 1523 3755 enim
1556 3692 1658 3757 hoc
1686 3704 1784 3758 ad-

161 3783 413 3836 mirabile.
437 3826 453 3849 ,
486 3783 629 3854 quod
674 3785 763 3855 qtti
808 3786 971 3841 tantis
1009 3787 1283 3858 pollebant
1319 3791 1520 3847 divitiis
1543 3835 1558 3859 ,
1600 3806 1787 3852 essent

160 3876 509 3931 iaculantibus
537 3877 641 3933 illis
667 3880 978 3949 superiores
1007 3898 1020 3936 :
1054 3897 1150 3938 eos
1178 3884 1322 3939 enim
1351 3901 1457 3941 non
1490 3890 1657 3945 tenuit
1688 3890 1786 3945 ob-

160 3971 356 4024 noxios
395 3970 638 4040 pecunia:
668 3973 843 4043 copia.
874 3973 967 4028 Ila:
995 3984 1120 4030 sunt
1148 3978 1232 4032 vel
1269 3979 1515 4034 maximat
1541 3980 1741 4037 divitire
1762 4026 1778 4050 ,

157 4077 269 4115 non
300 4078 463 4133 cgere
494 4063 713 4117 divitiis.
746 4063 927 4119 Gloria
963 4075 1010 4121 et
1045 4067 1234 4123 divitia:
1260 4070 1311 4123 in
1341 4070 1493 4125 doma
1523 4073 1652 4142 ejus.
1685 4075 1783 4131 llic

154 4152 302 4220 quod
335 4162 585 4222 Superest
610 4196 623 4217 ,
657 4170 761 4211 non
800 4164 923 4227 eget
963 4157 1424 4228 interpretatione.
1467 4162 1782 4222 Habuerunt

154 4245 301 4299 enim
333 4245 563 4316 gloriam
593 4263 713 4315 quae
738 4263 765 4301 a
797 4248 907 4303 Deo
938 4250 1310 4319 proﬁciscitur.
1345 4254 1459 4323 Ipsa
1486 4264 1667 4311 autem
1692 4272 1779 4313 se-

153 4337 443 4405 quebatur,
477 4346 534 4390 ιιι
561 4337 691 4393 dicit
724 4338 903 4395 divina
949 4341 1225 4412 Scriptura
1257 4358 1273 4397 ε
1306 4344 1530 4411 chrite
1568 4365 1778 4419 regnum

155 4427 287 4492 Dei,
324 4440 373 4483 et
419 4430 528 4483 Ita-0
565 4431 738 4484 omnia
779 4433 1088 4504 adﬁcientur
1125 4435 1261 4489 vobis
1290 4434 1515 4505 (Matth.
1549 4438 1601 4493 6.
1643 4440 1713 4496 53

153 4521 293 4589 Quid
339 4522 485 4577 enim
535 4523 641 4577 illis
690 4522 1098 4584 honorabilius?
1136 4528 1262 4597 quid
1305 4529 1777 4599 magnificentius?

154 4614 455 4686 'l'amquam
497 4616 719 4686 angelos
754 4617 847 4673 Dei
876 4620 1282 4690 suscipiebant‘
1315 4640 1329 4677 :
1361 4626 1613 4694 pecunias
1639 4628 1775 4684 affe-

155 4704 341 4760 rentes
362 4750 377 4769 ,
404 4706 473 4760 ad
503 4722 691 4761 eorum
732 4708 896 4777 pedes
941 4711 1246 4779 ponebant;
1290 4712 1353 4768 iis
1384 4714 1616 4787 denique
1636 4759 1651 4782 ,
1684 4720 1773 4789 qni

152 4796 329 4863 capite
349 4795 597 4851 diadema
619 4798 916 4866 gestabant,
942 4811 1096 4855 erant
1118 4802 1453 4859 illustriores.
1476 4804 1608 4873 Quis
1629 4809 1772 4864 enim

156 4901 248 4940 rex
284 4902 537 4956 umquam
582 4888 855 4959 ingressus
889 4902 971 4946 est
1008 4908 1129 4947 eum
1164 4903 1309 4951 tanta
1343 4898 1614 4965 claritate,
1649 4917 1773 4958 cum

152 4986 353 5042 quanta
400 4978 595 5047 ubique
635 4980 936 5037 habebatur
976 4980 1170 5040 Paulus
1213 4987 1262 5040 in
1302 4988 1657 5046 admiratione
1689 4993 1770 5047 lo-

152 5081 351 5134 qnens,
385 5083 413 5120 a
444 5080 618 5124 morte
646 5070 900 5140 libemus,
927 5075 1146 5131 morbos
1174 5080 1469 5148 expellens,
1498 5080 1773 5139 daunonvs

154 5159 367 5231 fugatis,
400 5169 453 5215 et
493 5160 611 5238 haec
639 5172 801 5234 atque
826 5167 1090 5234 ejusmodi
1122 5170 1203 5224 vel
1233 5171 1362 5225 solis
1392 5174 1630 5229 vestibus
1657 5176 1774 5231 eili-

153 5252 342 5305 ciens?
373 5251 472 5307 llic
501 5260 701 5309 terram
727 5256 919 5312 caelum
948 5258 1191 5327 faciebat,
1217 5270 1273 5317 et
1295 5277 1486 5320 omnes
1510 5265 1575 5319 ad
1609 5266 1773 5320 virtu—

157 5350 261 5393 tctn
290 5342 544 5402 ducebat.

225 5434 279 5488 5.
307 5431 518 5491 Diuitia:
540 5446 753 5495 terrenae
765 5440 991 5499 incertis.
1013 5441 1365 5518 Eleemosyme
1385 5449 1706 5519 vis.-—Quod
1726 5453 1769 5507 si

217 5652 233 5683 ί
270 5651 538 5728 ln_Gra:_co,
563 5668 612 5728 ἧς
633 5668 805 5719 ειπιλσος
827 5676 893 5712 τοι
916 5672 1213 5728 Mundi-nvo.
1236 5669 1504 5720 Sestianus
1527 5678 1771 5725 Hervetus

509 5731 523 5764 :
574 5716 836 5792 umqum
874 5724 1037 5798 (ηιρρᾶ
1065 5716 1154 5776 Hei
1174 5716 1563 5799 suscipiebantur
1573 5716 1619 5782 *ξ’
1638 5716 1768 5799 'iih'ié

158 5778 502 5858 interpretatio
523 5792 623 5828 non
649 5778 809 5853 minus
825 5778 975 5858 seriei
992 5799 1139 5850 quam
1154 5778 1766 5858 minute-simili}:

158 5791 502 5887 interpretauo
523 5792 623 5828 non
649 5791 809 5832 minus
825 5791 974 5835 seriei
992 5799 1139 5850 quam
1154 5794 1484 5853 grammaticae
1504 5791 1766 5858 P8|:u.{llﬂi.

158 5836 278 5920 Leu
299 5842 752 5920 rn‘gqu‘iﬂpecunias
882 5848 1042 5920 pedes
1074 5852 1405 5920 atpstolorum
1443 5856 1766 5917 deferebant.

157 5901 275 5961 ipsa
302 5901 554 5968 tauutuam
582 5905 789 5966 angelos
812 5901 894 5957 Dei
918 5901 1704 5976 suscipiebant.ttieﬂestvseusiis.

1328 439 1694 502 EXI‘OSI'I'IO
1722 438 1787 495 ιη
1829 437 2157 499 ινδιιιιιιω
2197 438 2339 497 CXI.

3441 445 3547 503 2*δῦ

1922 552 2038 609 Ιιειιο
2056 554 2269 612 interra
2289 555 2551 623 fecerunt,
2571 557 2744 631 cogita
2765 570 2961 631 quanta
2974 562 3076 619 erit
3093 562 3261 634 gloria
3284 580 3473 625 eorum
3492 566 3546 623 in

1921 648 2090 704 ca-lis.
2105 649 2242 716 Quid
2259 659 2341 706 est
2362 661 2564 717 autem,
2579 651 2647 708 In
2671 653 2826 709 domo
2848 656 2964 727 ejus
2982 656 3009 711 3’
3028 657 3160 713 Cum
3184 658 3324 731 ipso,
3349 660 3542 733 inquit.

1923 740 2177 797 Externa:
2192 752 2371 798 autem
2389 743 2589 801 divitia:
2608 761 2716 802 non
2736 756 3001 804 suntcum
3019 763 3086 806 eo
3106 750 3194 819 qui
3220 750 3379 808 habet
3402 751 3542 816 illas.

1920 832 2355 904 quandoquidem
2388 851 2456 890 ne
2487 836 2539 892 in
2572 845 2688 893 tuto
2713 837 2934 908 quidem
2963 848 3090 896 sunt
3116 840 3417 907 collocatur,
3444 844 3542 901 sed

1921 932 2047 980 sunt
2077 923 2129 977 in
2160 925 2406 981 manibus
2435 926 2911 997 calumniatorutn,
2946 929 2998 984 in
3029 931 3277 988 manibus
3302 933 3549 1005 adulato-

1922 1033 2065 1085 rum,
2091 1019 2143 1073 in
2172 1021 2419 1077 manibus
2448 1023 2750 1093 principum
2774 1064 2789 1087 ,
2819 1024 2872 1079 iu
2904 1025 3156 1083 manibus
3179 1025 3502 1084 famulorum
3527 1047 3543 1085 :

1921 1120 1975 1164 et
1998 1110 2120 1165 ideo
2149 1126 2243 1170 eas
2273 1112 2470 1183 ubique
2499 1116 2707 1185 spargit
2727 1154 2743 1180 ,
2779 1132 2884 1171 non
2906 1116 3115 1173 audens
3146 1120 3432 1177 universas
3451 1137 3547 1177 eas

1922 1200 2068 1257 domi
2093 1210 2275 1258 tenere
2297 1219 2312 1257 :
2337 1213 2391 1259 et
2417 1204 2538 1261 ideo
2568 1207 2895 1263 adhibentur
2916 1210 3177 1266 custodia:
3197 1222 3252 1267 et
3270 1212 3541 1294 excubias,

1921 1294 2023 1347 etsi
2056 1293 2158 1348 hoc
2187 1294 2316 1349 nihil
2344 1296 2530 1366 jnvet,
2560 1312 2682 1352 cum
2714 1314 2794 1354 ea:
2825 1302 3034 1370 possint
3070 1304 3250 1360 omnia
3281 1305 3542 1377 ell‘ugcre.

1925 1383 1990 1438 Et
2012 1386 2222 1455 justitia
2263 1388 2375 1459 ejus
2411 1400 2582 1444 manet
2607 1391 2660 1445 in
2694 1394 2939 1447 sa’rulum
2965 1396 3163 1455 saxuli.
3198 1398 3353 1455 Alius
3376 1400 3507 1456 dicit
3527 1441 3543 1466 ,

1922 1476 1990 1533 Et
2013 1479 2366 1534 misericordia
2404 1484 2515 1554 ejus
2544 1495 2713 1540 manet
2742 1485 2795 1540 in
2824 1488 3069 1544 stt-culum
3096 1493 3292 1548 swculi.
3325 1492 3424 1549 Vel
3459 1493 3546 1548 hic

1921 1566 2067 1623 dicir
2080 1570 2331 1630 virtutem
2360 1573 2412 1631 in
2439 1590 2669 1643 genere,
2704 1578 2785 1633 vel
2816 1594 2935 1633 eam
2962 1594 3083 1651 qure
3114 1595 3376 1655 repugnat
3402 1586 3545 1652 inju-

1919 1661 2082 1720 stitite
2104 1704 2120 1728 ,
2153 1664 2236 1718 vel
2268 1666 2726 1735 quemadmodum
2757 1670 2888 1725 dicit
2916 1672 3056 1728 alius
3095 1675 3399 1746 interpres,
3430 1678 3544 1733 clo-

1918 1754 2175 1809 mentiatn
2205 1766 2360 1812 vocat
2386 1759 2832 1815 miscricordiam.
2855 1762 3001 1818 Talis
3021 1774 3105 1821 est
3124 1767 3269 1823 cuitu
3298 1769 3378 1824 vis
3400 1769 3545 1825 cleo.

1914 1861 1970 1902 ω
1993 1861 2183 1916 isynar.
2213 1862 2301 1903 res
2321 1857 2403 1903 est
2429 1849 2770 1915 immortalis,
2794 1853 2970 1909 aliena
2993 1854 3063 1910 ab
3083 1856 3325 1926 interitu,
3349 1870 3403 1916 et
3422 1877 3545 1931 quze

1912 1935 2139 1992 minime
2167 1947 2346 2009 potest
2379 1941 2670 2012 exsdngui.
2702 1944 2879 2015 Atque
2914 1947 3149 2005 humana
3176 1951 3394 2022 quidem
3425 1968 3546 2007 om.

1916 2027 2004 2081 nia
2019 2029 2418 2096 convehuntur,
2437 2031 2460 2086 l'
2459 2042 2642 2089 ructus
2657 2044 2838 2092 autem
2861 2036 3227 2114 eleemosyna:
3247 2059 3541 2115 numquam

1896 2128 2094 2188 potest
2114 2137 2473 2194 marcescere,
2496 2142 2595 2183 nec
2618 2129 2725 2182 ulla
2752 2129 3065 2187 difﬁcultate
3088 2142 3391 2205 temportnn
3417 2152 3543 2208 pro.

1914 2207 2105 2280 ﬂigari.
2135 2212 2248 2271 Etsi
2279 2216 2422 2273 enim
2451 2232 2649 2288 corpus
2677 2218 2840 2276 fuerit
2866 2223 3209 2291 dissolutum,
3238 2227 3326 2284 illa
3359 2207 3539 2289 tamen

1914 2315 2021 2355 non
2056 2318 2159 2358 una
2187 2320 2308 2359 cum
2339 2307 2445 2361 vita
2473 2308 2810 2376 dissolvitur,
2838 2313 2931 2369 sed
2961 2326 3089 2371 ante
3120 2318 3268 2375 illum
3300 2321 3537 2391 excedit,

1911 2391 1960 2447 ei
1988 2387 2296 2451 mansiones
2325 2407 2656 2468 praeparans,
2685 2401 2754 2458 de
2781 2404 2977 2475 quibus
3002 2406 3133 2462 dicit
3151 2409 3397 2470 Christus
3427 2429 3441 2466 :
3472 2387 3539 2472 Ι

1910 2486 2063 2540 domo
2100 2485 2280 2545 Patris
2319 2492 2418 2545 mei
2444 2494 2733 2550 mansiones
2764 2498 2943 2555 multa:
2969 2511 3091 2555 sunt
3118 2500 3297 2572 (Iona.
3335 2505 3422 2562 14.
3453 2505 3534 2577 2).

1911 2575 1967 2631 In
1997 2577 2101 2633 hoc
2128 2580 2307 2651 itaque
2334 2597 2425 2638 res
2449 2584 2711 2641 humanas
2740 2602 2982 2659 superat,
3007 2592 3149 2661 quod
3177 2594 3247 2650 sit
3274 2575 3534 2667 perpetua

1907 2678 1963 2724 et
2001 2672 2211 2728 stabilis
2232 2715 2248 2739 ,
2277 2674 2421 2744 quod
2462 2677 2677 2747 quidem
2712 2681 2852 2735 nulla
2886 2698 2973 2738 res
3005 2684 3166 2740 habet
3194 2701 3378 2742 carum
3410 2705 3533 2761 qua:

1906 2763 1973 2817 ad
2006 2764 2143 2819 hanc
2168 2768 2330 2821 vitam
2368 2770 2659 2837 pertinent.
2691 2771 2824 2828 Nam
2855 2775 2900 2830 si
2930 2775 3132 2832 dixeris
3171 2779 3531 2849 pulchritudi-

1908 2872 2064 2921 nem,
2098 2874 2163 2914 ea
2200 2861 2389 2916 morbo
2433 2862 2737 2929 ﬂaccescit.
2778 2877 2834 2923 et
2876 2870 3031 2924 senio
3070 2875 3407 2931 consumitur
3439 2893 3451 2929 :
3483 2877 3528 2932 si

1906 2951 2199 3016 potentiam
2224 2992 2240 3016 ,
2273 2967 2336 3007 ea
2376 2968 2521 3025 att-pe
2566 2968 2807 3014 mutatur
2838 2977 2851 3015 :
2884 2963 2928 3015 si
2957 2962 3206 3031 divitias,
3239 2966 3284 3022 si
3324 2967 3525 3039 aliquid

1906 3035 2055 3090 aliud
2076 3056 2264 3098 eorum
2288 3086 2302 3108 ,
2334 3061 2454 3115 quae
2485 3048 2536 3102 itt
2568 3050 2673 3104 vita
2706 3054 2958 3120 pneseuti
2996 3053 3265 3113 habentur
3294 3058 3440 3115 t-lara
3470 3070 3524 3116 et

1902 3132 2148 3202 illustria,
2172 3151 2234 3192 ea
2262 3138 2344 3193 vel
2376 3140 2527 3196 vivos
2556 3142 2887 3215 relinquunt,
2915 3148 2999 3203 vel
3030 3158 3275 3207 mortuos
3301 3158 3527 3209 omnino

1900 3222 2074 3279 nudos
2097 3234 2154 3281 et
2182 3226 2473 3286 destitutos
2501 3233 2705 3289 sinunt.
2735 3234 2839 3292 Sed
2864 3238 3088 3308 justitizc
3117 3258 3224 3297 non
3258 3254 3345 3301 est
3371 3247 3523 3316 ejus.

1898 3317 2045 3373 modi
2077 3317 2282 3377 fruetus
2314 3340 2328 3377 :
2361 3340 2466 3379 non
2511 3335 2753 3400 tempore
2781 3334 3150 3402 consumitur,
3191 3354 3299 3394 non
3345 3352 3523 3401 morte

1896 3420 2225 3482 amputatur,
2258 3416 2352 3470 sed
2384 3428 2509 3473 tunc
2553 3423 2717 3477 tutior
2754 3424 3017 3495 redditur,
3049 3431 3266 3500 quando
3290 3434 3357 3489 ad
3389 3450 3519 3506 porv

1898 3510 2009 3557 tum
2038 3502 2054 3558 i
2078 3503 2209 3566 ltttn.
2234 3509 2322 3576 qui
2353 3511 2513 3565 nullis
2538 3514 2771 3584 agitatur
2797 3517 3070 3589 ﬂuctibus,
3093 3502 3514 3597 aduavigmerit.

1895 3593 1949 3647 4.
1997 3593 2245 3651 Exortum
2284 3611 2358 3653 est
2400 3602 2452 3657 in
2501 3607 2717 3661 tenebris
2760 3610 2932 3665 lumen
2978 3615 3143 3670 rectis.
3197 3593 3517 3677 [tesi-rthetts

1894 3686 2279 3745 beatitudinem
2311 3693 2428 3762 ejus
2458 3697 2546 3765 qui
2581 3698 2731 3755 timet
2764 3701 2975 3773 Deum,
3004 3706 3136 3762 dicit
3174 3726 3261 3766 res
3302 3731 3421 3782 qua:
3463 3717 3516 3773 in

1894 3783 2146 3850 prmsenti
2172 3787 2447 3855 eveniunt,
2477 3799 2531 3844 ut
2562 3793 2704 3861 quod
2740 3795 2848 3851 sint
2879 3798 3211 3858 immortales
3240 3805 3357 3876 ejus
3386 3823 3513 3879 pis-

1892 3875 2163 3931 sessiones
2182 3917 2198 3943 ,
2227 3879 2368 3949 quod
2401 3881 2568 3951 gloria
2598 3885 2857 3943 fruiturus
2887 3891 2951 3945 sit
2976 3932 2990 3955 ,
3020 3895 3163 3965 quod
3196 3875 3280 3951 sit,
3304 3875 3515 3956 futurus

1892 3966 2142 4021 omnibus
2166 3971 2434 4039 superior,
2458 3976 2601 4045 quod
2622 3992 2717 4033 eos
2740 3981 2831 4050 qui
2859 3980 3055 4039 fuerint
3076 3988 3123 4041 ei
3149 3991 3345 4047 vit-tute
3371 3993 3514 4047 sitni-

1893 4055 1972 4111 les
1992 4098 2007 4123 ,
2034 4068 2091 4114 et
2115 4062 2234 4130 ejus
2265 4062 2357 4118 filii
2388 4069 2658 4126 evaserint
2682 4111 2697 4136 ,
2726 4074 2941 4131 visurus
2974 4077 3044 4132 sit
3081 4086 3470 4151 expugnabiles
3495 4131 3511 4148 .

1892 4147 1945 4202 in
1975 4152 2205 4210 maxima
2235 4170 2415 4212 rerum
2446 4158 2762 4218 difﬁcultate
2791 4168 3171 4227 securissimus
3222 4175 3335 4232 lloe
3366 4179 3510 4237 enim

1889 4242 1989 4297 sibi
2021 4246 2134 4300 vult
2161 4247 2308 4314 illttd,
2341 4250 2594 4309 Exortum
2612 4252 2695 4311 est
2724 4259 2777 4311 iu
2804 4260 3017 4317 tenebris
3041 4264 3212 4321 lumen
3241 4273 3410 4326 rectis.
3443 4275 3512 4330 lis

1886 4336 2031 4389 enim
2068 4339 2156 4407 qui
2197 4340 2276 4396 sic
2314 4353 2443 4399 sunt
2482 4346 2692 4412 allecti,
2738 4351 2805 4407 iis
2836 4354 2926 4425 qui
2971 4367 3118 4415 recte
3154 4364 3509 4431 gradiuntur.

1886 4428 2084 4486 efficiet
2113 4442 2171 4488 ιιι
2197 4434 2247 4489 in
2276 4438 2466 4494 mediis
2497 4442 2734 4499 tenebris
2764 4446 2852 4501 lux
2884 4450 3109 4507 oriatur.
3136 4428 3272 4522 Quid
3301 4468 3408 4527 cst,
3446 4460 3512 4515 In

1886 4524 2146 4579 tcnebris?
2175 4527 2286 4582 Etsi
2327 4531 2434 4585 sint
2471 4534 2522 4588 in
2560 4535 2854 4595 al'ﬂicti0ue
2873 4582 2893 4610 ,
2924 4543 2975 4597 in
3007 4549 3267 4618 augtts'iis
3287 4593 3301 4615 ,
3329 4524 3476 4607 tenta
3495 4585 3510 4594 ο

1887 4615 2032 4670 tione
2060 4628 2114 4671 et
2140 4619 2394 4689 periculis
2421 4623 2505 4693 (ea
2538 4628 2680 4682 enim
2713 4646 2869 4688 vocat
2897 4615 3192 4711 tenebras),
3224 4642 3422 4702 omrtet
3454 4659 3508 4701 ut

1884 4708 2179 4779 plurimum
2204 4714 2286 4768 eis
2317 4716 2455 4770 adsit
2484 4719 2793 4790 Voluptatis.
2825 4727 2978 4795 Quod
3014 4708 3177 4786 etiam
3210 4735 3403 4791 Paulus
3434 4741 3507 4794 si-

1883 4800 2143 4867 gnilieans
2162 4801 2398 4869 dicebat,
2430 4805 2483 4860 Ν
2487 4807 2571 4863 olo
2597 4822 2765 4867 autem
2788 4831 2873 4871 vos
2898 4819 3032 4887 igua:
3047 4838 3137 4878 are
3155 4826 3220 4878 de
3237 4829 3507 4899 afﬂictione

1882 4909 1996 4962 qme
2021 4897 2119 4965 fuit
2145 4896 2289 4953 nobis
2329 4901 2383 4955 iu
2423 4902 2572 4972 Asia,
2600 4908 2737 4969 quod
2765 4926 2922 4980 supra
2951 4917 3160 4972 modum
3188 4896 3387 4990 grabati
3410 4942 3506 4979 su-

1884 5004 2024 5052 mus,
2055 5002 2108 5045 ut
2147 4992 2298 5046 etiam
2328 4992 2392 5049 de
2426 4997 2527 5050 vita
2562 4999 2907 5060 dubitaremus
2934 5008 3023 5078 (2.
3054 5009 3173 5066 Cor.
3208 5015 3503 5090 £8.40).

1886 5078 2085 5138 Vidisti
2116 5085 2407 5141 tenebras?
2448 5089 2555 5144 Sed
2589 5092 2689 5161 ipsi
2733 5096 2784 5150 in
2824 5100 2967 5154 nobis
2998 5119 3299 5173 responsum
3328 5078 3506 5164 mortis

1883 5172 2172 5241 habuimus,
2199 5194 2263 5233 ne
2281 5181 2653 5251 conﬁderemus
2681 5188 2732 5242 in
2761 5192 2904 5247 nobis
2933 5172 3192 5265 ipsis,iscd
3210 5200 3263 5255 in
3285 5201 3397 5260 Deo
3417 5205 3505 5274 qui

1880 5267 2090 5328 suscitat
2128 5282 2384 5340 mortuos,
2414 5278 2503 5346 qui
2541 5294 2604 5332 ea:
2648 5284 2801 5338 tantis
2844 5288 3091 5345 mortibus
3120 5292 3351 5351 liberavit
3389 5267 3504 5359 nos.

1882 5355 2075 5414 Vidisti
2103 5365 2375 5432 quomodo
2400 5368 2470 5422 sit
2497 5383 2683 5427 exorta
2708 5375 2795 5431 lux
2818 5377 2843 5433 ι
2867 5380 3161 5439 Considera
3192 5386 3294 5444 hoc
3327 5355 3504 5459 ipsum

1878 5452 2041 5509 etiam
2070 5455 2121 5509 in
2153 5456 2321 5514 tribus
2352 5464 2530 5530 pueris
2558 5465 2721 5537 (Dan.
2755 5470 2806 5524 5.
2829 5471 2945 5543 2i).
2973 5474 3105 5531 Cum
3135 5479 3278 5534 enim
3309 5452 3505 5553 esspev

1878 5557 2092 5603 ctarent
2120 5548 2235 5605 fore
2263 5562 2321 5605 ut
2344 5569 2724 5628 exurerentur,
2759 5565 3104 5631 purissimum
3138 5586 3317 5627 rorem
3348 5589 3503 5630 asse,

1879 5640 2030 5707 qunti
2075 5651 2219 5696 sunt.
2265 5643 2499 5714 ldipsum
2544 5653 2702 5706 etiam
2746 5657 2928 5710 evenit
2962 5658 3012 5712 in
3058 5660 3275 5718 Daniele
3307 5667 3327 5736 (
3360 5664 3500 5724 Dan.

1880 5730 1932 5784 6.
1962 5731 2053 5799 22)
2074 5741 2126 5787 ct
2153 5734 2272 5790 aliis
2292 5738 2588 5808 prophetis.
2617 5744 2769 5810 Quod
2796 5748 2836 5798 si
2856 5747 2971 5803 lnec
3003 5751 3133 5805 velis
3164 5754 3231 5807 ita
3261 5770 3501 5831 sumere,

1882 5833 1937 5877 ιιι
1962 5824 2027 5878 ad
2056 5826 2213 5881 aliam
2246 5829 2549 5887 refcrantur
2573 5851 2869 5907 anagogcn.
2903 5843 3107 5898 videbis
3137 5846 3238 5902 hoc
3263 5850 3380 5905 orbi
3406 5824 3503 5916 utr;

1880 5919 2060 5977 rarum
2092 5922 2374 5981 accidisse.
2405 5923 2536 5982 Cum
2578 5930 2719 5984 rnitu
2768 5936 3006 5993 trnebru:
3044 5948 3241 5999 lut't‘atlt
3274 5953 3326 6000 et
3353 5960 3503 6011 ututs
