4058 6466
627 453 735 511 2&3

626 570 966 635 occuparent,
991 569 1044 613 et
1065 572 1219 613 error
1244 556 1437 626 uhique
1461 563 1603 609 esset
1626 552 1868 615 diffusus,
1893 550 1973 606 sol
1996 550 2215 620 justitire

628 668 689 710 es
721 657 825 708 imo
849 662 1067 707 exortus
1092 659 1192 706 est.
1217 646 1475 715 Quoniam
1502 644 1642 700 enim
1671 653 1795 698 tunc
1823 644 2063 717 homines
2084 642 2216 698 endo

628 748 808 799 relicto
837 744 1000 798 Deum
1032 744 1083 797 in
1117 739 1270 794 terris
1306 722 1614 809 qua'rebant
1633 776 1649 802 ,
1680 750 1745 791 ex
1776 750 1841 788 eo
1871 735 1988 788 loco
2014 734 2091 788 eis
2120 749 2214 803 ap-

628 841 798 905 paruit
824 876 837 899 ,
870 850 929 889 se
956 834 1019 888 ad
1050 847 1235 887 eorum
1266 829 1681 885 imbecillitatem
1709 826 1997 882 demittens
2017 866 2033 893 ,
2067 836 2124 880 ut
2148 824 2214 878 ad

623 926 954 981 altitudinem
984 924 1242 977 infinitam
1271 920 1543 977 evelleret.

696 1020 1056 1089 Argumentum
1108 1012 1485 1069 resurrectionis
1542 1012 1841 1064 maximum.
1894 1040 1967 1053 --
2011 1008 2215 1063 Miseri-

618 1128 752 1175 cors,
781 1121 827 1165 et
859 1111 1139 1173 miserator,
1171 1115 1217 1160 et
1253 1107 1424 1176 justus
1469 1103 1717 1157 Dominus
1758 1103 1912 1157 Deus.
1953 1102 2212 1171 Quoniam

619 1205 755 1256 dixit
784 1203 896 1271 ejus
920 1201 1177 1269 justitiam
1220 1213 1464 1262 manere,
1496 1206 1549 1251 et
1590 1196 1682 1250 illo
1723 1197 1881 1249 modo
1906 1194 2215 1249 consolatus

619 1304 702 1347 est
726 1310 737 1353 ;
770 1293 917 1345 tuulti
943 1301 1119 1350 autem
1148 1286 1541 1352 misericordes,
1572 1295 1626 1341 et
1650 1286 1739 1356 qui
1769 1294 1912 1341 recte
1940 1285 2025 1339 hic
2052 1284 2211 1339 vitam

619 1394 812 1451 τιεςιιηι,
839 1384 1102 1438 contraria
1134 1383 1219 1437 hic
1244 1381 1589 1451 experiuntur
1614 1398 1628 1435 :
1658 1379 1811 1435 affert
1834 1379 1990 1445 aliam
2020 1392 2213 1433 conso-

618 1479 867 1531 lationem
897 1475 1099 1537 dicens,
1136 1474 1442 1539 Misericors,
1476 1483 1521 1526 et
1548 1473 1829 1535 miserator,
1862 1481 1907 1524 et
1939 1472 2112 1541 justus
2140 1478 2212 1525 est

617 1556 869 1624 Dominus
900 1585 918 1623 :
949 1568 1212 1639 duplicem
1255 1566 1377 1621 inde
1422 1566 1640 1620 eiiciens
1677 1564 2209 1619 demonstrationem.

617 1664 669 1718 Si
690 1663 826 1717 enim
842 1671 921 1718 est
941 1662 1260 1724 misericors,
1275 1660 1401 1714 etiis
1416 1658 1505 1728 qui
1528 1666 1765 1729 peccant,
1786 1656 1980 1727 smpius
2002 1657 2209 1711 veniam

619 1756 861 1810 concedit
882 1797 896 1822 ,
928 1755 1094 1808 multo
1130 1754 1297 1822 magis
1335 1767 1428 1807 eos
1456 1752 1544 1821 qui
1577 1766 1635 1805 se
1673 1759 1817 1805 recte
1845 1761 2035 1820 gerunt
2060 1789 2074 1813 ,
2104 1764 2208 1803 non

619 1848 882 1916 relinquet
897 1847 1265 1908 iucorouatos,
1293 1853 1567 1913 postquam
1592 1842 1715 1897 hinc
1735 1842 2083 1897 excesserint.
2105 1840 2208 1896 Sed

616 1940 714 1992 utsi
747 1938 831 1991 hic
856 1952 960 1991 non
993 1936 1199 2001 reddat,
1228 1936 1445 1989 omnino
1476 1935 1582 1988 illic
1608 1933 1815 1987 reddet.
1846 1931 2049 1988 Deinde
2077 1932 2209 1987 sub-

612 2029 787 2098 junxit
814 2031 996 2093 etiam,
1020 2026 1197 2080 Justus
1220 2042 1239 2080 :
1262 2025 1401 2096 quod
1429 2025 1472 2078 si
1494 2024 1668 2095 justus
1691 2025 1779 2089 sit,
1809 2031 1865 2077 ut
1890 2034 1992 2089 est,
2021 2024 2211 2079 reddet

619 2108 905 2191 unicuique
925 2118 1223 2175 secundum
1256 2120 1463 2184 merita,
1496 2116 1701 2173 etiamsi
1731 2116 1818 2172 hi‘c
1846 2131 1949 2171 non
1978 2116 2163 2173 reddat
2194 2136 2207 2172 :

616 2212 757 2283 quod
786 2224 865 2266 cst
892 2210 978 2267 vel
1022 2211 1307 2265 maximum
1350 2217 1716 2279 argumentum
1748 2207 1936 2263 futura:
1964 2223 2210 2263 resnrrc-

614 2304 827 2359 ctionis.
870 2302 1093 2371 Quando
1131 2302 1272 2357 enim
1321 2302 1468 2353 nmlti
1514 2315 1576 2354 es
1623 2300 1687 2354 iis
1724 2300 1813 2369 qui
1852 2310 1977 2354 sunt
2015 2299 2210 2354 virtute

618 2395 824 2463 prmditi
847 2437 860 2457 ,
889 2403 1181 2448 cernuntur
1219 2390 1359 2446 mala
1399 2392 1562 2445 multa
1594 2390 1871 2460 perpessi,
1901 2400 1955 2445 et
1984 2390 2210 2460 improbi

617 2490 834 2558 impune
862 2497 916 2541 et
941 2501 1127 2541 secure
1157 2486 1334 2540 vivere
1365 2501 1378 2537 :
1408 2484 1621 2538 ubinam
1666 2484 1889 2553 recipiet
1920 2484 2210 2552 unusquis-

617 2597 721 2651 que
751 2596 846 2649 pro
882 2579 1106 2642 meritis,
1137 2578 1180 2632 si
1218 2592 1323 2632 non
1352 2578 1420 2632 sit
1450 2575 1622 2631 futura
1654 2578 1994 2642 resurrectio,
2026 2585 2081 2632 et
2108 2574 2211 2630 alia

620 2673 745 2733 vita,
768 2669 1023 2739 judicium
1052 2678 1105 2723 et
1132 2667 1531 2722 remuneratio?
1560 2666 1759 2720 Deinde
1783 2666 2033 2735 quoniam
2056 2664 2214 2734 justi-

612 2762 704 2815 tizc
734 2760 1057 2815 mentionem
1098 2758 1294 2813 faciens
1314 2800 1329 2825 ,
1363 2760 1550 2813 terruit
1576 2757 1870 2812 auditorem
1890 2799 1904 2822 ,
1934 2767 1991 2812 ut
2020 2758 2109 2826 qui
2138 2757 2210 2811 sit

617 2852 922 2907 redditurus
949 2852 1210 2905 rationem
1250 2859 1590 2921 peccatorum
1614 2892 1628 2915 ,
1660 2850 1769 2905 cito
1798 2850 1949 2905 affert
1978 2851 2211 2905 medica-

616 2954 850 3019 mentum
873 2985 887 3009 ,
925 2942 1108 2997 dicens
1141 2958 1153 2993 :
1186 2943 1238 2997 5.
1283 2939 1553 2995 Iucundus
1584 2942 1733 2995 homo
1759 2942 1844 3011 qui
1874 2944 2136 2996 miseretur
2162 2951 2211 2997 et

618 3035 922 3099 commodat,
953 3034 1182 3101 disponet
1210 3050 1462 3088 sermones
1488 3050 1605 3088 suos
1634 3034 1685 3086 in
1704 3034 1923 3106 judicio.

688 3129 739 3183 4.
784 3126 916 3182 Vide
954 3137 1083 3197 quot
1134 3127 1349 3197 praemia
1393 3128 1641 3197 proponit
1681 3127 1881 3181 homini
1910 3127 2158 3185 clementi
2192 3145 2207 3185 :

616 3222 755 3293 quod
786 3222 985 3275 fructus
1010 3222 1125 3290 ejus
1156 3228 1369 3275 maneat
1406 3228 1665 3289 perpetuo
1686 3261 1700 3285 ,
1732 3220 1874 3290 quod
1904 3220 2209 3277 liberandus

618 3316 686 3368 sit
727 3330 755 3367 a
802 3313 1213 3375 tentationilaus,
1257 3311 1397 3382 quod
1443 3312 1605 3367 Deum
1651 3311 1954 3366 imitaturus
1990 3314 2097 3378 sit;
2129 3322 2212 3369 est

612 3407 759 3459 enim
796 3407 931 3458 heus
962 3404 1299 3468 misericors;
1329 3402 1468 3472 quod
1514 3414 1725 3472 peccata
1767 3404 1816 3459 ei
1860 3404 1967 3457 sint
2006 3404 2211 3459 condo-

609 3499 814 3553 manda.
847 3498 957 3553 Hoc
980 3497 1120 3551 enim
1150 3496 1247 3551 sibi
1277 3497 1384 3550 vult
1428 3495 1576 3563 illud,
1608 3493 1928 3565 Dispensubit
1955 3513 2211 3552 sermones

612 3607 735 3645 suos
762 3592 811 3642 in
830 3589 1069 3659 judicio;
1096 3588 1146 3641 id
1176 3594 1275 3653 est,
1304 3586 1662 3642 Patrocinium
1693 3596 2064 3657 t'Ousequetur,
2101 3603 2206 3644 non

616 3681 787 3735 deerit
813 3680 861 3734 ei
887 3678 1147 3743 defensio,
1174 3692 1277 3731 non
1307 3678 1409 3732 erit
1436 3678 1484 3732 ci
1514 3685 1637 3731 tunc
1664 3676 2057 3740 condemnatio,
2085 3693 2206 3733 cum

600 3777 953 3844 ~cleemosyna
994 3770 1357 3826 defensionem
1400 3770 1447 3826 ei
1490 3768 1709 3840 pulchre
1736 3780 2029 3840 comparet.
2060 3771 2209 3827 Alius

613 3878 791 3923 autem
825 3866 1088 3935 interpres
1113 3865 1246 3920 dixit
1272 3882 1285 3918 :
1319 3863 1630 3934 Dispensans
1667 3880 1747 3917 res
1774 3878 1894 3917 suas
1921 3879 2035 3916 cum
2054 3864 2207 3933 judi-

604 3964 715 4015 cio.
750 3960 863 4015 lluc
890 3968 991 4023 est,
1020 3958 1244 4013 Fructur
1268 3971 1457 4027 magna
1487 3956 1855 4025 prosperitate,
1890 3955 2021 4010 nihil
2048 3958 2116 4011 ab
2141 3972 2207 4012 eo

608 4052 936 4121 suseipietnr
960 4048 1100 4120 quod
1126 4050 1195 4104 sit
1219 4046 1503 4103 absurdum
1534 4057 1586 4103 et
1606 4039 1866 4113 'alienum,
1894 4054 1952 4101 ut
1976 4047 2065 4117 qui
2095 4047 2208 4103 fue-

616 4147 689 4200 rit
720 4146 953 4215 optimus
990 4144 1338 4214 dispensator.
1366 4140 1465 4209 Qui
1498 4140 1639 4194 enim
1671 4149 1751 4193 est
1785 4139 2017 4196 crudelis
2042 4151 2095 4197 et
2122 4142 2204 4196 in-

617 4240 912 4301 humanus,
939 4248 993 4293 ct
1031 4234 1392 4291 misericordia
1433 4248 1538 4287 non
1579 4242 1856 4297 movetur,
1890 4242 1973 4288 est
2011 4250 2038 4286 a
2078 4249 2205 4287 vera

618 4330 957 4401 dispensandi
1004 4330 1209 4384 ratione
1252 4328 1477 4382 alienos.
1516 4325 1654 4393 Quid
1697 4325 1837 4416 enim
1885 4326 2051 4393 possit
2086 4338 2206 4380 esse

617 4424 720 4477 huc
745 4422 975 4491 gravius,
1007 4435 1163 4489 quam
1194 4433 1313 4472 eum
1344 4418 1387 4471 is
1417 4419 1506 4486 qui
1537 4427 1619 4470 est
1642 4414 1881 4469 aditurus
1911 4415 2203 4486 perieulum

614 4514 839 4576 unione,
875 4511 1113 4581 pecuniis
1144 4508 1345 4578 parcit,
1377 4517 1430 4563 et
1475 4507 1619 4561 illam
1661 4503 1919 4575 negligit‘t
1947 4505 2201 4572 Quocirca

611 4605 857 4661 Christus
877 4616 1087 4672 quoque
1116 4600 1262 4653 illum
1289 4598 1519 4653 laudavit
1546 4610 1906 4660 meorumnam,
1930 4595 2017 4665 qui
2040 4611 2204 4665 quan-

612 4696 683 4750 do
711 4704 826 4747 crat
854 4690 1123 4747 vocandus
1157 4690 1209 4742 in
1247 4688 1539 4759 periculum
1566 4727 1580 4751 ,
1609 4685 1894 4741 sehedulas
1922 4684 2157 4740 dissolvit
2181 4726 2197 4753 ,

614 4799 668 4842 et
694 4787 851 4842 deeo
876 4782 1337 4855 quod‘debcbatur
1374 4781 1587 4837 rescidit
1619 4779 1785 4849 (Luc.
1816 4779 1905 4835 16.
1932 4779 2023 4849 8).
2056 4780 2201 4847 Quo-

615 4878 773 4933 modo
798 4876 939 4932 enitn
973 4890 1075 4929 non
1098 4880 1181 4927 est
1202 4866 1506 4937 absurdum,
1537 4882 1589 4924 ut
1615 4872 1704 4941 qui
1737 4870 1787 4923 in
1815 4868 2065 4940 praesenti
2087 4871 2205 4940 qui-

612 4973 733 5025 dem
767 4971 871 5023 vita
910 4978 1033 5022 sunt
1074 4968 1125 5021 in
1164 4964 1403 5037 periculo
1424 5005 1437 5025 ,
1470 4964 1645 5017 omnia
1672 4978 1766 5017 sua
1798 4961 2120 5032 profundant
2146 4973 2205 5017 ut

616 5063 905 5134 periculqu
928 5060 1193 5114 redimant
1218 5076 1231 5113 :
1255 5072 1376 5112 cum
1397 5064 1573 5109 autem
1595 5056 1883 5110 veniant‘in
1906 5056 2202 5126 periculum

616 5172 681 5208 ne
704 5154 975 5208 tradantur
999 5150 1281 5220 supplicio,
1306 5165 1410 5202 nuo
1434 5156 1648 5202 utantur
1666 5147 1850 5201 eadem
1866 5148 2202 5221 meonomial

616 5249 679 5303 Et
710 5248 827 5302 ideo
853 5246 1163 5316 prudentem
1188 5243 1610 5311 dispensatorem
1633 5240 1762 5295 dicit
1782 5240 2199 5309 misericordem,

613 5351 672 5394 ut
697 5338 785 5407 qui
818 5336 978 5392 multa
1002 5337 1192 5405 paucis
1218 5343 1390 5396 emat,
1424 5333 1662 5403 pecuniis
1688 5332 1875 5386 caelum
1897 5374 1910 5397 ,
1944 5343 2089 5387 veste
2115 5349 2200 5388 re-

614 5444 799 5502 gnum,
831 5428 963 5498 [sane
988 5438 1041 5483 et
1069 5428 1257 5497 poculo
1276 5426 1486 5495 frigidm
1514 5425 1648 5479 bona
1679 5423 1873 5479 futura.
1896 5424 2033 5490 Quid
2058 5428 2201 5480 enim

613 5520 843 5577 conferri
882 5529 1057 5591 potest
1084 5534 1205 5574 cum
1244 5517 1345 5573 hac
1375 5516 1806 5588 dispensatione,
1841 5516 2054 5585 quando
2084 5522 2203 5588 quis

603 5630 676 5671 ea
719 5615 852 5670 dans
880 5629 1000 5683 qua:
1040 5621 1297 5683 pereunt,
1327 5611 1512 5675 linunt,
1557 5620 1613 5666 et
1660 5611 1947 5672 intereunt,
1984 5622 2048 5662 ea
2082 5627 2203 5679 qua:

606 5716 741 5763 sum
767 5703 960 5771 futura,
992 5713 1048 5760 et
1073 5720 1193 5775 qute
1226 5714 1348 5758 sunt
1376 5704 1663 5757 innnobilia
1690 5702 1903 5770 accipit,
1931 5705 1985 5751 et
2018 5716 2111 5771 per
2140 5717 2203 5758 ea

618 5797 943 5867 ioprmsenti
971 5796 1073 5851 vita
1098 5797 1383 5850 securitate
1410 5792 1638 5849 fruitur?
1667 5793 1789 5849 Ideo
1815 5795 1964 5859 dicit,
1995 5793 2204 5863 Dispen-

598 5891 741 5944 satu't
766 5905 1016 5945 sermones
1040 5905 1154 5945 suos
1182 5889 1234 5943 in
1256 5894 1471 5964 judicio.
1492 5892 1612 5963 "Vel,
1642 5903 1695 5948 ut
1723 5896 1855 5953 alius
1878 5894 2007 5950 dixit
2034 5894 2198 5953 inter-

1339 442 1396 500 S.
1436 439 1711 497 JOANNIS
1748 437 2227 515 CHRYSQSTUMI
2270 438 2584 494 AllCHIEP.
2614 440 3148 499 CONSTANTINOP.
3815 448 3912 502 236

2326 565 2466 618 pres,
2499 549 2807 621 Dispensans
2833 571 2910 607 res
2941 572 3059 610 suos
3084 571 3198 611 cum
3222 555 3433 624 iudicio.
3461 555 3514 611 In
3537 573 3773 625 quonam
3798 560 3915 615 dicit

2316 641 2537 708 judicio,
2565 643 2663 695 nisi
2697 645 2745 696 in
2772 645 2858 703 die
2890 646 3108 701 futuro?
3133 646 3229 701 Vel
3253 647 3381 702 dicit
3409 662 3529 702 eum
3558 650 3721 703 etiam
3750 653 3916 705 omnis

2320 748 2412 785 sua
2442 735 2642 804 optimc
2671 735 3187 804 administraturum,
3213 754 3312 794 nec
3336 739 3569 794 futurum
3600 741 3653 795 in
3675 741 3757 795 eis
3775 742 3920 812 quid-

2322 841 2477 893 quam
2517 827 2795 905 confusum
2822 868 2837 895 ,
2875 828 2969 883 sed
3011 830 3191 884 omnia
3240 830 3355 887 fore
3396 833 3585 888 ordine
3626 833 3919 901 collocata,

2318 921 2604 992 omniaque
2631 932 2777 976 recta
2806 923 2888 975 via
2916 932 2971 977 et
3002 926 3382 994 consequentia
3417 940 3738 995 processura
3758 968 3773 992 ,
3805 927 3921 981 nul-

2318 1012 2422 1066 lato
2456 1014 2567 1065 lore
2596 1012 2646 1065 in
2678 1012 2755 1065 eis
2786 1015 3265 1081 perturbationem,
3290 1016 3496 1070 nullum
3525 1018 3812 1086 strepitum
3836 1028 3923 1071 aut

2320 1102 2603 1156 tumultum
2624 1144 2638 1168 ,
2671 1117 2791 1157 eum
2833 1103 3173 1176 eleemnsyna
3205 1104 3396 1160 reddat
3429 1107 3507 1161 eis
3537 1108 3723 1162 omnia
3756 1108 3921 1163 facilia

2318 1203 2371 1247 et
2392 1195 2659 1262 expedita.
2682 1194 2832 1262 Quod
2856 1197 3014 1250 etiam
3039 1196 3271 1253 reddens
3291 1198 3627 1253 manifestius
3657 1200 3921 1268 interpres

2316 1284 2454 1339 alius
2482 1286 2613 1339 dixit
2644 1302 2657 1339 :
2690 1285 3006 1356 Dispensans
3035 1304 3115 1342 res
3150 1305 3273 1344 suas
3304 1306 3420 1342 cum
3449 1290 3675 1360 judicio.
3706 1290 3757 1346 Is
3784 1291 3921 1345 enim

2315 1388 2401 1433 est
2439 1378 2745 1434 misericors
2769 1421 2783 1444 ,
2814 1381 2901 1450 qui
2938 1395 3027 1434 res
3066 1395 3197 1459 suas
3219 1395 3340 1435 cum
3371 1382 3572 1451 judicio
3600 1382 3917 1453 dispensat:

2317 1480 2373 1525 ut
2402 1472 2539 1525 alius
2569 1474 2747 1541 quivis
2775 1483 2857 1527 est
2894 1471 3065 1529 fructu
3095 1488 3316 1539 vacuus,
3340 1476 3429 1543 qui
3468 1483 3552 1529 est
3589 1491 3619 1529 a
3653 1491 3783 1530 vera
3811 1478 3923 1531 dis.

2316 1564 2577 1632 pensaudi
2646 1566 2852 1619 ratione
2907 1564 3135 1621 alienus.
3174 1566 3227 1621 6.
3274 1567 3407 1631 Quia
3444 1568 3497 1622 in
3539 1578 3790 1623 afternan
3826 1586 3923 1624 non

2315 1655 2721 1708 commovebitur.
2753 1656 2855 1724 Qui
2892 1666 3068 1726 potest
3096 1656 3327 1713 conferri
3356 1673 3476 1714 cum
3510 1659 3611 1713 hac
3646 1662 3924 1731 dispensa-

2317 1744 2460 1801 tione
2486 1786 2500 1810 ,
2532 1746 2746 1815 quando
2783 1748 2902 1816 quis
2946 1749 3105 1804 talem
3143 1751 3281 1804 viam
3325 1751 3625 1817 invenerit,
3652 1769 3776 1821 qua:
3804 1769 3922 1806 eum

2316 1837 2507 1892 liberet
2546 1839 2613 1891 ab
2640 1839 2924 1908 inopinatis
2952 1841 3195 1908 casibus,
3224 1850 3281 1896 et
3306 1850 3453 1896 extra
3486 1843 3609 1895 vitae
3639 1843 3835 1897 ﬂuctus
3872 1843 3921 1896 in

2316 1937 2469 1997 portu
2500 1930 2789 1983 constituat
2813 1972 2827 1993 ,
2854 1946 2918 1985 ac
2948 1946 3070 1986 cmn
3111 1932 3179 1985 sit
3222 1932 3383 1986 homo
3405 1973 3423 2000 ,
3456 1931 3586 1987 nihil
3627 1933 3921 1989 humanum

2314 2021 2597 2087 sustineat,
2623 2022 2707 2077 vel
2734 2023 2994 2077 sustineat
3017 2024 3256 2094 quidem,
3285 2023 3378 2078 sed
3409 2039 3750 2094 nequaquam
3775 2040 3922 2079 ever-

2317 2113 2493 2166 tatur?
2538 2113 2646 2167 lloc
2691 2122 2773 2167 est
2811 2115 2953 2168 enim
2995 2113 3339 2177 admirabile,
3381 2115 3595 2183 quando
3640 2130 3749 2170 oon
3786 2116 3920 2169 cedit

2317 2203 2699 2258 teotatioaibus
2725 2217 2823 2257 nec
2857 2203 2925 2258 ab
2953 2204 3031 2257 eis
3060 2204 3432 2273 prosternitur.
3466 2204 3604 2271 Quid
3635 2204 3800 2259 vero?
3830 2221 3919 2258 an-

2315 2310 2421 2349 non
2452 2297 2704 2351 commoti
2746 2304 2872 2351 sunt
2910 2295 3059 2349 multi
3100 2296 3515 2351 misericordes?
3549 2296 3916 2367 Nequaquam.

2315 2386 2447 2441 Nam
2475 2386 2572 2442 etsi
2604 2402 2864 2458 pauperes
2893 2385 3016 2441 facti
3046 2387 3152 2440 sint
3173 2428 3187 2452 ,
3211 2394 3266 2441 et
3293 2386 3357 2441 ad
3387 2399 3684 2462 extremam
3712 2387 3832 2441 dedi
3851 2386 3919 2443 eti

2318 2480 2745 2546 mendicitatem,
2771 2491 2927 2553 atque
2956 2481 3009 2536 in
3040 2496 3308 2537 aerumnas
3339 2490 3393 2535 et
3421 2483 3759 2547 calamitates
3788 2482 3917 2537 inci-

2318 2571 2515 2638 derint,
2543 2572 2763 2628 minime
2791 2583 2964 2628 tamen
2993 2573 3166 2629 eversi
3198 2582 3323 2628 sunt
3353 2591 3367 2626 :
3396 2574 3695 2644 cogitantes
3720 2591 3781 2629 ea
3806 2589 3920 2644 qum

2316 2679 2346 2719 a
2373 2679 2433 2720 se
2460 2664 2597 2720 facta
2632 2673 2757 2720 sunt
2785 2665 2897 2737 (α),
2930 2666 3021 2720 Dei
3055 2665 3481 2722 benevolentiam
3517 2677 3571 2722 et
3610 2668 3917 2741 prtcsidimn

2313 2759 2380 2812 ad
2410 2772 2469 2813 se
2495 2757 2856 2823 attrahentes,
2886 2767 2940 2813 et
2965 2757 3194 2813 validam
3224 2760 3457 2830 aliquam
3489 2759 3796 2832 fortemque
3824 2776 3919 2815 an-

2315 2864 2495 2906 coram
2520 2891 2535 2916 ,
2579 2865 2773 2920 nempe
2814 2851 3004 2905 bonam
3035 2851 3417 2907 conscientiam
3443 2895 3461 2919 ,
3492 2852 3774 2908 habentes.
3805 2852 3917 2908 Non

2315 2942 2448 2998 dixit
2478 2944 2690 3014 itaque,
2718 2944 2929 2999 lnsidiis
2956 2960 3063 3000 non
3093 2955 3435 3014 appetentur,
3467 2946 3590 3009 sed,
3625 2947 3745 3003 Non
3774 2962 3919 3002 com-

2317 3036 2689 3094 movebuntur.
2734 3037 2885 3105 Quod
2924 3042 3084 3092 etiam
3115 3039 3251 3093 dixit
3277 3039 3525 3096 Christus
3562 3040 3631 3097 de
3673 3042 3801 3106 illo,
3832 3041 3917 3112 qui

2314 3128 2595 3185 mdiﬂcavit
2624 3144 2783 3199 supra
2809 3143 3013 3200 petram
3042 3132 3256 3204 (Matth.
3282 3134 3334 3186 7.
3356 3132 3450 3205 25)
3478 3152 3491 3188 :
3517 3150 3620 3190 non
3642 3136 3789 3207 quod
3818 3152 3917 3191 non

2315 3223 2385 3277 sit
2420 3232 2789 3292 tempestatem
2830 3239 3085 3294 passurus
3105 3268 3120 3291 ,
3147 3225 3242 3281 sed
3270 3227 3413 3297 quod
3438 3229 3599 3283 etiam
3626 3238 3919 3299 tempesta.

2316 3324 2422 3371 tem
2461 3318 2763 3383 sustinens,
2795 3318 3017 3374 minime
3054 3320 3124 3373 sit
3158 3323 3497 3377 evertendus.
3530 3321 3643 3377 Hoc
3667 3333 3755 3378 est
3778 3324 3917 3379 enim

2315 3407 2649 3472 admirabile,
2674 3423 2778 3463 non
2804 3408 3015 3480 quando
3036 3410 3370 3465 cessantibus
3392 3412 3783 3469 teotationibus
3807 3430 3917 3469 om-

2314 3498 2472 3555 nibus
2500 3500 2551 3553 in
2585 3508 2699 3554 tuto
2725 3499 2916 3566 fuerit,
2949 3500 3043 3556 sed
3080 3502 3295 3571 quando
3326 3502 3781 3573 frequentissimis
3805 3520 3915 3561 ma-

2312 3578 2486 3646 chinis
2514 3592 2807 3661 impetitus,
2841 3601 3098 3661 perpetuo
3127 3594 3364 3649 manebit
3392 3594 3702 3651 immobilis.
3739 3596 3916 3667 Neque

2313 3684 2456 3737 enim
2486 3682 2597 3737 fieri
2626 3692 2820 3752 potest,
2850 3693 2907 3737 ut
2934 3683 3111 3738 anima
3145 3684 3297 3740 dives
3328 3686 3697 3742 misericordia
3727 3687 3915 3743 obrua-

2316 3782 2402 3828 tur
2426 3788 2676 3844 umquam
2704 3775 3004 3845 agravihus
3034 3775 3195 3829 animi
3226 3777 3736 3845 perturbationibus.
3764 3780 3819 3836 7.
3852 3779 3914 3834 In

2312 3866 2559 3918 memoria
2594 3874 2785 3919 eterna
2817 3867 2911 3919 erit
2934 3867 3129 3935 justus.
3157 3866 3294 3922 Vide
3324 3867 3496 3937 ipsum
3525 3884 3629 3923 non
3660 3870 3835 3925 solum
3863 3872 3912 3924 in

2314 3966 2555 4027 tempore
2585 3958 2726 4022 vitm,
2756 3958 2848 4012 sed
2877 3959 3038 4012 etiam
3074 3967 3192 4027 post
3223 3967 3450 4014 mortem
3481 3961 3789 4030 complures
3816 3962 3910 4017 do-

2312 4062 2437 4104 cere
2467 4059 2520 4103 et
2546 4050 2845 4104 instituere.
2872 4038 3152 4116 Quomodo
3181 4066 3310 4123 ergo
3337 4051 3465 4107 dum
3497 4054 3655 4119 vivit,
3686 4056 3910 4124 patietur

2312 4140 2511 4212 aliquid
2540 4142 2688 4207 mali,
2716 4141 2929 4211 quando
2955 4142 3117 4197 etiam
3143 4144 3380 4199 moriens
3409 4154 3491 4199 est
3517 4145 3637 4201 aliis
3662 4148 3912 4219 magister

2313 4232 2751 4302 tranquillitatis?
2789 4231 2854 4289 Ut
2884 4234 3025 4289 enim
3070 4236 3241 4291 sciant
3270 4235 3354 4291 vel
3392 4238 3483 4307 qui
3523 4242 3910 4299 summatibus

2312 4324 2592 4389 increduli,
2628 4324 2854 4379 fructum
2882 4326 2999 4393 ejus
3034 4340 3255 4381 manere
3282 4328 3637 4383 immortalem
3666 4330 3717 4384 in
3748 4332 3907 4395 cwlis,

2312 4415 2439 4477 hinc
2465 4415 2554 4471 dat
2579 4414 2697 4485 ejus
2722 4416 2797 4471 rei
2829 4416 3211 4487 experientiam
3246 4439 3260 4475 :
3287 4418 3502 4473 defosso
3526 4421 3669 4475 enim
3696 4434 3751 4477 et
3776 4433 3905 4481 tem

2310 4512 2503 4565 obruto
2527 4499 2770 4579 corpore,
2800 4512 3056 4566 memoria
3080 4513 3197 4581 ejus
3224 4513 3421 4582 ubique
3445 4515 3838 4571 circumfertur.

2396 4603 2564 4658 Virtus
2586 4620 2735 4675 quam
2765 4604 2962 4675 efficax.
2985 4635 3054 4645 —
3082 4605 3226 4660 Talis
3268 4618 3348 4660 est
3390 4608 3603 4663 virtutis
3628 4613 3860 4680 potentia
3890 4629 3902 4664 :

2310 4714 2416 4753 non
2458 4696 2601 4753 cedit
2647 4698 2893 4767 tempori,
2926 4713 3032 4752 non
3078 4699 3362 4752 marcescit
3399 4698 3766 4757 diuturnita'e.
3802 4703 3903 4758 lluc

2309 4804 2486 4846 autem
2516 4788 2576 4844 ﬁt
2610 4799 2819 4861 propter
2855 4790 3084 4845 salutem
3132 4790 3469 4854 malorum}.
3504 4793 3581 4851 l:li
3621 4798 3768 4850 enim
3804 4812 3902 4850 non

2310 4882 2508 4937 habent
2543 4896 2679 4952 opus
2722 4879 2882 4935 laude
2926 4881 3200 4936 hominum
3234 4901 3249 4938 :
3279 4884 3368 4953 qui
3414 4895 3595 4939 autem
3627 4866 3814 4942 vivunt
3855 4890 3900 4941 in

2307 4977 2541 5047 nequitia
2561 5019 2576 5043 ,
2606 4977 2710 5031 illis
2738 4986 2897 5047 egent
2942 4976 3204 5032 eucomiis
3225 5018 3241 5043 ,
3270 4987 3330 5031 ut
3381 4993 3447 5034 ex
3492 4977 3652 5034 laude
3675 4995 3896 5048 eorum,

2371 5224 2401 5285 ιγ
2426 5220 2537 5282 Alii,
2563 5227 2761 5285 propter
2780 5220 2999 5285 salutem
3040 5221 3319 5273 nutttoriun.
3358 5224 3453 5285 Sed
3477 5237 3592 5281 vos,
3632 5226 3901 5285 mutarunt,

2308 5282 2712 5351 meliusquadrat
2732 5282 2791 5331 ad
2815 5286 2999 5333 seriem
3020 5318 3034 5343 ,
3058 5292 3116 5333 ut
3137 5297 3201 5333 ex
3226 5284 3553 5348 sequentibus
3579 5286 3751 5351 liquet.

2374 5349 2446 5418 (ct)
2478 5345 2728 5418 (tamen,
2752 5358 2949 5418 ιγνοοῡηις
2965 5358 3015 5397 «ut
3038 5359 3251 5418 ιξῃισμιξς
3430 5356 3573 5398 Porro
3603 5345 3711 5399 litet-
3728 5350 3899 5418 duj.lici

2308 5406 2453 5459 modo
2476 5406 2707 5473 intelligi_
2728 5416 2963 5468 possunt:
2991 5406 3379 5473 veltcogituntes
3401 5424 3459 5460 ea
3482 5424 3609 5473 qrth
3627 5426 3658 5461 a
3692 5427 3745 5464 se
3779 5406 3899 5473 facta

2308 5477 2434 5527 sunt,
2461 5466 3075 5535 utverti'tlnterl.res,vel,
3098 5466 3360 5535 cogitatus
3382 5466 3505 5535 qua!
3515 5471 3610 5523 sibi
3625 5510 3639 5532 ,
3665 5466 3898 5535 auu'eiga

2308 5546 2360 5583 se
2384 5524 2514 5603 facta
2535 5537 2661 5603 sunt.
2688 5524 2855 5603 aeque
2877 5524 3307 5603 faeileestd'ieere
3333 5524 3439 5583 utra
3462 5524 3727 5603 sitme'liur
3753 5524 3894 5603 inter-

2310 5591 2537 5705 pretatio.
2559 5594 2602 5641 si
2630 5591 2791 5655 priore
2811 5594 2952 5642 modo
2974 5591 3241 5657 intelligas,
3263 5608 3442 5645 sensus
3466 5599 3561 5647 erit
3585 5607 3715 5670 {non
3739 5600 3895 5669 turba.-

2346 5663 2489 5705 untur
2518 5660 2653 5705 aestu
2676 5667 2764 5703 sua
2785 5667 2947 5704 secum
2971 5662 3265 5705 reputantes.
3289 5656 3425 5705 bona:
3447 5668 3756 5705 consumma
3778 5668 3895 5705 mn-

2346 5663 2489 5718 untttr
2518 5660 2653 5718 gesta
2676 5667 2764 5703 sua
2785 5667 2947 5718 secum
2971 5656 3265 5718 reputantes,
3289 5656 3425 5708 boum
3447 5660 3756 5711 conscientiae
3778 5661 3895 5711 testi-

2311 5717 2469 5768 monia
2489 5716 2787 5788 amittentes;
2810 5716 3175 5788 sitposteriore,
3198 5720 3269 5769 sic
3285 5721 3621 5788 accipiendum
3643 5726 3740 5788 erit
3765 5737 3788 5788 τ»
3807 5732 3894 5772 .von

2312 5778 2725 5849 commodarum
2754 5778 3015 5849 rogitantes
3052 5780 3246 5849 solitam
3273 5782 3361 5831 Dei
3392 5778 3519 5849 "erga
3550 5798 3602 5834 se
3634 5784 3893 5841 octiplicat-

2311 5842 2431 5913 ts'am
2448 5876 2460 5897 .
2486 5855 2550 5913 ex
2572 5839 2788 5913 pristinis
2915 5841 3101 5893 collatis
3123 5842 3257 5895 bouis
3289 5856 3382 5908 par
3405 5837 3497 5897 ι’ὃί
3517 5859 3698 5910 ααρει
3730 5837 3894 5909 datm

2315 5910 2406 5957 Det
2426 5910 2744 5969 ραιι-υτικιιιπι
2763 5913 3031 5970 nmmum.
