4058 6448
235 395 348 460 ειη

235 525 360 579 mne
388 501 646 578 praeclare
671 501 740 555 ab
781 497 902 554 aliis
943 502 1094 566 gesta
1129 499 1275 553 sunt,
1307 486 1436 541 ﬂant
1467 479 1681 538 virtutis
1727 484 1843 531 stu—

237 571 508 657 diosiores
528 639 544 657 .
568 605 624 652 et
660 589 952 664 aliquando
997 588 1294 641 liberentur
1321 595 1352 635 a
1383 576 1536 632 vitio.
1571 571 1674 630 Ubi
1719 576 1845 625 sunt

236 705 372 759 ergo
393 689 484 760 qui
512 686 757 758 sepulcra
787 689 1100 751 sumptuosa
1128 673 1416 735 aedificant,
1450 669 1702 737 aedesque
1726 678 1844 719 ma-

237 782 465 854 gniﬁcas
485 775 770 834 excitant?
803 771 1033 827 Audiant
1068 767 1194 839 quid
1220 770 1621 849 monumentum
1653 770 1847 828 perpe-

243 883 392 928 tuum
423 869 643 926 efﬁciat.
672 865 789 922 Non
821 861 1055 932 lapidum
1079 856 1378 914 exstructio
1397 895 1412 919 ,
1439 866 1542 907 nec
1569 860 1844 904 murorum

239 964 476 1019 ambitus
521 968 588 1016 et'
605 968 810 1020 turres,
839 952 935 1010 sed
982 950 1245 1008 bonorum
1291 959 1514 1016 Operum
1561 938 1844 996 exhibitio.

241 1054 374 1111 liae
414 1062 592 1107 autem
621 1048 768 1119 ponit
807 1053 1026 1116 propter
1072 1054 1166 1098 eos
1195 1039 1285 1109 qui
1327 1043 1453 1091 sunt
1480 1032 1636 1087 valde
1665 1030 1844 1084 inere-

239 1149 353 1204 duli
375 1188 389 1206 .
412 1155 470 1201 et
510 1145 681 1199 futura
713 1155 818 1194 non
845 1135 1162 1198 attendunt,
1199 1140 1256 1186 nt
1284 1145 1408 1185 eum
1431 1143 1462 1182 a
1492 1120 1847 1196 praesentibus

240 1249 298 1296 et
328 1240 392 1293 iis
411 1253 531 1309 qua:
556 1244 814 1304 apparent
841 1245 937 1287 eos
961 1221 1512 1290 abduxerit,dedncat
1532 1219 1597 1272 ad
1627 1215 1801 1270 l‘ntnra
1827 1231 1840 1264 :

242 1343 296 1387 et
327 1328 532 1398 alioqui
558 1325 796 1382 ostendit
824 1322 1098 1383 virtutem,
1130 1325 1187 1371 ut
1209 1330 1353 1384 sa-pe
1380 1311 1510 1374 dixi,
1534 1309 1692 1366 etiam
1723 1314 1847 1359 ante

244 1420 334 1478 illa
382 1395 598 1490 pnt‘mizl
622 1426 642 1479 ',
669 1412 870 1468 habere
901 1411 955 1466 in
1004 1409 1179 1478 seipsa
1223 1401 1736 1461 remunerationem.
1771 1395 1845 1450 Ab

242 1512 506 1566 auditione
523 1506 658 1561 mala
681 1522 783 1559 non
808 1502 1018 1558 timebit.
1049 1499 1217 1565 Alius,
1249 1495 1503 1551 Nuntium
1533 1492 1723 1546 malum
1745 1504 1848 1542 non

242 1602 454 1656 timebit.
482 1594 940 1668 Quemadmodum
968 1606 1072 1647 non
1111 1590 1246 1643 dixit
1269 1586 1520 1656 superius
1545 1624 1560 1651 ,
1587 1597 1710 1638 eum
1740 1596 1846 1636 non

241 1707 366 1750 esse
417 1689 708 1762 petendum
748 1685 956 1742 insidiis
980 1724 996 1750 ,
1029 1680 1125 1737 sed
1165 1679 1376 1735 insidiis
1412 1674 1708 1747 appetitum
1740 1687 1847 1728 non

241 1799 367 1840 esse
403 1777 852 1837 commovendum
888 1793 901 1830 :
934 1776 1004 1829 ita
1035 1772 1122 1828 hic
1163 1771 1325 1826 etiam
1376 1781 1482 1823 non
1526 1765 1693 1830 dicit,
1725 1778 1846 1818 eum

241 1892 350 1932 non
377 1888 501 1930 esse
527 1870 835 1926 auditurum
863 1865 1063 1921 malum
1090 1862 1338 1919 nuntium
1363 1901 1378 1927 ,
1411 1858 1505 1914 sed
1533 1855 1844 1912 audientem

241 1966 468 2024 minime
496 1960 926 2020 lormidaturum.

313 2060 371 2116 5.
396 2057 582 2127 Atqui
610 2055 722 2117 liet,
746 2063 802 2107 ut
829 2066 937 2106 non
965 2045 1255 2104 formidet?
1276 2045 1402 2113 Sive
1430 2041 1627 2098 bellum
1659 2037 1852 2095 viderit

240 2150 571 2216 adventare,
617 2151 737 2202 sive
791 2152 949 2199 terra:
979 2148 1184 2196 motum
1218 2137 1414 2210 oppida
1441 2135 1654 2191 diruere
1675 2174 1690 2201 ,
1729 2136 1851 2188 sive

243 2243 486 2299 latrones
534 2249 588 2294 et
617 2252 894 2293 murorum
943 2233 1230 2290 ell'ossores
1258 2230 1434 2284 omnia
1467 2228 1712 2298 eripere,
1736 2226 1850 2280 sive

243 2333 506 2388 barbaros
550 2329 890 2384 incursiones
940 2325 1153 2388 facere,
1179 2324 1295 2377 sive
1324 2321 1570 2376 morbum
1619 2326 1850 2373 mortem

243 2423 482 2480 minitari
509 2464 524 2490 ,
552 2423 664 2477 sive
693 2422 826 2475 iram
848 2418 1046 2487 judicis
1072 2457 1087 2482 ,
1120 2417 1232 2470 sive
1257 2413 1634 2484 quodcumque
1663 2409 1810 2485 aliud
1831 2450 1848 2476 ,

244 2518 471 2574 minime
513 2515 861 2575 extimescet;
894 2524 1019 2565 snas
1047 2508 1190 2564 enim
1237 2521 1368 2577 opes
1404 2514 1563 2560 antea
1604 2502 1854 2573 deposuit

243 2611 296 2665 in
339 2609 462 2663 loco
502 2605 801 2669 tutissimo,
838 2612 892 2658 et
920 2617 987 2658 ex
1025 2615 1134 2671 quo
1179 2615 1283 2654 non
1333 2589 1558 2668 possunt
1585 2595 1717 2664 eripi
1752 2612 1765 2647 :
1799 2602 1855 2648 et

243 2701 560 2758 hnminente
602 2706 776 2752 morte
803 2711 908 2752 non
959 2693 1119 2748 modo
1151 2708 1255 2747 non
1289 2689 1476 2744 metuit
1509 2729 1523 2752 ,
1548 2687 1642 2743 sed
1689 2687 1850 2742 etiam

244 2792 467 2848 festinat
489 2789 883 2861 quamprimum
916 2787 968 2840 in
990 2799 1053 2839 ea
1079 2785 1191 2838 loca
1241 2781 1539 2837 concedere
1560 2822 1575 2845 ,
1609 2779 1696 2832 ubi
1727 2785 1855 2833 sunt

243 2885 363 2954 eius
389 2895 622 2936 merces.
649 2878 750 2935 Ubi
774 2887 847 2932 est
873 2877 1015 2932 enim
1038 2877 1306 2929 thesaurus
1336 2871 1590 2936 hominis,
1625 2870 1734 2923 illic
1763 2886 1853 2923 cor

243 2980 358 3049 ejus
387 2974 602 3047 (Matth.
638 2973 692 3028 6.
723 2971 837 3040 2|).
862 2970 992 3025 Nam
1038 2969 1082 3022 si
1112 2974 1463 3049 mercatores,
1502 2964 1589 3033 qui
1631 2963 1851 3018 domum

245 3045 412 3126 multa
441 3079 606 3122 onera
637 3063 1033 3133 prmmiserunt,
1057 3066 1349 3131 properant
1379 3045 1617 3126 quotidie
1644 3064 1701 3108 nt
1726 3069 1854 3108 snas

246 3160 465 3215 videant
487 3157 703 3212 divitias
726 3171 740 3206 :
769 3153 938 3207 multo
960 3152 1130 3218 magis
1159 3149 1265 3211 hic,
1289 3148 1379 3217 qui
1412 3149 1462 3200 in
1493 3146 1642 3201 melis
1662 3159 1855 3200 omnes

246 3264 372 3307 suas
395 3247 679 3303 facultates
707 3254 863 3299 antea
885 3242 1172 3313 deposuit,
1197 3240 1343 3295 volet
1367 3255 1395 3291 a
1421 3239 1582 3294 rebus
1614 3251 1854 3307 praesen-

247 3342 390 3398 tibus
419 3339 642 3393 avulsns
683 3335 751 3390 ad
781 3332 990 3389 futuras
1037 3330 1316 3386 festinare.
1349 3328 1488 3384 Nihil
1516 3343 1647 3398 ergo
1677 3328 1726 3382 ei
1759 3344 1856 3397 po-

250 3432 379 3504 terit
422 3433 672 3486 timorem
720 3427 981 3482 incutere.
1017 3422 1269 3478 Paratum
1295 3439 1383 3476 cor
1414 3423 1526 3493 ejus
1567 3436 1774 3491 sperare
1802 3420 1855 3473 in

251 3526 496 3582 Domino.
537 3523 693 3578 Alius
715 3563 731 3587 ,
762 3519 998 3574 Firmum
1040 3533 1128 3572 cor
1158 3518 1269 3589 ejus
1294 3532 1312 3569 :
1338 3515 1477 3570 idem
1509 3514 1817 3584 signiﬁcans
1837 3555 1854 3581 ,

249 3626 303 3672 et
334 3616 696 3685 interpretans
722 3610 849 3666 illud
869 3651 886 3678 ,
921 3608 1186 3663 Paratum.
1213 3606 1366 3672 Quod
1405 3614 1583 3661 autem
1625 3605 1859 3660 dieitest

250 3705 560 3777 ejusmodi:
593 3702 736 3757 Nihil
774 3711 858 3757 est
897 3699 1039 3771 quod
1080 3715 1205 3754 eum
1248 3699 1568 3762 labelactet,
1598 3705 1654 3752 et
1695 3697 1855 3751 rebus

253 3797 612 3870 praesentibus
637 3795 880 3849 addicat:
905 3793 998 3848 sed
1027 3801 1172 3848 totus
1213 3803 1445 3862 quantus
1471 3801 1575 3852 e-t,
1595 3790 1661 3844 ad
1689 3791 1855 3845 Deum

251 3891 580 3956 extenditur,
603 3899 657 3945 et
684 3904 832 3960 spem
859 3888 1004 3942 illam
1031 3893 1342 3954 exspectat,
1376 3893 1430 3937 et
1462 3885 1512 3937 in
1547 3884 1645 3942 illa
1660 3897 1859 3952 exspe-

251 3985 490 4041 elatione
535 3994 799 4055 perpetuo
839 3979 1111 4051 deligitur,
1143 3993 1243 4032 nec
1282 3977 1351 4033 ab
1384 3977 1486 4031 ulla
1519 3992 1576 4031 re
1609 3976 1857 4045 praesenti

251 4080 542 4145 mollescit,
569 4078 869 4142 abducitur,
900 4084 993 4129 aut
1017 4073 1350 4129 distrahitur.
1377 4073 1534 4126 Tales
1562 4073 1704 4125 enim
1736 4081 1862 4124 sunt

254 4175 594 4245 negotiorum
627 4169 1020 4226 sollicitudines
1053 4185 1067 4221 :
1096 4178 1330 4222 mentem
1360 4165 1599 4220 dividunt
1626 4207 1640 4230 ,
1672 4175 1725 4219 et
1763 4181 1860 4218 co-

253 4266 569 4337 gitationem
609 4261 935 4318 distrahunt.
972 4261 1206 4316 Necesse
1235 4271 1318 4314 est
1359 4262 1523 4329 igitur
1569 4274 1755 4312 rursus
1781 4258 1864 4310 ili-

254 4373 380 4413 cere
426 4356 559 4410 illud
605 4356 972 4425 evangelicum
1001 4371 1012 4407 :
1042 4351 1141 4408 Ubi
1188 4361 1262 4408 est
1291 4352 1558 4406 thesaurus
1588 4350 1821 4404 hominis
1842 4391 1858 4413 ,

256 4451 365 4505 illic
392 4458 467 4504 est
496 4449 648 4502 etiam
672 4464 759 4500 cor
789 4446 905 4516 ejus
932 4445 1145 4518 (Matth.
1175 4444 1372 4512 6.'2l).
1407 4444 1462 4498 8.
1494 4441 1865 4510 Con/innatum

255 4550 328 4596 est
363 4556 454 4595 cor
480 4540 621 4610 ejus,
649 4555 750 4592 non
776 4536 1187 4590 commovebitur.
1222 4535 1414 4589 Vidiin
1445 4550 1568 4588 eum
1617 4534 1704 4602 qui
1732 4531 1866 4586 tedi-

257 4634 384 4686 lieat
431 4645 594 4698 supra
625 4627 858 4696 petram?
885 4626 1022 4695 Quid
1053 4627 1195 4686 enim
1231 4635 1403 4694 potest
1437 4625 1625 4677 limere
1662 4623 1750 4693 qui
1782 4630 1867 4678 est

255 4733 311 4778 et
334 4721 511 4777 nudus
541 4729 597 4774 et
619 4721 912 4782 accinctus,
942 4719 1253 4788 nullamque
1285 4718 1376 4772 ulli
1407 4718 1610 4786 prtebet
1637 4715 1867 4770 ansam?

257 4814 390 4884 quid
439 4821 618 4882 potest
665 4812 885 4876 timere,
915 4811 1003 4882 qui
1051 4810 1210 4865 habet
1259 4811 1424 4863 Deum
1467 4809 1786 4863 clementem
1814 4816 1871 4862 et

262 4902 597 4974 prOpitinm?
627 4903 695 4955 ita
744 4913 802 4956 ut
831 4904 1084 4970 utrinque
1111 4902 1182 4954 sit
1225 4909 1373 4954 tntns
1394 4943 1407 4964 ,
1433 4909 1486 4954 et
1524 4916 1586 4953 ex
1633 4913 1870 4968 superno

260 4993 486 5059 auxilio,
516 5003 568 5047 et
592 5008 658 5047 ex
685 5008 770 5059 ea,
805 4994 856 5047 in
884 5009 986 5063 qua
1017 4993 1104 5048 hic
1134 4994 1354 5047 inferius
1377 4993 1542 5061 degit,
1572 4993 1830 5045 facilitate
1851 5033 1866 5058 ,

262 5103 365 5144 nec
386 5087 681 5157 quidquam
716 5101 839 5140 eum
870 5087 1190 5140 labefactare
1221 5088 1445 5155 poterit,
1479 5103 1583 5139 non
1613 5085 1870 5139 damnum

263 5183 531 5252 pecunize,
555 5195 659 5235 non
694 5180 908 5250 probra,
937 5196 1040 5232 non
1064 5181 1366 5234 calnmnim.
1396 5179 1578 5250 Neque
1610 5183 1754 5234 enim
1786 5179 1873 5234 ba-

263 5276 357 5332 bet
404 5276 457 5328 in
485 5290 591 5345 quo
640 5273 898 5340 lanlatur,
931 5274 1022 5343 qui
1072 5273 1196 5326 hine
1238 5274 1288 5326 in
1319 5274 1510 5326 e:rlnm
1550 5273 1874 5343 commigra-

264 5370 422 5430 νισι-ιι,
439 5368 492 5421 in
511 5368 786 5437 regionem
805 5366 870 5421 ad
891 5365 1254 5434 qnamseeleri
1274 5377 1322 5418 et
1348 5365 1552 5420 insidiis
1580 5367 1755 5419 nullus
1778 5381 1876 5435 pa-

264 5471 342 5518 tet
363 5463 563 5517 aditus.
597 5460 816 5523 Nam,ut
833 5460 1000 5530 probe
1023 5460 1213 5520 nostis,
1233 5474 1421 5512 omnes
1445 5459 1651 5512 insidize
1683 5475 1872 5528 paran-

263 5566 355 5611 tur
385 5557 472 5610 vel
502 5555 760 5624 pecuniis,
793 5555 872 5608 vel
907 5569 1004 5624 pro
1036 5553 1298 5621 pecuniis,
1330 5561 1383 5604 et
1405 5567 1564 5604 omne
1597 5551 1874 5604 hominum

265 5647 505 5703 studium
531 5647 584 5698 in
611 5644 692 5697 his
723 5646 954 5713 punitur.
992 5644 1164 5697 Donec
1196 5644 1436 5712 despiciat
1475 5643 1702 5695 inimicos
1734 5659 1872 5695 suos.

266 5741 398 5802 Quis
429 5748 512 5790 est
532 5736 648 5802 ejus
679 5734 1064 5793 llllllﬁCllSJllai
1086 5734 1206 5787 mali
1241 5735 1604 5793 d;i:inones,ct
1632 5733 1743 5801 ipse
1764 5732 1878 5785 dia-

264 5830 442 5887 boli»?
461 5827 513 5886 9.
539 5827 807 5894 Disponit,
834 5825 968 5882 dedit
991 5823 1324 5897 pauperibus;
1352 5821 1377 5892 j
1417 5825 1551 5880 stitia
1581 5824 1688 5892 ejus
1711 5833 1880 5878 manet

1345 359 1708 424 EXPOSITIG
1744 357 1811 414 ιδ
1854 352 2179 412 PSALMUM
2217 351 2357 408 CXI.

3458 345 3566 403 208

1950 471 2002 525 in
2023 470 2288 525 siccatum.
2321 457 2608 538 Postquam
2634 468 2997 539 elecmosynm
3025 477 3078 522 et
3104 465 3482 522 commodandi
3507 476 3567 524 et

1951 563 2239 619 niiserenili
2263 563 2528 625 meminit;
2546 570 2674 617 sunt
2700 571 2880 617 autem
2903 561 3088 615 multa:
3120 576 3389 617 mensurae
3414 561 3566 618 elee-

1951 671 2212 728 mosynm;
2247 655 2332 708 hic
2361 655 2504 708 enim
2527 654 2619 709 dat
2659 653 2838 708 minus
2861 694 2876 716 ,
2906 650 2998 708 ille
3027 667 3155 708 vero
3179 653 3414 723 amplius
3440 672 3453 709 :
3478 655 3563 710 vi-

1950 748 2177 802 deamus
2220 763 2508 819 quemnam
2557 747 2687 802 dicit
2742 747 3190 813 misericordem,
3240 764 3438 822 eumne
3473 751 3567 821 qui

1951 840 2156 910 prmhet
2197 856 2262 894 ex
2312 840 2661 906 abundantia,
2708 855 2776 894 an
2815 854 2938 893 eum
2981 840 3070 909 qui
3116 855 3243 896 suas
3285 841 3567 898 facultates

1951 934 2221 988 exhaurit.
2266 931 2482 988 Certum
2529 943 2608 987 est
2643 931 2788 1003 quod
2833 948 2956 987 eum
2989 933 3078 1003 qui
3120 933 3411 1001 exhaurit,
3440 951 3566 991 eum

1951 1026 2042 1095 qui
2073 1041 2130 1080 re
2161 1041 2256 1079 sua
2279 1025 2503 1095 largiter
2529 1026 2699 1078 utitur
2729 1041 2744 1077 :
2777 1023 2920 1095 quod
2952 1026 3115 1079 etiam
3147 1025 3346 1081 Paulus
3371 1030 3567 1097 qnzerit

1951 1119 2140 1174 dicens
2170 1135 2185 1171 :
2216 1116 2315 1183 Qui
2345 1119 2561 1172 seminat
2588 1120 2642 1170 in
2668 1117 3099 1171 benedictionibus
3117 1159 3133 1185 ,
3166 1127 3316 1172 metet
3336 1120 3487 1173 etiam
3513 1122 3568 1176 in

1952 1208 2381 1264 benedictionibus
2414 1208 2489 1278 (2.
2528 1203 2652 1261 Cor.
2684 1209 2739 1264 9.
2787 1206 2868 1278 6).
2897 1207 3034 1263 Vide
3078 1218 3262 1264 autem
3293 1211 3569 1282 quomodo

1956 1300 2219 1371 propheta
2249 1300 2453 1372 optime
2479 1313 2605 1354 ltSttS
2627 1309 2708 1354 εει
2733 1299 3064 1355 dictionibus
3088 1300 3127 1354 ⁸.
3152 1299 3269 1356 Non
3306 1302 3452 1358 enirn
3484 1302 3571 1356 di-

1959 1394 2076 1460 xit,
2109 1391 2302 1458 Dedit,
2333 1392 2414 1447 vel
2436 1434 2450 1457 ,
2480 1391 2796 1459 Distribuit,
2821 1391 2948 1458 sed,
2983 1389 3234 1464 Dispersit
3257 1391 3463 1458 {simul
3513 1403 3570 1450 ct

1954 1486 2073 1555 ejus
2102 1483 2190 1556 qni
2224 1483 2426 1552 przebet
2457 1483 2758 1554 largitatem
2790 1482 3104 1547 ostendens,
3137 1491 3191 1539 et
3209 1496 3326 1538 rem
3348 1498 3571 1540 semen-

1957 1590 2065 1634 tem
2099 1578 2403 1642 nominans.
2423 1574 2583 1630 Tales
2609 1575 2751 1629 enim
2780 1575 3334 1644 sunt‘quiseminant:
3359 1575 3572 1645 disper-

1953 1661 2226 1747 gnnt'quze
2249 1678 2375 1724 sunt
2401 1668 2634 1736 reposita
2654 1707 2670 1733 ,
2699 1676 2752 1722 et
2779 1682 2900 1737 qua:
2929 1675 3053 1720 sunt
3073 1667 3358 1723 manifesta
3380 1667 3574 1725 dimit-

1959 1770 2078 1816 tnnt
2102 1767 2160 1814 ut
2189 1758 2362 1814 futura
2397 1759 2689 1832 accipiant.
2728 1757 2844 1813 Hoc
2869 1771 2956 1814 εει
2985 1756 3306 1815 collectione
3338 1760 3566 1815 melius:

1957 1855 2028 1907 ita
2056 1854 2199 1908 enim
2222 1851 2534 1922 dispergere
2555 1851 2726 1906 multo
2753 1851 2948 1906 melius
2968 1858 3075 1918 est,
3096 1866 3260 1921 quam
3288 1851 3569 1923 colligere.

1961 1945 2355 2015 Disperguutnr
2383 1944 2626 2015 pecunia:
2647 1983 2662 2010 ,
2695 1951 2750 1997 et
2779 1942 3054 2014 colligitur
3078 1943 3288 2014 justitia
3322 1961 3336 2000 :
3361 1943 3574 2016 disper-

1955 2046 2155 2108 guntur
2181 2051 2303 2107 quze
2351 2050 2456 2090 non
2500 2047 2757 2103 manent,
2788 2044 2846 2090 ut
2883 2035 3233 2107 aequirantm-
3274 2038 3576 2095 manentia.

1959 2130 2075 2187 lloc
2111 2130 2286 2202 ipsum
2333 2131 2532 2184 faciunt
2574 2129 2736 2185 etiam
2766 2130 3043 2201 agricolae.
3090 2129 3197 2187 Sed
3246 2131 3323 2186 illi
3352 2131 3578 2202 quidem

1959 2239 2055 2293 pro
2096 2224 2318 2279 incertis
2349 2241 2363 2288 ;
2394 2232 2477 2279 est
2505 2224 2651 2279 enim
2682 2232 2824 2279 terra
2853 2239 2976 2294 quze
3014 2225 3277 2297 suscipit:
3312 2235 3371 2282 tu
3389 2238 3580 2284 autem

1959 2316 2014 2371 in
2043 2332 2202 2370 manu
2237 2316 2351 2380 Dei,
2378 2315 2518 2372 unde
2541 2316 2654 2372 fieri
2685 2332 2790 2372 non
2817 2326 2994 2386 potest
3018 2328 3074 2372 ut
3101 2318 3316 2388 perdas.
3343 2319 3586 2388 Quando
3662 2358 3670 2362 -

1957 2425 2086 2479 ergo
2115 2410 2314 2466 videris
2345 2425 2534 2464 aurum
2577 2424 2701 2465 esse
2745 2410 3035 2481 pulchrum
3062 2454 3076 2476 ,
3098 2393 3153 2467 et
3177 2413 3383 2468 veritus
3411 2412 3585 2471 fueris-

1959 2501 2011 2556 id
2040 2501 2237 2571 ejicere
2259 2543 2274 2567 ,
2307 2504 2528 2557 veniant
2580 2502 2676 2556 tibi
2703 2502 2756 2556 in
2788 2513 3025 2558 mentem
3071 2504 3104 2558 ii
3137 2506 3226 2576 qui
3259 2507 3530 2563 setniaant
3556 2550 3584 2575 ν

1960 2592 1993 2646 ii
2024 2593 2114 2663 qui
2154 2591 2513 2658 (maturantur,
2540 2592 2572 2646 ii
2604 2593 2696 2663 qui
2720 2603 3055 2649 mercaturas
3084 2606 3383 2660 exercent,
3412 2598 3503 2669 qui
3543 2613 3575 2653 a

1958 2691 2172 2751 sumptu
2195 2693 2249 2736 et
2277 2682 2537 2752 impensis
2557 2684 2819 2754 incipiunt
2846 2726 2859 2747 ,
2890 2698 3013 2739 eum
3047 2693 3224 2741 tamen
3259 2685 3483 2742 incertis
3511 2703 3576 2743 ea

1959 2774 2123 2829 rebus
2147 2774 2515 2829 committant:
2541 2789 2664 2830 nam
2683 2783 2738 2830 et
2763 2775 2958 2831 ﬂuetus
2983 2785 3037 2831 et
3061 2785 3217 2832 terrm
3235 2777 3411 2845 sinus,
3425 2779 3577 2836 debi-

1961 2873 2247 2936 torumque
2272 2867 2615 2937 syngraphas,
2647 2867 2828 2922 omnia
2857 2879 2982 2923 sunt
3005 2870 3229 2924 incerta.
3249 2869 3407 2943 S.rpe
3427 2873 3584 2927 enim

1960 2957 2012 3014 in
2063 2967 2209 3012 sorte
2256 2957 2514 3012 damnum
2566 2970 2894 3029 accepi-runt
2934 2960 3336 3017 faeneratores:
3381 2964 3578 3020 caelum

1960 3059 2138 3102 autem
2167 3049 2254 3119 qui
2278 3049 2406 3103 colit
2430 3049 2686 3120 agricola,
2705 3050 2833 3105 nihil
2859 3051 3053 3106 borum
3078 3054 3284 3120 metuit,
3311 3054 3405 3110 sed
3427 3067 3480 3110 et
3507 3054 3578 3110 de

1960 3151 2107 3194 sorte
2128 3182 2142 3206 ,
2175 3149 2230 3195 et
2259 3140 2326 3196 de
2370 3140 2579 3196 fcenore
2608 3151 2790 3212 potest
2833 3158 2955 3198 esse
2980 3158 3204 3200 securus
3224 3185 3242 3212 ,
3279 3146 3324 3201 si
3353 3145 3457 3202 hoc
3487 3148 3574 3202 di-

1961 3233 2193 3287 cendum
2232 3234 2303 3288 sit
2347 3231 2526 3288 l‘mnus
2563 3242 2619 3289 et
2644 3250 2753 3289 non
2792 3245 2946 3291 sorte
2975 3235 3135 3306 longe
3161 3239 3414 3308 amplius.
3446 3239 3582 3298 Sors

1961 3326 2106 3379 enim
2136 3333 2219 3380 est
2266 3326 2532 3394 pecunia;
2583 3325 2759 3381 {tenus
2795 3336 2976 3382 autem
3022 3344 3248 3399 regnum
3295 3332 3576 3387 cmlorum.

1968 3416 2157 3470 Vidisti
2203 3424 2446 3470 naturam
2495 3417 2712 3484 mutui,
2762 3419 2907 3489 quod
2949 3420 3113 3475 habet
3159 3437 3380 3479 usuram
3428 3435 3580 3483 sorte

1965 3508 2120 3578 longe
2168 3524 2236 3562 ιιι·
2255 3508 2474 3579 jorem?
2503 3509 2573 3563 Et
2602 3508 2720 3565 inec
2758 3510 2976 3581 quidem
3026 3513 3078 3567 in
3111 3512 3293 3569 l‘utnro
3318 3533 3332 3570 :
3357 3517 3412 3571 in
3444 3534 3582 3587 prae-

1962 3602 2098 3656 smiti
2129 3611 2307 3656 autem
2341 3619 2588 3673 magnam
2613 3604 2918 3660 libertatem
2945 3609 3317 3678 consequeris,
3351 3609 3460 3665 eris
3490 3628 3580 3666 rc-

1966 3707 2146 3778 motus
2193 3695 2262 3748 ab
2301 3695 2557 3751 omnibus
2602 3695 2813 3751 insidiis
2837 3739 2852 3765 ,
2887 3698 3340 3755 calumniatorum
3366 3710 3421 3757 et
3451 3703 3592 3758 insi-

1964 3791 2234 3846 diatorum
2279 3792 2632 3860 cupiditatem
2680 3792 3030 3862 exstingues;
3062 3792 3211 3848 vives
3243 3810 3435 3851 secure
3465 3807 3590 3851 toto.

1967 3884 2089 3937 vita:
2125 3894 2389 3953 tempore,
2421 3893 2478 3938 ut
2502 3883 2594 3954 qui
2615 3899 2713 3938 nec
2739 3885 2955 3954 angaris
2984 3878 3351 3943 sollicitudine
3379 3887 3448 3944 de
3475 3891 3591 3946 tuis.

1967 3979 2143 4044 bonis,
2163 3988 2332 4049 etspe
2355 3981 2654 4035 futurorum
2679 3980 2944 4035 bonorum
2979 3981 3224 4051 erigaris.
3256 3980 3430 4038 Cornu
3471 3985 3583 4058 ejus

1966 4074 2272 4128 exaltabitur
2320 4074 2373 4127 in
2427 4074 2615 4145 gloria.
2647 4072 2800 4140 Quod
2832 4083 2916 4130 est
2959 4075 3193 4130 maxime
3219 4079 3582 4146 expetendum

1971 4167 2297 4230 hominibus,
2317 4167 2420 4222 hoc
2450 4168 2599 4237 ponit
2620 4168 2858 4233 assidue,
2883 4166 3228 4236 splendorem
3251 4178 3306 4224 et
3331 4169 3584 4240 gloriam,

1969 4278 2088 4331 qua:
2126 4270 2180 4315 et
2209 4261 2317 4315 illic
2353 4276 2448 4317 eos
2478 4262 2708 4328 excipiet
2731 4303 2745 4323 ,
2774 4269 2830 4316 et
2861 4261 2947 4314 hic
2986 4259 3066 4314 eis
3087 4259 3263 4315 aderit
3288 4261 3503 4320 abunde
3532 4273 3592 4320 et

1967 4357 2208 4423 largiter.
2252 4352 2425 4408 Nemo
2473 4361 2557 4408 est
2581 4353 2726 4407 enim
2758 4351 2896 4407 adeo
2925 4351 3106 4406 clarus
3153 4361 3208 4406 et
3239 4352 3496 4425 insignis,
3526 4367 3590 4412 ut

1972 4459 2300 4498 IIIISCI'ICOI'S.

2044 4540 2097 4592 6.
2127 4538 2190 4592 Et
2219 4537 2263 4593 si
2307 4538 2418 4604 vis,
2448 4537 2634 4608 accipe
2677 4551 2774 4592 eos
2800 4536 2889 4607 qui
2931 4535 2984 4591 in
3027 4537 3175 4592 eirco
3197 4547 3252 4592 ct
3279 4538 3330 4592 in
3361 4537 3592 4598 theatris

1973 4641 2177 4689 temere
2215 4647 2310 4686 sua
2356 4641 2688 4686 consumunt
2722 4648 2736 4686 :
2766 4630 2871 4685 duc
2910 4631 2963 4684 in
2995 4631 3231 4686 medium
3272 4634 3588 4691 misericor-

1973 4725 2135 4788 dem,
2168 4733 2223 4778 et
2268 4733 2396 4778 tunc
2426 4722 2634 4776 videbis
2662 4731 2897 4791 quantus
2925 4722 2995 4776 sit
3026 4723 3310 4793 utriusque
3339 4723 3546 4780 fructus
3573 4743 3588 4792 ;

1972 4817 2246 4888 quomodo
2272 4831 2393 4870 cum
2422 4814 2640 4886 quidem
2669 4828 2860 4868 omnes
2887 4822 3148 4883 perpetuo
3180 4815 3396 4869 laudant
3423 4818 3593 4871 etad-

1978 4911 2261 4973 ntirantur,
2281 4921 2625 4962 communem
2648 4914 2852 4976 patrem
2870 4914 2926 4959 el
2949 4917 3161 4976 portum
3182 4906 3592 4966 existimantes:

1978 5003 2052 5055 illi
2084 5011 2264 5055 autem
2295 5015 2417 5055 cum
2448 4998 2538 5053 illa
2579 4998 2756 5051 solum
2783 4996 2872 5051 die
2904 4998 3213 5067 importuno
3250 4998 3482 5067 quodam
3535 5011 3592 5055 et

1981 5094 2270 5152 temerario
2322 5095 2524 5162 impetu
2573 5091 2977 5162 applauserint,
3015 5099 3198 5159 postea
3231 5091 3596 5148 criminantur

1982 5203 2031 5242 ιιι
2057 5187 2332 5241 crudelem
2349 5193 2403 5240 et
2425 5183 2799 5248 inhumanum,
2825 5181 3083 5237 ut-inanis
3107 5183 3291 5253 gloriae
3315 5184 3593 5254 cupidum,

1984 5293 2037 5335 ut
2067 5279 2496 5349 intemperantia
2524 5277 2859 5345 ministrum,
2886 5285 2940 5331 et
2967 5291 3184 5331 servum
3208 5276 3593 5348 improbitatis.

1982 5375 2085 5430 Sed
2116 5381 2171 5426 et
2217 5373 2262 5427 si
2309 5371 2363 5425 in
2408 5371 2764 5426 conventibus
2794 5370 3120 5440 quandoque
3160 5369 3231 5425 de
3259 5370 3424 5424 rebus
3450 5370 3601 5441 ejus-

1987 5466 2130 5520 modi
2186 5465 2382 5534 agitur,
2414 5464 2629 5518 illorum
2677 5462 2894 5533 quidem
2945 5471 3205 5517 notantur
3232 5473 3480 5533 sumptus
3500 5504 3518 5528 ,
3548 5475 3602 5520 et

1989 5559 2460 5628 reprehenduntur
2481 5558 2774 5628 impensm;
2813 5557 2911 5611 hos
2942 5564 3121 5612 autem
3155 5569 3316 5610 nemo
3355 5565 3439 5609 est
3467 5555 3605 5611 adeo

2057 5771 2069 5796 ‘
2110 5775 2257 5828 Iteg.,
2294 5762 2483 5826 aptimis
2518 5775 2632 5812 usus
2665 5767 2734 5810 est
2772 5756 3100 5828 dictionibus;
3137 5757 3228 5805 sed
3270 5756 3445 5808 melior
3476 5755 3606 5810 Editi

1995 5831 2143 5881 lectio
2172 5818 2262 5880 est.
2290 5818 2581 5892 quamquam
2610 5832 2774 5889 [asset
2801 5825 2946 5874 etiam
2974 5818 3052 5872 illa
3078 5828 3228 5871 stare.
