4058 6440
532 360 638 416 99'.)

529 475 810 543 impudens
835 482 888 527 et
913 476 1205 529 sceleratus
1225 514 1239 533 .
1272 476 1359 544 qui
1390 476 1601 530 etiamst
1627 477 1694 529 sit
1716 476 1905 529 millies
1926 475 2120 533 crude-

528 569 591 621 iis
617 574 670 621 et
699 564 1043 631 inhumanus,
1075 582 1179 618 non
1213 563 1390 621 laudet
1418 577 1470 621 et
1496 567 1806 621 admiretur.
1843 566 2121 635 Ejusmodi

460 712 463 713 ν
528 662 668 715 enim
698 674 782 712 res
813 666 895 712 est
922 657 1121 723 virtus,
1151 668 1207 711 ut
1234 659 1397 711 etiam
1424 658 1492 712 ab
1517 658 1579 712 iis
1604 658 1695 726 qui
1726 658 1867 711 illam
1899 662 2004 712 nm-
2032 672 2120 711 se-

522 761 758 821 quuutur
800 750 1082 804 laudetur:
1114 750 1560 818 quemadmodum
1600 750 1785 803 vitium
1836 750 1903 802 its
1958 749 2118 803 etiam

520 841 608 909 qui
640 840 688 893 ei
720 852 843 892 sunt
865 839 1035 911 dediti
1058 881 1071 899 .
1099 840 1188 893 sit?
1207 855 1431 893 exosum
1459 848 1514 892 et
1563 839 1981 907 reprehensione
2008 840 2120 907 ple-

522 946 669 983 unm.
704 929 883 999 Itaque
905 930 1023 983 illos
1043 930 1255 998 quidem
1281 946 1380 984 nec
1408 930 1441 983 ii
1469 931 1559 1000 qui
1583 930 1849 998 accipiunt
1872 929 2081 1009 laudapt
2100 970 2115 992 ,

520 1022 829 1075 meretrices
852 1062 867 1087 ,
898 1020 1113 1087 inquam
1140 1060 1155 1083 ,
1187 1022 1384 1091 aurigae
1413 1062 1429 1085 ,
1459 1032 1514 1075 et
1539 1022 1819 1075 saltatores
1842 1061 1857 1087 ,
1900 1021 1992 1074 sed
2024 1036 2118 1075 eos

458 1094 462 1099 “
516 1116 678 1168 etiam
709 1114 1036 1167 insectantur
1069 1130 1079 1164 :
1112 1112 1249 1166 hunc
1280 1123 1458 1166 autem
1507 1128 1611 1165 non
1650 1113 1823 1165 solum
1848 1110 2115 1181 pauperes

515 1205 605 1273 qui
632 1214 974 1273 acceperunt,
1008 1203 1101 1257 sed
1135 1204 1167 1255 ii
1191 1203 1349 1257 etiam
1374 1203 1439 1257 ad
1463 1218 1597 1272 quos
1625 1201 1753 1255 nihil
1779 1201 1932 1255 rediit
1962 1218 2025 1257 ex
2055 1202 2116 1254 li-

518 1295 794 1348 hcralitate
818 1307 1007 1348 onuies
1029 1294 1362 1346 mirabuntur
1385 1303 1437 1347 et
1463 1292 1736 1365 (amabunt.
1763 1292 1849 1347 lt).
1873 1291 2114 1345 Peccator

515 1386 694 1439 ridebit
725 1395 770 1439 et
797 1389 1043 1438 irascetur
1063 1372 1326 1439 :deutibus
1354 1384 1461 1437 suis
1484 1384 1661 1452 fremet
1689 1393 1735 1436 et
1765 1384 1998 1436 tabescet.
2016 1383 2113 1435 Ta-

514 1478 580 1529 lis
609 1491 694 1530 res
723 1486 809 1531 est
838 1476 1040 1529 virtus:
1064 1475 1189 1529 vitio
1215 1473 1387 1544 gravis
1408 1484 1462 1528 et
1493 1474 1734 1527 molesta.
1756 1474 2112 1541 Quemadmo-

509 1572 635 1621 dum
664 1568 804 1620 enim
838 1567 973 1643 ignis
1001 1566 1247 1619 accendit
1279 1564 1483 1633 spinas,
1519 1564 1587 1617 ita
1619 1564 1778 1618 etiam
1812 1565 2111 1633 benignitas

510 1661 716 1712 feroces
743 1658 986 1711 heminas
1017 1657 1187 1711 irritat
1219 1673 1232 1709 :
1265 1672 1328 1710 ea
1357 1656 1499 1708 enim
1547 1656 1757 1709 illorum
1798 1656 2107 1725 improbita-

510 1761 615 1804 tem
650 1748 990 1817 reprehendit
1015 1758 1066 1801 et
1093 1756 1334 1801 accusat.
1366 1746 1470 1802 Sed
1522 1747 1643 1800 vide
1687 1763 1809 1801 cum
1832 1790 1847 1813 ,
1893 1763 1958 1800 ne
1986 1762 2106 1803 cum

510 1839 706 1893 invidia
735 1838 950 1908 quidem
988 1837 1280 1892 extahescit
1306 1878 1322 1902 ,
1350 1837 1548 1891 audere
1586 1852 1841 1891 accusare
1864 1878 1879 1901 ,
1912 1847 1965 1891 et
1993 1837 2107 1891 cla-

506 1945 625 1992 rum
656 1930 861 1983 virtutis
898 1940 1171 1997 aspectum
1203 1928 1425 1991 intueri,
1455 1927 1549 1981 sed
1579 1938 1766 1981 tncnte
1794 1928 2009 1997 quidem
2040 1927 2104 1983 li-

507 2036 784 2088 quescere,
812 2031 867 2075 et
889 2021 1138 2076 dentibus
1167 2020 1409 2075 dolorem
1436 2020 1741 2088 ostendere,
1769 2038 1874 2076 non
1904 2022 2105 2079 audere

505 2126 683 2165 au'em
708 2112 924 2167 verbum
951 2110 1320 2181 proferre,sed
1352 2122 1553 2165 tantum
1578 2112 1695 2182 angi
1714 2122 1768 2187 et
1786 2114 2101 2168 excruciari.

590 2202 706 2256 νῆιὶὶ
733 2204 959 2272 findit“;
989 2203 1186 2255 virtutis
1211 2203 1471 2270 splendor.
1494 2232 1567 2241 —
1596 2184 1735 2258 Talc'
1752 2213 1833 2258 est
1851 2204 1993 2259 enim
2023 2206 2105 2259 vi-

512 2305 648 2347 ttam
676 2295 923 2349 :etiamsi
945 2292 1009 2346 ad
1040 2293 1151 2363 ipsa
1186 2302 1393 2361 sceptra
1416 2293 1738 2360 ascenderit,
1771 2298 1988 2363 etjuxta
2012 2312 2103 2351 eos
2152 2344 2155 2347 γ

501 2400 527 2438 s
552 2386 727 2449 etei-it,
752 2401 979 2455 quorum
1006 2394 1129 2439 sunt
1146 2386 1316 2455 capita
1333 2387 1505 2441 cincta
1531 2386 1852 2452 diademate.
1872 2400 1953 2445 est
1975 2404 2097 2443 om-

501 2480 645 2530 nium
669 2477 1101 2545 ahjectissimmn,
1132 2487 1186 2530 et
1206 2478 1436 2533 τιιηὶωο
1477 2477 1906 2545 fonnirhdowm,
1937 2492 1990 2534 et
2028 2482 2100 2535 si-

501 2569 626 2621 mile
652 2568 911 2622 est‘alicui
930 2569 1170 2638 strepitui
1197 2583 1258 2622 ac
1276 2569 1541 2627 tutnultui.
1562 2577 1617 2623 et
1635 2571 1765 2623 mari
1792 2571 2096 2635 insanienti,

497 2663 706 2715 etiamsi
732 2661 801 2715 sit
828 2662 1055 2714 maxima
1072 2662 1321 2729 stipatum
1344 2661 1579 2731 potentia
1602 2680 1616 2715 :
1640 2662 2092 2731 quema'ltnodum

499 2754 669 2806 virtus
712 2769 744 2807 e
788 2753 1074 2825 contrario.
1106 2752 1237 2807 Nam
1285 2753 1409 2807 licet
1438 2754 1504 2807 ad
1546 2763 1842 2825 extremam
1875 2755 2088 2810 redacta

497 2847 567 2897 sit
596 2845 846 2913 inopiam,
882 2854 931 2898 et
960 2844 1029 2897 sit
1060 2842 1110 2898 in
1142 2844 1255 2911 ipso
1284 2858 1533 2911 carcere,
1559 2823 1648 2899 ‘cst
1677 2847 1892 2915 regibus
1919 2847 2100 2916 splen-

497 2934 695 3002 didior,
722 2950 1019 3004 tnagnaque
1042 2934 1231 2989 fruitur
1256 2936 1564 3001 securitate,
1589 2946 1651 2989 ac
1676 2937 1828 2989 sedet
1860 2938 1911 2989 in
1943 2947 2097 3005 portu

496 3025 659 3079 nullis
705 3026 904 3094 agitato
936 3026 1210 3088 lluctibus,
1245 3041 1351 3078 non
1411 3025 1570 3078 modo
1609 3026 1737 3079 nihil
1786 3029 1993 3095 patiens
2028 3030 2097 3083 ab

496 3116 774 3186 ititproltis,
795 3117 887 3169 sed
912 3117 992 3169 vel
1021 3117 1134 3185 ipso
1155 3116 1369 3170 silentio
1391 3116 1572 3169 ulcisci
1591 3128 1777 3183 potens
1796 3117 2091 3186 improbos,

426 3246 429 3249 »
492 3224 546 3264 et
598 3210 665 3263 de
720 3210 1055 3278 improbitate
1104 3218 1375 3262 extrctuas
1427 3223 1613 3277 poenas
1665 3210 1906 3279 exigens.
1954 3210 2092 3278 Quid

505 3301 647 3354 enim
682 3301 930 3353 miserius
960 3299 1174 3352 ltotuiue
1203 3314 1323 3353 esse
1369 3310 1578 3366 potest,
1609 3295 1705 3369 qui
1730 3302 1850 3353 vivit
1892 3302 1941 3353 in
1970 3317 2092 3356 sce~

496 3392 629 3455 lere,
661 3390 873 3460 quamlo
906 3402 1254 3458 pra-terqnam
1279 3389 1420 3458 quod
1460 3392 1659 3444 serviat
1684 3393 1953 3459 pecuniis,
1986 3409 2092 3447 etc-

494 3492 835 3552 tcrvrumque
868 3482 1074 3534 laudem
1103 3496 1251 3534 suam
1285 3496 1495 3550 ptBllatll
1519 3481 1786 3536 existimat
1806 3525 1822 3549 ,
1844 3493 1898 3537 et
1921 3484 2033 3553 ipse
2059 3502 2089 3539 a

495 3575 673 3645 scipso
699 3576 890 3643 supplit
908 3574 1015 3627 ium
1045 3573 1236 3643 exigit,
1266 3587 1417 3626 suam
1440 3573 1821 3627 conscientiam
1846 3574 2051 3628 lanians
2073 3618 2087 3639 ,

494 3678 727 3720 tuentem
758 3664 1090 3727 excruciatus,
1114 3675 1167 3718 et
1197 3663 1432 3733 scipsum
1464 3664 1565 3716 sibi
1597 3665 1900 3718 carnilicem
1932 3667 2085 3719 exhi-

496 3757 673 3811 lens?
705 3756 887 3809 Vidisti
922 3757 1130 3808 virtutis
1161 3754 1531 3809 excellentiam
1561 3764 1615 3809 et
1642 3756 1973 3823 potentiam?
2004 3757 2084 3811 \l-

491 3848 615 3900 disti
644 3830 1057 3900 imbecillitatem
1079 3854 1134 3900 et
1159 3846 1427 3901 miseriam
1457 3847 1745 3915 nequitim?
1770 3847 1875 3902 Sed
1906 3864 2013 3903 non
2037 3849 2089 3916 in

495 3939 598 3992 huc
624 3940 739 3992 solo
764 3940 880 4015 ejus
923 3939 1167 3992 emisistit
1194 3938 1468 3992 calamitas
1494 3980 1508 4002 ,
1535 3938 1629 3993 sed
1659 3940 1819 3994 etiam
1869 3940 1920 3997 in
1967 3942 2089 3997 aliis

496 4035 772 4103 pluribus:
802 4035 941 4103 quod
982 4036 1150 4103 ipsum
1191 4049 1402 4103 quoque
1430 4020 1735 4103 significans
1773 4034 2086 4103 subiunxit,

492 4128 677 4180 Iitt‘t‘lls
704 4145 715 4179 :
747 4126 1061 4179 Desidcn'um
1090 4138 1408 4195 peccatorum
1439 4127 1635 4196 peribit.
1668 4127 1804 4195 Quid
1833 4138 1914 4182 est
1934 4171 1948 4194 ,
1984 4128 2086 4181 De-

492 4218 733 4275 silit-rium
770 4228 1089 4286 peccatorum
1124 4218 1347 4285 peribit?
1371 4218 1690 4287 Numquam,
1718 4219 1906 4287 inquit,
1940 4220 2083 4273 sisti-

494 4318 599 4360 tur.
632 4311 763 4375 Quia
787 4310 927 4363 euim
956 4325 1016 4363 ea
1047 4324 1165 4377 qua:
1208 4308 1515 4373 desiderat,
1538 4322 1661 4363 sunt
1693 4309 1831 4364 ﬂuxa
1867 4320 1921 4364 et
1948 4327 2081 4379 pra--

494 4401 864 4464 terettrrcntia,
889 4400 1212 4453 desiderium
1234 4415 1447 4469 quoque
1475 4415 1560 4453 res
1584 4401 1836 4465 imitatur,
1862 4412 1918 4454 ut
1944 4400 2084 4470 quod

491 4492 858 4561 exstinguatur
897 4502 951 4544 et
994 4500 1211 4559 pereat,
1240 4500 1297 4545 et
1340 4491 1537 4543 nullam
1586 4492 1817 4544 radicem
1868 4491 2083 4545 habeat.

489 4586 643 4663 Quod
676 4586 717 4639 si
748 4586 862 4638 talis
888 4594 972 4639 est
996 4584 1083 4637 hic
1110 4584 1404 4653 peccatOris
1431 4593 1600 4637 status
1618 4624 1630 4645 ,
1664 4584 1834 4653 Cogita
1854 4600 2085 4659 quonam

494 4678 653 4731 modo
682 4693 739 4730 se
766 4677 980 4730 habebit
1009 4677 1061 4729 in
1110 4676 1286 4729 futuro
1315 4676 1546 4731 smenlo.‘
1571 4676 1647 4730 Ne
1687 4676 1800 4731 haec
1829 4692 1959 4748 ergo
1988 4693 2048 4746 pe

494 4770 708 4830 tianiur,
740 4766 878 4820 hanc
908 4768 1045 4819 viam
1079 4765 1342 4836 fugiamus
1363 4808 1377 4830 ,
1411 4761 1555 4819 illaiu
1587 4766 1847 4836 eligamus
1874 4809 1888 4833 ,
1917 4769 1967 4821 in
1998 4768 2084 4827 illa

491 4871 749 4941 perpetuo
777 4860 1101 4936 gradiantur,
1122 4869 1243 4912 tuta
1266 4902 1280 4923 ,
1311 4860 1724 4928 inexpugnabili,
1753 4860 1902 4929 plena
1932 4863 2081 4914 volu-

491 4954 673 5022 ptatis,
699 4970 817 5021 qua:
864 4950 1054 5004 referta
1085 4961 1164 5004 est
1186 4951 1353 5018 gloria
1376 4993 1401 5014 ,,
1422 4966 1540 5019 qua:
1565 4954 1753 5005 ρωιιιιιι
1799 4954 1955 5009 nobis
1990 4970 2081 5007 ac-

487 5045 676 5113 quirit,
703 5026 818 5113 qum.
853 5044 901 5095 in
930 5042 1176 5096 omnibus
1202 5043 1291 5095 Dei
1322 5043 1475 5096 nobis
1503 5043 1926 5097 benevolentiam
1954 5062 2083 5098 emt-

487 5136 538 5188 ci
564 5136 654 5197 iat,
686 5149 804 5203 qum
833 5132 957 5186 facit
1001 5143 1057 5186 ut
1103 5133 1558 5202 philoSophetuur,
1591 5152 1706 5201 qutt-
1738 5148 1813 5188 tot
1856 5147 1910 5189 et
1940 5147 2084 5191 tanta

491 5228 545 5289 in
572 5241 629 5279 se
662 5225 796 5279 bona
824 5226 1090 5288 continet,
1122 5236 1315 5294 quanta
1366 5242 1433 5278 ne
1474 5238 1645 5279 oratio
1670 5229 1887 5297 quidem
1914 5233 2082 5299 expli-

484 5334 610 5372 care
633 5310 827 5387 poterit
854 5334 866 5369 :
899 5333 1017 5386 qua:
1042 5317 1198 5371 detur
1226 5319 1472 5373 omnibus
1503 5320 1655 5373 nobis
1677 5324 1936 5391 consequi
1962 5342 2081 5393 gra-

486 5418 558 5475 tia
584 5419 637 5462 et
668 5406 1029 5467 misericordia
1049 5450 1061 5471 ,
1087 5419 1190 5461 etc.

969 5520 1030 5573 IN
1074 5520 1194 5574 I'SA
1206 5520 1390 5575 LMU.“
1432 5520 1587 5575 CXII.

486 5614 531 5671 1.
579 5611 829 5677 Laudato,
865 5612 1027 5678 pueri,
1072 5611 1365 5674 Dominum,
1407 5614 1611 5666 laudate
1640 5631 1817 5667 nomen
1850 5614 2073 5669 Domini.

562 5731 604 5789 ι.
639 5724 773 5787 Lam
820 5724 917 5787 Dei
962 5726 1080 5795 quid
1126 5726 1431 5796 diﬁicultaJs
1464 5726 1677 5788 lubeat;
1730 5744 1911 5779 nomen
1970 5727 2075 5781 Dav

482 5833 739 5895 e.t-'tt\per
790 5836 877 5873 nos
928 5832 975 5872 ut
1017 5820 1425 5893 glct‘iﬁtuudum.
1488 5850 1558 5859 —
1604 5820 1776 5882 uitii]!
1824 5837 1881 5878 in
1920 5823 2067 5877 Sttio

1242 361 1309 449 ε..
1340 358 1619 423 ιυεικκιδ
1656 360 2138 419 ettavsosrosu
2177 344 2499 421 ARCtliEP.
2539 365 3085 426 consumma

3739 378 3845 436 δυο

2233 479 2405 547 pluris
2480 480 2786 551 huiusmodi
2856 484 3040 541 laudes
3111 499 3613 543 commemorantur
3668 509 3681 542 :
3736 506 3841 545 tml

2227 579 2311 624 est
2355 566 2497 625 enim
2543 572 2668 643 quid
2722 574 2840 628 leve
2870 616 2883 637 ,
2958 577 3052 630 sed
3128 578 3449 632 Sacrificium
3515 582 3840 650 quoddam,

2228 670 2284 715 et
2340 663 2542 717 oblatio
2596 664 2707 718 Deo
2731 676 2950 735 accepta
3003 687 3017 721 :
3063 669 3588 735 Sacriﬁciumcuim,
3644 674 3839 742 inquit.

2227 753 2398 808 laudis
2450 755 2758 827 gloriﬁcabt't
2811 775 2891 813 me
2948 759 3124 829 (Psai.
3181 763 3271 817 49.
3325 765 3441 833 25).
3501 766 3566 819 Et
3600 782 3837 821 rursus:

2226 844 2699 905 Laudabornomcn
2747 848 2843 904 Dei
2890 853 2988 905 mei
3037 869 3154 905 cum
3202 858 3400 910 cantico
3426 898 3442 921 ,
3491 859 3840 929 magniﬁcatus

2222 938 2391 1006 ipsum
2421 941 2471 992 in
2503 940 2655 994 laude
2682 959 2701 995 .'
2731 952 2777 995 et
2818 943 3033 1011 placebit
3070 942 3181 1000 Deo
3223 964 3376 1014 δαρει-
3407 949 3620 1003 vitulum
3659 960 3839 1004 itaret-

2226 1029 2357 1093 lum,
2409 1046 2604 1084 cornua
2646 1029 3007 1101 praducentem
3046 1046 3093 1088 et
3133 1038 3355 1107 ungulas
3397 1038 3589 1106 (Psol.
3620 1040 3711 1095 68.
3742 1043 3836 1095 5t.

2223 1118 2336 1185 ὄρ).
2367 1119 2515 1175 Sacri
2567 1137 2783 1192 quoque
2832 1123 2952 1177 libri
3005 1125 3057 1178 id
3102 1141 3247 1195 sa'pe
3291 1130 3629 1199 praecipiunt,
3659 1140 3715 1184 ct
3742 1133 3837 1198 qui

2222 1220 2522 1275 servantur,
2570 1228 2667 1279 pro
2710 1214 2918 1289 magnis
2954 1215 3243 1283 gratiarum
3283 1200 3591 1273 ac;i0uihus
3618 1221 3670 1274 id
3699 1222 3837 1277 olfe-

2219 1312 2362 1355 runt.
2412 1302 2477 1355 Et
2502 1319 2788 1372 quamnant
2822 1305 3003 1369 habet,
3034 1306 3265 1377 inquies,
3297 1310 3399 1365 hoc
3423 1310 3836 1369 difﬁcultatem!

2217 1394 2301 1446 cui
2333 1402 2509 1448 autem
2542 1396 2620 1449 vel
2660 1395 2878 1451 humilis
2919 1408 2975 1451 et
3003 1399 3227 1467 abiecta:
3254 1401 3577 1459 conditionis
3605 1406 3657 1458 id
3691 1422 3835 1473 pra:-

2215 1494 2379 1551 stare,
2409 1497 2462 1541 et
2507 1487 2677 1542 Deum
2712 1490 2929 1545 laudare
2958 1507 3064 1546 non
3092 1503 3174 1547 est
3203 1495 3403 1550 facile?
3450 1496 3507 1553 Si
3554 1515 3669 1553 rem
3707 1499 3837 1555 dili-

2213 1585 2403 1645 genter
2435 1587 2489 1632 et
2517 1588 2705 1634 exacte
2749 1580 3022 1643 didiceris.
3069 1583 3278 1638 videbis
3308 1598 3359 1640 et
3386 1587 3621 1642 laborem
3654 1591 3745 1659 qui
3778 1592 3834 1645 in

2214 1683 2272 1721 re
2303 1667 2459 1728 inest.
2503 1678 2557 1723 et
2608 1670 2813 1724 lucrmn
2860 1673 2999 1741 quod
3029 1669 3095 1727 ei
3126 1690 3187 1729 ea
3219 1672 3529 1747 percipitur.
3581 1680 3833 1739 Primum

2212 1760 2428 1829 quidem
2466 1760 2579 1817 haec
2607 1762 2722 1817 laus
2751 1779 2777 1815 a
2804 1764 2964 1832 justis
2992 1768 3306 1836 requiritur,
3334 1780 3388 1826 et
3415 1782 3632 1841 oportet
3654 1775 3824 1830 vitam

2218 1854 2365 1924 prius
2406 1864 2553 1911 recte
2594 1857 2999 1922 instituentem,
3050 1859 3281 1930 hymnos
3328 1863 3398 1917 ita
3448 1865 3557 1919 Deo
3602 1881 3827 1923 canere.

2213 1944 2335 1999 Non
2368 1956 2441 1999 est
2487 1949 2622 2001 enim
2669 1950 2887 2019 pulchra
2931 1951 3043 2004 laus
3081 1951 3133 2004 in
3171 1969 3258 2007 ore
3291 1957 3570 2023 peccatoris
3611 1957 3824 2031 (Eccli.

2212 2042 2299 2095 15.
2333 2042 2411 2113 9).
2464 2041 2714 2099 Secundo
2741 2061 2846 2099 non
2875 2046 3051 2103 verbis
3077 2048 3275 2115 solum,
3326 2049 3422 2104 sed
3462 2049 3625 2105 etiam
3670 2051 3831 2109 factis

2210 2132 2427 2190 laudare
2468 2145 2701 2207 oportet,
2755 2147 2809 2193 et
2855 2138 2989 2193 hanc
3036 2140 3246 2194 laudem
3289 2141 3428 2195 Deus
3476 2143 3712 2199 maxime
3743 2159 3830 2199 re-

2207 2226 2391 2296 quirit,
2432 2227 2571 2282 hanc
2613 2229 2835 2299 gloriam
2869 2247 2882 2283 :
2913 2229 3102 2284 Luceat
3143 2232 3333 2297 enim,-
3358 2233 3556 2303 inquit,
3604 2236 3699 2289 lux
3742 2252 3826 2290 ve-

2207 2330 2314 2373 stra
2352 2336 2526 2373 coram
2560 2320 2867 2390 hominibus,
2913 2332 2965 2374 ut
3007 2322 3209 2391 videant
3250 2340 3407 2395 Opera
3454 2336 3616 2379 ucstra
3655 2325 3813 2391 bona,

2210 2421 2258 2465 et
2306 2412 2591 2482 gloriﬁcent
2619 2412 2829 2467 Patrem
2880 2424 3102 2467 vestrum
3129 2416 3216 2485 qui
3242 2425 3317 2470 est
3345 2417 3396 2469 in
3426 2418 3563 2471 ca'lis
3594 2417 3821 2489 (Matth.

2205 2503 2261 2558 5.
2312 2504 2422 2573 l6).
2472 2503 2545 2558 Ita
2593 2504 2811 2559 laudant
2859 2506 3170 2561 Cberubim.
3220 2506 3482 2575 Quocirca
3550 2511 3823 2579 propheta

2208 2610 2422 2664 quoque
2463 2610 2583 2650 cum
2618 2596 2761 2651 illam
2786 2598 3063 2667 mysticam
3094 2598 3332 2653 audisset
3362 2599 3671 2667 melodiam,
3731 2617 3825 2656 δι’

2204 2686 2376 2755 ipsum
2420 2688 2676 2745 mlsermn
2736 2690 2989 2759 praedicat
3031 2692 3218 2747 dicens
3271 2708 3284 2745 :
3341 2691 3440 2745 Hei
3482 2694 3629 2760 mihi,
3678 2694 3823 2765 quod

2203 2780 2353 2834 homo
2382 2798 2515 2846 sum,
2566 2783 2769 2846 impura
2807 2783 2994 2837 habens
3034 2784 3190 2849 labia,
3236 2794 3285 2839 et
3323 2786 3491 2839 habito
3539 2788 3593 2840 in
3648 2790 3825 2842 medio

2205 2872 2381 2941 populi
2420 2872 2623 2942 impura
2670 2873 2807 2927 labia
2849 2874 3078 2928 habentis
3148 2876 3166 2943 (
3190 2874 3320 2930 Isai.
3349 2877 3402 2933 6.
3432 2876 3526 2950 5).
3586 2879 3653 2933 Et
3696 2880 3824 2936 ideo

2201 2977 2322 3017 cum
2384 2965 2629 3033 pra-cipit
2677 2965 2862 3020 laudes
2907 2964 3125 3033 offerre,
3176 2969 3357 3039 incipit
3387 2986 3415 3023 a
3447 2972 3823 3041 superioribus

2210 3056 2585 3123 potestatibus,
2640 3056 2720 3112 sic
2759 3058 2945 3113 dicens
2981 3078 2994 3113 :
3029 3059 3256 3114 Laudate
3300 3064 3579 3116 Dominum
3615 3065 3681 3119 de
3716 3082 3823 3121 ca:-

2199 3147 2283 3214 lis,
2332 3145 2539 3202 laudate
2576 3166 2690 3202 eum
2729 3166 2901 3203 omnes
2932 3151 3101 3222 angeli
3134 3154 3246 3221 ejus
3292 3152 3460 3223 (Psal.
3495 3156 3618 3210 H8.
3651 3158 3702 3211 t.
3730 3157 3817 3225 2).

2198 3239 2420 3309 Oportet
2450 3241 2628 3310 itaque
2668 3242 2914 3311 angelum
2962 3242 3099 3309 lteri,
3130 3256 3182 3298 et
3206 3245 3275 3298 ita
3306 3245 3543 3300 laudare.
3571 3246 3650 3303 Ne
3679 3264 3819 3319 ergo

2198 3329 2337 3386 hanc
2371 3330 2581 3387 laudem
2615 3348 2726 3387 rem
2764 3349 2886 3388 esse
2916 3335 3086 3391 levem
3115 3338 3485 3393 existimemus
3517 3357 3530 3393 :
3562 3340 3658 3395 scd
3687 3354 3820 3400 ante

2197 3438 2259 3477 os
2291 3434 2533 3477 nostrum
2566 3426 2671 3478 vita
2702 3435 2881 3479 nostra
2921 3426 3090 3497 ipsam
3137 3438 3315 3494 sonet,
3361 3441 3521 3501 atque
3548 3443 3674 3487 ante
3710 3435 3818 3489 lin-

2196 3529 2352 3581 guam
2382 3517 2502 3568 vitta
2533 3516 2831 3571 institutum
2862 3515 3182 3574 clametflta
3206 3521 3422 3590 quidem
3455 3524 3534 3577 vel
3568 3534 3817 3583 tacentes

2198 3604 2363 3657 Deum
2412 3605 2631 3682 laudare
2674 3622 3003 3675 possumus:
3040 3612 3108 3663 ita
3154 3613 3316 3666 etiam
3360 3615 3637 3682 loquentes
3679 3620 3816 3673 ede-

2199 3710 2318 3748 mus
2348 3680 2767 3751 modulationem
2801 3700 2921 3751 vita:
2951 3702 3381 3757 convenientem.
3429 3680 3545 3758 Non
3575 3705 3679 3762 hoc
3709 3724 3813 3764 au-

2198 3795 2303 3839 tem
2352 3787 2526 3841 solum
2571 3805 2637 3867 ex
2670 3789 2882 3844 Psalmo
2926 3791 3107 3847 dicere
3153 3810 3461 3864 possumus,
3513 3800 3610 3854 sed
3638 3804 3807 3860 etiam

2196 3879 2336 3949 quod
2368 3895 2557 3936 omnes
2586 3882 2747 3936 ducat
2772 3882 2838 3937 ad
2870 3884 3270 3954 symphoniam,
3317 3899 3372 3943 et
3408 3890 3631 3946 chorum
3666 3894 3809 3948 inte-

2198 3989 2352 4043 grum
2418 3984 2635 4029 statuat.
2714 3976 2826 4030 Non
2878 3978 3021 4031 enim
3072 3995 3234 4035 unum
3278 3991 3478 4041 tantum
3528 3996 3620 4046 aut
3663 3986 3809 4045 duos

2193 4064 2500 4132 alloquitur,
2545 4065 2639 4119 sed
2686 4067 2989 4122 universum
3034 4071 3311 4140 populum.
3356 4073 3414 4128 Et
3441 4078 3802 4144 quemadmo-

2192 4161 2319 4208 dum
2368 4155 2609 4210 Christus
2655 4173 2754 4211 nos
2789 4158 3062 4215 deducens
3113 4160 3178 4214 ad
3228 4165 3504 4219 caritatem
3565 4176 3623 4221 et
3670 4184 3807 4224 con-

2192 4247 2472 4309 cordiam,
2525 4248 2673 4314 jubet
2738 4265 3053 4306 communes
3107 4268 3293 4321 preces
3358 4255 3584 4322 offerri,
3620 4270 3677 4313 et
3732 4263 3805 4316 ab

2196 4339 2446 4390 universa
2498 4339 2733 4392 Ecclesia
2786 4350 3055 4408 tamquam
3114 4344 3181 4397 ab
3222 4362 3323 4398 una
3369 4362 3594 4413 persona
3641 4351 3747 4405 dici
3778 4393 3795 4417 ,

2195 4426 2351 4482 Pater
2401 4439 2569 4482 noster
2613 4446 2633 4485 :
2683 4442 2771 4494 et,
2821 4429 3012 4485 Panem
3058 4446 3288 4488 nostrum
3333 4440 3684 4506 quotidianum
3730 4446 3801 4495 da

2194 4522 2337 4574 nobis
2388 4520 2539 4575 hodie
2568 4540 2585 4574 :
2617 4533 2667 4577 et
2692 4564 2707 4589 ,
2760 4521 2968 4577 Dimitte
3012 4526 3165 4579 uobis
3208 4528 3374 4581 debita
3416 4541 3607 4593 nostra,
3662 4535 3797 4587 sicut

2192 4625 2238 4667 ε’
2286 4631 2375 4665 nos
2414 4612 2710 4676 dimittimus
2741 4632 2758 4669 :
2797 4627 2842 4668 et
2883 4633 2943 4669 ne
2972 4634 3060 4671 nos
3083 4620 3296 4672 inducas
3340 4624 3390 4674 in
3438 4626 3793 4691 tentationem,

2190 4706 2279 4759 sed
2322 4706 2477 4758 libera
2531 4723 2620 4759 nos
2664 4724 2697 4758 a
2736 4706 2871 4760 malo
2902 4708 3115 4779 (Matth.
3163 4709 3216 4764 6.
3260 4711 3315 4764 9.
3364 4714 3441 4766 ll.
3498 4713 3584 4767 η.
3635 4717 3726 4783 l3)
3778 4735 3789 4769 :

2194 4798 2387 4866 ubique
2446 4809 2605 4850 utens
2654 4799 2843 4867 plurali
2891 4802 3134 4865 nomine,
3189 4813 3243 4854 et
3298 4804 3611 4872 przrcipiens
3672 4811 3794 4861 uni-

2191 4889 2402 4956 cuique,
2449 4890 2562 4941 sive
2612 4889 2759 4941 solus
2802 4901 2940 4954 oiet,
2984 4891 3094 4944 sive
3138 4906 3260 4945 eum
3291 4894 3429 4953 aliis,
3471 4911 3567 4961 pro
3612 4896 3796 4951 fratri-

2192 4978 2289 5031 bus
2332 4979 2528 5032 oll'erre
2578 4983 2877 5033 orationem
2920 4998 2933 5033 ε
2974 4982 3057 5039 _ita
3108 4984 3267 5035 etiam
3330 4985 3587 5052 proriteza
3636 5001 3797 5043 vocat

2191 5084 2381 5125 Omnes
2410 5070 2565 5121 simul
2597 5072 2661 5123 ad
2693 5084 3008 5125 concentum
3037 5074 3318 5139 orationis,
3352 5087 3406 5128 et
3434 5076 3565 5130 dicit
3607 5096 3619 5129 :
3652 5078 3794 5133 Lutt-

2190 5163 2309 5213 dule
2334 5176 2511 5211 nomen
2540 5158 2764 5213 Domini.
2788 5162 2923 5226 Quid
2956 5163 3114 5232 igitur
3141 5165 3239 5217 sibi
3272 5166 3380 5219 vult
3412 5166 3527 5221 hmo
3556 5168 3794 5236 adjeclio

2191 5250 2463 5305 nominis?
2508 5251 2732 5305 Maxime
2780 5254 2994 5319 quidem
3029 5255 3262 5320 explicat
3312 5257 3651 5311 aﬂ'ectioueiu
3709 5262 3793 5315 di-

2188 5344 2358 5396 centis
2410 5360 2422 5392 :
2473 5341 2736 5408 signiﬁcat
2790 5346 2949 5397 etiam
3002 5345 3203 5414 aliquid
3255 5347 3435 5401 aliud:
3479 5350 3789 5416 Quldnuu?

2192 5434 2259 5489 Ut
2308 5453 2357 5488 tu
2381 5451 2502 5488 men
2550 5436 2666 5501 ejus
2701 5451 2793 5504 per
2836 5452 2936 5492 nes
2984 5438 3332 5507 gloriﬁcetur,
3380 5451 3437 5494 ut
3481 5459 3545 5495 ex
3604 5457 3789 5499 nostra

2190 5543 2403 5600 quoque
2446 5527 2548 5579 vita
2605 5528 2848 5581 Videntur
2888 5529 3203 5584 laudabile:
3252 5540 3336 5585 est
3380 5535 3521 5586 enim
3570 5536 3787 5604 quidem

2188 5631 2373 5671 natura
2430 5619 2534 5671 tale
2582 5635 2595 5669 :
2647 5618 2755 5671 vult
2805 5632 2982 5673 autem
3035 5620 3170 5675 hanc
3205 5637 3419 5691 quoque
3450 5624 3657 5677 laudem
3694 5642 3793 5697 per

2186 5722 2384 5764 rectam
2432 5720 2628 5763 nostra:
2673 5712 2795 5763 vita:
2850 5714 3239 5766 institutionem
3271 5714 3543 5769 illustrari.
3620 5718 3681 5771 lit
3731 5731 3789 5773 ut

2187 5802 2322 5855 scias
2375 5804 2443 5855 ιιι
2498 5816 2635 5867 c:se,
2691 5800 2807 5857 ride
2858 5819 2973 5873 qua:
3030 5816 3462 5877 consequuntur;
3517 5807 3789 5883 subiungit
