4058 6436
329 376 435 437 τιθί

331 498 479 551 enim
513 508 530 548 :
562 489 618 545 ἱ.
647 489 729 545 Sit
756 503 938 541 nomen
961 483 1168 538 Domini
1196 480 1542 545 brnedictutn,
1570 495 1633 531 ea:
1658 477 1755 530 hoc
1783 490 1942 544 nunc,

330 596 382 643 et
412 602 572 656 usque
598 586 651 639 in
681 577 1084 646 secutumﬂuid
1111 576 1248 632 dicis
1265 577 1290 629 Ἰ
1309 590 1425 629 non
1453 573 1555 629 erit
1582 571 1945 634 benediCtunt.

331 679 437 735 nisi
484 688 540 731 tu
592 683 839 746 pret-atus
887 671 1007 725 sis't
1047 667 1214 724 Vides
1264 682 1388 723 eum
1441 682 1546 720 non
1576 663 1760 719 dicere
1785 660 1853 716 de
1881 674 1948 716 ea

328 786 457 842 qua:
502 770 576 822 illi
602 766 753 820 adtest
781 760 1181 826 benedictione,
1210 769 1269 814 ct
1292 768 1377 814 est
1396 757 1514 827 ejus
1556 766 1764 811 natura:
1788 753 1947 808 attri-

331 864 485 928 Inita,
523 860 618 916 sed
644 858 713 913 de
736 872 799 912 ea
827 871 944 924 qua
980 855 1037 908 fit
1065 868 1159 924 per
1181 848 1463 905 homines?
1514 846 1709 902 Paulus
1729 858 1946 916 quoque

331 958 400 1012 de
430 970 495 1009 ea
522 952 766 1009 scribens
796 951 928 1006 dicit
959 966 973 1002 :
1008 945 1307 1017 Gloriﬁcnte
1333 959 1449 997 vero
1472 941 1636 1003 Deum
1656 941 1709 993 in
1735 952 1951 1010 corpore

330 1060 498 1103 oestro
539 1056 586 1100 et
610 1046 665 1100 in
702 1044 887 1116 spiritu
926 1051 1090 1096 testro
1130 1038 1209 1108 (ι.
1251 1035 1371 1091 Cor.
1419 1035 1475 1091 6.
1499 1032 1617 1105 90).
1668 1031 1789 1102 Ipse
1814 1044 1944 1101 ergo

330 1150 416 1197 est
439 1140 602 1201 altus,
632 1147 689 1192 et
718 1150 943 1206 magnus
968 1144 1024 1190 et
1052 1130 1335 1187 laudabilis
1358 1123 1461 1197 per
1485 1125 1726 1195 seipsum
1750 1140 1765 1190 ;
1802 1121 1944 1192 apud

332 1233 583 1290 homines
612 1241 795 1285 autem
828 1226 951 1283 talis
975 1239 1192 1297 quoque
1220 1222 1474 1287 efficitur,
1525 1216 1743 1288 quando
1772 1214 1861 1284 qui
1892 1214 1942 1268 ci

330 1325 597 1389 serviunt,
627 1322 789 1377 talem
820 1320 984 1374 vitam
1011 1315 1342 1373 ostenderim
1363 1354 1376 1375 ,
1411 1322 1467 1365 ut
1492 1310 1820 1382 quicumque
1845 1322 1942 1362 eos

332 1417 537 1481 vident,
580 1413 827 1470 laudibus
872 1419 928 1467 et
972 1406 1437 1465 benedictionibus
1488 1403 1773 1458 Dominum
1820 1413 1945 1468 ιιι-οε

328 1519 649 1579 sequantur.
695 1506 807 1561 Hoc
856 1506 1027 1574 ipsum
1074 1518 1171 1556 nos
1209 1512 1422 1579 quoque
1457 1497 1511 1551 in
1543 1492 1943 1563 precationibus

328 1578 487 1671 jussit
513 1597 775 1654 Dominus
803 1610 1018 1663 semper
1056 1593 1239 1648 dicere
1262 1632 1278 1654 ,
1325 1578 1610 1660 precantes
1639 1605 1653 1641 :
1685 1586 1938 1655 Sanctiﬁ-

328 1702 468 1747 αλια·
515 1706 701 1745 nomen
740 1694 884 1742 tuum
936 1684 1151 1758 (ﬂatth.
1183 1682 1218 1738 6
1266 1682 1325 1748 9)
1358 1699 1371 1739 :
1408 1681 1512 1735 huc
1541 1689 1642 1742 est,
1696 1679 1799 1734 Per
1844 1694 1943 1732 no-

328 1792 497 1839 stram
564 1796 778 1852 quoque
846 1779 1010 1832 vitam
1071 1774 1417 1848 glorifieetnr.
1470 1771 1939 1842 Quemadmodum

305 1875 473 1931 enim
525 1873 653 1929 dum
693 1871 834 1926 tnale
876 1869 1123 1932 vivimus,
1155 1866 1496 1922 contumeliis
1521 1874 1577 1921 et
1602 1864 1816 1938 probris
1856 1864 1940 1918 al-

328 1965 509 2021 ﬁt‘illll'
540 1981 554 2017 :
590 1964 661 2018 ita
690 1961 819 2018 dum
854 1961 1063 2015 virtutis
1099 1974 1286 2015 curam
1308 1958 1567 2030 gerimus,
1612 1958 1781 2027 gloria
1822 1956 1939 2011 nili-'-

327 2048 489 2122 citnr,
522 2054 884 2119 benedieitur,
915 2061 971 2108 et
994 2050 1381 2117 sanctiﬁcatur.
1426 2050 1581 2118 Quod
1624 2065 1753 2121 ergo
1783 2049 1935 2115 dicit,

326 2158 410 2204 est
455 2146 723 2219 ejusmodi
754 2164 769 2201 :
800 2144 908 2201 Fac
939 2155 997 2199 ut
1025 2159 1125 2199 nos
1153 2154 1413 2213 perpetuo
1444 2153 1591 2198 recte
1633 2152 1689 2197 et
1736 2158 1802 2198 ex
1833 2142 1939 2197 vir-

327 2251 443 2298 tute
490 2242 754 2305 vivaums,
820 2247 879 2294 ut
930 2238 1002 2291 sit
1051 2252 1246 2292 nomen
1286 2246 1434 2291 tuum
1492 2251 1586 2306 per
1629 2250 1729 2291 nos
1773 2236 1934 2290 etiam

324 2333 691 2389 benedictum.
746 2332 802 2388 ὅ.
854 2330 896 2385 Α
924 2330 1049 2385 solis
1078 2313 1190 2383 orla
1218 2346 1376 2398 usque
1402 2332 1472 2381 ad
1494 2344 1731 2382 occasum
1749 2368 1765 2395 ,
1817 2330 1934 2382 luu-

324 2425 494 2480 dnbtle
546 2441 729 2478 nomen
777 2422 1005 2477 Domini.
1059 2420 1223 2476 Vides
1274 2436 1397 2476 eum
1449 2435 1644 2475 novam
1698 2420 1937 2476 exordiri

322 2515 732 2588 rrtnpubiicam,
783 2526 839 2571 et
879 2515 1092 2585 aperire
1120 2514 1450 2568 nobilitatem
1479 2512 1772 2568 Ecclesim?
1816 2512 1933 2567 Non
1978 2520 1981 2523 ’

322 2611 555 2685 amplius
600 2610 742 2664 enim
790 2608 843 2662 in
903 2606 1188 2662 Palaestina
1229 2592 1427 2667 solum,
1482 2619 1584 2661 nec
1626 2606 1678 2658 in
1722 2604 1932 2672 Jndtea,

320 2688 433 2759 ad
448 2702 647 2772 ubique
673 2696 1219 2767 terrarum.-Quando
1252 2708 1433 2753 autem
1466 2698 1583 2753 lucc
1609 2706 1931 2761 evenerunt,

323 2796 424 2851 nisi
470 2795 687 2865 quando
730 2802 912 2848 nostra
940 2791 1220 2849 ﬂoruere?
1271 2791 1413 2847 Olim
1443 2791 1722 2865 enimnon
1754 2791 1932 2845 solum

322 2903 429 2943 non
458 2884 877 2942 benedicebatur
917 2884 969 2939 itt
998 2883 1304 2949 Palaestina,
1359 2883 1454 2938 sed
1485 2864 1646 2938 etiam
1675 2881 1929 2951 blasphe-

320 2979 592 3044 mabatur,
647 2986 702 3033 et
742 2975 1046 3031 maledictis
1081 2974 1451 3031 incessebatur
1476 2983 1696 3045 propter
1717 2972 1933 3030 Judteos

322 3071 410 3140 qui
458 3070 512 3123 in
559 3084 622 3124 ea
670 3068 1005 3123 habitabant.
1032 3064 1263 3146 f’ropter
1290 3082 1378 3121 vos
1405 3068 1574 3132 enim,
1609 3067 1801 3136 iuqttit,
1831 3084 1931 3121 no-

323 3178 437 3215 men
484 3176 667 3214 meum
702 3159 1084 3230 blasphematur
1128 3158 1259 3212 inter
1307 3167 1478 3229 gentes
1520 3156 1675 3231 (lsai.
1714 3158 1805 3214 52.
1847 3158 1927 3232 5).

320 3253 477 3310 Nunc
525 3266 704 3309 autem
743 3253 940 3323 ubique
985 3260 1251 3306 terrarum
1301 3234 1549 3306 laudibus
1599 3252 1929 3308 celebratur.

319 3346 473 3417 Quod
496 3345 713 3417 quidem
726 3331 875 3399 .alius
894 3360 1112 3415 quoque
1140 3344 1397 3415 prOpheta
1423 3344 1754 3416 significans,
1777 3346 1931 3401 dice-

320 3438 416 3494 hat
454 3456 470 3493 :
518 3436 799 3508 Apparebit
837 3435 1110 3503 Dominus,
1158 3445 1204 3490 et
1242 3437 1416 3507 perdet
1454 3453 1629 3491 omnes
1658 3437 1780 3492 deos
1807 3454 1933 3509 gen-

320 3530 482 3594 tium,
527 3538 574 3582 et
613 3528 896 3582 adorabunt
925 3544 1044 3580 eum
1068 3527 1411 3597 unusquisque
1431 3528 1485 3581 in
1523 3531 1634 3582 loco
1673 3544 1766 3583 suo
1805 3528 1933 3598 (So-

320 3623 480 3692 plton.
508 3621 565 3675 ‘2.
596 3621 707 3689 il).
743 3620 807 3675 Et
834 3635 1019 3674 rursus
1044 3621 1180 3675 alius
1211 3638 1224 3674 :
1252 3619 1390 3687 Quia
1420 3629 1473 3675 .et
1512 3623 1567 3675 in
1607 3623 1751 3677 nobis
1788 3624 1932 3679 clau-

319 3715 503 3769 dentur
544 3722 721 3782 portor,
751 3722 799 3765 et
825 3728 928 3765 non
954 3712 1281 3784 succendelttr
1317 3711 1481 3766 altare
1522 3730 1688 3768 meum
1722 3716 1883 3786 gratis
1911 3730 1932 3771 :

317 3806 559 3876 quoniam
585 3804 649 3859 ab
678 3818 795 3859 ortu
822 3805 944 3859 solis
970 3821 1128 3872 usque
1165 3806 1235 3858 ad
1279 3821 1514 3862 occasum
1552 3824 1734 3863 nomen
1762 3826 1933 3865 meum

318 3899 672 3972 glori/iculum
715 3908 787 3954 est
830 3899 883 3952 in
926 3899 1179 3970 gentibus,
1208 3909 1257 3954 et
1302 3901 1357 3954 in
1399 3902 1540 3956 omni
1577 3903 1687 3957 loco
1716 3903 1935 3971 offertur

319 3993 605 4065 thymiama
647 3984 853 4047 nomini
887 4008 1017 4057 meo,
1066 4002 1113 4047 et
1158 4008 1346 4063 purum
1395 3994 1707 4065 sacriﬁcium
1750 3995 1929 4069 (Mat.

321 4085 376 4140 1.
427 4085 513 4141 10.
563 4083 674 4153 il).

391 4198 449 4253 3.
493 4196 661 4254 Vides
686 4196 959 4268 quomodo
986 4211 1074 4252 res
1103 4196 1353 4253 Jndaicas
1400 4200 1700 4264 contraxit,
1741 4209 1797 4255 et
1843 4215 1934 4257 re-

325 4290 546 4361 pressit,
591 4298 649 4344 et
695 4289 893 4359 ubique
922 4299 1189 4344 terrarum
1216 4290 1644 4361 ecclesiasticam
1676 4293 1796 4347 vita:
1826 4293 1936 4350 for-

322 4399 467 4440 mam
494 4382 761 4449 dilatavit,
794 4391 851 4439 et
870 4384 1072 4439 cultum
1096 4385 1516 4454 praenuntiavit?
1544 4386 1801 4455 Quienim
1819 4387 1937 4444 [nec

324 4470 454 4533 dicit
478 4476 762 4547 propheta,
792 4478 889 4531 fuit
914 4486 1033 4547 post
1059 4479 1290 4532 reditum
1312 4494 1376 4534 ex
1404 4480 1677 4551 Babylone
1702 4500 1715 4535 :
1740 4492 1794 4537 et
1813 4484 1936 4540 ideo

324 4571 443 4627 hau:
474 4580 603 4625 tunc
625 4569 896 4641 praedixit,
958 4587 1025 4625 ne
1067 4572 1309 4626 dicerent
1337 4572 1511 4627 .Iudmi
1537 4590 1660 4630 eum
1694 4576 1836 4646 loqui
1868 4578 1937 4632 de

324 4663 597 4719 conclusis
634 4663 764 4733 ipsis
820 4678 883 4717 ac
932 4662 1164 4718 desertis
1213 4664 1264 4718 in
1309 4663 1603 4737 Babylone.
1647 4668 1937 4739 Postquam

328 4759 473 4813 enim
504 4757 595 4812 illa
624 4767 945 4821 cessassent,
971 4768 1023 4811 et
1041 4758 1140 4826 ipsi
1169 4757 1236 4811 ad
1270 4759 1503 4829 priorem
1529 4762 1731 4817 reversi
1754 4774 1935 4819 essent

328 4847 741 4917 rempublicam,
772 4864 833 4903 ea
862 4849 990 4903 dicit
1012 4849 1259 4918 angelus,
1286 4851 1598 4921 signiﬁcans
1619 4871 1805 4913 eorum
1837 4855 1937 4912 de-

329 4942 681 4995 vastationem
706 4955 825 5010 qua:
856 4939 953 4995 fuit
974 4950 1219 5011 tempore
1251 4941 1564 5013 Vespasiani
1592 4954 1646 4999 et
1667 4946 1794 5012 Titi,
1819 4958 1940 5017 post

330 5050 488 5106 quam
528 5049 635 5088 nou
665 5035 767 5088 erit
791 5033 1050 5104 deinceps
1078 5036 1303 5090 mutatio
1342 5038 1487 5091 illius
1530 5040 1937 5095 devastatiouis.
1965 5102 1976 5111 ,

333 5125 655 5182 lllamenim
682 5137 1028 5195 consequutus
1072 5140 1196 5182 sunt
1240 5144 1327 5185 res
1373 5130 1651 5186 Ecclesiae.
1703 5133 1771 5188 Et
1814 5135 1939 5190 ideo

332 5217 481 5280 dicit,
518 5217 769 5289 Magnum
796 5235 979 5273 nomen
1000 5235 1163 5274 meum
1188 5221 1241 5275 in
1269 5223 1542 5292 gentibus;
1571 5226 1671 5281 hoc
1697 5237 1801 5293 est,
1833 5229 1930 5283 be-

335 5309 629 5372 nedictum,
651 5326 745 5380 per
762 5312 954 5366 bonam
978 5313 1215 5380 ipsorum
1232 5316 1392 5368 vitam
1411 5318 1685 5373 laudatum
1712 5339 1939 5389 :quo-tn-

334 5401 621 5456 admodum
668 5404 756 5459 hic
798 5421 1012 5476 quoque
1039 5405 1206 5462 dicit:
1240 5406 1568 5465 Benedictum
1614 5430 1797 5467 nomen
1837 5413 1943 5469 Do-

338 5496 485 5551 mini.

347 5608 354 5613 ’
411 5612 739 5683 .llaqni/icari
767 5627 854 5667 aut
884 5615 1108 5671 benedici
1139 5618 1299 5673 Deum
1332 5639 1362 5673 a
1399 5623 1539 5677 nobis
1588 5626 1725 5692 quod
1750 5628 1833 5681 sit.
1869 5660 1939 5669 —

335 5707 387 5762 ιι.
423 5705 668 5762 Exceltus
694 5726 843 5779 super
872 5728 1043 5765 omnes
1071 5726 1238 5784 gentes
1271 5715 1535 5773 Dominus.
1565 5719 1725 5776 Vides
1758 5739 1944 5778 rursus

335 5814 519 5867 netues
551 5802 665 5874 ejus
708 5805 905 5870 cultum
950 5809 1239 5879 suscipere,
1292 5818 1343 5867 et
1385 5829 1490 5869 non
1545 5830 1702 5872 uuam
1734 5825 1937 5875 tantum

1492 356 1857 419 EXl’USlTIO
1898 352 1962 410 IN
1994 351 2321 415 ειδιωιυιιι
2357 358 2525 418 CXII.

3575 373 3681 430 309

2052 488 2147 533 aut
2182 479 2351 548 duas,
2392 491 2488 537 aut
2535 490 2685 551 tres,
2734 485 2830 541 sed
2857 501 3213 557 quaecumque
3260 496 3390 542 sunt
3447 489 3499 543 in
3544 490 3679 548 orba

2054 574 2363 629 terrarum?
2407 575 2545 645 Quid
2599 586 2683 631 est
2737 575 2839 632 hac
2899 579 3180 648 prophetia
3238 574 3483 635 clarius!
3526 580 3678 649 ριιιιο

2054 665 2217 720 modo
2246 677 2426 722 autem
2448 676 2534 725 est
2553 668 2800 724 excelsus
2821 684 2988 739 super
3016 685 3209 728 omnes
3238 660 3476 745 gentes”?
3517 673 3676 741 Quo-

2052 758 2200 814 niarr.
2250 774 2374 815 eum
2407 761 2839 832 tnagnificamus,
2874 779 2980 818 non
3030 764 3081 820 ei
3121 766 3356 836 aliquam
3408 766 3673 822 addentes

2050 851 2390 908 altuudinem
2404 853 2429 905 ?
2446 852 2630 908 Absit:
2649 854 2745 909 sed
2762 854 3126 927 dogmatibus.
3143 859 3315 923 cultu,
3331 858 3671 921 adoratione,

2051 954 2111 1003 et
2155 947 2371 1003 caeteris
2394 946 2683 1013 omnibus;
2714 965 2819 1004 ttOn
2852 951 3052 1021 aliquid
3088 951 3291 1006 humile
3311 962 3367 1007 et
3394 950 3669 1022 abjectum

2049 1040 2118 1095 de
2146 1054 2214 1095 ea)
2236 1040 2558 1110 cogitantes,
2585 1051 2646 1096 ut
2673 1041 2869 1109 .Iudu'i,
2897 1042 2992 1097 sed
3031 1043 3203 1098 multo
3234 1044 3440 1113 majora
3486 1052 3542 1099 et
3584 1044 3669 1100 al-

2052 1135 2223 1189 tiara.
2259 1134 2511 1189 Taliscst
2539 1134 2685 1190 enim
2733 1134 2850 1191 luce
2880 1144 3064 1191 nostra
3092 1136 3407 1206 reipublicte
3435 1134 3612 1192 forma
3653 1152 3669 1192 :

2048 1235 2253 1295 quanto
2278 1226 2468 1281 cretum
2499 1235 2583 1282 est
2604 1236 2746 1282 terra
2776 1227 2958 1295 altius,
2986 1238 3136 1283 tanto
3168 1228 3284 1283 bare
3299 1227 3461 1284 altior
3475 1230 3667 1285 veteri.

2053 1316 2120 1373 Et
2167 1318 2290 1374 ideo
2314 1318 2446 1374 dicit
2470 1338 2482 1373 :
2511 1317 2764 1387 Excelsae
2788 1336 2944 1391 super
2973 1335 3149 1375 omnes
3174 1330 3346 1392 gentes
3389 1318 3667 1377 Dominus.

2012 1444 2019 1449 τ
2048 1412 2262 1469 Etenim
2283 1428 2406 1468 cum
2426 1428 2551 1468 cum
2582 1428 2677 1481 per
2700 1412 2904 1467 cultmn
2931 1412 3231 1467 attollimus
3249 1456 3266 1480 ,
3295 1412 3427 1468 illud
3454 1428 3671 1483 quoque

2050 1506 2276 1570 scimus,
2308 1519 2425 1560 tunc
2453 1520 2574 1561 esse
2591 1505 2878 1560 humiliore
2903 1504 3065 1562 modo
3095 1506 3261 1574 dicta,
3284 1513 3342 1562 et
3358 1505 3425 1561 ad
3448 1516 3668 1576 captum

2047 1605 2292 1654 nostrum
2320 1595 2746 1653 accommodata.
2777 1597 2955 1666 Quare
2983 1598 3085 1654 etsi
3113 1597 3223 1668 sint
3250 1599 3303 1653 in
3327 1585 3482 1654 Novo
3507 1615 3669 1665 quam

2049 1692 2101 1747 in
2134 1691 2316 1749 Veteri
2348 1692 2561 1756 altiora,
2592 1700 2720 1748 sunt
2746 1701 2925 1747 taincu
2952 1692 3074 1761 ejus
3099 1690 3361 1762 dignitate
3389 1691 3550 1763 longe
3580 1692 3669 1746 in-

2046 1782 2265 1839 feriora.
2285 1783 2355 1841 Et
2373 1784 2496 1840 ideo
2515 1784 2717 1840 Paulus
2743 1785 3025 1853 utriusque
3050 1783 3379 1855 cognitionis
3401 1784 3442 1849 ³,
3471 1791 3526 1840 et
3542 1799 3667 1854 qua:

2046 1892 2191 1933 nunc
2217 1887 2321 1953 est,
2349 1885 2405 1935 et
2430 1892 2553 1948 quae
2587 1885 2715 1934 tunc
2745 1877 2796 1932 in
2844 1875 3027 1932 futuro
3054 1876 3256 1932 saeculo
3302 1875 3478 1932 futura
3528 1886 3613 1933 est
3644 1919 3661 1943 ,

2044 1969 2407 2025 differentiam
2436 1968 2732 2025 ostendens
2758 2010 2772 2031 ,
2828 1968 3081 2025 dicebat:
3115 1968 3336 2036 Quando
3364 1985 3506 2024 eram
3537 1985 3665 2036 par-

2045 2051 2211 2128 vulus,
2243 2063 2503 2134 sapiebam
2533 2070 2588 2116 ut
2616 2060 2884 2132 paruulus,
2936 2061 3223 2135 cogitabant
3266 2070 3324 2115 ut
3370 2060 3615 2130 parvulus
3640 2076 3660 2116 :

2046 2156 2252 2224 quando
2281 2165 2453 2210 autem
2486 2154 2654 2225 factus
2675 2170 2790 2209 sum
2812 2155 2910 2218 vir,
2935 2153 3181 2207 evacuavi
3209 2167 3326 2222 qua
3361 2161 3510 2206 erant
3532 2168 3658 2222 par-

2042 2240 2147 2302 uuli
2172 2248 2190 2318 (
2218 2248 2261 2301 l'.
2289 2246 2410 2301 Cor.
2434 2247 2523 2302 i3.
2547 2244 2659 2319 Η).
2689 2246 2756 2301 Ει
2783 2260 2992 2308 rursus,
3023 2243 3108 2301 Ex
3122 2254 3269 2315 parte
3282 2245 3658 2316 cognoscimus,

2042 2352 2091 2395 et
2114 2358 2177 2396 ea:
2206 2349 2353 2412 parte
2372 2339 2761 2411 propltetamus.
2812 2338 2881 2393 Et
2921 2338 3153 2393 videmus
3178 2355 3314 2393 nunc
3337 2338 3543 2409 quidem
3572 2355 3665 2408 per

2040 2434 2305 2503 speculum
2333 2431 2387 2485 in
2407 2431 2697 2501 a'nigmate,
2727 2438 3033 2484 tunoautem
3057 2429 3191 2499 facie
3205 2428 3276 2482 ad
3293 2428 3478 2499 faciem
3494 2427 3657 2500 (Ibid.

2042 2541 2092 2578 ιν.
2119 2524 2171 2579 9.
2203 2523 2312 2593 12).
2340 2522 2444 2579 Per
2495 2525 2611 2578 haec
2651 2521 2797 2577 enim
2843 2520 3084 2578 ostendit
3127 2519 3267 2576 hanc
3295 2520 3658 2592 cognitionem

2040 2618 2110 2672 ab
2141 2617 2227 2673 illa
2252 2626 2460 2673 tantum
2486 2616 2703 2683 abesse,
2735 2626 2998 2688 quantum
3048 2630 3185 2686 puer
3210 2631 3241 2670 a
3270 2616 3391 2671 viro
3410 2610 3509 2686 qui
3537 2630 3663 2685 per-

2038 2710 2281 2765 venitad
2314 2708 2607 2780 perfectam
2634 2715 2875 2764 mtatem.
2923 2706 3098 2779 Super
3135 2704 3292 2761 cwlos
3329 2705 3496 2778 gloria
3521 2705 3656 2778 ejus.

2038 2802 2306 2872 Quoniam
2335 2800 2473 2857 dixit
2508 2801 2581 2858 de
2616 2800 2777 2858 laude
2824 2809 2881 2857 et
2926 2798 3258 2857 exultatione
3298 2816 3421 2871 quas
3463 2798 3523 2853 llt
3564 2816 3661 2870 per

2041 2904 2246 2949 rectam
2277 2894 2399 2948 vita!
2426 2892 2682 2949 humanae
2713 2892 3131 2955 institutionem,
3163 2900 3219 2947 et
3258 2889 3425 2946 Deum
3455 2889 3529 2945 ita
3561 2906 3659 2945 cx-

2040 2987 2248 3051 tollere,
2281 2986 2354 3041 ita
2385 2984 2641 3051 laudare,
2683 2985 2759 3065 ita
2796 2984 3145 3055 magnificare
3182 2982 3499 3042 exhortatus
3531 2993 3613 3038 est
3636 3025 3653 3048 ,

2038 3081 2105 3135 ad
2156 3081 2419 3152 majorem
2454 3080 2708 3134 virtutem
2757 3075 2990 3134 incitans
3023 3075 3260 3132 ostendi:
3300 3076 3521 3156 ubinam
3552 3075 3660 3131 hoc

2038 3176 2273 3229 maxime
2325 3172 2436 3229 (lat.
2467 3171 2700 3230 Ubinam
2746 3187 2879 3243 ergo
2930 3173 3033 3226 hoc
3062 3170 3165 3225 fit?
3214 3169 3269 3225 ln
3319 3170 3488 3226 cadis.
3542 3170 3658 3228 Illic

2037 3268 2181 3323 enim
2211 3274 2296 3322 est
2342 3267 2462 3337 ejus
2504 3266 2695 3337 gloria.
2728 3264 2918 3335 Angeli
2960 3278 3192 3334 namque
3238 3278 3362 3318 emo
3413 3264 3658 3318 maxime

2035 3358 2362 3430 glorificant,
2405 3373 2513 3413 non
2552 3373 2620 3412 ex
2665 3372 2762 3413 sua
2808 3365 2995 3415 natura
3024 3355 3223 3419 solum,
3251 3354 3348 3411 sed
3378 3347 3542 3410 etiam
3588 3370 3658 3410 ex

2036 3450 2345 3507 obedientia
2386 3449 2666 3504 hominum
2712 3448 2909 3519 quibus
2941 3447 3247 3501 ministrant
3272 3486 3288 3512 ,
3320 3446 3654 3501 voluntatem

2036 3554 2094 3601 et
2137 3553 2406 3616 prrecepta
2460 3542 2578 3613 ejus
2635 3550 2825 3597 exacte
2882 3540 3248 3609 perlicientcs.
3297 3537 3426 3594 ldco
3474 3530 3661 3606 dicit,

2038 3636 2282 3692 Potentes
2306 3636 2509 3701 virtttte,
2540 3634 2783 3707 facientes
2802 3632 3011 3688 verbum
3032 3632 3143 3698 eius
3171 3630 3189 3694 (
3212 3629 3358 3685 Psal.
3389 3628 3513 3685 102.
3534 3628 3656 3699 20).

2038 3731 2335 3801 Propterea
2365 3729 2420 3785 in
2449 3727 2753 3799 evangeliis
2786 3741 3003 3797 quoque
3028 3725 3189 3795 jussit
3220 3724 3469 3781 Christus
3497 3738 3660 3780 orare

2038 3835 2094 3882 et
2115 3825 2322 3891 dicere,
2350 3822 2474 3877 Fiat
2502 3821 2739 3877 voluntas
2761 3829 2873 3882 tua,
2906 3819 3039 3874 sicut
3062 3820 3113 3872 in
3137 3818 3285 3883 cado,
3325 3828 3374 3873 et
3417 3821 3471 3872 in
3518 3827 3658 3872 terra

2041 3917 2269 3991 (Matth.
2301 3912 2493 3987 6.10).
2526 3913 2639 3969 Hoc
2686 3922 2789 3978 est,
2823 3909 3280 3982 quemadmodum
3310 3925 3434 3965 eum
3457 3911 3659 3965 sancti-

2038 4012 2202 4070 ﬁcaut
2223 4010 2420 4081 angeli,
2449 4009 2517 4064 ah
2544 4007 2692 4064 omni
2722 4006 2940 4078 quidem
2973 4006 3104 4060 vitio
3134 4005 3657 4069 liberati,‘virtutcm

2037 4116 2219 4163 autem
2241 4112 2429 4161 exacte
2456 4111 2887 4176 persequentes:
2926 4101 2998 4154 ita
3026 4100 3189 4154 etiam
3219 4112 3322 4153 nos
3359 4098 3509 4169 digni
3558 4099 3657 4151 ha-

2039 4199 2306 4271 beantur,
2355 4198 2445 4267 qui
2494 4196 2669 4267 ipsum
2715 4191 3137 4249 sanctificemus.
3185 4190 3303 4246 Hoc
3349 4191 3405 4260 ip
3436 4208 3524 4244 um
3557 4191 3659 4246 .Itic

2039 4306 2255 4362 quoque
2283 4288 2612 4360 significans,
2636 4285 2945 4354 subjunsit:
2974 4282 3147 4355 Super
3167 4282 3319 4338 caelos
3339 4284 3505 4355 gloria
3522 4301 3655 4356 ejus.

2041 4384 2157 4440 Non
2181 4384 2357 4439 soluat
2392 4382 2538 4437 enim
2569 4380 2621 4433 in
2665 4388 2806 4433 terra
2850 4370 3059 4433 videbis
3094 4376 3191 4430 has
3215 4384 3497 4431 creaturas
3537 4393 3661 4446 qua:

2044 4487 2357 4539 cernuntur,
2388 4490 2488 4528 nec
2514 4470 2942 4543 pulcherrimum
2972 4468 3219 4523 ordinem
3245 4468 3333 4537 qui
3364 4469 3518 4525 estin
3551 4484 3661 4521 (ιιι-ο

2045 4572 2120 4637 lo,
2144 4569 2239 4625 sed
2271 4566 2503 4622 ascende
2529 4580 2561 4620 a
2591 4562 2946 4619 sensibilibns
2979 4560 3046 4615 ad
3077 4560 3377 4630 Spiritualia
3400 4602 3415 4625 ,
3447 4560 3513 4614 ad
3545 4561 3663 4630 pul-

2043 4652 2403 4719 chritudinem
2445 4658 2656 4713 illarum
2698 4655 3161 4715 substantiarum,
3195 4653 3263 4708 ad
3312 4653 3660 4723 splendorem

2020 4736 2189 4813 (illius
2215 4753 2525 4823 reipublicae
2550 4768 2563 4804 :
2588 4759 2645 4806 et
2665 4758 2792 4806 tunc
2820 4749 2961 4806 scies
2987 4747 3261 4820 quomodo
3296 4758 3382 4805 est
3419 4749 3473 4803 in
3513 4749 3664 4806 cadis

2042 4852 2214 4922 gloria
2239 4849 2377 4920 ejus.

2120 4945 2261 5001 Deus
2306 4960 2399 4998 cur
2426 4943 2480 4996 in
2508 4940 2635 4996 caelo
2664 4940 2895 4995 habitare
2932 4939 3152 4993 dicatur.
3176 4969 3251 4980 —-
3277 4939 3331 4992 5.
3379 4938 3505 5007 Quis
3529 4942 3664 4995 sicut

2048 5040 2301 5097 Dominus
2331 5037 2467 5091 Deus
2494 5043 2683 5099 noster,
2705 5034 2794 5104 qui
2814 5034 2869 5087 in
2888 5030 3007 5086 altis
3038 5032 3251 5096 habitat,
3289 5033 3342 5087 6.
3371 5045 3417 5086 et
3446 5032 3665 5086 humilia

2046 5135 2290 5207 respicit?
2319 5135 2515 5188 Annon
2556 5130 2770 5185 videtur
2813 5143 3067 5199 magnum
3121 5142 3244 5182 esse
3289 5126 3433 5196 quod
3459 5126 3664 5181 dictum

2049 5232 2171 5287 cst?
2198 5227 2304 5285 Sed
2338 5227 2553 5296 quando
2578 5222 3012 5279 consideraveris
3037 5220 3106 5276 de
3126 5212 3440 5292 quouamid
3457 5220 3661 5275 dictum

2049 5327 2140 5390 sit,
2172 5324 2275 5379 hoc
2304 5322 2462 5391 longe
2487 5320 2592 5375 erit
2631 5334 2698 5374 eo
2720 5316 2967 5373 inferius.
3013 5315 3111 5381 lta,
3158 5316 3313 5369 sicuti
3345 5315 3502 5379 dixi,
3559 5332 3666 5369 non

2050 5415 2257 5488 opoi'tet
2290 5416 2341 5470 in
2357 5413 2535 5469 verbis
2554 5412 2684 5468 solis
2710 5410 2926 5478 sistere,
2957 5408 3051 5465 sed
3075 5418 3255 5464 mente
3280 5408 3668 5465 conscendere.

2120 5661 2134 5690 ι
2174 5665 2315 5719 Reg,
2340 5653 2823 5719 Paulusdeclarabat
2844 5695 2856 5709 .
2882 5654 3007 5704 hanc
3041 5652 3359 5719 cognitionem
3387 5649 3674 5719 tinnnmab

2055 5719 2169 5771 Orbe
2196 5714 2444 5769 terrarum
2478 5717 2681 5775 distare,
2710 5726 2945 5780 quantum
2967 5714 3203 5777 puerulus
3225 5724 3293 5765 est
3320 5715 3673 5780 inferiorrt'ro,

2058 5782 2140 5843 qui
2164 5784 2228 5831 ad
2256 5783 2519 5840 perfectam
2547 5776 2734 5831 devenit
2760 5786 2947 5830 (emtam
2968 5776 2985 5843 ς
3012 5784 3055 5830 et
3082 5779 3331 5841 utriusque
3367 5776 3671 5843 cogmtioms.

2062 5842 2175 5906 Quae
2202 5845 2347 5897 lectio
2373 5842 2575 5908 quadrat
2602 5843 2658 5893 ad
2685 5843 2885 5895 seriem.
