4086 6448
442 366 549 424 303

436 485 715 551 Quomodo
735 483 876 537 enim
907 483 960 536 in
984 482 1127 535 czelis
1152 480 1370 539 habitat,
1404 481 1492 548 qui
1519 480 1705 533 cadum
1732 486 1785 532 et
1821 486 2018 531 terram

437 573 667 641 implet?
697 574 784 639 qui
816 573 1007 641 ubique
1031 585 1263 639 praesens
1288 570 1403 624 est?
1440 570 1529 638 qui
1562 568 1722 622 dicit:
1764 566 1895 619 Dens
1934 582 2027 641 ap-

437 668 781 734 propinquans
809 680 900 733 ego
929 679 1041 715 sum
1064 703 1079 726 ,
1120 672 1165 715 et
1195 678 1293 713 non
1331 660 1469 714 Deus
1507 660 1685 728 procul
1727 660 1746 730 (
1765 657 1878 711 Jer.
1931 659 2021 712 '23.

436 756 553 827 Q3).
578 759 673 821 Qui
706 772 901 808 mensus
946 765 1016 807 est
1057 756 1234 807 cwlum
1267 753 1450 822 palmo,
1487 763 1531 804 et
1578 736 2025 839 terra‘nt‘pugillo;

435 816 523 916 qui
552 816 771 900 continet
806 847 1047 898 ambitum
1094 855 1240 897 terra:
1267 816 1300 911 ν(
1335 816 1463 895 lsai.
1494 843 1583 897 40.
1611 816 1886 909 12.11%)?
1911 839 2019 895 Sed

438 938 689 1005 quoniam
723 936 1037 1007 loquebatur
1066 946 1191 989 tunc
1215 949 1333 988 cunt
1365 933 1595 997 Iud-cis,
1654 942 1929 1001 propterea
1958 947 2025 985 eo

434 1044 683 1085 sermone
726 1045 851 1083 usus
878 1039 961 1084 est
980 1070 993 1091 ,
1021 1022 1270 1099 paulatim
1295 1028 1506 1097 erigens
1528 1042 1709 1080 eorum
1742 1025 2024 1093 cogitatio-

440 1137 586 1183 ucnt,
622 1130 675 1173 et
698 1129 927 1174 mentem
960 1121 1156 1174 sensim
1179 1119 1439 1172 extollens
1466 1128 1517 1171 et
1541 1116 1793 1171 cvehens.
1822 1118 2024 1170 Idcirco

437 1228 543 1265 non
572 1210 706 1264 dixit
731 1210 1086 1273 solummodo,
1125 1209 1224 1273 Qui
1254 1209 1303 1262 in
1335 1210 1451 1261 altis
1480 1208 1689 1271 Itubitat,
1737 1217 1781 1260 et
1812 1207 2025 1259 Inani/ia

434 1303 682 1371 respicit:
714 1301 805 1355 sed
836 1315 956 1355 eunt
1002 1302 1147 1369 prius
1188 1302 1431 1366 dixisset,
1467 1301 1589 1367 Quis
1616 1302 1748 1353 sicut
1772 1299 2023 1352 Dominus

436 1390 573 1444 Deus
586 1400 768 1452 noster,
788 1400 898 1443 tum
914 1391 1204 1459 subjnoxit,
1224 1390 1324 1456 Qui
1341 1390 1517 1443 inaltis
1534 1390 1741 1454 habitat,
1777 1400 1824 1441 et
1851 1390 2022 1442 Immi-

432 1482 501 1535 lia
518 1482 740 1549 respicit,
761 1482 1051 1536 ostendens
1064 1474 1289 1549 quanam
1308 1482 1373 1534 de
1387 1496 1543 1533 caus;t
1570 1482 1709 1533 illud
1726 1480 2018 1536 secundum

429 1571 643 1637 dixerit,
660 1588 850 1641 nempe
868 1572 1368 1642 propterJudaicatn
1386 1574 1797 1627 imbecillitatem
1812 1573 2021 1625 simula-

428 1676 517 1715 cra
537 1670 924 1732 stupentem,ct
955 1663 1149 1717 deosin
1168 1664 1587 1732 locisettemplis
1614 1666 1893 1719 cont-lusos
1928 1665 2021 1719 ad-

432 1764 699 1809 orantem.
728 1754 852 1811 Ideo
888 1756 1089 1809 inducit
1128 1758 1383 1824 paulatim
1400 1758 1872 1825 comparationem,
1894 1759 2018 1811 lit‘et

434 1845 566 1898 citra
607 1848 1056 1914 comparationem
1100 1847 1238 1901 Deus
1256 1862 1442 1902 omnes
1470 1850 2015 1916 superentineatzscd

433 1936 502 2010 ad
524 1937 940 1993 imbecillitatem
968 1940 1299 2003 auditorum,
1329 1942 1468 1994 sicut
1498 1941 1604 1994 dixi
1629 1984 1643 2003 ,
1675 1958 1845 2011 neque
1874 1943 2016 1997 enim

430 2029 652 2091 cessabo
676 2029 779 2084 huc
806 2030 1018 2085 assidue
1046 2030 1247 2095 dicere,
1268 2033 1562 2087 orationem
1590 2034 1891 2088 concinnat.
1914 2034 2018 2089 Ne-

429 2138 537 2189 que
570 2124 710 2176 enim
753 2124 1025 2193 quzerebat
1075 2134 1130 2183 ut
1176 2133 1301 2179 tunc
1329 2124 1530 2180 diceret
1559 2126 1754 2194 aliquid
1799 2127 2013 2195 dignum

432 2212 524 2266 Dei
555 2212 747 2282 gloria,
776 2213 869 2267 sed
898 2223 955 2267 ut
980 2214 1119 2284 quod
1145 2215 1367 2282 diceret,
1392 2216 1459 2269 ab
1479 2218 1557 2271 eis
1584 2220 1700 2285 capi
1730 2230 1926 2286 posset.
1951 2221 2018 2274 Et

394 2303 549 2371 rideo
582 2304 829 2371 paulatim
850 2319 944 2357 eos
970 2306 1237 2359 sustollit:
1269 2316 1324 2361 et
1367 2318 1543 2361 tamen
1587 2324 1653 2363 ne
1681 2309 1757 2362 sic
1800 2310 2014 2377 quidem

426 2402 705 2460 permanet
728 2394 776 2446 itt
798 2393 1114 2462 humilitate,
1138 2398 1230 2449 sed
1252 2410 1434 2450 rursus
1461 2398 1631 2466 aperit
1658 2400 1914 2467 quosdam
1933 2400 2017 2453 al-

430 2484 593 2537 tiores
642 2499 852 2538 sensus.
885 2484 1171 2554 Postquam
1198 2486 1340 2540 enim
1365 2486 1519 2553 dixit,
1555 2487 1657 2552 Qui
1698 2490 1750 2542 in
1778 2490 1895 2545 altis
1922 2491 2015 2544 Ita-

427 2575 573 2637 Μαι,
601 2590 647 2627 et
673 2576 885 2627 humilia
912 2578 1113 2644 respicit
1146 2592 1164 2630 :
1191 2593 1373 2631 rursus
1394 2578 1459 2632 ad
1484 2579 1671 2633 altiora
1714 2582 2009 2636 orationem

428 2669 692 2722 extollens
721 2669 849 2722 dicit
878 2685 892 2723 :
930 2668 992 2723 In
1019 2670 1141 2722 cwlo
1171 2680 1217 2722 et
1246 2670 1297 2723 in
1330 2680 1463 2723 terra
1500 2686 1521 2725 :
1555 2671 1844 2727 oSIendcns
1864 2690 2009 2727 eum

425 2775 546 2814 esse
575 2761 789 2828 ubique,
839 2770 889 2814 et
938 2760 1041 2825 hic,
1074 2772 1129 2815 et
1171 2761 1297 2815 illic.
1328 2761 1445 2816 Non
1472 2762 1613 2816 enim
1662 2772 1925 2833 tamquam
1960 2765 2009 2817 itt

425 2852 557 2904 ca-lo
581 2852 835 2916 inclusus,
868 2853 1082 2919 respicit
1106 2852 1315 2906 eminus
1336 2868 1455 2922 qua:
1480 2854 1613 2907 fiunt
1640 2857 1690 2908 in
1721 2864 1883 2920 terra,
1915 2856 2011 2911 sed

426 2944 621 3013 ubique
650 2960 885 3011 prtesens
906 2956 959 2999 et
982 2946 1231 3000 omnibus
1257 2948 1535 3003 assistens.

497 3037 549 3090 5.
596 3037 780 3091 Vdisti
826 3039 1093 3105 quomodo
1142 3040 1392 3109 paulatim
1431 3051 1663 3097 mentem
1708 3047 2009 3100 auditorum

420 3119 649 3182 sustollit
671 3129 784 3200 la)?
813 3130 1455 3187 Dcinderttntauditorem
1487 3150 1515 3187 a
1542 3144 1678 3189 terra
1709 3138 2003 3202 extulisset,

419 3222 552 3275 etin
584 3222 717 3275 crelo
741 3221 1058 3276 collocasset
1102 3242 1115 3275 :
1160 3239 1346 3278 rursus
1376 3240 1671 3299 procurans
1715 3238 1769 3282 ιιι
1809 3230 2007 3299 aliquid

428 3313 602 3382 majus
630 3315 810 3367 animo
842 3315 1298 3383 appreltenderet,
1325 3319 1469 3372 venit
1495 3318 1559 3373 ad
1588 3289 1731 3375 aliud
1760 3322 1877 3391 ejus
1899 3289 2006 3393 ’ρο-

422 3404 602 3457 tentia:
630 3404 905 3468 iudicium,
934 3406 1149 3461 dicens:
1182 3407 1235 3459 7.
1268 3405 1533 3463 Suscitans
1561 3428 1591 3464 a
1626 3420 1757 3463 terra
1783 3414 2003 3483 inopem,

423 3507 471 3548 et
496 3494 559 3547 de
583 3505 802 3548 stercore
825 3497 1019 3565 erigens
1045 3513 1341 3566 pauperem.
1362 3498 1563 3567 Magna:
1584 3511 1664 3560 est
1685 3503 1826 3555 enim
1850 3512 2007 3572 atque

419 3590 556 3641 adeo
586 3587 867 3641 iuefl'abilis
902 3590 1183 3655 |tOlt'llll;l:,
1216 3605 1375 3657 parva
1406 3591 1685 3645 extollere.
1721 3593 1858 3646 Alibi
1909 3612 2005 3649 au-

418 3688 528 3734 tem
558 3679 883 3733 contrarium
911 3695 1122 3748 quoque
1147 3682 1470 3751 poniLalius,
1503 3683 1642 3751 quod
1662 3699 1847 3752 magna
1867 3701 2002 3754 quo-

415 3786 519 3838 qne
548 3757 831 3839 deprimat,
876 3771 953 3823 sie.
997 3772 1181 3826 dicens
1212 3791 1225 3826 :
1267 3771 1509 3827 Dividens
1537 3776 1887 3830 contritionem
1917 3795 2005 3831 su—

417 3878 507 3932 per
534 3863 904 3931 fortitudinem,
933 3875 977 3916 et
1019 3866 1271 3918 miseriam
1316 3884 1473 3935 supra
1498 3866 1862 3923 munimentum
1911 3873 2008 3924 ad-

417 3956 637 4025 iungens
664 3953 840 4024 (Atnos
888 3955 939 4008 5.
989 3956 1067 4023 9).
1113 3956 1208 4010 llic
1234 3936 1446 4025 quidem
1477 3970 1623 4013 certe
1653 3960 1850 4015 dictum
1880 3972 1955 4016 est
1985 4005 2001 4029 ,

414 4046 555 4114 quod
589 4046 753 4113 possit
778 4046 995 4113 pusillos
1022 4047 1246 4117 erigere.
1279 4048 1373 4102 Est
1398 4049 1575 4119 itaque
1591 4053 1999 4117 generalisora-

415 4140 511 4191 tio.
543 4138 693 4203 Quod
722 4139 764 4192 si
796 4140 918 4208 quis
942 4140 1053 4192 lt.ec
1080 4142 1238 4215 etiam
1274 4143 1661 4213 velitaccipere
1685 4147 1996 4215 auagogice,

411 4230 611 4283 videbit
638 4232 735 4283 hoc
760 4230 954 4283 factum
985 4239 1104 4285 esse
1133 4232 1182 4283 itt
1219 4212 1490 4301 gentibus,
1522 4212 1720 4289 videbit
1753 4212 2002 4289 linc'evc-

414 4322 558 4373 ttisse
588 4320 640 4373 in
669 4320 820 4373 nobis
852 4319 1154 4373 hominibus
1184 4332 1424 4390 tempore
1473 4321 1732 4379 adventus
1781 4327 1999 4380 Christi.

411 4411 547 4478 Quid
574 4412 717 4465 enim
743 4420 856 4464 erat
888 4421 1066 4463 nostra
1097 4422 1283 4466 tlalttra
1324 4417 1639 4482 pauperius?
1664 4416 1791 4469 Eant
1824 4428 1999 4473 tamen

412 4503 586 4555 erexit
612 4511 667 4556 et
694 4502 906 4556 sustulit
943 4504 993 4556 in
1022 4505 1210 4557 ca-lunt
1238 4521 1358 4560 cum
1390 4508 1584 4560 nostris
1616 4510 1899 4575 primitiis,
1935 4521 1989 4565 et

413 4594 689 4647 constituit
719 4594 994 4648 sedentem
1044 4595 1094 4647 itt
1118 4597 1262 4650 c:elis
1291 4597 1341 4651 itt
1376 4598 1570 4651 throno
1603 4599 1794 4652 Putris.
1843 4600 1907 4653 Et
1940 4607 2003 4655 (te

410 4695 625 4739 stercbre
647 4688 841 4755 erigens
866 4704 1157 4759 pauperem,
1188 4690 1241 4743 8.
1271 4700 1324 4743 ut
1346 4692 1556 4745 collocet
1584 4709 1697 4746 eum
1726 4710 1840 4746 cum
1862 4696 2001 4762 prin-

408 4779 625 4849 cipibus,
672 4795 785 4832 cum
826 4780 1136 4849 principibus
1186 4783 1359 4851 papuli
1386 4784 1483 4838 sui.
1514 4784 1729 4837 Stercus
1756 4786 1839 4838 lrie
1872 4786 2003 4841 dicit

412 4873 688 4935 vilitatem,
718 4884 791 4936 et,
821 4888 940 4940 qua:
961 4889 1025 4926 ex
1053 4889 1111 4923 ea
1148 4874 1226 4935 fit,
1258 4876 1588 4941 repentinam
1619 4878 1993 4941 mutationum,

411 4962 701 5017 ostendens
727 4966 774 5017 ei
819 4979 940 5017 esse
981 4966 1158 5017 omnia
1202 4966 1375 5019 facilia
1402 4978 1455 5019 et
1480 4968 1745 5036 expedita.
1802 4970 1999 5025 Ileindc

412 5059 602 5109 transit
629 5057 692 5108 ad
716 5057 855 5110 aliud
890 5061 1081 5121 majus.
1107 5059 1385 5123 Quodnam
1421 5060 1557 5113 hoc?
1588 5062 1738 5127 Quod
1774 5080 1877 5113 non
1908 5080 1998 5115 so-

410 5148 518 5201 lum
549 5158 719 5215 potest
746 5166 831 5201 res
864 5149 1151 5202 transferre
1170 5188 1184 5211 ,
1213 5161 1265 5203 et
1296 5150 1582 5207 humilibus
1604 5154 1730 5207 dare
1757 5156 1997 5207 auctori-

409 5253 596 5303 tatem,
626 5242 718 5294 sed
746 5244 909 5311 ipsius
930 5244 1087 5296 etiam
1121 5256 1323 5295 natura!
1358 5254 1725 5300 transntoverc
1759 5248 1954 5299 limites
1979 5290 1992 5310 ,

408 5349 461 5391 et
502 5352 618 5389 eam
644 5376 657 5397 ,
690 5351 806 5403 qua;
850 5346 965 5387 erat
990 5336 1205 5393 sterilis.
1242 5347 1463 5389 matrem
1500 5336 1735 5392 efficere.
1788 5339 1850 5391 lit
1881 5339 2000 5392 ideo

410 5428 683 5497 stdtjunxit
715 5446 726 5479 :
761 5428 813 5477 (δ.
853 5427 953 5492 Qui
974 5426 1203 5479 habitare
1230 5428 1350 5497 facit
1370 5431 1587 5481 sterilem
1612 5430 1659 5482 in
1689 5430 1862 5493 domo,
1888 5449 1999 5484 nta-

409 5530 533 5573 trem
563 5535 713 5586 super
734 5517 854 5585 ﬁliis
884 5518 1155 5571 ltetantem.
1185 5518 1337 5583 Quod
1373 5519 1585 5587 quidem
1614 5519 1809 5573 foetum
1834 5531 1919 5574 est
1947 5522 1997 5574 itt

470 5632 542 5691 (rt)
579 5638 625 5679 tu
670 5637 852 5682 Graeco.
892 5645 1014 5691 πτεροι
1042 5642 1107 5686 τήν
1131 5637 1289 5679 διάνοιαν
1313 5649 1382 5681 τῶν
1414 5641 1629 5679 ἀιονάντωι.
1658 5633 2000 5690 tnterpretatio

408 5696 465 5741 ad
494 5693 692 5740 verbum
717 5700 867 5744 esset.
893 5691 983 5740 alis
1002 5691 1191 5739 instruit
1215 5700 1435 5745 mentem,
1459 5693 1501 5739 id
1522 5701 1615 5745 est.
1634 5692 1691 5739 ad
1716 5693 1999 5741 sublimiora

407 5752 749 5801 consideranda
776 5755 997 5802 informat
1023 5753 1343 5817 idoneantque
1377 5755 1535 5803 reddit
1558 5768 1569 5814 ;
1596 5768 1688 5816 qua
1715 5758 1996 5817 metaphora

407 5819 439 5864 lt
456 5823 801 5874 οηυςειυδδιιιιρ
829 5818 972 5865 utitur
997 5816 1072 5863 t.ln
1087 5825 1369 5878 ysi-stoutns.

1142 364 1199 422 S.
1239 362 1518 419 JOANNIS
1556 358 2041 417 CllRYSOSTOMl
2073 357 2402 413 ~ARCHIEP.
2444 361 2984 419 CONSTANTINOP.

3630 366 3730 420 501

2136 478 2309 537 Anna,
2335 476 2474 544 quod
2503 477 2697 530 factum
2732 478 2785 533 in
2814 479 2933 533 aliis
2964 480 3441 535 innumerabilibus
3469 482 3487 548 (
3512 480 3555 535 l.
3595 478 3731 551 Reg.

2134 566 2206 633 1).
2239 566 2421 621 Vidisti
2448 567 2703 636 hymnum
2728 568 3020 636 perfectum
3043 570 3066 623 ?
3091 571 3266 624 vidisti
3297 570 3554 641 hymnum
3573 584 3728 625 eom-

2131 657 2372 725 plctum?
2404 660 2540 711 Dixit
2570 674 2631 712 ea
2654 676 2771 729 quae
2804 662 3109 716 universum
3135 662 3319 717 orbem
3353 670 3514 717 terra:
3540 677 3727 716 corre-

2130 763 2279 806 ctum
2314 762 2503 814 erant,
2552 754 2821 820 quomodo
2863 765 2975 808 erat
3017 765 3324 810 cessaturus
3367 756 3679 810 .ludaismus
3708 794 3728 821 ,

2129 842 2398 906 quomodo
2425 858 2556 894 nova
2592 842 2843 897 Εουιθδίευ
2868 845 3167 913 respublica
3199 856 3315 900 erat
3361 846 3413 900 itt
3465 846 3728 915 splendo-

2133 949 2244 985 ra-m
2268 935 2492 994 exitura,
2520 934 2789 1001 qll"ln0d0
2816 945 2931 989 erat
2961 936 3155 1003 ubique
3182 936 3516 991 offerendum
3560 938 3733 990 sacri-

2132 1022 2329 1075 ficium.
2362 1023 2561 1076 Deinde
2586 1022 2826 1078 efficiens
2854 1033 2911 1078 ut
2937 1026 3017 1079 vel
3045 1027 3403 1080 crassioribus
3427 1027 3531 1081 fide
3562 1027 3727 1096 digna

2130 1128 2266 1169 esset
2297 1116 2487 1180 oratio,
2537 1132 2600 1168 ex
2632 1116 2695 1169 iis
2725 1134 2843 1185 utne
2868 1118 2977 1186 jant
3018 1118 3169 1183 fiunt,
3210 1134 3329 1186 quae
3373 1127 3501 1172 sunt
3549 1118 3730 1172 futura

2130 1210 2432 1262 confirmat.
2466 1209 2616 1274 Quod
2648 1219 2825 1263 autem
2858 1211 3003 1274 dicit,
3034 1221 3117 1265 est
3137 1210 3399 1280 ejusmodi
3428 1228 3441 1263 :
3470 1210 3547 1265 Nc
3584 1209 3729 1264 d-ff‘t-

2127 1301 2222 1353 das
2256 1302 2480 1354 futuram
2515 1306 2725 1354 tantant'
2744 1304 3116 1367 mutationem,
3161 1312 3216 1357 et
3257 1303 3509 1371 disjccms
3539 1315 3730 1372 gentes

2128 1408 2247 1445 esst:
2272 1402 2522 1445 venturas
2562 1393 2845 1446 maximam
2886 1394 2937 1447 iit
2984 1394 3231 1463 gloriam.
3264 1394 3378 1448 Non
3421 1396 3572 1449 vides
3613 1394 3731 1449 lucc

2129 1486 2239 1536 fieri
2270 1484 2546 1551 quotidie?
2571 1485 2749 1538 extolli
2771 1484 3023 1550 humiles,
3054 1495 3107 1539 et
3127 1486 3322 1540 sedere
3352 1502 3473 1539 cttm
3517 1486 3729 1555 princi-

2128 1576 2315 1642 pibus?
2343 1591 2446 1629 non
2475 1576 2623 1630 vides
2652 1585 2917 1641 naturam,
2941 1593 3060 1645 qius
3088 1587 3203 1630 erat
3225 1592 3409 1630 manca
3440 1586 3625 1631 etmut
3649 1576 3723 1642 la,

2125 1669 2338 1735 corrigi,
2372 1668 2583 1722 steriles
2626 1679 2825 1723 matres
2855 1668 3006 1722 fieri?
3042 1670 3169 1722 Tale
3197 1668 3322 1738 quid
3352 1670 3515 1722 etiam
3543 1669 3728 1723 evenit

2127 1759 2176 1812 in
2206 1759 2466 1811 Ecclesia.
2500 1759 2626 1811 Erat
2655 1760 2878 1825 sterilis,
2909 1760 3002 1812 sed
3032 1761 3316 1813 multorum
3343 1761 3571 1827 filiorum
3604 1776 3712 1814 nta-

2127 1857 2207 1902 ter
2232 1849 2368 1903 facta
2400 1859 2503 1902 est.
2556 1848 2818 1914 Quocirca
2865 1849 2994 1903 dicit
3014 1848 3175 1902 Isaias
3204 1866 3218 1901 :
3249 1848 3679 1912 Lartare,s:erilis
3705 1891 3723 1916 ,

2122 1955 2236 2009 qua:
2264 1956 2363 1991 non
2404 1940 2541 2007 paris
2565 1954 2585 2002 ,'
2611 1956 2817 2009 ermnpe
2844 1952 2889 1993 et
2919 1940 3104 2003 clama,
3146 1956 3259 2008 qua:
3297 1957 3396 1993 non
3444 1942 3672 2009 partui-is
3700 1958 3720 1995 :

2122 2030 2360 2095 quoniam
2392 2028 2540 2081 mr'lti
2582 2038 2699 2082 sunt
2726 2030 2821 2096 lilii
2850 2028 3061 2083 deserta
3086 2031 3248 2100 magis
3276 2047 3429 2099 quam
3468 2032 3579 2100 ejus
3610 2046 3727 2099 qua

2124 2119 2268 2172 habet
2304 2121 2466 2172 virum
2507 2119 2525 2189 (
2557 2118 2686 2172 [καί.
2723 2121 2811 2175 54.
2848 2120 2899 2188 1)
2930 2136 2941 2172 :
2981 2119 3081 2174 hoc
3108 2119 3161 2173 in
3193 2121 3431 2174 Ecclesia
3482 2120 3722 2174 futurum

2123 2212 2506 2280 prasituntians.
2558 2212 2820 2276 QuocTrra
2868 2212 2952 2265 hic
3006 2226 3217 2280 quoque
3268 2212 3569 2267 orationem
3618 2212 3725 2268 hoc

2124 2302 2243 2356 loco
2260 2303 2469 2367 clausit,
2516 2303 2853 2371 prophetiam
2885 2302 2988 2356 fide
3010 2303 3224 2368 dignam
3268 2304 3393 2356 hinc
3433 2303 3679 2357 efficiens
3702 2344 3721 2369 ,

2121 2409 2186 2449 ex
2215 2395 2298 2458 iis,
2328 2410 2447 2462 qua:
2482 2394 2594 2463 jam
2645 2393 2782 2448 facta
2828 2404 2992 2462 sunt,
3024 2396 3090 2449 ab
3137 2394 3254 2463 ejus
3288 2396 3724 2465 magniﬁcentia.

2120 2487 2482 2555 Qumcuntqne
2513 2485 2655 2539 enim
2686 2486 2795 2540 Deo
2825 2486 2996 2539 visum
3028 2484 3244 2550 fuerint,
3291 2497 3416 2541 sunt
3459 2486 3601 2542 factu
3632 2485 3722 2543 fa-

2118 2577 2260 2630 cilia.
2292 2577 2475 2631 Potest
2502 2577 2645 2631 enim
2681 2586 3037 2631 transmutare
3067 2585 3334 2641 naturam,
3360 2587 3414 2633 et
3442 2580 3723 2634 humilita-

2123 2679 2227 2721 tem
2258 2668 2550 2722 transferre
2581 2668 2630 2721 in
2670 2667 3004 2721 altitudinem
3029 2708 3043 2732 ,
3092 2676 3146 2721 et
3196 2684 3375 2723 mores
3419 2669 3717 2738 corrigo-re.

2118 2761 2251 2815 Cum
2285 2761 2399 2814 lure
2420 2776 2549 2827 ergo
2573 2761 2803 2833 sciamus
2830 2761 3032 2825 omnia,
3061 2776 3181 2828 quae
3213 2771 3394 2815 nostra
3427 2772 3552 2815 sunt
3578 2760 3717 2816 affe-

2119 2867 2320 2916 ratnus,
2375 2863 2429 2906 et
2475 2854 2621 2906 omni
2679 2852 2918 2906 fruentur
2942 2853 3132 2921 gloria,
3182 2863 3237 2907 et
3266 2852 3332 2907 ad
3388 2853 3716 2907 ineffabilem

2118 2944 2472 2998 ascendemus
2501 2944 2859 3005 altitudinem,
2894 2943 2984 2997 Dei
3012 2945 3211 2998 auxilio
3233 2946 3387 2998 freti:
3420 2947 3503 2999 cui
3541 2945 3716 3015 gloria

2116 3045 2169 3091 et
2224 3036 2479 3104 potentia,
2514 3035 2656 3088 Patri
2705 3044 2758 3087 et
2804 3036 2937 3089 Filio
2966 3035 3264 3105 etSpiritni
3316 3047 3522 3101 sancto,
3569 3053 3718 3093 nunc

2116 3138 2171 3183 et
2192 3144 2429 3199 semper,
2452 3138 2506 3182 et
2531 3128 2581 3181 itt
2608 3127 2799 3181 srecula
2829 3128 3171 3181 sazculorum.
3204 3128 3397 3183 Amen.

2579 3262 2643 3343 is
2683 3262 3009 3319 PSALMUM
3048 3262 3231 3317 CXltt.

2116 3379 2167 3433 1.
2213 3376 2275 3431 In
2297 3378 2432 3431 exitu
2471 3374 2636 3430 Israel
2657 3375 2720 3429 de
2752 3374 3006 3445 .Egypto,
3038 3376 3218 3427 domus
3236 3373 3397 3429 Iacob
3432 3375 3494 3427 de
3522 3376 3717 3446 populo

2186 3471 2421 3534 barbaro,
2451 3469 2504 3522 2.
2536 3471 2670 3539 facta
2697 3479 2769 3522 est
2798 3468 2984 3522 Judtea
3024 3468 3357 3535 sanctiﬁcatio
3383 3468 3512 3537 ejus,
3545 3466 3715 3522 Israel

2185 3574 2402 3635 potestas
2432 3565 2562 3632 ejus.

2189 3678 2240 3731 1.
2282 3676 2521 3743 Magnam
2538 3674 2636 3728 “hic
2670 3683 2895 3727 testatur
2937 3673 3027 3727 Dei
3072 3673 3449 3741 benignitatem
3480 3682 3537 3728 et
3561 3690 3716 3727 man-

2113 3766 2469 3821 ευριυιιίιιαιη.
2526 3764 2821 3831 Quamnam
2875 3763 3046 3817 hanc?
3096 3765 3248 3831 Quod
3305 3778 3426 3817 cunt
3478 3767 3711 3835 primam
3765 3816 3771 3822 ,

2111 3856 2346 3911 ostendit
2374 3836 2693 3923 potentiam;
2725 3866 2848 3908 tunc
2876 3864 2931 3907 ut
2963 3856 3075 3922 ipse
3102 3855 3353 3907 adoretur
3379 3856 3559 3923 exigit.
3598 3855 3712 3910 Iloc

2111 3950 2251 4004 enim
2282 3948 2589 4018 significans
2614 3947 2826 4001 dicebat
2855 3965 2867 3999 :
2897 3946 2957 4000 In
3005 3948 3141 3999 exitu
3175 3946 3340 4000 Israel
3361 3947 3423 3999 de
3448 3945 3709 4017 Egypto,

2112 4044 2247 4111 facta
2274 4051 2344 4093 est
2384 4039 2573 4093 Iudam
2613 4039 3131 4107 sanctificatio'ejns.
3181 4039 3332 4092 Tunc
3370 4038 3511 4091 enim
3555 4054 3710 4092 suam

2110 4134 2345 4188 ostendit
2377 4133 2664 4200 potentiam
2704 4148 2795 4199 per
2834 4133 2985 4200 signa
3030 4147 3150 4200 qtue
3193 4132 3244 4183 in
3285 4130 3519 4205 Egypto
3571 4130 3710 4184 facta

2110 4238 2253 4290 sunt,
2281 4237 2334 4279 et
2366 4243 2459 4294 per
2489 4242 2549 4280 ea
2575 4243 2693 4293 qum
2723 4227 2771 4277 in
2801 4225 3017 4278 deserto
3048 4244 3059 4276 :
3098 4235 3221 4297 tunc
3257 4227 3417 4279 etiam
3454 4225 3707 4293 populum

2109 4319 2206 4371 sibi
2237 4317 2409 4371 effecit
2435 4316 2768 4371 familiarem.
2792 4316 2903 4369 lloc
2927 4317 3099 4382 ipsum
3119 4317 3277 4369 etiam
3300 4315 3486 4371 feritin
3514 4316 3705 4370 Adam.

2108 4410 2241 4465 Cum
2274 4410 2415 4463 enim
2443 4409 2590 4478 prius
2622 4409 2874 4461 mundum
2921 4408 3168 4471 fecisset,
3201 4420 3255 4462 et
3282 4426 3394 4462 stne
3423 4412 3703 4479 sapientia:

2108 4515 2160 4557 et
2184 4504 2433 4570 potentia!
2467 4504 2567 4553 \‘itll
2599 4502 2940 4561 ostendisset,
2967 4503 3033 4555 ita
3067 4502 3218 4555 finxit
3241 4501 3533 4568 hominem,
3559 4514 3610 4558 et
3641 4506 3708 4558 ab

2109 4612 2173 4649 eo
2202 4596 2377 4659 exegit
2417 4594 2802 4646 adorationetn.
2849 4593 2922 4647 lta
2955 4594 3114 4647 etiam
3159 4594 3461 4663 nnigenitus
3492 4596 3583 4647 Ιὶυί
3617 4594 3708 4647 Fi-

2108 4684 2209 4739 lius
2241 4678 2360 4736 cum
2410 4681 2635 4751 primum
2676 4683 2822 4753 signa
2871 4683 3187 4750 prmbuissd
3226 4684 3389 4737 multa
3434 4695 3485 4739 et
3533 4688 3710 4741 omnis

2107 4777 2336 4846 generis,
2366 4785 2489 4829 tunc
2520 4775 2675 4827 fidem
2704 4775 2899 4844 exegit.
2924 4775 3181 4840 Quocirca
3208 4775 3269 4829 iis
3294 4775 3506 4843 quidem
3530 4777 3618 4843 qui
3644 4777 3711 4827 alt

2109 4868 2255 4922 initio
2286 4868 2349 4919 ad
2372 4882 2490 4919 eum
2516 4866 2857 4930 :tCCcdebztnt,
2892 4876 2947 4918 ιιι
2968 4866 3054 4934 ιι·ιί
3084 4867 3196 4933 ejus
3224 4867 3441 4934 pignora
3473 4881 3577 4919 non
3607 4866 3706 4918 ltr-

2108 4959 2310 5020 bcrcnt,
2366 4973 2463 5010 nec
2518 4968 2888 5024 argumentum
2933 4956 3266 5025 divinitatis‘,
3326 4974 3430 5009 non
3470 4957 3704 5022 dicebat,

2107 5052 2353 5111 Creditis,
2388 5065 2471 5103 me
2506 5064 2661 5117 poSSe.
2687 5048 2787 5103 hoc
2826 5048 3036 5101 facere?
3066 5049 3158 5101 sed
3187 5050 3334 5118 signa
3368 5051 3710 5105 Soltnttntodo

2106 5142 2441 5194 ostendebat.
2492 5139 2595 5193 Sed
2647 5149 2921 5208 postquam
2974 5141 3167 5209 ubique
3222 5156 3315 5209 per
3365 5142 3708 5198 l’al:estin:un

2107 5232 2350 5295 dept‘Sttil
2377 5247 2485 5286 SttJ‘.
2520 5232 2842 5284 ltt0ttilllet.l:t
2871 5233 3143 5299 potentiae,
3170 5234 3369 5286 inutilis
3391 5238 3708 5303 rorporibus

2108 5324 2400 5379 retin-dium
2433 5323 2681 5386 offerens,
2713 5325 2892 5377 vitium
2924 5326 3217 5391 expellens,
3244 5326 3312 5380 de
3344 5344 3506 5397 regno
3537 5328 3705 5381 dissa-

2108 5436 2250 5483 rens,
2285 5419 2428 5487 leges
2458 5418 2717 5471 salutares
2746 5419 3021 5479 sanciens,
3067 5431 3193 5472 tunc
3236 5420 3395 5473 etiam
3430 5420 3587 5474 tidetn
3615 5438 3709 5476 ex-

2106 5513 2207 5580 egit
2230 5512 2296 5563 ab
2316 5512 2399 5574 iis,
2429 5510 2517 5571 qui
2542 5510 2882 5563 accedebant.
2902 5510 3157 5565 llomittes
3174 5513 3314 5565 enim
3339 5513 3524 5567 volunt
3562 5516 3709 5582 prius

2107 5603 2385 5671 imperium
2412 5603 2675 5664 obtinere,
2710 5613 2758 5656 et
2790 5612 2915 5655 tunc
2938 5603 3319 5671 aggrediuntur
3349 5605 3663 5659 benefacere
3691 5626 3704 5661 :

2109 5695 2248 5748 Deus
2278 5704 2454 5746 autem
2481 5693 2665 5760 incipit
2691 5709 2717 5744 a
2752 5694 3043 5747 beneficiis.
3074 5694 3135 5748 Et
3161 5695 3286 5761 quid
3313 5694 3437 5749 dico
3475 5695 3577 5749 alia
3609 5694 3705 5750 be-

2111 5788 2318 5849 neficia,
2350 5802 2471 5841 cum
2501 5786 2658 5840 etiam
2681 5802 2891 5840 crucem
2922 5785 3089 5853 ipsam
3114 5786 3427 5841 sustinuerit
3452 5830 3463 5854 ,
3496 5797 3549 5841 et
3577 5794 3706 5838 tune
