4086 6462
326 590 520 648 alitem
575 595 737 644 terrm
793 582 1023 649 vicerit,
1074 585 1234 651 quam’
1285 576 1508 649 gerebat
1555 582 1739 629 curam
1790 570 1943 625 factis

326 682 662 739 ostendens?
692 681 806 736 lloc
832 692 961 748 ergo
992 675 1235 731 Psalmus
1256 686 1468 743 quoque
1500 669 1586 725 hic
1613 666 1940 737 significans,

330 776 550 831 dicebat
576 791 593 827 ;
623 773 690 826 In
723 770 861 826 exitu
891 767 1059 823 Israel
1097 767 1160 820 de
1186 762 1452 836 digypto,
1481 761 1663 815 domus
1691 757 1854 811 Iacob
1881 756 1945 809 de

330 867 528 941 populo
553 864 791 929 barbara,
821 862 961 931 [acta
988 868 1063 914 est
1090 856 1278 911 Juda’a
1306 852 1647 921 sanctiﬁcatio
1673 850 1802 941 ejus.
1830 848 1942 903 lloc

325 968 446 1023 est,
474 958 526 1011 in
562 956 739 1019 exitu,
766 952 822 1009 in
854 965 1069 1005 recessu
1092 992 1107 1013 ,
1139 948 1192 1002 in
1233 945 1549 1001 liberatione
1583 943 1652 996 ab
1681 940 1938 1012 Egypto.

326 1049 446 1105 Non
476 1048 612 1104 dixit
651 1056 832 1101 autem
863 1045 1037 1099 solum
1068 1042 1146 1096 De
1176 1040 1444 1111 Egypto,
1471 1037 1566 1093 sed
1589 1035 1787 1107 adjecit
1817 1054 1830 1091 :
1858 1033 1942 1090 De

327 1139 522 1213 populo
542 1137 758 1193 barbaro
780 1153 799 1192 :
814 1136 1032 1193 nomine
1050 1132 1281 1188 hostium
1302 1130 1395 1185 Dei
1417 1144 1600 1183 curam
1623 1125 1936 1181 ostendens.

326 1231 412 1287 ΑΙ)
440 1232 545 1285 illis
572 1232 715 1284 enim
751 1227 1060 1282 crudelibus
1088 1233 1143 1279 ct
1178 1222 1504 1277 immanibus
1531 1219 1802 1291 Egyptiis
1828 1235 1937 1273 non

327 1319 905 1393 potuissentliberari,
941 1316 1040 1370 nisi
1087 1314 1402 1369 halmisseut
1432 1327 1652 1366 manum
1697 1311 1932 1375 fortem,

325 1425 381 1470 et
410 1414 687 1469 dexteram
713 1409 1200 1480 inexpugnabilem.
1234 1405 1401 1461 Erant
1428 1406 1571 1459 enim
1600 1403 1726 1459 feris
1747 1405 1939 1459 szcvio-

326 1522 437 1572 res,
460 1514 515 1562 et
541 1505 708 1575 petris
728 1503 977 1557 duriores
1007 1517 1023 1554 :
1054 1501 1143 1570 qui
1162 1514 1283 1554 cum
1305 1508 1381 1553 tot
1400 1498 1703 1568 acciperent
1726 1496 1934 1567 plagas,

327 1599 549 1653 minime
572 1595 855 1650 cederent.
886 1593 1179 1662 Postquam
1209 1604 1339 1661 ergo
1365 1589 1499 1643 dixit
1530 1586 1785 1657 populum
1808 1586 1935 1640 bar-

326 1688 535 1754 barum,
570 1687 825 1750 ostendit,
846 1700 1004 1754 quam
1030 1699 1225 1753 magna
1253 1691 1399 1738 esset
1422 1681 1514 1736 Dei
1543 1681 1798 1751 potentia,
1816 1695 1936 1750 qnte

325 1782 460 1836 adeo
490 1780 779 1834 barbarum
803 1819 817 1840 ,
849 1776 984 1832 adeo
1004 1775 1281 1831 eli'eratum
1316 1773 1592 1828 hominem
1626 1788 1771 1827 nunc
1815 1774 1935 1841 qni-

332 1871 454 1927 dem
487 1870 778 1940 persuasit,
812 1883 951 1922 nunc
976 1882 1106 1921 vero
1134 1866 1218 1920 vel
1256 1866 1480 1919 invitum
1524 1864 1701 1934 coegit
1745 1877 1937 1918 servos

323 1960 616 2025 dimittere,
651 1970 707 2015 et
744 1958 1132 2015 contendentes
1163 1965 1347 2027 postea
1373 1955 1509 2025 mari
1539 1955 1745 2022 obruit,
1776 1964 1830 2010 et
1862 1955 1932 2007 ita

324 2071 479 2111 suum
504 2056 761 2125 populum
792 2052 1061 2107 liberavit.

396 2148 666 2214 Quomodo
698 2144 886 2199 Iudam
923 2142 1262 2211 sanctiﬁcatio
1299 2140 1437 2205 Dei;
1483 2138 1737 2209 quomodo
1768 2136 1935 2192 Israel

320 2241 481 2312 ipsius
512 2249 755 2309 potestas.
782 2268 848 2278 —
872 2236 1008 2303 Quid
1056 2243 1143 2289 est
1179 2243 1381 2297 autem,
1408 2232 1575 2287 Facta
1620 2242 1694 2286 est
1741 2230 1933 2309 Iudam

321 2333 657 2402 sanctiﬁcatio
686 2333 796 2401 ejus
819 2331 844 2384 ?
865 2329 919 2383 ltl
942 2338 1048 2392 est,
1078 2328 1319 2398 Populus
1340 2326 1389 2381 ei
1431 2326 1706 2391 serviens,
1733 2334 1787 2381 el
1807 2340 1930 2380 eum

318 2426 545 2481 colens:
576 2424 803 2492 populus
825 2422 873 2476 ei
906 2421 1184 2487 addictus,
1216 2420 1445 2489 populus
1490 2420 1536 2473 ei
1567 2418 1735 2473 factus
1764 2434 1928 2488 pecv—

320 2516 488 2572 liaris.
512 2513 874 2570 Sanctiﬁcatio
892 2525 1067 2567 autem
1098 2514 1311 2583 proprie
1332 2511 1628 2577 dicebatur,
1644 2512 1928 2578 templum,

320 2608 516 2680 adyta,
548 2618 729 2662 sancta
764 2618 1097 2673 sanctorum,
1143 2602 1601 2675 quemadmodum
1642 2603 1929 2657 Zacharias

318 2714 534 2770 quoque
566 2697 858 2752 introducit
895 2696 1103 2765 aliquos
1129 2694 1413 2765 rogantes,
1438 2704 1491 2750 et
1516 2695 1758 2750 dicentes
1792 2710 1805 2749 :
1836 2693 1929 2747 In-

317 2810 489 2865 gresso
502 2802 574 2846 est
592 2793 688 2845 ltuc
708 2792 1064 2859 sanctiﬁcatio,
1087 2808 1152 2843 an
1164 2790 1518 2860 jejunabimus
1535 2789 1552 2819 ¹
1572 2789 1753 2862 (Zach.
1776 2790 1827 2843 '7.
1845 2788 1928 2860 5)?

316 2884 385 2940 de
413 2884 588 2939 reditu
627 2900 767 2939 arae
796 2894 849 2938 ct
876 2884 1101 2937 aliorum
1134 2883 1372 2937 omnium
1403 2883 1729 2953 signiﬁcans.
1760 2881 1926 2936 Facta

315 2986 387 3032 est
434 2975 626 3030 Iudico
677 2976 1012 3045 sanctiﬁcatio
1051 2976 1161 3044 eius
1189 2991 1208 3029 :
1241 2985 1356 3029 erat
1399 2976 1541 3029 enim
1587 2984 1743 3030 antea
1778 2976 1941 3045 regio.

317 3060 523 3139 impura
556 3081 608 3123 et
634 3070 985 3135 exsecranda,
1016 3069 1110 3124 sed
1143 3077 1424 3137 postquam
1456 3084 1706 3124 reversus
1732 3079 1812 3123 est
1831 3086 1929 3138 po-

315 3162 494 3231 pulus,
529 3162 666 3216 facta
715 3171 799 3216 est
848 3161 1038 3217 civitas
1086 3160 1440 3215 sanctiﬁcatio
1493 3161 1657 3230 ejus:
1691 3161 1792 3216 hoc
1817 3171 1919 3226 est,

316 3250 618 3305 introducta
642 3260 726 3305 est
748 3249 1101 3304 sanctiﬁcatio
1130 3265 1222 3319 per
1242 3250 1674 3307 observationem
1697 3250 1798 3324 (a),
1827 3267 1923 3321 per

314 3344 595 3404 sacriﬁcia,
625 3359 721 3413 per
741 3342 942 3395 cultum
968 3384 983 3406 ,
1014 3343 1256 3411 aliosque
1295 3343 1432 3396 ritus
1465 3352 1521 3397 et
1561 3345 1918 3398 ccremonias.

314 3432 485 3488 Israel
518 3443 741 3505 potestas
782 3434 911 3503 ejus.
942 3434 1078 3500 Quid
1130 3442 1232 3497 est,
1278 3433 1443 3489 Israel
1494 3444 1715 3504 potestas
1762 3436 1923 3506 ejus?

312 3526 424 3581 Sub
452 3527 570 3595 ejus
599 3527 825 3595 imperio
847 3568 862 3592 ,
907 3527 1097 3596 inquit.
1138 3527 1297 3596 Atqui
1326 3528 1610 3583 universus
1634 3527 1782 3584 orbis
1813 3538 1923 3584 ter-

312 3632 387 3671 ra:
411 3616 530 3687 ejus
563 3616 790 3685 imperio
819 3617 1057 3684 suberat,
1093 3617 1186 3672 sed
1217 3618 1268 3670 hi
1298 3618 1460 3672 etiam
1493 3620 1745 3689 amplius,
1774 3621 1918 3691 quod

310 3726 404 3767 eos
437 3710 665 3765 haberet
705 3711 952 3780 proprios
1003 3720 1057 3765 ct
1101 3710 1391 3766 familiares
1434 3712 1917 3783 :quandoquidem

308 3814 363 3857 et
396 3802 710 3871 prophetias
740 3802 1124 3871 suscipiebant,
1158 3812 1352 3857 etcum
1382 3804 1461 3858 eis
1478 3804 1788 3859 disserebat
1815 3847 1830 3873 ,
1862 3815 1919 3859 et

309 3911 397 3951 res
420 3911 611 3950 eorum
636 3890 863 3964 amplius
884 3895 1312 3950 administrabat.
1343 3896 1649 3963 Quinetiam
1672 3898 1780 3953 alio
1802 3913 1920 3953 mo-

306 3988 378 4042 do
416 3986 717 4057 appellatur
749 3988 864 4056 ejus
895 3988 1140 4058 populus.
1172 3990 1318 4043 Illius
1351 3990 1494 4044 enim
1526 4001 1656 4045 nutu
1682 4006 1828 4061 saepe
1865 4006 1920 4049 et

305 4078 373 4134 ad
403 4080 601 4135 bellum
636 4080 1016 4150 procedebant,
1044 4090 1097 4137 et
1128 4083 1289 4137 multa
1314 4084 1416 4138 alia
1444 4084 1914 4142 administrabant.

306 4171 441 4225 Cum
487 4186 583 4225 eos
629 4173 772 4227 enim
818 4188 846 4224 a
880 4173 1175 4227 barbaricis
1218 4174 1486 4241 manibus,
1522 4178 1832 4247 tyrannide,
1862 4188 1918 4234 et

307 4262 568 4318 servitute
589 4304 604 4327 ,
630 4272 685 4317 et
715 4272 957 4318 extremo
1004 4264 1261 4333 periculo,
1288 4274 1344 4319 et
1370 4276 1550 4321 mente
1583 4269 1742 4337 impia
1776 4270 1915 4323 libe-

304 4361 500 4420 rasset,
530 4354 639 4408 [lex
664 4368 851 4429 eorum
896 4355 1066 4411 lactus
1110 4364 1212 4410 cst.
1247 4357 1357 4412 lloc
1403 4358 1576 4428 ipsum
1602 4363 1763 4414 etiam
1789 4363 1915 4417 alibi

303 4460 458 4501 suam
487 4460 705 4500 causam
737 4462 901 4514 agens
926 4488 940 4508 ,
972 4456 1027 4501 et
1064 4448 1356 4504 ostendens
1401 4466 1460 4505 SC
1489 4468 1607 4521 ψιτιι
1632 4467 1726 4507 sua
1759 4463 1917 4509 erant

304 4539 538 4607 primum
570 4534 906 4605 praestitisse,
939 4553 1058 4608 quae
1083 4539 1294 4594 illorum
1325 4551 1503 4596 autem
1527 4553 1699 4609 erant,
1731 4546 1915 4616 requi-

301 4642 448 4693 rere,
471 4628 685 4683 dicebat
723 4645 738 4681 :
779 4627 1046 4695 Numquid
1067 4631 1289 4685 solitudo
1312 4634 1388 4702 fui
1418 4634 1593 4688 domui
1622 4634 1805 4703 Israel,
1841 4639 1917 4693 vel

305 4727 441 4772 terra
468 4718 811 4787 inculta(.ler.
843 4718 899 4773 2.
926 4720 1018 4787 51)
1041 4721 1064 4774 ?
1089 4721 1241 4789 Quod
1273 4732 1452 4778 autem
1475 4725 1623 4791 dicit,
1654 4737 1736 4782 est
1764 4729 1913 4797 ejus-

303 4808 450 4863 modi
479 4825 494 4861 :
527 4808 665 4862 Num
712 4809 782 4864 fui
830 4812 983 4865 vobis
1015 4813 1255 4867 inutilis?
1281 4829 1459 4868 annon
1495 4816 1770 4873 innumera
1821 4821 1916 4875 bo-

307 4899 459 4953 nain
497 4914 594 4953 vos
632 4901 871 4954 contuli?
926 4917 1105 4956 annon
1158 4904 1326 4973 ipsam
1382 4917 1623 4962 naturam
1673 4914 1910 4968 mutavil

305 5004 486 5045 annon
537 4992 803 5046 elementa
826 5004 883 5047 ut
909 4994 1059 5049 vobis
1089 5000 1357 5052 servirent
1382 5003 1705 5069 composui?
1731 5020 1911 5059 annon

302 5081 425 5137 dedi
458 5082 613 5135 vobis
666 5082 828 5136 vitam
889 5085 958 5139 ab
1010 5083 1263 5141 humanis
1313 5088 1587 5144 laboribus
1633 5094 1903 5150 liberam?

304 5169 599 5242 PrOpterca
638 5172 773 5228 dixit
805 5192 818 5227 :
844 5171 986 5229 Nam
1011 5177 1237 5231 solitudo
1257 5180 1334 5247 {ni
1358 5182 1531 5235 domui
1562 5182 1774 5241 Israel?
1802 5190 1914 5245 lloc

306 5274 408 5326 cSl,
436 5266 631 5318 Annon
658 5264 856 5320 fructus
891 5267 986 5320 tuli
1017 5268 1475 5328 innumerabiles?
1505 5276 1809 5333 libertatem
1841 5282 1911 5336 ab

304 5352 565 5425 Egypto,
598 5355 971 5413 liberationem
1000 5358 1374 5428 barbarorum,
1407 5369 1773 5423 ostensionem
1807 5372 1911 5425 mi-

307 5446 638 5511 raculorum,
670 5447 832 5503 vitam
853 5450 905 5503 in
938 5449 1175 5519 deserto,
1209 5452 1563 5515 [nereditatem
1587 5459 1908 5533 Palaestina»,

368 5587 657 5667 ξρετε-ἔναυ(
675 5588 1008 5667 jejunabintus
1052 5597 1110 5657 (ἢ
1142 5600 1518 5667 νῃστεύσομεν),
1561 5618 1662 5657 non
1704 5617 1820 5660 sunt
1856 5610 1909 5661 in

306 5654 448 5698 textu
476 5649 617 5706 LXX.
647 5649 812 5714 nerine
833 5656 882 5703 in
912 5649 1141 5719 Hebrive,
1165 5649 1257 5709 hoc
1283 5649 1407 5713 loco:

364 5719 764 5803 92.19.33“:
787 5728 937 5803 {res
1198 5729 1662 5803 ρεξὲηςνρςιίοηωης
1690 5745 1792 5789 aut-
1822 5753 1910 5803 per

296 5780 701 5852 eburtvatianern,
718 5782 766 5830 in
791 5780 931 5852 cultu
950 5780 1233 5852 adbibitan't.
1269 5793 1352 5839 Hic
1378 5780 1911 5852 t—tttenn'ésséfs-Euﬁit's

302 5842 507 5917 bttjttsee
534 5842 924 5917 vocisltocrloeo.
970 5846 1109 5897 Multa
1150 5853 1280 5899 ettim
1328 5842 1909 5917 inspicietnlanet

309 5905 454 5955 tanta
482 5914 622 5954 erant
640 5905 690 5955 iu
715 5916 871 5957 veteri
894 5908 1029 5971 lege.

1445 453 1813 515 EXPOSITIO
1852 452 1917 509 IN
1958 451 2282 511 ΡδΑωιυδί
2320 454 2503 514 CXIII.

3575 460 3680 517 non

2060 570 2453 641 subjectionem
2494 574 2760 645 gentium,
2783 576 3038 634 continua
3076 586 3316 650 tropaea,
3362 577 3677 651 frequentes

2054 664 2327 732 victorias,
2372 666 2632 725 miracula
2691 668 3051 733 incredibilia.
3098 671 3354 728 continua
3405 672 3673 743 prodigia,

2057 767 2218 814 terra:
2241 758 2596 827 fertilitatem,
2620 764 2837 832 generis
2862 766 3026 821 vestri
3071 767 3463 825 incrementum
3488 811 3502 834 ,
3525 783 3671 834 eam,

2052 866 2175 921 quas
2203 852 2517 909 universum
2545 864 2811 910 terrarum
2843 858 3032 913 orbem
3076 861 3355 927 pervadit,
3408 860 3671 929 gloriam,

2051 946 2157 1000 alia
2185 948 2507 1003 innumera?
2534 948 2724 1005 Vidisti
2746 950 2953 1006 fructus
2976 952 3109 1006 Dei?
3132 951 3194 1007 Et
3217 952 3338 1007 ideo
3356 953 3660 1021 subjunxit:

2052 1037 2323 1108 Numquid
2346 1041 2425 1111 fui
2444 1049 2579 1095 terra
2597 1042 2793 1096 inculta
2815 1044 2841 1097 ?
2864 1043 2976 1097 Hoc
3000 1054 3105 1107 est,
3130 1047 3324 1098 Annon
3354 1045 3669 1098 innumera-
3752 1064 3757 1072 ·

2049 1131 2185 1185 biles
2216 1130 2422 1191 fructus
2449 1149 2477 1187 a
2512 1149 2597 1189 me
2630 1133 3022 1204 decerpsistis?
3048 1149 3227 1189 annon
3278 1134 3529 1189 benedixi
3585 1135 3673 1189 in-

2050 1224 2266 1278 troitum
2296 1234 2349 1278 et
2379 1226 2581 1281 exitum
2618 1236 2853 1281 vestrum
2875 1267 2891 1291 ,
2921 1241 3113 1298 greges
3134 1238 3346 1282 veSIros
3369 1238 3420 1281 et
3444 1242 3667 1283 armen-z

2048 1324 2098 1371 ta
2123 1326 2323 1391 vestra,
2344 1334 2534 1387 panem
2558 1327 2819 1381 vestrum,
2851 1328 2904 1373 et
2958 1334 3153 1388 aquam
3186 1318 3461 1373 vestram?
3488 1333 3669 1375 annon

2046 1408 2101 1463 in
2158 1416 2272 1463 tuto
2324 1409 2619 1464 collocavi?
2675 1425 2855 1463 annon
2901 1409 2999 1464 feci
3062 1420 3120 1464 ut
3171 1410 3366 1465 essetis
3416 1410 3674 1465 omnibus

2045 1500 2509 1570 inexpugnabiles,
2536 1501 2719 1555 invicti
2748 1510 2804 1555 et
2833 1500 3146 1556 terribiles?
3171 1515 3353 1556 annon
3381 1509 3660 1570 tamquam

2044 1606 2112 1645 ex
2142 1590 2375 1647 fontibus
2397 1593 2575 1647 omnia
2613 1593 2764 1646 vobis
2795 1608 2825 1647 e
2855 1592 2989 1646 cmlo
3014 1594 3070 1647 et
3109 1607 3140 1647 e
3163 1599 3304 1647 terra
3336 1591 3672 1647 manabant?

2038 1681 2157 1739 lloc
2187 1699 2329 1740 etum
2357 1686 2589 1739 maxime
2631 1684 2867 1739 ostendit
2903 1684 3202 1755 principem
3225 1725 3241 1749 ,
3266 1684 3409 1752 quod
3463 1684 3674 1740 scilicet

2044 1790 2266 1831 suorum
2297 1794 2480 1833 curam
2512 1787 2694 1848 gerat,
2719 1779 2906 1847 eiSque
2936 1779 3224 1847 providi-at
3250 1793 3314 1832 ac
3346 1778 3663 1847 proSpiciat.

2114 1868 2170 1925 2.
2214 1870 2281 1924 Ει
2320 1870 2446 1925 ideo
2494 1872 2709 1925 dicebat
2748 1870 3018 1935 Christus,
3068 1870 3264 1926 Pastor
3316 1873 3498 1938 bonus,
3557 1886 3669 1927 non

2040 1958 2200 2028 dixit,
2232 1962 2525 2016 ltOttoratur
2553 1972 2604 2016 et
2633 1964 2847 2026 colitur,
2897 1961 2993 2016 sed
3039 1964 3265 2015 animant
3316 1979 3464 2016 suam
3514 1964 3660 2029 ponit

2043 2066 2137 2121 pro
2180 2052 2357 2105 oribus
2405 2054 2511 2106 suis
2562 2051 2770 2123 (Joan.
2799 2053 2885 2108 10.
2922 2055 2978 2107 ll
3008 2052 3052 2123 ).
3108 2053 3223 2108 lloc
3270 2064 3346 2107 est
3395 2053 3671 2123 principa-

2042 2152 2148 2204 tus.
2195 2144 2296 2198 hoc
2344 2154 2427 2198 est
2492 2144 2744 2213 pascendi
2802 2146 3049 2210 scicntia,
3100 2158 3195 2199 sua
3265 2144 3559 2215 negligere,
3612 2152 3669 2198 et

2040 2250 2227 2291 eorum
2296 2251 2432 2307 quos
2486 2236 2622 2307 regit
2672 2250 2855 2291 curam
2916 2252 3128 2307 gerere.
3178 2237 3333 2303 Quod
3381 2248 3466 2291 est
3521 2239 3666 2291 enim

2040 2327 2303 2392 medicus,
2353 2328 2458 2382 hoc
2514 2338 2597 2384 est
2642 2329 3048 2400 princeps;vcl
3102 2329 3287 2399 potius
3338 2330 3458 2427 plus
3503 2346 3664 2400 quant

2038 2420 2301 2476 medicus.
2345 2421 2578 2476 Medicus
2600 2424 2742 2475 enim
2772 2433 2889 2476 arte
2915 2422 3142 2476 salutem
3167 2420 3445 2491 comparat
3466 2438 3480 2486 ;
3512 2422 3661 2489 prin-

2036 2524 2170 2580 ceps
2225 2520 2404 2566 autem
2454 2512 2615 2567 etiam
2667 2513 2900 2583 propriis
2956 2513 3229 2581 periculis.
3280 2511 3433 2578 Quod
3486 2512 3652 2566 etiam

2039 2600 2166 2656 fecit
2208 2602 2476 2669 Christus,
2524 2602 2693 2672 alapis
2745 2618 3055 2671 percussus,
3112 2602 3437 2667 cruciﬁxus,
3464 2612 3520 2657 et
3557 2604 3660 2656 alia

2037 2696 2450 2752 innumerabilia
2514 2712 2824 2766 perpessus.
2895 2696 3160 2764 Quocirca
3230 2695 3445 2751 dicebat
3518 2694 3663 2749 Pau-

2035 2791 2118 2844 lus
2148 2809 2161 2845 :
2194 2790 2396 2845 Etenim
2443 2790 2672 2848 Christus
2722 2810 2825 2847 non
2862 2794 2958 2847 sibi
3005 2792 3199 2863 placuit
3233 2836 3246 2857 ,
3281 2794 3372 2847 sed
3409 2794 3660 2864 quemad-

2033 2882 2240 2935 modum
2292 2884 2537 2954 scriptum
2598 2896 2710 2949 est,
2749 2884 3040 2953 ()pprobria
3102 2886 3518 2956 exprobrantium
3571 2886 3662 2940 tibi

2032 2974 2321 3028 ceciderunt
2374 2982 2530 3044 super
2577 2977 2703 3048 me(
2749 2978 2900 3031 Rom.
2936 2979 3023 3033 15.
3067 2980 3131 3045 ὃς
3167 2977 3316 3033 Psal.
3376 2978 3467 3033 68.
3523 2979 3588 3034 10

2033 3063 2150 3119 Duo
2177 3080 2326 3134 ergo,
2352 3066 2460 3119 imo
2512 3082 2641 3121 vero
2687 3068 2807 3131 tria,
2859 3078 3024 3139 atque
3069 3069 3207 3124 adeo
3230 3070 3656 3123 innumerabilia

2037 3153 2126 3210 hic
2155 3158 2305 3226 ponit
2331 3157 2616 3227 beneﬁcia,
2646 3161 2790 3230 quod
2845 3163 3107 3231 eripuerit
3133 3177 3163 3217 a
3191 3162 3461 3227 barbaris,
3509 3162 3652 3231 quod

2030 3246 2342 3303 liberaverit
2369 3250 2436 3304 ab
2461 3251 2632 3305 aliena
2660 3262 2822 3318 terra,
2847 3253 2991 3323 quod
3028 3256 3291 3309 exemerit
3310 3269 3340 3308 a
3363 3256 3646 3319 servitute,

2028 3342 2173 3409 quod
2226 3340 2500 3395 laboribus
2547 3350 2603 3395 et
2658 3341 3045 3399 afflictionibus
3097 3345 3257 3400 ﬁnem
3311 3346 3652 3416 imposuerit,

2028 3430 2171 3500 quod
2202 3432 2481 3486 innumera
2529 3433 2714 3487 fecerit
2764 3434 3022 3489 miracula
3059 3456 3073 3491 :
3105 3435 3303 3491 deinde
3356 3438 3499 3508 quod
3552 3453 3651 3493 eos

2028 3522 2191 3577 etiam
2242 3538 2363 3578 esse
2414 3524 2644 3579 voluerit
2701 3526 2821 3595 ejus
2874 3526 3381 3595 sanctificationem,
3431 3540 3485 3584 et
3532 3529 3652 3599 ejus

2028 3628 2148 3669 esse
2172 3614 2319 3668 dicto
2345 3614 2680 3671 obedientes.
2725 3616 2859 3671 Nam
2903 3618 3005 3672 hoc
3032 3633 3252 3689 quoque
3275 3636 3382 3673 non
3418 3629 3503 3675 est
3531 3635 3654 3690 par-

2028 3722 2150 3759 vum
2202 3722 2372 3776 genus
2401 3706 2671 3774 beneficii,
2694 3708 2897 3763 referre
2918 3724 3013 3764 eos
3046 3712 3099 3765 in
3136 3727 3417 3765 numerum
3435 3728 3650 3779 eorum,

2026 3799 2115 3869 qui
2146 3808 2271 3854 sunt
2302 3800 2401 3854 sub
2428 3801 2544 3868 ejus
2570 3801 2796 3857 ditione.
2824 3802 2876 3857 5.
2914 3802 3059 3857 ,ναῖε
3084 3804 3227 3866 vidit,
3261 3814 3308 3856 ct
3336 3805 3465 3875 fugit
3490 3820 3509 3868 ;
3531 3802 3659 3857 Jor-

2026 3892 2174 3947 danis
2203 3909 2474 3947 conversus
2497 3904 2567 3947 est
2590 3905 2889 3948 retrorsum.
2926 3895 3059 3950 Vide
3115 3897 3415 3949 orationem
3473 3912 3647 3966 exago

2025 3993 2288 4053 gemtam,
2327 3994 2381 4038 et
2410 3986 2793 4055 ampliﬁcatam
2825 3987 3170 4041 beneﬁcium.
3198 3988 3335 4056 Quid
3359 3988 3528 4053 enim,
3563 3990 3650 4043 in-

2024 4076 2160 4146 quit,
2191 4076 2475 4131 dicendum
2524 4086 2607 4131 cst
2632 4077 2700 4132 de
2741 4072 2984 4132 barbaris
3028 4090 3083 4132 et
3107 4080 3381 4147 gentibus,
3429 4079 3648 4149 quando

2024 4169 2187 4222 cessit
2212 4170 2372 4222 etiam
2402 4178 2668 4233 creatura,
2696 4179 2747 4223 ct
2774 4171 2947 4225 locum
2980 4170 3149 4235 dedit,
3179 4180 3234 4224 et
3259 4186 3525 4226 conversa
3552 4182 3645 4227 est

2023 4262 2089 4317 ad
2112 4264 2402 4330 contraria,
2432 4262 2725 4332 rcSpiciens
2757 4252 2846 4316 -ad
2899 4264 3302 4332 imperatorem,
3349 4272 3405 4317 et
3447 4264 3655 4319 cedens

2023 4354 2144 4407 duci
2175 4355 2353 4425 populi
2376 4356 2395 4407 ?
2421 4354 2549 4409 ll.t.-c
2574 4355 2717 4409 enim
2736 4354 2916 4409 omnia
2942 4366 3069 4409 tunc
3093 4355 3415 4409 eveniebant
3438 4355 3643 4424 populo

2025 4444 2396 4508 llebrmorum,
2432 4454 2489 4499 ut
2540 4444 2738 4499 scirent
2794 4460 2899 4499 non
2956 4444 3120 4499 fuisse
3171 4444 3419 4499 humana:
3448 4460 3649 4501 conse-

2022 4537 2255 4606 qncttlize
2298 4552 2359 4591 ea
2403 4552 2523 4606 qua:
2547 4535 2890 4601 eveniebant,
2920 4535 3015 4589 sed
3050 4536 3229 4589 omnia
3280 4534 3446 4589 fuisse
3477 4534 3649 4590 mira-

2019 4629 2147 4685 bilia
2179 4643 2343 4694 Opera
2375 4629 2569 4683 divina:
2597 4638 2653 4685 et
2684 4628 2969 4683 ineffabilia
2997 4630 3272 4698 potentim.
3299 4628 3433 4682 Vide
3462 4638 3645 4683 autem

2020 4722 2320 4792 emphasim
2352 4722 2623 4788 dictionis,
2654 4732 2707 4777 et
2734 4737 2893 4792 quam
2926 4723 2996 4776 sit
3029 4722 3233 4791 optime
3278 4722 3472 4791 posita.
3519 4722 3638 4778 Non

2022 4817 2157 4870 dixit
2185 4818 2350 4880 enim,
2380 4816 2573 4878 Cessit,
2606 4828 2715 4878 aut,
2750 4816 3003 4871 Substitit
3029 4835 3042 4871 :
3074 4817 3165 4871 sed
3198 4817 3323 4886 quid
3344 4817 3366 4871 ?
3386 4816 3537 4871 Mare
3560 4817 3641 4872 tti-

2016 4911 2117 4976 dit,
2148 4920 2192 4963 et
2219 4910 2351 4980 fugit
2377 4926 2395 4963 :
2426 4924 2673 4963 recessus
2700 4910 3031 4964 celeritatem
3064 4909 3183 4979 fuga
3217 4911 3404 4965 volens
3450 4920 3643 4965 osten-

2021 4999 2170 5063 dere,
2222 5000 2643 5069 magnitudinem
2671 5000 3063 5067 adm’rationis,
3112 4993 3503 5058 et‘facilitalem
3546 5003 3643 5059 Dei

2021 5088 2371 5163 operationis.

2097 5186 2353 5241 Miracula
2378 5204 2479 5242 non
2522 5196 2706 5243 temere
2738 5193 2899 5260 facta.
2924 5218 2997 5230 —
3024 5189 3091 5243 Et
3119 5206 3186 5244 ne
3217 5177 3338 5260 quis
3366 5191 3641 5247 existimet

2022 5275 2127 5333 hoc
2152 5287 2302 5333 certo
2333 5281 2593 5349 temporis
2621 5281 2823 5335 ambitu
2850 5290 2942 5334 aut
2985 5284 3205 5336 fortuito
3234 5285 3519 5348 accidisse,
3572 5284 3643 5339 ab

2022 5370 2116 5424 illo
2162 5380 2406 5438 tempore
2455 5388 2561 5426 non
2604 5374 2835 5441 amplius
2885 5374 3083 5429 tinctum
3137 5386 3243 5441 est,
3295 5378 3391 5431 sed
3445 5378 3637 5443 semel,

2020 5463 2237 5532 quando
2269 5464 2410 5519 Deus
2441 5464 2623 5533 jussit,
2654 5466 2814 5534 idque
2842 5470 2990 5522 varie
3022 5469 3073 5521 in
3105 5468 3337 5524 din'l‘SiS
3367 5472 3636 5538 personis.

2020 5552 2261 5610 lnsolens
2284 5557 2426 5610 enim
2459 5556 2723 5611 undarum
2759 5559 3009 5628 impetus,
3044 5562 3207 5615 veluti
3254 5564 3554 5625 animatus,
3585 5574 3640 5620 ιιι

2021 5648 2230 5703 ratione
2260 5650 2533 5716 prmtlitus,
2567 5649 2677 5704 Deo
2703 5650 2943 5718 jnbrnte,
2976 5653 3076 5709 hos
3103 5654 3320 5722 quidem
3355 5656 3591 5709 servavit
3619 5697 3634 5721 ,

2022 5739 2140 5792 illos
2194 5756 2326 5795 vero
2380 5742 2613 5811 perdidit
2666 5744 2880 5811 (Exod.
2931 5745 3042 5817 Η)
3078 5764 3091 5801 :
3125 5749 3245 5801 aliis
3290 5750 3635 5817 sepulcrum,

2018 5832 2137 5883 aliis
2173 5830 2265 5884 fuit
2308 5834 2630 5887 vehiculum.
2665 5835 2776 5888 Iloc
2806 5835 2978 5904 ipsum
3008 5838 3172 5892 etiam
3203 5839 3397 5894 videtis
3425 5841 3476 5895 in
3526 5840 3639 5895 for-

2024 5937 2155 5976 nace
2184 5922 2505 5999 Babylonica
2561 5928 2579 5997 (
2615 5923 2751 5980 Dan.
2787 5927 2821 5981 3
2852 5929 2887 5999 ).
2918 5927 3059 5998 lanis
3089 5931 3235 5984 enim
3280 5934 3373 6005 qui
3426 5943 3635 5991 temere
