4086 6446
490 411 595 468 507

492 537 547 582 ct
575 538 698 579 casu
730 521 1016 583 ferebatur,
1052 518 1472 573 moderationem
1500 527 1552 570 et
1577 526 1782 570 certum
1832 512 2073 564 ordinem

493 615 744 676 ostendit,
772 612 984 683 quando
1012 612 1149 665 licus
1176 609 1446 693 praecepit,
1465 620 1561 660 eos
1583 606 1793 675 quidem
1818 604 1903 672 qui
1927 609 2080 655 erant

496 708 658 770 intus,
689 716 1050 765 conservans;
1079 716 1173 753 eos
1203 713 1329 752 vero
1355 698 1443 767 qui
1467 695 1596 751 foris
1626 695 1900 754 sedebant,
1931 694 2077 743 iuva-

496 797 630 849 dcus
650 804 701 848 et
728 807 1045 847 consumens
1067 788 1227 861 (Dan.
1250 789 1329 858 5).
1357 787 1601 841 Iordanis
1614 801 1877 839 conversus
1900 792 1971 837 est
2001 798 2080 835 rc-

494 897 730 937 trorsnm.
752 882 935 936 Vidisti
964 891 1013 934 et
1045 882 1094 933 in
1113 880 1338 934 diversis
1368 877 1695 947 temporibus
1719 876 1836 928 ctiu
1856 875 2080 927 diversis

492 976 621 1028 locis
646 974 757 1027 fieri
773 970 1129 1026 miracula?Ut
1156 970 1296 1023 enim
1317 969 1516 1023 scirent
1532 968 1622 1020 Dei
1654 966 1942 1035 potentiam
1966 962 2078 1016 ubi-

460 1084 463 1085 ν
491 1082 594 1131 que
606 1078 725 1118 esse
749 1074 1044 1121 estcnsam,
1067 1074 1118 1115 et
1136 1070 1250 1114 loco
1268 1076 1372 1113 non
1390 1058 1636 1114 concludi
1665 1080 1677 1113 :
1702 1067 1753 1109 ct
1782 1057 1830 1110 in
1855 1055 2076 1109 barbara

493 1156 727 1225 regione.
749 1166 798 1208 et
822 1156 870 1207 in
890 1153 1192 1219 solitudine,
1216 1162 1267 1206 et
1290 1152 1485 1222 ubique
1510 1151 1678 1205 adfuit
1696 1149 1897 1203 faciens
1914 1149 2078 1201 mira-

493 1248 630 1311 cuia,
652 1258 707 1300 et
736 1256 858 1299 tunc
885 1245 1094 1313 quidem
1127 1245 1176 1297 in
1192 1244 1347 1309 mari,
1376 1258 1514 1297 nunc
1534 1251 1708 1295 autem
1728 1242 1777 1294 in
1809 1240 1998 1303 fluviis,
2027 1247 2079 1293 et

492 1346 618 1391 tunc.
641 1336 851 1405 quidem
872 1334 970 1388 sub
993 1335 1156 1400 Mose,
1176 1321 1355 1403 postea
1385 1342 1561 1387 autem
1590 1334 1688 1386 sub
1714 1332 1870 1386 Jcsu:
1895 1347 1958 1385 ac
1987 1346 2079 1398 per

492 1427 742 1481 miracula
775 1426 965 1494 ubique
989 1424 1500 1486 transmittebantur,
1540 1433 1591 1477 ut
1610 1423 1925 1476 nullosensu
1947 1437 2080 1489 pra:-

492 1517 654 1570 ditant
685 1525 941 1579 mentem,
973 1516 1268 1584 duramque
1296 1505 1449 1567 suam
1480 1509 2077 1581 intelligentiam'mira-

488 1609 621 1663 culis
644 1608 956 1672 emollitam,
976 1608 1238 1660 mitiorem
1258 1604 1541 1659 redderent
1564 1612 1618 1656 et
1646 1604 1811 1671 magis
1835 1603 2077 1656 idoneam

489 1697 554 1750 ad
576 1697 964 1765 suscipiendam
987 1696 1075 1750 Dei
1095 1694 1471 1765 Cognitioncm.
1497 1694 1549 1748 ι.
1573 1693 1769 1747 Montes
1797 1693 2077 1745 exsultave—

490 1799 609 1841 runt
628 1799 680 1841 ut
696 1772 895 1853 arietes,
914 1798 955 1841 et
984 1786 1135 1841 colles
1162 1786 1292 1841 sicut
1320 1787 1440 1856 agni
1465 1788 1643 1838 ovium.
1670 1784 1765 1838 llic
1792 1785 1943 1837 nobis
1969 1784 2078 1837 ori-

490 1885 577 1931 tur
614 1892 717 1929 non
750 1892 909 1947 parva
939 1877 1181 1945 qucestio.
1212 1876 1459 1930 Nonnulli
1496 1877 1639 1930 enim
1664 1876 1966 1930 dubitantes
1993 1875 2077 1929 di-

487 1976 651 2021 cunt:
684 1968 866 2022 Priora
890 1969 1101 2037 quidem
1121 1968 1256 2021 facta
1285 1983 1405 2023 esse
1433 1969 1663 2031 scimus;
1695 1969 1909 2022 historia
1937 1969 2076 2021 enim

491 2058 732 2121 tradidit,
760 2067 810 2111 et
833 2058 1058 2111 divisum
1087 2058 1251 2112 fuisse
1283 2059 1334 2111 in
1379 2061 1525 2113 exitu
1549 2074 1697 2112 mare
1721 2059 1991 2121 Rubrum,
2026 2068 2079 2113 et

487 2148 773 2203 .lordanem
799 2148 961 2203 fuisse
990 2157 1132 2203 retro
1157 2164 1495 2216 conversum,
1518 2150 1732 2221 quando
1754 2166 1872 2205 arca
1909 2162 2080 2209 trans-

489 2240 579 2293 ivit
626 2257 640 2292 :
681 2240 975 2299 exsultasse
1013 2250 1192 2295 autem
1249 2252 1457 2296 montes
1498 2251 1553 2297 et
1588 2244 1788 2307 Colles,
1820 2246 1920 2299 hoc
1951 2261 2078 2299 nus-

489 2348 647 2399 quam
676 2333 931 2401 scriptum
954 2347 1075 2387 esse
1102 2333 1358 2389 videmus.
1383 2335 1518 2402 Quid
1542 2334 1643 2390 hoc
1662 2352 1789 2405 ergo
1809 2339 1907 2391 sibi
1934 2339 2079 2393 vult?

489 2420 688 2475 Volens
718 2422 974 2491 propheta
1006 2422 1239 2476 laetitiam
1270 2433 1324 2479 et
1352 2424 1727 2479 miraculorum
1755 2428 2105 2497 niagui:udi-.

489 2527 611 2564 nem
641 2511 982 2582 hyperbolice
1008 2512 1318 2575 ostendere,
1352 2516 1432 2567 vel
1461 2516 1572 2585 ipsa
1603 2516 1889 2573 inauimata
1922 2518 2076 2572 indu-

488 2600 560 2653 cit
596 2600 790 2654 choros
831 2602 1215 2670 pmpemodum
1242 2604 1488 2658 ducentia
1515 2614 1572 2661 et
1598 2608 1892 2661 exsilientia
1912 2651 1927 2675 ,
1957 2624 2076 2679 quae

488 2691 704 2759 quidem
744 2691 921 2746 solent
959 2692 1072 2746 fieri
1107 2694 1174 2747 ab
1210 2695 1274 2746 iis
1312 2695 1401 2763 qui
1432 2696 1610 2749 lrtitia
1636 2698 1959 2755 afficiuntur.
1998 2703 2075 2756 Eo
2118 2710 2121 2713 '

487 2796 618 2850 ergo
649 2792 852 2850 spectat
895 2784 1126 2852 adjectio
1164 2786 1305 2841 illius
1339 2788 1731 2856 similitudinis,
1771 2790 1838 2847 Ut
1858 2796 2073 2862 arietes,

487 2883 534 2925 et
563 2881 614 2924 ut
641 2873 760 2943 agni
781 2876 966 2927 ouium.
998 2873 1088 2928 Illa
1116 2878 1255 2930 enim
1278 2880 1525 2933 animalia
1553 2884 1765 2951 quando
1791 2886 2073 2955 laetantur,

488 2964 662 3019 solent
706 2965 927 3020 saltibus
973 2960 1258 3025 ostendere
1311 2972 1585 3029 lactitiam.‘
1616 2974 2074 3044 Quemadmodum

490 3071 618 3126 ergo
642 3058 777 3113 alios
801 3060 930 3113 dicit
958 3062 1007 3114 in
1038 3062 1428 3118 calamitatibus
1462 3067 1668 3122 vineam
1699 3079 1754 3125 et
1782 3072 1959 3126 viuum
1993 3074 2075 3128 lu-

488 3148 664 3210 xisse,
707 3164 813 3202 non
853 3150 993 3219 quod
1035 3154 1153 3207 vitis
1184 3154 1357 3224 lugeat
1379 3155 1529 3226 (Isai.
1556 3156 1649 3213 Ἠ.
1680 3159 1733 3227 7)
1761 3178 1776 3214 :
1809 3152 2076 3233 quomodo

488 3240 629 3293 enim
655 3240 824 3311 lugeat
848 3244 969 3297 vitis
991 3245 1014 3298 ἲ
1034 3244 1127 3299 sed
1152 3247 1335 3301 volens
1357 3249 1614 3320 insignem
1640 3267 1924 3310 maerorem
1947 3272 2077 3313 ocu-

489 3329 555 3382 lis
598 3332 758 3385 veluti
801 3333 1095 3403 subjicere,
1135 3339 1295 3393 etiam
1340 3341 1451 3410 ipsa
1492 3343 1777 3400 inanimata
1801 3362 1921 3403 eum
1948 3364 2074 3406 sen-

491 3419 624 3474 sisse
662 3421 787 3477 dicit
833 3424 1175 3495 hyperbolice
1212 3447 1225 3481 :
1256 3430 1325 3483 ita
1352 3431 1440 3486 hic
1463 3434 1621 3488 etiam
1645 3437 1846 3493 inducit
1869 3453 2079 3497 creatu-

489 3526 602 3564 ram
628 3527 746 3568 essc
771 3515 965 3570 lartititc
990 3520 1321 3589 participem,
1354 3534 1410 3577 ut
1437 3528 1742 3585 ostenderet
1765 3533 1938 3601 gaudii
1966 3550 2080 3589 ina-

489 3604 840 3671 gnitudifiem.
902 3608 974 3663 Ita
1028 3612 1188 3666 etiam
1250 3615 1485 3671 solemus
1545 3620 1769 3689 dicere,
1819 3641 1941 3695 qua:
1990 3627 2078 3684 hic

490 3695 757 3750 suntlmta
790 3698 1027 3755 evasisse
1047 3744 1064 3767 ,
1098 3705 1313 3770 quando
1339 3706 1508 3762 virum
1539 3709 1853 3769 honoratum
1878 3717 2078 3773 videri-

491 3800 607 3838 mus
628 3788 916 3857 accessisse
959 3806 975 3843 :
1020 3791 1305 3862 hnplevisti
1344 3797 1559 3855 domum
1608 3801 1788 3859 lzntitia
1824 3823 1969 3863 :non
2009 3810 2080 3866 de

488 3876 779 3941 parietibus
805 3878 1078 3947 loquentes
1100 3925 1114 3947 ,
1146 3886 1239 3941 sed
1272 3889 1479 3958 insigne
1505 3894 1756 3961 gaudium
1783 3899 2077 3955 ostenden-

491 3974 592 4021 tes.
627 3967 680 4021 5.
716 3969 851 4035 Quid
879 3982 949 4026 est
979 3975 1099 4040 tibi,
1132 3971 1445 4049 mare,gqu
1461 3984 1665 4053 fugisti,
1695 3997 1741 4040 et
1772 3998 1855 4054 tu,
1887 3990 2079 4046 Jorda-

489 4062 600 4125 nis,
637 4064 755 4129 quia
779 4080 1043 4120 conversus
1072 4086 1123 4123 es
1183 4076 1497 4129 retrorsum?
1532 4080 1584 4131 6.
1625 4078 1824 4135 Montes
1851 4085 2079 4137 exsulta-

486 4156 579 4209 stis
615 4156 744 4210 sicut
780 4160 991 4221 arietes,
1031 4171 1078 4215 et
1114 4165 1266 4219 colles
1332 4168 1461 4220 sicut
1486 4172 1607 4237 agni
1630 4172 1841 4227 ouium?
1872 4175 1971 4228 Per
1996 4178 2079 4230 in-

489 4247 899 4315 terrogationem
947 4251 1150 4319 profert
1181 4255 1514 4322 orationem,
1558 4270 1610 4312 ct
1646 4277 1767 4315 cum
1798 4267 2079 4322 elementis

489 4336 750 4404 loquitur,
796 4340 982 4395 eodem
1012 4357 1207 4409 sensu,
1234 4360 1340 4414 quo
1363 4362 1423 4401 ea
1454 4348 1588 4403 dixit
1611 4352 1847 4409 exsilire.
1878 4354 2076 4421 Quetno

488 4426 776 4482 admodum
808 4431 948 4483 enim
979 4446 1038 4485 ea
1066 4433 1276 4487 dicebat
1295 4476 1308 4498 ,
1339 4451 1443 4490 non
1470 4436 1548 4492 eis
1577 4455 1793 4497 sensum
1820 4447 2079 4513 tribuens,

488 4518 582 4571 sed
608 4559 622 4581 ,
670 4527 726 4573 ut
766 4519 870 4588 jam
909 4522 1049 4586 dixi,
1100 4525 1357 4593 insignem
1403 4528 1636 4584 lmtitiam
1676 4535 1996 4602 ostendens,
2029 4550 2083 4595 et

489 4624 668 4663 rerum
711 4620 979 4680 gestarum
1024 4616 1439 4684 magnitudinem
1474 4638 1487 4672 :
1520 4622 1591 4676 ita
1631 4624 1791 4680 etiam
1822 4629 1900 4681 eis
1926 4630 2079 4687 affert

490 4701 957 4775 interrogationem
989 4724 1002 4759 :
1035 4722 1139 4760 non
1172 4717 1229 4762 ut
1253 4726 1373 4780 quas
1403 4716 1731 4781 respondere
1764 4722 1961 4787 rossint
1982 4735 2082 4785 ,-ct

489 4803 703 4846 sensum
733 4794 984 4860 habeant,
1017 4797 1110 4851 sed
1138 4808 1193 4853 ut
1212 4801 1351 4870 quod
1372 4802 1567 4859 dicitur
1589 4806 1788 4863 cfliciat
1812 4800 2072 4881 aper-tina,

486 4896 542 4939 et
586 4884 831 4955 ostendat
876 4902 987 4940 rem
1031 4903 1151 4942 esse
1186 4888 1588 4963 admirabilem,
1616 4907 1671 4953 et
1697 4912 1951 4970 superare
1978 4903 2077 4960 ho-

488 4974 689 5027 minum
718 4977 1043 5044 opinionem.

558 5066 610 5119 3.
656 5067 942 5137 Tamquam
989 5080 1165 5125 autem
1208 5087 1297 5127 res
1342 5090 1474 5129 nova
1514 5075 1648 5133 facta
1675 5093 1854 5150 esset,
1884 5093 1935 5141 et
1970 5102 2074 5143 non

485 5171 551 5211 ex
591 5169 845 5214 consueta
883 5170 1089 5215 natura:
1122 5169 1507 5234 consequentia
1536 5173 1829 5238 evenisset,
1856 5177 2075 5245 subjun-

484 5249 558 5315 git
605 5248 1104 5317 interrogationem,
1136 5262 1190 5306 et
1209 5254 1390 5324 adjicit
1419 5263 1844 5328 responsionem.
1869 5265 2073 5332 Quam-

480 5336 656 5393 nam?
718 5340 761 5393 Ι.
814 5338 858 5391 Α
902 5340 1032 5405 [acie
1084 5339 1295 5397 Domini
1346 5358 1481 5400 mota
1532 5360 1605 5403 est
1653 5362 1819 5418 terra,
1870 5371 1901 5407 a
1946 5358 2074 5427 facit

486 5426 582 5482 Dei
626 5428 806 5484 Iacob.
858 5431 953 5487 Hic
983 5450 1167 5490 rursus
1210 5437 1338 5492 dicit
1365 5452 1603 5507 motum,
1644 5426 2070 5519 perculsionem,

480 5520 920 5590 admirationem,
953 5534 1008 5578 ut
1032 5528 1277 5583 ostendat
1304 5544 1483 5585 rerum
1513 5542 1782 5605 gestarum
1806 5542 2071 5607 ntagnitua

480 5610 683 5665 dinem.

549 5698 691 5754 Deus
743 5702 902 5775 Jacob
933 5705 1180 5765 Dominus
1224 5728 1288 5766 cx
1331 5704 1461 5768 serui
1512 5717 1711 5771 nomine
1761 5720 2068 5789 appellatus.

483 5817 553 5829 --
575 5790 774 5849 Deinde
794 5806 1096 5856 monstrans
1120 5816 1316 5872 quanta
1344 5820 1433 5861 res
1458 5807 1526 5863 sit
1552 5809 1707 5865 unius
1738 5812 1833 5868 viri
1863 5814 2058 5884 virtus,

1272 406 1327 459 S.
1370 400 1649 459 JOANNIS
1688 392 2159 453 CllllYSOSTOMl
2203 391 2516 448 ΑΒΕΙΙΙΕΡ.
2560 390 3095 448 CONSTANTINOP.

3685 388 3786 444 308

2184 522 2250 559 ex
2298 509 2437 561 servi
2482 509 2696 562 nomine
2740 510 3029 581 appellavit
3060 508 3360 561 Dominum.
3390 505 3545 573 Quod
3568 503 3786 575 quidem

2188 596 2382 650 Paulus
2423 613 2633 667 quoque
2656 600 2801 653 dicit
2829 601 2989 654 fuisse
3020 614 3116 667 pro
3142 598 3381 651 maximo
3416 600 3622 650 honore
3653 611 3789 649 cono

2184 702 2396 742 cessum
2426 690 2531 743 illis
2557 690 2756 743 sanctis
2775 732 2788 751 ,
2821 691 3071 759 quoniam
3101 689 3252 743 liberi
3277 696 3430 741 erant
3450 687 3519 739 ab
3538 686 3792 738 omnibus

2183 795 2303 847 quze
2331 780 2394 831 ad
2420 779 2553 833 hanc
2574 780 2731 833 vitam
2750 782 3104 848 pertinebant.
3124 779 3427 834 Nonsolum
3449 777 3793 844 enim‘posuit

2186 872 2329 924 illum
2359 872 2649 934 honorem,
2678 871 2772 927 sed
2804 873 2965 926 etiam
2986 874 3183 941 adjecit
3205 886 3421 925 causam
3455 871 3695 927 honoris.
3728 878 3792 921 ιιι

2184 963 2477 1015 auditorem
2521 962 2740 1016 doceret
2774 963 2939 1026 viam,
2995 977 3089 1031 per
3134 977 3292 1029 quam
3336 970 3517 1030 posset
3556 963 3789 1028 primum

2188 1052 2326 1106 hunc
2370 1054 2539 1107 locum
2582 1055 2843 1108 obtinere.
2883 1052 3226 1120 Quemnam?
3273 1053 3339 1109 Ut
3384 1070 3448 1108 ex
3493 1068 3783 1105 servorum

2186 1144 2401 1209 nomine
2450 1143 2705 1196 Dominus
2748 1154 2986 1197 vocetur.
3038 1144 3297 1210 Quocirca
3343 1142 3554 1196 diccbat
3604 1160 3616 1193 :
3655 1142 3793 1195 Pro-

2184 1245 2295 1301 pter
2328 1226 2480 1303 quam
2513 1250 2718 1287 causam
2746 1251 2844 1287 non
2872 1234 3114 1288 erubescit
3142 1234 3283 1287 Deus
3303 1274 3317 1298 ,
3342 1233 3479 1286 Deus
3507 1250 3680 1287 eorum
3702 1249 3796 1285 υοο

2182 1326 2289 1377 rari
2342 1323 2532 1393 (Hebr.
2588 1325 2675 1378 ll.
2727 1324 2836 1394 l6).
2885 1324 3164 1391 Quomodo
3220 1324 3591 1392 appellabatur
3648 1324 3791 1378 Deus

2184 1412 2465 1479 ipsorum?
2516 1414 2706 1467 Dicens
2753 1431 2766 1466 :
2816 1413 2927 1483 Ego
2971 1430 3085 1467 sum
3130 1412 3270 1467 Deus
3312 1414 3605 1481 Abraham,
3647 1412 3800 1469 Deus:

2182 1503 2368 1570 Isaac,
2417 1516 2462 1558 et
2505 1500 2638 1558 om
2676 1505 2836 1558 Jocob
2886 1504 3079 1575 (Exod.
3127 1508 3180 1561 5.
3224 1505 3304 1575 6).
3337 1505 3539 1560 Deinde
3571 1518 3783 1575 ponens

2184 1597 2341 1649 etiam
2389 1599 2636 1665 superius
2669 1612 2883 1652 causam
2914 1599 3035 1653 talis
3061 1600 3354 1653 vocationis
3375 1641 3390 1664 ,
3423 1600 3555 1653 dixit
3588 1618 3599 1653 :
3634 1599 3703 1652 Et
3740 1599 3792 1653 'ri

2186 1704 2353 1741 omnes
2383 1690 2565 1740 mortui
2596 1698 2711 1742 sunt
2736 1731 2749 1752 ,
2780 1706 2880 1742 non
2914 1691 3133 1759 acceptis
3156 1692 3574 1759 promissionibus
3596 1734 3609 1755 ,
3638 1694 3729 1744 sed
3755 1708 3791 1744 rs

2185 1782 2332 1849 longe
2371 1796 2457 1832 eos
2490 1782 2792 1847 aspicientes
2817 1791 2865 1835 et
2892 1783 3201 1848 salutantes,
3240 1796 3283 1835 ct
3312 1785 3604 1849 conﬁtentes
3624 1824 3649 1847 ,
3668 1785 3791 1852 quia

2186 1872 2436 1941 peregrini
2460 1884 2577 1925 sunt
2598 1874 2879 1944 rtltospites
2900 1874 3082 1943 (Hebr.
3108 1877 3195 1929 Η.
3218 1870 3332 1947 13).
3359 1876 3482 1929 Ha-c
3498 1888 3575 1930 cst
3601 1893 3786 1938 causa.

2184 1972 2238 2017 et
2282 1966 2399 2018 idco
2445 1966 2717 2033 subjunxit
2746 1985 2758 2021 :
2784 1966 3001 2036 Propter
3030 1973 3161 2021 hanc
3185 1985 3389 2021 causam
3418 1987 3517 2023 non
3545 1972 3792 2024 erubescit

2187 2055 2321 2109 Deus
2342 2058 2509 2109 vocari
2540 2056 2673 2110 Deus
2698 2066 2870 2112 eorum
2901 2059 3064 2129 (Ibid.
3094 2076 3139 2112 υ.
3174 2061 3282 2132 16).
3320 2062 3548 2130 Propter
3586 2065 3791 2133 quam?

2182 2149 2441 2213 Quoniam
2476 2151 2704 2206 confessi
2747 2163 2870 2207 sunt
2894 2170 3014 2210 esse
3041 2170 3098 2210 se
3129 2156 3367 2225 hospites
3394 2168 3442 2212 et
3476 2160 3793 2227 peregrinos

2183 2239 2344 2311 (Ibid.
2373 2258 2418 2293 υ.
2456 2243 2545 2311 15)
2567 2283 2580 2305 ,
2614 2252 2667 2297 et
2693 2243 2824 2297 nihil
2851 2245 3049 2300 habere
3091 2262 3377 2303 commune
3399 2264 3518 2302 cum
3542 2265 3789 2319 praesen-

2184 2332 2325 2387 tibus
2358 2352 2370 2388 ε
2401 2334 2494 2388 sed
2534 2335 2761 2403 sejuncti
2800 2336 2867 2391 ab
2910 2336 2975 2391 iis
3002 2353 3121 2408 quae
3153 2338 3219 2393 ad
3255 2340 3394 2395 hanc
3423 2342 3582 2396 vitam
3617 2345 3789 2412 perti-

2181 2422 2343 2489 l’ieut,
2377 2426 2445 2480 ita
2491 2425 2752 2496 degebant
2796 2429 2847 2482 in
2887 2430 3060 2509 aliena
3111 2442 3274 2486 terra.
3315 2434 3366 2487 8.
3401 2433 3499 2500 Qui
3542 2436 3790 2491 converti:

2181 2525 2373 2586 petram
2402 2518 2452 2569 in
2478 2527 2658 2588 stagna
2673 2536 2919 2582 aquarum
2940 2562 2955 2586 ,
2983 2532 3029 2574 et
3053 2539 3229 2591 rupem
3254 2523 3305 2585 in
3328 2525 3492 2593 fontes
3510 2542 3787 2594 agnorunt.

2181 2606 2511 2673 Quamnam,
2556 2625 2772 2677 qttarso,
2818 2612 3025 2666 veniam
3072 2626 3494 2685 consequentur,
3537 2619 3625 2686 qui
3658 2632 3788 2673 sunt

2178 2696 2332 2761 duri,
2364 2707 2416 2751 ct
2463 2714 2567 2752 non
2614 2699 2765 2756 facile
2806 2702 3029 2767 cedunt,
3058 2719 3181 2761 cum
3221 2716 3273 2760 et
3317 2718 3465 2776 petra
3514 2718 3569 2762 et
3624 2726 3793 2779 rupes

2178 2802 2297 2857 quse
2328 2798 2410 2842 Cal
2438 2785 2568 2841 dura
2597 2801 2650 2845 et
2681 2794 2963 2860 resistens,
2987 2795 3143 2849 cedat
3166 2796 3338 2865 jussui
3367 2798 3596 2862 Domini,
3622 2799 3794 2854 homo

2179 2887 2355 2932 autem
2373 2892 2395 2941 ,'
2432 2880 2521 2949 qui
2566 2890 2647 2935 est
2687 2884 2893 2937 ratione
2929 2895 3152 2940 ornatus
3177 2897 3231 2940 et
3260 2888 3508 2942 omnibus
3535 2905 3793 2946 mansuc-

2182 2969 2313 3033 tior,
2359 2970 2460 3024 illis
2488 2970 2676 3025 evadat
2702 2972 2925 3030 durior?
2954 2976 3157 3044 Rupem
3186 2977 3329 3030 enim
3363 2978 3448 3032 hic
3474 2979 3638 3047 dicit,
3668 2996 3793 3050 qua

2180 3061 2335 3117 facile
2359 3062 2504 3117 ferro
2526 3078 2630 3118 non
2660 3066 2835 3131 cedit,
2866 3068 2958 3122 sed
2989 3069 3075 3122 vix
3102 3069 3154 3122 in
3184 3069 3381 3125 vertice
3404 3070 3789 3142 confringitur.

2179 3151 2271 3207 llla
2321 3163 2495 3208 tamen
2545 3156 2596 3209 iu
2653 3158 2974 3211 contrariam
3020 3167 3262 3213 naturam
3317 3159 3531 3216 redacta
3577 3172 3701 3228 est,
3734 3175 3794 3218 et

2179 3245 2355 3301 fontes
2396 3262 2653 3317 aquarum
2703 3249 2900 3303 emisit.
2952 3249 3168 3304 Natura:
3209 3252 3355 3306 enim
3392 3250 3581 3321 Opifcx
3609 3263 3795 3322 potest

2180 3339 2327 3407 ipsos
2366 3354 2581 3408 quoque
2622 3340 2911 3395 transferre
2949 3342 3239 3409 terminos,
3270 3354 3325 3398 et
3350 3359 3468 3413 qua:
3495 3354 3621 3399 sunt
3650 3360 3791 3400 con-

2184 3430 2346 3485 traria
2390 3430 2678 3485 ostendere
2728 3448 2741 3485 :
2788 3431 2930 3501 quod
2958 3446 3333 3501 smpenumero
3360 3434 3489 3490 fecit
3517 3436 3570 3491 in
3603 3439 3793 3493 multis

2182 3521 2348 3587 locis,
2397 3521 2687 3576 ostendens
2727 3537 2786 3603 se
2830 3538 2953 3578 eum
2990 3538 3141 3589 esse,
3179 3526 3359 3594 quies
3392 3527 3457 3581 iis
3480 3569 3497 3593 ,
3527 3542 3650 3598 qua:
3682 3546 3793 3587 non

2180 3620 2337 3675 sunt,
2385 3611 2513 3668 fecit
2556 3614 2756 3668 omnia.
2798 3614 3088 3685 Postquam
3128 3632 3257 3689 ergo
3282 3619 3419 3674 dixit
3442 3623 3660 3690 antiqua
3694 3623 3795 3678 be~

2181 3704 2371 3759 nelicia
2398 3744 2415 3771 ,
2464 3704 2775 3771 miracula,,
2803 3707 3043 3777 prodigia
3066 3749 3082 3771 ,
3135 3710 3407 3779 quomodo
3455 3712 3729 3768 liberavit.
3759 3729 3793 3769 a

2181 3795 2458 3851 barbarica
2500 3798 2807 3865 servitute,.
2842 3800 3113 3868 quomodo
3130 3802 3340 3857 reduxit
3362 3804 3412 3857 in
3445 3804 3789 3872 libertatem,

2180 3885 2463 3955 quomodo
2497 3888 2717 3941 mutavit
2754 3890 3053 3955 elementa,
3098 3901 3153 3947 et
3192 3894 3370 3947 omnia
3400 3896 3627 3965 replevit
3655 3897 3793 3952 Leti-

2182 3980 2251 4033 tia
2274 4021 2289 4046 ,
2338 3990 2489 4049 rogat
2528 3983 2686 4036 etiam
2718 3998 2818 4053 pro
2852 3984 3205 4051 prmseotibus
3243 3995 3296 4040 et
3322 3986 3389 4040 ad
3419 4002 3543 4041 eum
3576 3998 3793 4057 portum

2182 4071 2437 4141 Confugit.
2486 4066 2687 4127 Deinde
2724 4074 2979 4143 quoniam
3021 4075 3149 4130 illud
3189 4091 3402 4146 quoque
3434 4077 3631 4134 factum
3660 4089 3791 4149 est,

2184 4178 2288 4215 nou
2323 4175 2539 4233 propter
2565 4166 2748 4220 merita
2780 4182 2966 4224 eorum
2992 4168 3081 4238 qui
3104 4167 3478 4225 afliciebantur
3501 4171 3789 4239 beneﬂcio.

2183 4255 2277 4310 sed
2317 4266 2536 4326 propter
2575 4257 2667 4313 Dei
2708 4256 3089 4331 benignitatem
3120 4270 3173 4315 et
3203 4262 3577 4331 clementiam,
3606 4273 3662 4320 et
3690 4280 3793 4322 no-

2187 4360 2308 4401 men
2340 4347 2456 4417 ejus
2486 4366 2501 4402 :
2529 4349 2668 4418 quod
2692 4350 2907 4419 quidem
2935 4350 3101 4405 dzxit:
3133 4350 3201 4406 Ut
3231 4369 3333 4406 non
3362 4355 3661 4423 profanetur
3689 4374 3793 4411 no-

2185 4455 2299 4493 men
2344 4457 2509 4493 meum
2558 4439 2771 4510 (Ezrch.
2810 4443 2900 4497 20.
2933 4443 3027 4513 9),
3059 4443 3152 4498 sed
3182 4445 3360 4499 sciant
3382 4461 3573 4503 omnes
3602 4464 3700 4519 per
3722 4464 3789 4505 ea

2185 4547 2304 4599 qua:
2350 4530 2487 4587 facta
2532 4542 2686 4598 sunt,
2733 4533 2850 4603 ejus
2886 4533 3134 4589 virtutem
3161 4544 3213 4590 et
3242 4538 3570 4613 potentiam,
3603 4549 3658 4595 et
3684 4539 3791 4595 hoc

2185 4622 2255 4676 sit
2286 4624 2499 4677 occasio
2520 4634 2571 4677 ct
2590 4636 2970 4709 argumentum
2984 4625 3266 4691 doctrina}.
3296 4628 3433 4685 hanc
3453 4632 3613 4685 etiam
3640 4648 3791 4690 nunc

2183 4713 2339 4769 affert
2371 4715 2676 4778 'ratiooem,
2723 4715 2909 4771 dicens
2952 4735 2965 4771 :
3009 4718 3229 4773 Etiamsi
3276 4733 3374 4774 nos
3401 4724 3505 4776 vita
3530 4722 3785 4789 deﬁciat.

2185 4821 2283 4860 nec
2330 4804 2620 4860 habeamus
2661 4823 2729 4861 ex
2776 4808 2975 4863 nostris
3010 4806 3157 4864 recte
3202 4811 3353 4867 factis
3384 4811 3630 4869 fiduciam
3654 4853 3675 4882 ,
3702 4816 3789 4872 fac

2184 4907 2401 4964 prooter
2446 4904 2869 4965 nomeu‘tuum,
2913 4898 3051 4954 sicut
3089 4900 3301 4956 dicebat
3341 4902 3537 4959 Moses.
3565 4901 3672 4962 Cui
3697 4907 3788 4971 h'e

2183 5005 2394 5058 quoque
2433 4988 2618 5043 dicens
2660 4999 3050 5060 consentanea,
3082 4993 3155 5047 ait
3188 5011 3201 5048 :
3231 4997 3287 5051 9.
3312 4994 3444 5064 Non
3471 4997 3645 5066 nobis,
3680 4997 3788 5055 Do-

2182 5081 2315 5134 mine
2334 5122 2349 5144 ,
2382 5097 2480 5133 non
2508 5080 2678 5145 nobis,
2706 5081 2797 5135 sed
2826 5084 3018 5137 nomini
3044 5093 3130 5138 tuo
3154 5088 3222 5139 da
3245 5088 3479 5157 gloriam.
3510 5088 3629 5144 Non
3660 5106 3785 5162 pro-

2183 5181 2301 5241 pter
2344 5189 2476 5237 uos,
2525 5174 2730 5245 inquit,
2776 5191 2949 5246 neque
2987 5187 3043 5231 ut
3090 5193 3189 5233 nos
3226 5181 3419 5236 reddas
3442 5182 3700 5240 clariores
3729 5196 3786 5242 et

2182 5264 2351 5333 tttagis
2390 5264 2625 5334 insignes
2646 5308 2659 5331 ,
2688 5266 2781 5320 sed
2811 5277 2867 5319 nt
2897 5269 3012 5338 ipse
3043 5269 3239 5340 ubique
3269 5281 3411 5326 tuam
3441 5272 3639 5329 reddas
3668 5292 3784 5331 ma—

2183 5358 2429 5412 nifestam
2476 5358 2787 5425 potentiam.
2824 5358 3020 5413 Verum
3061 5342 3510 5430 quemadmodum
3541 5366 3659 5435 ejus
3685 5384 3785 5424 no-

2182 5466 2302 5503 men
2349 5450 2515 5518 gloria
2554 5458 2607 5505 et
2654 5451 2858 5507 honore
2899 5452 3163 5520 afficitur,
3206 5456 3330 5511 dum
3359 5459 3473 5527 ipse
3502 5460 3605 5515 fert
3628 5464 3783 5517 ausi-

2179 5539 2307 5593 lium
2359 5559 2372 5591 :
2418 5541 2486 5593 ita
2535 5557 2719 5597 rursus
2760 5544 2929 5613 gloria
2969 5560 3183 5617 quoque
3218 5548 3481 5613 afflcltur,
3522 5551 3651 5607 dum
3681 5569 3782 5609 nos

2179 5646 2323 5685 reete
2369 5639 2424 5685 et
2463 5646 2527 5684 ex
2576 5632 2771 5689 virtute
2818 5636 3077 5701 vivimus,
3117 5648 3172 5694 et
3218 5642 3491 5710 praefat-is
3522 5644 3778 5702 institutis

2177 5724 2303 5777 clari
2346 5740 2548 5780 sumus.
2593 5724 2781 5781 Luccat
2854 5728 3028 5793 enim,
3072 5732 3269 5803 inquit,
3299 5734 3389 5787 lux
3419 5745 3578 5791 ucstra
3605 5755 3778 5796 rorant

2184 5816 2461 5891 hominibus
2485 5857 2501 5885 ,
2542 5829 2596 5872 ut
2635 5819 2834 5875 rideant
2861 5838 3017 5906 opera
3043 5834 3201 5879 ucstra
3224 5826 3357 5879 bona
3375 5869 3388 5895 ,
3420 5838 3466 5881 et
3492 5830 3777 5901 glorificent
