4086 6446
201 410 317 466 ιω

203 488 418 555 i'utretu
448 510 686 559 rostrum.
715 496 798 568 qui
820 508 891 551 est
914 497 962 550 in
991 476 1127 550 retiis
1152 492 1365 564 (Matth.
1392 492 1451 545 ‘5.
1485 490 1594 560 16).
1622 487 1821 554 Quem-

197 595 496 652 admodum
540 610 671 665 ergo
697 592 870 664 gloria
899 591 969 646 'ob
998 590 1250 644 virtutem
1282 595 1521 641 nostram
1554 582 1817 645 alticitur,

198 689 275 742 ita
324 686 667 743 contumeliis
714 694 770 740 et
814 681 1110 737 maledictis
1148 678 1460 741 incessitur,
1504 675 1631 729 dum
1657 673 1820 727 vitam

200 781 258 835 in
303 780 436 834 vitio
471 776 839 847 transigimus.
872 773 986 828 Hoc
1013 773 1187 844 ipsum
1216 785 1312 840 per
1338 765 1656 838 prophetam
1688 779 1823 834 quo-

199 881 307 940 que
351 869 704 942 signiﬁcans,
746 866 961 922 dicebat
1002 882 1020 919 :
1066 862 1270 919 Nomen
1304 877 1475 917 meum
1504 869 1711 932 propter
1733 866 1821 913 vos

196 960 588 1032 blasphematur
612 961 665 1014 in
689 957 922 1031 gentibus
949 954 1102 1029 (lsai.
1130 953 1225 1010 52.
1253 952 1334 1023 5).
1361 951 1499 1039 ilum
1520 965 1651 1021 ergo
1676 948 1819 1003 nulla

196 1056 304 1112 alia
334 1056 546 1111 ratione
573 1053 744 1125 possit
768 1064 956 1107 eorum
984 1054 1202 1106 causam
1232 1044 1560 1109 defendere,
1588 1058 1656 1100 eo
1685 1057 1819 1098 con-

197 1144 365 1220 fugit,
391 1147 533 1202 sicut
560 1143 724 1202 etiam
745 1143 942 1199 Moses.

274 1237 439 1294 Solus
482 1236 750 1293 hominum
780 1234 892 1290 Deo
918 1234 1081 1307 magis
1110 1240 1183 1289 est
1207 1230 1347 1287 cum
1364 1272 1379 1298 ,
1406 1246 1559 1303 quam
1582 1244 1677 1285 sua
1702 1229 1819 1300 glo-

194 1330 300 1387 ria.
346 1361 421 1372 —
462 1329 568 1386 Sed
610 1344 718 1386 non
752 1328 899 1385 idem
926 1341 1143 1398 semper
1168 1323 1295 1382 facit
1325 1324 1507 1391 Deus,
1538 1322 1819 1379 hominum

193 1422 395 1479 ululis
433 1435 618 1478 curam
660 1435 876 1491 gerens.
924 1418 985 1478 Si
1018 1419 1165 1476 enim
1204 1432 1421 1489 semper
1455 1416 1560 1472 hoc
1585 1415 1817 1481 faceret,

194 1514 355 1573 multi
399 1515 658 1571 secordes
704 1513 896 1570 ﬁerent
937 1513 1271 1579 deteriores,
1319 1508 1462 1582 quod
1510 1508 1645 1565 nihil
1689 1509 1816 1565 mali

198 1615 556 1679 paterentur,
589 1606 885 1661 maximum
926 1605 1119 1676 pignus
1165 1602 1464 1669 habentes,
1500 1616 1560 1658 se
1594 1610 1818 1674 prepter

195 1698 321 1769 ejus
365 1698 592 1769 gloriam
636 1713 664 1751 a
711 1696 873 1753 malis
910 1705 1173 1767 perpetuo
1218 1692 1517 1752 servandos
1539 1708 1683 1750 esse.
1709 1691 1816 1750 Sed

196 1805 288 1845 res
316 1805 425 1845 non
454 1790 527 1844 ita
548 1803 609 1845 se
632 1788 811 1845 habet.
838 1786 1021 1859 Neque
1035 1788 1182 1844 enim
1206 1786 1318 1843 Deo
1338 1800 1435 1842 sua
1454 1784 1629 1858 gloria
1650 1793 1816 1841 tanta:

195 1891 283 1935 cst
327 1895 476 1936 cura:
499 1923 515 1947 ,
560 1881 776 1951 q’uantae
808 1879 954 1934 salus
980 1878 1279 1934 hominum.
1306 1875 1364 1934 Si
1390 1877 1534 1933 enim
1567 1874 1816 1933 homines

194 1987 320 2027 eam
358 1980 749 2037 contemnunt,
796 1971 967 2027 multo
1004 1971 1174 2041 magis
1203 1969 1346 2026 Deus
1369 2011 1383 2035 ,
1413 1969 1505 2041 qui
1536 1969 1688 2025 nullo
1717 1983 1819 2024 no-

192 2072 438 2119 strorum
482 2062 685 2133 indiget
713 2069 726 2116 ':
755 2062 877 2129 sed,
919 2062 1059 2117 sicut
1086 2060 1234 2127 dixi,
1259 2061 1519 2132 quoniam
1548 2058 1837 2132 propheta

195 2159 381 2224 partes
421 2153 725 2210 defensoris
765 2152 1025 2223 suscipit,
1075 2166 1172 2209 eos
1198 2152 1267 2207 ab
1293 2153 1358 2207 iis
1380 2192 1397 2219 ,
1428 2167 1492 2208 ex
1521 2151 1718 2222 quibus
1745 2151 1813 2207 li-

192 2258 317 2308 cet.
359 2247 629 2314 defendit,
654 2260 710 2304 et
738 2247 1061 2318 repetitione
1083 2246 1250 2303 utitur
1267 2287 1283 2315 ,
1313 2246 1503 2302 dicens
1531 2264 1546 2301 :
1576 2244 1699 2301 Non
1720 2262 1815 2300 no-

188 2339 307 2404 bis,
346 2337 593 2405 Domine,
625 2355 728 2393 non
758 2340 902 2393 nobis
931 2355 951 2394 :
975 2337 1269 2395 ostendens
1298 2352 1546 2411 magnam
1578 2336 1812 2409 indigni-

193 2437 362 2483 tatem
408 2444 595 2484 eorum
638 2429 731 2500 qui
772 2438 1055 2484 servantur
1097 2447 1111 2482 :
1153 2428 1243 2484 sed
1271 2429 1465 2484 nomini
1491 2438 1580 2483 tuo
1608 2424 1678 2483 da
1701 2428 1814 2501 glo-

192 2523 349 2575 riam.
392 2520 503 2577 Nos
526 2522 671 2578 enim
698 2532 889 2578 sumus
916 2521 1061 2592 digni
1094 2523 1248 2577 malis
1278 2521 1761 2578 innumerabilibus
1792 2538 1811 2590 ;

191 2615 291 2671 sed
326 2632 394 2669 ne
420 2615 738 2686 profanetur
766 2626 963 2671 nomen
998 2626 1169 2671 tuum.
1198 2614 1285 2671 10.
1317 2615 1490 2686 Super
1518 2615 1812 2671 misericor-

192 2708 283 2762 dia
303 2717 469 2762 tua'et
496 2708 705 2764 oet-nate
724 2714 835 2763 tua.
868 2709 1021 2763 Alius
1045 2708 1315 2779 interpres
1332 2706 1412 2781 (α)
1432 2708 1509 2763 ait
1533 2724 1553 2762 :
1585 2706 1813 2778 Propter

192 2797 595 2852 misericordiam
618 2803 782 2873 tuam.
818 2794 981 2854 Vides
1001 2805 1126 2854 eum
1151 2797 1253 2854 hoc
1278 2808 1492 2871 quoque
1517 2799 1676 2870 plane
1699 2800 1809 2856 sci-

194 2890 338 2945 visse
356 2932 372 2957 ,
418 2891 585 2947 Deum
616 2890 671 2945 id
702 2888 1089 2962 despiCientem
1110 2931 1127 2956 ,
1160 2895 1325 2944 unum
1348 2890 1525 2946 solum
1552 2891 1654 2947 sibi
1679 2904 1809 2962 pro-

194 2998 418 3051 ponere,
452 2997 644 3054 nempe
682 2990 745 3037 ut
785 2982 1127 3054 corrigantur
1163 2988 1497 3054 peccatdres.
1525 2982 1655 3047 Ideo
1680 2984 1810 3040 sub-

188 3074 404 3145 iunxit,
457 3073 628 3142 Super
656 3073 1019 3128 misericordia
1064 3083 1153 3127 tua
1204 3082 1251 3128 et
1306 3075 1515 3130 veritate
1553 3084 1662 3129 tua.
1690 3074 1808 3133 Hoc

191 3174 272 3219 εει
303 3182 319 3217 :
355 3165 579 3234 Propter
605 3164 1031 3219 misericordiam
1060 3172 1207 3219 tuam
1231 3163 1313 3220 fer
1339 3165 1496 3221 nobis
1516 3165 1799 3234 auxilium,

192 3259 291 3314 etsi
334 3262 443 3311 non
487 3256 556 3311 sit
596 3254 694 3310 tibi
739 3270 884 3310 curae
917 3254 1085 3326 gloria
1112 3253 1427 3322 hominum,
1458 3256 1553 3312 sed
1583 3260 1806 3328 propter

187 3348 618 3404 "miscricordiam
659 3355 714 3402 et
739 3347 1019 3402 veritatem
1048 3356 1212 3401 tuam.
1246 3346 1408 3403 Potes
1436 3347 1580 3403 enim
1602 3390 1617 3417 ,
1652 3356 1805 3419 pote’s

187 3440 351 3496 etiam
398 3438 875 3509 puniens'gloriam
904 3438 1187 3507 accipere,
1217 3448 1273 3494 et
1300 3453 1407 3494 non
1433 3440 1607 3496 solum
1637 3441 1803 3497 mise-

188 3546 333 3588 rens.
376 3530 483 3586 Sed
526 3544 632 3584 non
677 3532 790 3596 sic,
829 3529 1029 3599 inquit,
1057 3528 1153 3585 sed
1173 3539 1395 3601 propter
1421 3541 1563 3587 tuam
1591 3532 1805 3588 miseri-

184 3623 451 3680 cordiam.
478 3621 775 3693 Opertebat
794 3622 943 3677 ‘eitim
963 3637 995 3676 a
1026 3621 1183 3677 nobis
1209 3621 1418 3678 nomini
1440 3634 1531 3679 tuo
1551 3624 1669 3701 dari
1689 3626 1803 3697 glo-

184 3719 320 3773 riam
367 3734 465 3787 per
505 3717 704 3772 bonam
742 3716 867 3771 Vita:
908 3716 1311 3787 institutionem
1352 3732 1369 3771 :
1412 3716 1511 3772 sed
1545 3719 1799 3788 quoniam

185 3802 287 3866 hac
331 3811 383 3863 in
409 3823 468 3864 re
494 3807 673 3863 ofﬁcio
700 3815 892 3863 nostro
920 3806 1089 3861 functi
1122 3821 1228 3862 non
1256 3818 1445 3862 sumus
1463 3848 1480 3874 ,
1510 3806 1594 3863 fac
1619 3807 1672 3863 id
1701 3823 1801 3879 per

184 3913 336 3957 tuum
360 3900 715 3969 patrocinium
742 3940 757 3965 ,
786 3913 884 3968 per
901 3897 1248 3953 clementiam
1269 3904 1325 3954 et
1343 3897 1793 3953 misericordiam.

184 3988 478 4062 Nequando
505 3992 677 4044 dicant
698 3999 871 4061 gentes
900 4006 919 4044 :
951 3987 1049 4044 Ubi
1079 3998 1152 4043 est
1178 3988 1321 4043 Deus
1341 3987 1557 4044 eorum?

248 4086 305 4140 4.
338 4083 514 4139 Audio
540 4083 738 4138 multos
765 4089 909 4139 hunc
937 4096 1153 4153 quoque
1171 4081 1442 4152 precando
1466 4081 1585 4137 hazc
1607 4081 1793 4139 dieen~

179 4192 301 4232 tes:
348 4176 460 4232 Sed
503 4177 665 4230 timeo
701 4191 770 4229 ne
798 4174 1154 4245 neQuicqua‘m
1184 4173 1400 4240 dicunt,
1432 4173 1534 4229 Ubi
1557 4183 1630 4229 est
1653 4173 1797 4231 Deus

177 4269 399 4323 eorum?
440 4266 658 4337 quando
704 4265 858 4321 multi
902 4266 1147 4336 rapiunt,
1186 4273 1243 4322 et
1277 4266 1526 4337 injuriam
1552 4265 1789 4334 faciunt,

175 4373 229 4418 ct
251 4360 550 4417 admittunt
578 4360 784 4414 scelera
814 4358 1249 4413 innumerabilia.

241 4452 511 4510 Patientia
537 4450 653 4504 Dei.
671 4451 849 4522 -11.
877 4450 1015 4504 Deus
1050 4462 1216 4505 autem
1251 4459 1419 4507 noster
1446 4454 1498 4507 in
1518 4455 1645 4508 ueto
1664 4464 1711 4509 et
1737 4454 1792 4509 in

174 4555 307 4598 terra
335 4546 353 4576 ί
377 4543 552 4596 omnia
591 4556 918 4613 quaeautque
968 4543 1125 4597 voluit
1182 4545 1322 4615 fecit.
1369 4544 1663 4601 Stultorum
1704 4548 1793 4603 hic

175 4651 417 4691 errorem
464 4627 703 4704 corrigit.
747 4634 1012 4701 Quoniam
1052 4635 1198 4689 enim
1238 4636 1396 4691 multi
1448 4637 1621 4696 Deum
1668 4655 1791 4696 esse

174 4728 459 4797 ignorant,
487 4726 648 4781 talem
687 4741 874 4782 eorum
904 4728 1224 4781 sententiam
1260 4729 1537 4801 corrigens
1562 4774 1578 4797 ,
1609 4732 1739 4788 dicit
1772 4754 1787 4789 :

177 4818 313 4874 Deus
330 4830 503 4871 autem
521 4828 689 4871 noster
712 4818 766 4869 in
786 4818 909 4871 carlo
930 4820 1102 4873 omnia
1120 4832 1450 4892 quaecumque
1469 4823 1626 4877 voluit
1645 4827 1785 4895 fecit.

128 4936 133 4937 ί
175 4912 230 4968 Si
252 4923 434 4967 autem
468 4912 521 4966 in
547 4912 701 4978 cado,
736 4912 906 4966 multo
935 4904 1105 4983 magis
1134 4916 1184 4967 in
1218 4926 1379 4970 terra.
1412 4916 1551 4985 Quid
1578 4926 1661 4973 est
1687 4934 1786 4974 au-

176 5016 302 5072 tem,
324 5004 392 5069 In
410 5005 538 5059 casto
557 5007 727 5058 omnia
745 5020 1067 5075 quacumque
1096 5007 1252 5060 voluit
1283 5008 1401 5078 fecit
1422 5010 1447 5061 Ρ
1467 5009 1562 5064 Vel
1593 5026 1784 5081 super-

176 5114 269 5153 nas
297 5097 473 5169 inquit
494 5098 742 5161 virtutes,
768 5106 825 5152 et
860 5096 1091 5152 inﬁnitas
1121 5098 1239 5153 illas
1272 5109 1508 5167 turmas,
1539 5104 1618 5156 vel
1651 5120 1790 5172 pra:-

174 5202 322 5260 cepta
376 5206 501 5260 qua:
550 5188 695 5245 cum“
721 5188 974 5245 facilitate
1022 5200 1371 5262 peraguntur.
1401 5194 1457 5249 Si
1505 5206 1684 5251 antem
1730 5198 1782 5252 in

177 5296 313 5338 terra
348 5300 539 5355 magna
581 5293 665 5338 est
693 5283 939 5339 confusio
965 5285 1276 5356 ordinisque
1316 5290 1684 5359 perturbatio,
1716 5308 1784 5349 ne

174 5379 406 5435 mireris.
438 5381 479 5432 A
513 5378 751 5447 nequitia
783 5378 927 5439 enim
971 5377 1269 5444 hominum,
1290 5390 1346 5436 et
1374 5388 1584 5447 corum,
1614 5386 1703 5456 qui
1732 5386 1781 5440 id

172 5479 394 5533 curant,
445 5470 790 5539 improbitate
810 5511 825 5533 ,
875 5486 981 5525 non
1021 5480 1199 5527 autem
1228 5487 1259 5526 a
1288 5472 1382 5529 Dei
1414 5475 1782 5533 imbecillitate

173 5563 359 5615 oritur.
402 5560 560 5629 Quod
595 5563 741 5615 enim
783 5563 854 5617 sit
895 5562 1047 5618 fortis
1070 5573 1127 5619 et
1156 5573 1382 5635 petens,
1416 5582 1535 5638 qua:
1567 5568 1618 5622 in
1646 5576 1778 5624 caelo

232 5698 250 5727 ¹
289 5702 372 5745 Ita:
391 5707 562 5753 voces,
578 5698 626 5744 et
649 5694 699 5744 in
720 5701 871 5756 terra,
897 5696 1079 5747 desunt
1095 5702 1147 5748 tu
1167 5698 1307 5749 Savil.

230 5776 542 5851 '(a).Quis.sit
580 5776 659 5851 hic
682 5778 929 5851 interpres
947 5782 1226 5842 ignoratur;
1268 5782 1383 5832 illud
1409 5799 1554 5851 vero,
1580 5795 1767 5851 propter

175 5839 558 5891 ηιὲωήωναίαηι
577 5846 729 5898 tuam,
756 5839 1009 5903 prophetia
1031 5839 1251 5893 mentem
1272 5854 1385 5910 apte
1410 5839 1654 5910 exprimit.

1333 380 1702 455 Exrcsmo
1742 391 1809 447 IN
1848 389 2174 450 essurus
2214 394 2399 452 exui.

3455 396 3561 454 510

1940 486 2070 542 ﬁunt
2102 489 2151 542 id
2184 485 2506 560 signiﬁcant.
2538 484 2596 544 Si
2620 492 2795 544 autem
2818 501 2929 544 non
2960 488 3028 543 ita
3054 487 3147 545 ﬁat
3177 488 3227 543 in
3254 498 3395 545 terra
3419 532 3434 556 ,
3465 489 3559 561 qui

1933 582 2142 653 seipsos
2190 584 2426 639 reddunt
2465 580 2715 654 indignos
2756 581 2807 637 in
2833 596 2994 638 causa
3024 591 3169 638 sunt.
3200 582 3373 638 Porro
3399 583 3560 639 aliter
3608 634 3611 635 ν

1931 674 2146 745 quoque
2194 676 2334 730 sumi
2397 679 2576 746 putest
2631 673 2773 746 quod
2819 673 3051 741 dicitur,
3090 689 3287 746 nempe
3336 684 3561 747 propter

1934 768 2032 823 Dei
2074 768 2387 839 patientiam
2429 768 2595 824 multa
2623 783 2746 825 esse
2775 776 2897 840 qua:
2918 768 3158 824 nondum
3178 770 3451 841 accipiunt
3466 769 3557 840 in.-

1931 874 2069 919 Stam
2114 863 2628 919 remunerationem.
2672 862 2792 932 Quo
2840 860 2899 917 ﬁt
2935 872 2991 917 ttt
3012 862 3145 933 justi
3174 862 3461 918 vincantur
3487 863 3561 919 ab

1930 955 2190 1027 improbis
2216 998 2230 1019 ,
2276 956 2405 1012 dum
2453 970 2560 1012 non
2588 955 2703 1011 vult
2729 955 2995 1027 benignus
3026 955 3168 1013 Deus
3196 956 3264 1012 de
3295 956 3556 1012 uniuscu-

1923 1047 2129 1119 jusque
2145 1048 2377 1118 peccatis
2403 1061 2591 1118 ptenas
2620 1062 2652 1103 e
2682 1048 2909 1118 vestigio
2935 1062 3152 1103 sumere
3183 1064 3197 1101 :
3225 1063 3349 1102 nam
3377 1047 3424 1103 si
3450 1047 3558 1121 hoc

1923 1142 2164 1211 faceret,
2212 1142 2481 1198 sublatum
2522 1149 2669 1197 esset
2707 1139 2821 1211 jam
2850 1139 3059 1212 pridem
3086 1148 3329 1196 nostrum
3359 1155 3557 1213 genus.

1928 1234 2043 1291 Hoc
2070 1249 2201 1307 ergo
2229 1234 2319 1290 hic
2340 1232 2473 1290 dicit
2506 1251 2520 1287 :
2552 1232 2755 1288 Potens
2779 1230 2999 1303 quidem
3027 1239 3112 1287 est
3138 1240 3194 1287 et
3222 1230 3433 1288 validus
3455 1271 3470 1297 ,
3498 1238 3557 1286 et

1927 1329 2017 1400 qui
2045 1326 2218 1399 possit
2245 1341 2431 1398 pmnas
2449 1338 2668 1392 sumere
2688 1342 2704 1391 ;
2729 1324 2890 1397 idque
2910 1324 3255 1397 manifestum
3280 1334 3363 1381 est
3387 1340 3456 1381 ex
3479 1325 3553 1380 iis

1926 1437 2048 1494 qua
2088 1423 2142 1477 in
2184 1422 2332 1477 caelis
2368 1419 2504 1476 ﬁunt
2535 1436 2551 1475 :
2580 1418 2678 1475 sed
2714 1418 2818 1475 hoc
2847 1431 2956 1474 non
2982 1417 3145 1484 facit,
3177 1428 3339 1475 utens
3363 1419 3552 1490 utique

1926 1514 2148 1571 lenitate
2173 1526 2229 1569 et
2248 1512 2503 1585 patientia
2525 1554 2540 1580 ,
2563 1520 2619 1568 et
2639 1509 2916 1566 attrahens
2936 1509 3006 1566 ad
3028 1510 3401 1580 paenitentiam
3421 1524 3518 1566 eos
3534 1552 3551 1572 ,

1916 1607 2017 1679 qui
2053 1607 2219 1664 vitam
2263 1606 2567 1677 transigunt
2610 1603 2666 1659 in
2699 1604 2928 1661 scelere.
2973 1603 3062 1659 12.
3096 1603 3396 1659 Simulaera
3422 1619 3556 1676 gen-

1924 1700 2055 1754 tium
2077 1706 2345 1772 argentum
2372 1707 2421 1752 ct
2449 1702 2673 1763 aurum,
2697 1712 2853 1769 opera
2874 1708 3122 1762 manuum
3141 1694 3427 1750 hominum.
3456 1695 3548 1751 15.

1927 1790 2000 1847 Os
2034 1791 2254 1857 habent,
2297 1799 2347 1844 'et
2388 1804 2492 1844 non
2527 1789 2797 1857 loquentur
2834 1804 2854 1841 :
2895 1787 3071 1841 oculos
3112 1785 3337 1853 habent,
3370 1796 3551 1841 etnon

1923 1884 2162 1940 videbunt
2191 1900 2210 1937 :
2242 1883 2329 1939 14.
2364 1896 2514 1937 aures
2542 1880 2763 1944 habent,
2793 1889 2840 1935 et
2869 1893 2973 1933 non
2992 1878 3202 1933 audient
3227 1892 3247 1933 :
3275 1882 3428 1934 nares
3446 1878 3549 1932 na-

1908 1978 2073 2043 bent,
2118 1978 2166 2033 et
2209 1983 2313 2031 non
2357 1946 2644 2029 odorabunt
2677 1988 2703 2026 ‘:
2743 1972 2833 2027 15.
2880 1987 3065 2025 manus
3103 1969 3330 2039 habent,
3371 1979 3553 2026 etnon

1922 2070 2206 2143 palpabunt
2247 2082 2269 2124 :
2307 2066 2462 2138 pedes
2504 2064 2689 2120 habent
2711 2103 2727 2128 ,
2777 2072 2827 2117 et
2874 2078 2975 2117 non
3018 2060 3354 2116 ambulabunt
3400 2076 3419 2115 :
3446 2077 3555 2115 non

1920 2164 2217 2223 clamabunt
2243 2161 2300 2217 in
2338 2168 2545 2233 gutture
2576 2164 2691 2214 suo.
2725 2155 2813 2213 16.
2844 2154 3056 2212 Similes
3086 2155 3159 2210 eis
3186 2155 3316 2226 ﬁant
3345 2157 3439 2226 qui
3462 2156 3549 2225 fa-

1918 2259 2062 2313 ciunt
2087 2273 2171 2312 ea.
2199 2254 2259 2311 In
2284 2252 2500 2311 Psalmo
2528 2251 2825 2307 centesimo
2853 2249 3044 2320 quinto
3059 2258 3254 2305 eorum
3279 2248 3547 2319 insaniam

1919 2363 2168 2417 namus,
2186 2347 2358 2404 dixit:
2391 2344 2557 2400 Filios
2582 2353 2630 2399 et
2650 2343 2789 2413 ﬁlias
2809 2357 2932 2397 suas
2956 2341 3317 2410 sacriﬁcarunt
3343 2341 3543 2396 dromo-

1918 2444 2019 2500 niis
2042 2443 2114 2518 (υ.
2159 2440 2252 2512 57)
2294 2457 2308 2494 :
2348 2438 2402 2495 in
2448 2437 2703 2510 praesenti
2727 2445 2909 2517 autem
2957 2434 3329 2505 stupiditatem
3357 2433 3542 2505 ,quod

1918 2533 2173 2591 inanimis
2219 2530 2461 2588 materiis
2502 2527 2650 2583 afﬁxi
2699 2536 2847 2583 sunt.
2896 2524 3090 2582 Omnia
3138 2533 3318 2578 autem
3351 2539 3541 2579 eorum

1917 2625 2159 2683 membra
2186 2624 2551 2697 persequitur,
2573 2636 2638 2677 ea
2670 2620 2840 2675 fusius
2866 2618 3170 2675 ludificans.
3187 2617 3395 2674 Deinde
3417 2619 3549 2673 sub-

1911 2724 2145 2792 jungens
2165 2732 2381 2790 quoque
2399 2716 2550 2772 dicit.
2571 2714 2778 2770 Similes
2801 2714 2870 2768 eis
2897 2714 3027 2783 ﬁant
3046 2712 3133 2783 qui
3159 2711 3362 2782 facitmt
3392 2728 3475 2779 ea,
3496 2722 3547 2766 et

1916 2830 2090 2869 omnes
2131 2814 2219 2883 q'ui
2255 2812 2522 2881 conﬁdunt
2546 2811 2601 2864 in
2626 2810 2721 2865 eis.
2754 2807 2917 2879 Atqui
2945 2806 3116 2862 virtus
3138 2814 3249 2871 BSt,
3280 2805 3394 2862 Deo
3422 2819 3548 2862 esse

1878 2886 2147 2962 isimilem
2202 2922 2217 2960 :
2263 2903 2353 2958 hic
2399 2911 2582 2959 autem
2627 2910 2713 2957 est
2754 2899 3091 2971 imprecatio.
3139 2898 3327 2969 Cogita
3358 2907 3540 2953 autem

1914 2996 2101 3066 quales
2130 2997 2271 3063 sint,
2303 3003 2425 3051 cum
2449 3003 2509 3049 ut
2532 2993 2654 3063 quis
2678 2992 2755 3048 eis
2782 2991 2976 3048 eradat
3000 2990 3215 3057 simiiis,
3239 2992 3310 3045 sit
3327 3005 3542 3047 summa

1913 3090 2250 3161 imprecatio.
2273 3090 2448 3158 Atque
2476 3085 2779 3155 orationem
2807 3084 3028 3156 quidem
3054 3083 3132 3139 sic
3155 3082 3379 3153 pulchre
3400 3083 3541 3154 figu-

1913 3182 2091 3249 ravit,
2134 3194 2229 3237 eos
2270 3188 2528 3235 extremae
2567 3176 2819 3232 amentia:
2847 3174 3203 3242 insitnulans,
3237 3183 3437 3231 etesse
3463 3176 3540 3230 ri-

1911 3273 2121 3329 diculos
2144 3271 2461 3329 ostendens.

1984 3365 2255 3420 Idoiorum
2274 3362 2618 3435 pernicies.-—'-
2629 3361 2912 3431 Quomodo
2932 3372 3111 3430 anteni
3144 3376 3248 3416 non
3278 3370 3385 3428 est,
3407 3361 3495 3415 dic
3512 3402 3529 3426 ,

1910 3473 2117 3530 quaeso,
2138 3456 2444 3522 ridiculum,
2475 3456 2714 3510 vinctum
2746 3454 2915 3509 teneri
2940 3466 2971 3507 a
2997 3462 3194 3519 statua,
3226 3468 3345 3523 quae
3370 3451 3539 3507 habet

1912 3551 1963 3604 in
1995 3563 2055 3604 se
2086 3546 2309 3618 ﬁguram
2348 3560 2574 3600 summa:
2601 3544 2992 3614 turpitudinis?
3017 3544 3149 3611 Quis
3207 3543 3351 3598 enim
3403 3542 3535 3597 velit

1910 3641 2105 3695 nudam
2157 3639 2340 3695 videre
2383 3638 2693 3693 mulierem?
2714 3638 2936 3693 Daemon
2963 3645 3146 3692 autem
3191 3637 3350 3692 nudae
3394 3650 3535 3708 quo-

1910 3747 2015 3801 quo
2048 3730 2233 3801 ﬁguras
2262 3729 2486 3785 assidet.
2517 3729 2583 3784 Et
2615 3743 2759 3784 nunc
2784 3728 3003 3799 quidem
3028 3736 3219 3783 statum
3242 3737 3369 3783 sunt
3393 3728 3531 3781 ima-

1907 3823 2059 3893 gines
2089 3820 2487 3886 fornicationis,
2520 3835 2665 3875 nunc
2694 3820 2867 3875 insani
2901 3819 2957 3874 in
2990 3820 3260 3875 masculos
3303 3821 3529 3875 amoris.

1905 3914 2043 3982 Quid
2071 3913 2217 3969 enim
2245 3911 2348 3967 sibi
2378 3912 2495 3966 vult
2519 3908 2732 3980 aquila?
2758 3909 2887 3980 quid
2907 3925 3039 3964 vero
3055 3910 3401 3983 Ganymedes
3427 3910 3532 3984 (a)?

1905 4005 2034 4077 quid
2066 4004 2299 4075 Apollo,
2356 4003 2447 4074 qui
2474 4002 2735 4072 virginem
2788 4002 3179 4073 persequitur?
3228 4003 3359 4073 quid
3408 4005 3532 4059 alite

1906 4098 2255 4155 exsecrandtn
2285 4096 2510 4167 figuraz?
2536 4094 2749 4165 Ubique
2795 4095 2994 4160 libido,
3030 4096 3229 4166 ubique
3277 4096 3525 4162 lascivia,

1906 4191 2235 4247 nefariorum
2284 4189 2669 4245 concubituum
2693 4197 2747 4243 ct
2770 4188 3084 4243 insanorum
3111 4202 3357 4243 amorum
3397 4199 3529 4245 sunt

1904 4284 2103 4354 ubique
2135 4282 2341 4353 tigni-tn.
2388 4281 2592 4336 Statum
2616 4270 2786 4346 cnim,
2838 4278 2994 4344 festa,
3050 4280 3248 4349 publici
3280 4295 3527 4337 conven-

1901 4385 2012 4441 tus,
2058 4384 2113 4430 et
2138 4374 2287 4429 initia
2317 4388 2380 4429 ac
2405 4374 2684 4444 mysteria,
2717 4373 3147 4441 turpissimarum
3169 4389 3347 4429 rerum
3381 4374 3526 4429 indi-

1900 4470 1984 4523 cia
2005 4476 2150 4534 sunt,
2178 4466 2509 4522 monimenta
2529 4477 2584 4521 et
2603 4466 2946 4521 documenta.
2977 4464 3088 4520 Nec
3114 4467 3287 4519 solum
3320 4466 3524 4521 docen-

1903 4569 1988 4615 tur
2023 4572 2111 4615 res
2133 4570 2339 4630 turpes.
2370 4558 2465 4614 sed
2490 4560 2651 4615 etiam
2686 4558 2965 4612 hominum
2991 4560 3167 4613 car-des
3193 4575 3257 4614 ex
3288 4561 3369 4615 eis
3400 4561 3521 4615 cdi-

1898 4663 2143 4710 scuntur.
2183 4652 2339 4710 Unde
2379 4634 2543 4707 'etiam
2574 4660 2862 4708 versantur
2904 4652 3199 4708 daemones.
3239 4653 3387 4708 Nihil
3438 4665 3523 4710 est
3624 4711 3629 4719 ,

1898 4749 2043 4803 enim
2083 4746 2225 4802 aliud
2272 4746 2414 4817 apud
2457 4746 2599 4813 illos,
2640 4761 2803 4817 quam
2844 4745 3044 4812 libido,
3098 4748 3522 4818 intemperantes

1898 4838 2209 4903 ebrietates,
2239 4838 2550 4900 crudelitas,
2583 4836 2972 4903 inhumanitas,
3002 4848 3057 4892 ct
3101 4838 3319 4903 cmdcs;
3355 4848 3520 4909 atque

1899 4928 2025 4984 hinc
2069 4928 2242 4984 videri
2288 4939 2513 4997 possunt
2540 4926 2770 4983 conﬂata
2796 4943 2918 4983 esse
2949 4927 3106 4983 festa.
3164 4928 3301 4988 Cum
3336 4930 3519 5000 itaque

1897 5024 2184 5077 simulacra
2233 5022 2386 5077 nullo
2431 5036 2595 5077 sensu
2647 5023 2870 5092 praedita
2897 5064 2911 5085 ,
2943 5032 2998 5077 et
3044 5038 3233 5077 eorum
3276 5025 3366 5093 qui
3412 5024 3519 5079 illis

1896 5114 2176 5170 conﬁdunt
2206 5115 2497 5169 amentiam
2544 5124 2691 5169 esset
2722 5114 3045 5179 ludiﬁcatus,
3092 5116 3161 5169 ad
3182 5116 3274 5171 Dei
3302 5115 3517 5171 laudem

1896 5207 2162 5261 convertit
2208 5208 2534 5266 orationem.
2588 5205 2775 5260 dicens
2809 5222 2821 5258 :
2859 5206 2945 5259 17.
2972 5205 3170 5259 Domus
3198 5205 3365 5262 Israel
3393 5224 3517 5276 spe-

1894 5301 2021 5353 ravit
2044 5300 2096 5353 in
2120 5297 2377 5363 Domino;
2408 5297 2619 5367 adjutor
2643 5308 2817 5351 eorum
2844 5305 2891 5350 et
2920 5308 3176 5367 protector
3203 5315 3383 5355 eorum
3416 5311 3510 5353 est.

1897 5392 1984 5445 18.
2018 5390 2224 5444 Domus
2243 5392 2418 5443 Aaron
2446 5392 2668 5458 speravit
2714 5390 2768 5443 in
2802 5386 3057 5455 Domino;
3099 5390 3308 5460 adjutor
3336 5407 3515 5445 eorum

1893 5495 1939 5537 et
1964 5492 2213 5553 protector
2248 5500 2423 5538 eorum
2444 5492 2535 5537 est.
2572 5482 2661 5539 19.
2699 5483 2800 5551 Qui
2823 5483 2999 5537 timent
3026 5482 3307 5537 Dominum
3327 5502 3511 5555 spera-

1892 5585 2073 5629 rernnt
2099 5576 2151 5628 in
2184 5574 2450 5640 Domino;
2487 5575 2699 5635 adiutor
2734 5590 2912 5628 eorum
2951 5586 2999 5630 et
3038 5584 3295 5646 protector
3335 5593 3512 5629 eorum

1946 5730 2027 5802 .(a)
2064 5729 2297 5803 infamem
2318 5731 2606 5803 Ganymedis
2653 5742 2706 5783 et
2749 5740 2944 5795 turpem
2990 5732 3216 5794 Daphnes
3250 5732 3506 5786 historiam

1889 5794 2040 5903 :etia‘ran
2066 5792 2212 5902 lttodie
2236 5792 2553 5846 monumenta
2595 5792 2976 5857 veternm'qute
3022 5792 3289 5857 supersunt
3313 5808 3505 5858 νυνι-ω.

1917 5867 1980 5904 en
2034 5867 2064 5902 n
2091 5889 2105 5903 .
