4086 6436
596 376 693 432 Sil

593 504 683 551 est.
711 494 812 549 Per
836 492 952 549 hate
977 492 1118 549 enim
1143 498 1199 547 et
1225 489 1319 547 Dei
1351 490 1641 562 potentiam
1666 488 1939 561 prtetlicat,
1967 492 2026 543 et
2066 486 2184 557 ejus

1274 370 1332 428 S.
1374 367 1652 441 JOANNIS
1688 356 2168 425 CHRYSOSTOMI
2213 363 2525 421 ARCBIEP.
2569 362 3105 422 CONSTANTINOP.

3788 371 3895 433 3i!

2299 485 2397 539 tius
2422 501 2573 555 quam
2604 488 2818 555 petimus
2846 487 3241 561 ecl.cogitatnus
3266 532 3278 554 ,
3321 490 3365 544 ei
3394 491 3562 561 gloria
3586 493 3639 547 in
3670 492 3899 550 Ecclesia

593 583 1066 654 incomparabilem
1096 591 1151 637 et
1194 596 1357 652 super
1392 594 1584 638 omnes
1630 578 2023 636 excellentiam.
2054 576 2186 646 Qua:
2292 575 2511 645 (Ephes.
2538 578 2591 633 ὅ.
2622 578 2712 632 20.
2742 578 2859 649 21).
2890 578 2957 633 Et
2996 580 3116 636 ideo
3140 580 3417 650 pronltetat
3438 598 3654 663 quoque
3673 585 3899 657 antiqui-

588 676 732 732 enim
762 673 987 731 Judaico
1013 672 1208 744 populo
1228 671 1369 727 facta
1390 678 1515 727 sunt
1540 672 1593 727 in
1626 669 1861 725 medium
1887 666 2181 734 adducens,

591 765 827 823 ostendit
871 765 989 835 ejus
1025 764 1253 833 duplex,
1300 764 1410 819 imo
1433 776 1563 818 vero
1604 761 1797 831 triplex
1836 758 2183 816 beneﬁcium.

591 859 828 914 Primum
865 856 1102 929 quidem,
1131 856 1275 929 quod
1297 871 1390 914 eos
1424 855 1728 912 liberaverit
1754 869 1783 907 a
1810 852 2179 909 daemonibus:

588 950 805 1016 deinde,
837 948 981 1020 quod
1009 948 1245 1019 seipsum
1269 946 1690 1003 maniiestavcrit
1717 962 1731 998 :
1759 946 1917 1001 tertio
1958 953 2138 1000 autem
2160 984 2177 1013 ,

588 1043 727 1113 quod
768 1045 846 1098 eis
866 1057 1020 1097 suum
1043 1041 1332 1113 praebuerit
1355 1040 1629 1096 auxilium.
1954 1108 1958 1112 Δ

658 1134 911 1201 Sacerdos
937 1136 1188 1205 privatum
1212 1134 1359 1204 longe
1382 1142 1607 1203 superat.
1631 1129 1958 1186 Providentia
1973 1138 2019 1184 et
2032 1128 2182 1184 bene.

588 1227 743 1281 dictio
759 1210 859 1282 Dei
878 1243 1031 1298 super
1041 1224 1208 1279 Israel
1221 1234 1266 1279 et
1290 1226 1428 1296 ipsos
1460 1224 1771 1295 proselgtos;
1798 1222 2074 1277 benedictio
2098 1238 2181 1276 oe-

584 1328 665 1373 tus
690 1327 736 1372 et
755 1331 981 1371 nou.-—
999 1315 1192 1370 Dividit
1218 1323 1398 1372 autem
1420 1315 1716 1371 orationem
1748 1314 1798 1369 in
1823 1313 2095 1380 lsraelem,
2125 1321 2180 1368 et

582 1424 750 1479 genus
794 1408 1161 1475 sacerdotale,
1198 1417 1251 1464 et
1292 1424 1389 1465 eos
1415 1409 1514 1484 qui
1538 1408 1603 1462 ad
1657 1423 1777 1463 eum
1816 1406 2077 1463 accedunt
2110 1420 2178 1460 ex

582 1500 853 1570 gentibus.
878 1499 994 1555 Non
1016 1508 1100 1555 est
1123 1499 1267 1555 enim
1296 1498 1652 1555 conlerendus
1683 1498 1918 1568 ptivatus
1947 1512 2065 1552 cum
2093 1512 2179 1551 sa-

583 1592 823 1659 cerdote,
852 1591 946 1649 sed
978 1590 1063 1646 hic
1094 1602 1217 1646 eum
1238 1591 1394 1661 longe
1432 1600 1649 1661 superat
1677 1605 1692 1643 :
1741 1598 1796 1644 et
1825 1588 1945 1643 ideo
1986 1588 2178 1643 merito

581 1698 702 1739 eam
718 1681 1194 1738 facitdivisionem.
1215 1679 1379 1751 Major
1401 1679 1543 1735 enim
1560 1686 1642 1733 est
1662 1679 1740 1733 eis
1758 1678 1930 1732 honor
1944 1675 2173 1731 habitus.

651 1774 707 1831 li.
750 1773 954 1832 Deinde
991 1772 1281 1828 ostendens
1309 1771 1697 1843 providentiam
1732 1784 1835 1824 non
1874 1783 1993 1823 esse
2014 1769 2177 1823 rebus

580 1874 786 1921 tantum
806 1863 1047 1920 iudaicis
1073 1862 1531 1931 circumscriptam
1554 1902 1579 1926 ,ν
1601 1859 1995 1931 proselytorum
2036 1874 2172 1928 quo-

580 1960 682 2025 due
708 1955 973 2017 meminit.
1004 1954 1093 2024 qui
1137 1953 1401 2009 accedunt
1422 1966 1489 2006 ex
1512 1951 1780 2021 gentibus,
1815 1950 2072 2015 auxilium
2117 1961 2173 2005 et

578 2046 1004 2102 benedictionem
1049 2042 1241 2099 iactam
1273 2044 1326 2097 in
1354 2057 1540 2097 omnes
1567 2056 1685 2097 esse
1710 2042 1914 2096 dicens.
1942 2040 2035 2097 20.
2064 2039 2177 2095 Do-

576 2137 745 2191 minus
768 2130 969 2190 memor
1010 2133 1169 2189 nostri
1196 2174 1210 2200 ,
1246 2133 1497 2189 benedixit
1516 2132 1675 2188 nobis.
1706 2132 1973 2188 Benedizit
2000 2132 2174 2186 domui

578 2226 768 2293 Israel,
787 2227 1036 2287 benedixit
1050 2226 1227 2281 domui
1245 2225 1442 2290 Aaron;
1456 2225 1545 2283 21.
1562 2225 1809 2279 benedixit
1824 2226 1888 2279 iis
1900 2212 1986 2296 qui
2000 2225 2174 2278 timent

578 2318 872 2375 Dominum.
894 2318 1033 2387 Quid
1061 2330 1160 2385 est,
1193 2317 1771 2387 Benedixitilmplevit,
1801 2318 1989 2388 inquit,
2021 2317 2174 2371 bonis

576 2411 1074 2469 innumerabilibus.
1103 2412 1310 2467 Etenim
1343 2410 1506 2465 homo
1522 2424 1734 2481 quoque
1770 2409 1935 2464 Deum
1952 2408 2173 2465 benedi-

575 2509 670 2572 cit,
699 2516 757 2561 ut
776 2506 989 2577 quando
1020 2505 1182 2573 dicit,
1231 2504 1489 2572 Benedic,
1520 2506 1694 2558 anima
1730 2519 1862 2571 mea,
1891 2501 2173 2557 Dominum

579 2598 751 2671 (Psal.
774 2597 991 2671 102.1).
1010 2598 1115 2654 Sed
1137 2598 1224 2668 qui
1244 2598 1410 2653 Deum
1437 2597 1724 2662 benedicit,
1758 2598 1873 2667 ipse
1898 2597 2167 2651 lucratur:

576 2692 817 2760 seipsutn
845 2690 987 2745 enim
1014 2688 1187 2744 reddit
1210 2687 1513 2752 clariorem,
1548 2687 1618 2741 illi
1655 2695 1832 2740 autem
1856 2685 1984 2740 nihil
2012 2686 2171 2756 largi-

576 2788 682 2847 tur;
706 2781 845 2835 Deus
876 2787 1056 2835 autem
1083 2778 1427 2842 benedicens,
1448 2794 1546 2833 nos
1564 2778 1735 2833 reddit
1754 2777 2034 2843 clariores;
2056 2779 2170 2847 ipse

574 2880 752 2927 autem
784 2872 907 2927 nihil
939 2871 1146 2940 accipit.
1181 2871 1318 2925 Deus
1349 2869 1489 2925 cnim
1510 2871 1649 2924 nulla
1695 2885 1753 2924 re
1795 2870 1995 2938 indiget
2024 2886 2035 2923 :
2069 2870 2167 2923 ita-

574 2980 680 3037 que
714 2966 918 3019 lucrum
949 2964 1197 3034 utrinque
1226 2972 1465 3018 nostrum
1510 2971 1593 3017 est
1621 2978 1635 3015 :
1666 2962 1946 3037 Quomodo
1966 2959 2040 3033 (a)
2077 2976 2175 3015 au-

577 3068 681 3113 tem
712 3073 807 3113 eos
835 3056 1144 3113 benedixit?
1175 3056 1330 3115 Dedit
1372 3056 1452 3113 eis
1505 3070 1695 3127 panem
1728 3070 1759 3109 e
1794 3055 1947 3127 ctelo,
1977 3070 2167 3125 aquam

576 3151 710 3217 pluit
747 3166 779 3206 e
802 3154 978 3219 petra,
1005 3150 1279 3204 introitum
1314 3164 1500 3204 eorum
1527 3156 1579 3205 et
1609 3149 1809 3204 exitum
1839 3148 2126 3215 custodivit
2149 3188 2166 3216 ,

576 3255 817 3299 armenta
847 3253 901 3299 et
924 3258 1113 3314 greges
1139 3258 1324 3299 eorum
1362 3243 1528 3308 auxit,
1563 3233 1886 3310 peculiarem
1915 3242 2167 3311 populum

576 3336 891 3400 nominavit,
920 3344 974 3388 et
1010 3333 1207 3403 regale
1229 3332 1609 3398 sacerdotium,
1640 3333 1812 3403 legem
1850 3331 2017 3399 dedit,
2046 3347 2171 3401 pro-

579 3427 766 3495 phetas
803 3426 966 3480 misit.
1014 3424 1141 3480 Haec
1176 3424 1336 3479 etiam
1375 3423 1498 3480 alibi
1532 3423 1827 3494 praedicans
1854 3423 1983 3478 dicit
2009 3439 2022 3475 :
2046 3422 2170 3477 Non

576 3518 693 3588 fecit
733 3515 900 3569 taliter
946 3516 1082 3570 omni
1103 3515 1316 3579 nationi,
1364 3524 1412 3568 et
1427 3513 1630 3586 judicia
1674 3518 1769 3568 sua‘
1807 3531 1913 3568 non
1948 3514 2168 3581 manife-

574 3608 721 3661 stavit
746 3608 817 3660 eis
847 3605 1030 3675 (Psal.
1056 3607 1179 3661 M7.
1202 3606 1235 3661 9
1286 3603 1462 3679 [20]).
1491 3604 1559 3660 Et
1587 3606 1720 3659 alius
1741 3622 1753 3659 :
1778 3606 2023 3672 Quasnam
2048 3622 2169 3675 gens

574 3709 647 3755 est
674 3700 800 3754 adeo
830 3700 1053 3771 sapiens,
1074 3699 1157 3751 cui
1181 3698 1558 3769 appropinquat
1588 3697 1837 3752 Dominus
1858 3697 2036 3752 Deus?
2062 3698 2170 3752 Pu-

574 3794 705 3847 sillis
728 3807 841 3846 cum
874 3790 1153 3860 majoribus
1180 3788 1355 3858 (Deut.
1387 3790 1440 3845 ι.
1464 3790 1541 3859 7).
1586 3788 1825 3855 Nullum,
1854 3789 2043 3859 inquit,
2070 3788 2169 3843 fuit

574 3900 745 3956 genus
782 3884 885 3939 cui
914 3883 1144 3938 defuerit
1178 3881 1518 3948 benedictio,
1557 3881 1665 3957 2sed
1712 3881 1829 3937 haec
1867 3882 1934 3937 ad
1980 3896 2168 3937 omnes

576 3988 797 4034 extensa
828 3985 969 4032 sunt.
1022 3976 1113 4031 22.
1146 3975 1368 4045 Adjiciat
1389 3974 1640 4029 Dominus
1682 3990 1836 4044 super
1855 3989 1977 4040 vos;
2018 3962 2170 4044 super

576 4086 663 4123 sos
684 4112 698 4135 ,
732 4052 947 4139 etsuper
980 4068 1112 4138 ﬁlios
1136 4074 1344 4121 uestros.
1374 4065 1564 4120 Vidisti
1620 4066 1765 4120 aliud
1792 4081 1960 4137 genus
2001 4066 2166 4120 bene-

577 4162 848 4229 dictionis,
878 4176 1069 4230 nempe
1097 4168 1152 4213 ut
1179 4166 1385 4214 crescat
1412 4158 1615 4229 genus?
1640 4158 1707 4213 Et
1728 4157 1849 4213 ideo
1872 4157 2011 4212 alius
2037 4173 2167 4213 con-

580 4255 802 4309 trarinm
834 4268 932 4324 pro
962 4252 1225 4322 supplicio
1266 4250 1516 4315 aﬂ‘erens,
1548 4249 1677 4305 dicit
1704 4266 1718 4303 :
1747 4248 1813 4304 Et
1832 4250 2065 4304 diminuti
2082 4266 2169 4305 su-

579 4354 712 4411 που,
742 4355 787 4398 et
814 4360 989 4398 sumus
1030 4343 1177 4413 pauci
1198 4344 1311 4412 plus
1337 4357 1487 4409 quam
1524 4356 1696 4394 omnes
1712 4342 1796 4407 qui
1825 4341 2049 4394 habitant
2070 4349 2169 4394 ter-

579 4452 688 4490 ram
718 4434 877 4508 (Dan.
906 4434 958 4490 3.
990 4432 1101 4505 57).
1129 4433 1237 4487 llac
1258 4432 1629 4490 benedictione
1658 4431 1965 4486 lruebantur
2007 4432 2167 4486 etiam

577 4543 700 4583 eum
725 4535 908 4582 essent
933 4526 985 4581 in
1035 4524 1289 4596 Eg'ypto,
1330 4524 1454 4581 licet
1513 4533 1695 4587 essent
1732 4524 2009 4578 innumera
2051 4541 2171 4595 qua:

577 4620 958 4691 prohibebant,
987 4635 1169 4690 opera,
1199 4617 1415 4674 afﬂictio
1439 4627 1493 4674 et
1533 4618 1828 4685 calamitas,
1868 4633 2052 4674 eorum
2082 4621 2169 4690 qui

580 4712 1143 4786 urgebanterudelitas
1171 4726 1186 4765 ;
1218 4711 1313 4767 sed
1339 4711 1470 4767 nihil
1500 4727 1686 4767 eorum
1711 4712 1937 4767 verbum
1968 4712 2060 4766 Dei
2092 4712 2173 4768 in-

579 4808 830 4878 terrupit,
872 4806 964 4861 sed
1006 4821 1072 4862 eo
1105 4806 1365 4876 processit
1392 4805 1710 4869 benedictio,
1738 4816 1796 4861 ut
1832 4807 1885 4862 in
1928 4806 2172 4863 ducentis

579 4900 734 4979 annis
758 4900 947 4955 ﬁerent
976 4907 1225 4953 sexcenta
1252 4896 1415 4951 millia
1449 4894 1638 4966 (Exod.
1666 4898 1753 4952 12.
1784 4898 1898 4971 3'7).
1918 4898 2023 4955 Sed
2046 4908 2172 4957 tunc

580 4989 795 5059 quidem
826 4990 877 5041 in
902 4988 983 5042 his
1008 4988 1335 5043 consistebat
1365 4986 1684 5054 benedictio,
1718 5004 1860 5044 nunc
1906 4999 2083 5045 autem
2117 4992 2168 5046 in

581 5083 752 5147 Novo,
778 5084 831 5136 in
862 5082 1027 5135 nmlto
1057 5081 1388 5137 melioribus.
1418 5078 1486 5134 Et
1514 5079 1635 5135 ideo
1662 5081 1788 5135 dicit
1816 5083 2044 5137 Paulus:
2074 5083 2171 5139 Le-

584 5176 815 5229 ncdictns
858 5173 1010 5238 Deus,
1039 5175 1122 5245 qui
1158 5173 1410 5228 benedixit
1447 5190 1539 5227 nos
1565 5174 1617 5227 in
1643 5176 1780 5227 omni
1828 5174 2171 5234 benedict'une

581 5264 835 5336 spirituali
862 5268 914 5339 in
934 5264 1213 5319 aetatibus
1233 5265 1285 5318 in
1310 5261 1509 5319 Christo
1540 5264 1751 5337 (Ephes.
1783 5267 1830 5320 1.
1860 5266 1937 5337 ὃ).
1966 5267 2035 5322 Ει
2054 5286 2172 5323 rut.

583 5370 674 5409 sus
704 5371 714 5404 :
750 5355 815 5409 Ei
845 5364 1011 5409 autem
1053 5356 1139 5425 qui
1160 5366 1318 5425 potest
1347 5356 1517 5410 omnia
1542 5356 1707 5425 facere
1736 5356 1881 5429 longe
1907 5361 2171 5414 abundan-

648 5551 719 5613 (a)
733 5552 816 5600 ilic
840 5557 893 5599 et
915 5562 1046 5615 pene
1070 5550 1251 5613 ubique
1274 5551 1547 5615 omnlagsus
1558 5552 1725 5615 deque
1747 5561 2002 5604 vertuntur
2018 5555 2066 5604 in
2086 5564 2170 5607 Co-

583 5611 864 5679 dice'negio
882 5626 892 5661 :
912 5611 1064 5679 verb.
1083 5611 1250 5679 textus
1266 5614 1412 5679 Graeci
1436 5613 1484 5661 in
1505 5611 1595 5662 alia
1618 5611 1879 5679 synonyma
1904 5615 2167 5678 mutantur,

578 5674 826 5743 dictiones
848 5675 1261 5743 _minusAproprise
1296 5674 1717 5743 inducunttn,_ita
1753 5674 1809 5727 ut
1838 5674 2171 5743 dehindustria'

579 5734 762 5848 llt'tss‘itsse
784 5734 1004 5785 videatur
1020 5734 1267 5787 Circulos
1284 5737 1539 5801 quispiam,
1562 5734 1646 5801 qui
1668 5738 1799 5789 hunc
1818 5738 2043 5790 codicem
2053 5746 2171 5792 seri-

584 5808 703 5857 psit.

2293 678 2379 724 tus
2408 679 2716 738 quaerentes
2746 671 3029 739 beneficia,
3060 672 3533 744 praebeltanthanc
3559 676 3896 733 benedictio-

2288 776 2436 816 nem.
2483 761 2743 819 llelisavus
2768 764 2912 818 enim
2942 778 3061 818 eam
3086 806 3102 831 ,
3134 781 3256 836 qua:
3290 766 3435 820 illum
3465 771 3705 839 suscepit
3732 811 3748 834 ,
3774 769 3893 825 ‘lllii

2287 851 2432 908 dono
2458 857 2829 910 remuneratus
2851 865 2930 908 est
2955 853 3033 927 (ι.
3066 854 3201 926 Reg.
3230 858 3283 910 4.
3315 857 3427 929 16).
3457 856 3513 911 In
3544 857 3695 913 Novo
3716 868 3898 914 autem

2290 960 2396 1000 non
2428 946 2564 1013 hzec,
2608 945 2703 1001 sed
2733 948 2901 1001 multo
2940 946 3171 1016 majora.
3202 948 3383 1018 Itaque
3428 950 3740 1019 purpuraria
3787 965 3899 1007 non

2286 1035 2405 1091 btrc
2434 1036 2651 1107 petebat
2679 1036 2749 1090 ab
2793 1038 3051 1107 apostolis
3073 1079 3088 1105 ,
3134 1038 3230 1093 sed
3271 1039 3438 1108 quid?
3470 1039 3531 1094 Si
3560 1056 3662 1094 non
3680 1040 3899 1111 judice.

2284 1129 2375 1182 stis
2401 1145 2481 1182 me
2503 1127 2765 1185 indianam
2805 1127 3050 1196 Domino,
3088 1128 3306 1199 ingressi
3327 1168 3343 1193 ,
3391 1140 3590 1189 manete
3631 1132 3778 1196 apud
3816 1149 3901 1188 me

2285 1218 2418 1293 (Act.
2442 1218 2661 1295 16.15).

2357 1311 2493 1367 Novi
2510 1309 2831 1370 Testamenti
2855 1313 2993 1370 bona
3014 1316 3149 1374 nihil
3164 1316 3358 1375 terreni
3371 1312 3587 1370 habent.
3611 1309 3902 1388 Virginita-

2282 1404 2347 1457 tis
2367 1404 2551 1457 bonum
2576 1400 2829 1473 quomodo
2851 1403 3215 1459 introductum.
3244 1402 3549 1459 Judteorum
3581 1409 3893 1463 carnalitas.

2281 1492 2576 1549 Benedictio
2600 1494 3125 1550 hominum—Vides
3148 1504 3406 1564 quantum
3435 1497 3645 1552 intersit
3668 1505 3727 1553 et
3744 1514 3900 1569 qum-

2280 1602 2404 1641 nam
2426 1587 2640 1657 quidem
2668 1587 2919 1657 petebant
2948 1588 3038 1658 qui
3068 1596 3223 1643 erant
3242 1588 3297 1643 in
3317 1588 3533 1655 Veteri,
3555 1598 3611 1645 et
3638 1580 3896 1661 quaenam

2279 1679 2368 1748 qui
2388 1679 2439 1732 in
2460 1677 2647 1733 Novo?
2668 1678 2732 1733 Et
2758 1694 2945 1733 rursus
2958 1677 3208 1735 Christus
3228 1700 3241 1734 :
3263 1679 3517 1745 Gaudete,
3537 1683 3655 1752 quia
3680 1684 3899 1739 nomine

2280 1780 2442 1825 vestra
2470 1772 2660 1840 scripta
2685 1780 2801 1825 sunt
2837 1772 2889 1825 in
2916 1772 3054 1826 ctelis
3083 1770 3251 1845 (Luc.
3284 1774 3372 1828 10.
3401 1768 3619 1846 20).Ἐι
3645 1775 3893 1836 Paulus:

2279 1862 2420 1917 Deus
2442 1872 2609 1916 autem
2640 1864 2852 1934 impleat
2870 1880 2959 1918 vos
2979 1868 3119 1918 omni
3146 1868 3315 1936 gratia
3336 1874 3382 1919 et
3403 1883 3493 1935 spe
3516 1868 3571 1921 in
3610 1870 3895 1935 credenda,

2278 1964 2334 2008 ut
2362 1954 2625 2009 abundeu's
2644 1956 2699 2010 in
2727 1971 2834 2027 spe,
2863 1955 2916 2009 in
2940 1956 3121 2010 uirtute
3150 1956 3380 2027 Spiritus
3407 1960 3570 2012 sancti
3594 1957 3773 2031 (Rom.
3802 1961 3896 2016 15.

2278 2048 2395 2124 15).
2427 2047 2617 2103 Vidisti
2641 2048 2751 2104 vim
2773 2049 3164 2105 benedictionis
3186 2064 3304 2119 qua:
3333 2049 3471 2105 bona
3499 2050 3725 2122 largitur
3754 2052 3897 2109 inef-

2277 2136 2490 2204 fabilia,
2524 2148 2579 2195 et
2605 2140 2737 2194 nihil
2783 2140 2947 2195 habet
2975 2141 3293 2197 terrenum?
3329 2151 3386 2197 et
3426 2157 3614 2197 rursus
3640 2142 3847 2201 Paulus
3877 2161 3893 2199 :

2278 2227 2418 2283 Deus
2443 2239 2610 2283 autem
2635 2238 2856 2284 conteret
2878 2240 3114 2284 satanam
3143 2229 3235 2285 sub
3277 2230 3487 2308 pedibus
3509 2232 3687 2287 vestris
3712 2234 3897 2289 celeri-

2279 2329 2355 2373 ter
2404 2319 2579 2393 (Rom.
2606 2322 2695 2375 10.
2728 2318 2843 2392 20).
2866 2320 2973 2376 Sed
3008 2322 3060 2375 in
3114 2320 3333 2386 Veteri,
3366 2321 3583 2391 quando
3638 2323 3895 2380 homines

2281 2419 2438 2464 erant
2485 2410 2800 2473 crassiores,
2843 2427 2906 2465 ex
2954 2411 3244 2467 sensilibus
3290 2412 3679 2467 contexebatur
3723 2412 3894 2469 bene-

2277 2500 2459 2566 dictio,
2488 2509 2548 2556 et
2584 2503 2873 2561 multorum
2907 2502 3200 2556 liberarunt
3226 2503 3503 2571 susceptio
3530 2503 3895 2557 existimaba-

2277 2599 2365 2644 tur
2392 2606 2513 2645 esse
2546 2606 2630 2645 res
2682 2591 2933 2645 maxima.
2972 2590 3238 2659 Quoniam
3267 2592 3410 2647 enim
3466 2607 3614 2647 mors
3644 2594 3893 2664 ingressa

2278 2691 2396 2736 erat
2440 2697 2501 2735 ex
2537 2690 2776 2751 peccato,
2812 2682 2953 2741 Deus
2977 2696 3149 2752 genus
3174 2681 3481 2749 consolans,
3509 2693 3564 2738 et
3592 2684 3896 2741 ostendens

2274 2790 2393 2829 eam
2420 2790 2525 2829 non
2562 2774 2721 2828 modo
2752 2789 2857 2828 non
2887 2784 3355 2843 consumpturam,
3378 2788 3479 2828 nec
3505 2775 3780 2829 interitum
3810 2776 3897 2830 ³1-

2280 2866 2530 2929 laturam,
2563 2864 2655 2919 sed
2701 2866 2856 2934 longe
2903 2866 3063 2918 etiam
3092 2866 3271 2932 plures
3299 2880 3458 2933 quam
3487 2860 3611 2920 ante
3641 2864 3855 2921 futuros
3876 2910 3891 2929 .

2276 2956 2465 3026 inquit,
2489 2955 2723 3021 Crescite,
2742 2966 2787 3009 et
2804 2957 3210 3025 multiplicamini
3234 2956 3384 3027 (Gen.
3410 2955 3464 3010 9.
3490 2957 3566 3027 1).
3592 2957 3893 3028 Postquam

2276 3054 2457 3102 autem
2484 3047 2754 3117 cognitum
2788 3046 2885 3100 fuit
2910 3054 3141 3101 mortem
3168 3061 3289 3101 esse
3314 3061 3585 3113 somnum,
3635 3048 3891 3105 introdu-

2273 3144 2418 3207 ctum
2456 3144 2540 3191 est
2574 3136 2772 3190 bonum
2805 3135 3145 3206 virginitatis.
3178 3137 3243 3190 Et
3266 3135 3388 3190 ideo
3407 3136 3619 3191 dicebat
3651 3137 3890 3193 Paulus:

2284 3227 2414 3283 Volo
2446 3236 2614 3283 autem
2635 3245 2806 3283 omnes
2834 3229 3061 3283 homines
3080 3214 3196 3283 esse
3222 3229 3275 3283 in
3307 3230 3638 3293 continentia,
3667 3232 3799 3284 sicut
3842 3238 3894 3287 et

2274 3320 2543 3388 meipsum.
2562 3319 2646 3374 .Et
2669 3335 2854 3374 rursus
2879 3338 2891 3373 :
2922 3319 3126 3373 Bonum
3164 3329 3237 3373 est
3269 3319 3461 3373 homini
3497 3321 3761 3374 mulierem
3787 3338 3895 3376 non

2274 3420 2481 3484 tangere
2506 3411 2583 3487 (1.
2607 3412 2724 3466 Cor.
2747 3413 2798 3467 7.
2821 3413 2970 3483 7).Et
2997 3412 3242 3467 Christus
3272 3430 3285 3467 :
3311 3411 3446 3468 Sunt
3463 3413 3702 3479 eunuchi,
3733 3415 3824 3485 qui
3838 3426 3897 3470 se

2276 3515 2567 3560 castrarunt
2586 3515 2794 3575 propter
2820 3520 3031 3575 regnum
3061 3505 3304 3560 ctelorum
3339 3504 3501 3575 (Ibid.
3527 3520 3579 3560 υ.
3602 3506 3658 3561 1.
3694 3505 3894 3561 κιαι.

2272 3595 2509 3667 19.·12).
2529 3596 2861 3664 Quamquam
2886 3594 3085 3665 alioqui
3106 3595 3266 3649 etiam
3294 3595 3346 3648 in
3368 3595 3632 3665 principio
3656 3594 3897 3651 obscure

2273 3686 2597 3757 significavit
2621 3689 2758 3755 opbs
2786 3700 2909 3741 esse
2959 3685 3174 3748 virtute,
3220 3700 3326 3739 non
3356 3684 3588 3739 ﬁliorum
3636 3687 3893 3742 multitu-

2274 3777 2423 3831 dine.
2453 3775 2591 3830 Audi
2622 3785 2802 3831 autem
2828 3775 3118 3845 quomodo.
3175 3774 3313 3830 Dicit
3339 3776 3485 3830 enim
3520 3776 3741 3846 quidam
3791 3792 3886 3833 sa-

2272 3868 2429 3938 piens
2454 3885 2467 3921 :
2498 3866 2585 3921 Ne
2600 3868 2830 3921 desidera
2848 3868 3223 3922 multitudinem
3244 3867 3473 3935 ﬁliorum
3499 3868 3781 3935 inutilium,
3805 3872 3894 3925 ni-

2271 3960 2317 4013 si
2344 3959 2408 4012 sit
2437 3960 2587 4013 timor
2609 3958 2704 4011 Dei
2727 3967 2841 4013 cum
2862 3941 2985 4029 ipsis
3004 3974 3027 4009 .'
3048 3956 3124 4029 (a)
3152 3975 3310 4028 neque
3326 3959 3528 4033 attende
3546 3976 3725 4013 eorum
3744 3964 3891 4033 mul-

2273 4051 2578 4126 titudinem._
2602 4049 2789 4123 Melior
2828 4060 2903 4105 est
2936 4052 3070 4136 epim
3111 4067 3243 4104 unus
3271 4031 3425 4119 quam
3465 4050 3635 4118 mille,
3667 4062 3717 4108 et
3756 4031 3894 4108 mori

2276 4142 2386 4195 sine
2410 4140 2553 4209 ﬁliis,
2575 4156 2727 4209 quam
2755 4140 2940 4195 habere
2966 4142 3104 4209 ﬁlios
3122 4139 3308 4209 impios
3336 4154 3356 4195 :
3376 4152 3421 4193 et
3448 4142 3629 4195 melior
3655 4153 3731 4197 est
3757 4160 3895 4198 unus

2274 4233 2467 4303 faciens
2503 4232 2814 4286 voluntatem
2840 4231 3085 4298 Domini,
3116 4248 3269 4301 quam
3311 4232 3711 4288 innumerabiles
3742 4235 3894 4306 impii

2275 4323 2293 4393 (
2328 4322 2493 4377 Eccli.
2524 4323 2611 4377 16.
2642 4324 2763 4378 1-4
2790 4322 2837 4393 ).
2887 4321 3057 4377 Judaei
3099 4333 3276 4377 autem
3318 4323 3466 4378 nullo
3506 4323 3669 4393 plane
3723 4340 3892 4382 sensu

2276 4414 2509 4484 praditi,
2553 4414 2621 4469 ad
2669 4428 2885 4468 carnem
2918 4428 3133 4482 semper
3160 4414 3482 4483 aspirantes,
3529 4423 3587 4469 et
3624 4414 3885 4471 virtutem

2276 4510 2637 4581 negligentes,
2665 4508 2914 4563 dicebant
2941 4524 2956 4560 :
2985 4506 3122 4573 Quid
3151 4507 3332 4577 quaerit
3361 4506 3503 4561 Deus
3530 4548 3545 4571 ,
3576 4507 3676 4577 nisi
3715 4524 3893 4563 sanest

2278 4599 2534 4669 (Malaclt.
2560 4599 2616 4653 2.
2648 4599 2780 4670 l5)?
2804 4599 2897 4653 Eis
2921 4598 3216 4652 ostendens
3263 4612 3324 4652 se
3351 4596 3455 4653 hoe
3474 4613 3583 4653 non
3612 4614 3889 4668 quaerere,

2278 4708 2371 4747 eos
2403 4686 2597 4747 millies
2635 4690 2903 4762 perdidit,
2956 4704 3078 4744 cum
3110 4689 3313 4743 virtute
3360 4697 3629 4744 carerent.
3660 4689 3755 4745 25.
3786 4688 3892 4765 Be-

2276 4785 2460 4839 nedicti
2489 4802 2575 4839 vos
2604 4783 2843 4837 Domino.
2892 4781 3057 4836 Recte
3082 4779 3300 4848 adjecit,
3332 4779 3575 4835 Domino.
3606 4779 3741 4836 Nam
3784 4782 3891 4838 hoc

2278 4878 2616 4947 potissimum
2645 4885 2729 4931 est
2760 4873 3082 4928 benedictio.
3113 4872 3248 4927 Sunt
3272 4872 3415 4927 enim
3444 4872 3605 4926 etiam
3648 4871 3744 4943 qui
3792 4874 3892 4931 bc-

2278 4968 2598 5022 nedicuntur
2625 4962 2765 5033 apud
2817 4962 3082 5027 homines,
3116 4961 3209 5016 sed
3254 4970 3381 5016 sunt
3415 4975 3503 5025 res
3532 4960 3749 5017 illorum
3779 4960 3888 5018 hu-

2278 5075 2473 5115 manm.
2504 5058 2629 5113 llaec
2654 5064 2732 5111 est
2767 5064 2944 5109 autem
2990 5051 3222 5109 maxima
3253 5052 3577 5117 benedictio.
3623 5053 3888 5113 Homines

2277 5150 2492 5220 quidem
2521 5135 2868 5208 benedicunt,
2929 5145 3032 5199 hoc
3059 5154 3141 5199 est
3183 5143 3421 5211 laudant,
3466 5144 3744 5199 celebrant
3789 5161 3886 5201 eos

2278 5256 2505 5311 quorum
2536 5254 2745 5309 magna:
2784 5245 2905 5291 sunt
2936 5251 3101 5306 opes,
3145 5235 3314 5306 gloria
3356 5244 3411 5289 ct
3461 5237 3721 5304 potentia.
3775 5235 3883 5291 Sed

2276 5332 2394 5387 lucc
2422 5328 2725 5386 benedictio
2750 5336 2833 5383 est
2861 5336 3229 5397 temporanea,
3288 5325 3397 5378 imo
3442 5322 3659 5392 quando
3703 5323 3881 5391 adest,

2278 5424 2407 5479 nihil
2430 5421 2650 5479 omnino
2678 5418 2835 5476 all‘ert
2856 5419 2987 5475 lucri
3021 5434 3035 5472 :
3070 5418 3165 5472 Dei
3192 5424 3369 5471 autem
3394 5414 3768 5471 benevolentia
3800 5427 3884 5471 est

2279 5524 2558 5586 perpetua,
2591 5522 2645 5568 et
2672 5513 2727 5567 in
2744 5512 2903 5567 rebus
2926 5510 3175 5565 maximis
3204 5508 3405 5580 praebet
3427 5508 3737 5563 utilitatem.
3782 5507 3882 5575 Qui

2279 5609 2394 5678 fecit
2416 5607 2594 5660 calum
2620 5613 2666 5657 et
2688 5613 2891 5657 terram.

2341 5738 2415 5801 (a)
2450 5744 2499 5786 tn
2521 5736 2612 5785 hoc
2647 5734 2964 5786 Ecclesiastici
3009 5732 3120 5783 loco
3158 5729 3311 5783 multa
3343 5729 3635 5794 interposita
3660 5732 3887 5789 praterit

2281 5802 2659 5864 clirysostomus.
