4086 6480
292 426 408 485 313

372 550 429 604 ϐ.
472 543 660 601 Vidisti
677 551 876 615 quanta
907 540 978 610 sit
1002 539 1081 594 vis
1107 536 1541 594 benedictionis?
1566 535 1737 591 Verba
1765 533 1909 587 enim

294 638 416 708 ejus
446 638 580 693 tiuut
625 650 810 707 opera.
852 632 1051 687 Caelum
1082 628 1300 701 quidem
1330 625 1481 688 certe
1525 627 1746 683 verbum
1791 626 1911 715 ejus

293 730 497 787 effecit.
548 727 733 794 Verbo,
768 725 963 797 inquit,
985 721 1198 780 Domini
1217 721 1329 778 ccli
1352 721 1543 791 firmati
1582 728 1698 775 sunt
1724 716 1906 789 (Psal.

293 825 387 881 52.
417 824 501 896 ϐ).
534 823 631 879 Illo
660 820 825 877 verbo
856 829 908 877 te
933 818 1233 882 benedicit,
1283 814 1426 887 quod
1461 821 1602 868 tanta
1634 821 1831 884 potest.

370 913 488 981 Quo
517 930 669 969 sensu
686 913 870 968 calum
897 911 962 966 sit
985 909 1078 967 Dei
1101 907 1469 964 habitaculum.
1510 906 1651 960 Deus
1670 920 1905 959 commu-

291 1008 377 1061 nis
415 1006 780 1059 universorum.
811 1033 885 1043 —
902 1000 994 1056 24.
1039 999 1238 1056 (Italum
1276 999 1391 1054 ccli
1434 997 1657 1053 Domino
1677 1038 1691 1062 ,
1721 1006 1910 1051 terram

293 1106 467 1150 autem
506 1094 645 1151 dedit
679 1094 802 1163 ﬁliis
831 1092 1115 1147 hominum.
1156 1090 1297 1160 Quid
1336 1089 1720 1145 dicisictelum
1747 1088 1911 1159 elegit

293 1187 401 1243 sibi
448 1184 847 1251 habitaculum,
874 1192 930 1239 et
955 1180 1326 1253 superioribus
1369 1179 1604 1257 acceptis
1643 1178 1906 1250 partibus,

296 1278 459 1334 nobis
480 1292 601 1347 quae
628 1277 715 1331 hic
753 1284 881 1331 sunt
905 1273 1238 1345 assignavit?
1281 1272 1464 1338 Absit;
1490 1286 1596 1326 non
1620 1271 1696 1326 ita
1721 1269 1905 1336 habet,

293 1369 392 1425 sed
434 1376 520 1423 est
548 1367 721 1423 oratio
747 1382 871 1439 quas
898 1381 959 1423 se
980 1365 1213 1422 demittit
1237 1364 1304 1419 ad
1330 1372 1547 1433 captum
1578 1362 1906 1417 auditorum.

292 1460 354 1517 Si
392 1460 539 1515 enim
582 1458 653 1512 ita
690 1458 935 1525 haberet,
978 1455 1248 1527 quomodo
1283 1464 1453 1519 staret
1494 1452 1660 1517 aliud,
1705 1452 1848 1524 quod
1875 1468 1907 1508 a

298 1551 415 1606 Deo
462 1548 700 1605 dicitur?
745 1546 937 1603 Nonne
978 1549 1158 1603 caelum
1200 1556 1245 1601 et
1279 1555 1467 1600 terram
1511 1545 1747 1612 impleo?
1784 1544 1909 1599 dicit

298 1640 557 1697 Dominus
585 1637 831 1710 (Ιαπὲὔ.
860 1636 975 1709 24).
1010 1636 1144 1692 Illud
1197 1637 1340 1693 enim
1395 1645 1479 1691 est
1529 1635 1656 1690 huic
1693 1643 1908 1690 contra-

297 1733 463 1795 rium,
515 1731 561 1785 si
590 1729 644 1784 id
674 1728 1044 1799 acceperimus
1073 1736 1230 1796 prout
1259 1727 1567 1791 verberum,
1613 1741 1733 1797 quae
1754 1740 1815 1781 se
1839 1724 1906 1779 ad

297 1836 519 1877 manum
559 1820 735 1886 oll‘ert,
783 1827 942 1875 sonat
987 1819 1370 1888 pronuntiatio,
1404 1827 1460 1873 et
1511 1834 1617 1873 non
1657 1816 1911 1873 conside-

297 1912 601 1968 raverimus
650 1922 887 1966 mentem
914 1926 1033 1981 quae
1075 1920 1158 1965 est
1205 1910 1259 1964 in
1304 1910 1383 1965 eis
1426 1909 1725 1965 recondita.
1767 1908 1906 1976 Quid

294 2016 383 2063 eSt
408 2020 541 2076 ergo
564 2004 705 2075 quod
736 2002 867 2059 dicit
897 2021 910 2056 :
945 2001 1138 2059 Culum
1174 2003 1293 2059 caeli
1319 2002 1564 2069 Dontino,
1595 2012 1782 2056 terram
1814 2020 1909 2056 au-

296 2111 399 2153 tem
442 2098 582 2152 dedit
624 2098 748 2165 ﬁliis
779 2097 1078 2154 hominum?
1116 2095 1256 2152 Usus
1300 2105 1385 2153 est
1408 2098 1655 2152 oratione
1683 2113 1801 2167 quae
1847 2112 1908 2152 se

293 2189 533 2244 demittit
570 2188 637 2243 ad
667 2196 883 2259 captum
908 2187 1214 2243 auditorum
1236 2229 1252 2254 ,
1285 2203 1392 2243 non
1440 2188 1605 2243 Deum
1643 2188 1777 2244 ett-lo
1820 2189 1906 2243 in-

294 2283 541 2339 cludens.
592 2281 779 2354 Neque
833 2282 977 2338 enim
1013 2281 1169 2349 illud,
1201 2280 1395 2337 Ctelum
1416 2292 1488 2336 est
1516 2284 1731 2336 thronus
1770 2282 1903 2353 ejus,

294 2387 345 2431 et
388 2384 524 2430 terra
560 2374 836 2430 scabellunt
877 2374 1066 2445 pedum
1111 2376 1223 2443 ejus
1267 2373 1419 2446 (Isai.
1453 2374 1672 2446 66.1):
1713 2390 1906 2446 quem-

293 2467 586 2523 admodum
633 2482 733 2522 nee
760 2466 912 2535 illud,
961 2464 1153 2523 Ctelum
1200 2475 1248 2521 et
1285 2477 1470 2521 terram
1519 2468 1706 2538 impleo
1732 2508 1748 2533 ,
1806 2482 1907 2538 pro

294 2555 413 2629 ejus
439 2558 701 2630 dignitate
745 2557 943 2613 dictum
978 2568 1096 2614 est:
1140 2559 1235 2614 sed
1262 2559 1438 2631 ipsum
1463 2574 1677 2630 quoque
1704 2570 1788 2615 est
1808 2560 1905 2615 de-

295 2653 484 2709 missio
512 2652 580 2707 ad
607 2662 821 2722 captum
877 2651 1158 2709 auditoris.
1189 2652 1310 2723 Ipse
1352 2653 1497 2709 enim
1527 2654 1705 2708 omnia
1727 2654 1906 2711 conti-

296 2753 409 2811 net,
454 2745 636 2799 omnia
680 2743 818 2810 fert,
850 2760 958 2799 non
1001 2758 1167 2814 egens
1211 2745 1373 2812 loco,
1417 2746 1513 2801 sed
1555 2748 1687 2816 ipse
1722 2748 1905 2804 omnia

294 2836 463 2893 simul
502 2842 697 2909 regens
726 2846 781 2892 et
820 2838 1108 2893 moderans
1141 2855 1152 2892 :
1180 2838 1277 2894 sed
1321 2840 1517 2896 dicitur
1558 2843 1748 2898 caelum
1788 2843 1907 2915 ejus

293 2933 509 2999 domus,
541 2932 682 3003 quod
715 2933 784 2987 sit
813 2933 962 2988 locus
995 2949 1158 3003 purus
1185 2949 1215 2988 a
1258 2935 1410 2992 vitio.
1436 2936 1905 3005 Quemadmodum

293 3038 427 3096 ergo
477 3025 566 3080 hic
616 3040 722 3079 non
764 3034 844 3081 est
873 3025 1065 3083 caelum
1098 3026 1249 3082 locus
1297 3028 1366 3082 ab
1408 3044 1475 3084 eo
1515 3030 1795 3086 delectus:
1832 3034 1903 3090 ita

295 3132 395 3173 nec
446 3118 663 3187 quando
689 3118 817 3173 dit-it
846 3136 858 3171 :
891 3118 1085 3175 Statuit
1106 3120 1347 3175 terminos
1374 3124 1600 3193 gentium
1624 3127 1905 3181 secundum

292 3225 563 3265 numerum
597 3212 895 3282 angelorum
937 3210 1033 3265 Dei
1058 3209 1237 3280 (Deut.
1285 3212 1376 3269 52.
1407 3215 1503 3284 8),
1557 3217 1675 3285 vel,
1735 3217 1905 3289 Elegit

293 3301 502 3355 domum
524 3300 686 3356 Jacob
718 3301 888 3375 (Psal.
922 3302 1045 3358 154.
1075 3302 1152 3373 4).
1185 3303 1370 3377 Neque
1394 3307 1540 3362 enim
1568 3307 1654 3365 ltie
1684 3314 1787 3365 hoc
1815 3312 1905 3367 di-

291 3395 386 3459 cit,
436 3392 655 3449 .Iudacos
704 3394 922 3464 quidem
968 3410 1090 3450 esse
1133 3396 1273 3466 ejus,
1303 3406 1530 3454 crateres
1569 3412 1748 3458 autem
1798 3404 1901 3460 lto-

291 3488 468 3542 mines
492 3502 598 3541 non
636 3487 842 3552 itidem,
874 3487 971 3543 sed
998 3504 1121 3544 esse
1148 3490 1267 3559 ejus
1293 3492 1630 3562 providentia
1662 3506 1717 3552 et
1746 3498 1903 3567 opili-

289 3582 375 3635 cio
421 3580 651 3635 nudatos
697 3590 751 3635 et
794 3582 1051 3651 privatos.
1097 3582 1197 3638 Est
1238 3586 1383 3640 enim
1427 3591 1729 3646 communis
1776 3596 1902 3648 uni-

292 3687 577 3728 versorum
599 3672 743 3729 Deus
769 3690 782 3727 :
819 3673 919 3728 hac
949 3681 1129 3730 autem
1164 3678 1409 3737 oratione
1436 3696 1565 3736 usus
1595 3693 1679 3739 est
1711 3668 1897 3740 osten-

287 3764 425 3820 deus
470 3780 630 3821 suum
661 3766 714 3821 in
746 3782 841 3822 eos
869 3782 1133 3834 amorem,
1162 3772 1595 3844 quandoquidem
1638 3778 1899 3834 videban-

290 3866 377 3913 tur
405 3856 911 3929 quomodocumque
950 3860 1070 3915 aliis
1108 3875 1229 3918 esse
1257 3864 1532 3921 meliores.
1571 3868 1724 3937 Quod
1751 3874 1896 3928 enim

288 3968 396 4006 non
444 3966 540 4007 eos
583 3951 731 4006 solos
760 3952 1024 4024 elegerit,
1056 3954 1151 4009 sed
1202 3957 1442 4012 omnium
1483 3973 1671 4016 curam
1718 3975 1893 4034 gerat,

285 4043 581 4100 ostendunt
600 4054 655 4099 et
677 4060 798 4114 qua:
825 4056 953 4102 ante
979 4046 1181 4103 Mosem
1205 4047 1340 4104 facta
1369 4062 1497 4107 sunt
1530 4072 1543 4107 :
1578 4071 1685 4110 non
1717 4060 1897 4115 minus

283 4145 464 4190 autem
495 4135 787 4190 ostendunt
813 4145 868 4191 et
892 4153 1011 4207 quae
1037 4137 1154 4209 ejus
1176 4147 1418 4212 tempore
1447 4144 1665 4213 ﬁebant,
1693 4157 1749 4203 et
1774 4166 1895 4218 qua:

284 4238 407 4299 post
426 4243 549 4283 eum
575 4229 710 4284 [lunt
740 4229 791 4285 itt
815 4232 1057 4301 singulis.
1082 4231 1264 4290 Solem
1282 4236 1448 4302 enim,
1476 4246 1695 4308 terram,
1722 4260 1890 4310 mare,

281 4320 384 4374 alia
412 4320 597 4375 omnia
627 4318 775 4376 dedit
804 4322 1053 4378 omnibus
1077 4327 1460 4395 communiter,
1489 4329 1772 4403 legemque
1794 4352 1892 4392 na-

282 4423 415 4467 tum
444 4412 696 4467 omnibus
722 4413 967 4468 inseruit.
1001 4415 1385 4485 Abrahamum,
1410 4436 1533 4477 cum
1556 4435 1699 4479 esset
1728 4426 1890 4484 Persa

281 4504 379 4575 (α),
399 4511 459 4559 et
485 4504 706 4569 amavit,
734 4513 788 4559 ct
811 4520 966 4583 alsua
992 4508 1211 4578 regione
1232 4511 1477 4569 traduxit
1504 4513 1657 4585 (Gen.
1689 4519 1774 4573 12.
1812 4522 1886 4593 1):

278 4610 402 4651 nam
436 4602 492 4650 et
520 4593 826 4665 Egyptios,
859 4606 914 4652 et
941 4612 1037 4653 cos
1066 4602 1156 4669 qui
1181 4602 1493 4662 habitabant
1523 4608 1574 4663 in
1608 4609 1886 4679 Chanaan,

276 4698 331 4741 ct
363 4687 557 4742 Persas
583 4701 682 4757 per
727 4687 899 4757 ipsum
931 4692 1203 4759 correxit;
1237 4703 1292 4749 et
1320 4711 1511 4753 rursus
1540 4717 1635 4770 per
1677 4703 1793 4774 ejus
1821 4706 1888 4760 ti-

276 4777 406 4832 lium
461 4786 519 4831 et
548 4787 799 4846 nepotem
828 4779 1026 4834 multos
1073 4796 1138 4839 ex
1187 4785 1377 4842 vicinis
1423 4791 1678 4848 meliores
1706 4797 1888 4853 reddi-

273 4873 374 4938 alit,
407 4870 551 4941 quod
580 4871 796 4944 quidem
837 4873 905 4931 ad
933 4890 1056 4930 eum
1098 4878 1331 4936 attinuit.
1360 4881 1463 4940 Ubi
1490 4895 1668 4941 autem
1707 4890 1886 4950 Moses

272 4978 493 5037 quoque
512 4972 672 5018 natus
712 4974 817 5033 est,
846 4975 970 5036 post
1012 4968 1131 5025 haec
1173 4988 1270 5043 per
1297 4989 1361 5029 ea
1408 4993 1529 5047 quae
1551 4979 1752 5037 Judaeis
1788 4982 1886 5041 lie-

274 5057 423 5124 bant,
454 5055 687 5111 ducebat
724 5056 1006 5129 Egyptios
1038 5061 1104 5117 ad
1155 5063 1253 5121 Dei
1288 5070 1672 5140 cognitionem,
1702 5086 1756 5131 et
1788 5093 1883 5135 eos

269 5149 362 5219 qui
391 5155 549 5203 erant
590 5147 642 5201 in
673 5148 953 5206 Palaestina
975 5193 990 5221 ,
1033 5164 1089 5210 et
1136 5169 1256 5227 post
1301 5160 1418 5217 haec
1448 5179 1634 5222 rursus
1666 5183 1768 5227 eos.
1790 5173 1882 5240 qui

269 5258 426 5305 erant
459 5250 513 5305 in
544 5249 845 5325 Babylone.
894 5253 971 5310 Ita
996 5256 1160 5312 etiam
1209 5262 1431 5330 quando
1469 5265 1634 5335 dicit,
1685 5268 1880 5325 Caelum

267 5339 380 5394 celi
408 5339 655 5410 Domino,
682 5345 948 5415 signiﬁcat
972 5362 1031 5403 se
1056 5360 1337 5419 propterea
1360 5355 1409 5409 in
1433 5356 1540 5412 illis
1567 5362 1876 5431 requiesce-

266 5446 349 5498 re,
376 5432 504 5525 quia
522 5444 649 5489 sunt
674 5437 743 5492 ab
773 5438 918 5492 omni
952 5440 1082 5495 vitio
1102 5441 1277 5496 liberi.
1306 5447 1611 5512 Quinetiam
1659 5460 1713 5506 ιιι
1735 5471 1873 5525 quo-

266 5536 373 5590 que
421 5523 467 5576 si
499 5538 605 5578 non
638 5534 798 5583 terrae
841 5528 1036 5586 afﬁxus
1080 5532 1243 5588 fueris
1271 5536 1287 5567 ⁸
1311 5576 1326 5602 ,
1356 5538 1449 5593 sed
1501 5543 1723 5611 angelus
1755 5523 1876 5601 eili-

262 5702 310 5746 α
901 5648 953 5693 tu
975 5657 1180 5709 quoque,
1211 5649 1256 5699 si
1283 5662 1379 5703 non
1418 5652 1560 5704 homo
1580 5648 1890 5762 remiseris

436 5758 778 5837 {atltgiidittimus
789 5764 964 5837 solere
981 5768 1374 5835 Chrysostomum
1385 5776 1631 5829 Chaldteos
1647 5789 1699 5831 et
1722 5758 1870 5834 italu“.

262 5817 853 5937 wagﬁggrcurqitnatim
900 5817 1094 5885 vocare.
1118 5817 1867 5899 rem."'Ktiii'iﬁiﬁtiiciﬁ'é}

1417 410 1782 471 EXPOSITIO
1824 408 1889 465 IN
1929 404 2255 463 PSALMUM
2294 404 2482 462 CXIII.

3530 407 3633 464 314

2025 532 2207 591 ciaris.
2226 532 2537 587 celeritcrin
2556 541 2744 585 tantum
2764 541 2812 586 et
2831 531 3053 585 domum
3069 540 3347 601 paternam
3369 544 3637 585 consecu-

2020 623 2116 679 des
2141 640 2154 675 :
2179 638 2243 688 ac
2253 622 2476 679 velante
2492 623 2947 679 resurrectionem
2963 640 3027 679 ex
3058 624 3159 678 hoc
3173 624 3281 694 jam
3303 623 3424 678 loco
3439 620 3638 692 migra-

2020 716 2111 782 sti,
2128 730 2294 785 esque
2307 718 2628 772 auctoritate
2640 725 2695 772 et
2710 715 2973 786 dignitate
2990 714 3641 788 prteditus.Quemadmo-

2017 806 2146 863 dum
2175 808 2319 863 enim
2349 808 2504 863 multi
2530 823 2726 862 eorum
2757 809 2846 878 qui
2874 816 2997 862 sunt
3032 809 3083 861 in
3129 820 3416 862 numerum
3457 804 3637 874 magni

2017 910 2238 957 senatus
2259 900 2434 967 relati,
2460 901 2561 956 etsi
2596 888 2707 956 ruri
2735 900 2999 966 habitent,
3024 899 3224 955 habent
3252 908 3434 955 tamen
3457 898 3637 969 digni-

2019 1002 2184 1047 tatem
2214 1009 2227 1046 :
2254 993 2324 1047 ita
2367 993 2412 1048 si
2460 1001 2519 1050 tu
2548 1002 2763 1063 quomte
2792 992 3029 1046 volucris
3059 1004 3180 1046 esse
3213 989 3347 1045 civis
3374 988 3634 1049 ca-lestis,

2017 1085 2227 1141 etiamsi
2256 1083 2346 1159 hic
2394 1083 2637 1148 habites,
2692 1082 2779 1136 illa
2826 1081 3090 1153 dignitate
3143 1081 3342 1136 fruere.
3375 1080 3468 1135 25.
3514 1077 3638 1133 Non

2018 1178 2206 1232 mortui
2229 1176 2513 1232 laudabunt
2535 1186 2601 1242 te,
2633 1173 2878 1242 Dontine,
2906 1192 3066 1247 neque
3085 1191 3259 1229 omnes
3300 1173 3387 1244 qui
3428 1171 3639 1227 descen-

2017 1271 2146 1326 dunt
2174 1272 2228 1339 in
2252 1271 2537 1341 infernum.

2091 1362 2239 1418 Mors
2256 1363 2388 1435 justi
2415 1380 2643 1418 somnus.
2680 1394 2753 1405 —
2786 1362 2879 1419 26.
2911 1362 3020 1418 Sed
3048 1379 3140 1416 nos
3165 1362 3253 1433 qui
3291 1360 3526 1427 vivimus,
3556 1358 3637 1412 lte-

2016 1454 2307 1509 nedicemus
2336 1452 2559 1509 Domino
2584 1470 2647 1508 ea:
2679 1454 2776 1509 hoc
2806 1470 2943 1508 nunc
2986 1463 3033 1508 et
3059 1469 3216 1520 usque
3258 1453 3312 1506 in
3360 1450 3627 1507 saeculum.

2016 1545 2261 1602 Mortuus
2285 1544 2416 1601 dicit
2446 1561 2551 1601 non
2580 1559 2698 1611 eos,
2754 1546 2846 1616 qui
2874 1545 2981 1599 vita
3014 1544 3179 1600 functi
3207 1551 3335 1599 sunt
3357 1584 3374 1606 ,
3398 1541 3493 1597 sed
3516 1556 3634 1607 eos,

2015 1638 2106 1709 qui
2138 1638 2335 1692 mortui
2375 1647 2501 1691 sunt
2530 1637 2582 1692 in
2614 1636 3000 1705 impietatibus,
3031 1636 3113 1689 vel
3140 1651 3256 1699 eos,
3305 1634 3393 1705 qtti
3424 1632 3476 1686 in
3507 1646 3635 1702 pec-

2015 1729 2152 1787 catis
2180 1729 2294 1784 suis
2322 1740 2692 1785 marcueruut.
2721 1729 2889 1784 Erant
2918 1730 3063 1783 enim
3109 1727 3306 1782 mortui
3336 1723 3634 1791 Abraham,

2015 1822 2165 1878 Isaae
2184 1831 2238 1876 et
2257 1820 2459 1876 Jacob:
2486 1821 2556 1875 ita
2582 1804 2761 1876 tamen
2794 1820 3066 1884 vivebant,
3098 1828 3155 1875 ut
3183 1819 3636 1874 illoruni‘memo-

2014 1912 2150 1967 riam
2183 1911 2279 1976 illi,
2311 1913 2402 1983 qui
2458 1914 2567 1967 vivi
2612 1919 2790 1979 erant,
2844 1920 3184 1982 peragerent.
3236 1909 3414 1966 Moses
3454 1910 3638 1980 itaque

2014 2020 2175 2061 orans
2206 2020 2304 2074 pro
2334 2004 2535 2075 populo
2563 2020 2725 2075 quem
2753 2004 2999 2075 regebat,
3047 2018 3142 2074 per
3168 2017 3266 2059 eos
3304 2002 3472 2058 Deum
3522 2002 3636 2083 ιιιιιέ

2013 2104 2121 2164 cat,
2144 2112 2268 2152 cum
2292 2111 2389 2152 eos
2418 2095 2759 2152 adhibuisset
2787 2096 2842 2151 in
2870 2095 3121 2165 precibus
3152 2093 3347 2168 (Exod.
3381 2093 3470 2150 52.
3518 2091 3632 2163 15).

2014 2186 2150 2245 Tres
2174 2202 2390 2259 quoque
2406 2188 2560 2259 pueri
2589 2195 2781 2259 rogant
2811 2196 2867 2243 ut
2883 2195 3104 2259 propter
3130 2201 3226 2243 eos
3251 2195 3557 2251 serventur,
3581 2193 3638 2240 et
3667 2216 3670 2220 λ

2014 2279 2137 2336 ideo
2162 2279 2387 2335 dicunt:
2424 2278 2507 2334 Ne
2547 2272 2756 2351 auferas
2797 2279 3208 2334 misericordiam
3234 2288 3424 2332 tuama
3467 2277 3631 2343 nobis,

2013 2380 2223 2443 propter
2243 2371 2501 2426 Abraham
2522 2372 2765 2426 dilectum
2788 2382 2951 2437 tuum,
2972 2382 3019 2426 rt
3035 2356 3415 2443 prapter’lsaac
3435 2387 3634 2427 servum

2014 2474 2181 2532 tuum,
2208 2474 2254 2520 et
2286 2462 2456 2520 Israel
2474 2475 2707 2518 sanctum
2738 2476 2882 2518 tuum
2913 2463 3075 2534 (Dan.
3119 2465 3174 2520 5.
3198 2465 3315 2535 55).
3349 2464 3405 2518 Si
3450 2474 3632 2519 autem

2015 2564 2164 2613 tanta
2193 2566 2311 2613 erat
2351 2572 2541 2614 eorum
2590 2558 2852 2630 potentia,
2894 2558 3167 2630 quomodo
3203 2570 3360 2615 erant
3386 2561 3635 2615 mortui?

2012 2649 2083 2705 Et
2112 2664 2302 2706 rursns
2351 2649 2645 2706 Christus:
2694 2650 2822 2706 Sine
2874 2662 3101 2707 mortuos
3143 2652 3359 2723 sepelire
3404 2662 3634 2707 mortuos

2012 2740 2369 2811 suos(Mattlt.
2396 2745 2452 2798 8.
2475 2741 2592 2814 22).
2618 2743 2686 2798 Ει
2714 2742 2838 2799 ideo
2871 2742 3071 2799 Paulus
3095 2758 3193 2799 eos
3214 2743 3305 2814 qui
3326 2752 3453 2799 sunt
3481 2759 3630 2800 mor-

2012 2834 2113 2904 tui,
2139 2850 2247 2891 non
2277 2848 2436 2891 vocat
2465 2843 2731 2904 mortuos,
2765 2837 2861 2893 sed
2886 2852 2983 2893 eos
3008 2840 3099 2909 qui
3120 2838 3479 2902 dormierunt,
3501 2844 3633 2898 scri—

2011 2926 2148 2982 bens
2188 2945 2202 2981 :
2237 2927 2380 2983 Nolo
2425 2938 2721 2997 antemnas
2765 2932 3035 3002 ignorare,
3068 2933 3287 3002 fratres,
3331 2933 3395 2987 de
3440 2933 3505 2988 iis
3547 2934 3641 3003 qui

2011 3019 2330 3075 dormierunt
2356 3022 2434 3093 (1.
2466 3020 2643 3077 Thess.
2667 3022 2724 3078 4.
2759 3020 2876 3097 12).
2908 3023 3096 3079 Justus
3121 3025 3264 3080 enim
3293 3026 3393 3081 etsi
3414 3027 3630 3093 obici-it,

2012 3125 2120 3165 non
2172 3121 2418 3167 mortuus
2443 3122 2547 3181 est,
2576 3114 2672 3170 sed
2703 3113 2927 3169 dormit.
2979 3116 3191 3171 Dormit
3220 3116 3388 3185 enim,
3440 3119 3532 3189 qui
3564 3119 3630 3174 ad

2011 3203 2294 3260 meliorem
2346 3203 2512 3259 vitam
2544 3214 2629 3261 est
2661 3207 3131 3264 trausmittendus.
3184 3208 3284 3277 Qui
3330 3220 3512 3268 autem
3562 3212 3630 3267 ad

2010 3296 2372 3354 immortalem
2424 3307 2657 3355 mortem
2701 3310 2786 3356 est
2827 3300 3206 3368 abducendus,
3263 3304 3426 3358 etiam
3477 3305 3629 3361 vivus

2009 3389 2388 3457 vitamtinivit,
2414 3400 2470 3447 et
2492 3400 2577 3448 est
2603 3401 2868 3449 mortuus.
2901 3393 2980 3449 Illi
3004 3394 3345 3452 descendunt
3370 3396 3437 3451 ad
3490 3398 3626 3455 inle-

2009 3500 2103 3540 ros
2135 3503 2149 3540 :
2182 3486 2237 3541 hi
2264 3487 2316 3541 in
2365 3486 2555 3542 cadum
2602 3486 2918 3554 ascendent,
2968 3498 3022 3543 et
3051 3498 3211 3545 erunt
3235 3480 3361 3545 eum
3389 3490 3624 3549 Christo.

2009 3578 2078 3634 Et
2104 3578 2226 3635 ideo
2254 3582 2517 3651 propheta
2546 3597 2654 3636 non
2682 3582 2821 3638 dixit
2841 3583 3113 3649 absolute,
3149 3585 3250 3654 Qtti
3280 3588 3484 3653 vivunt,
3533 3588 3628 3645 sed

2008 3671 2232 3741 adjecit,
2263 3672 2399 3739 Nos,
2424 3673 2527 3728 hoc
2553 3674 2622 3729 de
2649 3689 2708 3730 se
2732 3675 2942 3729 dicens.
2987 3675 3057 3731 Et
3101 3692 3269 3748 quare
3315 3694 3422 3734 non
3470 3680 3626 3746 dixit,

2005 3765 2106 3833 Qui
2128 3766 2338 3841 vivunt,
2363 3766 2457 3823 sed
2486 3766 2706 3838 adjecit,
2738 3767 2887 3823 Nos?
2907 3769 3171 3837 Quoniam
3194 3770 3391 3827 Paulus
3414 3789 3627 3845 quoque

2005 3860 2083 3914 sic
2104 3858 2273 3914 dixit:
2307 3858 2421 3913 Nos
2445 3862 2530 3931 qui
2556 3862 2789 3927 vivimus,
2821 3863 2907 3931 qui
2926 3863 3117 3931 reliqui
3142 3880 3343 3929 sumus,
3368 3883 3469 3921 non
3493 3884 3625 3938 μνω-

2003 3953 2260 4005 veniemus
2280 3952 2334 4006 in
2354 3952 2625 4007 adventum
2650 3953 2860 4009 Domini
2898 3956 2980 4026 (1.
3007 3957 3188 4014 Thess.
3210 3958 3388 4031 4.16).
3420 3960 3623 4029 Quem-

2002 4042 2293 4098 admodum
2343 4044 2453 4099 illic
2502 4045 2636 4101 illud
2662 4089 2677 4110 ,
2710 4045 2842 4113 Nos,
2872 4049 3016 4118 quod
3045 4050 3317 4121 adjectum
3361 4061 3467 4119 est,
3515 4069 3624 4111 non

2002 4136 2131 4190 sinit
2157 4136 2207 4192 id
2231 4137 2375 4207 quod
2407 4136 2612 4193 dictum
2635 4147 2719 4195 est
2741 4139 2848 4196 dici
2876 4140 2942 4196 de
2968 4143 3241 4205 omnibus.
3272 4144 3368 4201 sed
3393 4146 3461 4202 de
3487 4148 3624 4202 tide-

2002 4227 2163 4294 libus,
2195 4239 2248 4284 et
2277 4229 2342 4284 iis
2372 4230 2463 4300 qui
2494 4240 2621 4285 sunt
2650 4232 2772 4286 vitae
2795 4233 3055 4290 institutis
3074 4236 3308 4305 similes,
3338 4239 3410 4294 ita
3457 4241 3620 4294 etiam

2001 4316 2093 4374 hic
2116 4318 2269 4386 illud,
2298 4319 2410 4375 Nos
2434 4322 2523 4393 qui
2550 4323 2781 4390 vivimus,
2809 4323 2941 4378 dicit
2965 4341 3081 4391 eos,
3101 4327 3191 4397 qui
3212 4328 3435 4397 perinde
3461 4338 3623 4401 atque

2001 4410 2169 4467 David
2195 4413 2246 4466 in
2271 4414 2466 4468 virtute
2493 4415 2658 4470 vitam
2685 4428 2871 4487 agunt.
2918 4419 3002 4475 Ex
3026 4421 3120 4475 hoc
3148 4434 3358 4478 nunc‘et
3380 4442 3541 4495 usque
3567 4427 3622 4482 in

1999 4507 2269 4561 siccatum.
2315 4506 2478 4564 Vides
2502 4510 2666 4565 etiam
2698 4510 2801 4568 hoc
2831 4513 2975 4583 quod
3004 4515 3303 4585 subjunxit,
3330 4518 3383 4572 id
3410 4516 3620 4591 signifi-

1998 4598 2162 4654 care?
2212 4598 2530 4667 Quidnam?
2578 4600 2631 4656 Id
2658 4600 2763 4658 dici
2786 4603 2856 4659 de
2904 4605 2971 4659 iis
2996 4608 3087 4675 qui
3132 4609 3299 4663 vitam
3332 4608 3384 4664 in
3417 4616 3617 4670 virtute

1998 4691 2320 4763 transigunt.
2350 4692 2522 4750 Nemo
2550 4696 2694 4751 enim
2726 4696 2814 4752 hic
2858 4699 2988 4754 vivit
3036 4700 3087 4753 in
3117 4704 3399 4769 sarculum,
3432 4704 3530 4761 sed
3580 4706 3617 4761 ii

1996 4784 2096 4839 soli
2119 4786 2212 4855 qui
2239 4796 2497 4855 perpetuo
2522 4789 2686 4842 vitam
2710 4798 2876 4860 agunt
2900 4806 3022 4846 eum
3045 4793 3236 4864 gloria.
3265 4795 3397 4852 Nam
3429 4806 3617 4869 pecca-

1996 4884 2143 4929 tores
2164 4890 2381 4946 quoque
2403 4878 2626 4945 vivunt;
2657 4881 2753 4937 sed
2782 4882 2837 4936 in
2867 4897 3046 4952 poena,
3082 4886 3373 4956 supplicio,
3402 4900 3456 4945 et
3484 4894 3614 4948 stri-

1993 4968 2127 5023 dore
2153 4968 2396 5024 dentium
2429 4989 2441 5026 :
2475 4971 2527 5025 hi
2571 4982 2753 5030 autem
2809 4976 2863 5031 in
2910 4978 3160 5035 claritate
3194 4992 3251 5036 et
3295 4984 3610 5056 splendore,

1993 5069 2185 5130 utpote
2212 5078 2440 5133 quorum
2482 5065 2555 5119 sit
2603 5082 2798 5123 munus
2844 5086 2951 5125 uua
2978 5086 3100 5126 cum
3141 5075 3476 5147 incorporeis
3521 5098 3612 5153 po-

1992 5155 2275 5210 testatibus
2303 5154 2501 5211 oﬂ‘erre
2531 5158 2642 5212 Deo
2671 5159 2902 5231 hymnos
2949 5166 3230 5235 mysticus.
3259 5168 3326 5225 Ut
3351 5187 3483 5243 ergo
3513 5190 3613 5229 nos

1988 5260 2203 5317 quoque
2228 5245 2470 5304 fruamur
2494 5250 2598 5305 hoc
2635 5252 2831 5321 gaudio
2859 5254 2899 5320 ¹,
2949 5255 3087 5313 hanc
3134 5259 3297 5315 vitam
3328 5278 3610 5337 persequa-

1989 5348 2131 5403 mur,
2158 5347 2219 5393 ttt
2238 5337 2306 5393 ad
2335 5338 2481 5395 illam
2509 5358 2727 5413 quoque
2750 5344 2875 5400 vita:
2905 5348 3276 5407 conditionem
3301 5356 3606 5419 vcnimnus,

1988 5442 2149 5498 quam
2178 5444 2279 5485 nec
2305 5444 2487 5486 sermo
2508 5433 2806 5503 explicare,
2832 5452 3005 5508 neque
3032 5455 3188 5495 mens
3214 5445 3471 5515 cogitare,
3508 5466 3607 5503 nec

2058 5534 2919 5625 ξὲθςὲνΑρςς-Ῑεξξρᾷίτῆεφρτῆς),ε
2941 5565 3055 5614 quae
3088 5555 3242 5625 lectio
3270 5573 3367 5625 non
3416 5561 3608 5625 impro-

1992 5594 2435 5679 ε’,ξηέἣὶίέεξιξτᾼ
2448 5594 3242 5679 ,11ιδὶιι,’ἁύ,ῥὶιῦἑέ,ίῇὶιῗἰὶιέςξίῖι’ἑν
3261 5594 3605 5677 εἶ’ἄὲι-ίὲζξεέίῖ

1992 5656 2293 5739 liaii'certe
2312 5663 2366 5739 in
2378 5656 2675 5739 deligendo.-
2702 5656 3079 5739 Namvilliid:

1990 5727 2038 5769 et
2060 5721 2324 5790 splendore
2338 5761 2351 5798 ε
2365 5790 2372 5799 Ι
2387 5721 2552 5788 utpote
2591 5744 2801 5796 quarunt
2825 5721 2897 5784 sit
2916 5721 3092 5790 munus

1993 5795 2092 5821 rm;
2118 5790 2368 5821 nnlnglnh.
2387 5802 2446 5821 ηρ
2472 5789 2652 5821 θρῖον...»
2680 5797 2776 5821 μοι.
2814 5795 3012 5821 t............
3039 5802 3207 5821 -_--,-._-_
3226 5820 3235 5821 ,
3386 5810 3395 5817 ι
3422 5813 3431 5821 .
3500 5815 3510 5821 .
3591 5815 3602 5821 -

2114 5789 2652 5870 ΚρξςεἮςξίέω-οίῖεζὶϊ
2672 5797 2776 5844 Iteo
2810 5795 3017 5870 hymnos
3038 5789 3439 5870 ntysticosrq'ui't'l‘
3458 5789 3602 5863 mihi

2453 5844 2652 5930 sa't'tt‘los
2671 5871 2805 5930 eum

1991 5913 2230 5967 lnj'sticos
2259 5913 2363 5966 Uoo
2400 5928 2603 5979 cauere,
2640 5928 2793 5983 «Mue
2822 5913 2948 5974 adeo
2982 5913 3166 5978 festum
