4086 6472
498 359 594 422 ΜΒ

486 471 776 544 quidquam
804 471 946 526 aliud
976 461 1435 541 potest'indicare,
1486 469 1581 526 sed
1610 471 1723 542 ipsa
1765 471 1881 526 sola
1922 486 2078 540 expc-

487 564 679 623 rientia
706 559 940 617 ostendit
966 562 1083 633 ejns
1108 561 1492 618 beatitudinem
1520 579 1533 615 :
1558 577 1718 632 quam
1740 561 1900 617 detur
1928 561 2083 617 nobis

488 653 739 709 omnibus
782 653 995 723 assequi
1022 652 1190 722 gratia
1232 662 1288 715 et
1328 651 1612 707 clementia
1660 651 1873 706 Domini
1912 652 2079 706 nostri

489 746 620 804 Jcsu
646 746 867 814 Clu'isti,
907 748 990 802 cui
1042 746 1211 817 glorja
1240 756 1294 802 et
1319 748 1577 817 potentia,
1608 763 1750 803 nunc
1771 756 1826 803 et
1846 762 2081 817 semper,

486 850 544 896 et
568 842 620 896 in
646 840 837 896 secula
863 840 1202 895 saeculorum.
1231 842 1423 896 Amen.

951 951 1017 1007 IN
1056 950 1380 1007 PSALMUM
1418 926 1603 1007 cm.

659 1066 712 1121 i.
739 1065 929 1132 Dite-xi,
959 1064 1195 1135 quoniam
1226 1066 1458 1119 exaudiet
1478 1064 1728 1119 Dominus
1754 1081 1921 1120 vocem

752 1150 755 1151 ν
1089 1158 1335 1211 orationis
1364 1142 1509 1210 mece‘.

564 1270 615 1323 i.
639 1269 766 1335 Quae
785 1270 1005 1324 veresint
1017 1269 1159 1325 nobis
1181 1270 1534 1324 conducibilia.
1549 1269 1691 1325 ——Et
1707 1270 1952 1341 quisnam
1979 1280 2080 1337 est,

487 1364 810 1436 lnquies,qui
826 1363 956 1419 dum
974 1363 1287 1430 exauditur,
1303 1378 1407 1424 non
1420 1362 1781 1434 diligittMulti
1798 1364 2084 1419 saeculares

487 1455 752 1512 homines.
783 1455 980 1511 Nolunt
1013 1456 1156 1511 enim
1181 1455 1367 1511 audire
1392 1471 1457 1511 ea
1487 1472 1607 1527 quae
1632 1454 1742 1511 illis
1764 1449 2076 1516 conferunt,

488 1549 587 1604 sed
623 1557 813 1619 rogant
833 1549 1048 1620 quidem
1077 1559 1137 1602 ut
1165 1563 1227 1611 ea
1254 1549 1523 1616 eveniant,
1550 1563 1671 1619 qua:
1694 1563 1802 1604 non
1832 1558 1957 1603 sunt
1983 1549 2083 1603 sibi

486 1641 841 1697 conducibilia
863 1659 877 1696 :
894 1640 1089 1697 deinde
1103 1640 1189 1696 ubi
1206 1641 1507 1706 evenerint,
1524 1649 1791 1711 anguntur
1805 1651 1859 1696 et
1874 1642 2083 1696 tristitia

489 1733 811 1787 afﬁciuntur.
833 1732 905 1787 Ea
934 1735 1076 1788 enim
1104 1716 1227 1788 sunt
1253 1733 1629 1801 conducibilia,
1663 1750 1784 1805 quae
1816 1735 1959 1791 Deus
1985 1737 2087 1791 scit

488 1824 642 1878 nobis
658 1824 980 1891 conducere,
998 1824 1110 1880 sive
1122 1825 1320 1880 dixeris
1340 1814 1723 1895 paupertatem,
1739 1828 1851 1883 sive
1870 1827 2080 1896 famem,

489 1916 603 1972 sive
628 1895 901 1981 morbum,
922 1917 1036 1972 sive
1062 1918 1434 1989 quodcumque
1455 1919 1598 1974 aliud
1642 1919 1925 1990 ejusmodi.
1955 1922 2086 1990 Qum

489 2017 667 2062 autem
704 2007 844 2063 Deus
870 2016 927 2063 ut
951 2008 1305 2063 conducibilia
1336 2009 1642 2078 probaverit
1685 2022 1738 2066 et
1764 2011 1993 2078 dederit,
2022 2028 2085 2068 ea

490 2113 616 2156 sunt
664 2101 832 2156 utilia.
878 2101 1013 2157 Audi
1062 2103 1202 2157 enim
1254 2103 1381 2172 quid
1407 2103 1547 2159 dicat
1576 2103 1741 2161 Paulo
1773 2106 1832 2162 ‘z
1890 2104 2087 2177 Suﬁicit

491 2192 580 2247 tibi
604 2194 770 2263 gratia
794 2209 905 2247 mea
926 2210 946 2247 :
971 2194 1129 2249 virtus
1149 2195 1281 2263 enim
1300 2212 1413 2250 utea
1440 2197 1493 2249 in
1518 2196 1811 2265 inﬁrmitate
1826 2198 2088 2267 perﬁcitur

489 2283 1001 2355 (2.Cor.12.9).ﬂ:ec
1013 2286 1153 2340 enim
1171 2286 1218 2341 ei
1236 2286 1606 2356 conferebant,
1622 2291 2082 2360 perscquutiones,

488 2373 803 2431 aiﬂictiones
829 2418 843 2442 ,
874 2385 926 2431 et
954 2377 1231 2447 angustiae.
1278 2378 1379 2445 Qui
1420 2380 1582 2435 etiam
1624 2395 1745 2434 cum
1794 2381 2088 2438 audivisset

493 2483 556 2523 ea
580 2466 853 2531 conferre,
876 2469 1088 2524 dicebat
1112 2485 1125 2522 :
1162 2470 1482 2541 Quapropter
1503 2472 1677 2539 placeo
1702 2471 1826 2525 mihi
1851 2473 1904 2525 in
1934 2473 2085 2541 inﬁr-

490 2540 767 2625 mitatibus,
798 2559 851 2612 in
880 2560 1196 2614 contumeliis
1218 2602 1233 2627 ,
1263 2562 1317 2614 in
1342 2540 1807 2631 persequutionibus
1832 2540 2001 2633 (Ibid.
2033 2581 2083 2619 υ.

491 2648 605 2720 10).
633 2648 750 2705 Νοη
776 2658 859 2705 est
881 2666 1010 2722 ergo
1038 2652 1399 2721 quorumlibet
1426 2654 1679 2723 gaudere,
1702 2654 1919 2724 quando
1947 2654 2086 2712 Deus

491 2754 587 2796 eos
611 2740 930 2809 exaudierit,
958 2742 1200 2811 praebens
1226 2758 1347 2813 quae
1372 2753 1497 2797 sunt
1521 2744 1903 2801 conducibilia.
1935 2748 2086 2802 Multi

489 2830 704 2902 quidem
734 2843 881 2887 certe
907 2832 1095 2888 volunt
1118 2847 1181 2888 ea
1201 2848 1321 2904 quae
1344 2842 1471 2889 sunt
1493 2834 1721 2901 inutilia,
1751 2847 1807 2891 et
1832 2838 1909 2891 eis
1936 2837 2085 2894 delc-

489 2932 739 2980 ctantur:
772 2924 1033 2996 propheta
1062 2934 1241 2981 autem
1274 2942 1379 2981 non
1408 2928 1507 2991 sic,
1556 2928 1651 2983 sed
1678 2930 1843 3000 quid?
1870 2931 2083 2998 Dilexit,

493 3016 747 3086 quoniam
794 3015 1067 3071 exaudivit
1091 3032 1214 3072 eum
1246 3017 1412 3085 Deus,
1439 3018 1576 3074 dans
1595 3035 1715 3090 qua:
1752 3030 1877 3076 sunt
1914 3022 2084 3077 utilia.

490 3106 547 3160 2.
582 3105 716 3173 Quia
761 3107 1021 3161 inclinavit
1048 3124 1221 3162 aurem
1249 3124 1396 3162 suam
1424 3110 1569 3163 mihi.
1610 3109 1869 3167 Humanis
1901 3128 2087 3168 rursus

491 3196 672 3253 verbis
694 3196 785 3251 De'i
830 3205 1016 3252 nutum
1045 3198 1298 3253 ostendit.
1324 3197 1394 3253 Et
1430 3199 1575 3255 aliud
1610 3217 1821 3272 quoque
1848 3217 1945 3273 per
1986 3202 2089 3260 hoc

492 3286 651 3342 etiam
676 3288 901 3344 verbum
945 3288 1174 3345 obscure
1207 3289 1499 3360 signiﬁcat,
1553 3290 1737 3348 dicens
1767 3312 1781 3348 :
1809 3294 1926 3350 Non
1968 3310 2088 3351 sum

491 3378 687 3448 dignus
710 3378 802 3448 qni
841 3378 1121 3446 exaudiar,
1154 3380 1268 3449 ipse
1317 3389 1495 3437 tamen
1540 3380 1821 3439 descendit
1866 3385 1933 3441 ad
1978 3402 2085 3442 me.

495 3467 567 3522 Et
595 3470 647 3523 in
676 3468 851 3522 diebus
873 3470 997 3524 meis
1020 3471 1279 3525 invocabo.
1314 3472 1449 3540 Quid
1493 3483 1595 3541 est,
1622 3473 1689 3528 In
1736 3476 1911 3532 diebus
1932 3479 2092 3533 meis?

495 3560 613 3615 Non
651 3561 923 3633 quoniam,
970 3562 1160 3631 inquit,
1204 3564 1489 3640 exauditus
1538 3582 1679 3635 sum,
1725 3568 1999 3636 resiliam,
2038 3580 2093 3626 et

499 3653 721 3710 evadam
762 3654 1117 3725 negligentior
1143 3674 1157 3711 :
1184 3657 1281 3714 sed
1313 3658 1563 3715 omnibus
1588 3659 1778 3717 diebus
1801 3663 1929 3717 vitae
1957 3678 2091 3719 mea:

495 3746 599 3801 hoc
625 3760 819 3801 munus
847 3747 1027 3803 obibo.

568 3836 831 3892 [avocatio
852 3836 949 3893 Dei
976 3855 1009 3892 a
1044 3839 1192 3894 malis
1222 3840 1418 3895 liberat.
1448 3871 1521 3901 -.—
1557 3844 1611 3899 5.
1644 3843 2092 3902 Circumdederunt

496 3928 791 3983 medolores
806 3930 1001 3994 mortis,
1025 3932 1252 4000 pericula
1272 3932 1456 4003 inferni
1477 3934 1768 3989 invenerunt
1785 3953 1884 3991 me.
1910 3936 2093 3992 Tribu-

498 4021 737 4075 tationem
764 4029 812 4075 et
835 4022 1060 4076 dolorem
1086 4024 1253 4078 inveni
1275 4040 1294 4077 :
1319 4026 1373 4079 4.
1398 4034 1444 4080 et
1490 4043 1670 4081 nomen
1697 4026 1907 4083 Domini
1949 4030 2092 4085 invo-

498 4110 625 4166 cavi.
656 4110 845 4167 Vidisti
871 4128 1019 4167 arma
1060 4114 1268 4169 valida?
1297 4116 1473 4171 vidisti
1521 4119 1943 4175 consolationem
1972 4136 2092 4191 quae

498 4204 657 4259 solvit
696 4218 1044 4276 quaecumque
1088 4212 1219 4261 sunt
1244 4210 1473 4278 gravia?
1503 4210 1682 4266 vidisti
1733 4214 1972 4267 animum
2004 4214 2091 4269 in-

501 4294 829 4350 ﬂammatum
851 4295 1124 4352 desiderio
1152 4299 1404 4354 Domini?
1431 4300 1584 4368 Quod
1614 4313 1791 4360 autem
1834 4306 1981 4371 dicit,
2010 4316 2095 4361 est

501 4387 764 4459 ejusmodi
798 4407 811 4442 :
844 4388 1050 4444 Sufﬁcit
1091 4390 1219 4445 mihi
1272 4392 1340 4447 ad
1382 4393 1482 4448 hoc
1513 4403 1569 4448 ut
1607 4395 1802 4451 liberer
1841 4413 1870 4450 a
1899 4398 2088 4464 malis,

503 4492 625 4549 quae
675 4494 762 4536 me
784 4481 1149 4547 circumstant,
1208 4482 1371 4538 Deum
1410 4485 1682 4541 invocare.
1715 4486 1983 4553 Quidnam
2014 4496 2098 4547 est

504 4584 635 4641 ergo
661 4570 717 4624 in
758 4585 939 4636 causa,
989 4572 1130 4642 quod
1180 4588 1301 4628 cum
1352 4574 1523 4632 Deum
1574 4593 1718 4647 sarpe
1764 4579 2093 4646 invocemus,

505 4658 728 4716 minime
748 4668 926 4718 tamen
955 4677 985 4717 a
1007 4664 1163 4719 malis
1185 4664 1474 4721 liberemur
1492 4668 1516 4719 7
1534 4666 1796 4736 Quoniam
1823 4685 1929 4725 non
1949 4672 2099 4728 invo-

506 4768 697 4809 camus
722 4762 780 4810 ut
804 4765 1014 4825 oportet
1059 4756 1325 4813 invocare.
1355 4758 1488 4813 Nam
1519 4770 1577 4815 ut
1616 4762 1755 4835 scias
1785 4777 1908 4818 eum
1940 4780 2100 4834 para-

508 4857 622 4903 tum
653 4862 775 4904 esse
802 4862 1017 4919 semper
1046 4849 1308 4916 praebere,
1340 4852 1464 4906 audi
1490 4853 1617 4923 quid
1663 4854 1807 4909 dicat
1835 4856 1888 4910 in
1920 4856 2100 4911 Evan-

507 4937 697 5007 geliis:
725 4938 853 5006 Quis
872 4947 1027 4994 estea:
1047 4940 1203 5005 vobis,
1245 4957 1277 4993 a
1297 4958 1396 5011 quo
1411 4944 1454 4997 si
1481 4945 1674 5014 petierit
1703 4947 1842 5014 ﬁlius
1877 4949 1986 5019 ejus
2008 4967 2102 5020 pa-

510 5046 647 5095 nem,
678 5047 799 5084 num
829 5030 1053 5099 lapidem
1079 5032 1217 5086 dabit
1243 5034 1327 5088 ei?
1344 5023 1429 5090 ‘vel
1453 5036 1497 5091 si
1519 5038 1715 5106 petierit
1741 5046 1947 5111 piscem,
1980 5060 2102 5099 nam

508 5130 789 5191 serpentem
815 5124 953 5177 dabit
980 5124 1027 5178 ei
1042 5125 1067 5177 2
1094 5124 1157 5181 Si
1177 5136 1346 5181 autem
1370 5143 1477 5194 vos,
1504 5145 1618 5183 cum
1643 5133 1755 5188 sitis
1778 5136 1922 5202 mali,
1958 5138 2101 5192 scitis

515 5212 647 5267 bona
675 5213 811 5278 dona
834 5216 957 5269 dare
978 5217 1099 5287 ﬁliis
1119 5220 1296 5274 vestris
1319 5236 1337 5274 :
1364 5222 1523 5275 multo
1550 5225 1710 5296 magis
1742 5224 1902 5282 Pater
1946 5238 2105 5284 vester

516 5304 601 5376 qui
650 5312 725 5360 est
772 5305 825 5359 in
865 5306 1023 5373 catis,
1054 5308 1193 5363 dabit
1231 5310 1361 5365 bona
1388 5315 1664 5382 petentibus
1715 5332 1769 5371 se
1796 5317 2015 5386 (Matth.
2047 5320 2100 5374 7.

512 5392 547 5447 9
577 5422 597 5434 -
626 5395 742 5464 ll).
771 5395 935 5452 Vides
980 5407 1180 5469 quanta
1222 5402 1293 5456 sit
1345 5403 1462 5474 ejus
1487 5405 1717 5474 bonitas,
1747 5422 1869 5464 eum
1918 5420 2104 5467 nostra

518 5499 641 5539 cum
670 5486 759 5541 illa
779 5487 974 5543 collata
996 5489 1240 5547 videatur
1281 5494 1637 5565 improbitas?
1684 5499 1945 5565 Quoniam
1977 5518 2107 5573 ergo

522 5576 645 5631 talis
671 5587 753 5634 est
795 5589 979 5637 uoster
1029 5582 1309 5654 Dominus,
1337 5586 1403 5640 ad
1434 5603 1555 5643 eum
1596 5604 1811 5663 semper
1832 5593 2110 5667 confugia-

585 5748 875 5828 ‘Msicipeg.
900 5758 955 5828 et
982 5754 1123 5828 savii.
1175 5755 1281 5813 Alit,
1304 5754 1514 5828 fortius.
1556 5769 1764 5828 Utraque
1805 5765 1949 5819 lectio
1990 5766 2108 5821 ferri

514 5820 664 5879 pene
686 5812 909 5879 videtin;
932 5818 1021 5866 sed
1046 5819 1176 5882 prior
1199 5812 1501 5883 prieferen‘da
1525 5834 1619 5874 est.

1206 359 1264 414 S.
1306 358 1586 415 JOANNIS
1625 358 2099 415 ClliiYSOSTOMI
2132 361 2445 419 AliClllEl’.
2490 365 3037 430 CUNSTANTLVUP.

3686 388 3796 448 516

2197 510 2337 565 mus,
2371 516 2492 556 eum
2518 502 2818 573 adjutorem
2849 509 3022 566 solum
3064 513 3397 586 invocemus,
3427 528 3482 575 et
3527 536 3652 578 eum
3695 542 3799 594 pa-

2194 600 2369 645 ratum
2414 593 2748 653 inveniemus
2794 600 2863 655 ad
2913 619 3013 659 nos
3059 608 3372 666 servandos.
3414 610 3467 667 Si
3510 615 3657 669 enim
3699 593 3805 688 qui

2194 683 2526 755 naufragium
2565 688 2828 757 fecerunt,
2861 704 2915 749 et
2936 696 2988 749 in
3021 698 3200 753 tabula
3228 702 3535 772 vehuntur,
3564 723 3662 763 eos
3702 683 3797 779 qui

2194 775 2379 841 procul
2426 787 2551 832 sunt
2592 782 2771 836 statim
2802 796 3080 854 vocantes,
3114 794 3443 859 persuadent
3493 806 3554 852 ut
3602 775 3804 853 hunia-

2192 866 2359 923 nitate
2382 880 2633 927 utantur:
2668 875 2769 929 etsi
2802 876 2932 932 nihil
2980 880 3120 935 inter
3144 898 3241 937 eos
3282 900 3574 945 commune
3618 891 3800 947 inter-

2191 962 2366 1028 cedat,
2395 964 2489 1018 sed
2525 967 2638 1021 sola
2664 969 2968 1028 calamitate
3011 978 3120 1029 noti
3152 977 3167 1008 ¹
3196 978 3305 1033 sint
3328 1023 3344 1047 ,
3390 992 3593 1052 quanto
3624 990 3804 1057 magis

2192 1054 2281 1121 qui
2323 1066 2405 1109 est
2454 1057 2715 1127 benignus
2746 1072 2799 1115 et
2841 1064 3117 1130 clemens,
3171 1077 3228 1124 et
3268 1076 3497 1128 naturali
3548 1054 3803 1134 bonitate

2195 1147 2379 1211 utitur,
2414 1164 2508 1204 eos
2538 1152 2727 1220 eripiet
2751 1155 2838 1223 qui
2880 1159 3130 1227 gravibus
3160 1164 3541 1232 Opprimunttrr
3568 1170 3803 1224 calami-

2195 1237 2410 1305 tatibus,
2440 1240 2483 1294 si
2512 1242 2673 1297 modo
2699 1244 2767 1298 ad
2796 1261 2918 1300 cum
2946 1249 3239 1322 coniugem
3262 1256 3551 1321 voluerint,
3574 1270 3631 1315 et
3670 1270 3801 1319 cum

2192 1343 2321 1384 vere
2340 1345 2403 1386 ac
2424 1333 2632 1390 sincere
2656 1337 2934 1407 invocare,
2952 1339 3183 1398 humana
3206 1360 3303 1415 spe
3328 1350 3510 1405 relicta
3529 1351 3806 1421 ?Quando

2193 1433 2321 1490 ergo
2344 1422 2395 1475 in
2431 1423 2762 1493 in0p‘inatum
2785 1429 3000 1499 aliquod
3031 1435 3228 1489 malum
3260 1438 3533 1504 incideris,
3568 1460 3636 1499 ne
3666 1448 3791 1499 ani-

2192 1525 2338 1565 mum
2371 1515 2621 1582 abjicias,
2657 1518 2751 1572 sed
2784 1528 2932 1576 tuum
2965 1525 3144 1579 statim
3194 1528 3438 1596 spiritum
3471 1535 3654 1603 erigas
3676 1577 3691 1601 ,
3744 1548 3805 1593 et

2194 1605 2467 1677 confugias
2495 1609 2561 1662 ad
2597 1614 2945 1681 tranquillum
2981 1627 3212 1685 portum,
3241 1621 3331 1689 qui
3362 1624 3525 1679 nullis
3561 1629 3806 1695 agitatur

2192 1696 2478 1766 ﬂuctibus,
2527 1712 2580 1756 et
2629 1703 2693 1757 ad
2752 1709 2938 1760 turrim
2989 1724 3283 1781 numquam
3330 1721 3794 1788 expugnabilem,

2165 1808 2168 1812 '
2194 1803 2387 1859 nempe
2415 1792 2505 1846 Dei
2527 1794 2802 1850 auxilium.
2848 1798 2973 1853 Ideo
2995 1802 3139 1855 enim
3181 1807 3425 1872 permisit
3461 1818 3520 1863 ut
3544 1796 3802 1878 caderes,

2193 1888 2253 1933 ut
2281 1890 2331 1934 tn
2360 1897 2480 1936 eum
2505 1883 2942 1945 invocaresfSed
2974 1893 3238 1971 plerique
3271 1907 3397 1953 tunc
3436 1886 3808 1961 maxitnc‘de-

2188 1972 2479 2043 jiciuntur,
2532 1988 2587 2034 et
2626 1995 2742 2036 eam
2774 1998 2875 2052 qua
2916 1986 3123 2054 praediti
3157 2000 3312 2045 erant
3356 1993 3608 2061 pietatem
3662 1999 3808 2068 abji-

2191 2064 2339 2147 ciuut
2361 2069 2403 2135 ³,
2442 2085 2561 2124 cum
2587 2083 2773 2128 contra
2794 2076 2865 2130 sit
2892 2076 3216 2135 faciendum.
3244 2082 3510 2149 Quoniam
3530 2089 3673 2143 enim
3700 2064 3808 2147 nos

2190 2160 2345 2214 valde
2399 2172 2563 2228 amat,
2598 2165 2719 2221 ideo
2749 2171 3013 2238 permittit
3038 2180 3101 2226 ut
3129 2173 3452 2245 afﬂigamur,
3499 2190 3559 2234 ut
3593 2182 3641 2237 ei
3676 2162 3805 2252 pcr-

2192 2248 2384 2307 fectius
2416 2254 2820 2328 conjungamur.
2855 2260 2987 2317 Nam
3018 2274 3221 2321 matres
3258 2284 3473 2340 quoque
3503 2273 3685 2330 solent
3711 2276 3809 2331 in-

2192 2347 2429 2405 solentes
2468 2366 2667 2419 pueros
2718 2354 2946 2413 diversis
2978 2359 3141 2417 larvis
3169 2372 3555 2431 perterrentes,
3600 2352 3809 2439 cogere

2193 2452 2309 2505 eos,
2330 2449 2385 2494 ut
2414 2442 2480 2495 ad
2509 2458 2663 2497 suum
2691 2450 2952 2515 gremium
2980 2451 3311 2522 confugiant,
3336 2471 3443 2511 non
3462 2472 3557 2512 eos
3575 2459 3807 2530 quidem

2190 2530 2438 2586 volentes
2462 2535 2708 2591 molestia
2738 2538 2975 2606 aftieere,
3028 2544 3122 2597 sed
3155 2544 3256 2599 hoc
3309 2550 3706 2619 excogitantes,
3742 2562 3808 2608 ut

2193 2622 2292 2691 ipsi
2322 2625 2402 2679 eis
2426 2626 2701 2683 assideant
2727 2648 2741 2683 :
2774 2631 2844 2685 ita
2875 2633 3036 2688 etiam
3066 2635 3206 2691 Deus
3238 2639 3421 2695 volens
3445 2656 3663 2713 semper
3692 2660 3801 2701 nos

2192 2715 2293 2769 sibi
2320 2717 2669 2791 conjungere,
2702 2723 2849 2779 velut
2887 2737 3095 2783 amator
3131 2730 3448 2799 vehemens,
3502 2736 3587 2791 vel
3616 2739 3807 2808 potius

2193 2817 2437 2864 amatore
2465 2814 2656 2881 quovis
2684 2815 3079 2886 vehementior,
3112 2824 3375 2891 permittit
3406 2834 3462 2881 ut
3509 2827 3581 2882 ad
3634 2829 3806 2899 talem

2191 2899 2455 2970 redigaris
2480 2906 2859 2962 necessitatem
2878 2950 2891 2973 ,
2948 2920 3007 2964 ut
3059 2923 3320 2983 perpetuo
3351 2932 3508 2971 vaces
3537 2900 3801 2986 orationi.

2193 3001 2248 3047 et
2277 3008 2398 3048 eum
2428 2996 2647 3053 assidue
2680 2999 2919 3070 invoces,
2945 3014 2999 3058 et
3025 3004 3147 3061 aliis
3169 3007 3371 3063 relictis
3396 3011 3471 3065 sis
3499 3011 3569 3066 de
3598 3015 3802 3070 eosol-

2192 3084 2390 3142 licitus.
2421 3088 2467 3143 Ο
2497 3087 2734 3159 Domine,
2768 3092 2925 3163 libera
2953 3097 3179 3152 animam
3204 3116 3388 3156 meam.
3436 3104 3589 3160 Alius
3631 3106 3803 3162 inter-

2191 3192 2337 3248 pres,
2390 3179 2574 3252 Rogo,
2605 3182 2865 3255 Domine,
2917 3190 3054 3261 eripe
3098 3192 3326 3247 animum
3372 3210 3557 3249 meam.
3605 3197 3804 3266 Alius,

2197 3267 2243 3324 0
2272 3269 2511 3341 Domine,
2540 3275 2682 3329 salva
2701 3278 2927 3333 animum
2963 3298 3148 3336 meam.

2267 3364 2453 3418 Anima
2473 3383 2590 3420 cum
2613 3370 2792 3436 primis
2813 3384 3038 3427 servetur
3061 3376 3325 3430 itltrsa.-—-
3353 3377 3543 3435 Vidisti
3575 3386 3803 3452 sapien-

2199 3463 2306 3512 tem
2336 3459 2570 3517 animam
2590 3501 2605 3526 ,
2626 3462 2899 3531 quomodo
2925 3466 3126 3522 relictis
3147 3470 3395 3534 omnibus
3416 3487 3538 3543 qua:
3564 3475 3629 3530 ad
3660 3477 3803 3533 hane

2196 3548 2361 3603 vitam
2392 3552 2680 3620 pertinent,
2713 3570 2876 3608 unum
2912 3565 3115 3613 tantum
3149 3561 3301 3630 petit,
3354 3573 3415 3618 ut
3462 3553 3806 3625 aniina'ma-

2196 3651 2321 3695 neat
2347 3642 2509 3697 illmsa
2532 3684 2547 3711 ,
2580 3644 2635 3698 ét
2664 3644 2794 3699 nihil
2824 3648 3058 3718 patiatur
3096 3666 3284 3706 eorum
3316 3670 3437 3724 qua:
3481 3657 3555 3712 illi
3602 3675 3805 3719 nocere

2198 3734 2456 3802 possunt?
2477 3736 2532 3791 Si
2561 3737 2702 3792 enim
2732 3738 2870 3795 bene
2895 3740 3111 3809 habeat,
3135 3746 3338 3815 reliqua
3355 3750 3533 3803 omnia
3562 3765 3803 3822 sequen-

2200 3833 2305 3891 tur,
2339 3835 2397 3879 ut
2435 3827 2479 3881 si
2526 3843 2631 3883 non
2686 3832 2825 3886 bene
2872 3830 3103 3900 habeat,
3138 3835 3267 3889 nihil
3298 3852 3395 3893 nos
3412 3838 3563 3908 juvat
3591 3843 3805 3915 reliqua

2196 3918 2527 3987 prosperitas
2561 3938 2573 3974 :
2607 3930 2664 3975 et
2692 3922 2813 3977 ideo
2850 3924 2979 3978 nihil
3012 3941 3120 3980 non
3150 3927 3331 3985 dicere
3355 3939 3409 3985 et
3440 3932 3613 3990 facere
3639 3950 3807 4004 onor-

2199 4017 2294 4076 tet,
2319 4018 2508 4065 uteam
2527 4027 2931 4070 conservemus.
2963 4017 3078 4073 Hoc
3096 4022 3239 4074 enim
3272 4022 3442 4078 innuit
3461 4040 3582 4080 cum
3609 4028 3743 4082 dicit
3761 4032 3805 4085 ':

2199 4100 2375 4156 Estote
2404 4104 2692 4173 prudentes,
2748 4110 2878 4163 sicut
2927 4123 3185 4182 serpentes
3238 4113 3259 4187 (
3300 4114 3614 4175 Matt/1.10.
3662 4122 3728 4176 16
3756 4125 3804 4197 ).

2199 4190 2662 4256 Quemadmodum
2708 4200 2852 4253 enim
2896 4200 2984 4255 ille
3027 4203 3292 4273 reliquum
3320 4220 3519 4277 corpus
3548 4190 3768 4279 projicit
3791 4255 3806 4278 ,

2201 4294 2260 4339 ut
2290 4296 2448 4356 caput
2473 4299 2758 4347 conservet
2789 4309 2803 4345 :
2835 4293 2904 4347 ita
2935 4304 3147 4364 oportet
3177 4305 3229 4352 te
3256 4313 3467 4370 quoque
3486 4302 3593 4356 alia
3620 4306 3807 4362 omnia

2201 4376 2330 4434 dare
2354 4395 2450 4450 pro
2494 4382 2663 4438 salute
2692 4385 2905 4441 animas.
2946 4386 3133 4459 Neque
3162 4390 3303 4446 enim
3350 4404 3672 4465 paupertas,
3704 4415 3808 4455 nec

2204 4473 2443 4542 morbus,
2476 4491 2576 4531 nec
2606 4477 2747 4547 quod
2778 4478 2986 4534 videtur
3011 4497 3133 4538 esse
3160 4493 3321 4554 caput
3358 4489 3595 4542 omnium
3630 4493 3807 4546 malo-

2202 4580 2320 4621 rum
2347 4607 2363 4632 ,
2407 4582 2564 4643 ‘mors
2595 4570 2787 4639 poterit
2827 4586 2949 4627 eum
3004 4573 3094 4643 qui
3137 4575 3389 4631 ceciderit
3433 4577 3729 4648 cti‘eudere,
3757 4585 3809 4640 si

2203 4655 2293 4711 illa
2319 4669 2708 4715 conservetur:
2738 4663 3186 4732 quemadmodum
3230 4681 3330 4722 nec
3372 4684 3437 4723 ex
3476 4670 3580 4723 vita
3601 4673 3807 4744 aliquid

2204 4752 2473 4806 commodi
2503 4755 2789 4824 percipies,
2822 4758 2867 4811 si
2894 4773 2955 4812 ea
2980 4759 3218 4828 perierit,
3253 4774 3579 4834 corruptave
3614 4765 3803 4824 fuerit.

2206 4840 2329 4897 Ideo
2353 4845 2563 4898 caeteris
2602 4846 2800 4900 relictis
2824 4888 2839 4913 ,
2863 4847 2928 4902 de
2956 4863 3019 4903 ea
3044 4851 3204 4905 verba
3244 4851 3402 4920 facit,
3444 4866 3707 4927 rogatque
3736 4871 3807 4916 'nt

2206 4951 2313 4990 non
2342 4937 2503 4992 nimis
2521 4938 2666 4993 acria
2678 4939 2747 4992 ab
2771 4956 2834 4993 na
2859 4942 3103 5013 exigatur
3127 4945 3285 5013 ratio,
3317 4957 3371 5000 et
3396 4946 3466 5002 ab
3490 4948 3807 5008 intolerabi-

2207 5026 2347 5082 libus
2381 5028 2641 5084 liberetur
2680 5030 2975 5100 suppliciis.
3027 5034 3083 5089 5.
3135 5033 3430 5092 Misericors
3471 5037 3723 5097 Dominus
3759 5052 3809 5097 et

2200 5119 2393 5190 justas,
2425 5130 2471 5173 et
2503 5116 2642 5175 Deus
2667 5132 2834 5176 noster
2859 5124 3139 5178 miseretur.
3172 5124 3333 5181 Vides
3357 5130 3630 5205 quomodo
3650 5131 3806 5186 docet

2211 5214 2509 5269 auditorem
2537 5256 2552 5280 ,
2606 5224 2663 5269 ut
2702 5232 2872 5286 neque
2920 5218 3206 5289 desperet,
3237 5235 3412 5290 neque
3453 5222 3524 5275 sit
3568 5222 3800 5292 iguaviot

2212 5317 2265 5361 et
2292 5308 2683 5378 negligentior?
2714 5310 2824 5365 Hoc
2850 5311 2994 5365 enim
3027 5327 3194 5382 prope
3222 5312 3371 5378 dicit,
3404 5312 3482 5369 Ne
3509 5315 3803 5384 desperes;

2212 5409 2295 5455 est
2340 5403 2484 5455 enim
2551 5402 2688 5456 Deus
2746 5404 3050 5458 misericors
3096 5421 3108 5454 :
3158 5420 3261 5461 nec
3317 5407 3393 5461 sis
3447 5409 3663 5478 segnis;
3726 5419 3806 5463 est

2213 5493 2355 5548 enim
2378 5495 2577 5563 justus.
2610 5493 2791 5564 itaque
2822 5496 2973 5551 istius
3000 5497 3265 5552 exscindit
3293 5500 3595 5554 socordiam
3626 5518 3639 5554 :
3667 5500 3813 5556 illius

2282 5588 2299 5662 ξ
2332 5587 2406 5662 sic
2425 5593 2542 5662 aes.
2560 5594 2652 5662 με
2673 5588 2810 5662 editi,
2834 5588 2934 5662 sola
2950 5589 3224 5662 calamitate
3238 5590 3527 5662 miserandi.

2280 5650 2312 5719 ’_
2333 5647 2475 5719 savil.
2500 5647 2660 5719 rejicit
2682 5651 2742 5701 ad
2763 5654 3037 5715 marginem
3062 5658 3338 5705 membrum
3361 5653 3474 5715 hoc,
3498 5661 3545 5707 et

2214 5709 2453 5775 pietatem
2463 5709 2711 5773 objiciunt.

2246 5773 2303 5884 εἰ
2316 5772 2474 5883 rSavil.
2503 5772 2553 5822 in
2570 5776 2826 5837 margine:
2858 5784 2955 5827 Hoc
2978 5778 3107 5829 enim
3129 5784 3200 5832 est
3223 5781 3351 5843 quod
3372 5779 3428 5832 in
3448 5780 3703 5844 Scriptura
3738 5780 3817 5834 di-

2284 5847 2313 5882 u
2346 5869 2359 5883 .

2217 5847 2359 5885 αττ-ων.
