4086 6446
502 376 604 435 517

1204 376 1262 433 S.
1300 375 1585 433 JOANNIS
1621 374 2110 435 CIIRYSOSTOMI
2159 375 2479 435 ARCHIEP.
2518 374 3063 435 CONSTANTINOP.

3662 384 3782 445 3l8

494 493 730 567 ἀναιρεῖ,
752 492 1093 564 ἑκατέρωθεν
1111 492 1210 565 τὴν
1230 494 1503 565 σωτηρίαν
1523 496 1681 567 ήμῶν
1700 498 2078 568 πραγματευό-
2180 500 2429 555 ἐντεῦθεν
2466 500 2775 570 ἀποδημίαν
2813 498 3081 569 λύτρωσιν
3122 492 3319 563 λέγειν,
3344 494 3437 547 καὶ
3453 494 3775 549 ἀνάπαυσιν

500 604 680 658 9.1m.

567 736 631 807 β’.
646 731 780 792 Εἶτα
798 737 1011 800 δεικνὺς
1028 736 1087 790 τὸ
1098 747 1237 807 προς
1248 738 1347 807 τὴν
1361 738 1773 811 φιλανθρωπίαν
1787 742 2075 815 ἐπιρρεπέ-

492 846 584 883 ατε
595 847 704 901 ρον,
727 830 922 897 ἐπάγει
942 827 1105 882 πάλιν
1122 828 1296 897 λέγων
1316 845 1329 859 ο
1351 830 1462 883 Καὶ
1485 833 1519 884 ό
1542 830 1686 898 Θεὸς
1706 831 1874 901 ήμῶν
1891 832 2067 889 ἐλεεῖ.

490 919 602 972 Kal
622 917 803 981 καλῶς
821 912 976 972 εἶπεν
998 934 1011 947 ⁸
1046 917 1099 969 '0
1121 916 1265 984 Θεὸς
1284 916 1473 987 ἡμῶν,
1498 920 1635 992 πρὸς
1666 920 2073 998 ἀντιδιαστολὴν

486 1006 597 1059 τῶν
636 1005 794 1072 θεῶν,
816 998 891 1059 ὧν
929 1005 1118 1075 πρώην
1152 1005 1417 1076 ἐμνήσθη.
1446 1006 1704 1072 Ἐκείνοις
1738 1010 1838 1080 μέν
1869 1009 1977 1081 7&9
2008 1011 2073 1064 τὸ

488 1098 717 1166 σφάζειν
739 1098 831 1152 καὶ
849 1098 1110 1167 ἀναιρεῖν,
1136 1097 1229 1150 καὶ
1260 1097 1549 1168 ἀκήρυκτα
1584 1100 1840 1172 πολεμεῖν
1872 1100 2030 1172 ἔργον
2050 1118 2066 1134 ο

483 1187 658 1258 τούτῳ
676 1188 735 1242 δέ
754 1187 815 1241 τὸ
834 1186 1393 1257 φιλανθρωπεύεσθαι,
1415 1192 1511 1243 καὶ
1532 1191 1950 1260 συγγινώσκειν,
1970 1193 2068 1247 καὶ⁵

485 1279 745 1333 κινδύνων
779 1277 1109 1351 ἐξαρπάζειν
1147 1278 1429 1351 διηνεκῶςο
1468 1282 1504 1335 ἀ
1538 1281 1607 1352 δὴ
1649 1282 1883 1354 μάλιστα
1925 1284 2065 1353 μετά

482 1368 591 1423 τῶν
626 1369 802 1423 ἄλλων
838 1369 1078 1423 δείκνυσι
1110 1371 1237 1434 τοὺς
1259 1372 1359 1442 μιν
1376 1372 1636 1442 δαίμονας
1655 1373 1815 1438 ὄντας
1836 1376 1930 1427 καὶ
1950 1375 2066 1429 ἀλι-

481 1462 735 1532 τηρίους,
777 1462 869 1515 τὸν
904 1461 962 1515 δέ
993 1461 1266 1532 κηδεμόνα
1306 1463 1401 1517 καὶ
1436 1464 1753 1535 προστάτην
1798 1467 1893 1519 καὶ
1930 1466 2062 1521 θεὸν

479 1553 731 1625 ἀληθινόν
744 1566 770 1594 ι
779 1594 793 1608 .

549 1710 893 1765 Φυλάσσων
928 1713 1003 1765 τὰ
1043 1710 1232 1778 νήπια
1271 1714 1304 1765 ό
1346 1714 1561 1781 Κύριος
1582 1728 1597 1743 ·
1632 1713 2058 1784 ἐταπεινώθην,

478 1798 577 1852 καὶ
611 1799 811 1853 ἔσωσέ
844 1817 939 1867 με.
958 1801 1222 1856 Ἐνταῦθα
1245 1801 1501 1871 μέγιστον
1519 1800 1657 1867 εἶδος
1680 1805 1935 1874 προνοίας
1956 1806 2057 1859 αὐ-

473 1887 570 1948 τοῦ
600 1889 860 1943 ἀνακινεῖ.
881 1890 1096 1961 Ἐπειδὴ
1118 1892 1229 1962 γὰρ
1247 1887 1400 1946 εἶπεν
1418 1909 1433 1922 ⁸
1486 1892 1791 1963 Ἕλσήμων
1832 1894 1929 1950 καί
1972 1894 2059 1947 δί-

474 1998 666 2047 καιος,
686 1982 785 2035 καί
807 1980 982 2039 ἐλεεῖ.
1002 1981 1267 2052 μεγίστης
1286 1982 1451 2035 αὐτοῦ
1472 1982 1879 2055 φιλανθρωπίας
1899 1984 2058 2056 ἔργον

471 2072 733 2126 δείκνυσι.
758 2073 917 2127 Ποῖον
955 2073 1019 2143 δὴ
1055 2072 1241 2141 τοῦτο;
1264 2074 1339 2127 Τὸ
1357 2073 1465 2127 τῶν
1484 2074 1711 2145 νηπίων.
1730 2076 1920 2145 Ἡμεῖς
1957 2077 2057 2147 μέν

472 2163 583 2235 7&9
621 2164 714 2219 καὶ
748 2164 906 2233 λόγον
945 2163 1141 2235 ἔχομεν
1165 2165 1233 2219 τά
1257 2165 1355 2236 μέν
1374 2166 1756 2235 φυλάττεσθαι,
1777 2168 1845 2222 τὰ
1863 2167 1919 2222 δέ
1939 2168 2057 2221 ἐλέ-

474 2254 601 2308 σθαι
650 2254 973 2309 παιδεύοντα
997 2294 1012 2319 ,
1053 2257 1146 2310 καὶ
1184 2256 1253 2310 τὰ
1288 2258 1631 2329 ἐπερχόμενα
1669 2259 2056 2333 διακρούεσθαι

472 2346 641 2413 κακὰ,
662 2348 757 2401 καὶ
776 2348 843 2401 τά
862 2348 1103 2420 παρόντα
1121 2348 1391 2415 διαλῦσαι,
1414 2350 1509 2405 καὶ
1533 2353 1685 2422 ίσχὺν
1712 2353 2054 2423 κεκτήμεθα,

470 2436 571 2491 καὶ
591 2437 798 2508 -τέχνας
836 2438 1179 2509 ἐπιστάμεθα
1198 2457 1212 2469 '
1252 2439 1319 2494 τά
1354 2441 1423 2494 δὲ.
1444 2434 1634 2495 παιδία
1653 2442 1855 2497 τούτων
1876 2443 2058 2516 ἐρημα

471 2530 713 2597 πάντων,
734 2531 810 2595 ὡς
832 2531 1244 2604 ἀπροστάτευτα
1259 2548 1272 2562 ·
1296 2531 1432 2586 ἀλλά
1467 2532 1556 2586 διά
1589 2534 1807 2588 πάντων
1827 2532 1941 2604 εχει
1959 2534 2055 2588 τοῦ

470 2620 608 2676 Θεοῦ
627 2621 725 2693 τὴν
749 2622 1023 2693 πρόνοιαν,
1041 2618 1109 2695 ἧς
1130 2624 1179 2676 εί
1200 2622 1277 2695 μὴ
1300 2623 1540 2694 συνεχῶς
1557 2622 1859 2695 ἀπήλαυον,
1878 2626 2055 2679 πάντα

469 2711 537 2767 ἀν
556 2712 844 2767 ἀπολώλει.
867 2714 978 2768 Kal
1010 2715 1119 2785 7&9
1156 2715 1251 2767 καὶ
1285 2714 1407 2785 δφις
1428 2714 1494 2768 ἀν
1513 2716 1777 2785 ἠφάνισεν
1797 2720 1854 2770 ἐν
1877 2734 2054 2789 σπαρ-

469 2804 656 2872 γάνοις
695 2804 775 2859 ἔτι
813 2803 871 2858 ὃν
904 2804 966 2857 τὸ
1010 2805 1239 2873 παιδίον,
1262 2807 1358 2860 καὶ
1396 2807 1723 2872 κατοικίδιος
1759 2807 1930 2878 ὄρνις,
1960 2811 2055 2863 καὶ

469 2896 640 2950 πολλὰ
672 2897 779 2952 τῶν
810 2897 835 2950 ἐ
844 2897 1085 2968 ρπόντων
1112 2897 1277 2969 ἔτερα
1294 2898 1404 2952 τῶν
1422 2898 1562 2953 κατὰ
1580 2899 1679 2963 τὰς
1698 2900 1894 2963 οἰκίας.
1920 2901 2056 2954 Οὐδέ

458 2989 578 3065 ’γὰρ
599 2990 758 3061 ἀρκεῖ
776 2988 898 3043 οὗτε
915 2990 1135 3060 τροφὸς,
1155 2988 1278 3042 οὔτε
1302 2991 1505 3062 μήτηρ,
1526 2990 1649 3045 οὐτε
1668 2992 1853 3063 ἕτερος
1881 2993 2055 3057 οὐδεὶς

468 3082 887 3153 ἀπηρτισμένην
907 3081 1311 3135 ἐπιδείκνυσθαι
1352 3083 1483 3152 περὶ
1520 3082 1661 3136 αὐτά
1684 3084 1964 3155 πρόνοιαν,
1988 3084 2054 3139 ἂν

471 3172 547 3250 μὴ
566 3171 665 3243 τῆς
684 3170 889 3225 ἀνωθεν
907 3169 1154 3242 ἀπολαύῃ
1178 3169 1371 3243 ῥοπῆς.
1395 3170 1552 3236 Τινές
1570 3172 1628 3225 δέ
1648 3184 1778 3241 φασι
1801 3174 1894 3229 καὶ
1926 3176 2054 3248 περὶ

465 3259 575 3313 τῶν
596 3260 622 3311 ἐ
629 3257 852 3329 μδρύων
871 3259 966 3311 καὶ
989 3260 1154 3329 μήπω
1192 3259 1293 3328 τῆς
1329 3260 1568 3331 γαστρὸς
1588 3261 1909 3327 ἐξελθόντων
1928 3264 2050 3318 τοῦ.

382 3354 385 3357 ‘
466 3367 559 3404 τον
590 3348 842 3420 εἰρῆσθαι
878 3348 967 3403 τὸν
999 3348 1177 3418 λόγον.
1216 3350 1674 3420 Ἔταπεινώθην,
1720 3354 1817 3407 καί
1856 3355 2055 3411 ἐσωσέ

463 3459 562 3514 με.
605 3443 719 3496 Οὐκ
741 3436 893 3494 εἷπεν
918 3441 1065 3494 ὐὐκ
1102 3440 1285 3495 εἴασεν
1324 3444 1403 3506 είς
1441 3443 1717 3508 κινδύνους
1754 3448 2049 3516 ἐμπεσεῖν·

466 3533 623 3596 ἀλλά,
641 3532 796 3585 Μετὰ
813 3531 874 3584 τὸ
892 3534 1148 3602 ἐμπεσεῖν
1166 3532 1442 3593 διέσωσεν.
1461 3535 1677 3607 Ἐπειδὴ
1697 3536 1805 3608 7&9
1823 3533 1943 3592 εἶπε
1955 3539 2053 3611 τὴν

465 3624 696 3678 καθόλου
716 3622 884 3677 αὐτοῦ
906 3624 1183 3694 πρόνοιαν,
1202 3625 1299 3678 καὶ
1317 3626 1409 3681 ἐπὶ
1422 3625 1517 3680 τοῦ
1537 3628 1739 3682 οἰκείου
1758 3631 2050 3702 προσώπου

466 3717 699 3787 προάγει
732 3715 824 3769 τὸν
843 3714 1022 3783 λόγον,
1042 3716 1177 3788 ὅπερ
1198 3716 1319 3781 ἐθος
1337 3717 1486 3789 αὐτῷ
1506 3720 1616 3773 ἀπό
1635 3738 1693 3774 τε
1713 3722 1821 3776 τῶν
1840 3724 2054 3779 καθολι-

465 3807 601 3871 κῶν,
622 3806 731 3861 ἀπό
763 3824 824 3861 τε
862 3806 971 3861 τῶν
1012 3808 1254 3879 μερικῶν
1270 3809 1445 3887 ταῦτα
1467 3815 1739 3885 συνιστᾷν.
1764 3814 1854 3887 Μή
1873 3816 2053 3872 τοίνυν

467 3896 607 3967 μηδέ
647 3897 712 3951 σὺ
749 3896 900 3967 ζήτει
937 3896 1030 3950 τὸν
1070 3896 1253 3960 ἀδείας
1271 3891 1508 3969 γέμοντα
1529 3899 1676 3970 βίον·
1714 3902 1774 3956 οὐ
1805 3904 1913 3975 γάρ
1936 3906 2052 3960 ἐστί

467 4003 551 4041 σοι
571 3986 863 4051 λυσιτελές.
879 3987 941 4041 El
960 3987 1068 4062 7&9
1086 3990 1199 4054 τοῖς
1219 3991 1525 4061 προφήταις
1543 3993 1644 4046 οὐκ
1660 3988 1727 4065 ἦν
1750 3996 2048 4067 συμφέρον,

464 4077 648 4148 πολλῷ
690 4078 889 4150 μᾶλλον
910 4078 1141 4135 σοί.”οτι
1162 4079 1271 4152 7&9
1289 4082 1391 4135 οὐκ
1410 4077 1477 4152 ἦν
1499 4084 1797 4155 συμφέρον,
1818 4085 2051 4142 ἄκουσον

462 4170 519 4224 τί
538 4188 732 4241 φησιν·
783 4171 1035 4240 Ἀταθόν
1062 4190 1185 4242 μοι,
1208 4171 1298 4227 ὅτι
1330 4172 1742 4243 ἐταπείνωσάς
1766 4195 1865 4246 με,
1890 4179 2050 4247 ὅπως

465 4261 545 4315 ἂν
575 4262 740 4331 μάθω
779 4260 852 4314 τά
885 4262 1244 4335 δικαιώματά
1281 4280 1419 4317 σου.
1442 4264 1616 4333 Διπλῆ
1656 4268 1690 4339 ἡ
1730 4269 2049 4341 εὐχαριστία

463 4349 719 4415 ἐνταῦθα,
741 4352 824 4403 ὅτι
856 4350 1039 4405 εἴασεν
1080 4353 1343 4422 ἐμπεσεῖν
1379 4355 1461 4416 εις
1504 4354 1800 4421 κινδύνους,
1836 4361 1932 4413 καὶ
1967 4361 2049 4414 ὅτι

470 4442 774 4514 ἐμπεσόντα
791 4441 852 4495 οὐ
871 4442 1179 4495 κατέλιπεν.
1200 4442 1509 4514 Ἀμφότερα
1526 4446 1580 4499 δέ
1601 4464 1716 4511 πως
1731 4450 2049 4520 εὐεργεσίας

462 4526 622 4597 εἶδος,
644 4533 737 4587 καὶ
772 4532 867 4586 τοῦ
894 4533 1145 4605 δευτέρου
1166 4534 1227 4588 τὸ
1246 4536 1511 4609 πρότερον
1529 4540 1630 4592 οὐκ
1648 4539 1886 4607 ἔλαττον,
1909 4543 2047 4611 ἀλλ’,

463 4625 515 4677 εί
552 4624 633 4678 δεῖ
669 4642 724 4679 τι
760 4625 854 4678 καὶ
892 4623 1041 4697 [506]
1082 4626 1393 4697 θαυμαστὸν
1414 4631 1607 4693 εἰπεῖν,
1633 4632 1727 4686 καὶ
1749 4635 1949 4703 μεῖζον.
1975 4637 2049 4692 T6

467 4714 567 4785 μὲν
585 4716 696 4787 γὰρ
717 4716 992 4779 κινδύνους
1011 4717 1243 4781 διέλυσε,
1265 4718 1325 4771 τὸ
1342 4719 1399 4773 δέ
1419 4720 1516 4792 τὴν
1536 4721 1713 4794 ψυχὴν
1748 4725 2049 4796 φιλοσοφω-

461 4810 628 4880 τέραν
662 4810 975 4881 εἰργάσατο.
993 4812 1411 4879 Ἐπίστρεψον,
1440 4814 1610 4883 ψυχή
1638 4834 1780 4884 μου,
1801 4821 1889 4884 εις
1932 4820 2049 4888 τὴν

461 4900 813 4956 ἀνάπαυσιν
851 4917 987 4968 σου,
1026 4902 1115 4956 ὅτι
1158 4906 1373 4973 Κύριος
1406 4908 1771 4975 εὐηργέτησέ
1801 4927 1895 4964 σε.
1918 4913 2047 4967 Ὀτι

460 4992 755 5060 ἐρρύσατο
808 4994 922 5061 τὴν
980 4995 1195 5065 ψυχήν
1248 5014 1368 5064 μου
1406 4998 1523 5051 ἀπὸ
1562 4999 1822 5055 θανάτου
1847 5046 1862 5067 ,
1904 5004 2045 5071 τοὺς

462 5084 809 5152 ὀφθαλμούς
835 5102 953 5154 μου
986 5087 1105 5141 ἀπὸ
1124 5087 1417 5155 δακρύων,
1439 5090 1535 5143 καὶ
1558 5091 1697 5154 τοὺς
1719 5093 1910 5160 πόδας
1922 5113 2043 5165 μου

461 5175 580 5231 ἀπὸ
620 5175 1041 5246 ὀλισθήματος.
1076 5179 1482 5249 Εὐαρεστήσω
1522 5178 1778 5238 ἐνώπιον
1818 5189 2044 5255 Κυρίου

461 5269 533 5321 ἐν
573 5260 730 5337 χώρα
767 5266 1088 5328 ἄόντων.’0
1134 5271 1231 5342 μὲν
1263 5273 1362 5343 τῆς
1403 5274 1639 5344 ἱστορίας
1680 5276 1835 5345 λόγος
1866 5279 2043 5351 δεινὴν

461 5359 782 5431 ἀπαλλαγήν
820 5378 972 5431 φησι,
997 5360 1090 5415 καὶ
1127 5361 1311 5417 ἀνεσίν
1338 5381 1462 5418 τινα
1498 5366 1591 5417 καὶ
1621 5366 1954 5438 ἐλευθερίαν.
1980 5371 2043 5423 Εἰ

462 5449 520 5503 δέ
560 5467 641 5514 τις
682 5451 823 5505 κατά
863 5452 1152 5523 ἀναγωγὴν
1183 5453 1342 5507 αὐτὸν
1362 5452 1604 5523 ἐκλάόοι,
1622 5456 1905 5528 δυνήσεται
1944 5460 2041 5530 τὴν

528 5794 555 5824 ⁸
584 5797 735 5851 BNL
761 5800 839 5848 καὶ
858 5799 1007 5857 ὄντως
1026 5800 1146 5850 θεόν

2174 590 2376 662 ταύτην
2396 590 2600 645 καλεῖν.
2620 587 2932 659 ’Δπαλλαγὴ
2952 588 3061 659 γάρ
3082 589 3196 640 ἐστι
3216 586 3434 639 πάντων
3453 584 3558 637 τῶν
3575 584 3774 657 ἀδοκήο

2171 701 2282 737 των
2311 683 2519 741 δεινῶν.
2541 684 2635 737 καὶ
2654 682 2755 735 οὐκ
2776 680 2856 735 ἐτι
2874 682 2941 752 τῇ
2963 680 3158 751 ἀδηλίᾳ
3176 677 3358 731 λοιπὸν
3377 676 3682 738 ὑπόκειται,
3706 677 3774 729 ἐν

2172 776 2446 847 ἀσφαλείᾳ
2462 772 2722 844 γεγονὼς,
2736 776 2765 827 6
2784 771 2923 845 μετά
2938 770 3183 845 χρηστῆς
3202 768 3506 831 καταλύσας
3522 767 3769 830 ἐλπίδος.

2171 869 2236 923 Εί
2273 868 2383 941 7&9
2415 868 2508 922 καὶ
2544 866 2603 934 ἐξ
2631 865 2908 938 ἁμαρτίας
2929 866 2959 918 6
2977 863 3203 924 θάνατος
3224 862 3618 929 εἰσενήνεκται,
3641 858 3770 912 ἀλλ’

2169 959 2320 1031 δμως
2354 962 2432 1024 εις
2461 958 2782 1030 εὐεργεσίαν
2799 956 2959 1029 ήμῶν
2978 953 3127 1025 αὐτῷ
3144 956 3173 1008 6
3191 952 3325 1016 Θεὸς
3346 953 3638 1022 ἐχρήσατο.
3661 949 3771 1003 Διά

2168 1049 2233 1121 δὴ
2270 1047 2429 1102 τοῦτο
2465 1048 2566 1101 οὐκ
2604 1045 2754 1118 αὐτῷ
2788 1046 2948 1116 μόνον
2968 1042 3233 1115 ἠρκέσθη,
3256 1040 3393 1097 ἀλλά
3414 1039 3621 1093 καὶτὸν
3644 1037 3770 1108 βίον

2169 1138 2463 1209 ἐπίμοχθον
2499 1136 2777 1206 ἐποίησεν,
2799 1135 2887 1189 ἴνα
2929 1134 3125 1205 μάθῃς,
3146 1132 3229 1185 δτι
3270 1130 3470 1185 οὐδὲτὸ
3490 1130 3771 1200 πρότερον

2169 1228 2545 1301 συνεχώρησεν
2565 1227 2652 1293 ἀν,
2675 1228 2723 1280 εί
2745 1226 2819 1296 μὴ
2843 1223 3047 1297 σφόδρα
3064 1223 3332 1294 χρήσιμον
3365 1218 3436 1294 ἦν
3474 1221 3627 1292 παρά
3657 1220 3775 1305 τὴν

2166 1320 2548 1390 αὐτοῢισοφίαν
2567 1318 2725 1372 τοῦτο
2744 1317 3052 1386 γενόμενον.
3076 1313 3177 1368 Διά
3196 1314 3259 1381 δὴ
3279 1313 3625 1368 τοῦτοέίπών
3642 1331 3657 1347 υ
3678 1307 3772 1387 τῌ

2164 1410 2243 1465 ἂν
2260 1409 2453 1480 ἡμέρᾳ
2482 1408 2665 1478 φάγῃ,
2688 1405 2921 1471 θανάτῳ
2943 1402 3242 1473 ἀποθανῇ,
3263 1404 3365 1457 οὐκ
3397 1402 3642 1475 ἠρκέσθη
3678 1402 3770 1475 τῷ

2163 1500 2424 1571 ἐπιτιμίῳ
2442 1518 2455 1531 ·
2497 1499 2556 1553 τδ
2574 1499 2682 1571 7&9
2701 1496 2974 1568 ἐπιτίμιον
2992 1495 3149 1549 τοῦτο
3165 1489 3233 1566 ἦν
3251 1509 3267 1524 ·
3303 1495 3395 1564 Γῆ
3430 1495 3504 1560 ετ,
3529 1496 3630 1549 καὶ
3668 1496 3769 1563 εις

2164 1591 2282 1661 γῆν
2314 1592 2660 1659 ἀπελεύσῃο
2700 1588 2795 1645 νῦν
2832 1590 2890 1643 δὲ
2927 1587 3022 1642 καὶ
3058 1586 3246 1657 ἓτερον
3284 1586 3523 1640 δείκνυσι
3542 1586 3762 1656 λέγων·

2175 1683 2270 1736 Ἐν
2307 1681 2503 1751 ιδρῶτι
2539 1681 2648 1735 τοῦ
2683 1678 3010 1749 προσώπου
3061 1694 3178 1733 σου
3228 1676 3392 1748 φάγῃ
3430 1679 3537 1732 τὸν
3569 1678 3769 1747 ἄρτον

2160 1790 2299 1829 σου.
2317 1774 2599 1839 Ἀκάνθας
2636 1772 2733 1827 καὶ
2778 1773 3089 1840 τριϐόλους
3108 1769 3389 1828 ἀνατελεῖ
3402 1786 3501 1824 σοι
3518 1786 3531 1799 ·
3554 1772 3628 1824 ἐν
3644 1771 3766 1828 λύ-

2160 1887 2302 1938 παις
2335 1870 2496 1940 φάγῃ
2535 1870 2747 1937 αὑτήν.
2773 1870 2882 1924 Kal
2900 1872 2966 1941 τῇ
2988 1870 3209 1938 γυναικὶ
3236 1864 3357 1922 εἷπε
3378 1886 3392 1899 ο
3416 1870 3765 1935 Πληθύνων

2159 1961 2448 2030 πληθυνῶ
2467 1961 2574 2027 τὰς
2593 1961 2795 2027 λύπας
2816 1977 2954 2024 σου,
2978 1961 3077 2015 καί
3109 1960 3216 2015 τὸν
3248 1962 3591 2039 στεναγμόν
3608 1976 3757 2015 σου.

2172 2052 2269 2104 Ἐν
2285 2053 2509 2116 λύπαις
2531 2049 2675 2117 τέξῃ
2696 2049 2898 2105 τέκνα.
2922 2050 2997 2103 υύ
3017 2049 3125 2121 7&9
3152 2049 3333 2102 ἱκανὸν
3351 2046 3420 2122 ἦν
3438 2050 3616 2103 ἐκεῖνο
3650 2051 3761 2103 αὐ-

2157 2142 2283 2207 τοὺς
2307 2140 2659 2214 σωφρονίσαι.
2680 2138 2915 2202 Πολλοὺς
2933 2137 3064 2207 γοῦν
3082 2140 3300 2211 δρῶμεν
3316 2139 3489 2211 ταύτῃ
3514 2139 3763 2210 μάλιστα.

2157 2234 2472 2305 γινομένους
2496 2232 2755 2302 βελτίους.
2775 2232 2834 2284 Ὀ
2854 2232 2963 2302 7&9
2983 2230 3212 2294 θάνατος
3228 2230 3557 2302 ἀναισθησίᾳ
3571 2249 3759 2304 παρα.

2158 2328 2394 2387 δίδωσιν,
2416 2325 2639 2378 ἐπειδὰν
2679 2323 2880 2397 ἐπέλθῃ
2910 2341 2921 2353 ·
2956 2322 3130 2377 ταῦτα
3165 2323 3221 2376 δέ
3260 2320 3469 2387 ζῶντας
3503 2322 3761 2393 βελτίους

2158 2419 2471 2490 ἐργάζεται.
2493 2416 2557 2472 El
2577 2415 2634 2469 δέ
2655 2414 2884 2487 φοϐερὸν
2904 2414 2964 2469 τὸ
2982 2416 3217 2487 πρᾶγμα
3244 2408 3385 2468 εἶναι
3402 2416 3571 2477 δοκεῖ,
3597 2417 3758 2488 παρά

2155 2509 2254 2581 τὴν
2287 2504 2569 2561 ἀσθένειαν
2605 2504 2714 2558 τῶν
2751 2503 2895 2559 οὕτω
2932 2504 3312 2574 διακειμένων.
3336 2506 3456 2558 Ὅτι
3493 2505 3605 2577 γὰρ
3646 2505 3756 2573 τῆς

2156 2599 2439 2663 ἀσθενείας
2460 2594 2529 2670 ἦν
2549 2601 2578 2651 6
2597 2596 2783 2666 φόϐος,
2807 2598 3037 2652 ἄκουσον
3058 2596 3297 2664 Παύλου,
3320 2597 3413 2651 καὶ
3448 2598 3753 2668 εὐχομένου

2157 2689 2335 2755 τοῦτο,
2358 2689 2453 2745 καὶ
2492 2689 2793 2760 χαίροντος,
2824 2687 2898 2751 ῶς
2934 2688 3063 2741 ὅταν
3098 2686 3262 2759 λέγῃο
3303 2687 3376 2742 Τὸ
3416 2689 3753 2756 ἀναλῦσαι,

2158 2784 2257 2839 καὶ
2298 2783 2420 2838 σὺν
2452 2780 2686 2851 Χριστῷ
2725 2776 2899 2844 εἶναι,
2920 2779 3129 2845 πολλῷ
3159 2778 3405 2848 μᾶλλον
3440 2781 3749 2850 κρεῖττον·

2155 2875 2252 2929 καὶ
2273 2873 2433 2928 πάλιν
2453 2889 2466 2903 ο
2506 2873 2699 2942 Χαίρω
2734 2871 2834 2926 καί
2870 2871 3179 2941 συγχαίρω
3198 2870 3391 2926 πᾶσιν
3407 2873 3578 2943 ὑμῖν
3603 2875 3669 2929 τὸ
3696 2875 3753 2928 δ’

2154 2964 2302 3019 αὐτὸ
2324 2965 2423 3017 καὶ
2443 2963 2613 3033 ὑμεῖς
2633 2964 2871 3032 χαίρετε
2888 2963 2989 3015 καί
3029 2964 3389 3032 συγχαίρπέ
3412 2984 3513 3035 μοι
3539 2986 3551 2998 ·
3578 2969 3672 3021 ἐπὶ
3691 2968 3755 3022 δὲ
3834 2994 3837 2997 π

2154 3060 2266 3121 τοῖς
2282 3056 2547 3120 ἐναντίοις
2565 3056 2857 3125 ἀλγοῦντος
2876 3074 2890 3088 ·
2917 3058 2999 3110 οὐ
3013 3057 3208 3126 μόνον
3226 3057 3357 3129 γὰρ,
3378 3060 3561 3127 φησὶν.
3585 3062 3753 3116 ἀλλὰ

2154 3150 2254 3205 καί
2290 3151 2458 3203 αὐτοὶ
2478 3148 2548 3201 ἐν
2565 3148 2801 3213 ἑαυτοῖς
2820 3145 3202 3216 στενάζομεν,
3226 3149 3538 3202 υἱοθεσίαν
3556 3151 3751 3204 ἀπεκ-

2155 3242 2482 3311 δεχόμενοι,
2524 3238 2638 3307 τὴν
2658 3240 3080 3307 ἀπολύτρωσιν
3113 3240 3219 3295 τοῦ
3240 3240 3516 3309 σώματος
3539 3241 3712 3310 ἡμῶν
3732 3261 3747 3277 ·

2157 3334 2251 3388 καὶ
2271 3333 2453 3386 πάλινο
2478 3334 2543 3387 οι
2563 3332 2736 3397 ὄντες
2752 3332 2823 3385 ἐν
2836 3329 2916 3397 τῷ
2934 3331 3150 3402 σκήνει
3170 3330 3753 3403 τούτῳ,στενὰζομεν

2147 3424 2537 3493 βαρούμενοι.

2230 3579 2292 3649 γ’.
2308 3576 2460 3643 Εἶδες
2476 3580 2640 3633 πόσον
2662 3578 2776 3631 ἐστὶ
2796 3577 3085 3647 φιλοσοφία
3106 3578 3268 3632 καλόν
3288 3596 3302 3643 ;
3339 3580 3407 3631 *Α
3432 3586 3548 3648 τοῖς
3565 3581 3750 3648 ἄλλοις

2153 3672 2281 3739 ἀξια
2310 3671 2562 3743 δακρύων
2590 3668 2731 3725 εἶναι
2753 3670 2920 3733 δοκεῖ,
2948 3668 3122 3723 ταῦτα
3151 3669 3327 3741 τούτῳ
3349 3671 3519 3742 εὐχῆς
3540 3689 3555 3703 ο
3586 3674 3682 3728 καὶ
3711 3675 3751 3729 ἀ

2152 3765 2264 3826 τοῖς
2285 3762 2463 3826 ἄλλοις
2483 3762 2610 3829 ἀξια
2638 3762 2975 3834 εὐφροσύνης
3002 3762 3097 3816 καὶ
3123 3761 3335 3833 ἡδονῆς,
3368 3762 3541 3817 ταῦτα
3568 3766 3749 3838 τούτῳ

2155 3854 2497 3925 στεναγμῶν.
2535 3855 2605 3907 Ἦ
2636 3854 2737 3908 οὐκ
2768 3854 2893 3921 ἀξια
2926 3854 2954 3893 δ
2991 3855 3313 3925 στεναγμῶν
3355 3855 3417 3909 τὸ
3451 3856 3541 3909 ἐπ’
3580 3858 3747 3913 ἀλλο-

2149 3947 2308 4020 τρίας
2349 3942 2506 4012 εἷναι,
2531 3948 2625 4000 καὶ
2667 3945 2951 4018 πόρρωθεν
2978 3945 3081 4017 τῆς
3121 3947 3397 4019 ἡμετέρας
3426 3949 3749 4020 ἀπῳκίσθαι

2150 4039 2437 4111 πατρίδοςς
2462 4040 2534 4093 Ἦ
2563 4040 2664 4093 οὐκ
2692 4039 2839 4104 ἀξιον
2868 4039 3209 4112 εὐφροσύνης
3241 4040 3301 4094 τὸ
3332 4041 3544 4112 ταχέως
3570 4060 3747 4099 κατα-

2150 4131 2377 4204 δραμεῖν
2400 4132 2493 4185 ἐπὶ
2514 4131 2605 4187 τὸν
2624 4131 2799 4186 εὐδιον
2826 4132 3041 4203 λιμένα,
3059 4134 3154 4187 καὶ
3180 4134 3476 4187 ἀπολαϐεῖν
3500 4135 3601 4205 τὴν
3627 4137 3747 4192 ἀνω

2152 4223 2327 4287 πόλιν,
2357 4224 2485 4278 ἔνθα
2513 4224 2725 4296 ἀπέδρα
2752 4223 2935 4294 ὀδύνη,
2959 4225 3053 4279 καὶ
3081 4224 3249 4295 λύπη,
3277 4227 3371 4279 καὶ
3398 4229 3741 4297 στεναγμόςς

2150 4315 2260 4368 Καὶ
2302 4316 2354 4368 τί
2388 4316 2525 4387 πρὸς
2571 4316 2691 4386 ἐμὲ,
2724 4316 2879 4387 φησὶ,
2929 4317 3021 4369 τὸν
3055 4317 3416 4388 ἀμαρτωλόν;
3459 4318 3623 4390 Ὁρᾷς
3655 4321 3744 4374 ὅτι

2149 4405 2248 4474 οὐχ
2276 4407 2303 4457 6
2336 4403 2565 4467 θάνατός
2595 4406 2741 4461 ἐστιν
2774 4407 2802 4457 6
2828 4405 2996 4458 ποιῶν
3023 4405 3120 4475 τὴν
3150 4406 3350 4476 λύπην,
3384 4408 3519 4461 ἀλλὰ
3543 4409 3741 4465 16.1m-

2150 4494 2315 4566 νηρὸν
2352 4494 2626 4560 συνειδός;
2668 4494 2881 4548 Παῦσαι
2932 4492 3026 4551 οὖν
3070 4498 3165 4550 τοῦ
3203 4495 3342 4552 εἶναι
3384 4501 3735 4572 ἁμαρτωλὸς,

2152 4586 2246 4639 καὶ
2279 4584 2431 4653 ἔσται
2464 4602 2545 4638 σοι
2573 4585 2820 4649 ποθεινὸς
2848 4587 2876 4638 ὁ
2905 4586 3152 4651 θάνατος.
3194 4586 3346 4655 Τοὺς
3383 4589 3742 4660 ὀφθαλμούς

2153 4674 2304 4747 [307]
2333 4694 2453 4745 μου
2493 4674 2614 4731 ἀπὸ
2647 4675 2943 4746 δακρύων.
2978 4678 3216 4742 Εἰκότως
3246 4678 3421 4744 οὕτως
3453 4676 3634 4734 εἶπεν·
3674 4685 3739 4737 οὐ

2148 4766 2256 4835 γάρ
2290 4767 2437 4818 ἐστιν
2464 4768 2583 4818 ἐκεῖ
2609 4764 2775 4838 λύπη,
2806 4767 2928 4822 οὐδὲ
2960 4767 3186 4840 ἀθυμία,
3217 4769 3338 4823 οὐδὲ
3362 4770 3581 4842 θρῆνος.
3621 4774 3737 4837 Καὶ

2148 4857 2291 4923 τοὺς
2312 4857 2501 4924 πόδας
2518 4875 2639 4927 μου
2662 4858 2777 4912 ἀπὸ
2795 4859 3219 4930 ὀλισθήματος.
3238 4860 3409 4915 Τοῦτο
3424 4862 3519 4916 τοῦ
3537 4865 3743 4935 πρατέα
3844 4860 3849 4867 ’

2152 4967 2244 5020 ρου
2269 4950 2471 5021 μεῖζον.
2503 4951 2663 5017 Πῶς;
2695 4953 2896 5005 Ὄτιού
2922 4953 3083 5023 μόνον
3100 4953 3275 5024 λύπης
3296 4956 3463 5027 ἐσμὲν
3485 4956 3718 5028 ἀπηλλαε

2145 5045 2355 5115 γμένοι,
2388 5044 2524 5099 ἀλλά
2544 5046 2638 5097 καὶ
2665 5043 2759 5098 τοῦ
2792 5044 3241 5108 ὑποσκελίζεσθαι
3265 5048 3358 5100 καὶ
3388 5047 3740 5103 ἐπιϐουλεύε-

2147 5135 2288 5187 σθαι.
2322 5135 2444 5187 Ἐπὶ
2476 5134 2578 5205 τῆς
2618 5136 2824 5207 πέτρας
2854 5134 3051 5207 ἔστηκε
3091 5136 3198 5207 γὰρ
3230 5138 3259 5189 6
3302 5138 3552 5192 ἀπελθὼν
3595 5140 3736 5209 μετά

2145 5223 2588 5295 κατορθωμάτων
2608 5242 2621 5256 ⁸
2653 5226 2746 5279 τοῦ
2782 5226 2998 5296 λιμένος
3032 5228 3397 5296 ἐπείληπται·
3429 5228 3609 5282 πάντα
3636 5231 3734 5283 ἀν-

2144 5319 2345 5389 ῄρηται
2376 5318 2445 5371 τὰ
2486 5318 2784 5389 κωλύματα
2812 5319 3000 5373 λοιπόν
3019 5336 3033 5349 ⁸
3065 5317 3301 5389 οὐδαμοῦ
3335 5319 3588 5391 θόρυϐος,
3612 5324 3735 5377 οὐδὲ

2142 5410 2386 5481 ταραχή’
2419 5410 2535 5462 ἀλλ’
2556 5414 2615 5465 ἐν
2644 5410 2995 5484 εὐδοκιμήσει
3021 5421 3042 5449 ε
3070 5410 3308 5481 διηνεκεῖ
3332 5411 3481 5482 μένει
3505 5416 3534 5465 ὁ
3559 5413 3735 5478 οὕτως

2205 5679 2234 5718 ³⁵
2257 5682 2407 5748 Sa_vil.
2436 5683 2485 5732 in
2510 5686 2733 5746 margine
2753 5685 2783 5741 ἢ
2809 5684 2897 5733 οὐκ
2922 5684 3069 5741 ἄξιον.
3099 5684 3317 5748 Utraque
3360 5685 3510 5735 lectio
3526 5691 3733 5748 quadrat

2142 5744 2505 5856 ’ὀθὲῗῗέλκ
2523 5808 2572 5858 ἐν
2597 5808 2888 5856 καταστάσει
2926 5807 3094 5858 υιηῐιι
3118 5810 3259 5860 malis
3278 5808 3413 5871 elige
3441 5810 3727 5862 lectionem.
