4086 6452
390 399 495 463 517

384 553 564 602 autem
604 544 743 601 tollit
784 543 1217 616 desperationem
1243 582 1260 610 ,
1296 543 1524 598 salutem
1554 544 1709 599 nobis
1746 543 1996 611 utrinque

386 650 702 708 procurans.

450 725 508 783 2.
540 726 744 783 Deinde
772 726 1061 781 ostendens
1086 727 1252 783 Deum
1282 742 1403 783 esse
1432 740 1760 797 propensum
1786 725 1854 781 ad
1880 724 1995 781 cle-

382 821 641 873 mentiam
663 859 681 884 ,
712 816 985 889 subjungit
1009 819 1211 885 dicens,
1246 818 1312 872 Et
1342 818 1480 871 Deus
1510 827 1679 871 noster
1705 817 1989 872 miseretur.

382 912 550 978 Recte
574 918 755 964 autem
781 907 935 975 dixit,
962 908 1099 963 Deus
1128 920 1298 965 noster
1322 925 1341 964 :
1373 918 1430 962 ut
1453 923 1577 962 eum
1606 907 1897 978 distinguat
1922 907 1994 963 ab

382 1004 447 1058 iis
475 1003 618 1069 diis,
645 1017 873 1074 quorum
903 1002 1062 1071 paulo
1086 1011 1213 1057 ante
1233 1002 1497 1057 meminit.
1530 1000 1669 1057 Sunt
1696 1000 1840 1056 enim
1867 999 1991 1055 illo-

379 1107 500 1154 rum
534 1101 713 1165 partes
732 1092 998 1156 occidere,
1023 1092 1090 1148 de
1117 1093 1293 1148 medio
1314 1092 1527 1158 tollere,
1551 1102 1606 1146 et
1633 1091 1770 1147 bella
1796 1090 1993 1161 impla-

378 1183 572 1251 cabilia
612 1198 837 1262 gerere;
868 1182 1027 1253 hujus
1065 1192 1243 1239 autem
1268 1224 1283 1249 ,
1314 1185 1389 1238 uti
1427 1183 1712 1239 clementia
1737 1224 1754 1250 ,
1780 1181 1991 1239 condo-

379 1287 533 1339 nare,
562 1281 616 1328 et
635 1272 849 1328 assidue
868 1289 898 1327 a
930 1274 1182 1344 periculis
1201 1273 1449 1344 eripere:
1474 1290 1593 1344 qua:
1619 1273 1838 1345 quidem
1862 1290 1989 1329 cum

376 1363 501 1419 aliis
528 1364 761 1425 maxime
790 1365 1083 1419 ostendunt
1121 1364 1243 1419 illos
1269 1379 1392 1420 esse
1419 1364 1696 1437 dtemoues
1718 1372 1775 1421 et
1798 1365 1989 1420 exitio—

376 1469 490 1524 sos,
524 1455 666 1509 hunc
687 1466 865 1515 autem
891 1470 1075 1510 curam
1102 1471 1291 1526 gerere
1303 1464 1365 1533 et
1388 1455 1693 1525 providere,
1718 1465 1773 1513 et
1801 1470 1988 1513 verum

376 1560 498 1606 esse
528 1548 718 1602 Deum.

448 1636 723 1710 Infantum
764 1656 825 1693 ac
871 1657 1145 1713 puerorum
1182 1650 1352 1695 custos
1390 1639 1551 1696 Deus.
1578 1640 1843 1697 Securitas
1873 1641 1991 1697 vita:

374 1747 479 1792 non
509 1740 581 1787 est
604 1735 894 1802 querenda.
920 1730 1065 1788 Mori
1086 1732 1314 1787 liberatio
1342 1743 1389 1786 et
1415 1735 1628 1800 requies.
1658 1732 1774 1788 Vita
1792 1751 1885 1788 cur
1904 1736 1987 1790 la-

376 1826 594 1881 boriosa.
613 1825 750 1879 —6.
793 1817 1094 1889 Custodiens
1121 1824 1357 1894 parvulos
1378 1824 1627 1890 Dominus
1648 1843 1668 1879 :
1689 1827 1988 1883 humiliatus

374 1935 508 1984 sum,
534 1928 580 1973 et
603 1918 829 1975 liberavit
860 1936 959 1974 me.
1006 1918 1102 1973 llic
1132 1927 1311 1973 mevet
1354 1919 1645 1983 maximum
1671 1934 1842 1989 genus
1857 1919 1988 1989 .ejus

374 2010 749 2080 providentiae.
771 2010 1031 2079 Quoniam
1059 2011 1202 2064 enim
1226 2009 1381 2078 dixit,
1409 2009 1709 2064 Misericors.
1722 2021 1771 2064 et
1788 2013 1982 2081 justus,

372 2112 421 2160 et
450 2102 747 2169 miseretur,
777 2100 893 2171 ejus
931 2101 1182 2159 maxima:
1213 2100 1517 2156 clementia:
1554 2117 1691 2170 opus
1730 2102 1987 2175 deinceps

371 2192 629 2251 ostendit.
656 2191 983 2261 Quodnam?
1011 2191 1065 2247 Id
1092 2192 1343 2249 videlicet
1376 2209 1482 2272 quo
1518 2195 1686 2249 utitur
1720 2194 1776 2249 in
1807 2191 1985 2250 infan-

372 2293 456 2339 tes
473 2272 539 2338 ac
579 2298 776 2353 pueros
813 2300 827 2339 :
868 2298 976 2337 non
1025 2284 1167 2339 enim
1212 2282 1476 2340 habemus
1516 2286 1783 2349 rationem
1813 2328 1830 2353 ,
1861 2303 1986 2358 quae

368 2390 471 2437 nos
511 2376 666 2432 docet
710 2376 827 2432 htec
855 2377 1025 2433 vitare
1044 2417 1059 2441 ,
1089 2376 1174 2432 illa
1198 2376 1398 2448 eligere
1424 2419 1438 2446 ,
1474 2388 1529 2434 et
1556 2379 1697 2444 mala
1731 2394 1854 2449 qua:
1872 2395 1984 2437 nos

371 2468 635 2533 invadunt
664 2470 980 2540 propulsare
1001 2511 1018 2541 ,
1046 2478 1103 2525 et
1130 2484 1251 2541 qua:
1280 2469 1475 2525 adsunt
1503 2480 1796 2529 excutere:
1830 2481 1884 2528 et
1905 2473 1985 2528 vi-

367 2562 521 2621 ribus
543 2562 823 2630 valemus,
864 2571 918 2619 et
955 2572 1103 2622 artes
1139 2562 1378 2637 scimus;
1428 2563 1663 2620 infantes
1690 2576 1872 2625 autem
1916 2581 1982 2631 ac

367 2654 568 2729 pueri,
613 2653 806 2727 quibus
844 2654 962 2713 hare
1007 2655 1188 2711 omnia
1238 2654 1539 2722 deficiunt,
1588 2664 1714 2712 sunt
1756 2655 1982 2725 perinde

358 2762 432 2805 ac
467 2751 519 2803 si
547 2764 657 2805 non
702 2748 963 2803 baberent
984 2748 1078 2818 qui
1106 2762 1202 2808 eos
1231 2758 1442 2819 regeret
1473 2766 1486 2801 :
1520 2750 1618 2805 sed
1646 2749 1699 2805 in
1730 2749 1982 2813 omnibus

364 2840 569 2898 habent
597 2840 692 2897 Dei
723 2840 1114 2912 providentiam
1139 2882 1155 2908 ,
1186 2856 1293 2911 qua
1333 2840 1439 2906 nisi
1489 2841 1702 2896 assidue
1732 2843 1979 2897 frueren-

364 2939 472 2999 tur,
502 2945 696 2988 omnes
720 2931 1029 3003 periissem.
1067 2929 1200 2986 Nam
1231 2940 1286 2985 et
1324 2945 1549 3001 serpens
1576 2933 1865 3001 perimeret
1899 2934 1982 2988 in-

366 3021 565 3090 fantem
610 3023 908 3078 involutum
946 3021 1163 3094 fasciis,
1195 3032 1249 3077 et
1287 3023 1400 3077 avis
1427 3037 1549 3092 qua:
1577 3022 1724 3093 degit
1754 3024 1809 3078 in
1841 3023 1976 3079 audi-

364 3114 464 3171 bus
494 3114 592 3188 (a),
621 3125 677 3172 et
718 3115 887 3172 multa
931 3115 1035 3171 alia
1064 3130 1185 3185 quae
1227 3124 1422 3185 repunt
1449 3129 1513 3169 ac
1544 3124 1766 3184 serpunt
1794 3116 1846 3169 in
1877 3116 1979 3172 do-

363 3209 561 3268 mnibus.
592 3207 942 3279 Neque'enim
967 3207 1168 3271 nutrix,
1201 3222 1302 3262 nec
1328 3215 1519 3275 mater,
1550 3222 1653 3277 nec
1679 3209 1818 3263 ullus
1839 3208 1976 3266 alius

362 3298 564 3363 sufficit
591 3300 659 3355 ad
688 3313 877 3355 eorum
908 3298 1198 3370 perfectam
1229 3299 1517 3370 gerendam
1549 3300 1964 3371 providentiam,

363 3392 467 3448 nisi
492 3405 733 3462 superno
754 3390 1014 3461 juventur
1038 3389 1265 3451 auxilio.
1297 3388 1549 3452 Nonnulli
1580 3402 1760 3453 autem
1788 3391 1978 3458 dicunt

361 3485 466 3542 hoc
484 3485 691 3541 dictum
719 3498 844 3544 esse
868 3481 940 3540 de
970 3482 1190 3542 fetibus
1222 3484 1467 3546 nondum
1497 3484 1551 3541 in
1580 3484 1756 3542 lucem
1791 3486 1971 3549 editis.

360 3576 684 3635 llumiliatus
711 3592 857 3643 sum,
881 3584 930 3635 et
959 3576 1189 3632 liberavit
1218 3592 1316 3630 me.
1344 3575 1464 3632 Non
1495 3576 1665 3645 dixit,
1695 3577 1815 3633 Non
1846 3593 1974 3649 per-

358 3672 506 3732 misit
527 3680 587 3727 ut
610 3670 905 3731 inciderem
936 3670 991 3726 in
1018 3669 1257 3740 pericula
1283 3688 1298 3725 :
1328 3669 1449 3738 sed,
1469 3670 1759 3741 Postquam
1782 3670 1969 3742 incidi,

355 3765 615 3838 servavit.
652 3762 921 3833 Quoniam
962 3764 1106 3818 enim
1134 3760 1271 3819 dixit
1298 3762 1608 3832 generalem
1643 3761 1760 3834 ejus
1791 3762 1971 3833 provi-

355 3858 618 3924 dentiam,
648 3858 716 3912 ad
743 3870 897 3911 suam
935 3869 1153 3925 quoque
1181 3868 1468 3925 personam
1498 3854 1738 3911 extendit
1766 3855 1972 3913 oratiOe

357 3967 482 4009 nem
503 3991 519 4017 .
546 3951 690 4009 sicut
716 3965 788 4008 ex
817 3948 1159 4020 generalibus
1184 3956 1240 4004 et
1264 3963 1331 4009 ex
1353 3948 1714 4019 singularibus
1740 3948 1880 4005 solet
1907 3963 1973 4005 ea

355 4044 701 4100 continuare.
730 4040 811 4098 Ne
838 4054 969 4111 ergo
996 4053 1210 4111 quaeras
1239 4040 1401 4095 vitam
1432 4041 1579 4099 omni
1611 4055 1676 4099 ex
1705 4051 1860 4110 parte
1887 4055 1974 4096 se-

354 4150 584 4203 curam;
617 4149 726 4191 non
752 4142 835 4190 est
864 4132 1011 4188 enim
1043 4132 1137 4188 tibi
1176 4130 1536 4187 conducibile.
1579 4130 1638 4187 Si
1668 4134 1815 4187 enim
1861 4147 1971 4187 non

354 4241 472 4287 erat
496 4225 837 4286 conducibile
858 4225 1155 4297 prophetis,
1175 4224 1347 4279 multo
1372 4223 1542 4295 magis
1558 4240 1659 4279 nec
1677 4223 1790 4279 tibi.
1813 4224 1972 4293 Quod

354 4333 534 4379 autem
556 4336 664 4378 non
686 4328 832 4377 esset
858 4316 1218 4384 conducibile,
1244 4317 1369 4373 audi
1394 4317 1521 4389 quid
1551 4316 1697 4373 dicat
1724 4334 1743 4372 :
1766 4316 1973 4374 Bonum

355 4414 510 4480 mihi,
539 4414 664 4484 quia
691 4410 975 4466 humiliasti
1007 4426 1107 4477 me,
1132 4419 1191 4464 ut
1217 4410 1407 4464 discam
1430 4410 1827 4482 justiﬁcationes
1855 4420 1971 4465 tuas

355 4507 531 4579 (Psal.
568 4506 694 4564 118.
726 4506 837 4577 71).
868 4503 1073 4574 Duplex
1105 4502 1191 4558 hic
1216 4513 1297 4558 est
1322 4504 1613 4574 gratiarum
1639 4504 1801 4570 actio,
1826 4502 1970 4574 quod

354 4613 410 4660 et
439 4604 495 4659 in
530 4601 767 4673 pericula
795 4599 1033 4655 incidere
1061 4595 1389 4668 permiserit,
1419 4605 1475 4661 et
1503 4597 1645 4667 quod
1672 4613 1795 4653 cum
1821 4597 1970 4652 ceci-

355 4695 544 4758 disset,
573 4693 796 4747 minime
823 4689 1191 4760 dereliquerit.
1225 4688 1320 4743 Est
1347 4696 1527 4744 autem
1556 4699 1843 4758 utrumque
1868 4688 1971 4743 ali-

353 4788 628 4859 quomodo
657 4801 827 4857 genus
872 4784 1116 4840 beneticii
1141 4824 1155 4847 ,
1198 4798 1301 4838 nec
1340 4794 1423 4838 est
1467 4784 1616 4854 prius
1654 4784 1833 4838 minus
1876 4799 1967 4839 se-

353 4883 569 4946 cundo,
608 4882 718 4936 imo
748 4896 879 4936 vero
904 4921 919 4946 ,
954 4879 998 4935 si
1030 4876 1275 4933 mirabile
1303 4877 1505 4946 aliquid
1531 4862 1819 4932 dicendum
1844 4886 1963 4942 est,

353 4978 516 5032 etiam
561 4974 755 5044 majus.
807 4972 919 5026 lloc
960 4972 1103 5027 enim
1145 4970 1395 5025 liberavit
1431 4984 1461 5024 a
1507 4968 1791 5038 periculis,
1835 4969 1967 5025 illud

346 5067 483 5125 ’γει-ο
525 5067 759 5121 animam
805 5063 931 5119 fecit
976 5064 1145 5133 magis
1185 5062 1504 5131 sapientem.
1530 5062 1585 5115 7.
1625 5062 1966 5131 Convertere,

353 5164 525 5217 anima
552 5177 664 5214 mea
686 5202 701 5225 ,
735 5161 790 5213 in
825 5158 1046 5228 requiem
1089 5167 1248 5222 tuam,
1280 5157 1400 5228 quia
1448 5156 1696 5212 Dominus
1724 5158 1967 5231 benefacit

355 5256 464 5309 tibi.
497 5254 551 5309 8.
594 5252 730 5320 Quia
772 5251 957 5319 eripuit
996 5250 1223 5303 animam
1266 5264 1429 5302 meam
1470 5249 1533 5303 de
1565 5260 1759 5315 morte,
1792 5252 1967 5306 oculos

352 5363 490 5402 meos
515 5363 548 5400 a
574 5345 835 5417 lacrymis,
865 5343 1015 5415 pedes
1042 5358 1178 5397 meos
1203 5360 1234 5395 a
1255 5345 1424 5413 lapsu.
1457 5343 1511 5399 9.
1552 5344 1767 5400 Placebo
1792 5362 1967 5401 coram

352 5438 575 5494 Domino
601 5439 653 5492 in
674 5439 878 5509 regione
897 5437 1142 5491 vivorum.
1169 5436 1414 5492 Historia:
1440 5438 1655 5508 quidem
1679 5443 1816 5495 ratio
1836 5440 1967 5497 dicit

413 5594 488 5657 (a)
520 5598 623 5643 Non
642 5593 858 5657 absurde
882 5590 1009 5643 forte
1046 5598 1296 5657 quaeratur
1316 5604 1543 5656 quaenam
1566 5592 1646 5657 illa
1669 5596 1772 5645 avis
1792 5597 1965 5647 dome-

349 5654 492 5721 stica,
507 5654 852 5721 qua_infantes
874 5657 1169 5719 perimeret,
1194 5654 1664 5721 nisitieustenellte
1687 5660 1817 5708 muti
1846 5672 1961 5721 pro-

350 5714 591 5782 spiceret.
610 5716 720 5767 Vox
741 5714 904 5782 Graeca
920 5757 932 5775 ,
958 5726 1083 5782 sm,
1107 5728 1229 5782 qua
1255 5717 1364 5782 hic,
1378 5714 1498 5782 avis,
1523 5714 1961 5782 interpretata'est,

381 5776 584 5851 "aliinam
605 5792 829 5851 persaepe
850 5776 1196 5844 signiﬁcatum
1218 5778 1298 5830 hic
1320 5778 1414 5830 alia
1437 5778 1565 5832 forte
1591 5776 1697 5832 avis
1719 5776 1962 5835 valentior

1458 402 1821 470 EXPOSITIO
1860 400 1926 457 IN
1967 400 2294 463 PSALMUM
2336 407 2525 464 CXIV.

3617 412 3723 472 5l8

2108 519 2422 588 praeclaram
2441 524 2728 594 quamdam
2746 520 3141 596 liberationem,
3168 530 3408 602 requiem
3430 543 3483 588 et
3505 532 3723 590 liberta-

2106 619 2235 666 tem.
2270 612 2328 668 Si
2358 614 2477 683 quis
2506 622 2686 671 autem
2718 632 2838 673 eam
2868 622 3140 692 acceperit
3166 623 3493 693 anagogice,
3525 634 3726 690 potet-tt

2102 716 2385 757 excessum
2416 717 2483 759 ex
2524 704 2627 760 bac
2650 707 2756 762 vita
2800 724 2996 765 vocare
3040 710 3416 769 liberationem
3445 756 3459 775 .
3489 730 3723 783 eamque

2100 792 2377 861 appellare
2406 795 2667 867 requiem.
2718 798 2812 853 Est
2843 799 2988 857 enim
3018 801 3087 857 ab
3113 803 3365 860 omnibus
3396 805 3555 861 malis
3583 805 3723 862 libe-

2100 883 2240 937 ratio
2264 926 2279 948 ,
2309 898 2410 940 nec
2436 896 2521 942 est
2544 888 2777 959 amplius
2820 891 3184 949 incertitudini
3213 895 3512 965 obnoxius,
3546 903 3722 974 utqui

2099 973 2170 1028 sit
2199 977 2544 1046 securitatem
2574 991 2977 1052 consequutus,
3006 985 3099 1055 qui
3128 1001 3252 1041 cum
3290 988 3430 1044 bona
3466 1006 3563 1061 spe
3592 973 3723 1050 hinc

2099 1068 2352 1122 excessit.
2381 1068 2497 1124 Etsi
2534 1072 2678 1127 enim
2722 1089 2871 1130 mors
2899 1075 3109 1133 invecta
3148 1092 3232 1135 est
3257 1095 3324 1136 ex
3357 1094 3613 1152 peccato,
3653 1101 3721 1156 ea

2101 1164 2281 1213 tamen
2314 1158 2457 1216 Deus
2481 1176 2611 1218 usus
2633 1174 2717 1218 est
2742 1165 2811 1221 ad
2845 1176 3088 1227 nostrum
3119 1168 3463 1227 beneﬁcium.
3499 1176 3566 1231 Et
3596 1176 3720 1233 ideo

2098 1264 2207 1303 non
2232 1246 2333 1305 fuit
2351 1266 2416 1307 ea
2431 1252 2545 1309 sola
2570 1265 2881 1330 contentus,
2904 1259 2998 1315 sed
3016 1262 3178 1316 etiam
3203 1264 3363 1319 vitam
3386 1267 3620 1323 reddidit
3637 1270 3720 1325 la-

2098 1339 2369 1398 boriosam
2393 1385 2409 1412 ,
2437 1355 2495 1401 ut
2521 1348 2663 1403 scias
2688 1363 2815 1406 eum
2853 1367 2955 1407 nec
2984 1354 3137 1423 prius
3164 1357 3380 1427 quidem
3412 1366 3713 1430 permissu-

2095 1449 2216 1489 rum
2244 1435 2412 1494 fuisse
2440 1479 2457 1505 ,
2490 1441 2594 1495 nisi
2624 1441 2744 1512 ejus
2782 1444 3045 1514 sapientia
3083 1447 3135 1502 id
3167 1449 3324 1506 valde
3351 1454 3481 1508 utile
3511 1454 3713 1512 factum

2095 1539 2260 1584 esset.
2293 1529 2362 1584 Et
2390 1531 2515 1587 ideo
2534 1548 2655 1588 cum
2677 1535 2933 1606 dixisset,
2965 1538 3081 1605 Quo
3106 1541 3190 1595 die
3214 1544 3491 1601 comederis
3512 1589 3525 1613 ,
3556 1560 3721 1605 morte

2094 1621 2327 1696 morieris
2345 1620 2498 1695 (Gen.
2520 1623 2690 1696 2.17)
2715 1643 2732 1682 :
2762 1643 2870 1684 non
2890 1629 2994 1685 fuit
3016 1644 3176 1702 poena
3199 1644 3489 1694 contentus
3510 1654 3533 1707 ;
3556 1656 3714 1710 poena

2081 1713 2239 1767 enim
2255 1725 2391 1781 erat,
2422 1715 2579 1772 Terra
2594 1734 2666 1785 es,
2682 1728 2729 1774 et
2753 1722 2807 1775 in
2833 1731 3019 1776 terram
3046 1727 3309 1788 reverteris
3332 1728 3495 1800 (Ibid.
3517 1732 3571 1787 5.
3595 1734 3711 1803 19);

2094 1818 2238 1860 nunc
2265 1816 2449 1862 autem
2475 1810 2622 1865 aliud
2651 1827 2867 1883 quoque
2897 1814 3123 1885 adjicit,
3166 1818 3353 1876 dicens
3385 1839 3398 1875 :
3430 1823 3498 1877 In
3527 1826 3716 1882 sudore

2092 1895 2264 1951 vultus
2289 1900 2363 1952 tui
2384 1904 2596 1959 vesceris
2621 1920 2754 1974 pane
2783 1913 2892 1961 tuo.
2922 1905 3117 1977 Spinas
3140 1920 3187 1965 et
3206 1913 3419 1968 tribulos
3447 1920 3712 1987 germina-

2094 1987 2165 2041 bit
2182 1988 2272 2044 tibi
2298 2007 2318 2045 :
2343 1992 2397 2046 in
2422 1994 2682 2051 laboribus
2702 1999 2933 2054 comedes
2956 2016 3020 2056 ea:
3037 2018 3098 2056 ea
3132 2002 3294 2077 (Ibid.
3328 2017 3374 2060 et
3401 2025 3447 2062 v.
3478 2010 3563 2065 18.
3594 2012 3710 2081 17).

2094 2081 2164 2136 Et
2200 2084 2414 2140 mulieri
2454 2085 2633 2141 dixit:
2665 2087 3023 2160 Maltiplicans
3066 2096 3415 2167 multiplicabo
3446 2115 3712 2159 terumnas

2093 2182 2226 2242 tuas,
2256 2185 2302 2231 et
2327 2179 2567 2263 gemitum
2597 2188 2764 2236 tuum.
2797 2181 2865 2238 In
2891 2184 3151 2241 doloribus
3183 2187 3350 2256 paries
3379 2190 3516 2260 ﬁlios
3542 2192 3710 2263 (Ibid.

2090 2283 2138 2321 v.
2172 2268 2302 2341 16).
2346 2262 2531 2343 Neque
2567 2274 2713 2330 enim
2747 2275 2879 2332 illud
2908 2280 3040 2334 satis
3074 2289 3191 2335 erat
3220 2280 3287 2336 ad
3320 2296 3413 2338 eos
3444 2287 3712 2358 castigan-

2089 2360 2214 2418 dos.
2240 2362 2438 2419 Multos
2470 2365 2653 2439 itaque
2688 2368 2937 2426 videmus
2963 2387 3025 2428 ea
3066 2374 3279 2431 ratione
3322 2377 3553 2434 evadere
3591 2395 3712 2439 me-

2088 2452 2276 2511 liores.
2301 2455 2444 2513 Mors
2464 2458 2608 2515 enim
2632 2459 2723 2517 ubi
2750 2462 3052 2534 advenerit,
3083 2467 3286 2524 alienat
3313 2485 3343 2525 a
3364 2485 3531 2527 sensu
3556 2491 3570 2527 :
3592 2474 3712 2532 ba‘c

2087 2556 2269 2602 autem
2310 2548 2463 2604 vivos
2492 2551 2747 2608 meliores
2776 2553 3037 2611 efliciitut.
3076 2556 3232 2624 Quod
3275 2561 3319 2615 si
3365 2562 3579 2618 videtur
3623 2562 3715 2622 res

2087 2652 2210 2695 esse
2237 2641 2532 2708 terribilis,
2579 2643 2633 2700 id
2674 2644 2733 2701 lit
2759 2662 2827 2702 ex
2863 2648 3235 2708 imbecillitate
3266 2667 3453 2709 eorum
3494 2657 3585 2726 qui
3632 2658 3712 2714 sic

2086 2730 2261 2787 all'ecti
2289 2742 2435 2789 sunt.
2464 2735 2621 2804 Quod
2648 2738 2794 2792 enim
2839 2738 2927 2795 hic
2960 2751 3140 2797 metus
3178 2744 3248 2798 sit
3279 2744 3669 2805 imbecillitatis
3691 2790 3710 2816 ,

2084 2824 2209 2879 audi
2240 2824 2467 2882 Paulum
2497 2843 2618 2883 eam
2648 2839 2925 2900 aptantem
2949 2875 2964 2896 ,
3005 2843 3062 2889 et
3099 2832 3170 2891 de
3209 2850 3274 2892 ea
3302 2836 3614 2902 ltelantem,
3654 2852 3712 2897 ut

2084 2915 2302 2985 quando
2329 2917 2459 2973 dicit
2483 2937 2498 2973 :
2529 2919 2736 2976 Βαοιυὶ
2752 2964 2768 2988 ,
2808 2933 2857 2978 et
2883 2940 2993 2979 esse
3016 2942 3133 2981 cum
3174 2928 3377 2983 Christo
3397 2971 3412 2995 ,
3443 2941 3517 2985 est
3545 2934 3709 2988 multo

2084 3006 2265 3062 melius
2291 3006 2566 3082 (Philipp.
2602 3015 2655 3068 1.
2685 3013 2797 3086 93)
2823 3032 2838 3083 ;
2870 3026 2927 3072 et
2956 3033 3166 3087 rursus,
3198 3018 3371 3076 Lator
3400 3033 3451 3079 et
3476 3025 3708 3082 collwtor

2082 3114 2199 3153 cum
2229 3101 2371 3158 vobis
2398 3105 2664 3173 omnibus;
2690 3107 2868 3164 itidem
2896 3126 2984 3164 vos
3022 3128 3220 3184 quoque
3246 3114 3492 3170 latemini
3518 3128 3566 3172 et
3596 3121 3708 3174 col-

2084 3196 2324 3251 laetemini
2366 3214 2566 3255 mecum
2604 3200 2782 3273 (Ibid.
2840 3205 2896 3259 2.
2949 3206 3036 3260 17.
3100 3207 3208 3279 18)
3245 3226 3259 3276 ;
3312 3209 3380 3266 de
3418 3213 3707 3270 contrariis

2081 3300 2262 3346 autem
2290 3291 2565 3349 dolentem
2600 3313 2614 3349 :
2651 3294 2776 3351 Non
2805 3297 2973 3352 solum
3007 3299 3140 3352 enim
3162 3343 3177 3367 ,
3224 3302 3434 3373 inquit,
3474 3306 3566 3360 sed
3606 3307 3706 3377 ipsi

2082 3384 2235 3454 etiam
2262 3385 2317 3440 in
2343 3387 2486 3442 nobis
2514 3388 2641 3458 ipsis
2669 3389 3046 3462 ingemiscimus
3068 3434 3084 3459 ,
3115 3393 3345 3462 ﬁliorum
3375 3397 3704 3467 adaptionem

2082 3485 2451 3544 exspectantes,
2485 3479 2835 3534 liberationem
2858 3484 3089 3553 corporis
3117 3487 3280 3539 nostri
3301 3484 3479 3558 (Rom.
3504 3488 3558 3544 8.
3576 3489 3703 3577 25);

2080 3576 2136 3622 et
2162 3581 2371 3634 rursus,
2400 3568 2502 3636 Qui
2531 3587 2706 3626 sumus
2734 3572 2786 3626 in
2816 3572 2913 3626 hoc
2940 3574 3298 3643 tabernaculo,
3324 3568 3705 3649 ingemiscimis

2079 3660 2278 3730 gravati
2307 3659 2385 3733 (2.
2412 3659 2532 3718 Cor.
2561 3663 2616 3719 5.
2648 3664 2743 3736 4).

2153 3752 2208 3807 3.
2231 3753 2438 3819 Quanta
2463 3772 2542 3811 res
2566 3766 2639 3812 est
2671 3758 2999 3829 philosophia
3018 3762 3319 3818 christiana.
3354 3763 3520 3822 Dolor
3544 3786 3645 3823 non
3672 3788 3705 3824 tl

2079 3860 2241 3902 morte
2260 3887 2278 3917 ,
2311 3849 2403 3904 sed
2430 3866 2463 3904 a
2491 3852 2630 3906 mala
2650 3854 2984 3909 conscientia.
3008 3882 3084 3896 ι-
3111 3856 3304 3925 Vidisti
3336 3874 3597 3931 quantum
3630 3866 3702 3921 sit

2078 3938 2283 3996 bonum
2311 3940 2651 4013 philosophia
2674 3943 2698 3997 ἲ
2718 3943 2851 4014 Quae
2872 3945 2993 4002 aliis
3017 3947 3272 4004 videntur
3296 3965 3419 4008 esse
3441 3953 3598 4024 digna
3623 3955 3701 4009 la-

2079 4033 2281 4104 crymis
2304 4076 2322 4099 ,
2365 4048 2430 4089 ea
2468 4033 2596 4090 huic
2631 4035 2883 4103 videntur
2918 4053 3042 4095 esse
3070 4041 3304 4110 optanda
3341 4061 3353 4097 :
3383 4053 3439 4100 et
3477 4057 3700 4115 propter

2078 4143 2199 4199 quae
2224 4128 2317 4183 alii
2345 4144 2406 4186 se
2429 4129 2553 4201 jure
2582 4140 2773 4200 putant
2809 4131 2981 4187 laetari
3021 4144 3077 4188 et
3114 4134 3396 4206 voluptate
3434 4136 3580 4194 afﬁci
3602 4180 3618 4205 ,
3653 4140 3699 4195 is

2078 4228 2304 4291 propter
2322 4236 2385 4277 ea
2406 4221 2681 4278 existimat
2696 4237 2819 4279 esse
2839 4225 3035 4281 merito
3063 4226 3551 4296 ingemiscendum.
3587 4234 3701 4287 An-

2078 4330 2187 4371 non
2233 4324 2317 4371 est
2359 4317 2554 4373 merito
2595 4317 3058 4388 ingemiscendum
3084 4361 3101 4387 ,
3131 4320 3276 4391 quod
3320 4322 3495 4379 simus
3524 4323 3577 4379 in
3610 4341 3701 4380 re-

2077 4410 2237 4481 gione
2274 4410 2491 4476 aliena,
2532 4420 2586 4467 et
2628 4411 2682 4467 in
2723 4421 2922 4468 terram
2964 4416 3152 4485 procul
3194 4432 3226 4471 a
3265 4418 3438 4486 patria
3465 4420 3699 4491 positam

2077 4506 2392 4562 amandati?
2427 4507 2622 4563 Annon
2665 4516 2751 4563 est
2785 4507 3023 4564 maxime
3071 4509 3363 4565 Iaztandum
3389 4552 3405 4578 ,
3453 4513 3595 4583 quod
3643 4514 3697 4568 in

2076 4598 2423 4671 tranquillum
2464 4608 2678 4671 portum
2721 4615 2845 4668 cum
2888 4600 3123 4669 maxima
3166 4602 3448 4659 celeritate
3476 4619 3697 4660 cursum

2078 4702 2359 4751 teneamus
2384 4736 2399 4759 ,
2438 4703 2493 4751 et
2521 4709 2812 4765 supernam
2836 4694 3111 4750 civitatem
3137 4691 3465 4767 recipiamus
3487 4739 3502 4764 ,
3534 4713 3565 4753 a
3591 4713 3695 4769 qua

2076 4785 2285 4857 aufugit
2327 4786 2503 4853 dolor,
2539 4785 2792 4842 molestia
2816 4827 2830 4851 ,
2862 4796 2917 4841 et
2958 4787 3236 4857 gemitus?
3268 4787 3337 4842 Et
3365 4789 3491 4859 quid
3534 4806 3658 4845 mea
3687 4832 3701 4852 ,

2077 4878 2324 4950 inquies,
2367 4876 2575 4942 refert,
2604 4878 2715 4948 qui.
2741 4893 2861 4933 sum
2902 4880 3192 4948 peccator?
3223 4876 3388 4936 Vides
3424 4896 3531 4937 non
3572 4898 3696 4939 esse

2075 4981 2306 5027 mortem
2346 4989 2467 5043 quae
2502 4972 2748 5029 dolorem
2777 4972 3005 5040 afferat,
3037 4973 3133 5029 sed
3167 4974 3361 5032 malam
3401 4978 3691 5032 cunscien-
3736 4979 3743 4984 ’

2077 5065 2256 5119 tiam?
2298 5065 2493 5121 Desine
2531 5080 2663 5137 ergo
2704 5080 2932 5136 peccare
2956 5109 2969 5132 ,
3014 5076 3070 5121 et
3108 5067 3213 5122 erit
3256 5068 3353 5127 tibi
3389 5069 3694 5138 expetenda

2076 5172 2244 5213 mors.
2278 5156 2468 5212 Oculos
2506 5173 2645 5211 meos
2682 5173 2715 5211 a
2753 5158 3019 5229 lacryntis.
3050 5157 3239 5214 Merito
3277 5159 3350 5214 ita
3380 5159 3515 5215 dixit
3546 5180 3559 5216 :
3589 5175 3697 5218 non

2075 5260 2158 5305 est
2184 5250 2328 5306 enim
2349 5249 2456 5306 illic
2475 5249 2652 5316 dolor,
2674 5249 2914 5317 tristitia,
2944 5265 3046 5306 nec
3070 5250 3269 5306 luctus.
3293 5251 3538 5323 Et'pedes
3560 5273 3698 5311 meos

2075 5360 2108 5398 a
2124 5343 2295 5415 lapsu.
2318 5343 2432 5400 Hoc
2447 5352 2531 5398 est
2550 5342 2727 5413 majus
2745 5343 2946 5411 priore.
2970 5336 3291 5412 Quomodo?
3312 5344 3466 5413 Quod
3494 5361 3602 5401 non
3627 5348 3699 5402 si-

2073 5450 2195 5491 mus
2218 5435 2394 5493 solum
2420 5432 2633 5503 liberati
2667 5449 2700 5488 a
2726 5433 2916 5491 dolore
2941 5476 2955 5500 ,
2985 5435 3079 5489 sed
3114 5435 3277 5491 etiam
3313 5451 3343 5490 a
3374 5436 3695 5507 supplanta-

2075 5529 2221 5586 tione
2247 5538 2304 5585 ct
2322 5528 2391 5585 ab
2416 5527 2646 5584 insidiis.
2675 5526 2792 5583 Stat
2815 5528 2960 5584 enim
2991 5543 3155 5598 super
3178 5537 3416 5601 petram,
3444 5528 3539 5601 qui
3566 5544 3693 5586 cum

2073 5630 2223 5682 recte
2258 5622 2414 5679 factis
2452 5621 2719 5679 recessit:
2751 5631 2966 5692 portum
3010 5620 3372 5691 apprehendit
3407 5641 3421 5677 :
3467 5622 3695 5693 impedi-

2072 5726 2253 5774 menta
2296 5715 2480 5773 omnia
2522 5715 2576 5769 in
2625 5724 2900 5786 posterum
2948 5713 3159 5769 sublata
3210 5723 3373 5782 sunt;
3423 5719 3693 5787 nusquam

2075 5810 2227 5868 turba
2246 5852 2263 5881 ,
2298 5824 2398 5867 nec
2430 5808 2690 5865 tumultus
2724 5823 2738 5862 :
2766 5807 2822 5864 in
2853 5806 3147 5879 tranquillo
3176 5816 3319 5864 statu
3352 5817 3532 5864 manet
3564 5822 3692 5881 per-
