4086 6504
376 445 472 501 Sil

376 561 441 616 Et
464 559 587 617 ideo
614 559 748 617 dicit
776 578 789 617 :
821 560 1077 633 Respicite
1099 560 1167 614 ad
1192 560 1410 615 solidum
1438 570 1654 629 petram.
1683 576 1747 615 ea:
1764 576 1866 630 qua
1891 575 1981 614 c1-

374 652 465 706 risi
490 652 632 718 estis,
656 652 928 708 Abraham
946 654 1017 706 ita
1042 665 1244 708 vocans
1274 671 1288 707 :
1318 660 1363 706 et
1388 653 1581 725 [ossam
1601 651 1766 716 lacus,
1797 667 1862 706 ea:
1882 667 1982 723 quo

369 741 545 808 e/fossi
574 744 695 798 estis
716 784 731 805 ,
784 743 1001 799 Sarram
1052 743 1123 798 ita
1170 744 1456 798 nominans
1487 743 1583 815 (a).
1611 743 1978 812 Quemadmo-

368 832 503 888 dum
536 834 684 890 enim
719 835 869 889 lacus
896 849 1089 906 aquam
1132 851 1231 906 per
1272 851 1332 892 se
1362 850 1468 891 non
1502 836 1684 903 habet,
1724 836 1822 894 sed
1857 850 1976 890 eam

368 926 601 995 suscipit
631 942 697 981 ex
725 930 972 995 supernis
1015 926 1206 998 pluviis
1237 946 1250 981 :
1280 928 1352 982 ita
1368 928 1537 983 ‘etiam
1567 929 1654 983 illa
1679 943 1803 983 cum
1834 936 1979 984 esset

365 1017 575 1084 privata
602 1015 860 1073 facultate
904 1019 1177 1092 gignendi,
1206 1035 1235 1073 a
1262 1022 1513 1090 supernis
1551 1022 1762 1093 accepit
1786 1021 1927 1076 illam
1956 1039 1972 1084 ;

363 1118 421 1163 et
449 1106 908 1177 quemadmodum
939 1118 1089 1179 petra
1138 1125 1426 1181 numquam
1458 1112 1690 1167 fructum
1730 1112 1873 1180 tulit,
1902 1112 1976 1168 ita

365 1212 467 1252 nec
498 1196 642 1253 ferre
668 1208 878 1269 poterat
904 1199 1178 1255 Abraham
1205 1218 1220 1255 :
1248 1217 1348 1270 ego
1371 1212 1548 1258 tamen
1577 1218 1674 1260 vos
1701 1203 1848 1261 illinc
1873 1219 1972 1261 ex-

363 1288 559 1358 culpsi,
593 1301 649 1346 et
677 1306 743 1346 ex
773 1307 881 1347 uno
923 1302 1003 1349 tot
1028 1302 1084 1349 et
1127 1302 1303 1350 tantas
1333 1296 1581 1368 regiones
1631 1298 1869 1368 implevi.
1905 1298 1974 1353 Et

367 1381 490 1435 ideo
520 1381 862 1439 Ezechielem
886 1401 1097 1458 quoque
1121 1387 1173 1441 in
1203 1402 1454 1458 campum
1483 1388 1683 1455 educit,
1710 1399 1764 1446 et
1789 1398 1977 1446 osten-

362 1468 441 1525 dit
464 1472 514 1526 ci
543 1473 816 1529 cumulum
843 1476 1069 1544 ossium,
1100 1486 1155 1533 et
1199 1478 1530 1549 pmphetans
1579 1495 1702 1535 ossa
1745 1482 1965 1551 excitat,

360 1562 655 1619 ostendens
675 1564 776 1631 eis,
809 1575 864 1622 et
893 1567 1079 1624 dicens
1106 1587 1119 1621 :
1152 1567 1216 1624 Si
1241 1586 1449 1640 possunt
1469 1572 1691 1626 excitare
1715 1583 1966 1641 mortuos,

359 1656 521 1711 multo
549 1658 713 1728 magis
740 1674 847 1724 vos,
874 1661 961 1727 qui
999 1661 1184 1727 vivitis,
1211 1663 1449 1718 reducere
1478 1663 1693 1735 (Ezech.
1727 1665 1816 1721 57.
1852 1667 1966 1736 15).

358 1743 437 1800 Illi
463 1746 681 1817 quidem
712 1749 791 1806 sic
820 1768 833 1804 :
867 1750 954 1807 hic
981 1762 1161 1808 autem
1188 1753 1449 1824 propheta
1481 1756 1796 1826 quomodo?

431 1858 588 1915 Fidei
632 1865 900 1920 necessitas
926 1867 980 1920 iu
1010 1866 1451 1937 promissionibus.
1493 1868 1703 1925 Rationi
1728 1870 1969 1926 Immanis

358 1967 459 2006 non
488 1954 812 2010 innitendum
838 1958 891 2011 in
929 1959 1084 2014 rebus
1126 1960 1329 2016 diuinis.
1384 1991 1457 2004 —
1501 1961 1728 2031 Credidi,
1757 1975 1966 2036 prapter

353 2044 491 2106 quod
541 2044 781 2115 loquutus
824 2064 957 2103 sum.
1017 2051 1131 2107 Hoc
1179 2060 1303 2107 est:
1335 2051 1467 2109 Fide
1510 2068 1645 2124 opus
1674 2064 1758 2112 est
1803 2050 1869 2111 ad
1901 2072 1964 2112 ea

352 2149 474 2200 quae
502 2126 927 2204 promittuntur:
958 2156 1061 2211 ego
1098 2142 1244 2199 enim
1290 2158 1352 2199 ea
1392 2145 1637 2217 cogitans
1679 2157 1735 2203 et
1778 2149 1964 2204 animo

353 2222 804 2294 revolvens,ﬁde
850 2231 1156 2292 introducta
1200 2249 1417 2293 omnem
1466 2230 1960 2311 expuli‘perturba-

354 2315 577 2372 tionem.
613 2318 726 2375 Hoc
753 2335 883 2393 ergo
910 2323 1044 2379 dicit
1074 2324 1296 2393 Paulus,
1349 2326 1401 2380 in
1434 2324 1518 2382 his
1559 2324 1870 2397 sensilibus,
1906 2340 1962 2387 et

245 2448 252 2450 .
351 2423 473 2476 qua:
503 2410 754 2465 videntur
784 2413 961 2482 bonis,
1011 2415 1120 2472 ﬁde
1148 2431 1284 2488 opus
1309 2433 1449 2475 esse.
1483 2419 1639 2488 Quod
1664 2422 1710 2477 si
1740 2423 1793 2477 in
1829 2437 1959 2479 sen-

348 2499 561 2567 silibus,
593 2502 761 2557 multo
782 2505 952 2576 magis
975 2507 1025 2561 in
1057 2508 1444 2579 spiritualibus.
1468 2510 1523 2567 Si
1541 2512 1684 2568 enim
1713 2524 1774 2569 ut
1804 2503 1958 2573 suam

349 2589 624 2647 civitatem
658 2609 718 2649 se
751 2606 1165 2667 recuperaturos
1194 2600 1561 2669 admitterent,
1591 2604 1671 2661 eis
1698 2605 1794 2662 fuit
1820 2622 1957 2677 opus

350 2679 456 2736 ﬁde
485 2698 499 2734 :
531 2682 704 2739 multo
744 2689 915 2758 magis
951 2690 1126 2760 nobis,
1174 2693 1268 2763 qui
1315 2694 1509 2751 calum
1553 2709 1954 2769 expectamus.

344 2771 576 2841 Quando
599 2791 729 2846 ergo
754 2787 837 2834 est
871 2780 1073 2851 aliquid
1102 2798 1375 2855 magnum,
1404 2798 1459 2843 et
1488 2789 1633 2859 quod
1669 2790 1955 2863 cogitatio-

345 2880 468 2922 nem
496 2877 555 2923 et
577 2870 839 2926 rationem
880 2884 1126 2943 superat,
1156 2887 1368 2948 oportet
1406 2897 1525 2937 eam
1566 2898 1868 2955 assumere,
1898 2897 1956 2944 et

345 2972 454 3014 non
482 2958 719 3018 humano
749 2965 941 3021 ordine
960 2982 1049 3024 res
1068 2971 1401 3029 examinare.
1428 2975 1782 3035 Admirabilia
1806 2981 1952 3037 enim

344 3049 439 3106 Dei
465 3067 630 3123 opera
657 3066 786 3111 sunt
812 3058 877 3114 iis
905 3060 1159 3118 omnibus
1186 3066 1484 3134 superiora.
1515 3066 1743 3140 Oportet
1771 3072 1953 3143 itaque

341 3157 437 3198 ora
484 3146 786 3204 rationibus
833 3151 1182 3211 ebstruentes
1221 3156 1288 3211 ad
1339 3157 1502 3214 ﬁdem
1554 3176 1862 3232 accurrere,
1896 3176 1952 3222 et

344 3234 514 3291 Deum
541 3237 711 3307 gloria
741 3238 982 3298 allicere.
1016 3243 1116 3313 Qui
1144 3247 1289 3303 enim
1317 3249 1530 3307 ratione
1552 3254 1832 3311 contendit
1861 3272 1951 3314 res

337 3325 406 3381 ad
437 3328 587 3383 illum
611 3340 917 3401 spectantes
948 3334 1213 3404 invenire,
1241 3355 1583 3412 nequaquam
1619 3360 1744 3402 eum
1771 3348 1948 3419 gloria

337 3417 527 3486 afﬁcit,
557 3430 616 3476 ut
641 3424 731 3493 qui
771 3425 1037 3481 ratiocinii
1064 3430 1147 3485 sui
1174 3429 1466 3490 humilitati
1494 3437 1624 3494 velit
1649 3417 1945 3501 inelibbilia

337 3508 455 3579 ejus
481 3514 802 3569 teconomite
826 3518 1050 3573 consilia
1069 3521 1362 3591 subjicere.

401 3624 457 3678 2.
505 3624 632 3681 Ideo
654 3626 718 3682 de
744 3628 1016 3687 Abraham
1044 3648 1259 3706 quoque
1288 3637 1517 3711 loquens
1561 3643 1779 3717 Paulus,
1806 3664 1945 3720 quo-

334 3716 478 3771 niam
513 3731 620 3772 non
652 3717 756 3774 hoc
784 3720 913 3777 fecit
931 3764 947 3792 ,
977 3726 1073 3781 sed
1101 3741 1229 3784 suas
1270 3733 1511 3790 rationes
1538 3716 1944 3807 reprehendens

330 3808 573 3877 respexit
591 3807 658 3862 ad
682 3814 976 3879 potentiam
998 3815 1118 3885 ejus
1139 3820 1229 3889 qui
1254 3829 1337 3877 est
1357 3825 1647 3895 pollicitus,
1677 3838 1731 3885 et
1755 3842 1941 3891 osten-

329 3896 466 3954 dens
493 3915 618 3954 eum
641 3899 739 3957 hac
762 3904 971 3961 ratione
1000 3907 1173 3964 Deum
1203 3914 1434 3969 maxima
1465 3917 1635 3988 gloria
1666 3920 1935 3993 aﬁ‘ecisse,

326 3990 456 4045 dicit
485 4010 499 4045 :
522 3990 593 4046 In
623 3998 958 4065 promissione
984 4004 1120 4056 enim
1147 4002 1247 4060 Dei
1270 4023 1378 4076 non
1408 4009 1664 4067 [inuitauit
1690 3990 1935 4072 incredul-

218 4116 223 4119 -
327 4083 489 4152 litate,
520 4087 611 4140 sed
636 4088 837 4145 validus
877 4095 1047 4163 factus
1075 4106 1151 4150 est
1175 4099 1307 4168 ﬁde,
1340 4100 1473 4156 dans
1496 4106 1716 4175 gloriam
1738 4109 1938 4176 Deo,et

326 4188 458 4232 certo
482 4193 786 4248 persuasus,
810 4184 978 4253 ipsum
1005 4188 1146 4257 quod
1171 4190 1430 4259 pollicitus
1455 4206 1528 4252 est
1546 4240 1561 4264 ,
1604 4216 1753 4269 posse
1782 4205 1935 4260 etiam

324 4272 494 4338 facere
522 4269 698 4341 (Rom.
736 4275 787 4329 ι.
808 4273 897 4331 20.
921 4277 1037 4349 21).
1056 4280 1197 4348 Quid
1225 4290 1386 4352 perro
1412 4298 1518 4355 est,
1546 4291 1799 4351 Habentes
1840 4315 1937 4353 au-

322 4370 421 4415 tem
448 4364 681 4418 eumdem
712 4365 967 4436 Spiritum
981 4372 1124 4439 ﬁdei,
1144 4377 1273 4429 sicut
1295 4380 1541 4449 scriptum
1566 4394 1679 4440 est:
1702 4388 1931 4457 Credidi,

322 4464 531 4525 propter
575 4459 713 4527 quod
761 4461 994 4531 loquutus
1037 4482 1148 4519 sum
1172 4482 1191 4521 :
1222 4478 1269 4523 et
1305 4488 1399 4527 nos
1436 4477 1692 4534 credimus
1718 4496 1934 4555 propter

319 4548 456 4615 quod
480 4559 527 4601 et
559 4550 815 4620 loquimur
846 4553 921 4627 (2.
953 4556 1073 4612 Cor.
1101 4560 1312 4631 4.15)?

388 4658 621 4727 Spiritus
649 4662 786 4717 idem
811 4666 1071 4736 utriusque
1101 4669 1414 4731 Testamenti
1439 4682 1700 4739 conditor.
1732 4685 1916 4744 Gratia

316 4749 381 4802 ad
399 4750 555 4817 ﬁdem
570 4757 951 4810 necessaria.-—
979 4758 1076 4815 Hic
1106 4764 1264 4820 nobis
1301 4781 1554 4839 magnum
1576 4776 1783 4832 revelat
1806 4794 1928 4851 my-

315 4843 559 4896 sterium‘.
584 4843 867 4910 Quodnam
895 4848 1000 4905 hoc
1019 4852 1042 4906 ?
1062 4853 1315 4923 Ejusdem
1338 4874 1460 4917 esse
1474 4861 1707 4934 Spiritus
1730 4843 1927 4928 novu'm

315 4938 373 4985 et
406 4930 573 4987 \‘etus
609 4933 1013 4997 Testamentum
1045 4960 1060 4998 :
1108 4954 1165 5000 et
1209 4948 1457 5034 eumdem
1509 4930 1770 5025 Spiritum
1793 5003 1809 5025 ,
1836 4967 1926 5034 qui

314 5031 390 5075 est
441 5024 494 5076 in
527 5037 594 5078 eo
642 5026 915 5098 loquutus,
941 5031 1027 5088 hic
1067 5051 1282 5108 quoque
1329 5024 1608 5113 loquutum
1656 5024 1819 5119 esse,
1853 5024 1926 5113 lac

314 5110 470 5168 ﬁdem
517 5130 640 5170 esse
685 5120 923 5176 omnium
970 5126 1304 5199 magistram,
1336 5110 1440 5189 nec
1472 5138 1677 5209 absque
1706 5158 1770 5199 ea
1824 5161 1925 5201 nos

308 5204 583 5274 quidpiam
632 5223 810 5279 posse.
864 5211 928 5268 Et
975 5232 1065 5271 nos
1121 5221 1299 5303 enirn,
1358 5204 1920 5303 inquiticredimus,

308 5303 353 5347 et
401 5296 519 5351 ideo
563 5298 841 5369 loquimur.
891 5304 949 5360 Si
1006 5321 1124 5363 eam
1173 5297 1318 5368 enim
1363 5296 1683 5387 sustuleris,
1744 5341 1812 5381 ne
1859 5343 1921 5383 os

306 5389 521 5457 quidem
572 5395 785 5463 aperire
837 5412 1145 5469 possumus.
1174 5406 1351 5475 Quare
1389 5423 1569 5471 autem
1618 5434 1725 5474 non
1760 5421 1915 5489 dixit,

304 5482 578 5541 Habentes
623 5499 802 5547 autem
849 5499 1095 5554 eamdem
1150 5501 1488 5575 ﬁdem,sed,
1514 5509 1771 5571 Habentes
1816 5482 1915 5573 au;

358 5638 440 5734 ξ,ίέ
461 5644 1420 5734 matremnerasamenta
1437 5665 1694 5728 scriptura.
1721 5677 1778 5721 Αι
1794 5685 1914 5734 quo-

300 5701 440 5751 modo
461 5701 555 5775 una
581 5701 734 5767 possit
755 5711 992 5762 Abraham
1013 5701 1913 5799 fumanti-maxattinge“;

300 5763 477 5799 antand-
504 5764 738 5799 {annuimus
762 5773 1016 5799 summa“...
1064 5791 1204 5799 -..μμ
1252 5781 1344 5799 ιη,
1366 5786 1377 5799 ι
1664 5792 1675 5799 .
1786 5798 1789 5799 ,
1814 5796 1823 5799 -

299 5763 1913 5856 meﬂeemms‘né'Eiiihi‘q'b‘iﬁéiiﬁé‘ﬁ

416 5831 554 5916 ’Saraa
577 5831 788 5881 mortem
807 5842 955 5887 aetate
978 5831 1207 5902 grandior
1225 5831 1316 5895 sci
1334 5831 1911 5916 ‘miéé‘sﬁgééﬁi‘e§“555

1454 439 1814 500 EXPOSITIO
1852 438 1916 495 IN
1955 438 2278 501 PSALMUM
2316 443 2473 503 CXV.

3605 464 3713 522 Εἰ

2091 568 2188 614 tem
2239 563 2472 619 eumdem
2520 563 2775 636 Spiritum
2801 570 2973 640 ﬁdei?
3002 573 3068 629 Et
3117 589 3181 631 ea
3211 590 3334 647 qua:
3382 578 3525 637 dicta
3582 598 3707 641 sunt.

2087 653 2417 724 signiﬁcans,
2456 672 2511 714 et
2563 660 2859 719 ostendens
2903 678 3043 735 opus
3094 683 3218 724 esse
3272 674 3708 742 suppeditatione

2086 743 2320 814 Spiritus
2349 748 2417 803 ad
2455 751 2932 811 conscendendum
2979 757 3049 811 ad
3079 759 3419 817 altitudinem
3463 763 3623 835 ﬁdei,
3652 777 3711 825 et

2083 836 2515 907 vilipendendam
2546 843 2817 900 rationum
2862 847 3315 908 imbecillitatem.
3346 852 3416 909 Et
3437 855 3562 911 ideo
3591 859 3709 930 ipse

2082 943 2298 1000 quoque
2329 933 2456 990 alibi
2484 934 2615 991 dicit
2648 953 2663 991 :
2696 936 2983 1011 Unicuique
3009 952 3179 998 autem
3203 948 3552 1019 manifestatio
3575 948 3709 1022 Spic

2081 1022 2210 1077 ritus
2234 1023 2390 1078 datur
2410 1026 2481 1080 ad
2497 1028 2790 1085 utilitatem.
2817 1032 2924 1086 Alii
2954 1034 3092 1089 enim
3129 1052 3221 1106 per
3246 1036 3509 1108 Spiritum
3550 1041 3711 1097 datur

2079 1129 2246 1169 sermo
2266 1118 2645 1187 sapientiw,alii
2665 1132 2836 1177 autem
2847 1140 3015 1179 sermo
3035 1126 3286 1191 scientiae,
3305 1129 3402 1184 alii
3418 1147 3533 1186 vero
3552 1134 3706 1201 ﬁdes,

2078 1204 2171 1259 alii
2190 1218 2359 1262 autent
2380 1209 2518 1264 dona
2546 1210 2873 1277 sanationum
2901 1215 2977 1287 (2.
3008 1216 3243 1275 Cor.12.
3274 1221 3435 1293 7-9).
3454 1222 3563 1279 Sed
3594 1225 3706 1280 lor-

2081 1305 2225 1355 tasse
2251 1300 2452 1358 dixerit
2479 1304 2768 1375 quispiam,
2796 1306 2942 1379 quod
2970 1309 3133 1367 etiam
3163 1326 3356 1369 verum
3385 1324 3492 1384 est,
3523 1315 3705 1387 ipsum

2077 1390 2239 1447 aliam
2282 1392 2464 1450 dicere
2507 1395 2816 1470 ﬁdem;per
2844 1416 3007 1471 quam
3026 1402 3228 1458 ﬁebant
3262 1405 3545 1462 miracula.
3574 1405 3704 1465 Scio
3772 1454 3786 1463 .

2076 1498 2178 1554 ego
2206 1500 2421 1556 quoque
2452 1489 2613 1545 aliam
2643 1490 2977 1560 esseﬁdem,
3010 1493 3081 1550 dc
3120 1511 3225 1566 qua
3270 1498 3505 1573 apostoli
3555 1500 3705 1557 dice-

2074 1574 2227 1644 bant,
2253 1577 2437 1650 Adjice
2467 1581 2614 1637 nobis
2643 1583 2801 1653 ﬁdem
2833 1582 2986 1658 (Luc.
3014 1587 3104 1642 17.
3134 1588 3191 1659 5)
3220 1600 3316 1645 :et
3341 1591 3503 1647 aliam
3538 1592 3699 1662 hanc,

2073 1682 2172 1736 per
2219 1683 2382 1739 quam
2428 1686 2620 1730 sumus
2660 1688 2855 1732 omnes
2884 1675 3109 1745 ﬁdeles,
3144 1680 3298 1751 signa
3328 1683 3550 1753 quidem
3594 1703 3707 1743 non

2072 1756 2365 1827 facientes,
2399 1762 2497 1817 sed
2544 1762 2806 1822 habentes
2844 1768 3212 1844 cognitionem
3257 1772 3474 1842 pietatis
3506 1792 3523 1829 :
3551 1779 3704 1849 atqui

2073 1850 2162 1907 hic
2213 1867 2431 1925 quoque
2459 1864 2545 1911 est
2578 1858 2736 1914 nobis
2763 1873 2901 1929 opus
2930 1862 3134 1918 auxilio
3175 1864 3437 1935 Spiritus.
3481 1865 3699 1924 Etenim

2070 1942 2139 1998 de
2169 1943 2402 2012 quadam
2429 1947 2619 2003 scribit
2639 1948 2836 2016 Lucas,
2868 1951 3085 2022 Aperuit
3111 1970 3202 2008 eor
3220 1956 3366 2026 ejus,
3390 1969 3447 2012 ut
3470 1962 3699 2017 attende-

2069 2044 2144 2088 ret
2167 2050 2248 2101 ea,
2276 2052 2394 2105 quae
2421 2036 2770 2095 dicebantura
2794 2038 2968 2098 Paulo
2996 2043 3141 2115 (Act.
3166 2046 3254 2103 16.
3292 2049 3406 2120 ti).
3442 2050 3507 2105 Et
3537 2050 3699 2108 Chri-

2069 2135 2183 2193 stus
2209 2145 2225 2183 :
2258 2127 2428 2185 Nemo
2457 2132 2593 2187 venit
2617 2133 2688 2187 ad
2708 2150 2809 2203 me,
2832 2136 2933 2192 nisi
2962 2135 3126 2193 Pater
3139 2142 3355 2197 traxerit
3374 2159 3490 2199 eum
3509 2143 3695 2217 (Joan.

2068 2221 2122 2276 6.
2154 2222 2269 2291 44).
2299 2222 2358 2279 Si
2390 2224 2493 2281 hoc
2539 2241 2672 2299 ergo
2718 2228 2814 2295 Dei
2866 2238 2973 2298 est,
2997 2234 3272 2303 quomodo
3319 2248 3550 2307 peccant
3599 2243 3691 2312 qui

2068 2329 2177 2369 non
2207 2316 2477 2387 credunt,
2510 2334 2633 2375 cum
2667 2336 2769 2378 nec
2796 2323 3034 2394 Spiritus
3061 2340 3220 2397 opem
3246 2326 3416 2398 ferat,
3442 2347 3543 2388 nec
3585 2332 3693 2389 Pa-

2067 2413 2149 2460 ter
2176 2406 2372 2476 trahat,
2392 2424 2494 2466 nec
2515 2411 2568 2465 in
2596 2411 2736 2467 viam
2758 2412 2994 2471 deducat
3014 2416 3224 2475 Filius?
3248 2420 3324 2477 De
3344 2424 3527 2495 seipse
3545 2428 3691 2482 enim

2063 2496 2193 2553 dicit
2222 2516 2234 2552 :
2269 2500 2386 2572 Ego
2409 2519 2524 2557 sunt
2551 2504 2633 2558 via
2664 2505 2682 2576 (
2711 2505 2872 2562 loan.
2904 2509 2993 2565 14.
3022 2509 3126 2583 6).
3176 2512 3293 2569 Hoc
3331 2525 3515 2574 autem
3560 2519 3694 2577 dicit

2064 2592 2361 2648 ostendens
2406 2610 2467 2651 se
2507 2611 2644 2667 opus
2674 2612 2796 2656 esse
2844 2601 2912 2656 ad
2962 2601 3067 2660 hoc
3116 2612 3177 2660 ut
3235 2606 3575 2668 adducantur
3621 2615 3691 2671 ad

2062 2683 2303 2741 Patrem.
2325 2686 2380 2743 Si
2412 2703 2542 2761 ergo
2568 2690 2728 2748 Pater
2757 2693 2940 2764 trahit,
2973 2696 3141 2754 Filius
3171 2700 3423 2770 deducit,
3453 2704 3692 2777 Spiritus

2030 2770 2035 2775 “
2063 2774 2349 2846 illuminat,
2379 2780 2505 2847 quid
2547 2794 2773 2853 peccant
2800 2786 2892 2856 qui
2923 2802 3102 2859 neque
3130 2792 3291 2848 tracti
3318 2803 3477 2863 sunt,
3497 2770 3685 2869 neque

2060 2865 2310 2937 deducti,
2343 2888 2443 2928 nec
2484 2873 2817 2932 illuminati?
2848 2878 3114 2947 Quoniam
3152 2898 3261 2939 non
3304 2887 3551 2955 praebent
3595 2865 3687 2946 se-

2060 2957 2209 3028 ipsos
2234 2961 2451 3033 dignos,
2477 2974 2534 3019 ut
2557 2981 2679 3021 eam
2704 2970 3005 3040 suscipiant
3047 2973 3524 3035 illuminationem.
3553 2980 3688 3038 Vide

2058 3064 2190 3121 ergo
2246 3053 2351 3109 hoc
2400 3057 2651 3114 evenisse
2696 3059 2987 3118 Cornelio:
3021 3079 3203 3136 neque
3257 3069 3403 3125 enim
3448 3070 3553 3129 hoc
3595 3073 3688 3132 ille

2057 3141 2200 3209 apud
2225 3158 2285 3199 se
2314 3144 2518 3202 invenit
2537 3189 2554 3214 ,
2581 3148 2678 3205 sed
2706 3166 2830 3206 eum
2863 3153 3009 3211 Deus
3030 3158 3264 3226 vocavit,
3288 3163 3543 3232 quoniam
3569 3165 3686 3235 ipse

2058 3248 2446 3307 praroccupans
2467 3280 2482 3307 ,
2512 3241 2752 3311 seipsum
2783 3245 3006 3317 dignum
3038 3248 3275 3306 reddidit
3300 3253 3439 3325 (Act.
3471 3256 3586 3327 10).
3618 3258 3686 3314 Et

2057 3326 2179 3381 ideo
2206 3327 2405 3384 Paulus
2432 3347 2650 3402 quoque
2687 3335 2756 3390 de
2799 3336 2905 3393 ﬁde
2941 3338 3241 3410 disserens,
3272 3345 3448 3402 dixit:
3478 3326 3550 3413 Et
3587 3351 3683 3406 hoc

2054 3435 2156 3473 non
2176 3437 2241 3475 ea:
2268 3422 2424 3487 vobis,
2458 3423 2559 3477 Dei
2584 3436 2659 3480 est
2678 3426 2871 3482 donum
2902 3429 3123 3501 (Ephes.
3154 3433 3211 3489 2.
3242 3436 3321 3507 8).
3354 3436 3466 3495 Nec
3498 3448 3682 3499 tamen

2054 3520 2107 3566 te
2131 3513 2386 3585 relinquit
2414 3532 2643 3573 vacuum
2676 3519 2837 3577 bonis
2863 3523 3185 3581 actionibus.
3234 3528 3348 3584 Etsi
3378 3533 3526 3588 enim
3560 3536 3683 3605 ejus

2052 3614 2134 3659 est
2164 3605 2382 3661 trahere
2403 3617 2457 3662 ct
2480 3608 2742 3667 inducere
2777 3629 2790 3665 :
2823 3615 3061 3671 animam
3085 3626 3264 3675 tamen
3292 3624 3522 3692 requirit
3550 3642 3676 3696 quae

2052 3709 2258 3749 morem
2289 3705 2465 3767 gerat,
2490 3708 2544 3753 et
2572 3700 2731 3757 facile
2760 3713 2950 3773 pareat
2981 3723 2995 3760 :
3026 3716 3082 3761 et
3112 3715 3240 3764 tunc
3266 3724 3423 3767 suum
3449 3714 3679 3772 adhibet
3709 3770 3723 3791 ε

2048 3786 2327 3840 auxilium.

2131 3874 2301 3932 Virtus
2322 3888 2369 3934 et
2392 3882 2532 3936 salus
2554 3892 2731 3938 nostra
2760 3887 3049 3943 necessitati
3079 3907 3182 3945 non
3206 3894 3494 3965 subjacent.
3544 3898 3678 3955 Fide

2048 3971 2212 4041 magis
2242 3988 2370 4042 Opus
2401 3978 2585 4029 habent
2616 3975 2899 4035 Christiani
2926 3999 3084 4052 quam
3109 3986 3233 4040 olim
3245 3987 3673 4060 Judtei.-—Quo-

2044 4063 2186 4118 circa
2214 4064 2337 4119 alibi
2357 4081 2573 4138 quoque
2594 4070 2723 4126 dicit
2740 4074 2937 4129 Paulus
2964 4093 2976 4128 :
3004 4076 3305 4134 Secundum
3337 4087 3665 4153 propositum

2043 4162 2230 4210 vocatis
2248 4156 2609 4232 (llom.8.28).
2627 4161 2813 4233 Neque
2838 4166 2983 4220 enim
2999 4167 3186 4234 virtus,
3205 4187 3307 4228 nec
3323 4175 3469 4231 salus
3487 4188 3670 4234 nostra

2044 4253 2355 4307 necessitati
2372 4254 2773 4327 subjacet.Nam
2795 4262 2897 4316 etsi
2922 4262 3155 4319 maxima
3183 4281 3329 4335 pars,
3348 4279 3508 4339 atque
3525 4274 3665 4328 adeo

2044 4339 2157 4397 fere
2174 4350 2342 4398 totum
2362 4346 2479 4416 ejus
2498 4350 2590 4415 sit,
2608 4349 2863 4420 exiguum
2885 4353 3013 4422 quid
3043 4363 3221 4412 tamen
3247 4360 3402 4415 nobis
3423 4362 3661 4432 reliquit,

2043 4442 2101 4495 ut
2128 4434 2321 4491 danda:
2363 4454 2580 4497 coronae
2618 4444 2865 4511 speciosa
2910 4446 2979 4499 sit
3006 4434 3242 4502 occasio.
3294 4450 3359 4505 Et
3392 4453 3512 4507 ideo
3540 4469 3663 4509 cum

2042 4526 2271 4584 dixisset
2313 4528 2558 4586 Paulus:
2596 4533 2857 4589 Habentes
2902 4547 3073 4591 autem
3112 4542 3348 4596 eumdem
3402 4543 3663 4613 Spiritum

2040 4619 2163 4688 ﬁdei
2184 4621 2260 4691 (2.
2295 4622 2415 4677 Cor.
2448 4625 2502 4678 4.
2538 4626 2653 4695 15),
2678 4626 2782 4682 hoc
2804 4638 2922 4695 est,
2956 4630 3046 4699 qui
3078 4632 3239 4687 etiam
3291 4635 3549 4707 loquutus
3578 4654 3662 4695 est

2038 4710 2094 4766 in
2120 4712 2316 4778 Veteri,
2350 4714 2630 4785 subjunxit
2662 4736 2675 4772 :
2709 4717 2779 4772 Et
2807 4737 2904 4774 nos
2942 4724 3203 4778 credimus
3224 4767 3239 4792 ,
3274 4739 3485 4798 propter
3521 4735 3663 4799 quod

2038 4814 2085 4858 et
2107 4804 2386 4873 loquimur.
2428 4808 2593 4865 Multo
2614 4810 2763 4866 enim
2790 4814 2960 4884 magis
2988 4815 3075 4871 hic
3104 4816 3210 4874 ﬁde
3236 4835 3371 4890 opus
3399 4824 3663 4884 habt-mus

2036 4910 2198 4965 quam
2258 4897 2385 4961 illic,
2418 4909 2472 4952 et
2518 4910 2741 4971 propter
2793 4912 3040 4960 naturam
3086 4913 3507 4982 promissorum,
3538 4936 3660 4989 qute

2034 4989 2137 5043 sub
2163 4989 2333 5044 visum
2364 5008 2468 5046 non
2500 4993 2735 5060 cadunt,
2769 4997 2863 5051 sed
2892 4999 3006 5054 sola
3035 5012 3217 5056 mente
3248 5008 3645 5077 percipiuntur;

2033 5088 2088 5133 et
2132 5090 2353 5153 propter
2391 5083 2638 5139 ordinem
2686 5095 3014 5156 temporum.
3071 5090 3190 5146 Non
3245 5096 3393 5150 enim
3445 5099 3499 5152 in
3550 5103 3655 5157 vita

2036 5174 2322 5240 prmsenti,
2350 5176 2445 5230 sed
2481 5180 2531 5230 in
2567 5176 2751 5233 futuro
2782 5193 2940 5235 erunt
2972 5186 3215 5252 praemia.
3248 5186 3361 5243 lmo
3384 5206 3513 5246 vero
3541 5205 3657 5248 erat

2031 5264 2193 5317 etiam
2225 5280 2360 5333 opus
2383 5267 2487 5322 ﬁde
2514 5283 2612 5337 pro
2635 5272 2996 5339 praesentibus
3028 5293 3040 5326 :
3068 5260 3271 5332 ctenim
3301 5294 3364 5335 ea
3395 5282 3509 5351 ipsa
3533 5299 3654 5353 quae

2030 5353 2300 5410 dabantur
2329 5358 2453 5423 ﬁde,
2484 5360 2588 5415 ﬁde
2610 5376 2748 5431 opus
2777 5363 3068 5433 habebant,
3101 5369 3267 5424 etiam
3288 5370 3417 5426 dum
3444 5373 3654 5454 daban-

2032 5456 2140 5512 tur,
2174 5466 2371 5521 nempe
2408 5461 2462 5506 et
2491 5456 2877 5525 mysteriorum
2927 5466 3276 5527 communio,
3303 5474 3357 5520 et
3396 5466 3650 5536 baptismi

2026 5541 2251 5596 donum.
2277 5543 2354 5598 lta
2386 5559 2603 5602 omnem
2630 5549 2900 5607 rationem
2928 5557 3224 5624 superabat
3244 5559 3326 5613 vis
3350 5560 3641 5620 bonorum.

2026 5634 2085 5691 Si
2111 5637 2291 5707 itaque
2320 5638 2373 5693 in
2396 5642 2748 5702 crassissimis
2774 5646 2883 5702 illis
2924 5657 2981 5705 et
3007 5653 3355 5711 sensibilibus
3386 5656 3491 5714 ﬁde
3523 5672 3645 5717 erat

2026 5743 2181 5797 opus,
2217 5733 2388 5787 multo
2413 5734 2586 5805 magis
2612 5734 2724 5793 hic.
2751 5737 2860 5796 Sed
2904 5746 3201 5814 apostolica
3241 5750 3465 5819 quidem
3515 5768 3645 5808 sen-

2027 5821 2193 5877 tentia
2207 5826 2622 5883 convenientem
2645 5832 2856 5903 aceepit
2873 5834 3375 5907 interpretationem
3394 5863 3407 5898 :
3428 5852 3643 5916 tempus

2030 5925 2111 5971 εει
2139 5928 2318 5975 autem
2340 5961 2353 5987 ,
2383 5929 2440 5975 ut
2467 5922 2754 5980 redeamus
2798 5926 2865 5982 ad
2907 5931 3247 6003 prophetiam
3269 5979 3282 6004 ,
3315 5946 3365 5993 et
3395 5936 3641 5999 dicamus
