4086 6436
518 473 646 544 quid
672 472 802 529 dicit
848 472 934 530 hic
970 473 1179 529 beatus.
1216 469 1703 543 Quidvergodicitl
1726 466 1949 530 Credidi,
1982 479 2105 536 pro-

514 571 627 633 pter
646 564 786 633 quod
803 552 1041 636 lupinus
1062 574 1196 618 sum;
1218 563 1387 634 Atqui
1401 557 1536 617 nihil
1565 570 1687 617 erat
1708 561 1884 616 adhuc
1912 562 2103 630 loquu-

516 663 603 707 tus
622 696 638 721 ,
667 656 762 710 sed
791 654 928 711 dicit
945 655 997 710 id
1026 655 1167 725 quod
1208 664 1394 710 mente
1431 656 1543 725 jam
1569 670 1685 710 asc
1713 654 1913 709 dictum
1962 663 2101 709 erat.

514 744 650 816 Quid
673 756 756 801 est
780 753 957 801 autem
980 745 1123 814 Quod
1150 746 1263 815 jam
1284 746 1483 802 dictum
1504 745 1714 801 fuerat?
1740 747 1894 812 Cum,
1909 747 2096 814 inquit,

513 839 656 893 illam
676 827 1037 894 calamitatem
1072 847 1128 894 et
1152 838 1429 895 Iudaicam
1453 839 1601 895 illam
1628 839 1945 910 tragwdiam
1982 840 2101 893 sni-

510 944 597 984 mo
621 932 928 998 agitassem.
962 930 1220 1001 illumque
1248 929 1523 987 interitum
1556 939 1611 986 et
1635 932 1900 987 excidium
1927 941 2101 988 estre-

510 1036 759 1090 mamque
789 1022 1119 1089 vastitatem,
1150 1035 1255 1077 non
1283 1021 1580 1099 desperavi
1600 1022 1715 1078 fore
1739 1065 1753 1088 ,
1785 1031 1840 1077 ut
1866 1038 1955 1078 res
1978 1040 2099 1077 niu-

511 1121 716 1167 taretur
739 1114 794 1167 ln
826 1112 1058 1168 melius:
1086 1113 1195 1167 imo
1241 1127 1372 1168 vero
1415 1123 1472 1168 et
1508 1114 1759 1183 speravi,
1788 1124 1854 1169 et
1883 1129 2101 1169 annun-

508 1207 655 1270 tiavi,
685 1215 739 1261 et
760 1196 1021 1275 loquutus
1043 1220 1182 1263 sum.
1211 1204 1346 1262 Nam
1386 1214 1452 1263 et-
1485 1208 1537 1261 in
1572 1208 1839 1275 prioribus
1867 1208 2099 1264 Psalmis

506 1298 671 1373 multa
695 1297 762 1353 de
780 1298 864 1353 his
885 1298 1114 1354 disserui
1140 1299 1443 1370 ;~loquutus
1470 1314 1587 1355 sum
1610 1310 1787 1355 autem
1813 1309 1867 1356 et
1891 1314 2100 1355 annun-

509 1389 634 1444 tiavl
663 1406 693 1444 a
714 1388 827 1445 ﬁde
853 1390 1120 1446 eruditus.
1188 1416 1191 1417 ν

576 1482 632 1536 5.
673 1481 824 1538 Alius
851 1490 1052 1549 autem,
1081 1481 1173 1552 qui
1199 1494 1304 1537 non
1337 1492 1419 1537 est
1450 1483 1604 1539 ah‘ea
1634 1481 1792 1536 valde
1813 1483 2056 1537 eruditus
2075 1523 2092 1547 ,

508 1571 633 1627 vide
665 1572 937 1649 quomodo
961 1572 1228 1629 claudicet
1256 1584 1311 1629 et
1337 1575 1698 1644 perturbetur.
1722 1574 1856 1629 Nam
1888 1576 1987 1630 etsi
2011 1574 2095 1629 di-

505 1666 579 1721 cit
624 1667 775 1729 illum
828 1665 1099 1721 Psalmum
1132 1667 1345 1737 (David,
1380 1682 1486 1723 non
1528 1676 1706 1722 tamen
1759 1684 1825 1723 ex
1864 1682 2093 1739 persona

505 1759 741 1829 propria,
766 1758 861 1813 sed
894 1773 1119 1833 narrans
1148 1772 1335 1813 eorum
1359 1800 1373 1824 ,
1418 1758 1508 1837 qni
1553 1760 1889 1825 claudieant,
1930 1761 2092 1813 animi

502 1852 973 1922 perturbationes,‘
989 1853 1070 1907 sic
1096 1852 1267 1907 dixit:
1300 1852 1466 1931 Quam
1491 1853 1651 1907 bonus
1676 1850 2010 1906 Deus‘lsrael

466 1968 471 1975 ε
501 1944 584 2011 qui
608 1953 725 1997 sunt
751 1952 883 1997 recto
904 1943 1075 1997 corde.
1104 1941 1211 1997 Mei
1255 1953 1424 1997 autem
1450 1960 1577 2015 pene
1612 1945 1734 1997 moti
1772 1954 1890 1999 sunt
1918 1946 2089 2015 pedes,

506 2050 629 2091 bene
654 2032 800 2100 eﬂ'usi
826 2043 941 2087 sunt
965 2040 1168 2105 gressus
1195 2034 1294 2088 mei
1322 2034 1493 2106 (Psal.
1521 2034 1711 2106 72.3):
1733 2050 1840 2090 non
1868 2036 2093 2107 loquens

500 2124 568 2181 de
590 2126 814 2194 pedibus
837 2135 890 2181 et
914 2127 1204 2198 gressibus,
1223 2126 1318 2183 sed
1345 2128 1413 2183 de
1437 2128 1927 2185 ratiocinationibus
1947 2130 2096 2184 elau-

500 2215 822 2271 dimntibus.
866 2214 1091 2271 Causam
1140 2228 1317 2274 autem
1360 2219 1634 2289 subjunxit
1682 2219 1913 2276 dicens:
1949 2220 2091 2299 Quo-

499 2304 636 2357 niam
658 2306 816 2361 selavi
844 2319 1054 2377 propter
1080 2308 1279 2379 iniquos
1297 2307 1455 2382 (Ibid.
1485 2326 1534 2364 υ.
1564 2311 1643 2382 5),
1671 2312 1772 2367 hoc
1794 2323 1879 2367 est
1904 2300 2094 2369 videns

500 2395 753 2453 florentes
778 2396 1056 2464 barbaros,
1084 2381 1323 2468 dejectos
1350 2381 1530 2457 aut'em
1554 2381 1610 2459 et
1640 2403 2090 2469 fraetosJudaros.

501 2487 566 2542 Et
592 2487 859 2557 quodnam
882 2503 1051 2559 genus
1078 2490 1206 2545 dicit
1232 2492 1671 2549 claudicationis?
1697 2493 1770 2549 Et
1786 2496 1897 2551 dixi
1915 2512 1934 2550 :
1959 2495 2096 2552 Fru-

476 2589 605 2635 stra
630 2596 747 2651 ergo
761 2582 1042 2652 justiﬁcavi
1070 2598 1158 2636 cor
1184 2599 1370 2650 meum,
1406 2592 1452 2639 et
1495 2574 1762 2641 laviVinter
1803 2588 2093 2644 innocentes

500 2664 679 2723 manus
710 2685 846 2725 meas
870 2670 973 2742 (Ib.
1004 2687 1050 2726 υ.
1088 2672 1198 2744 l5).
1226 2672 1291 2727 Et
1316 2675 1569 2743 quidnam
1596 2676 1767 2746 ipsum
1794 2680 2084 2750 impulerit,

499 2766 559 2815 ut
586 2762 700 2835 lucc
743 2761 966 2828 diceret,
996 2763 1127 2819 dicit
1159 2781 1173 2817 :
1204 2764 1455 2839 Quoniam
1477 2783 1591 2823 ecce
1626 2770 1680 2823 hi
1699 2798 1702 2803 ~
1723 2782 2009 2839 peccatores
2043 2782 2091 2829 et

495 2851 732 2919 ﬂorentes
775 2858 827 2905 tn
870 2855 1112 2907 statutum
1137 2854 1456 2910 obtinuerunt
1484 2858 1683 2915 divitias
1706 2861 1865 2931 (Ibid.
1894 2880 1942 2917 ν.
1974 2864 2087 2935 12).

498 2943 702 3000 Deinde
728 2946 849 3001 vide
870 2948 1138 3016 quomodo
1161 2951 1399 3019 seipsum
1418 2968 1604 3007 rursus
1628 2955 1851 3025 colligit.
1873 2957 1936 3011 Si
1956 2959 2093 3011 dice-

499 3033 635 3102 bam,
663 3037 882 3091 narrabo
906 3039 977 3092 sic
1007 3054 1025 3092 :
1048 3037 1163 3093 Hoc
1190 3041 1333 3094 labor
1355 3052 1452 3110 est,
1482 3043 1675 3114 inquit,
1708 3055 1824 3100 ante
1850 3062 1929 3100 me
1947 3089 1960 3113 ,
1993 3048 2089 3102 do-

501 3140 592 3177 nec
612 3125 865 3196 ingressus
894 3128 1077 3199 fuerim
1112 3130 1173 3183 in
1199 3133 1545 3186 summarium
1572 3133 1690 3200 Dei,
1720 3144 1768 3189 et
1807 3137 2089 3207 intelligam

495 3215 793 3270 in'extrensa
822 3218 1044 3288 ipsorum
1066 3217 1227 3288 (Ibid.
1253 3237 1300 3274 υ.
1327 3223 1709 3294 l5-l7).‘Quod
1732 3237 1909 3283 autem
1937 3230 2085 3298 dicit,

498 3308 605 3361 est'
634 3308 897 3375 ejusmodi
930 3327 942 3361 :
978 3310 1254 3377 Vexahar,
1306 3309 1603 3385 affligebar'
1628 3318 1680 3372 in
1726 3320 2086 3377 ratiocinatio-

500 3389 677 3452 nibus.
696 3398 827 3453 Tale
852 3401 976 3469 quid
1015 3402 1157 3457 enim
1199 3412 1282 3460 est
1308 3407 1662 3464 ratiocinatio.
1698 3411 1897 3467 Deinde
1938 3416 2084 3485 cogi-

497 3487 602 3542 tavi
636 3503 720 3545 me
748 3490 923 3545 facere
944 3506 1056 3546 rem
1082 3494 1421 3553 laboriosam.
1440 3497 1515 3554 De
1536 3500 1601 3555 iis
1620 3501 1765 3557 enim
1789 3505 2083 3576 inquirens,

499 3578 629 3634 nihil
662 3589 847 3650 potero
862 3579 995 3637 certi
1026 3586 1468 3653 scire,donecme
1482 3592 1533 3646 in
1559 3594 1781 3661 patriam
1799 3612 2080 3668 recepero.

565 3690 667 3746 Res
696 3693 818 3762 ﬁdei
846 3711 946 3750 non
976 3700 1346 3756 committendae
1381 3704 1617 3761 [cumanis
1639 3710 1941 3777 rationibus.
1990 3716 2088 3770 Fi-

493 3781 581 3835 des
606 3798 751 3837 sacra
780 3776 991 3841 ancora.
1014 3820 1085 3829 -—
1111 3790 1270 3846 Vides
1294 3803 1549 3862 quantum
1575 3799 1647 3853 sit
1676 3802 1969 3871 periculum
1996 3822 2083 3863 res

495 3876 619 3932 ﬁdei
648 3881 955 3945 permittere
984 3881 1231 3938 humanis
1260 3877 1587 3956 rationibus,
1612 3900 1666 3947 et
1692 3909 1799 3949 non
1832 3875 1999 3953 fidei?
2026 3898 2083 3955 Si

494 3967 584 4023 ille
607 3967 748 4022 enim
778 3969 968 4027 fuisset
996 3972 1181 4029 firmus
1221 3985 1274 4031 et
1310 3993 1562 4038 conmans
1587 3985 1639 4039 in
1672 3986 1775 4043 fide
1795 4029 1810 4053 ,
1832 4005 1939 4045 non
1966 3991 2083 4049 haec

493 4057 681 4114 fuisset
708 4060 991 4130 loquutus,
1020 4081 1124 4119 non
1155 4065 1343 4123 fuisset
1372 4074 1752 4141 perturbatus:
1782 4067 1889 4134 non
1928 4096 2080 4137 com-

493 4150 624 4205 moti
676 4160 859 4207 essent
911 4154 1027 4223 ejus
1070 4156 1267 4228 pedes,
1320 4176 1426 4215 non
1464 4175 1647 4221 essent
1694 4172 2080 4239 propemodum

493 4241 646 4297 effusi
686 4258 903 4312 gressus
941 4248 1075 4317 ejus.
1101 4246 1227 4305 Sed
1259 4269 1363 4307 non
1404 4256 1475 4309 ita
1524 4256 1610 4313 hic
1656 4261 1951 4331 propheta,
1987 4267 2082 4321 sed

490 4348 642 4393 stans
669 4355 829 4409 supra
873 4351 1081 4411 petram
1111 4360 1218 4399 non
1249 4349 1698 4421 conturbabatur,
1728 4356 1821 4409 sed
1862 4372 1950 4412 res
1992 4358 2084 4418 Ju—

494 4428 732 4482 dmorum
765 4430 952 4486 videns
981 4434 1049 4487 ita
1073 4450 1195 4491 esse
1224 4439 1468 4504 affectas,
1502 4458 1591 4500 res
1618 4456 1796 4501 autem
1828 4448 2085 4505 barbaro-

488 4534 606 4573 rum
634 4535 809 4587 secus,
830 4523 899 4577 de
927 4516 1101 4605 reditu
1129 4527 1269 4583 clara
1298 4546 1429 4588 voce
1458 4540 1831 4609 constantique
1853 4551 1907 4597 et
1934 4553 2079 4599 certa

492 4622 673 4667 mente
705 4614 1010 4684 frequenter
1038 4619 1359 4687 praedicabat
1413 4629 1464 4679 in
1508 4630 1689 4686 multis
1721 4632 1947 4691 Psalmis
1980 4654 1995 4692 :
2026 4648 2079 4695 el

486 4703 643 4756 valde
668 4704 987 4774 confidebat,
1018 4724 1117 4766 nec
1143 4712 1281 4767 vires
1308 4714 1674 4788 barbarorum,
1702 4740 1799 4781 nec
1820 4727 2076 4785 vilitatem

488 4788 793 4847 Judasorum
822 4799 1125 4865 attendens,
1157 4803 1250 4857 sed
1283 4804 1376 4859 Dei
1425 4811 1739 4879 potentiam,
1767 4816 1854 4885 qui
1892 4833 1954 4872 ea
1994 4829 2077 4874 est

487 4883 774 4952 pollicitus.
809 4886 874 4940 Et
914 4889 1032 4943 ideo
1061 4890 1216 4958 dicit,
1250 4894 1473 4961 Credidi,
1503 4914 1708 4971 prapter
1731 4883 1867 4975 quod
1892 4907 2075 4977 loquu-

487 4985 566 5025 tus
594 4992 705 5028 sum
726 4993 744 5029 :
766 4993 855 5047 ego
884 4990 1051 5033 autem
1078 4981 1370 5041 humiliatus
1396 5005 1507 5041 sum
1534 4993 1699 5047 valde.
1726 4996 1877 5053 Alius
1900 5000 2027 5055 dicit
2056 5021 2068 5056 :

490 5062 795 5147 Ego'utique
824 5070 1034 5141 amictus
1072 5090 1183 5128 sum
1212 5079 1377 5133 valde.
1410 5079 1463 5134 2.
1499 5081 1609 5152 Ego
1635 5102 1749 5140 vero
1771 5089 1879 5144 dixi
1900 5092 1954 5145 in
1982 5110 2074 5147 ex-

484 5172 624 5213 cessu
654 5176 762 5243 meo
782 5202 796 5223 ,
831 5161 1011 5218 Omnis
1036 5165 1184 5221 homo
1208 5171 1445 5225 mendax.
1476 5176 1657 5245 Alius,
1691 5179 1756 5233 Et
1785 5183 1893 5237 dixi
1916 5188 2076 5241 animi

483 5252 694 5316 anxius,
733 5239 910 5308 Omnis
937 5256 1086 5309 homo
1108 5262 1365 5316 mentitur.
1406 5264 1501 5320 llic
1524 5239 1653 5322 fidei,
1672 5272 1925 5339 splendor
1953 5239 2072 5332 rure

483 5352 577 5393 sus
604 5342 923 5409 ostenditur,
953 5347 1096 5416 quod
1132 5364 1200 5405 ne
1247 5356 1553 5424 magnitudo
1594 5361 1808 5429 quidem
1858 5366 2075 5424 calami-

485 5430 607 5529 tatis
625 5442 747 5485 eum
777 5437 1102 5505 prmeipitem
1131 5439 1340 5498 dederit
1359 5444 1416 5500 in
1438 5446 1888 5519 desperationem.
1918 5458 2074 5529 Ejus-

484 5521 626 5577 modi
655 5524 799 5580 enim
830 5543 917 5583 res
945 5540 1027 5584 est
1050 5532 1180 5587 fides
1211 5552 1225 5589 :
1253 5548 1334 5591 est
1375 5539 1616 5605 quzedam
1647 5559 1798 5601 sacra
1836 5521 2032 5605 ancdra
2052 5594 2067 5618 ,

481 5630 600 5685 quin
636 5616 868 5689 undique
897 5632 1160 5680 sustentat
1199 5640 1431 5687 mentem
1472 5650 1591 5705 qua:
1617 5637 1667 5692 ei
1710 5640 1947 5699 adheret
1975 5662 1992 5699 :
2018 5616 2075 5702 et

482 5714 609 5763 tunc
637 5712 871 5768 maxime
911 5716 1208 5775 ostenditur
1244 5724 1456 5794 quando
1504 5728 1561 5783 in
1608 5735 1839 5790 maxima
1885 5712 2065 5795 rerum

1300 360 1361 417 8.
1396 298 1676 416 JOAl’lNIS
1709 348 2188 411 CllRYSOS'I'OMl
2228 348 2548 407 ARCHIEP.
2588 349 3131 412 CONSTANTINOP.

3707 364 3812 421 32b

2213 459 2531 518 dimeultate
2574 468 2625 521 ei
2656 467 2979 537 persuadet,
3010 470 3101 541 qui
3147 469 3238 529 illa
3286 485 3370 534 cst
3418 477 3715 549 praeditus,
3757 486 3813 535 ut

2211 550 2407 612 bonam
2433 570 2588 629 Spem
2616 560 2811 620 haheat
2828 605 2845 632 ,
2874 568 3098 638 expulsa
3129 569 3283 626 turba
3316 571 3809 631 ratiocinationem.

2210 644 2365 713 0⁸³οά
2392 652 2508 722 ἣρω
2528 669 2745 726 quoque
2770 648 3081 729 significans
3100 704 3117 730 ,
3146 662 3277 718 dicit
3302 663 3463 736 :~Ego
3488 675 3662 721 autem
3689 667 3815 738 φὶ-

2207 747 2321 794 ctus
2342 758 2457 795 sum
2480 746 2633 803 abitis
2658 746 2803 803 :hoc
2828 760 2930 813 est.
2951 751 3119 809 Valde
3144 755 3361 825 quidem
3390 756 3629 814 amictus
3652 773 3772 814 sum
3795 801 3811 826 ,

2207 831 2441 889 sed'non
2460 835 2764 908 desperavi,
2782 856 2885 897 nec
2910 844 3150 902 animum
3179 847 3374 917 abjeei.
3404 849 3616 913 Deinde
3632 860 3814 908 esten-

2206 920 2344 978 dens
2368 939 2429 980 se
2456 942 2561 985 non
2590 927 2755 986 fuisse
2779 932 3119 990 solummodo
3147 930 3442 1007 amictum,
3462 938 3572 995 sed
3608 944 3815 1011 gravis-

2205 1015 2343 1072 sime
2366 1017 2625 1075 afllictum
2645 1061 2661 1088 ,
2693 1024 2968 1093 subjunxit
2993 1025 3182 1085 dicens
3211 1028 3365 1102 :Ego
3395 1042 3569 1086 autem
3610 1033 3727 1091 dixi
3761 1036 3816 1087 iu

2205 1122 2411 1164 excessu
2436 1128 2547 1167 meo
2565 1127 2586 1167 :
2616 1103 2798 1169 omnis
2824 1110 2977 1172 Itonia
2999 1120 3240 1174 mendax.
3450 1106 3454 1109 Δ

2280 1198 2535 1257 Excessus
2551 1204 2704 1273 guid.
2763 1204 2933 1262 Hense
2948 1225 3053 1265 cur
3073 1211 3277 1266 dicatur
3299 1214 3540 1277 mdes.
3565 1246 3642 1257 —
3672 1214 3811 1279 Quid

2204 1299 2309 1357 est,
2333 1290 2400 1347 In
2427 1304 2635 1352 excessu
2662 1298 2889 1367 moerin
2918 1315 3149 1371 summa,
3180 1304 3374 1375 inquit,
3399 1305 3733 1374 calamitate.
3758 1317 3815 1363 et

2202 1380 2407 1453 ingenti
2446 1387 2708 1443 malorum
2755 1393 3143 1462 magnitudine.
3168 1396 3339 1451 Tanta
3393 1399 3575 1465 enim,
3611 1403 3811 1471 inquit,

2200 1487 2293 1530 me
2309 1475 2500 1531 adorta
2527 1488 2612 1532 est
2633 1482 2880 1546 tentatio,
2905 1492 2964 1537 ut
2990 1500 3273 1543 excessum
3315 1497 3372 1543 et
3399 1495 3622 1559 gravem
3648 1506 3816 1563 sopo-

2199 1581 2319 1622 rem
2347 1567 2525 1626 inme
2546 1572 2812 1643 injiceret.
2841 1575 2983 1632 Dicit
3024 1580 3177 1635 enim
3214 1580 3306 1636 hic
3334 1597 3647 1651 excessum,
3675 1586 3815 1642 alio-

2200 1658 2528 1716 nationem—a
2553 1675 2738 1732 sensu,
2763 1682 2884 1736 quae
2908 1684 2975 1725 ex
2992 1671 3146 1727 malis
3166 1674 3358 1729 oritur.
3382 1675 3518 1733 Nam
3540 1678 3613 1734 de
3634 1679 3819 1735 Adam

2199 1765 2415 1821 quoque
2439 1756 2658 1823 quando
2685 1757 3058 1822 diciturDeus
3093 1764 3385 1822 immisisse
3427 1768 3481 1823 in
3532 1784 3663 1826 eum
3718 1785 3815 1829 ex-

2199 1836 2413 1899 céssum
2435 1845 2589 1918 (Gen.
2614 1846 2670 1904 Ε.
2695 1848 2790 1923 21)
2811 1892 2827 1919 ,
2860 1852 3038 1913 innuit
3081 1856 3369 1926 quamdam
3396 1875 3427 1914 a
3458 1874 3626 1916 sensu
3670 1860 3811 1919 alica

2198 1934 2500 1992 nationem.
2532 1939 2769 1998 Ecstasis
2796 1944 2963 2011 enim,
2994 1960 3100 2003 seu.
3118 1962 3379 2005 excessus
3406 1951 3625 2018 dicitur,
3656 1966 3811 2009 extra

2198 2039 2260 2082 se
2288 2041 2409 2084 esse
2434 2030 2993 2099 positum.lmmissus
3021 2048 3203 2097 autem
3234 2052 3350 2097 erat
3376 2052 3500 2103 tum
3516 2060 3808 2113 excessus,

2196 2135 2268 2176 ne
2295 2124 2522 2181 sentiret
2557 2140 2679 2181 cum
2705 2127 3009 2186 auferretur
3024 2141 3207 2198 costa,
3242 2149 3343 2204 nec
3364 2148 3529 2203 ex‘ea
3559 2153 3622 2194 re
3653 2140 3811 2196 dolo.

2197 2229 2315 2271 rem
2336 2220 2600 2287 caperet:
2626 2235 2689 2276 ea
2726 2222 2939 2279 ratione
2962 2224 3103 2280 Deus
3132 2226 3408 2287 suffurans
3432 2244 3659 2288 sensum
3686 2246 3810 2289 mo-

2198 2308 2387 2376 lestize,
2422 2327 2491 2367 ne
2515 2321 2742 2382 accepto
2767 2314 2955 2371 dolore
2987 2316 3189 2375 factum
3230 2320 3282 2375 id
3313 2337 3456 2392 aegre
3488 2324 3684 2392 ferret,
3707 2326 3811 2381 im-

2199 2402 2345 2456 misit
2369 2404 2420 2456 in
2451 2419 2573 2458 eum
2600 2419 2904 2463 excessum.
2934 2407 3008 2471 Et
3028 2425 3220 2467 rursus
3245 2413 3372 2473 alibi
3405 2432 3421 2470 :
3448 2414 3645 2473 Cecidit
3664 2460 3683 2485 ,
3717 2418 3809 2472 in-

2197 2494 2333 2562 quit,
2365 2510 2518 2579 super
2546 2497 2684 2565 ipsos
2703 2514 2936 2555 excessus
2961 2500 3098 2573 (Act.
3130 2503 3219 2558 10.
3247 2504 3361 2576 10).
3387 2506 3669 2579 Significat
3696 2509 3809 2565 illic

2195 2572 2415 2657 gravem
2442 2591 2728 2659 quemdam
2756 2605 3007 2662 soporem
3026 2638 3043 2665 ,
3074 2604 3132 2652 et
3158 2612 3190 2652 a
3220 2572 3383 2654 sensu
3414 2572 3802 2658 remotioneni.

2196 2680 2462 2737 Excessus
2500 2696 2661 2753 porro
2714 2686 2766 2740 id
2796 2686 2991 2756 ubique
3036 2688 3321 2758 significat.
3369 2690 3456 2745 Fit
3496 2700 3681 2747 autem
3716 2697 3803 2751 vel

2198 2775 2309 2831 Deo
2354 2776 2409 2831 id
2443 2778 2692 2845 faciente,
2716 2780 2802 2835 vel
2846 2781 3111 2840 malorum
3160 2785 3533 2853 magnitudine
3575 2800 3803 2855 gravem

2196 2884 2446 2937 soporem
2477 2859 2539 2925 ac
2571 2871 3139 2938 torporemafl‘erente.
3172 2873 3319 2928 Solet
3341 2877 3486 2932 enim
3515 2878 3803 2935 calamitas

2195 2977 2317 3018 esse
2344 2978 2502 3017 causa
2534 2978 2787 3019 excessus
2812 2973 2869 3020 et
2890 2968 3123 3037 soporis.
3150 2968 3253 3025 {lic
3274 2985 3405 3040 ergo
3434 2971 3565 3027 dicit
3606 2987 3805 3029 exces-

2194 3069 2314 3112 sum
2343 3098 2358 3123 ,
2409 3057 2831 3129 magnitudinem
2877 3061 3146 3117 malorum
3194 3077 3322 3133 quas
3372 3080 3495 3125 eum
3550 3080 3796 3137 oecupa-

2193 3156 2337 3203 runt.
2366 3148 2505 3216 Quid
2534 3160 2817 3227 estautem
2845 3153 2988 3221 quod
3016 3152 3148 3212 dicit
3168 3194 3184 3220 ,
3222 3155 3406 3213 Omnis
3451 3158 3603 3213 homo
3648 3176 3800 3214 men-

2193 3242 2297 3295 das:
2320 3243 2346 3294 ?
2372 3241 2612 3298 Nemone
2640 3259 2805 3299 verax
2826 3244 2849 3298 i
2868 3245 3151 3312 Quomodo
3181 3262 3312 3318 ergo
3354 3247 3455 3304 Job
3491 3250 3799 3322 descriptus

2195 3342 2278 3390 est
2312 3333 2406 3389 Vir
2429 3347 2602 3402 verum,
2641 3340 2831 3407 justus,
2861 3339 3130 3410 religiosus
3157 3339 3276 3412 (Job
3306 3342 3356 3397 1.
3379 3343 3432 3412 1)
3453 3342 3475 3396 i
3500 3342 3636 3410 Quid
3663 3360 3799 3401 vero

2192 3425 2434 3481 dicemus
2460 3426 2527 3482 de
2554 3426 2873 3497 prophetis?
2904 3428 2961 3484 Si
3008 3430 3084 3484 illi
3123 3432 3265 3487 enim
3313 3434 3621 3501 mendaces,
3653 3445 3713 3491 et
3742 3437 3799 3491 in

2194 3517 2258 3572 iis
2276 3532 2400 3588 quae
2425 3518 2680 3574 dixerunt
2712 3518 2832 3580 falsi
2857 3529 3003 3587 sunt,
3028 3523 3209 3578 omnia
3234 3536 3484 3594 pereunt.
3503 3527 3639 3595 Quid
3665 3543 3798 3585 vero

2192 3608 2503 3664 Abraham?
2532 3610 2657 3680 quid
2682 3612 2811 3681 justi
2842 3615 3070 3668 omnes?
3096 3615 3255 3671 Vides
3280 3626 3538 3686 quantum
3568 3620 3640 3674 sit
3679 3637 3799 3677 ma-

2192 3699 2325 3766 lum,
2352 3701 2396 3755 si
2427 3700 2588 3755 dictio
2614 3703 2789 3757 Solum
2818 3704 3143 3773 accipiatur,
3177 3715 3232 3761 et
3257 3723 3365 3762 non
3394 3724 3587 3765 sensus
3612 3713 3798 3768 consi-

2192 3791 2445 3847 deretur?
2471 3792 2608 3860 Quid
2640 3803 2724 3849 est
2752 3810 2879 3864 ergo
2906 3795 3049 3865 quod
3087 3796 3243 3864 dixit,
3262 3796 3441 3853 Omnis
3470 3800 3621 3855 Immo
3652 3819 3796 3858 men-

2192 3884 2297 3939 dax
2316 3886 2342 3939 7
2372 3883 2428 3939 id
2448 3885 2594 3955 quod
2624 3888 2737 3955 ipse
2779 3886 2909 3941 dicit
2938 3887 3068 3942 alibi
3097 3905 3113 3942 :
3146 3886 3318 3944 Homo
3358 3892 3571 3944 vanitati
3608 3895 3794 3948 similis

2190 3980 2357 4048 factus
2382 3987 2455 4033 est
2484 3977 2666 4048 (Psal.
2694 3980 2816 4035 L55.
2861 3980 2938 4051 4).
2962 3980 3117 4047 Quod
3159 3983 3318 4036 etiam
3364 3983 3501 4040 alius
3529 3988 3790 4055 prepheta

2189 4068 2362 4123 dixit:
2397 4068 2577 4125 Omnis
2622 4087 2741 4125 caro
2788 4075 3012 4143 fanum,
3067 4082 3116 4127 et
3157 4075 3324 4128 omnis
3361 4075 3528 4146 gloria
3569 4079 3792 4134 hominis

2188 4161 2333 4230 quasi
2379 4162 2477 4230 ﬂos
2514 4163 2633 4229 {teni
2657 4161 2807 4232 (Isai.
2837 4163 2926 4217 40.
2949 4164 3003 4234 ϐ)
3032 4182 3046 4216 :
3081 4164 3186 4220 hoc
3234 4177 3335 4229 est,
3365 4182 3454 4222 res
3502 4168 3786 4236 vilissima,

2189 4249 2595 4318 prmterlluens,
2623 4252 2813 4307 similis
2839 4252 3078 4321 umbrat,
3110 4257 3321 4317 somnio
3343 4299 3360 4322 ,
3383 4266 3436 4311 et
3460 4259 3617 4313 alicui
3651 4260 3786 4315 ima-

2188 4340 2320 4409 gini.

2270 4431 2322 4485 4.
2354 4430 2423 4486 Ει
2452 4442 2510 4486 ut
2552 4433 2691 4488 scias
2734 4449 2819 4489 me
2838 4448 2967 4489 .non
3008 4434 3114 4491 levi
3144 4438 3451 4508 conjectum
3494 4441 3785 4497 adductum

2188 4521 2306 4577 lucc
2345 4523 2546 4591 dicere,
2577 4526 2716 4579 alius
2758 4526 3020 4595 interpres
3057 4528 3212 4595 dixit,
3261 4528 3475 4585 Falsum
3512 4533 3611 4605 (al,
3645 4534 3787 4591 alius

2184 4602 2696 4681 autem,'-Mentitur,
2724 4616 2879 4684 alius,
2926 4618 3171 4686 Fallitur,
3224 4621 3381 4687 alius,
3428 4602 3633 4693 Deﬁcit.
3668 4626 3782 4687 line

2185 4705 2381 4760 autem'
2409 4706 2634 4761 multum
2674 4708 2741 4763 ab
2786 4708 2877 4762 illo
2912 4708 3108 4764 differt.
3140 4711 3351 4781 Μετιιίνί
3381 4717 3526 4769 enim
3552 4725 3633 4770 est
3668 4720 3780 4773 vitii

2184 4796 2325 4864 quod
2354 4796 2405 4849 in
2432 4797 2612 4852 animo
2638 4799 2799 4852 situm
2827 4808 2908 4854 est
2942 4817 2955 4852 :
2989 4800 3222 4858 deficere
3251 4812 3452 4873 autem,
3476 4817 3533 4861 et
3560 4820 3785 4878 praeter-

2183 4886 2369 4955 ﬂuere,
2398 4898 2453 4944 et
2486 4905 2606 4945 esse
2655 4891 2945 4956 somnium,
2976 4893 3218 4948 umbram
3246 4905 3301 4950 et
3330 4894 3541 4972 florem,
3574 4890 3780 4971 signiti-

2181 4987 2267 5031 cat
2306 4989 2508 5033 natura:
2556 4981 2835 5035 vilitatem.
2879 4980 3150 5065 [demeat
3192 4984 3418 5040 enim'id
3448 4990 3589 5059 quod
3643 4992 3781 5047 dixit

2181 5061 2458 5132 alius,Ego
2474 5080 2586 5116 sum
2609 5073 2743 5116 terra
2762 5076 2806 5117 et
2836 5061 3367 5141 cinis‘((:'en.l8.27):
3396 5081 3450 5125 et
3477 5072 3779 5142 alius,Quid

2179 5151 2405 5222 superbit
2451 5168 2583 5207 terra
2627 5164 2673 5208 et
2724 5156 2851 5210 cinis
2893 5155 3080 5218 (Eccli.
3127 5160 3214 5215 l0.
3258 5148 3359 5231 9)?
3398 5170 3452 5218 et
3488 5179 3675 5221 rursus
3720 5178 3781 5220 ut

2178 5243 2393 5314 quando
2418 5246 2547 5300 dicit
2574 5245 2659 5300 hic
2691 5247 2969 5317 propheta,
3003 5248 3141 5317 Quid
3172 5259 3247 5306 est
3272 5252 3443 5320 homo,
3484 5255 3624 5325 quod
3662 5272 3776 5310 me-

2178 5352 2291 5389 mor
2316 5352 2369 5391 es
2396 5338 2507 5407 ejus
2533 5336 2702 5408 (Psal.
2736 5339 2787 5395 8.
2824 5338 2906 5410 5)?
2932 5340 3129 5412 ubique
3157 5352 3363 5399 natum
3390 5342 3671 5413 vilitnté‘m,
3719 5356 3777 5401 et

2177 5442 2295 5481 eam
2333 5428 2465 5482 nihil
2512 5442 2632 5484 esse
2677 5430 3006 5501 significans.
3039 5433 3113 5488 De
3155 5434 3427 5504 segetibus
3455 5437 3601 5492 enim
3634 5436 3774 5493 dici-

2254 5627 2326 5690 (a)
2354 5630 2721 5705 Yoxnﬂebraira
2740 5640 2851 5705 est,
2873 5635 3000 5705 2Q,
3040 5651 3193 5705 quam
3218 5639 3495 5704 διάψιυσμα
3528 5643 3780 5705 interpre-

2191 5696 2324 5767 tatur
2351 5694 2551 5756 Aquila;
2587 5696 2911 5760 διαψεύδεται,
2950 5694 3277 5761 Symmachus
3297 5694 3320 5764 ς’
3346 5694 3575 5767 hicinst,
3605 5694 3760 5758 Tllet)-

2186 5752 2339 5802 dolio.
