4086 6446
167 388 284 446 525

169 518 302 560 mus
333 520 345 556 :
377 502 662 558 Ementit'n
685 511 814 558 sunt
840 511 1074 575 segetes,
1107 502 1212 561 hoc
1237 511 1340 570 est,
1371 520 1522 575 spem
1548 515 1791 560 nostram

166 593 512 661 fefellerunt,
544 609 646 650 nec
677 604 736 650 ut
763 595 1139 665 sperabamus,
1177 598 1417 652 tulerunt
1449 614 1464 654 :
1498 605 1572 663 et,
1606 599 1795 652 Annus

171 695 264 741 est
284 686 600 750 ementitus,
629 685 735 742 hoc
754 701 944 743 rursus
967 687 1354 758 signiﬁcantes.
1383 688 1648 756 Quoniam
1667 704 1797 761 ergo

172 777 346 833 homo
397 794 486 834 res
534 786 620 834 est
667 780 809 845 vilis,
860 788 1022 850 atque
1053 781 1190 837 adeo
1231 782 1385 837 nihili
1420 799 1434 850 ;
1470 785 1571 839 hac
1615 792 1795 838 autem

173 870 524 940 philosophia
577 871 818 928 solemus
874 875 950 929 uti
1001 877 1236 932 maxime
1280 877 1335 931 in
1385 877 1712 942 calamitate,
1745 887 1801 933 et

169 977 336 1028 quam
362 962 436 1014 sit
464 959 680 1016 inﬁrma
709 973 896 1018 natura
926 965 1274 1022 considerare
1304 983 1320 1025 :
1351 967 1474 1024 ideo
1505 968 1622 1038 ipse
1661 984 1798 1039 quo-

165 1067 289 1123 que
323 1066 451 1108 cum
496 1065 642 1109 esset
680 1055 844 1110 animi
873 1057 1086 1121 anxius,
1117 1068 1173 1111 et
1223 1058 1436 1114 videret
1462 1060 1612 1129 argui
1643 1070 1792 1115 natu-

167 1158 288 1196 ram
325 1186 340 1210 ,
390 1154 446 1200 et
470 1161 631 1216 quam
661 1147 783 1202 vilis
808 1157 954 1204 esset
982 1159 1033 1205 et
1066 1148 1221 1204 nihili
1250 1152 1397 1206 omni
1425 1166 1492 1207 ex
1524 1161 1684 1223 parte
1711 1167 1792 1208 os-

167 1237 364 1304 tendit,
403 1239 604 1304 Omnis,
642 1241 834 1310 inquit,
869 1243 1022 1297 homo
1055 1244 1279 1297 mendax
1305 1260 1324 1298 :
1352 1243 1455 1309 hoc
1481 1255 1585 1311 est,
1619 1245 1794 1300 Homo

166 1327 330 1383 nihili
378 1339 486 1386 est.
532 1331 796 1399 Quocirca
843 1333 956 1402 ipse
981 1349 1194 1405 quoque
1234 1335 1362 1389 alibi
1391 1337 1604 1390 dicebat
1631 1352 1651 1391 :
1693 1336 1792 1390 Ve-

164 1433 460 1476 rumtamen
501 1424 555 1477 in
596 1425 822 1495 imagine
872 1433 1149 1494 pertransit
1193 1426 1345 1480 homo
1377 1425 1551 1500 (Psal.
1585 1428 1674 1483 38.
1709 1428 1790 1498 7).

165 1513 221 1568 5.
255 1513 400 1580 Quid
427 1516 700 1569 retribuam
740 1516 964 1572 Domino
993 1535 1086 1588 pro
1128 1517 1361 1574 onmibus
1401 1537 1517 1590 qua:
1559 1523 1793 1575 retribuit

163 1608 299 1660 mihi
327 1608 356 1662 .'
383 1606 523 1664 Vide
566 1611 841 1680 quomodo
883 1613 1119 1668 ostendit
1160 1629 1414 1685 magnum
1463 1615 1789 1672 beneﬁcium

167 1713 283 1755 non
313 1701 464 1756 exiis
484 1703 660 1758 solum
686 1720 806 1774 quze
834 1704 973 1761 facta
1001 1715 1146 1772 sunt,
1172 1708 1265 1761 sed
1283 1707 1446 1762 etiam
1471 1723 1538 1763 ex
1560 1723 1627 1764 eo
1647 1711 1792 1780 quod

164 1790 310 1846 facta
365 1795 474 1849 sint
514 1795 566 1849 in
613 1810 736 1849 eum
783 1798 874 1867 qui
916 1808 1061 1854 esset
1091 1799 1380 1869 ejusmodi,
1412 1799 1533 1856 aliis
1569 1801 1790 1871 quidem

164 1885 380 1953 verbis,
425 1887 520 1942 sed
561 1888 754 1944 eodem
799 1905 962 1944 sensu
1009 1906 1074 1947 ea
1121 1904 1368 1955 narrans,
1401 1907 1522 1961 qua:
1565 1905 1691 1948 sunt
1733 1896 1788 1950 in

161 1979 406 2034 Psnlmo.
438 1981 904 2047 Quemadmodum
936 1984 1081 2039 enim
1111 1984 1219 2040 illic
1244 1985 1457 2040 dicebat
1498 2001 1516 2043 :
1549 1986 1688 2054 Quid
1709 1998 1783 2043 est

160 2071 322 2124 hante
345 2072 484 2142 quod
515 2087 706 2127 memor
737 2090 790 2128 es
809 2075 944 2145 ejus,
973 2085 1062 2129 aut
1088 2074 1230 2144 ﬁlius
1269 2077 1511 2146 hominis,
1542 2079 1786 2149 quoniam

156 2163 339 2218 visita:
365 2179 480 2219 eum
502 2165 681 2237 (Psal.
716 2166 768 2222 8.
803 2167 891 2238 5)?
921 2168 992 2222 ita
1028 2167 1114 2222 hic
1143 2169 1326 2223 etiam.

229 2254 494 2325 Beneﬁcia
514 2267 568 2312 ut
591 2257 949 2330 duplicentur;
971 2261 1226 2332 quomodo
1262 2278 1363 2322 vos:
1383 2304 1398 2327 ,
1435 2262 1678 2351 calicem,
1705 2266 1786 2319 in-

153 2347 438 2420 telligenda
465 2350 564 2416 sit,
595 2350 647 2404 in
676 2367 823 2404 versu
850 2353 1094 2417 sequenti.
1119 2383 1191 2393 —-
1215 2353 1366 2409 Tunc
1395 2366 1572 2410 autem
1601 2348 1783 2412 osten-

153 2439 363 2495 duntur
381 2441 616 2512 duplicia
645 2457 768 2498 esse
800 2443 1084 2511 bcneliciat,
1112 2447 1326 2515 quando
1353 2457 1409 2503 et
1437 2456 1631 2504 natura
1657 2467 1776 2505 ma-

151 2546 258 2599 gna
309 2544 456 2597 sunt,
501 2540 557 2589 et
580 2534 798 2604 quando
826 2534 1178 2591 conferuntur
1208 2539 1260 2592 in
1294 2553 1419 2594 eum
1461 2540 1553 2611 qui
1591 2552 1675 2596 cst
1705 2543 1777 2596 ni-

152 2621 247 2676 hili
282 2640 300 2681 :
327 2625 474 2694 quod
502 2626 719 2696 quidem
750 2627 1072 2684 beneﬁcium
1103 2640 1158 2685 et
1190 2631 1417 2701 gratiam
1459 2635 1773 2705 ampliﬁcat.

151 2714 270 2768 lloc
315 2713 492 2784 ipsum
522 2716 706 2773 volens
750 2719 1057 2786 ostendere,
1108 2721 1281 2777 dicit:
1315 2723 1454 2789 Quid
1495 2727 1776 2782 retribuam

150 2802 426 2859 Domino?
451 2806 758 2876 signiﬁcans
808 2809 982 2878 ipsum
1019 2811 1292 2867 hominem
1318 2855 1334 2879 ,
1381 2815 1473 2884 qui
1519 2827 1602 2871 est
1624 2833 1776 2872 men-

148 2895 392 2963 dacium,
433 2897 522 2967 qui
553 2899 639 2954 est
663 2898 784 2954 vilis
811 2909 974 2970 atque
998 2901 1135 2956 adeo
1164 2901 1337 2970 nihili,
1362 2905 1584 2976 dignum
1625 2917 1769 2964 tanta

146 2988 431 3042 censuisse
456 2989 648 3058 gratia.
685 2988 794 3043 Pro
823 2990 1058 3047 omnibus
1084 3009 1200 3062 qua:
1217 2995 1452 3051 retribuit
1483 2999 1632 3052 ini/ti.
1655 3001 1771 3056 Hoc

146 3085 232 3132 est
269 3079 409 3149 grati
434 3080 618 3146 animi,
653 3082 904 3148 circuire,
934 3093 991 3139 et
1021 3100 1118 3153 pro
1144 3087 1208 3140 iis
1237 3103 1357 3157 quae
1379 3091 1590 3160 accepit
1614 3092 1773 3149 bene-

146 3167 286 3223 ﬁciis
324 3184 571 3239 qua-rere
603 3170 933 3228 benefactori
974 3175 1208 3246 aliquam
1250 3179 1456 3237 referre
1485 3182 1716 3251 gratiam
1748 3203 1760 3240 :

144 3269 202 3314 et
229 3274 357 3314 cum
384 3276 563 3316 omnia
594 3265 888 3320 exsolverit
907 3307 921 3332 ,
952 3275 1145 3336 putare
1173 3284 1232 3325 se
1261 3271 1394 3325 nihil
1425 3273 1575 3328 dare.
1607 3276 1762 3339 Quod

143 3367 266 3406 cum
295 3369 364 3408 ex
400 3356 771 3413 retributionis
803 3359 1069 3429 principio
1098 3362 1494 3421 subindicassct
1525 3409 1539 3434 ,
1574 3385 1764 3437 proce-

142 3445 278 3500 dens
307 3445 570 3516 signiﬁcat
600 3463 661 3503 se
698 3449 750 3503 id
776 3451 1180 3506 exsoluturum.
1210 3455 1460 3511 Ostendit
1495 3462 1637 3514 enim
1667 3461 1767 3515 du-

143 3538 338 3606 plicem
371 3540 668 3608 gratiarum
695 3543 988 3610 actionem,
1031 3556 1085 3600 et
1120 3548 1263 3617 quod
1295 3565 1358 3603 ea
1385 3551 1496 3615 det,
1528 3570 1648 3623 qua:
1674 3570 1764 3624 po-

142 3641 264 3696 test,
301 3644 357 3688 et
381 3634 524 3702 quod
569 3649 690 3689 cum
722 3651 785 3690 ea
813 3636 924 3701 det,
955 3654 1014 3693 se
1046 3639 1179 3694 nihil
1220 3641 1441 3711 dignum
1471 3644 1603 3701 dare
1643 3649 1761 3702 exi-

139 3725 343 3780 stimet.
366 3725 502 3792 Quid
527 3735 610 3781 est
633 3743 762 3798 ergo
789 3731 930 3799 quod
958 3740 1040 3786 est
1063 3733 1324 3790 daturus?
1350 3737 1485 3792 Audi
1517 3754 1638 3793 cum
1667 3740 1758 3796 di-

139 3827 382 3885 centem;
415 3820 849 3891 subjungitenitn
881 3824 965 3880 τι.
991 3824 1214 3881 Calicem
1230 3830 1756 3904 salutarisaccipiam,

139 3919 181 3962 et
207 3927 393 3964 nomen
413 3911 623 3967 Domini
641 3915 903 3971 invocabo.
928 3917 1028 3986 Qui
1051 3921 1193 3990 quod
1215 3922 1418 3978 dictum
1437 3936 1520 3981 est
1540 3938 1761 3985 sumunt

137 4005 457 4075 anagogice,
487 4006 678 4062 dicunt
707 4025 830 4065 esse
867 4015 1306 4071 communionem
1350 4022 1753 4089 mysteriorum.

138 4094 244 4150 Nos
261 4106 440 4152 autem
459 4098 741 4155 historiam
760 4115 1069 4174 sequentes.
1091 4106 1319 4164 dicimus
1331 4126 1453 4165 eum
1470 4111 1558 4169 hic
1574 4113 1754 4172 dicere

136 4186 390 4244 libamina
434 4201 489 4245 et
520 4193 803 4258 sacriﬁcia,
829 4204 887 4250 et
909 4197 1138 4268 hymnos
1169 4202 1463 4270 gratiarum
1497 4206 1748 4261 actionis.

137 4280 304 4335 Erant
324 4283 526 4354 quippe
555 4286 853 4356 antiquitus
883 4287 1103 4345 diversa
1132 4293 1395 4350 sacriﬁcia
1421 4314 1433 4349 :
1463 4309 1583 4353 erat
1605 4300 1747 4356 enim

136 4372 460 4429 sacriﬁcium
509 4376 702 4442 laudis,
747 4393 844 4449 pro
879 4383 1135 4450 peccatis,
1171 4383 1508 4455 holocauSta,
1545 4405 1644 4459 pro
1667 4408 1754 4446 sa-

136 4461 260 4528 lute,
303 4474 360 4518 et
379 4465 626 4534 paciﬁca,
660 4477 711 4522 et
739 4471 891 4538 plura
915 4473 1041 4527 alia.
1077 4474 1190 4530 lloc
1216 4487 1300 4532 est
1329 4493 1462 4550 ergo
1488 4483 1633 4551 quod
1663 4484 1749 4538 di-

137 4553 205 4608 cit
241 4571 254 4607 :
295 4554 414 4610 Non
464 4572 682 4626 possum
730 4561 948 4630 quidem
993 4566 1136 4634 quod
1176 4567 1397 4637 dignutn
1441 4582 1526 4628 est
1553 4577 1751 4643 persol-

136 4661 279 4714 vere,
312 4650 467 4704 solvo
504 4664 684 4706 autem
731 4655 874 4723 quod
904 4671 1143 4727 possum.
1177 4661 1412 4718 Oﬁ‘cram
1450 4666 1593 4720 enim
1638 4668 1748 4723 Deo

136 4741 458 4796 sacriﬁcium
503 4746 803 4814 gratiarum
854 4751 1103 4814 actionis,
1143 4762 1196 4808 ct
1226 4756 1418 4811 salutis
1446 4772 1569 4812 eum
1598 4775 1747 4815 com-

135 4833 506 4890 monefaciam.
540 4837 597 4892 5.
633 4837 764 4893 Vota
780 4857 890 4896 mea
916 4842 1139 4898 Dontino
1160 4848 1372 4902 reddam
1402 4866 1575 4906 coram
1607 4857 1746 4910 ontni

134 4925 321 4992 populo
345 4925 474 4994 ejus.
515 4927 648 4983 Vota
681 4932 767 4984 hic
789 4932 918 4988 dicit
944 4937 1208 5004 promissa
1235 4950 1287 4994 et
1308 4941 1742 5008 pollicitationes.

135 5016 186 5069 In
212 5018 294 5071 his
315 5018 460 5073 enim
491 5024 746 5079 aerumnis
761 5025 828 5080 ad
853 5026 1021 5082 Deum
1047 5031 1409 5103 confugiebat,
1438 5047 1492 5091 et
1517 5053 1576 5094 se
1595 5039 1745 5096 debi-

135 5116 301 5164 torem
333 5111 382 5165 ei
405 5114 767 5170 constituebat
796 5159 811 5183 ,
841 5119 1106 5188 pollicens
1133 5125 1175 5178 si
1204 5139 1266 5179 ea
1296 5127 1436 5183 mala
1458 5131 1740 5201 eliugeret,

132 5211 189 5254 se
221 5199 340 5255 inec
377 5203 749 5261 exsoluturutn
779 5223 901 5266 esse
947 5214 1236 5271 sacriﬁcia.
1275 5219 1538 5287 Quoniam
1575 5199 1741 5296 ergo,

133 5293 323 5363 inquit,
350 5297 586 5353 cessavit
617 5301 919 5368 calamitas,
957 5304 1087 5361 Vota
1127 5326 1240 5365 mea
1266 5313 1479 5369 reddam
1521 5293 1741 5374 Domino

132 5400 296 5438 coram
317 5388 459 5441 omni
473 5393 666 5460 populo
681 5394 809 5460 ejus.
830 5398 884 5450 6.
909 5384 1215 5455 Pr’etiosdiu
1237 5416 1507 5475 conspectu
1529 5407 1741 5465 Domini

132 5491 262 5528 mors
287 5489 584 5533 sanctorum
623 5497 756 5551 ejus.
785 5486 961 5552 Alius,
996 5487 1268 5546 IIonorata
1295 5511 1467 5550 coram
1495 5497 1734 5555 Domino.

130 5567 380 5633 Quaenam
423 5579 506 5623 est
543 5583 724 5628 autem
771 5576 888 5633 ha-c
909 5586 1312 5652 consequentia,
1337 5596 1392 5642 et
1416 5591 1541 5658 quid
1577 5591 1740 5649 habet

131 5659 262 5726 quod
303 5675 426 5715 cum
470 5664 738 5731 prioribus
777 5673 1110 5727 conveniat?
1150 5676 1204 5732 Si
1257 5681 1378 5748 quis
1409 5681 1461 5737 id
1490 5699 1738 5744 accurate

130 5753 534 5819 examinaverit,
579 5761 868 5817 maximam
896 5764 1142 5822 inveniet
1171 5773 1568 5842 cognationem.
1599 5780 1735 5848 Quia

133 5841 263 5898 enim
309 5844 542 5914 dixerat,
591 5848 728 5916 Quid
772 5856 1048 5913 retribuam
1098 5841 1318 5920 Domino
1362 5881 1459 5937 pro
1502 5874 1733 5931 omnibus

1333 379 1700 446 EXPOSITID
1741 386 1805 442 ΙΝ
1846 388 2172 449 PSALMUM
2210 390 2372 449 CXV.

3425 407 3534 463 5'26

1905 521 2023 574 qua
2043 505 2274 563 retribuit
2293 511 2422 565 mihi
2436 511 2462 566 .9
2487 514 2781 571 ostendens
2810 515 2929 588 ejus
2956 518 3239 587 beneﬁcia,
3269 520 3396 581 dicit
3418 544 3529 584 non

1905 597 2081 653 solum
2111 601 2300 667 vitam,
2330 601 2424 658 sed
2456 604 2619 659 etiam
2654 616 2885 663 mortem
2921 621 3233 668 sanctorum
3265 614 3376 672 Deo
3405 633 3530 676 esse

1904 703 2071 756 cuive,
2112 706 2220 746 non
2255 707 2374 746 cam
2402 695 2575 749 solum
2622 713 2744 766 quae
2780 698 2896 770 lege
2927 711 3137 759 natura:
3164 705 3404 777 advenit,
3430 713 3529 766 sed

1904 782 2065 836 etiam
2108 799 2230 855 quae
2273 785 2392 856 ejus
2438 787 2717 846 voluntate
2756 794 3068 864 suscipitur.
3126 799 3322 856 Annon
3370 804 3528 861 audis

1906 875 2129 931 Paulum
2154 877 2426 936 dicentem
2460 899 2473 935 :
2507 881 2573 938 In
2603 901 2757 940 carne
2791 898 2963 943 autent
2989 893 3214 960 mande,
3245 899 3410 968 magis
3438 917 3528 954 nc-

1903 971 2181 1024 cessariun‘t
2201 977 2408 1045 propter
2425 990 2531 1043 vos,
2559 986 2604 1031 et
2630 995 2688 1032 eo
2707 979 2891 1049 fretus,
2922 985 3028 1037 scio
3049 987 3187 1055 quod
3217 991 3450 1058 manebo,
3478 1002 3526 1045 ct

1902 1063 2206 1131 permanebo
2247 1075 2352 1118 una
2390 1065 2646 1122 vobiscum
2678 1069 2905 1143 (Philip.
2953 1075 3000 1129 i.
3027 1075 3118 1131 24.
3143 1077 3258 1148 25).
3287 1081 3353 1135 Et
3394 1082 3524 1153 quid

1905 1153 2119 1207 miraris
2146 1152 2192 1208 si
2219 1169 2387 1223 mors,
2411 1167 2534 1212 cum
2575 1175 2676 1216 nec
2702 1165 2982 1232 generatio
3015 1170 3403 1227 nonnullorum
3426 1190 3521 1228 na-

1903 1250 2038 1296 turae
2067 1243 2183 1314 lege
2208 1256 2422 1315 peracta
2448 1249 2537 1313 sit,
2565 1253 3025 1321 quemadmodum
3054 1263 3332 1328 generatio
3356 1263 3522 1322 lsaari

1900 1343 1955 1387 et
1978 1337 2259 1404 generatio
2296 1338 2564 1397 Samuelis
2607 1341 2762 1415 (Gen.
2808 1362 2856 1399 c.
2883 1346 2974 1402 27.
3007 1358 3054 1403 et
3101 1351 3275 1420 c.18;
3310 1355 3360 1409 ί.
3389 1357 3521 1430 Reg.

1901 1425 1955 1480 5.
1977 1427 2070 1496 20)
2097 1427 2120 1481 ?
2164 1429 2428 1496 Quocirca
2469 1447 2570 1491 nec
2591 1438 2769 1493 carnis
2810 1439 3028 1510 quidem
3060 1459 3154 1498 eos
3177 1459 3331 1502 vocat
3359 1425 3522 1518 ﬁlios,

1901 1516 1996 1571 sed
2045 1519 2185 1575 ﬁlios
2225 1525 2599 1591 promissionis
2639 1529 2818 1598 (Rom.
2843 1529 2896 1586 9.
2929 1531 3010 1601 8).
3040 1533 3116 1589 ita
3152 1538 3314 1593 etiam
3341 1516 3522 1598 Moses

1899 1623 2006 1662 non
2037 1620 2121 1664 est
2147 1613 2473 1684 simpliciter
2507 1628 2562 1674 et
2592 1620 2839 1677 absolute
2881 1634 3126 1681 mortuus
3158 1625 3396 1698 (Deulcr.
3426 1636 3518 1691 52.

1906 1698 1996 1754 49.
2029 1698 2146 1774 50);
2175 1704 2270 1759 sed
2298 1715 2420 1761 cum‘
2443 1708 2586 1764 Deus
2601 1710 2853 1782 jussisset
2882 1732 2896 1767 :
2926 1732 3102 1788 neque
3131 1720 3400 1792 Joannes,
3424 1728 3519 1782 sctl

1895 1805 2019 1847 cum
2053 1794 2167 1864 ipse
2199 1800 2558 1867 permisisset.
2591 1806 2752 1876 Atqui
2782 1807 2882 1864 fuit
2927 1827 3141 1869 merces
3170 1819 3475 1875 meretricis
3505 1839 3517 1886 ;

1897 1883 1998 1939 luit
2029 1894 2210 1943 tamen
2249 1891 2422 1947 nihilo
2450 1895 2628 1951 secius
2657 1897 2946 1956 honorata.
2979 1902 3094 1960 Hoc
3123 1906 3302 1978 ipsum
3332 1923 3515 1968 autem

1895 1987 1978 2031 est
2002 1977 2345 2048 admirabile,
2368 1984 2516 2053 quod
2544 1988 2629 2043 vel
2657 1990 2735 2045 sic
2764 2005 3010 2049 mortuus
3035 1977 3339 2055 honoratus
3364 2001 3467 2058 fuit
3499 2023 3513 2067 ;

1892 2070 2158 2139 siquidem
2187 2090 2285 2144 pro
2315 2079 2542 2136 veritate
2566 2081 2725 2137 vitam
2767 2083 2976 2154 ﬁnivit,
3013 2097 3271 2163 tantoque
3300 2094 3518 2153 habitus

1894 2171 1979 2217 est
2007 2163 2060 2218 in
2105 2165 2332 2233 honore,
2366 2182 2423 2226 ut
2445 2173 2560 2243 ipse
2586 2177 2746 2233 etiam
2772 2181 2864 2250 qui
2886 2197 3012 2238 eum
3039 2185 3409 2258 interfecerat,
3435 2193 3516 2262 ip-

1890 2269 2009 2312 sum
2042 2258 2276 2317 timeret.
2306 2263 2462 2333 Quod
2489 2279 2670 2325 autem
2706 2275 2943 2344 timeret,
2973 2280 3097 2335 audi
3125 2282 3254 2352 quid
3285 2300 3503 2358 evange-

1888 2347 2012 2404 lista
2034 2352 2178 2409 dicat
2224 2356 2293 2412 de
2334 2358 2548 2418 Herode
2576 2382 2589 2417 :
2614 2363 2828 2422 Dicebat
2853 2371 3012 2439 enim,
3041 2347 3181 2443 quod
3202 2378 3311 2448 ipse
3349 2347 3511 2436 resur-

1887 2443 2019 2497 rexit
2048 2460 2081 2497 a
2111 2450 2347 2516 mortuis,
2385 2461 2432 2504 et
2473 2467 2745 2526 prapterea
2766 2461 2975 2519 virtutes
3010 2481 3291 2535 aperantur
3314 2471 3368 2527 in
3396 2475 3510 2543 ipso

1887 2532 2079 2603 (Marc.
2113 2537 2166 2592 6.
2203 2539 2316 2609 14).
2346 2540 2477 2599 \‘ide
2498 2551 2772 2609 quomodo
2790 2552 2952 2608 etiam
2977 2532 3192 2615 iuvael
3221 2575 3340 2618 erat
3362 2532 3508 2619 mors

1886 2627 2122 2693 pretiosa
2166 2640 2220 2686 et
2263 2630 2552 2694 honorata.
2597 2640 2695 2697 Ubi
2720 2654 2791 2698 est
2821 2647 2948 2702 Abel
2985 2654 3148 2720 frater
3191 2665 3308 2711 tuus
3334 2658 3361 2712 .9
3401 2659 3510 2716 Vox

1881 2721 2148 2789 sanguinis
2168 2726 2349 2794 fratris
2373 2731 2448 2782 tui
2482 2732 2670 2788 clamat
2692 2737 2760 2789 ad
2787 2755 2865 2794 me
2895 2740 3049 2814 (Gen.
3079 2745 3134 2801 4.
3161 2747 3214 2802 9.
3244 2748 3358 2824 10).

1953 2811 2008 2865 5.
2042 2813 2296 2886 Sepulcra
2324 2833 2612 2894 martyrum
2639 2811 2979 2890 honorabilia.
3003 2867 3077 2878 —
3099 2839 3232 2897 Vide
3258 2811 3420 2901 etiam
3449 2849 3502 2903 in

1879 2900 2087 2960 Lazaro
2107 2948 2122 2973 ,
2155 2913 2428 2980 quomodo
2457 2928 2579 2986 post
2610 2920 2728 2991 ejus
2759 2936 2990 2983 mortem
3022 2934 3200 3004 angeli
3234 2929 3356 2992 cum
3408 2941 3506 2995 dc-

1881 2995 2153 3055 ducebant
2179 3002 2347 3075 (Luc.
2379 3002 2465 3063 16.
2491 3009 2620 3084 22).
2654 3015 3033 3091 (lontetnplarc
3061 2995 3223 3082 aliam
3255 3033 3502 3089 civitates

1876 3087 1944 3144 ad
1977 3101 2273 3165 martyrum
2321 3102 2571 3170 sepulcra
2615 3111 3036 3183 conCurrentes,
3069 3127 3122 3173 et
3150 3124 3377 3191 populos
3407 3142 3500 3183 eo-

1875 3189 1994 3238 rum
2037 3200 2222 3243 amore
2251 3188 2636 3254 inﬂammatos.
2683 3200 2800 3259 Hoc
2839 3215 2925 3261 est
2971 3224 3101 3281 ergo
3143 3188 3285 3283 quod
3325 3217 3494 3276 dicit:

1875 3271 2018 3328 Deus
2045 3291 2292 3348 magnam
2319 3285 2739 3347 sollicitudinem
2768 3305 2816 3350 cl
2841 3271 3193 3373 curamvgerit
3215 3309 3295 3364 vel
3323 3309 3498 3381 ipsius

1874 3369 2068 3423 mortis
2097 3383 2433 3431 Sanctorum.
2471 3379 2656 3452 Neque
2683 3387 2826 3441 enim
2855 3395 3363 3471 quomodocumque
3393 3420 3494 3461 nec

1872 3457 2097 3516 fortuito
2118 3466 2440 3533 moriuntur,
2465 3472 2560 3528 sed
2586 3477 2804 3546 quando
2826 3457 2941 3552 ipse
2970 3487 3020 3541 id
3044 3503 3109 3543 ex
3139 3506 3251 3546 sum
3272 3457 3492 3567 ili-ipen-

1872 3552 2098 3609 sationis
2125 3560 2355 3615 consilio
2385 3568 2712 3632 permiserit.
2745 3571 2811 3627 Et
2843 3575 2965 3631 idco
2993 3579 3208 3638 dicebat
3229 3627 3244 3650 ,
3276 3585 3345 3642 In
3358 3552 3493 3645 ἐθη-

1868 3657 2043 3714 spectu
2074 3646 2320 3722 Domini,
2368 3655 2471 3713 hoc
2499 3662 2686 3718 volens
2729 3671 3050 3751 ostendere,
3087 3676 3137 3729 7.
3175 3680 3219 3732 υ
3249 3679 3488 3748 Domine,

1869 3755 1960 3810 ego
1987 3758 2160 3799 servus
2187 3755 2303 3802 tuus
2322 3790 2336 3813 ,
2380 3767 2471 3822 ego
2501 3771 2672 3812 scmus
2701 3771 2818 3822 tuus
2839 3805 2853 3828 ,
2887 3775 2934 3819 et
2965 3767 3105 3836 ﬁlius
3131 3774 3336 3829 ancilla:
3364 3787 3483 3833 tuae.

1866 3831 1984 3890 Non
2009 3837 2138 3893 dicit
2160 3855 2506 3902 communem
2532 3853 2869 3920 servitutem,
2903 3859 2998 3914 sed
3026 3876 3143 3917 cam
3172 3882 3290 3935 qua!
3315 3871 3489 3926 oritur

1866 3943 1932 3983 ex
1965 3945 2160 4003 magno
2186 3949 2374 3993 amore
2403 3951 2459 3995 et
2488 3942 2802 4016 aﬁ'ectione,
2838 3967 3034 4024 magno
3065 3957 3314 4016 incensus
3343 3963 3487 4020 desi-

1865 4020 2040 4093 derio,
2069 4028 2213 4097 quod
2242 4041 2325 4086 est
2353 4048 2554 4091 corona
2588 4042 2819 4096 maxima
2838 4086 2852 4109 ,
2883 4056 2933 4100 et
2963 4051 3155 4120 quovis
3181 4053 3486 4114 diademate

1863 4119 2192 4185 praeclarius.
2230 4117 2492 4193 Quocirca
2527 4131 2667 4188 Deus
2693 4151 2908 4208 quoque
2937 4117 2998 4195 id
3020 4145 3196 4213 posuit
3231 4162 3333 4217 pro
3373 4167 3488 4204 ma-

1863 4208 2007 4264 xima
2038 4211 2194 4270 laude
2219 4257 2232 4280 ,
2279 4217 2468 4274 dicens
2488 4262 2504 4289 ,
2543 4221 2712 4280 Moses
2752 4236 2925 4284 servits
2956 4249 3096 4287 meus
3127 4249 3357 4293 mortuus
3387 4253 3480 4296 est.

1860 4298 1931 4354 Ει
1959 4305 2098 4372 ﬁlius
2127 4309 2332 4364 aneillt‘e
2362 4322 2465 4368 tua:
2493 4313 2682 4388 (Josue
2730 4321 2780 4374 1.
2805 4321 2898 4393 2).
2933 4325 3048 4382 lloc
3078 4341 3189 4394 cst,
3223 4333 3266 4386 A
3298 4335 3482 4390 multis

1859 4405 2005 4451 retro
2049 4401 2295 4468 saeculis,
2336 4419 2366 4459 a
2413 4414 2657 4477 tempore
2689 4413 2954 4482 majorum
2998 4433 3240 4475 meorum
3280 4423 3478 4480 addicti

1859 4502 2046 4544 sumus
2092 4501 2197 4548 tua:
2240 4499 2505 4553 servituti.
2556 4501 2714 4568 Quod
2759 4507 2922 4562 etiam
2959 4508 3156 4566 Paulus
3203 4517 3382 4583 posuit
3426 4520 3477 4571 in

1857 4578 2146 4636 Timotheo
2175 4601 2272 4654 pro
2297 4591 2534 4647 maximo
2562 4608 2884 4652 ornamento
2905 4641 2918 4661 ,
2949 4600 3134 4657 dicens
3168 4623 3179 4658 :
3205 4605 3473 4663 Recorda-

1857 4673 2046 4728 tionem
2074 4677 2264 4733 habens
2289 4681 2412 4750 ﬁdei
2437 4701 2553 4755 qua:
2582 4698 2656 4741 est
2681 4690 2732 4742 in
2761 4701 2809 4744 te
2835 4708 2936 4747 non
2967 4696 3104 4762 ﬁcta,
3136 4714 3252 4765 qua:
3275 4700 3478 4758 habita-

1855 4764 1924 4816 vit
1954 4767 2176 4834 primum
2218 4771 2270 4824 in
2317 4774 2430 4828 avia
2474 4790 2561 4830 tua
2599 4777 2800 4848 Laide,
2844 4795 2892 4838 et
2933 4797 3097 4840 matre
3135 4799 3224 4844 tua
3255 4791 3472 4849 Euuice.

1859 4855 2171 4916 Persuasum
2201 4873 2373 4918 autent
2416 4868 2576 4923 habeo
2603 4873 2739 4940 quod
2765 4884 2812 4927 et
2851 4876 2904 4929 in
2937 4887 3013 4942 te,
3059 4889 3104 4932 et
3132 4883 3269 4949 quod
3297 4887 3361 4938 ab
3388 4888 3476 4941 in-

1856 4953 2021 5022 fantia
2061 4955 2284 5012 didicisti
2329 4977 2504 5015 sacras
2549 4961 2723 5019 literas
2751 4966 2838 5037 (2.
2864 4967 3001 5024 Tim.
3029 4974 3080 5026 i.
3107 4974 3160 5029 5.
3189 4987 3234 5028 et
3257 4978 3309 5032 '5.
3344 4981 3409 5033 l5
3431 4982 3471 5049 ).

1856 5041 1922 5095 Et
1962 5060 2147 5101 rursus
2176 5047 2246 5103 de
2287 5051 2467 5121 scipso
2496 5067 2511 5105 :
2543 5052 2794 5112 Hebrarus
2833 5077 2898 5115 ea:
2931 5060 3162 5118 Hebraeis
3191 5069 3205 5135 (
3234 5041 3470 5141 Philipp.

1852 5135 1905 5189 5.
1937 5136 1970 5189 5
1990 5139 2030 5206 ).
2068 5139 2133 5192 Et
2161 5155 2368 5209 rursus,
2402 5141 2611 5201 ΗΛ)νωὶ
2636 5161 2785 5218 sunt,
2815 5163 2863 5206 et
2888 5171 2979 5226 ego
3004 5172 3023 5211 .'
3049 5155 3307 5216 Israelita:
3333 5176 3469 5232 sunt,

1850 5238 1898 5280 et
1929 5245 2019 5300 ego
2054 5231 2128 5301 (2.
2156 5232 2276 5288 Cor.
2305 5224 2390 5290 ii.
2421 5237 2550 5310 22).
2584 5244 2830 5313 Amplius
2859 5224 3003 5302 enim
3028 5251 3279 5320 quiddam
3310 5224 3473 5311 habe;

1849 5321 2000 5390 bant,
2023 5335 2183 5395 quam
2209 5330 2484 5402 proselyti,
2512 5335 2600 5403 qui
2627 5352 2656 5390 a
2681 5340 2792 5393 suis
2814 5343 3111 5410 majoribus
3135 5349 3268 5401 tales
3293 5361 3472 5405 erant.

1851 5418 1918 5473 Et
1950 5419 2070 5476 idco
2100 5421 2185 5478 hic
2211 5439 2423 5496 quoque
2452 5428 2580 5484 dicit
2607 5449 2618 5485 :
2649 5431 2714 5484 Et
2744 5432 2886 5502 [ilius
2913 5441 3119 5493 ancilla!
3145 5452 3264 5496 tute.

1922 5509 2058 5564 Sunt
2095 5513 2227 5567 bona
2255 5525 2303 5569 et
2344 5518 2482 5572 mala
2512 5521 2759 5588 vincula;
2798 5544 2972 5597 gratus
3015 5531 3216 5587 animus
3249 5537 3470 5590 maxime

1847 5601 1957 5656 Deo
1983 5607 2241 5672 placet.—
2269 5607 2528 5680 Dirupisti
2565 5615 2770 5671 vincula
2817 5637 2946 5675 mea.
2989 5623 3104 5679 Non
3127 5625 3280 5689 dixit.
3325 5627 3470 5684 Con-

1844 5698 2081 5763 cussisti,
2114 5700 2230 5766 sed,
2257 5701 2513 5773 Dirupisti
2534 5750 2548 5775 ,
2578 5710 2888 5781 signiﬁcans
2914 5732 2977 5770 ea
3011 5719 3078 5773 ita
3111 5722 3271 5775 etiam
3304 5722 3465 5790 facta,

1846 5797 1905 5843 ut
1931 5799 2114 5846 essent
2140 5793 2366 5849 inutilia.
2391 5797 2614 5855 Vincula
2645 5813 2824 5860 autem
2857 5805 2943 5863 hic
2969 5807 3095 5864 dit-it
3124 5811 3465 5878 alﬁictioncs,

1848 5884 2193 5953 teutationcs,
2228 5887 2486 5957 pericula.
2519 5891 2614 5947 Est
2639 5895 2781 5951 enim
2813 5899 3011 5956 bonum
3035 5902 3325 5974 vinculum,
3355 5922 3464 5979 quo
