4086 6484
664 387 766 445 ω

667 500 901 575 optabile
925 508 1010 559 est
1037 499 1321 571 adstringi,
1347 509 1405 557 ut
1433 500 1649 573 quando
1668 500 1820 570 dicit,
1851 499 1917 555 In
1942 500 2142 556 uinculo
2170 500 2254 556 di-

663 594 890 649 lectionis
923 591 1153 666 (Ephes.
1179 592 1233 648 4.
1262 590 1332 665 5)
1360 611 1375 648 :
1401 602 1490 658 et,
1537 592 1686 664 Quod
1714 602 1787 647 est
1811 594 2065 649 vinculum
2089 598 2261 667 perfe-

660 686 850 740 ctionis
868 684 1091 757 (Coloss.
1119 686 1173 740 3.
1208 684 1316 756 14).
1351 685 1444 742 Est
1469 684 1631 740 etiam
1662 685 1932 740 vinculum
1972 686 2097 742 huic
2121 702 2257 742 con-

662 778 916 843 trarium,
949 787 1005 832 ut
1033 776 1247 848 quando
1272 777 1433 842 dicit,
1473 774 1678 833 Catenis
1707 788 2027 847 peccatorum
2050 796 2257 834 suorum

657 869 1006 939 unusquisque
1050 868 1385 939 adstringitur
1416 868 1617 941 (Prov.
1658 869 1713 925 5.
1749 869 1821 924 22
1842 870 1883 941 ).
1929 870 1985 924 Id
2016 870 2257 927 Christus

658 974 873 1031 quoque
898 961 1147 1026 inbuens,
1170 960 1392 1013 Abralue
1413 967 1598 1026 autem,
1628 960 1917 1030 inquiebat,
1941 961 2102 1030 ﬁliam
2124 963 2256 1016 hanc

657 1066 691 1104 a
718 1060 899 1105 satana
937 1051 1146 1125 ligatam
1188 1068 1292 1105 non
1339 1050 1597 1123 oportebat
1635 1052 1765 1106 solvi
1793 1051 1955 1123 (Luc.
1986 1055 2076 1109 l3.
2107 1054 2252 1125 16);

659 1149 719 1197 et
748 1141 913 1198 Isaias
941 1141 1009 1197 de
1030 1141 1246 1197 Christo
1268 1184 1285 1208 ,
1318 1139 1453 1196 Dedi
1477 1152 1523 1196 te
1548 1144 1603 1197 in
1628 1152 1979 1198 testamentum
2006 1146 2251 1215 gentium,

656 1236 914 1289 dicentem
932 1236 996 1288 iis
1024 1236 1111 1306 qui
1134 1244 1250 1290 sunt
1273 1235 1327 1288 in
1352 1234 1582 1299 vinculis,
1618 1233 1937 1307 Egredimini
1966 1234 2131 1306 (Isai.
2159 1236 2250 1291 49.

651 1326 709 1384 8.
744 1328 838 1396 9).
888 1326 1019 1383 Haec
1059 1343 1188 1399 ergo
1216 1327 1423 1382 vincula
1475 1326 1713 1399 dirupit,
1764 1344 1873 1383 non
1916 1330 2117 1384 solvit:
2151 1328 2255 1385 hoc

653 1420 797 1475 enim
823 1427 905 1475 eSt
937 1419 1031 1475 illo
1054 1419 1307 1489 amplius.
1352 1418 1505 1487 Quod
1554 1422 1598 1476 si
1645 1420 1766 1491 quis
1793 1422 1955 1476 etiam
1980 1420 2109 1476 velit
2137 1421 2253 1477 lucc

651 1522 868 1566 sumere
892 1508 1214 1580 anagogice,
1244 1509 1430 1565 dicens
1461 1510 1577 1566 haec
1615 1525 1736 1566 esse
1765 1511 1974 1566 vincula
2005 1521 2254 1581 peccato-

650 1614 794 1667 rum,
817 1608 873 1656 et
892 1609 1060 1655 totum
1081 1606 1318 1654 veterem
1342 1599 1637 1666 hominem,
1662 1599 1881 1655 minimc
1900 1601 2248 1657 aberraverit.

653 1690 926 1765 Est_aliud
952 1694 1166 1761 quoque
1187 1690 1456 1745 vinculum
1489 1690 1925 1761 pulcherrimum,
1950 1692 2091 1763 quod
2115 1692 2254 1749 Pau-

649 1785 737 1841 lus
758 1800 973 1854 semper
998 1785 1381 1840 circumferens
1404 1784 1617 1840 dicebat
1643 1803 1657 1838 :
1686 1783 1884 1839 Paulus
1900 1786 2101 1839 uinctus
2118 1784 2248 1840 Iesu

650 1878 840 1934 Christi
876 1875 1108 1950 (Epltes.
1140 1878 1193 1934 '5.
1226 1879 1277 1932 1.
1312 1888 1357 1932 et
1385 1876 1439 1933 6.
1466 1877 1538 1933 20
1555 1877 1594 1947 ).
1639 1877 1709 1931 Ει
1746 1893 1934 1933 rursus
1958 1920 1970 1941 ,
2017 1878 2121 1931 Pro
2149 1894 2250 1948 quo

650 1969 803 2025 etiam
830 1969 1027 2024 uinctus
1053 1984 1165 2023 sum
1191 1969 1246 2022 in
1273 1978 1455 2021 catena
1485 1966 1631 2039 (Act.
1662 1966 1753 2023 28.
1776 1967 1847 2021 20
1864 1965 1904 2038 ).
1937 1967 1989 2022 8.
2023 1967 2133 2021 Tibi
2159 1984 2248 2021 sa-

650 2060 891 2130 crificabo
921 2060 1138 2114 hostiam
1166 2060 1355 2115 laudis.
1398 2058 1533 2115 Vide
1560 2058 1829 2129 quomodo
1868 2061 2149 2130 superius,
2193 2069 2249 2116 et

650 2150 906 2218 inferius,
935 2160 989 2205 et
1014 2152 1214 2222 ubique
1252 2150 1485 2206 exsolvit
1526 2150 1766 2206 eamdem
1800 2152 1909 2207 Deo
1937 2152 2246 2208 retributio-

649 2257 775 2299 nem
806 2260 821 2298 :
852 2243 1100 2313 superius
1127 2242 1313 2298 dicens
1330 2283 1345 2307 ,
1373 2240 1595 2298 Calicem
1618 2242 1857 2299 salutaris
1885 2244 2135 2313 accipiam
2155 2286 2169 2311 ,
2200 2258 2248 2300 et

649 2349 830 2389 nomen
875 2332 1084 2389 Domini
1108 2332 1393 2398 invocabo;
1420 2332 1536 2399 hic,
1568 2332 1680 2388 Tibi
1708 2336 2008 2404 sacriﬁcabo
2029 2337 2246 2391 hostiam

648 2425 851 2493 laudis,
898 2425 1003 2483 hoc
1028 2437 1148 2491 est,
1195 2424 1409 2485 Gratias
1435 2439 1622 2496 agam,
1656 2425 1931 2481 Laudabo.
1966 2427 2032 2481 Et
2066 2445 2249 2483 nomen

644 2518 855 2572 Domini
883 2517 1143 2572 invocabo.
1178 2516 1339 2572 Vides
1367 2517 1637 2588 quomodo
1664 2528 1749 2573 est
1778 2518 2097 2575 sacriﬁcium
2131 2520 2247 2575 lau-

647 2610 775 2666 dis?
807 2609 860 2666 9.
892 2609 1023 2666 Vota
1049 2626 1161 2664 mea
1182 2608 1403 2664 Domino
1433 2610 1647 2665 reddam
1673 2612 1727 2665 in
1766 2622 2041 2681 conspectu
2084 2615 2247 2667 omnis

649 2704 828 2774 pepuli
856 2704 968 2774 ejus
986 2744 1003 2771 ,
1036 2702 1124 2758 Ib.
1157 2703 1210 2757 in
1237 2703 1379 2758 atriis
1407 2704 1586 2757 domus
1610 2701 1855 2767 Domini,
1898 2706 1950 2758 in
1979 2705 2143 2759 medio
2172 2708 2249 2760 tui

642 2780 955 2849 Jerusalem.
986 2794 1098 2848 Hoc
1122 2802 1301 2848 autem
1332 2792 1592 2858 faciebat,
1625 2809 1731 2849 non
1759 2802 1901 2850 ut‘se
1927 2806 2240 2863 ostentaret,

642 2899 744 2941 nec
772 2892 829 2940 ut
853 2883 1081 2955 gloriam
1106 2893 1366 2955 captaret,
1393 2884 1486 2940 sed
1516 2900 1705 2941 omnes
1732 2885 1798 2940 ad
1826 2901 1980 2942 suam
2009 2887 2243 2942 invitans

640 2979 993 3035 imitationem
1014 3019 1029 3045 ,
1062 2986 1117 3034 et
1143 2978 1327 3034 volens
1367 2993 1462 3034 eos
1491 2977 1690 3034 habere
1732 2980 1910 3035 socios
1936 2982 2237 3051 gratiarum

638 3075 887 3131 actionis.
916 3072 1068 3143 Quod
1094 3072 1309 3144 quidem
1341 3072 1542 3128 faciunt
1570 3087 1760 3129 omnes
1784 3075 1977 3141 sancti,
2007 3089 2112 3128 non
2144 3074 2243 3129 ho-

640 3166 817 3221 mines
842 3165 1050 3229 sOIum,
1082 3163 1176 3219 sed
1218 3163 1379 3219 etiam
1412 3178 1625 3219 onmem
1656 3173 1958 3220 creaturam
1980 3206 1995 3230 ,
2028 3166 2243 3236 quando

639 3255 887 3314 beneﬁcii
915 3254 1117 3325 aliquid
1145 3256 1473 3325 acceperint,
1514 3265 1768 3312 vocantes
1795 3257 1861 3312 ad
1893 3258 2064 3313 laudis
2091 3272 2241 3314 com-

636 3348 967 3404 munionem.
996 3346 1140 3402 Nihil
1171 3359 1254 3403 est
1283 3346 1428 3403 enim
1449 3388 1465 3414 ,
1493 3346 1635 3417 quod
1669 3346 1808 3403 Deus
1835 3348 2038 3418 majore
2062 3351 2242 3406 studio

637 3438 1040 3509 complectatur,
1071 3453 1227 3509 quam
1254 3453 1377 3495 esse
1399 3449 1627 3508 gratum,
1660 3454 1765 3494 non
1789 3441 1963 3496 solum
1990 3442 2046 3497 in
2071 3442 2240 3499 rebus

637 3531 923 3599 secundis,
953 3530 1049 3587 sed
1083 3529 1246 3586 etiam
1276 3530 1330 3585 In
1377 3530 1637 3587 adversis.
1686 3530 1799 3587 Hoc
1837 3541 1923 3589 est
1968 3534 2237 3604 praecipue

639 3623 853 3691 hostia,
886 3622 988 3679 hoc
1013 3622 1249 3679 maxima
1296 3622 1516 3679 oblatio.
1561 3623 1640 3679 Ila
1683 3624 1787 3679 Job
1828 3625 2235 3695 praedicabatur,

636 3716 709 3774 ita
734 3717 948 3781 Paulus,
972 3717 1042 3772 ita
1063 3715 1229 3772 Iacob
1253 3734 1267 3771 :
1291 3716 1365 3771 ita
1391 3718 1754 3788 unusquisque
1773 3717 2062 3789 iustorum,
2090 3721 2236 3791 pium

635 3824 793 3867 suum
820 3818 871 3864 et
895 3818 1103 3880 gratum
1130 3808 1185 3863 in
1214 3808 1383 3863 Deum
1419 3809 1657 3864 animum
1686 3812 1919 3867 maxime
1944 3813 1998 3868 in
2028 3822 2238 3885 tempo-

635 3916 756 3958 rum
777 3900 1089 3956 diiiicultate
1109 3899 1418 3956 ostendens.
1442 3900 1683 3971 Idipsum
1710 3916 1809 3957 nos
1833 3918 2048 3974 quoque
2076 3904 2237 3960 iacia-

636 4010 781 4061 mus,
804 4002 861 4051 et
878 3993 1075 4063 gratias
1095 4001 1358 4064 perpetuo
1376 4007 1536 4064 agere
1559 3980 1985 4065 perseveremus,
2015 4006 2072 4052 ut
2093 3996 2233 4053 bona

635 4090 799 4147 etiam
827 4094 1028 4147 reterns
1067 4099 1498 4157 consequamur:
1530 4102 1650 4156 quae
1676 4087 1833 4144 detur
1871 4089 2025 4145 nobis
2050 4091 2231 4146 omni-

636 4183 735 4240 bus
756 4182 1033 4253 consequi,
1050 4181 1221 4253 gratia
1247 4190 1303 4237 et
1323 4181 1652 4251 benignitate
1676 4181 1885 4238 Domini
1915 4184 2082 4240 nostri
2103 4184 2230 4240 Iesu

634 4276 831 4333 Christi
851 4318 869 4345 ,
897 4276 983 4331 cui
1010 4274 1181 4347 gloria
1209 4282 1265 4330 et
1291 4272 1574 4344 imperium
1595 4315 1611 4341 ,
1641 4290 1783 4331 nunc
1820 4283 1877 4331 et
1902 4290 2145 4347 semper,
2175 4286 2232 4333 et

635 4367 916 4426 in.s:ccula
942 4367 1288 4425 saeculorum.
1318 4365 1514 4420 Amen.

1102 4496 1170 4553 IN
1207 4494 1531 4554 PSALMUM
1576 4492 1761 4552 CXVI.

632 4614 685 4669 Ι.
714 4608 946 4665 Landate
969 4606 1247 4663 Dominum
1264 4646 1281 4671 ,
1306 4622 1479 4661 omnes
1501 4617 1673 4678 gentes
1696 4646 1712 4672 ,
1741 4608 1947 4661 laudate
1972 4622 2088 4661 eum
2111 4624 2226 4663 om—

702 4718 790 4757 nes
836 4700 1035 4772 populi.
1076 4697 1132 4754 2.
1176 4696 1431 4765 Quoniam
1473 4698 1777 4766 conﬁrmata
1822 4707 1898 4753 est
1938 4713 2091 4769 super
2132 4716 2227 4755 nos

702 4792 1051 4850 misericordia
1075 4793 1222 4865 ejus,
1260 4800 1309 4846 et
1336 4792 1518 4846 ueritas
1542 4788 1754 4846 Domini
1783 4800 1954 4847 manet
1982 4793 2036 4847 in
2072 4802 2223 4848 teter-

700 4998 884 5056 Cuivis
915 4997 1118 5053 clarum
1158 5003 1273 5064 est,
1317 4994 1433 5052 bmc
1459 5010 1578 5068 quae
1616 4996 1755 5052 dicta
1791 5005 1915 5052 sunt
1941 5012 2063 5054 esse
2094 5014 2219 5069 pro-

627 5081 863 5164 phetiam
891 5088 1150 5147 Ecclesia:
1177 5087 1511 5145 credentium
1530 5129 1548 5154 ,
1576 5098 1632 5144 et
1656 5088 2059 5159 praedictionem
2086 5106 2223 5161 pra:-

624 5182 910 5239 dicationis
954 5195 1075 5251 quat
1114 5180 1424 5237 universum
1469 5180 1659 5235 orbem
1708 5188 1869 5235 terrai
1914 5183 2215 5252 occupavit.

624 5275 810 5345 Neque
833 5273 978 5329 enim
1004 5287 1161 5328 unam
1180 5312 1198 5339 ,
1230 5271 1365 5335 duas
1391 5280 1483 5327 aut
1509 5281 1620 5327 tres
1644 5271 1981 5328 solummodo
2008 5286 2216 5345 gentes,

623 5366 722 5425 sed
749 5376 968 5432 terram,
997 5374 1053 5422 et
1075 5365 1385 5421 universum
1414 5380 1563 5421 mare
1585 5374 1742 5421 vocat
1768 5364 2033 5422 Psalmus.
2064 5366 2217 5435 Quod

621 5462 783 5516 etiam
826 5457 1047 5525 evenit,
1074 5456 1288 5528 quando
1324 5456 1525 5514 Christi
1558 5456 1819 5533 adventus
1860 5458 2211 5529 resplenduit.

624 5549 832 5610 Deinde
876 5548 1007 5606 dicit
1032 5547 1194 5606 etiam
1233 5561 1448 5604 causam
1488 5547 1723 5619 salutis,
1747 5562 1843 5606 eos
1888 5564 2080 5616 nempe
2108 5564 2213 5605 non

619 5658 687 5702 es
721 5642 959 5716 propriis
992 5636 1180 5709 Iactis,
1212 5655 1315 5698 nec
1351 5656 1419 5699 ex
1446 5642 1555 5697 vita
1575 5632 1722 5709 ,θέε
1748 5656 1813 5699 ex
1858 5639 2085 5710 ﬁducia,
2118 5642 2213 5699 sed

621 5749 689 5793 es
731 5734 845 5789 sola
883 5731 977 5789 Dei
1010 5730 1298 5789 clementia
1339 5741 1581 5789 servatos
1625 5746 1766 5789 esse.
1792 5730 2113 5802 Conﬁrmata
2139 5745 2213 5789 est

620 5826 766 5887 enim
790 5866 807 5898 ,
850 5824 1042 5897 inquit,
1086 5840 1238 5899 super
1259 5840 1355 5883 nos
1397 5825 1743 5886 misericordia
1781 5824 1939 5898 ejus:
1981 5823 2084 5884 hoc
2107 5835 2209 5890 est,

1369 330 1451 443 Β.⁸
1464 382 1741 443 JOANNIS
1775 383 2252 443 CHRYSOSTOHI
2290 385 2609 445 ARCIIIEP.
2647 383 3190 447 CONSTANTINOP.

3865 388 3969 447 διε

2371 511 2555 561 coacta
2584 509 2669 555 est
2694 508 2749 556 et
2773 500 2994 568 coaluit,
3026 500 3288 572 ﬁrmaque
3318 515 3384 557 ac
3402 500 3574 558 solida
3600 501 3747 560 laeta
3774 516 3891 571 est,
3919 517 3975 564 et

2370 592 2531 662 petra‘
2551 591 2812 648 stabilior.
2858 591 3252 648 Incrementum
3277 594 3422 649 enim
3452 594 3694 665 quotidie
3727 597 3971 664 suscipit.

2368 684 2437 739 Et
2462 686 2647 739 veritas
2684 684 2796 752 ejus
2833 693 3002 737 manet
3044 684 3098 737 in
3128 694 3394 739 ostentum.
3421 683 3573 739 Tunc
3591 686 3746 741 enim
3776 686 3974 742 veritas

2367 778 2600 833 maxime
2626 776 2975 847 resplenduit.
3017 776 3144 831 Ideo
3181 787 3360 832 autem
3406 777 3485 832 sic
3509 776 3687 844 dixit,
3710 779 3970 847 quoniam

2365 876 2549 924 vetera
2603 868 2691 923 illa
2734 876 2889 922 erant
2930 878 3087 939 typus
3107 874 3167 923 et
3201 868 3389 937 ﬁgura.
3438 867 3551 922 [Ioc
3586 868 3761 939 ipsum
3805 866 3974 939 signi-

2364 962 2538 1016 Iicans
2562 976 2778 1032 quoque
2804 960 3155 1029 evangelista,
3181 958 3402 1014 dicebat
3434 978 3447 1013 :
3483 960 3593 1014 Leo:
3616 978 3708 1031 per
3736 959 3972 1032 Haysent

2365 1053 2489 1107 data
2516 1063 2612 1119 est,
2644 1054 2812 1123 gratia
2834 1062 2881 1107 et
2917 1054 3102 1107 veritas
3128 1069 3219 1123 per
3234 1050 3421 1107 Jesum
3448 1051 3710 1108 Christum
3730 1058 3878 1127 facta
3898 1064 3974 1109 est

2366 1144 2547 1219 (Joan.
2583 1148 2633 1201 I.
2664 1144 2777 1215 Π).

2825 1277 2895 1335 ΙΝ
2933 1277 3257 1336 PSALMUM
3294 1277 3504 1337 CXVII.

2362 1394 2416 1450 I.
2440 1391 2764 1465 Conﬁtemini
2787 1394 3013 1451 Domino
3037 1399 3279 1468 quoniam
3305 1399 3485 1465 bonus,
3508 1398 3753 1470 quoniam
3778 1400 3837 1455 in
3869 1415 3971 1457 sc-

2806 1490 2978 1543 culum
3003 1491 3355 1545 misericordia
3383 1493 3514 1563 ejus.

2431 1598 2483 1653 I.
2528 1597 2738 1653 Dictum
2766 1600 2983 1670 quidem
3016 1602 3213 1657 Psalmi
3245 1600 3387 1673 quod
3428 1607 3707 1661 consuevit
3736 1608 3971 1679 populus

2358 1689 2646 1746 succinere
2676 1694 2774 1761 (a),
2804 1692 2907 1746 hoc
2932 1702 3014 1747 est
3040 1711 3052 1745 :
3084 1692 3212 1748 Hec
3236 1704 3310 1748 est
3333 1694 3441 1749 dies
3462 1712 3617 1766 quam
3642 1696 3762 1768 fecit
3787 1697 3971 1754 Domi~

2356 1795 2473 1845 nus,
2500 1783 2809 1837 exsultemus
2841 1793 2889 1837 et
2927 1784 3156 1838 ltetemur
3183 1785 3237 1838 in
3266 1801 3325 1838 ea
3353 1802 3371 1839 :
3391 1786 3533 1853 quod
3563 1794 3620 1842 et
3646 1790 3851 1845 multos
3878 1806 3966 1847 ex-

2357 1872 2520 1939 citat,
2566 1883 2620 1929 et
2651 1875 2754 1930 hoc
2791 1877 3024 1930 maxime
3052 1878 3192 1932 solet
3234 1877 3465 1947 populus
3498 1878 3593 1933 illo
3622 1880 3975 1949 spirituaii'et

2354 1965 2558 2019 cazlesti
2603 1964 2739 2020 festo
2780 1967 3081 2024 succinere.
3126 1967 3234 2022 Nos
3261 1979 3438 2023 autem
3461 2010 3477 2035 ,
3509 1970 3551 2043 si
3580 1984 3676 2025 vos
3704 1971 3869 2026 vultis
3893 2014 3909 2037 ,
3946 1985 3976 2020 ει

2355 2056 2530 2125 capite
2560 2067 2613 2111 et
2641 2057 2711 2111 ab
2738 2058 2889 2113 initio
2916 2068 3084 2115 totum
3117 2060 3390 2115 Psalmum
3419 2076 3832 2132 persequamur,
3861 2079 3968 2119 nou

2355 2161 2382 2199 a
2416 2162 2574 2202 versu
2603 2149 2693 2218 qui
2725 2150 3052 2213 succinitur,
3097 2151 3193 2206 sed
3223 2152 3294 2206 ab
3320 2153 3436 2222 ipso
3480 2153 3704 2208 exordio
3745 2156 3968 2225 exposi-

2356 2239 2556 2294 tionem
2595 2240 2936 2297 inchoantes.
2984 2243 3211 2299 Versum
3241 2247 3385 2300 enim
3417 2246 3601 2301 Patres
3648 2249 3861 2313 nostri,
3912 2259 3969 2303 ut

2354 2334 2443 2401 qui
2475 2341 2619 2388 esset
2644 2349 2890 2400 sonorus,
2920 2344 2973 2391 et
2999 2337 3229 2393 sublime
3253 2338 3468 2407 aliquod
3493 2338 3688 2409 dogma
3719 2341 3969 2397 contine

2355 2433 2470 2489 ret.
2514 2426 2773 2495 populum
2819 2428 3102 2483 succinere
3146 2439 3482 2495 sanxerunt,
3525 2431 3969 2501 quandoquidem

2356 2523 2525 2573 tntum
2555 2516 2827 2571 Psalmum
2858 2518 3170 2587 ignorabat,
3200 2529 3257 2572 ut
3282 2518 3366 2573 vel
3395 2518 3519 2573 hinc
3546 2521 3838 2589 perfectam
3866 2520 3969 2578 do-

2353 2611 2579 2663 ctrinam
2621 2613 2949 2680 acciperent.
3000 2610 3165 2666 Nobis
3210 2623 3388 2666 autem
3436 2627 3659 2667 necesse
3703 2622 3791 2668 est
3836 2628 3966 2671 eum

2354 2710 2523 2757 totum
2568 2705 2855 2772 persequi,
2886 2704 2987 2758 etsi
3016 2718 3135 2771 qua:
3165 2713 3289 2759 sunt
3321 2704 3374 2758 in
3405 2705 3582 2759 medio
3611 2704 3752 2774 ejus,
3783 2708 3966 2761 maxi-

2350 2808 2493 2847 mam
2530 2792 2759 2849 habeant
2799 2794 3154 2863 prophetiam.
3187 2794 3286 2850 IIic
3311 2795 3454 2849 enim
3481 2795 3684 2850 dictum
3712 2806 3800 2851 est
3823 2814 3836 2849 :
3861 2796 3966 2852 La-

2350 2885 2522 2956 pidem
2547 2903 2695 2956 quem
2720 2888 3115 2958 reprobaverunt
3142 2887 3476 2957 tedificantes,
3505 2887 3588 2941 hic
3611 2888 3785 2957 factus
3814 2901 3891 2944 est
3916 2890 3967 2944 in

2347 2987 2502 3047 caput
2530 2979 2707 3050 anguli
2735 2980 2819 3048 (υ.
2853 2978 2925 3032 22
2942 2979 2985 3050 9.
3027 2978 3179 3047 Quod
3208 2979 3424 3048 quidem
3453 2977 3704 3034 Christus
3743 2996 3967 3051 quoque

2348 3071 2483 3125 dixit
2502 3069 2701 3127 Judtcis
2725 3070 2948 3143 (Matth.
2973 3071 3064 3125 2L
3087 3071 3158 3127 42
3175 3058 3218 3141 );
3243 3072 3404 3141 paqu
3429 3072 3647 3141 quidem
3674 3073 3971 3130 obscurius

2348 3163 2548 3235 (adhuc
2576 3164 2718 3217 enim
2747 3165 2823 3217 ira
2868 3163 3180 3230 fervebant,
3221 3163 3340 3235 ipse
3379 3173 3557 3219 autem
3586 3179 3709 3220 eam
3742 3166 3968 3222 nolebat

2345 3255 2645 3311 accendere
2676 3274 2689 3310 :
2719 3255 2987 3310 Calamam
3004 3257 3156 3311 enim
3183 3256 3455 3309 contritum
3499 3272 3603 3310 non
3637 3258 3964 3329 confringet,

2341 3360 2393 3409 et
2421 3351 2585 3405 linum
2611 3350 2870 3422 fumigans
2898 3366 3001 3404 non
3025 3350 3308 3419 exstinguat
3341 3348 3503 3421 [Isai.
3530 3349 3621 3404 42.
3651 3348 3720 3423 ὅ]
3741 3350 3794 3421 ),
3827 3351 3966 3406 dixit

2346 3450 2546 3495 tamen.
2579 3440 2967 3511 Aggrediamur
2987 3454 3116 3510 ergo
3138 3438 3409 3493 Psalmum
3430 3438 3498 3493 ab
3520 3439 3636 3509 ipso
3664 3445 3958 3510 prooemio,

2344 3531 2500 3587 sicuti
2522 3530 2634 3600 jam
2661 3530 2911 3585 diximus.
2941 3529 3095 3597 Quod
3124 3538 3204 3584 est
3244 3540 3374 3601 ergo
3416 3531 3737 3600 prooemium
3761 3534 3786 3585 ?
3824 3533 3961 3589 Cou-

2344 3625 2558 3692 [itemini
2582 3622 2824 3689 Domino,
2856 3621 3318 3692 quoniam-bonus,
3342 3624 3584 3692 quoniam
3617 3625 3672 3677 in
3707 3628 3960 3680 arculum

2338 3708 2692 3771 misericordia
2708 3717 2847 3786 ejus.
2875 3715 3007 3770 Nam
3036 3730 3158 3770 cum
3185 3722 3369 3770 mente
3396 3716 3651 3786 agitasset
3689 3721 3958 3788 propheta

2342 3806 2490 3863 orbis
2536 3816 2694 3862 terra:
2734 3806 3092 3871 beneﬁcium,
3133 3813 3191 3862 et
3230 3820 3524 3875 perennem
3561 3806 3958 3879 benignitatem

2342 3918 2405 3958 ac
2428 3901 2770 3958 clementiam
2801 3915 2961 3971 quam
3007 3900 3064 3954 in
3106 3898 3357 3954 omnibus
3400 3899 3634 3955 ostendit
3664 3900 3956 3971 Dominus,

2341 4001 2503 4049 vocat
2531 3991 2693 4048 simul
2732 4005 2926 4047 omnes
2951 3988 3018 4045 ad
3053 3989 3294 4060 agendas
3322 3990 3520 4060 gratias
3542 4031 3557 4056 ,
3588 3992 3832 4047 maxime
3861 4009 3955 4049 ca-

2341 4088 2452 4158 pite
2497 4086 2761 4142 bonorum
2802 4085 2919 4155 ejus
2963 4085 3017 4138 in
3062 4081 3244 4138 medio
3289 4084 3483 4153 posito.
3532 4082 3587 4139 2.
3619 4082 3778 4139 Dicat
3816 4103 3957 4140 nunc

2335 4182 2521 4236 domus
2550 4180 2757 4247 Israel,
2800 4182 3041 4253 quoniam
3073 4179 3245 4235 bonus
3269 4222 3282 4244 ,
3328 4181 3572 4250 quoniam
3604 4182 3659 4234 in
3699 4182 3958 4245 stac-lum

2336 4275 2683 4331 misericordia
2710 4274 2842 4345 ejus.
2873 4273 3013 4341 Quid
3042 4271 3221 4328 dicis?
3250 4270 3448 4326 Domus
3472 4269 3662 4339 Israel,
3695 4288 3822 4342 quae
3849 4288 3945 4328 ca~

2335 4367 2607 4438 ptivitates
2631 4378 2883 4435 perpessa
2913 4374 2998 4419 est
3027 4362 3469 4428 innumerabiles,
3490 4357 3609 4433 quae
3634 4364 3687 4417 in
3705 4362 3951 4437 Egypto

2336 4459 2577 4523 servivit,
2610 4472 2731 4528 qua:
2757 4458 2810 4511 in
2838 4457 2985 4511 orbis
3016 4465 3281 4511 terrarum
3311 4466 3551 4519 extrema
3574 4454 3810 4512 abducta
3839 4466 3945 4523 est,

2334 4567 2455 4622 qua:
2480 4550 2533 4606 in
2555 4549 2844 4605 Palmstina
2871 4548 3021 4605 mille
3059 4547 3309 4604 toleravit
3349 4546 3713 4603 alﬂictiones?
3756 4548 3945 4616 Certe,

2333 4645 2526 4716 inquit.
2560 4645 2598 4699 li
2625 4645 2767 4699 enim
2799 4652 2923 4698 sunt
2951 4642 3068 4712 eius
3094 4640 3359 4696 bonorum
3385 4642 3575 4712 optimi
3604 4651 3796 4710 testes,
3829 4658 3949 4697 ma-

2325 4728 2633 4809 joraque'et
2657 4735 2914 4806 ampliora
2944 4742 3271 4805 acceperunt
3295 4748 3455 4803 quam
3484 4734 3598 4788 alii.
3625 4733 3945 4799 Quinetiam

2329 4832 2433 4890 hoc
2462 4834 2636 4905 ipsum
2662 4829 2804 4901 quod
2835 4828 2976 4899 passi
3020 4836 3176 4892 sunt,
3207 4834 3294 4882 est
3334 4833 3708 4897 argumentum
3754 4828 3946 4898 magni

2326 4928 2592 4987 beneﬁcii.
2619 4926 2677 4983 Si
2697 4927 2817 4997 quis
2836 4934 3015 4979 autem
3036 4921 3325 4992 diligenter
3339 4920 3748 4983 examinavet'it,
3768 4922 3942 4979 etiam

2326 5037 2424 5094 pro
2460 4998 2657 5077 Christi
2686 5017 2917 5074 adventu
2957 5024 3377 5070 consentaneum
3406 5020 3505 5069 est
3531 5026 3627 5067 eos
3663 5012 3943 5068 maximas

2325 5130 2486 5188 agere
2511 5113 2731 5185 gratias.
2761 5110 2873 5166 Etsi
2901 5109 3045 5164 enim
3068 5105 3297 5162 adversa
3322 5104 3464 5176 passi
3490 5112 3635 5170 sunt,
3664 5103 3719 5159 id
3747 5112 3939 5162 tamen

2326 5227 2431 5266 non
2462 5208 2532 5264 ab
2555 5223 2622 5264 eo
2648 5206 2740 5276 qui
2767 5204 2944 5271 venit,
2982 5201 3077 5258 sed
3107 5200 3176 5257 ab
3205 5214 3395 5256 eorum
3434 5198 3775 5269 improbitate
3807 5213 3944 5267 pro-

2325 5304 2522 5360 fectum
2549 5312 2650 5359 est.
2684 5301 2806 5370 Ipse
2831 5297 2976 5353 enim
3006 5294 3073 5350 ad
3101 5308 3197 5351 eos
3225 5290 3507 5359 veniebat,
3536 5300 3591 5345 et
3616 5289 3941 5361 frequenter

2322 5395 2534 5453 dicebat
2566 5410 2580 5447 :
2619 5391 2746 5447 Non
2774 5390 2958 5445 missus
3000 5402 3113 5442 sum
3152 5384 3250 5440 nisi
3286 5382 3357 5438 ad
3384 5398 3499 5437 oves
3526 5396 3642 5453 qut:
3668 5380 3939 5450 perierant

2322 5492 2504 5546 domus
2534 5484 2702 5544 Israel
2728 5480 2946 5556 (Matth.
2971 5481 3059 5538 i5.
3086 5478 3194 5550 ει)
3219 5496 3237 5547 ;
3265 5485 3320 5534 et
3344 5474 3623 5549 discipulis
3653 5490 3670 5530 :
3694 5470 3765 5531 In
3790 5475 3942 5534 ciam

2395 5643 2467 5708 ια)
2494 5640 3006 5715 Quié.sil:.P“€"3?"!
3030 5634 3287 5715 succus
3302 5636 3668 5715 ίέτξῑιψέὶὶεεϋν
3696 5635 3926 5715 (litim!!!

2332 5697 2481 5777 supra
2504 5697 2559 5757 in
2599 5697 2788 5755 lionitb
2811 5704 2870 5751 ad
2897 5702 3027 5752 Psal.
3056 5702 3130 5751 tl.
3158 5697 3328 5763 Igitur
3344 5697 3426 5748 hic
3443 5697 3663 5767 'versus,
3706 5697 3816 5749 lucc
3845 5704 3926 5771 est

2332 5768 2459 5825 dies,
2504 5776 2624 5825 etc.,
2662 5770 2773 5816 erat
2807 5776 3113 5825 responsum,
3154 5761 3289 5825 quod
3338 5764 3455 5825 post
3495 5761 3726 5825 singulos
3765 5760 3928 5825 hujus

2332 5761 2459 5828 die},
2504 5776 2624 5829 etc.,
2662 5770 2773 5816 erat
2807 5776 3113 5827 responsum,
3154 5761 3289 5828 quod
3338 5764 3455 5826 post
3495 5761 3645 5825 εἰηεο

2336 5830 2516 5883 Psalmi
2540 5841 2716 5883 versus
2738 5826 3082 5890 repetebatur.
