4086 6440
280 370 388 428 523

280 486 509 556 gentium
538 501 601 539 ne
627 481 853 538 abteritis
875 497 898 536 :
918 482 986 535 ite
1013 481 1183 549 potius
1222 478 1288 530 ad
1324 492 1439 530 oves
1475 490 1592 545 qua:
1626 473 1882 544 perierunt

281 580 466 631 domus
491 576 660 631 Israel
688 573 912 646 (Matth.
941 573 1027 628 1ο.
1055 569 1125 641 5)
1149 588 1164 635 ;
1193 579 1247 624 et
1276 568 1593 622 Cltananzeze
1621 582 1634 617 :
1662 561 1784 617 Non
1813 571 1885 616 est

284 670 472 723 bonum
495 668 728 735 accipere
751 683 932 737 panem
961 665 1186 732 ﬁliorum
1212 671 1257 716 et
1281 660 1407 722 dare
1433 659 1642 711 canibus
1669 654 1881 727 (Matth.

285 761 375 815 15.
403 759 520 829 26).
548 757 744 813 Omnia
775 756 920 811 enim
957 754 1145 824 agebat
1179 761 1234 808 et
1279 748 1598 820 procumbat.
1637 762 1738 816 pro
1764 746 1883 799 illo-

283 866 400 905 rum
432 849 628 905 salute.
671 848 826 917 Quod
851 847 896 900 si
924 845 1022 899 visi
1053 853 1180 898 sunt
1212 843 1410 910 indigni
1441 838 1706 895 beneficio
1727 878 1742 902 ,
1775 836 1886 890 suis

283 941 583 995 sceleribus
631 940 934 1008 imputent,
980 944 1035 990 et
1075 948 1288 989 summo
1336 945 1435 986 suo
1481 928 1686 999 ingrati.
1722 925 1887 979 anitni

279 1031 518 1085 crimini.

356 1120 645 1177 Sacerdotii
673 1118 918 1193 dignitas.
941 1146 1015 1157 —
1037 1116 1092 1170 5.
1147 1113 1292 1168 Dicat
1317 1112 1499 1166 domus
1540 1107 1714 1162 Aaron
1758 1121 1884 1174 quo-

283 1212 425 1265 niam
465 1210 657 1276 bonus,
686 1211 930 1280 quoniam
975 1207 1028 1261 in
1079 1205 1323 1260 sarculum
1365 1199 1714 1255 misericordia
1753 1198 1883 1268 ejus.

283 1303 382 1358 llic
415 1311 569 1357 vocat
605 1302 915 1357 sacerdotes
958 1289 1248 1368 separatim
1287 1297 1355 1350 ad
1384 1295 1570 1349 laudes
1593 1291 1884 1355 canendus,

281 1395 577 1450 ostendens
604 1408 762 1466 quam
798 1392 868 1446 sit
908 1391 1182 1447 excellens
1211 1386 1590 1444 sacerdotium.
1617 1382 1750 1438 Nam
1780 1397 1888 1452 quo

281 1499 441 1542 erant
465 1486 585 1540 aliis
628 1485 864 1553 majores
883 1524 898 1546 ,
918 1497 995 1540 ,eo
1027 1484 1285 1549 majorem
1313 1495 1342 1532 a
1372 1479 1484 1533 Deo
1511 1477 1734 1547 gloriam
1761 1489 1889 1530 con—

281 1580 498 1649 sequuti
513 1587 666 1658 .sunt,
697 1591 804 1631 non
831 1576 1005 1629 solum
1031 1573 1173 1643 quod
1200 1572 1267 1626 ad
1294 1567 1887 1658 sacerdotiumattinet,

282 1669 378 1723 sed
405 1656 568 1722 etiam
601 1666 741 1736 quod
779 1665 846 1720 ad
871 1664 974 1718 alia
1012 1665 1212 1716 omnia.
1262 1661 1473 1716 Etenim
1499 1657 1714 1730 quando
1753 1656 1889 1727 ignis

282 1761 552 1814 demissus
570 1768 672 1823 est,
698 1767 917 1828 propter
936 1772 1031 1811 eos
1053 1756 1318 1810 demissus
1337 1763 1441 1818 est,
1463 1763 1517 1807 et
1540 1761 1680 1806 terra
1704 1759 1898 1821 aperta-

281 1860 389 1912 est,
422 1859 477 1905 et
498 1850 645 1921 virga
673 1848 995 1919 germinavit
1021 1846 1164 1919 (Lee.
1195 1846 1282 1901 10.
1309 1845 1345 1898 2
1369 1861 1384 1910 ;
1420 1844 1580 1898 Nunt.
1608 1844 1697 1898 16.
1724 1842 1814 1898 52.
1842 1851 1890 1896 et

284 1943 376 1997 17.
404 1941 519 2014 18),
546 1952 600 1997 et
623 1943 722 1995 alia
754 1941 1032 1994 innumera
1061 1946 1278 2008 prepter
1304 1937 1469 2006 ipsos,
1502 1937 1609 1989 imo
1635 1949 1766 1988 vero
1793 1947 1889 2002 pro

283 2034 427 2103 ipsis.
445 2032 698 2086 miracula
724 2035 868 2091 facta
895 2037 1039 2084 sunt.
1083 2029 1135 2082 4.
1170 2026 1359 2080 Dicant
1387 2041 1563 2082 omnes
1597 2025 1686 2094 qui
1713 2023 1890 2077 timent

284 2124 598 2187 Dominum,
630 2122 874 2191 quoniam
902 2122 1061 2174 bonus
1081 2160 1095 2184 ,
1126 2117 1364 2188 quoniam
1389 2117 1444 2170 in
1470 2115 1715 2171 siccatum
1740 2115 1890 2168 mise-

279 2214 511 2268 ricordia
536 2214 666 2283 ejus.
700 2211 741 2266 li
766 2211 910 2265 enim
938 2219 1064 2265 sunt
1089 2210 1178 2278 qui
1205 2209 1436 2262 maxime
1457 2217 1681 2277 possunt
1705 2206 1890 2261 videre

281 2307 405 2376 ejus
449 2305 832 2376 benignitatem
854 2345 869 2372 ,
909 2312 964 2358 et
991 2318 1089 2374 per
1122 2302 1298 2356 omnia
1327 2300 1537 2360 discere
1571 2299 1885 2355 bonitatem.

279 2398 423 2468 Quid
465 2407 547 2453 est
588 2406 768 2452 autem
793 2435 809 2462 ,
861 2395 1113 2463 Quoniam
1157 2398 1212 2448 in
1254 2393 1498 2449 siccatum
1542 2389 1890 2446 misericordia

279 2491 397 2560 ejus
416 2490 445 2544 2
474 2488 760 2558 Perpetua,
788 2487 988 2556 inquit,
1023 2502 1130 2540 non
1162 2487 1480 2556 interrupta,
1511 2484 1606 2539 sed
1631 2484 1684 2539 in
1710 2484 1888 2538 omni-

282 2580 385 2635 bus
410 2589 463 2635 et
490 2594 590 2650 per
614 2579 795 2635 omnia
820 2579 1169 2648 resplendeus
1186 2618 1199 2642 ,
1225 2587 1282 2632 et
1308 2591 1367 2632 se
1394 2575 1704 2630 ostendens.
1736 2573 1890 2643 Quod

282 2673 331 2727 si
358 2672 511 2725 multi
541 2686 662 2727 eam
691 2687 798 2727 non
835 2680 1098 2735 cernunt,
1133 2677 1355 2740 propter
1380 2667 1646 2723 ratiocinii
1673 2669 1754 2722 sui
1785 2668 1886 2722 im-

283 2763 632 2818 becillitatem
661 2778 768 2817 non
793 2771 1041 2817 cernunt.
1086 2760 1222 2816 Nam
1253 2759 1290 2815 ii
1317 2760 1477 2813 etiam
1509 2772 1736 2828 quorum
1761 2756 1889 2827 tegri

283 2864 412 2909 sunt
438 2853 580 2908 oculi
605 2893 622 2918 ,
662 2869 727 2908 ea
755 2855 988 2908 maxime
1016 2852 1086 2907 de
1114 2867 1279 2908 causa
1319 2853 1487 2906 solem
1517 2865 1627 2904 non
1663 2849 1846 2905 videat
1872 2865 1887 2904 :

282 2945 739 3014 quemadmodum
777 2960 878 3001 nec
921 2945 1010 3016 qui
1048 2945 1164 3001 sani
1209 2952 1373 3012 sunt,
1417 2958 1637 3012 semper
1665 2951 1892 3013 possunt

283 3055 406 3093 eum
429 3038 600 3094 oculis
625 3038 840 3104 intueri,
870 3046 1091 3110 pr0pter
1117 3052 1388 3091 summum
1412 3035 1793 3106 splendorem:
1818 3037 1890 3090 ita

284 3145 388 3186 nec
429 3131 678 3186 universa
723 3131 816 3194 Dei
857 3130 1191 3201 providentia
1233 3131 1471 3201 perfecte
1517 3129 1644 3184 sciri
1691 3137 1887 3199 potest,

281 3223 426 3295 quod
447 3239 663 3278 omnem
687 3224 704 3256 ¹
731 3223 1018 3278 humanam
1046 3225 1309 3279 rationem
1337 3223 1493 3294 longe
1513 3232 1731 3294 superet
1751 3222 1890 3278 illius

283 3313 587 3386 prudentiae
616 3321 672 3368 et
700 3314 978 3384 sapientiae
1007 3313 1338 3384 magnitudo.

358 3404 664 3472 A/Iectiones
701 3406 901 3459 oculum
937 3407 1115 3460 mentis
1139 3416 1446 3461 excreeantes
1486 3417 1606 3477 quot
1653 3415 1787 3461 sunt.
1821 3435 1892 3447 -—

285 3496 424 3552 Sunt
438 3497 600 3550 etiam
619 3496 799 3551 multa:
816 3496 1146 3561 affectiones,
1159 3513 1279 3568 quae
1294 3497 1472 3553 stultis
1488 3511 1632 3571 saepe
1643 3497 1892 3553 tenebras

285 3586 590 3652 offundunt,
609 3598 663 3643 et
683 3588 922 3643 efficiunt
950 3599 1006 3643 ut
1020 3603 1138 3644 eam
1157 3589 1378 3644 omnino
1398 3590 1578 3645 videre
1601 3599 1887 3661 nequeant.

284 3679 525 3735 Primum
565 3678 782 3750 quidem
837 3693 992 3733 amor
1038 3679 1327 3750 voluptatis
1377 3698 1390 3733 ε
1431 3680 1682 3751 quocirca
1730 3683 1892 3736 etiam

284 3785 405 3838 quas
425 3779 552 3824 sunt
571 3770 819 3825 onmibus
848 3768 1132 3826 manifesta
1160 3781 1506 3842 praetereunt.
1537 3772 1739 3828 Deinde
1768 3775 1888 3827 eum

287 3863 351 3916 iis
378 3872 464 3918 est
490 3862 808 3931 ignorantia,
837 3871 893 3915 et
919 3865 1114 3918 mentis
1142 3864 1483 3934 perversitas.
1513 3866 1704 3919 Annon
1735 3867 1894 3935 igitur

285 3951 578 4008 absurdum
607 3963 710 4018 est,
742 3954 786 4007 si
811 3952 996 4008 videas
1026 3954 1239 4024 quidem
1269 3962 1474 4024 patrem
1503 3953 1668 4009 ﬂlium
1699 3955 1891 4010 verbe-

288 4053 518 4112 rantem,
546 4044 598 4100 id
629 4045 854 4114 probare
882 4054 938 4101 et
961 4045 1201 4110 laudare,
1230 4055 1285 4101 et
1314 4047 1396 4101 vel
1423 4062 1489 4101 eo
1525 4049 1755 4103 maxime
1789 4065 1892 4102 nn-

289 4137 434 4191 mine
462 4146 669 4207 patrem
699 4137 1008 4193 existimare
1049 4139 1152 4193 :.si
1197 4139 1338 4193 Deus
1364 4148 1542 4194 autem
1569 4140 1698 4195 velit
1727 4140 1796 4194 de
1829 4142 1892 4197 iis

289 4243 410 4298 quin
451 4226 586 4282 facta
628 4238 794 4292 sunt,
843 4243 1033 4298 pinnas
1084 4244 1320 4293 sumere,
1371 4230 1630 4301 indignari
1662 4239 1717 4286 et
1752 4247 1894 4302 :egre

291 4319 470 4374 ferre?
496 4318 633 4387 Quid
661 4328 840 4374 autem
878 4319 1044 4390 possit
1072 4336 1194 4376 esse
1233 4320 1333 4376 hac
1361 4322 1713 4392 perversitate
1740 4321 1892 4377 dete-

289 4411 422 4478 rius,
452 4426 576 4466 cum
607 4427 669 4467 ea
711 4426 831 4482 qua:
873 4422 998 4467 sunt
1034 4413 1176 4470 inter
1204 4429 1264 4469 se
1293 4416 1583 4482 contraria,
1630 4431 1773 4487 aegre
1817 4415 1896 4472 fe-

291 4511 434 4564 rant,
463 4516 605 4556 nunc
645 4503 861 4572 quidem
889 4503 1154 4568 dolentes,
1187 4505 1329 4574 quod
1357 4506 1616 4575 supplicia
1649 4522 1755 4559 non
1782 4507 1897 4561 exi-

291 4603 400 4662 gat,
434 4609 574 4647 nunc
595 4603 796 4660 autem,
825 4595 968 4666 quod
994 4596 1210 4667 exigat?
1235 4597 1461 4664 Quando
1490 4599 1633 4653 enim
1663 4599 1896 4654 viderint

290 4686 499 4754 aliquos
528 4686 817 4753 rapientes,
845 4695 898 4741 et
927 4688 978 4742 in
1011 4673 1148 4742 bona
1176 4688 1400 4743 aliorum
1433 4689 1766 4757 invadentes,
1798 4706 1897 4745 vo-

293 4775 410 4829 lunt
433 4791 528 4828 eos
552 4775 679 4830 dare
705 4792 926 4846 pinnas;
953 4779 1168 4847 quando
1189 4794 1318 4834 vero
1347 4781 1557 4850 seipsos
1585 4791 1892 4850 peccantes,

293 4867 513 4920 minime
545 4885 557 4920 :
585 4869 726 4934 quod
762 4869 977 4938 quidem
1007 4880 1090 4925 est
1117 4872 1390 4941 depravati
1419 4885 1472 4928 et
1498 4875 1736 4944 corrupti
1777 4875 1898 4929 ani-

295 4959 390 5011 mi.
417 4959 644 5014 Accedit
683 4959 765 5014 his
792 4961 1029 5025 tertimn,
1063 4962 1202 5029 quod
1245 4963 1486 5018 nesciant
1519 4964 1646 5034 quid
1692 4967 1762 5020 sit
1807 4969 1900 5022 ho-

296 5065 446 5109 num.
478 5049 605 5119 quid
632 5051 703 5103 sit
742 5051 962 5116 malum,
990 5052 1085 5106 sed
1115 5054 1167 5106 in
1197 5069 1376 5108 rerum
1401 5056 1602 5124 judicio
1631 5057 1898 5124 labantur,

294 5142 437 5210 quod
483 5144 624 5197 malo
668 5144 1023 5210 delectentur,
1057 5154 1111 5198 et
1154 5147 1262 5200 sint
1296 5149 1560 5217 propensi
1584 5149 1650 5204 ad
1691 5151 1898 5206 vitium.

296 5237 595 5301 Quartum,
641 5235 783 5305 quod
830 5251 1052 5291 suorum
1106 5249 1447 5306 peccatorum
1492 5242 1752 5314 ratioqem
1797 5260 1902 5297 non

299 5327 505 5381 ineunt.
551 5327 848 5395 Quintum,
900 5329 1043 5398 quod
1088 5341 1298 5384 vastum
1354 5333 1424 5386 sit
1472 5342 1527 5389 et
1582 5336 1902 5389 immensum

300 5418 374 5485 id,
403 5419 545 5488 quod
578 5421 718 5473 inter
745 5422 912 5476 Deum
944 5433 999 5475 et
1031 5423 1274 5476 homines
1314 5423 1617 5478 intercedit.
1659 5425 1902 5492 Sextum,

299 5511 444 5580 quod
489 5526 594 5565 non
625 5512 753 5567 velit
796 5513 938 5567 Deus
980 5515 1158 5567 omnia
1206 5516 1403 5583 ubique
1441 5517 1748 5583 ostendere,
1780 5520 1905 5589 quia

302 5619 497 5673 nempe
525 5603 800 5656 sufficiunt
825 5621 946 5673 qme
970 5605 1104 5659 fiunt
1127 5608 1421 5676 sigillalim.

372 5698 427 5750 2.
460 5696 553 5750 Dei
575 5697 946 5750 administratio
963 5706 1015 5750 ut
1036 5701 1428 5770 contemplanda
1449 5711 1493 5757 et
1519 5702 1907 5775 investiganda;

374 5813 386 5840 '
412 5818 531 5868 Vox.
562 5825 765 5872 enatam,
780 5811 926 5861 deest
946 5817 995 5862 in
1017 5812 1158 5868 Savil.

1389 357 1760 415 EXl‘OSlTlO
1793 355 1858 412 IN
1895 353 2219 414 l-‘SALMUM
2255 355 2466 415 CXVII.

3493 363 3603 418 350

1993 468 2133 524 Dm
2158 481 2348 541 quanto
2368 469 2657 527 hominibus
2682 471 3013 538 clementior;
3034 473 3350 543 afﬂictionsm
3370 490 3462 530 cur
3483 493 3602 547 pcr-

1990 562 2156 613 mittat
2185 561 2342 616 Deus.
2371 591 2444 602 —
2463 561 2578 616 Non
2605 571 2818 631 oportet
2844 579 2972 634 ergo
2999 563 3220 620 nimium
3245 566 3599 631 contendere.

1991 663 2049 709 ut
2078 651 2131 705 in
2163 652 2414 707 omnibus
2451 653 2627 709 discas
2660 655 2754 710 Dei
2775 654 3292 712 administrationem
3315 657 3409 729 (de
3438 659 3602 713 rebus

1991 742 2135 800 enim
2177 743 2453 799 immensis
2477 745 2873 813 contendimus,
2903 756 2957 802 et
2980 762 3102 817 quae
3126 757 3362 805 creatam
3384 766 3602 808 omnem

1992 842 2237 888 naturam
2292 834 2451 905 longe
2494 844 2776 908 superant)
2815 854 2830 892 :
2875 853 2971 893 eos
3015 848 3194 895 autem
3241 841 3332 912 qui
3369 858 3490 898 eam
3515 845 3602 900 vel

1990 925 2169 994 aliqua
2200 941 2266 982 ex
2295 936 2449 996 parte
2485 936 2612 982 sunt
2659 929 2949 999 cognituri,
2979 938 3194 1000 oportet
3239 947 3363 988 esse
3402 933 3605 993 liberos

1991 1014 2060 1067 ab
2087 1015 2151 1069 iis
2181 1031 2315 1085 quas
2338 1016 2450 1086 jam
2488 1017 2728 1084 diximus
2755 1019 3149 1088 aﬂ‘ectionibus,
3202 1035 3259 1080 et
3294 1039 3416 1080 eam
3445 1025 3601 1082 vide-

1991 1106 2126 1163 bunt
2152 1109 2269 1165 sole
2288 1110 2505 1178 clarius,
2535 1112 2662 1167 licet
2694 1129 2802 1168 non
2829 1129 3044 1171 omnem
3082 1134 3099 1172 :
3135 1127 3192 1174 et
3223 1133 3347 1174 cum
3373 1135 3493 1176 eam
3534 1137 3604 1177 ex

1993 1206 2148 1266 parte
2191 1198 2501 1267 didicerint,
2546 1217 2648 1272 pro
2691 1205 2944 1260 universa
2980 1217 3142 1278 agent
3173 1211 3397 1279 gratias.
3430 1211 3486 1268 5.
3524 1210 3606 1267 Ds

1993 1291 2321 1346 tribulatione
2344 1295 2572 1350 invocavi
2603 1295 2903 1364 Dominum,
2932 1307 2981 1354 et
3020 1302 3278 1358 exaudiuit
3302 1321 3382 1360 me
3407 1304 3460 1360 in
3487 1306 3605 1359 lati-

1993 1382 2188 1436 tudine.
2220 1381 2413 1438 Vidisti
2451 1385 2749 1442 bonitatem
2792 1397 2848 1443 et
2874 1389 3216 1448 clementiam
3235 1394 3276 1448 τ·
3298 1393 3416 1449 Non
3444 1396 3601 1464 dixit,

1998 1474 2157 1530 Eram
2183 1475 2375 1547 dignus
2394 1494 2409 1540 :
2441 1494 2546 1538 non
2569 1479 2722 1545 dixit,
2743 1479 2857 1536 Mea
2879 1492 3026 1538 recte
3054 1482 3190 1540 facta
3210 1487 3421 1542 ostendi
3446 1505 3461 1554 ;
3483 1489 3602 1555 sed,

1993 1566 2256 1634 lnvocavi,
2279 1570 2474 1634 solum,
2505 1580 2559 1625 et
2597 1573 2727 1627 satis
2755 1573 2852 1628 fuit
2876 1575 3049 1630 oratio
3073 1593 3190 1631 mea
3220 1579 3286 1634 ad
3311 1579 3604 1636 tollendam

1993 1659 2373 1716 calamitatem.
2412 1662 2567 1728 Quod
2606 1664 2768 1718 etiam
2809 1664 2937 1720 dicit
2982 1667 3034 1721 in
3067 1667 3380 1740 Egyptiis:
3417 1669 3607 1727 Videas

1993 1749 2098 1804 vidi
2121 1750 2439 1820 aﬂlictiouem
2480 1753 2661 1823 pepuli
2702 1756 2823 1822 mei,
2873 1765 2920 1811 et
2969 1757 3207 1814 descendi
3249 1771 3306 1818 ut
3356 1762 3604 1832 eriperem

1994 1858 2079 1896 eos
2127 1840 2323 1915 (Exod.
2353 1845 2408 1900 '5.
2456 1846 2535 1915 7).
2581 1846 2697 1901 Non
2746 1849 2919 1904 dixit:
2954 1850 3074 1906 Vidi
3121 1853 3374 1909 virtutem
3420 1855 3605 1926 populi

1996 1937 2123 1999 mei,
2152 1937 2235 1991 vel
2257 1938 2374 2007 ejus
2397 1941 2747 1996 mutationem
2778 1944 2847 1998 ad
2868 1944 2922 2000 id
2947 1945 3090 2015 quod
3115 1955 3201 2002 est
3227 1947 3460 2003 melius:
3484 1949 3604 2016 sed,

1995 2026 2373 2095 Afﬂictionem,
2399 2039 2660 2086 eteorum
2689 2033 2982 2092 clamorem
3010 2038 3277 2093 exaudivi.
3312 2037 3473 2095 Vides
3508 2055 3606 2110 pa-

1997 2128 2132 2176 trem
2163 2120 2452 2191 benignum
2472 2134 2525 2179 et
2546 2125 2975 2195 misericordem,
3004 2129 3094 2199 qui
3116 2130 3290 2184 solum
3317 2128 3421 2186 fert
3445 2147 3605 2202 opem

1996 2222 2217 2280 propter
2239 2215 2605 2270 calamitates?
2633 2219 2791 2289 Atqui
2821 2235 2923 2276 nec
2951 2221 3090 2291 apud
3118 2222 3365 2278 homines
3387 2225 3606 2296 quidem

1995 2305 2323 2376 quicumque
2351 2308 2627 2378 afﬂigitur,
2669 2310 2864 2380 dignus
2909 2320 2993 2366 est
3034 2314 3125 2382 qui
3161 2325 3432 2370 servetur.
3469 2317 3606 2372 Cum

1997 2395 2194 2449 multos
2222 2396 2400 2468 itaque
2421 2399 2666 2455 videmus
2689 2401 2917 2458 famulos
2951 2401 3133 2472 ﬂagris
3162 2405 3296 2460 credi
3322 2416 3377 2460 et
3409 2422 3602 2463 excruo

1995 2486 2146 2553 ciari,
2179 2503 2273 2542 eos
2316 2504 2422 2544 non
2470 2483 2811 2565 dimittimus,
2851 2493 3257 2552 considerantes
3299 2513 3458 2566 quam
3487 2515 3611 2569 gra-

1996 2577 2138 2633 viter
2185 2581 2461 2650 peccarint
2491 2599 2505 2636 :
2538 2582 2681 2637 Deus
2723 2592 2904 2639 autem
2952 2600 3020 2640 ex
3064 2588 3178 2642 sola
3210 2589 3507 2645 afﬂictione
3529 2591 3611 2646 di-

1997 2669 2180 2724 misit:
2212 2685 2385 2742 neque
2409 2688 2478 2728 ex
2515 2673 2810 2730 afﬂictione
2845 2679 3218 2735 tantummodo
3241 2681 3477 2751 eripuit,
3510 2681 3606 2737 sed

1997 2775 2243 2830 magnam
2275 2763 2436 2817 etiam
2483 2765 2826 2820 securitatem
2866 2767 3144 2836 impertiit.
3193 2768 3496 2837 Exaudioit,
3526 2772 3609 2827 in-

1995 2851 2132 2921 quit,
2172 2868 2254 2908 me
2298 2853 2354 2908 in
2390 2853 2681 2910 latitudine.
2728 2856 3032 2924 Quinetiam
3077 2859 3300 2918 afﬂictio
3345 2861 3470 2918 ideo
3509 2862 3610 2919 fuit

1995 2957 2276 3010 concessa,
2304 2953 2364 3000 ut
2401 2961 2496 3002 eos
2526 2949 2616 3018 qui
2647 2947 2958 3020 afﬂiguntur
2982 2952 3236 3011 meliores
3276 2955 3526 3012 redderet
3554 2965 3611 3012 et

1995 3037 2350 3105 sapientiores
2378 3038 2419 3092 ί.
2449 3038 2506 3093 6.
2549 3038 2803 3095 Dominus
2847 3041 2972 3095 mihi
3001 3045 3229 3115 adjutor,
3274 3062 3377 3101 non
3424 3047 3608 3102 timebo

1994 3128 2116 3196 quid
2135 3128 2293 3198 faciat
2317 3130 2442 3184 mihi
2473 3132 2645 3184 homo.
2681 3132 2868 3190 Vidisti
2901 3136 3096 3191 mentis
3118 3137 3499 3194 altitudinem?
3523 3141 3608 3196 vi-

1997 3220 2120 3276 disti
2142 3237 2390 3294 magnum
2419 3225 2687 3294 spiritum,
2713 3228 2803 3296 qui
2832 3228 2900 3283 ita
2923 3245 3081 3299 supra
3105 3230 3391 3291 humanam
3411 3249 3609 3318 ascen;

1995 3310 2074 3366 dit
2102 3312 2545 3384 imbecillitatem,
2570 3325 2626 3373 ut
2647 3332 2864 3373 omnem
2891 3330 3135 3376 naturam
3165 3322 3460 3394 despiciat?
3482 3310 3609 3383 llzee

1996 3421 2104 3461 non
2131 3407 2305 3462 solum
2335 3411 2676 3465 succinamus
2709 3411 2802 3484 (a),
2845 3412 2941 3469 sed
2973 3413 3127 3470 factis
3160 3415 3320 3472 etiam
3347 3419 3608 3476 osrenda-

1998 3513 2137 3554 mtas.
2169 3499 2287 3555 Non
2317 3500 2468 3566 dixit,
2495 3501 2576 3556 Nil
2607 3504 2816 3573 patiar:
2850 3506 2965 3568 sed,
3013 3505 3137 3562 Non
3168 3509 3350 3565 timebo
3374 3512 3497 3581 quid
3537 3514 3612 3584 fa-

1997 3590 2100 3643 ciat
2128 3591 2254 3644 mihi
2274 3590 2446 3646 homo.
2471 3593 2584 3648 lloe
2603 3603 2706 3660 est,
2737 3595 2957 3650 Etiamsi
2989 3599 3183 3668 patiar,
3211 3616 3320 3655 non
3350 3602 3553 3657 timebo
3585 3621 3600 3658 :

1999 3683 2050 3738 id
2077 3684 2250 3754 ipsum
2273 3683 2459 3740 dicens
2481 3687 2623 3756 quod
2651 3686 2850 3743 Paulus
2879 3707 2891 3743 :
2928 3688 2987 3744 Si
3019 3690 3158 3746 Deus
3184 3708 3278 3763 pro
3309 3693 3473 3758 nobis,
3496 3696 3610 3767 quis

1996 3785 2176 3829 contra
2197 3793 2289 3830 nos
2310 3777 2488 3847 (Rom.
2517 3777 2573 3833 8.
2604 3779 2696 3849 51)
2719 3780 2744 3833 '!
2772 3781 2932 3850 Atqui
2959 3791 3143 3839 contra
3173 3785 3317 3852 ipsos
3343 3796 3500 3841 erant
3527 3789 3610 3842 in-

1999 3867 2380 3932 numerabiles,
2412 3867 2506 3922 setl
2535 3883 2630 3923 eos
2655 3869 2788 3923 nihil
2816 3870 3141 3927 offendebat.
3159 3866 3441 3940 Quomodo
3462 3879 3606 3932 enim

2001 3973 2105 4013 non
2128 3957 2290 4013 fuerit
2314 3958 2479 4014 animi
2506 3959 2660 4015 valde
2686 3961 2864 4030 pusilli
2903 3974 2958 4017 et
2983 3962 3198 4033 ahjecti,
3231 3975 3289 4020 ut
3330 3969 3418 4038 qui
3448 3967 3614 4024 habet

2001 4050 2285 4104 Dominum
2317 4051 2606 4120 prepitium
2637 4067 2700 4105 ac
2730 4053 3085 4119 benevolum,
3115 4069 3405 4112 conservos
3439 4061 3607 4128 perti-

2001 4142 2236 4198 mescat?
2264 4142 2369 4198 Sed
2411 4143 2496 4197 hic
2523 4158 2631 4198 non
2661 4151 2744 4198 est
2775 4143 3076 4214 ejusmodi;
3105 4146 3201 4201 sed
3239 4157 3322 4203 est
3355 4151 3608 4207 omnibus

1999 4235 2262 4303 ejusmodi
2286 4235 2568 4290 timoribus
2595 4229 2741 4290 omni
2787 4249 3032 4307 exparte
3072 4240 3337 4307 superior.
3375 4241 3484 4295 lloc
3523 4243 3605 4313 ip-

1999 4337 2118 4378 snm
2173 4340 2272 4380 nos
2299 4341 2512 4396 quoque
2556 4324 2854 4394 faciamus,
2904 4342 2972 4383 ne
3003 4343 3102 4382 nos
3152 4330 3360 4385 Domini
3407 4333 3609 4386 auxilio

2003 4415 2293 4485 privemus,
2321 4416 2462 4486 quod
2508 4415 2740 4470 humana
2771 4416 3142 4473 formidamus.
3187 4418 3300 4475 lloc
3343 4431 3429 4477 est
3464 4425 3606 4477 enim

2001 4522 2191 4563 eorum
2221 4508 2310 4577 qui
2365 4508 2455 4563 Dei
2502 4508 2759 4563 auxilium
2788 4509 3109 4564 contumelia
3153 4509 3411 4575 afllciunt.
3461 4513 3612 4581 Quo-

2002 4600 2144 4653 circa
2168 4598 2362 4652 dicitur
2406 4598 2665 4654 Ezechias
2714 4613 2903 4668 passus
2949 4614 3072 4656 esse
3110 4616 3232 4671 quae
3276 4617 3464 4673 passus
3505 4616 3606 4673 est,

2003 4692 2145 4764 quod
2187 4707 2310 4747 cum
2354 4693 2435 4748 sol
2479 4692 2761 4748 resiliisset
2809 4702 2864 4748 et
2908 4695 3313 4751 retrocessisset
3357 4697 3612 4769 gradibus

2070 4826 2092 4898 ξ
2103 4831 2226 4898 Post,
2238 4824 2569 4898 sapimtiores,
2581 4823 2712 4898 addit
2720 4823 2862 4874 Savil.
2875 4825 2923 4898 ip
2936 4838 3091 4889 marg.
3100 4828 3246 4898 ,quod
3256 4827 3403 4880 etiam
3413 4831 3595 4883 accidit
3602 4869 3614 4882 .

2071 4887 2144 4950 (a)
2164 4895 2228 4958 _ln
2251 4887 2376 4958 haec.
2381 4888 2552 4958 verba,
2578 4896 2695 4958 esse
2715 4899 2811 4937 non
2832 4886 2989 4958 solum
3009 4886 3333 4958 siiccimtmus,
3362 4901 3478 4954 etc.,
3499 4908 3616 4958 gra-

2006 4950 2081 5022 ἓτίς,
2104 4948 2258 5022 (ἐνίων
2279 4949 2554 5022 (ιηῇοωιεξδ,
2577 4955 2692 5022 tiam
2710 4961 2841 5022 ante
2865 4948 2949 4999 ille
2974 4949 3078 5022 vult.
3101 4948 3330 5022 populum
3358 4948 3617 5022 succidere

2006 5010 2100 5061 hoc
2121 5011 2245 5075 loco,
2271 5013 2562 5075 suntverba
2576 5009 2675 5069 illa,
2698 5009 2929 5075 [seminus
2949 5011 3069 5075 n-ilti
3089 5009 3306 5075 adiutor,
3323 5029 3417 5067 non
3441 5017 3620 5069 timeba

2007 5076 2124 5134 quid
2143 5071 2292 5136 faciat
2313 5072 2436 5123 mihi
2451 5074 2608 5137 homo.
2633 5073 2766 5137 Unde
2780 5074 2925 5137 sequi
2952 5071 3510 5129 videtur'hunc'versum
3537 5095 3618 5130 es-

2007 5150 2064 5184 se
2077 5134 2380 5205 responsum
2413 5136 2560 5205 hujus
2583 5134 2773 5194 Psalmi,
2797 5134 2999 5199 et'pust
3029 5139 3253 5205 singulos
3277 5153 3452 5205 versus
3484 5157 3510 5192 a
3533 5157 3623 5205 po-

2009 5197 2125 5268 pulo
2149 5196 2301 5268 fuisse
2325 5196 2645 5268 recitandum,
2673 5205 2725 5248 ut
2769 5196 2922 5248 antea-
2940 5196 3214 5250 notavimus
3237 5205 3284 5251 in
3302 5196 3622 5268 Expositione

2009 5260 2291 5330 psalmi_l.x_t
2322 5273 2334 5307 :
2369 5261 2500 5330 atqui
2527 5262 2671 5322 hujus
2696 5274 2870 5330 versus
2889 5273 3180 5330 responsum
3217 5273 3340 5330 erat,
3367 5260 3483 5317 ilwc
3516 5269 3621 5318 (lies

2010 5335 2156 5385 quam
2179 5321 2291 5385 fecit
2321 5321 2566 5385 geminus,
2594 5321 2690 5371 etc.
2717 5324 2836 5385 Hine
2868 5321 2989 5372 vero
3001 5326 3226 5385 sequitur
3251 5321 3380 5377 hunc
3403 5343 3622 5381 versum.

2013 5382 2246 5434 Dominus
2268 5382 2388 5452 milii
2405 5385 2619 5452 adjnwr,
2639 5397 2735 5433 non
2758 5384 2914 5452 fuisse
2935 5382 3224 5452 responsum
3249 5390 3396 5452 hujus
3419 5390 3587 5442 Psalmi
3609 5407 3619 5441 :

2013 5458 2180 5516 neque
2205 5447 2336 5494 enim
2361 5446 2454 5516 hoc
2482 5447 2852 5516 phrysostomus
2869 5447 3004 5506 dicit,
3025 5446 3198 5510 neque
3222 5446 3350 5501 aliud
3374 5455 3626 5516 quidpiam

2013 5461 2094 5495 net
2114 5461 2180 5494 ue
2205 5461 2336 5494 enim
2361 5461 2454 5496 noe
2482 5461 2852 5510 cuq'sostomus
2869 5461 3004 5506 areu,
3031 5461 3198 5510 neque
3222 5461 3350 5501 aliud
3374 5461 3626 5516 quidpiam

2013 5461 2145 5583 uncle
2171 5509 2438 5583 hocpossit
2481 5508 2672 5583 induci;
2707 5522 2881 5583 νει-μη]
2919 5523 3133 5583 auguror
3167 5527 3460 5576 responsum
3485 5516 3627 5583 hujus

2015 5570 2186 5639 psalmi
2210 5569 2382 5639 fuisse,
2398 5569 2806 5639 t_t_¢c;lies,quod
2835 5581 2941 5634 post
2962 5569 3184 5639 singulos
3207 5569 3383 5626 versus
3405 5591 3432 5626 a
3455 5591 3527 5639 ι,οι
3546 5569 3628 5628 illa

2015 5633 2379 5698 succmehatur;
2405 5633 2522 5698 illud
2543 5647 2681 5692 vero,
2708 5633 2936 5684 Dominus
2959 5635 3078 5685 mihi
3100 5638 3319 5698 adjutor,
3345 5652 3437 5689 non
3454 5633 3629 5690 iiiitebo

2016 5696 2136 5758 quid
2161 5695 2308 5756 faciat
2346 5695 2466 5745 mihi
2485 5696 2652 5751 homo,
2684 5699 2796 5759 quia
2831 5699 2889 5745 ad
2922 5695 3189 5747 institutum
3215 5695 3328 5750 viue
3352 5703 3629 5751 christianm

2017 5759 2480 5826 opimi-tuuissimtun
2498 5767 2618 5811 erat.
2636 5758 2793 5807 semel
2816 5762 3082 5826 repetitum
3108 5761 3260 5812 fuisse
3284 5778 3309 5812 ιι
3335 5763 3628 5826 [malm-tu-

2025 5824 2242 5873 cinente.
2270 5824 2317 5870 td
2341 5823 2636 5883 conjecturae
2661 5827 2845 5872 tantum
2872 5823 2974 5872 lucu
2994 5826 3074 5872 sit.
