4086 6442
409 420 518 479 533

410 540 749 605 superantes,
778 527 1025 601 permisit
1041 531 1098 581 ιιι
1119 531 1345 594 utraque
1365 528 1666 579 manerent.
1688 513 2007 587 Hujusmodi

411 640 625 697 quoque
653 632 781 679 tunc
815 619 1008 677 accidit
1028 618 1371 678 miraculum.
1401 613 1554 669 Sicut
1581 611 1716 682 ignis
1740 610 1885 664 enim
1913 623 2009 667 ac-

409 717 720 779 cersebant,
749 713 889 768 sicut
916 723 1047 779 apes
1064 723 1187 763 cum
1224 720 1416 778 magna
1440 703 1603 759 animi
1628 702 1906 758 alacritate
1931 700 2014 756 in-

409 810 696 871 vadebant,
722 807 865 860 intus
885 803 1234 873 interceptum
1263 799 1537 857 tenebant.
1560 811 1661 852 nec
1681 794 1882 867 aliquid
1912 809 2012 865 po-

412 911 629 958 tuerunt
648 898 849 953 facere.
891 897 1053 951 Arma
1078 894 1221 950 enim
1250 891 1468 957 invicta,
1499 888 1759 943 auxilium
1788 887 2015 956 inexpu-

409 992 644 1065 gnabile,
670 989 763 1044 Dei
787 1002 982 1042 nomen
1004 987 1148 1054 ipsos
1161 997 1351 1040 omnes
1370 980 1591 1051 expulit.
1611 980 1698 1034 15.
1724 978 2010 1048 Impulsus,

410 1102 613 1143 erasus
632 1100 746 1138 sunt
773 1090 829 1135 ut
857 1080 1110 1145 caderem,
1138 1087 1184 1132 et
1209 1076 1461 1131 Dominus
1497 1074 1719 1142 suscepit
1742 1088 1843 1126 me.
1876 1070 2017 1126 Dixit

412 1177 676 1231 malorum
709 1170 1124 1241 magnitudinem
1153 1183 1183 1222 a
1222 1166 1597 1230 multitudine,
1632 1179 1665 1219 a
1708 1164 1909 1234 ligura,
1946 1162 2015 1217 ab

411 1266 577 1321 animi
605 1264 901 1323 alacritate.
932 1260 1002 1315 ab
1045 1259 1125 1314 ira
1170 1272 1357 1314 eorum
1407 1257 1501 1327 qui
1545 1255 1805 1310 invadunt
1839 1271 1852 1309 :
1885 1252 2015 1307 dicit

410 1357 573 1413 etiam
604 1357 672 1411 ab
693 1356 759 1409 iis
785 1369 907 1422 qua:
932 1353 1048 1422 ipse
1070 1364 1260 1421 passus
1281 1359 1384 1405 est.
1412 1350 1506 1411 Ita,
1538 1348 1730 1419 inquit.
1759 1361 1847 1402 me
1875 1347 2014 1402 mala

411 1447 599 1502 adorta
628 1453 774 1511 sunt,
807 1452 867 1498 ut
904 1457 1094 1513 parum
1129 1439 1379 1500 abfuerit,
1408 1438 1535 1509 quin
1562 1438 1812 1507 caderem
1835 1446 1891 1491 et
1912 1435 2017 1491 de-

414 1540 679 1594 turbarer.
711 1535 979 1605 lmpulsus
1003 1533 1169 1599 enim,
1217 1533 1289 1586 ita
1333 1529 1412 1586 fui
1459 1545 1697 1594 eversus,
1728 1539 1790 1584 ut
1838 1542 2014 1586 essem

413 1632 573 1688 etiam
603 1645 826 1684 casurus
851 1647 865 1681 :
895 1627 991 1684 sed
1020 1642 1142 1682 cum
1179 1626 1291 1696 jam
1320 1640 1496 1680 essem
1536 1625 1587 1678 in
1617 1638 1792 1703 genua
1834 1623 2017 1693 lapsu-

411 1736 525 1785 rus,
554 1730 609 1776 et
633 1720 943 1784 inclinarer,
985 1726 1041 1772 et
1073 1732 1256 1772 rerum
1301 1716 1658 1770 humanarum
1697 1714 1845 1769 nulla
1870 1721 2017 1769 esset

413 1826 537 1881 spes
566 1812 770 1875 relicta,
800 1821 926 1863 tunc
950 1822 1106 1863 suum
1132 1806 1371 1862 ostendit
1392 1806 1670 1861 auxilium.
1699 1804 1815 1859 Hoc
1834 1813 2016 1859 autem

414 1903 541 1959 facit
575 1903 749 1968 Deus,
781 1916 853 1958 ne
885 1900 1024 1955 ullus
1060 1900 1179 1969 ejus
1206 1899 1307 1954 sibi
1350 1897 1575 1969 gloriam
1616 1896 1868 1953 vindicet.
1903 1896 2016 1952 [loc

414 1995 575 2051 etiam
604 1994 658 2048 in
685 1992 907 2053 historia
927 1990 1171 2047 Judicum
1202 1989 1328 2045 fecit
1353 1991 1407 2044 in
1433 1986 1903 2060 Gedeone(Judic.
1933 1986 2013 2057 7).

417 2085 704 2155 Pr0pterea
731 2092 990 2154 regnante
1014 2081 1481 2153 quoque'Ezechia
1506 2082 1684 2136 erexit
1720 2089 1880 2135 noctu
1907 2089 2019 2134 tro-

320 2162 334 2175 ’
416 2190 587 2245 paulo
617 2176 697 2244 (4.
731 2173 859 2245 Reg.
887 2173 973 2228 19.
1001 2171 1113 2246 55).
1138 2171 1193 2227 Si
1218 2175 1364 2245 enim
1395 2172 1487 2227 ille
1513 2187 1636 2226 cum
1666 2171 1801 2226 nihil
1826 2170 1892 2224 ad
1929 2170 2014 2225 vi-

416 2274 660 2327 ctoriam,
686 2266 821 2320 nihil
847 2266 913 2320 ad
945 2266 1141 2321 bellum
1178 2265 1511 2329 contulisset,
1541 2264 1805 2335 superbus
1834 2274 2016 2320 tamen

416 2366 471 2411 et
494 2371 752 2427 arrogans
777 2355 950 2413 lactus
978 2365 1061 2411 est
1091 2372 1105 2409 :
1143 2355 1187 2410 si
1216 2356 1400 2426 prtelio
1428 2364 1635 2410 tantum
1661 2356 2013 2419 interfuisset,

417 2449 460 2501 si
503 2448 756 2501 cadentes
789 2447 1012 2502 vidisset
1049 2462 1144 2503 eos
1184 2448 1275 2518 qui
1328 2447 1801 2513 interficiebantur,
1832 2450 2017 2503 annua

418 2538 520 2595 hoc
542 2540 592 2594 ei
639 2539 813 2593 multo
839 2540 1006 2609 magis
1041 2539 1368 2594 accidisset?
1409 2538 1639 2607 Quando
1664 2530 1795 2608 ergo
1823 2536 1892 2591 ab
1919 2538 2018 2597 hu-

415 2648 572 2687 mana
598 2647 695 2701 spe
725 2647 814 2687 res
840 2643 962 2698 sunt
991 2632 1303 2701 deploratis,
1338 2647 1491 2686 suum
1521 2641 1647 2685 tunc
1676 2631 1833 2687 all'ert
1856 2630 2009 2684 auxi-

419 2724 570 2778 lium.
603 2723 718 2779 Hoc
759 2722 887 2779 fecit
929 2724 981 2777 in
1016 2722 1232 2779 Goliath
1273 2725 1352 2791 (1.
1386 2722 1515 2795 Reg.
1550 2724 1639 2791 17)
1670 2741 1683 2774 :
1719 2722 1822 2778 hoc
1847 2723 2012 2777 etiam

415 2816 539 2869 fecit
565 2815 618 2869 in
644 2816 921 2885 apostolis.
950 2816 1017 2870 Et
1057 2816 1180 2871 ideo
1210 2817 1421 2871 dicebat
1442 2800 1640 2874 Paulus
1663 2836 1677 2871 :
1703 2815 1809 2872 Sed
1834 2818 1934 2887 ipsi
1961 2817 2016 2871 in

414 2905 685 2976 nobisipsis
720 2922 1015 2976 responsum
1042 2909 1221 2973 mortis
1252 2907 1525 2961 habuimus
1554 2910 1654 2977 (ιι),
1679 2919 1735 2962 ut
1761 2925 1865 2962 non
1894 2924 2016 2961 ron-

415 2998 765 3067 ﬁderemusia
792 2997 1078 3069 uobisipsis,
1112 3000 1203 3059 sed
1230 3002 1285 3053 in
1312 2997 1425 3054 Deo
1460 3000 1549 3070 qui
1572 3001 1762 3054 excitat
1789 3010 2017 3054 mortuos

416 3088 496 3159 (‘2.
529 3088 650 3143 Cor.
682 3091 733 3144 1.
767 3088 846 3160 9).
873 3090 960 3144 11.
993 3088 1268 3145 Fortitudo
1306 3107 1439 3157 mea,
1470 3099 1518 3147 et
1547 3091 1661 3145 laus
1701 3108 1813 3145 mea
1839 3090 2019 3147 Domi-

415 3199 532 3246 nus.
558 3191 606 3235 et
634 3184 803 3251 factus
827 3191 899 3235 est
919 3181 1047 3236 mihi
1070 3184 1125 3237 in
1162 3182 1399 3237 salutem.
1440 3182 1604 3251 Quasi
1630 3183 1857 3249 diceret,
1894 3183 2016 3240 Fuit

414 3271 546 3327 mihi
593 3273 711 3341 ipse
747 3274 914 3328 virtus
939 3281 995 3328 et
1021 3273 1301 3329 auxilium.
1345 3274 1484 3344 Quid
1529 3283 1614 3331 est
1648 3283 1828 3331 autem
1873 3277 2018 3347 quod

413 3364 571 3430 dicit,
626 3363 763 3419 Laus
808 3365 958 3419 utea?
998 3364 1177 3421 Gloria
1221 3370 1380 3431 me'a,
1436 3366 1834 3423 commendatio
1872 3384 2013 3436 mea,

414 3454 579 3510 decus
605 3470 807 3521 meum,
833 3471 984 3511 meus
1021 3455 1297 3526 splendor.
1330 3456 1444 3514 Non
1466 3459 1641 3514 solum
1661 3460 1804 3514 enim
1827 3460 2018 3515 liberat

413 3561 443 3601 a
475 3548 745 3617 periculis,
784 3547 877 3602 sed
901 3549 1077 3603 claros
1098 3551 1266 3605 etiam
1292 3548 1419 3605 facit
1442 3559 1498 3607 et
1534 3551 1805 3619 illustres;
1833 3563 1889 3608 et
1916 3553 2019 3608 hoc

413 3640 613 3711 ubique
642 3639 807 3696 videri
838 3650 1032 3711 potest,
1058 3641 1178 3697 dari
1204 3658 1329 3698 cum
1355 3644 1522 3713 gloria
1547 3644 1800 3702 salutem.
1847 3646 2019 3701 Porro

412 3731 557 3786 aliud
584 3747 799 3803 quoque
835 3748 929 3801 per
956 3733 1056 3788 hoc
1085 3735 1314 3791 obscure
1352 3737 1702 3807 signiﬁcatur.
1733 3738 2016 3807 Quodnam

414 3823 557 3878 hoc?
582 3823 696 3879 lloc
714 3836 817 3886 est.
846 3824 1034 3895 inquit,
1062 3826 1194 3883 mihi
1224 3839 1542 3899 perpetuum
1567 3830 1869 3898 canticum,
1917 3831 2021 3888 hoc

414 3924 499 3968 est
528 3915 661 3969 mihi
686 3931 789 3970 vox
834 3927 1125 3987 perpetua,
1176 3919 1409 3991 hymnus
1438 3922 1528 3993 qui
1571 3921 1641 3978 de
1683 3937 1750 3993 eo
1787 3925 2018 3994 canitur,

417 4004 520 4060 hoc
546 4016 629 4059 est
654 4007 783 4061 mihi
816 4019 1132 4077 perpetuum
1174 4026 1387 4076 munus,
1412 4028 1536 4068 eum
1564 4014 1803 4070 laudare.

484 4097 541 4152 4.
588 4099 823 4153 Audiant
869 4102 959 4171 qui
1013 4103 1266 4158 satardcis
1304 4106 1529 4161 canticis
1560 4114 2014 4178 “corrumpuntur,

412 4197 671 4257 quantum
702 4189 883 4263 damni
928 4190 1153 4259 faciant,
1176 4206 1432 4263 quantum
1477 4196 1585 4253 sint
1614 4199 1813 4269 indigni
1840 4202 2017 4269 venia,

415 4294 561 4345 cum,
595 4280 700 4335 isto
738 4294 1068 4341 servatorem
1101 4288 1673 4356 perpetuo-laudante,
1704 4294 1780 4347 illi
1811 4293 1865 4348 in
1908 4294 2021 4349 da:-

415 4386 636 4427 monum
661 4374 883 4429 canticis
914 4387 1172 4446 perpetuo
1194 4381 1517 4436 volutentur.
1547 4383 1634 4438 15.
1668 4383 1777 4438 Vox
1796 4387 2022 4441 exsulta-

415 4465 569 4519 tionis
598 4476 644 4519 et
672 4468 851 4522 salutis
880 4470 932 4541 in
966 4471 1306 4527 tabernaculis
1320 4471 1599 4543 fastorum.
1627 4476 1853 4544 Quando
1873 4480 2017 4533 enim

417 4572 506 4613 res
538 4560 787 4615 universa
815 4577 843 4614 a
870 4562 979 4616 Deo
1003 4565 1261 4632 praeclare
1282 4575 1432 4634 gesta
1455 4556 1645 4622 fuerit:
1670 4554 1763 4639 qui
1798 4571 2018 4627 victoria

418 4648 686 4717 fruuntur,
708 4653 961 4720 gaudent,
988 4656 1274 4721 exsultant,
1293 4658 1491 4728 duplici
1517 4660 1700 4714 laetitia
1728 4660 1925 4729 allecti,
1955 4671 2012 4719 et

415 4742 559 4808 quod
588 4744 788 4798 servati
818 4756 960 4809 sunt,
982 4748 1197 4818 etquod
1229 4767 1323 4819 per
1342 4752 1513 4806 Deum
1541 4756 1763 4809 servati.
1795 4755 2021 4813 Lartitite

417 4833 496 4891 eis
519 4851 677 4893 causa
722 4849 799 4894 est
851 4842 915 4908 is,
944 4844 1034 4912 qui
1082 4854 1340 4913 erptculll
1370 4851 1560 4903 erexit.
1596 4849 1797 4906 Deinde
1837 4862 2023 4908 osten-

418 4928 551 4983 dens
580 4930 834 5000 quidnam
874 4949 997 4989 eum
1022 4937 1294 5005 impulerit
1327 4939 1391 4994 ad
1425 4939 1527 4995 hoc
1562 4941 1841 4997 ferendum
1872 4946 2026 4999 auxi-

418 5022 572 5088 lium,
596 5026 891 5095 subjunxit,
929 5028 990 5083 ln
1018 5032 1357 5088 tabernaculis
1387 5036 1661 5104 justorum.
1703 5036 1820 5092 Non
1867 5039 2019 5105 dixit,

420 5114 476 5170 in
527 5117 797 5188 domibus,
826 5122 920 5176 sed
940 5162 956 5188 ,
992 5122 1060 5177 In
1104 5126 1440 5181 tabernaculis
1460 5169 1474 5194 ,
1505 5130 1692 5184 volens
1734 5133 2024 5191 ostendere

424 5215 845 5284 extemporalem
876 5228 1116 5286 paratam
1150 5218 1556 5276 habitationem.
1605 5223 1735 5278 Tale
1781 5234 1895 5280 erat
1941 5235 2024 5281 ta-

424 5302 769 5361 bernaculum
806 5308 1059 5378 Abraliaz,
1085 5312 1301 5380 quando
1333 5313 1562 5381 redibat,
1594 5318 1861 5385 superatis
1884 5321 2025 5388 regi-

428 5397 548 5461 bus,
596 5413 841 5466 maguam
885 5416 952 5455 ex
991 5402 1154 5458 rebus
1183 5405 1347 5471 gestis
1392 5406 1617 5475 gloriam
1660 5419 2025 5478 consequutus

422 5486 581 5554 (Gen.
613 5491 698 5545 H-
724 5492 843 5564 16).
871 5494 998 5549 Tale
1027 5504 1146 5549 erat
1181 5496 1328 5552 Pauli
1363 5499 1786 5567 tabernaculum,
1809 5502 2025 5572 quando

424 5581 802 5639 revertebatur
825 5590 1088 5655 superatis
1110 5587 1465 5655 daemonibus,
1494 5607 1733 5646 errorem
1756 5594 1825 5648 de
1846 5594 2025 5651 medio

427 5676 654 5739 tollens,
686 5689 738 5729 et
763 5680 1014 5744 ptmciara
1067 5682 1310 5739 referens
1366 5683 1626 5739 facinora.
1679 5685 1766 5740 16.
1801 5686 2024 5741 Dextera

484 5809 559 5881 (tt)
594 5812 677 5881 ilic
714 5811 846 5864 locus
886 5817 1209 5868 exilicaliitur
1250 5822 1296 5869 in
1337 5819 1553 5869 HomilLis
1594 5822 1638 5867 in
1664 5821 1927 5870 Secundam
1968 5823 2026 5871 ad

422 5874 715 5925 tgoriuthios.
743 5882 930 5933 .‘atude
957 5882 1083 5933 illius
1107 5884 2020 5949 signilivatinnequidamdi;:ladiaatur.

1534 362 1901 462 EXPOSi‘l‘lO
1937 397 2007 456 IN
2044 397 2369 458 rsswuu
2398 399 2611 460 cxvii.

3620 408 3730 464 331

2119 513 2331 571 Domini
2349 518 2466 590 fecit
2480 519 2729 585 virtutem,
2748 518 2958 579 dextera
2982 517 3194 574 Domini
3219 519 3456 576 exaltattit
3492 521 3735 578 me.Vide

2118 608 2458 663 occasionem
2480 609 2876 691 exsultationis.
2910 609 3054 665 Idem
3077 611 3221 666 enim
3243 626 3387 679 nunc
3413 590 3563 677 dicit,
3587 613 3732 683 quod

2119 708 2279 756 antea
2300 699 2536 770 dicebat,
2564 701 2858 758 ostendens
2898 700 3019 759 lucc
3041 716 3073 758 a
3104 703 3215 758 Deo
3243 701 3411 767 fuisse
3447 714 3619 774 gesta.
3645 702 3736 758 Vi-

2120 792 2217 849 des
2242 808 2351 848 non
2391 793 2655 851 solum.in
2686 794 3005 851 liberatione
3049 810 3079 850 a
3123 788 3312 859 malis,
3360 793 3457 851 sed
3483 784 3650 851 etiam
3679 796 3733 849 in

2120 884 2475 954 acquisitione
2504 886 2692 955 gloria:
2721 894 2776 941 et
2809 886 3115 955 splendoris
3159 887 3460 942 consistere
3483 889 3602 956 ejus
3634 886 3731 941 be-

2124 977 2375 1034 neﬁcium
2397 977 2423 1031 ?
2453 977 2585 1033 Cum
2617 978 2763 1036 enim
2810 977 3037 1036 dixisset
3066 996 3080 1033 :
3120 979 3345 1035 Dextera
3388 980 3594 1036 Domini
3613 980 3735 1050 fecit

2121 1067 2381 1131 virtutem,
2411 1069 2711 1137 subiunxit.
2751 1067 2981 1128 Dextera
3008 1069 3223 1126 Domini
3254 1073 3500 1126 exaltavit
3541 1089 3641 1136 me,
3665 1078 3727 1125 ut

2122 1160 2436 1217 ostenderet
2485 1158 2712 1228 gloriam
2750 1174 2870 1229 qua:
2896 1160 2964 1219 ad
3003 1175 3064 1220 se
3092 1168 3436 1230 pervenerat.
3468 1158 3739 1218 Excitavit

2131 1253 2266 1306 enim
2307 1267 2424 1315 me,
2473 1251 2776 1322 significat,
2806 1252 2891 1307 Me
2940 1252 3107 1322 gloria
3153 1251 3351 1307 ao‘ecit.
3400 1251 3521 1308 Non
3556 1252 3731 1309 solum

2122 1344 2267 1407 enim
2295 1341 2426 1402 fecit
2454 1354 2724 1414 potentes,
2746 1344 2841 1403 sed
2871 1346 3032 1399 etiam
3063 1344 3240 1400 claros
3261 1354 3315 1400 et
3344 1344 3600 1404 illustres.

2200 1435 2610 1497 Resurrectiauis
2634 1437 2842 1507 imago;
2874 1436 3167 1491 tentationis
3194 1446 3243 1495 et
3272 1436 3623 1507 castigationis
3648 1436 3735 1493 Iu-

2122 1542 2287 1581 crum.
2304 1556 2378 1567 —
2406 1526 2497 1583 17.
2534 1525 2660 1583 Non
2702 1528 2916 1592 moriar,
2953 1527 3043 1582 sed
3060 1528 3245 1592 vivam,
3269 1536 3317 1583 et
3335 1528 3556 1583 narrabo
3576 1545 3734 1598 opera

2122 1617 2354 1675 Domini.
2409 1618 2651 1682 Pericula
2699 1618 2960 1689 quidem,
3030 1621 3237 1691 inquit,
3280 1629 3513 1678 mortem
3558 1622 3732 1678 mina-

2120 1709 2319 1775 bantur
2346 1727 2360 1763 :
2390 1724 2491 1780 ego
2518 1717 2698 1775 autem
2731 1708 2855 1764 Non
2886 1710 3101 1775 moriar,
3131 1710 3222 1767 sed
3246 1712 3435 1767 vivam.
3468 1711 3584 1767 Hoc
3627 1722 3733 1777 est,

2124 1801 2256 1857 Tam
2282 1788 2477 1872 magna
2507 1812 2563 1869 et
2604 1802 2941 1858 admirabilia
2972 1802 3099 1870 fecit
3132 1803 3396 1862 Dominus
3422 1845 3436 1866 .
3470 1813 3530 1859 ut
3556 1806 3638 1859 vel
3667 1805 3736 1859 ab

2123 1894 2238 1962 ipsa
2284 1903 2457 1961 morte
2479 1894 2779 1964 eripuerit,
2808 1895 2971 1961 etiam
3008 1903 3136 1959 ante
3175 1894 3384 1951 Novum
3415 1894 3736 1957 Testamen-

2125 1996 2238 2041 tum
2292 1987 2346 2055 i_n
2398 1986 2651 2054 periculis
2703 1986 3014 2056 opinionem
3048 2002 3267 2048 omnem
3316 1987 3735 2057 superantibus,

2122 2082 2540 2138 resurrectionis
2592 2081 2878 2149 imaginem
2951 2080 3322 2150 prailigurans.
3386 2080 3545 2137 Dedit
3591 2081 3736 2136 enim

2124 2175 2280 2230 nobis
2302 2173 2385 2227 vel
2416 2189 2445 2226 a
2476 2174 2738 2243 principio
2763 2174 3068 2243 aenigmata,
3091 2173 3311 2242 quando
3334 2172 3520 2228 Enoch
3555 2181 3737 2227 trans-

2125 2268 2245 2321 tulit
2277 2266 2296 2338 (
2325 2264 2454 2320 Gen.
2488 2267 2538 2322 5.
2573 2265 2647 2336 24
2672 2264 2713 2335 ).
2758 2266 2813 2320 Si
2844 2264 2989 2320 enim
3030 2280 3138 2319 non
3180 2264 3359 2320 credis
3406 2264 3542 2343 fieri.
3574 2278 3737 2334 posse

2127 2368 2186 2413 ut
2211 2374 2439 2427 Corpora
2485 2363 2803 2426 resurgant,
2836 2370 2907 2411 ex
2956 2370 3023 2409 eo
3051 2355 3235 2417 crede.
3267 2354 3555 2423 Quomodo
3590 2355 3734 2409 enim

2123 2458 2274 2505 tanto
2316 2460 2563 2519 tempore
2606 2447 2903 2518 permansit
2966 2445 3100 2501 illud
3150 2445 3397 2515 corpus?
3439 2445 3557 2501 Non
3610 2453 3738 2502 sunt

2123 2544 2269 2598 enim
2294 2542 2541 2613 :cqualia,
2578 2540 2799 2595 domum
2845 2556 2966 2612 quae
2996 2539 3199 2609 interiit
3228 2549 3284 2596 et
3313 2549 3397 2595 est
3425 2539 3602 2595 diruta
3634 2554 3734 2595 ex-

2122 2637 2330 2692 citare:
2381 2643 2438 2690 et
2484 2646 2720 2690 veterem
2773 2648 2837 2689 ac
2883 2633 3243 2688 collabentem
3289 2641 3441 2687 tanto
3480 2641 3728 2702 tempore

2124 2744 2469 2785 conservare.
2504 2728 2697 2783 Annon
2724 2725 3040 2781 consideras
3066 2741 3192 2780 cum
3215 2725 3365 2784 illum
3394 2724 3614 2789 fecisse,
3638 2725 3734 2795 qui

2125 2836 2232 2874 non
2263 2830 2381 2874 erat
2406 2819 2431 2872 ἲ
2462 2818 2628 2873 Multo
2657 2817 2829 2888 magis
2857 2829 2990 2887 ergo
3016 2815 3166 2871 illum
3194 2816 3459 2870 suscitare
3484 2824 3540 2871 et
3570 2814 3735 2869 resti-

2126 2920 2281 2966 tuere
2334 2910 2550 2979 poterit.
2597 2909 2781 2973 Habes
2810 2908 2972 2975 etiam
3018 2907 3181 2963 aliam
3231 2907 3521 2977 imaginem
3553 2922 3737 2962 resur-

2124 3002 2403 3066 rectionis,
2431 3016 2626 3071 nempe
2653 3000 2821 3056 lielitn
2837 3009 3071 3070 raptum,
3098 3000 3188 3068 qui
3213 3014 3312 3061 nec
3334 2999 3386 3052 in
3416 2998 3734 3055 hodiernum

2126 3109 2295 3159 usque
2315 3094 2460 3148 diem
2480 3102 2563 3147 est
2592 3100 2837 3147 mortuus
2867 3093 2944 3160 (Α.
2979 3090 3108 3162 Reg.
3140 3090 3197 3145 2.
3232 3090 3357 3164 11).
3388 3090 3579 3146 Omnia
3611 3101 3739 3147 sunt

2125 3184 2376 3257 expedita
2406 3184 2519 3241 Deo
2542 3193 2597 3240 et
2623 3184 2826 3240 facilia.
2858 3182 2982 3239 Non
3010 3185 3108 3239 erit
3132 3226 3148 3251 ,
3179 3185 3390 3254 inquit,
3422 3185 3738 3255 impossibile

2124 3276 2268 3344 apud
2296 3276 2462 3330 Deum
2481 3293 2631 3331 omne
2647 3275 2849 3341 uerbum
2876 3277 2896 3347 (
2921 3274 3047 3332 Luc.
3080 3277 3134 3331 1.
3174 3277 3244 3342 3'1
3276 3281 3314 3345 ).
3350 3275 3417 3331 Et
3444 3275 3735 3347 propheta,

2129 3369 2471 3437 Quacumque
2513 3368 2713 3435 voluit,
2752 3370 2871 3440 fecit
2922 3366 2943 3442 (
2988 3366 3145 3426 Psal.
3180 3368 3302 3422 H3.
3352 3368 3443 3423 11.
3472 3367 3508 3423 5
3533 3367 3572 3437 ).
3618 3366 3738 3423 Νοη

2128 3464 2283 3517 vides
2307 3461 2444 3517 fabri
2484 3475 2651 3533 opera
2684 3475 2805 3517 esse
2836 3460 2933 3516 tibi
2965 3458 3205 3514 diflicilia
3236 3459 3259 3514 ‘l
3301 3458 3397 3513 sed
3430 3464 3610 3514 tamen
3635 3459 3740 3515 arti

2125 3541 2297 3613 cedis.
2340 3555 2490 3611 Itane
2524 3554 2773 3616 conservi
2794 3552 3012 3625 quidem
3044 3553 3120 3608 tui
3151 3554 3254 3608 arti
3279 3568 3390 3607 non
3434 3552 3692 3608 concedis
3721 3570 3735 3606 :

2125 3662 2155 3702 a
2187 3646 2397 3702 Domini
2418 3654 2596 3701 autem
2628 3645 2891 3714 sapientia
2919 3644 3184 3698 rationem
3214 3643 3406 3713 exigis,
3437 3652 3490 3699 et
3517 3643 3568 3697 id
3592 3644 3735 3712 quod

2127 3738 2185 3793 ﬁt
2217 3738 2321 3794 ﬁde
2348 3751 2455 3792 non
2484 3735 2771 3791 admittis?
2818 3734 3045 3803 Quanta:
3091 3742 3217 3788 sunt
3262 3733 3379 3788 h:ec
3417 3733 3741 3788 dementiae?

2127 3830 2252 3886 Non
2277 3831 2492 3897 moriar,
2520 3828 2612 3885 sed
2637 3830 2824 3884 vivam.
2871 3827 2931 3883 Si
2959 3828 3080 3898 quis
3127 3826 3181 3881 id
3210 3826 3358 3897 quod
3406 3825 3606 3883 dictum
3652 3834 3739 3881 est

2126 3923 2361 3979 voluerit
2411 3924 2575 3979 etiam
2606 3936 2824 3978 sumere
2860 3921 3153 3991 anagogice
3173 3960 3188 3985 ,
3222 3936 3328 3975 non
3357 3919 3581 3975 errabit.
3622 3917 3739 3974 Etsi

2128 4015 2231 4070 hoc
2260 4015 2407 4069 enim
2438 4013 2508 4069 de
2533 4012 2937 4069 resurrecnione
2961 4011 3165 4067 dictum
3191 4023 3274 4068 est
3309 4010 3328 4081 (
3362 4012 3493 4066 illud
3547 4011 3693 4067 enim
3722 4051 3739 4077 ,

2129 4107 2254 4169 Non
2286 4106 2499 4172 moriar,
2530 4115 2613 4161 est
2650 4104 3007 4175 signiﬁcantis
3048 4113 3277 4159 mortem
3311 4118 3417 4159 non
3444 4119 3567 4160 esse
3594 4118 3745 4159 mor-

2130 4200 2304 4273 tem),
2337 4200 2445 4263 alio
2498 4208 2675 4255 tamen
2704 4198 2868 4254 etiam
2900 4196 3062 4251 modo
3111 4196 3449 4266 intelligitur.
3481 4194 3608 4250 Non
3632 4213 3743 4250 mo-

2126 4294 2235 4346 riar
2260 4292 2429 4357 enim,
2462 4290 2631 4361 inquit
2652 4332 2667 4356 ,
2691 4288 3068 4344 altera-morte
3096 4305 3111 4342 :
3139 4302 3299 4358 quam
3328 4286 3574 4342 Christus
3602 4300 3743 4358 quo-

2127 4399 2234 4454 que
2272 4384 2581 4454 signiﬁcans
2604 4423 2621 4453 ,
2670 4380 2884 4436 dicebat
2915 4397 2929 4433 :
2961 4379 3062 4445 Qui
3111 4380 3274 4433 credit
3322 4379 3376 4432 in
3416 4395 3515 4441 me,
3548 4378 3740 4448 inquit,

2129 4476 2325 4529 etiamsi
2349 4484 2580 4532 mortuus
2610 4474 2786 4542 fuerit,
2807 4472 2933 4526 vivet
2959 4487 2977 4526 :
3002 4479 3047 4523 et
3078 4469 3242 4525 omnis
3258 4471 3344 4540 qui
3370 4471 3486 4524 vivit
3503 4482 3550 4523 et
3581 4471 3744 4524 credit

2129 4571 2185 4624 in
2211 4585 2292 4624 me
2313 4608 2328 4633 ,
2353 4585 2455 4622 non
2488 4569 2735 4631 morietur
2758 4565 2775 4634 (
2798 4566 2955 4620 Joan.
2989 4566 3079 4621 11.
3108 4563 3203 4619 Ξὸ.
3232 4564 3305 4619 26
3335 4563 3375 4635 ).
3420 4563 3489 4618 Et
3520 4568 3742 4618 narrabo

2129 4682 2283 4736 opera
2314 4663 2542 4718 Domini.
2577 4662 2692 4718 Hoc
2720 4672 2803 4718 est
2830 4662 3062 4716 maxime
3088 4661 3216 4724 vita,
3245 4676 3368 4713 eum
3398 4660 3618 4714 laudare
3640 4700 3656 4724 ,
3687 4670 3744 4714 et

2132 4762 2249 4828 ejus
2277 4756 2535 4814 miracula
2581 4756 2833 4810 omnibus
2861 4753 3201 4808 annnntiare.
3236 4753 3494 4821 Quaenam
3522 4766 3685 4821 opera
3709 4754 3734 4805 ἲ

2129 4851 2240 4918 dic,
2268 4865 2473 4920 qua-so.
2504 4850 2580 4905 Ea
2604 4864 2725 4919 qua:
2753 4857 2838 4904 est
2866 4857 3208 4912 narraturus,
3239 4847 3614 4913 subjungens,
3645 4846 3735 4901 18.

2132 4944 2396 5016 Castigans
2424 4941 2686 5013 castigavit
2716 4958 2796 4995 me
2826 4939 3098 5004 Dominus,
3132 4950 3180 4993 et
3210 4940 3361 4991 morti
3404 4955 3504 4992 non
3530 4938 3745 4992 tradidit

2134 5052 2235 5090 me.
2270 5035 2460 5090 Vidisti
2489 5049 2649 5101 quam
2678 5030 3012 5086 admirabilia
3043 5030 3275 5084 fecerit?
3305 5029 3485 5083 vidisti
3520 5044 3645 5099 quae
3672 5044 3742 5083 ex

2133 5126 2213 5182 eis
2238 5127 2449 5195 capitur
2467 5124 2708 5180 utilitas?
2729 5123 2844 5178 Non
2873 5122 3049 5176 solum
3077 5122 3217 5175 enim
3242 5122 3349 5189 agit
3375 5124 3577 5191 gratias
3596 5123 3738 5191 quod

2134 5218 2297 5274 fuerit
2323 5219 2601 5281 liberatus,
2632 5215 2726 5270 sed
2758 5216 2919 5291 etiam
2948 5212 3090 5282 quod
3115 5213 3411 5275 ceciderit,
3443 5215 3738 5267 maximum

2135 5313 2377 5382 agnoscit
2405 5310 2728 5366 beneficium
2755 5351 2770 5375 ,
2799 5318 2853 5362 et
2879 5318 3143 5362 memorat
3168 5308 3374 5361 lucrum
3407 5308 3737 5361 tentationis.

2134 5406 2416 5474 Quodnam
2448 5406 2551 5460 hoc
2571 5405 2595 5458 ?
2619 5404 2885 5473 Castigans
2932 5402 3198 5472 castigavit
3240 5418 3323 5454 me
3351 5442 3366 5464 ,
3400 5402 3602 5469 inquit,
3634 5399 3746 5454 Do-

2136 5515 2324 5552 minus.
2364 5498 2491 5553 ll:rc
2528 5505 2611 5551 est
2638 5496 2841 5550 utilitas
2867 5494 3231 5565 periculorum
3252 5535 3267 5556 ,
3302 5495 3444 5562 quod
3473 5510 3595 5549 eum
3625 5509 3742 5548 mc-

2137 5593 2329 5646 liorem
2387 5591 2632 5647 iecerint.
2699 5589 2889 5644 Vidisti
2963 5588 3216 5656 utrinque
3280 5592 3397 5653 ejus
3452 5586 3743 5656 potentiam

2136 5696 2192 5739 et
2256 5682 2632 5738 curationem?
2697 5682 2764 5737 Et
2818 5680 3065 5749 permisit
3113 5688 3172 5733 ut
3232 5678 3735 5747 apprchenderctur

2136 5792 2165 5830 a
2195 5777 2372 5838 malis,
2404 5783 2458 5828 et
2487 5790 2609 5829 cum
2633 5772 3103 5829 rursusliberavit.
3137 5771 3303 5825 Morti
3337 5770 3506 5830 enim,
3541 5769 3732 5836 inquit,

2140 5890 2240 5927 tum
2312 5869 2521 5923 tradidit
2578 5885 2680 5922 me.
2741 5867 2807 5923 Et
2854 5877 2999 5923 recte
3065 5866 3200 5920 dixit
3258 5864 3395 5917 alius
3453 5861 3744 5934 interpres,
