4086 6442
387 406 497 467 833

392 519 557 575 Morti
582 528 756 576 anim
783 536 883 575 non
909 518 1046 574 dedit
1083 534 1184 585 me,
1206 526 1275 603 ut
1315 517 1624 574 ostenderet
1649 516 1976 603 omniaesse

389 610 491 667 sita
518 610 572 665 in
601 609 720 680 ejus
750 618 1030 681 potestate.
1058 602 1416 676 Quamobrem
1442 606 1709 677 duplicem
1740 606 1978 662 lucratus

391 710 477 757 est
498 701 745 767 salutem,
786 716 982 771 nempe
1022 700 1391 756 liberationem
1418 715 1449 754 a
1496 698 1677 767 malis,
1701 705 1757 755 et
1782 697 1979 753 libera-

402 791 602 847 tionem
654 806 686 844 a
726 791 875 847 vitio.
920 791 1181 860 Quocirca
1229 790 1442 848 dicebat
1494 790 1692 846 Paulus
1736 789 1978 846 scribens

394 880 633 937 Hebraeis
656 900 669 936 :
699 880 763 938 Si
787 891 953 937 autem
993 891 1139 949 extra
1165 882 1487 952 disciplinam
1522 882 1639 937 estis
1657 923 1673 946 ,
1700 881 1978 942 adulterini

386 990 508 1044 ergo
526 978 666 1043 estis,
679 989 724 1031 et
745 993 845 1032 non
861 978 956 1046 ﬁlii
976 975 1131 1045 (Πρὸ.
1146 977 1232 1032 12.
1250 975 1328 1047 8).
1345 977 1434 1033 i9.
1452 976 1792 1047 Aperitemihi
1806 984 1980 1046 portas

386 1066 602 1138 iustitia:
625 1084 647 1134 ;
671 1069 925 1139 ingressus
948 1068 1003 1122 in
1030 1084 1115 1123 eas
1136 1067 1413 1137 conﬁtebor
1431 1067 1671 1122 Domino.
1696 1067 1764 1122 lis
1784 1067 1872 1139 qui
1896 1081 1979 1123 ca-

389 1157 656 1226 stigantur
678 1160 846 1229 perun
876 1159 1207 1229 aperiuntur,
1230 1160 1296 1214 iis
1316 1160 1405 1230 qui
1433 1166 1648 1229 peccata
1676 1157 1971 1228 deponunt.

464 1246 521 1302 5.
571 1236 679 1314 Qui
722 1247 1059 1318 disciplinam
1113 1250 1387 1319 suscepit,
1429 1257 1605 1317 potest
1644 1248 1977 1305 conlidenter

384 1339 566 1395 dicere
598 1356 611 1393 :
642 1340 849 1411 Aperite
876 1344 1002 1398 mihi
1022 1355 1195 1415 portas
1206 1345 1449 1417 justitia.
1470 1346 1585 1401 Hoc
1606 1346 1804 1401 dictum
1830 1352 1973 1403 cnim

386 1429 705 1486 sumendum
741 1443 823 1487 est
863 1436 1187 1505 anagogice,
1235 1445 1291 1492 et
1343 1437 1597 1493 caelorum
1636 1447 1805 1506 porta:
1848 1447 1977 1493 sunt

385 1523 746 1595 intelligendas
769 1567 785 1591 ,
813 1542 935 1596 quas
986 1535 1112 1583 sunt
1153 1528 1352 1584 clauste
1396 1530 1678 1599 improbis,
1705 1545 1826 1601 quae
1848 1538 1976 1586 sunt

389 1613 663 1681 pulsanda:
688 1630 785 1686 per
811 1618 1093 1683 virtutem;
1114 1633 1211 1689 per
1233 1619 1630 1701 eleemosynam
1659 1662 1676 1686 ,
1704 1635 1799 1692 per
1820 1621 1977 1703 justi-

386 1705 540 1759 tiam.
570 1703 664 1760 20.
705 1704 838 1762 Hac
859 1717 1007 1778 porta
1032 1706 1240 1764 Domini
1266 1727 1286 1774 ;
1319 1710 1450 1782 justi
1475 1712 1733 1773 intrabunt
1758 1713 1814 1767 in
1837 1728 1970 1768 eant.

385 1794 526 1851 Sunt
547 1805 713 1867 portae
739 1801 950 1868 mortis,
975 1809 1107 1861 sunt
1134 1813 1302 1873 porta:
1328 1804 1573 1883 interitus
1593 1846 1612 1873 ,
1649 1816 1776 1862 sunt
1804 1819 1972 1879 portas

384 1889 532 1953 vitae,
580 1900 705 1945 sunt
749 1902 917 1961 portas
966 1903 1133 1955 arcta:
1155 1902 1211 1950 et
1255 1906 1515 1967 angusta.
1545 1899 1806 1968 Quoniam
1843 1917 1977 1972 ergo

382 1980 507 2038 sunt
527 1982 727 2050 multa},
743 1983 870 2039 dicit
900 1985 1108 2060 insigne
1121 1987 1353 2045 civitatis
1372 1990 1606 2059 Domini,
1621 1992 1968 2065 subjungens:

394 2067 524 2125 Illac
563 2083 709 2143 porta
754 2071 983 2130 Domini.
1040 2075 1157 2133 Illae
1188 2078 1336 2134 enim
1382 2094 1494 2135 non
1549 2094 1678 2139 sunt
1734 2086 1968 2141 Domini.

381 2162 663 2230 Quodnam
689 2174 773 2221 est
811 2176 989 2223 autem
1029 2170 1147 2241 ejus
1189 2172 1441 2244 insigne?
1468 2175 1621 2245 Quod
1667 2179 1758 2249 qui
1804 2182 1969 2235 casti-

388 2263 619 2325 gantur,
651 2258 740 2327 qui
779 2257 1122 2330 afﬂiguntur,
1168 2277 1266 2334 per
1291 2280 1412 2322 eam
1447 2268 1837 2338 ingrediuntur.
1874 2272 1971 2329 Est

388 2344 533 2401 enim
558 2358 705 2403 arcta
733 2358 788 2404 et
808 2360 1032 2421 angusta
1061 2369 1077 2407 :
1104 2354 1150 2410 si
1182 2366 1361 2413 autem
1402 2370 1485 2414 est
1509 2371 1656 2417 arcta
1675 2404 1691 2428 ,
1717 2365 1807 2433 qui
1845 2375 1971 2421 sunt

380 2434 568 2493 afﬂicti
590 2447 644 2494 et
688 2443 972 2511 oppressi,
1002 2458 1100 2515 per
1125 2461 1245 2502 eam
1273 2449 1672 2519 ingredientur:
1705 2456 1966 2525 quemad-

385 2527 602 2584 modum
624 2545 743 2599 quae
766 2532 912 2589 ducit
932 2533 999 2589 ad
1040 2534 1312 2593 interitum
1336 2582 1350 2605 ,
1384 2540 1487 2597 lata
1522 2552 1605 2599 est
1628 2552 1683 2601 et
1708 2548 1963 2616 spatiosa.

452 2617 744 2675 Gratiarum
776 2624 908 2677 actio
932 2626 1561 2701 maximum—sacriﬁcium;
1586 2639 1865 2706 prophetia
1876 2655 1971 2695 cur

378 2707 670 2778 plerumque
713 2712 969 2779 obscurat;
1019 2714 1249 2775 Christus
1284 2721 1416 2792 lapis
1460 2727 1746 2796 angularia.
1772 2759 1843 2770 —
1868 2729 1960 2786 21.

378 2795 667 2867 Conﬁtebor
692 2804 781 2858 tibi
813 2808 1051 2875 quoniam
1080 2811 1335 2867 mudisti
1366 2830 1466 2884 me,
1515 2827 1562 2869 et
1582 2821 1747 2890 factas
1768 2837 1819 2875 es
1843 2823 1969 2877 mihi

377 2888 433 2943 in
462 2891 690 2946 saluta».
735 2894 850 2950 Non
885 2896 1015 2953 dicit
1037 2900 1393 2970 solummodo,
1413 2888 1703 2974 Exaudisti,
1728 2912 1821 2985 sed
1844 2928 1966 2968 cum

377 2980 525 3049 prius
539 2984 850 3055 castigasset
870 2996 925 3043 et
945 2990 1218 3046 meliorem
1242 2994 1471 3052 fecisset.
1491 2996 1561 3051 Et
1582 2999 1703 3054 ideo
1722 2980 1803 3072 agi
1811 3012 1828 3056 t
1844 3017 1969 3074 gra-

380 3072 481 3126 tias
501 3113 519 3139 ,
552 3088 659 3129 non
686 3077 857 3133 solum
890 3080 1030 3149 quod
1059 3083 1129 3137 sit
1157 3085 1437 3141 exauditus
1461 3129 1476 3154 ,
1507 3088 1605 3145 sed
1635 3091 1794 3146 etiam
1821 3072 1962 3164 quod

376 3162 538 3221 fuerit
560 3168 866 3239 castigatus.
897 3172 1020 3228 ideo
1046 3189 1277 3246 namque
1301 3176 1399 3233 fuit
1424 3180 1704 3238 exauditus
1727 3196 1812 3239 :et
1839 3162 1964 3242 ubi-

376 3268 482 3323 que
522 3271 769 3328 magnum
811 3270 894 3317 est
929 3264 1069 3333 apud
1108 3266 1279 3335 ipsum
1323 3267 1427 3325 hoc
1471 3286 1639 3341 genus
1677 3276 1963 3345 gratiarum

378 3342 622 3419 actionis.
662 3349 1117 3417 Quemadmodum
1146 3359 1289 3413 enim
1318 3360 1462 3425 disi,
1505 3378 1603 3418 nec
1630 3342 1850 3422 cessabo
1878 3369 1962 3423 di-

378 3451 522 3501 cere,
540 3436 641 3495 hoc
658 3450 739 3494 est
756 3445 1042 3499 maximum
1060 3449 1377 3505 sacriﬁcium
1407 3462 1461 3507 et
1485 3454 1703 3511 oblatio.
1731 3458 1820 3513 22.
1855 3460 1959 3514 La-

379 3528 547 3596 pidem
568 3546 712 3600 quem
737 3534 1128 3603 reprobauerunl
1153 3540 1484 3609 adiﬁcaaues,
1510 3544 1592 3598 hic
1619 3550 1783 3616 factus
1809 3560 1879 3603 est
1906 3551 1961 3605 in

375 3627 527 3689 caput
552 3621 745 3691 anguli.
768 3623 919 3691 Quod
944 3626 1046 3682 hoc
1077 3629 1145 3684 de
1164 3630 1379 3687 Christo
1397 3634 1597 3689 dictum
1631 3639 1720 3703 sit,
1748 3648 1833 3694 est
1849 3641 1963 3694 cui-

374 3707 457 3763 vis
484 3712 837 3767 manifestum.
871 3714 987 3784 Ipse
1018 3718 1159 3773 enim
1189 3722 1239 3774 in
1255 3721 1553 3793 Evangeliis
1584 3725 1800 3785 adducit
1822 3728 1958 3787 hanc

378 3799 734 3868 prophetiam,
757 3803 939 3861 dicens
964 3825 977 3861 τ
1010 3806 1302 3880 Numquam
1328 3814 1788 3885 legistis,Lapidem
1808 3816 1957 3889 quem

371 3888 758 3956 reprobaverunt
778 3895 1108 3964 tediﬁcantes,
1136 3901 1218 3953 hic
1245 3905 1411 3981 factus
1430 3914 1501 3959 est
1525 3907 1578 3959 in
1598 3919 1752 3977 caput
1778 3888 1956 3981 anguli

371 3980 698 4046 (llatth.21.
726 3984 825 4051 ts;
854 3985 980 4041 Luc.
1008 3990 1097 4046 so.
1133 3985 1268 4057 i7)?
1291 3980 1346 4048 si
1376 4004 1552 4051 autem
1576 4000 1724 4068 quod
1755 3980 1952 4057 dictum

370 4081 485 4135 est,
521 4089 626 4128 non
654 4075 863 4133 videtur
889 4081 1122 4148 pendere
1163 4097 1231 4138 ex
1269 4084 1507 4153 historia,
1539 4089 1632 4144 sed
1664 4092 1835 4147 media
1863 4090 1951 4149 in-

370 4168 604 4233 terrupta
632 4180 813 4223 rerum
841 4173 981 4227 serie
1006 4174 1239 4243 ingressa
1269 4191 1387 4232 esse
1416 4182 1717 4250 prophetia,
1742 4200 1845 4240 non
1868 4196 1952 4242 est

368 4254 580 4320 mirum,
606 4273 706 4314 nec
728 4276 922 4317 novum
942 4280 956 4318 :
977 4267 1233 4334 siquidem
1260 4270 1529 4343 pleraeque
1555 4277 1633 4331 sic
1663 4280 1950 4335 enuntiatae

282 4378 291 4381 -
365 4352 494 4397 sunt
518 4345 571 4399 in
600 4346 779 4403 Veteri
806 4350 1148 4410 Testamento
1174 4360 1488 4429 prophetiae,
1505 4365 1951 4434 quodoporteret

365 4442 494 4489 tunc
521 4440 774 4507 temporis
804 4441 873 4495 ita
897 4444 1108 4515 obtegi,
1138 4455 1195 4500 ut
1223 4463 1327 4503 non
1357 4451 1515 4507 etiam
1544 4455 1644 4524 ipsi
1672 4456 1788 4512 libri
1816 4461 1947 4516 abo-

362 4524 613 4582 leret-tur.
648 4529 727 4585 De
751 4531 867 4601 ejus
891 4535 1032 4589 enim
1059 4547 1177 4591 ortu
1204 4540 1479 4610 prophetia
1496 4544 1708 4601 videtur
1732 4550 1947 4619 quidem

363 4616 596 4689 pendere
621 4620 688 4675 ab
719 4620 962 4689 historia,
991 4626 1122 4681 nihil
1148 4639 1325 4685 autem
1350 4629 1508 4689 habet
1526 4616 1808 4695 commune
1825 4657 1946 4699 cum

362 4704 473 4787 illa,
502 4716 560 4761 ut
582 4708 730 4776 illud,
761 4711 892 4768 Ecce
915 4715 1126 4785 uirgoin
1156 4729 1297 4774 utero
1323 4726 1590 4795 concipiet,
1621 4740 1672 4782 et
1694 4732 1856 4798 pariet
1886 4736 1943 4791 Ii-

360 4784 505 4857 lium.
528 4809 577 4853 at
594 4803 840 4855 uocabunt
862 4806 878 4836 ¹
915 4784 1096 4861 nomen
1124 4810 1234 4874 eius
1258 4784 1561 4871 Emmanuel
1578 4784 1943 4892 '(Isdi.7.iii,

360 4888 503 4957 quod
548 4900 633 4944 est
673 4892 1114 4963 interpretatum,
1160 4900 1445 4964 Nobiscum
1488 4906 1653 4967 Deus.
1700 4888 1947 4981 Lapidem

357 4994 511 5045 quem
532 4985 923 5050 reprobaverunt
947 4991 1256 5057 tediﬁcanles
1286 4995 1498 5062 (Matth.
1525 5002 1574 5054 i.
1604 5002 1718 5074 25).
1747 5003 1943 5059 ΑΕάίίί-

357 5081 545 5125 Cantes
572 5071 657 5128 hic
685 5076 814 5131 dicit
837 5078 1068 5146 Iudaeos,
1103 5082 1232 5152 legis
1256 5086 1519 5153 doctores,
1550 5071 1771 5157 scribas,
1806 5097 1945 5152 Plia-

356 5162 561 5229 risaaos,
589 5168 1017 5242 quandoquidem
1044 5176 1395 5243 reprobarunt
1424 5180 1593 5249 ipsum
1612 5222 1627 5244 ,
1656 5186 1898 5243 dicentes
1925 5207 1939 5245 :

355 5251 714 5311 Samaritanus
744 5276 795 5312 es
814 5268 868 5312 tu
888 5301 906 5327 ,
931 5272 978 5314 et
1006 5264 1309 5322 damionium
1340 5270 1490 5324 habes
1523 5272 1698 5329 (Joan.
1727 5277 1779 5329 8.
1809 5278 1900 5348 48)
1922 5322 1936 5345 ,

353 5354 403 5397 ct
431 5360 615 5401 rursus
646 5366 657 5400 :
694 5348 792 5403 Hic
831 5368 933 5406 non
975 5366 1047 5407 est
1092 5372 1156 5410 es:
1198 5357 1337 5424 Deo,
1377 5363 1467 5414 sed
1505 5364 1699 5418 seducit
1738 5370 1937 5423 turbam

352 5437 528 5504 (Joan.
560 5441 610 5495 7.
644 5442 755 5513 12).
786 5444 885 5500 Hic
909 5456 1084 5502 tamen
1116 5452 1429 5518 reprobatus
1454 5457 1588 5512 adeo
1619 5461 1815 5528 probus
1842 5478 1936 5530 ap-

351 5530 539 5600 paruit,
571 5542 628 5587 ut
667 5536 820 5592 ﬁeret
858 5551 1016 5609 caput
1044 5544 1241 5613 anguli.
1274 5544 1387 5599 Non
1419 5548 1558 5601 enim
1589 5566 1762 5606 omnis
1798 5554 1933 5622 lapis

347 5633 501 5691 aptus
527 5636 606 5681 est
632 5627 697 5682 ad
730 5633 975 5700 angulum
998 5674 1015 5699 ,
1054 5636 1149 5690 sed
1178 5637 1263 5705 qui
1291 5647 1373 5691 est
1403 5641 1802 5709 probatissimos
1828 5690 1841 5709 ,
1875 5658 1929 5703 et

346 5725 518 5784 ρωιθδι
547 5732 728 5775 muros
752 5724 1016 5783 revincire
1046 5741 1111 5782 cx
1138 5735 1362 5800 utroque
1386 5730 1569 5789 latere.
1618 5733 1769 5802 Quod
1798 5753 1925 5809 ergo

407 5816 423 5847 ί
457 5814 619 5878 ξανὶῐη
640 5824 688 5871 et
710 5824 914 5873 uocabts.

1103 404 1164 463 Β.
1202 401 1481 463 JOANNIS
1514 393 2001 459 CHRYSOS’I’OMI
2036 393 2354 455 ARCHIEP.
2394 398 2933 460 CONSTANTINOP.

2085 508 2215 565 dicit
2243 515 2521 595 propheta,
2549 515 2652 571 tale
2676 527 2760 574 est
2784 517 2805 574 ’τ
2832 518 2933 588 Qui
2952 526 3035 575 est
3061 534 3097 576 ι
3114 518 3316 578 Judmia
3340 524 3684 601 reprobatus,

2084 610 2138 655 et
2160 615 2260 671 pro
2288 589 2456 659 nihilo
2483 604 2717 673 habitus,
2740 608 2990 678 apparuit
3014 610 3153 667 adeo
3180 589 3463 684 mirabilis,
3491 627 3551 673 ut

2083 693 2259 749 solum
2286 706 2597 767 contexeret
2633 697 2918 756 aediﬁcium
2942 743 2957 767 ,
2984 703 3079 759 sed
3104 704 3242 761 duos
3260 707 3424 764 etiam
3450 712 3687 780 parietes

2082 784 2434 857 conjungeret
2460 802 2523 843 ac
2546 789 2852 847 revinciret.
2874 792 3024 861 Quos
3046 796 3263 853 tandem
3295 799 3563 870 parietes?
3588 803 3687 860 .lu-

2082 873 2232 933 dares
2277 879 2503 946 scilicet,
2532 890 2588 937 et
2636 897 2733 938 eos
2783 886 2875 955 qui
2917 886 3212 953 credebant
3266 907 3333 947 ex
3382 894 3683 963 gentibus:

2082 971 2531 1039 quemadmodum
2553 973 2751 1031 Paulus
2768 992 2983 1050 quoque
2999 979 3132 1037 dicit
3154 999 3168 1037 :
3187 980 3312 1053 Ipse
3330 986 3464 1040 enim
3484 997 3561 1042 est
3578 1005 3690 1059 pas

2082 1073 2273 1127 nostra,
2306 1066 2394 1138 qui
2416 1066 2535 1137 fecit
2556 1079 2767 1143 utraque
2791 1087 2970 1138 unum,
2989 1082 3037 1126 et
3060 1075 3193 1152 scpis
3211 1076 3360 1131 soluit
3385 1082 3684 1149 maceriam,

2082 1156 2374 1221 inimicitias
2400 1159 2455 1213 in
2478 1176 2632 1227 carne
2657 1177 2772 1224 sua,
2799 1163 2960 1234 legem
2984 1167 3363 1240 mandatorum,
3393 1187 3509 1243 qua
3529 1183 3606 1228 est
3629 1174 3687 1229 in

2082 1246 2314 1316 decretis,
2335 1250 2541 1305 abolens
2564 1267 2584 1305 :
2602 1263 2659 1305 ut
2679 1253 2767 1323 qui
2794 1253 2897 1308 duo
2920 1266 3085 1323 erant,
3102 1271 3421 1340 construeret
3440 1265 3497 1319 in
3523 1281 3687 1321 mus

2080 1351 2264 1391 nouum
2290 1339 2544 1395 hominem
2567 1340 2783 1412 (Ephes.
2809 1342 2865 1398 2.
2893 1344 2977 1400 ﬂ.
3003 1346 3116 1418 15).
3145 1347 3214 1404 Ει
3243 1365 3465 1407 rursus:
3485 1353 3688 1427 Super-

2080 1427 2325 1495 wdi/ieati
2348 1445 2502 1497 super
2524 1431 2911 1501 fundamentum
2936 1440 3289 1505 apostolorum
3320 1452 3374 1496 et
3397 1446 3683 1515 propheta-

2078 1534 2211 1578 rum.
2240 1520 2354 1590 ipso
2377 1538 2575 1576 summa
2603 1526 2841 1596 angulari
2869 1527 3040 1599 lapide
3065 1528 3269 1586 Christo
3299 1534 3428 1590 fests
3455 1536 3682 1607 (Epita.

2077 1606 2131 1662 2.
2164 1607 2279 1678 20).
2306 1609 2409 1665 Per
2437 1611 2540 1667 hoc
2562 1622 2743 1671 autem
2763 1618 2905 1686 quod
2933 1618 3133 1676 dictum
3154 1632 3238 1677 est
3264 1628 3498 1683 maxime
3520 1606 3686 1685 accit-

2078 1709 2265 1756 santur
2289 1703 2493 1774 Judaei,
2522 1708 2663 1777 quod
2690 1722 2813 1764 cum
2842 1710 3204 1781 aedificarent,
3235 1726 3419 1787 aptum
3447 1719 3684 1790 lapidem

2077 1806 2186 1846 non
2214 1793 2592 1864 dijudicarunt,
2614 1798 2710 1854 sed
2738 1814 2861 1856 eum
2886 1803 3045 1859 etiam
3069 1814 3128 1861 ut
3152 1808 3442 1877 reprobum
3471 1812 3686 1884 reject:-

2077 1894 2221 1951 ront,
2251 1890 2340 1955 qui
2366 1898 2574 1958 poterat
2603 1891 2707 1947 tale
2735 1892 3018 1950 aedilicium
3046 1899 3347 1957 continere.
3379 1901 3437 1957 Si
3466 1916 3548 1960 vns
3576 1918 3683 1961 δυν-

2078 1986 2185 2031 tem
2230 1978 2370 2033 scire
2411 1981 2627 2050 quinam
2670 1982 2779 2039 sint
2822 1985 2857 2040 ii
2907 1985 3016 2043 duo
3056 1989 3322 2058 parietes,
3348 1991 3475 2049 audi
3502 1994 3686 2064 ipsum

2074 2082 2287 2138 quoque
2327 2067 2599 2126 Christum
2642 2072 2908 2131 dicentem
2939 2095 2953 2131 :
2982 2076 3127 2134 Alias
3150 2082 3302 2136 etiam
3329 2099 3449 2138 oues
3477 2085 3639 2141 habes
3662 2126 3681 2154 ,

2072 2174 2187 2228 qua
2211 2176 2314 2215 non
2346 2171 2466 2216 sunt
2501 2163 2569 2218 de
2606 2164 2701 2219 hoc
2734 2168 2852 2221 ouili
2870 2210 2886 2235 ,
2917 2178 2965 2224 et
2994 2186 3074 2225 nte
3116 2172 3234 2227 illas
3261 2190 3461 2245 quoqtte
3492 2177 3685 2236 dum

2073 2259 2271 2316 oportet
2299 2267 2319 2306 :
2343 2262 2397 2336 et
2427 2254 2515 2329 fiet
2557 2273 2714 2311 unum
2752 2260 2914 2324 ovile,
2944 2270 2991 2316 et
3015 2278 3149 2318 unus
3175 2275 3349 2336 pastor
3376 2265 3558 2335 (Joan.
3585 2268 3678 2325 ιο.

2076 2343 2187 2405 16).
2213 2342 2329 2400 Hoc
2347 2334 2509 2401 etiam
2531 2348 2715 2404 multis
2736 2359 2884 2406 retro
2906 2351 3121 2408 maculis
3143 2334 3413 2427 tamquam
3434 2359 3484 2413 in
3507 2357 3679 2429 figura

2073 2436 2273 2492 factum
2311 2446 2416 2493 est.
2459 2439 2729 2495 Abraham
2764 2442 2906 2497 enim
2936 2444 3034 2500 fuit
3058 2454 3412 2520 utrorumque
3442 2451 3679 2519 patriar-

2072 2530 2195 2597 cha,
2222 2541 2279 2587 et
2300 2549 2486 2590 eorum
2513 2537 2603 2607 qui
2634 2538 2685 2593 in
2715 2541 2999 2612 prmputio,
3025 2528 3081 2599 et
3107 2558 3294 2601 eorum
3321 2551 3411 2617 qui
3440 2558 3594 2603 erant
3619 2547 3677 2604 in

2071 2623 2482 2683 circumcisione
2510 2644 2524 2680 :
2552 2628 2647 2684 sed
2682 2630 2810 2687 illud
2844 2634 2997 2704 quasi
3030 2634 3083 2689 in
3114 2636 3303 2707 lignra,
3350 2637 3453 2693 hoc
3489 2648 3674 2695 autem

2072 2711 2127 2767 in
2176 2716 2418 2772 veritate.
2464 2716 2568 2772 Hic
2611 2721 2777 2789 factus
2805 2732 2879 2778 est
2905 2724 2959 2777 in
2980 2734 3136 2794 caput
3158 2714 3339 2796 ἀπαειιὶ
3372 2727 3670 2797 δῆσε-ωδ,

2072 2814 2328 2874 utrasque
2369 2801 2559 2877 gentes
2601 2812 2896 2882 conjunxit.
2936 2814 3030 2869 25.
3076 2816 3121 2869 Δ
3169 2815 3389 2873 Domino
3416 2822 3565 2893 facta
3597 2830 3685 2877 est

2070 2895 2191 2949 ista.
2234 2898 2371 2965 Quid
2397 2909 2499 2966 est,
2525 2901 2571 2954 Α
2595 2901 2818 2959 Domino
2842 2909 2983 2976 facta
3000 2916 3072 2962 est
3096 2908 3234 2964 ista!
3258 2909 3377 2966 Non
3401 2922 3517 2968 erat
3536 2947 3559 2981 ,ι
3583 2915 3669 2971 in-

2069 2988 2219 3056 quit,
2251 2988 2542 3047 humanum
2582 2994 2723 3064 quod
2768 2994 2965 3052 factum
3005 3008 3108 3067 est,
3137 3017 3243 3057 non
3268 3013 3385 3059 erat
3413 3007 3575 3061 unius
3599 3022 3671 3064 ea

2070 3081 2270 3146 multis,
2297 3098 2405 3138 non
2436 3095 2553 3141 erat
2575 3089 2912 3159 angelorum,
2942 3106 3049 3146 non
3077 3102 3195 3148 erat
3221 3094 3667 3168 archangelorum

2070 3172 2230 3227 talem
2260 3175 2512 3245 angulum
2541 3192 2889 3246 componere.
2928 3180 3099 3238 Nemo
3139 3200 3269 3255 ergo
3307 3186 3411 3242 hoc
3456 3192 3663 3258 potuit,

2070 3279 2178 3341 non
2198 3266 2393 3335 justus,
2426 3284 2533 3323 non
2564 3271 2823 3340 propheta
2847 3314 2861 3337 ,
2890 3288 2999 3329 non
3023 3276 3263 3346 angelus,
3296 3292 3403 3333 non
3432 3280 3667 3337 archan-

2066 3336 2236 3426 geius,
2269 3357 2362 3412 sed
2387 3358 2553 3414 solius
2566 3336 2680 3415 liei-
2693 3371 2809 3416 erat
2839 3336 2940 3418 hoc
2965 3336 3281 3434 praeclarum
3313 3367 3520 3425 facinus
3546 3381 3665 3429 :est

2067 3447 2207 3500 enim
2255 3446 2373 3517 ejus
2417 3449 2711 3518 proprium.
2756 3452 2907 3506 Alius
2950 3453 3215 3525 interpres
3244 3457 3513 3527 (a)dicit,
3547 3460 3669 3517 Hoc

2066 3540 2257 3608 factum
2280 3549 2352 3594 est
2378 3556 2412 3593 a
2438 3539 2694 3607 Domino;
2736 3543 2789 3599 id
2815 3554 2917 3611 est,
2945 3545 3047 3603 hoc
3076 3563 3211 3618 opus
3238 3549 3575 3619 admirabile,
3608 3565 3668 3612 et

2065 3628 2207 3699 quod
2236 3644 2450 3686 omnem
2475 3644 2694 3702 superat
2713 3636 3037 3705 opinionem,
3061 3639 3162 3694 hoc
3186 3641 3391 3696 scilicet
3409 3657 3546 3713 opus
3566 3660 3667 3705 an-

2062 3721 2190 3790 guli.
2222 3720 2287 3774 Et
2314 3733 2386 3775 est
2412 3723 2725 3778 admirabilis
2744 3727 2799 3779 in
2819 3729 2979 3781 oculis
3000 3729 3205 3783 nostris.
3233 3730 3363 3797 Quis
3382 3742 3469 3788 est
3488 3735 3664 3791 admi-

2062 3813 2282 3867 rabilis?
2313 3815 2554 3883 Angulus
2573 3817 2795 3881 scilicet,
2818 3819 2983 3873 coitio
3001 3820 3229 3877 duorum
3253 3825 3572 3893 populorum
3590 3830 3659 3883 ad

2062 3903 2333 3971 pietatem.
2370 3904 2446 3959 Ex
2475 3905 2674 3961 Judaais
2702 3909 2844 3963 enim
2874 3912 3057 3965 multa:
3084 3913 3426 3972 crediderunt
3454 3920 3660 3990 myria-

2059 3991 2156 4046 des
2185 4011 2199 4047 :
2230 3994 2519 4063 quinetiam
2550 3997 2651 4066 ipsi
2688 4008 2842 4053 erant
2880 4003 3106 4069 apostoli
3132 4018 3196 4058 ex
3222 4005 3440 4061 Judaeis.
3491 4008 3666 4067 Recte

2059 4092 2238 4139 autem
2267 4084 2430 4151 dixit,
2462 4084 2527 4140 In
2557 4088 2718 4142 oculis
2745 4092 2929 4144 nostris
2956 4108 2974 4145 :
3000 4108 3176 4163 neque
3199 4096 3342 4150 enim
3366 4097 3470 4154 hoc
3497 4101 3660 4156 mira-

2058 4178 2236 4232 culum
2258 4180 2504 4234 omnibus
2523 4191 2607 4235 est
2631 4182 2991 4239 manifestum.
3022 4186 3154 4253 Quis
3174 4189 3317 4243 enim
3342 4204 3447 4245 non
3467 4192 3659 4248 obstu-

2060 4280 2259 4337 pescat,
2303 4271 2423 4341 quis
2463 4286 2570 4326 non
2601 4272 2895 4329 admiretur
2933 4276 3077 4347 quod
3126 4278 3215 4333 ubi
3262 4283 3546 4339 cruciﬁxus
3572 4295 3657 4341 est

2057 4358 2299 4415 Christus
2320 4404 2335 4427 ,
2368 4363 2476 4417 illic
2498 4362 2743 4419 Christus
2771 4366 3025 4421 adorator
3056 4385 3069 4420 :
3096 4376 3153 4424 et
3171 4371 3259 4440 qui
3282 4387 3405 4426 eum
3433 4375 3653 4444 quidem

2054 4452 2451 4519 cruciﬁxerunt,
2482 4455 2792 4523 ignominia,
2820 4458 2910 4526 qui
2937 4473 3067 4514 vero
3092 4460 3338 4529 adorant,
3369 4465 3536 4535 gloria
3564 4467 3651 4523 ai-

2056 4540 2339 4596 liciuntur?
2394 4543 2711 4599 Universum
2765 4546 2908 4600 enim
2961 4549 3148 4604 orbem
3203 4560 3359 4607 terra:
3415 4559 3654 4625 pervasit

2054 4632 2296 4697 verbum,
2320 4647 2505 4689 omnes
2527 4636 2735 4691 veritati
2761 4638 3112 4709 conjungens.
3147 4641 3240 4697 Est
3260 4659 3390 4714 ergo
3417 4648 3651 4705 admira-

2053 4728 2212 4794 bilis,
2242 4731 2327 4785 vel
2374 4730 2438 4785 iis
2482 4733 2573 4801 qui
2616 4732 3122 4806 quomodocumque
3170 4737 3221 4792 id
3267 4740 3652 4808 considerant,

2052 4822 2221 4877 multo
2260 4830 2433 4878 autem
2470 4824 2640 4894 magis
2663 4834 2717 4879 et
2745 4825 2903 4895 longe
2931 4828 3233 4885 evidentius
3274 4832 3352 4887 eis
3391 4835 3481 4905 qui
3526 4848 3646 4893 ere-

2049 4914 2203 4968 dunt.
2231 4915 2300 4969 Et
2318 4916 2438 4970 ideo
2458 4916 2611 4983 dixit,
2638 4915 2703 4970 In
2730 4918 2894 4973 oculis
2922 4922 3126 4975 nostris.
3154 4922 3243 4978 24.
3274 4924 3403 4985 Ηαιο
3422 4938 3497 4982 est
3541 4926 3654 4981 dies

2028 5020 2200 5073 Aquam
2226 5007 2340 5075 fecit
2374 5006 2655 5072 Dominus;
2682 5010 3006 5078 mallemus,
3034 5022 3081 5068 et
3102 5013 3327 5069 testemur
3348 5019 3399 5071 in
3425 5036 3503 5073 ea.
3539 5019 3649 5076 Vo-

2049 5108 2133 5152 cat
2159 5098 2244 5153 hu:
2271 5098 2434 5165 diem,
2468 5114 2573 5154 non
2600 5101 2725 5155 solis
2747 5116 2983 5165 cursum.
3008 5107 3101 5159 sed
3134 5106 3387 5175 praeclara
3409 5109 3644 5166 facinora

2049 5202 2167 5259 quae
2212 5192 2263 5246 in
2308 5206 2373 5245 eo
2419 5201 2566 5261 gesta
2607 5203 2753 5249 sunt.
2796 5194 2946 5251 Sicut
2976 5199 3118 5252 enim
3155 5199 3247 5268 qui
3275 5198 3416 5254 diem
3446 5206 3643 5260 malum

2048 5279 2195 5344 dicit,
2230 5296 2334 5335 non
2375 5288 2593 5335 cursum
2634 5285 2784 5351 solis,
2818 5285 2911 5340 sed
2938 5287 3073 5341 mala
3102 5304 3222 5356 quae
3247 5290 3299 5343 in
3333 5291 3447 5361 ipso
3471 5306 3595 5347 sunt
3627 5314 3641 5349 :

2046 5369 2118 5423 ita
2146 5372 2302 5425 etiam
2334 5371 2531 5426 bonum
2558 5375 2700 5429 diem
2731 5388 2882 5431 vocat
2910 5379 3165 5447 prcrclara
3195 5381 3327 5437 facta
3352 5400 3469 5454 quas
3498 5387 3548 5440 in
3576 5403 3642 5443 co

2044 5458 2276 5514 fuerunt.
2320 5462 2473 5528 Quod
2508 5474 2687 5517 autem
2716 5465 2844 5519 dicit
2868 5507 2881 5529 .
2912 5478 2991 5521 est
3022 5467 3286 5537 ejusmodi
3318 5474 3465 5531 :Res
3507 5493 3635 5546 pra}-

2041 5553 2211 5608 claras
2240 5569 2358 5623 quae
2399 5557 2450 5607 in
2491 5570 2557 5609 eo
2584 5568 2745 5623 gestae
2785 5569 2911 5612 sunt
2958 5560 3095 5615 Deus
3142 5564 3298 5629 fecit;
3336 5578 3453 5624 erat
3494 5571 3635 5626 enim

2041 5644 2180 5699 illius
2206 5646 2370 5699 solius
2400 5661 2589 5701 manus
2617 5646 2829 5704 efﬁcere
2858 5666 2978 5719 qum
3006 5654 3145 5709 facta
3169 5665 3314 5710 sunt.

2100 5777 2173 5837 ((ι)
2198 5783 2281 5827 Hic
2303 5787 2550 5855 interpres
2571 5790 2657 5855 est
2672 5780 2861 5855 Aquila,
2886 5798 3299 5855 qucmsequutos
3320 5798 3634 5855 tncronymuq

2038 5848 2257 5891 verterat
2274 5854 2286 5889 :
2303 5852 2337 5890 Α
2353 5842 2553 5892 Domino
2562 5842 2741 5904 factum
2752 5853 2820 5895 est
2835 5842 2983 5897 istud.
3001 5847 3123 5901 Vide
3138 5842 3183 5899 in
3198 5854 3424 5915 Heaaplis
3443 5842 3616 5912 nostris
3630 5905 3641 5914 ,
