4086 6438
280 418 390 477 33⁸1

353 532 412 587 6.
441 527 582 600 Quid
603 527 769 602 igitur
793 535 969 598 potest
993 540 1116 582 cum
1151 523 1255 580 hoc
1287 521 1376 577 die
1409 519 1678 585 conferri,
1709 519 1763 574 in
1789 526 1898 589 quo

283 621 373 682 die
401 637 526 679 cum
552 619 863 677 hominibus
888 619 1022 674 facta
1057 625 1142 674 est
1171 614 1537 672 reconciliatio
1556 655 1571 677 ,
1601 621 1658 668 et
1682 612 1895 686 diutur-

285 729 414 770 num
441 711 643 769 bellum
675 710 780 766 fuit
800 704 1146 778 diremptum.
1170 714 1225 762 et
1247 716 1389 762 terra
1416 706 1607 760 catlum
1628 692 1820 766 evasit,
1845 710 1902 758 et

286 806 538 862 homines
561 815 705 860 terra
730 801 953 871 indigni,
974 801 1068 856 visi
1098 809 1225 856 sunt
1254 813 1420 870 regno
1438 799 1607 868 digni,
1625 805 1681 852 et
1699 805 1900 850 nostra:

285 909 499 955 naturae
526 898 774 969 primitiae
802 909 966 966 super
989 893 1150 949 caelos
1176 892 1403 948 sublata:
1429 900 1574 952 sunt.
1597 899 1654 945 et
1680 901 1901 960 apertus

284 999 372 1046 est
401 988 704 1061 paradisus.
744 996 799 1041 et
834 995 1068 1040 veterem
1101 985 1327 1054 patriam
1352 982 1654 1052 recepimus
1679 1022 1693 1046 ,
1726 989 1781 1036 et
1804 995 1902 1036 ex-

287 1089 544 1150 punctum
561 1076 1023 1141 estt'naledictum,
1040 1083 1097 1130 et
1116 1074 1386 1129 sublatum
1419 1081 1717 1144 peccatum,
1736 1080 1791 1126 et
1810 1073 1900 1142 qui

287 1185 390 1241 per
417 1170 588 1241 legem
607 1168 780 1239 puniti
799 1166 1031 1232 fuerant,
1049 1167 1168 1220 sine
1192 1165 1310 1236 lege
1330 1165 1558 1219 salutem
1581 1161 1901 1233 consequuti

287 1267 452 1323 sunt,
490 1270 544 1313 et
573 1269 680 1314 tota
707 1268 855 1314 terra
891 1266 948 1312 et
975 1270 1128 1311 mare
1161 1271 1317 1309 suum
1344 1255 1560 1333 agnovit
1589 1253 1895 1318 Dominum,

287 1361 344 1405 et
372 1350 478 1404 alia
507 1348 643 1404 facta
669 1359 794 1402 sunt
823 1345 1258 1412 innumerabilia,
1290 1361 1412 1416 quae
1456 1360 1562 1399 non
1610 1359 1901 1414 possumus

288 1441 538 1496 oratione
579 1438 867 1509 persequi?
914 1438 1177 1505 Quocirca
1214 1451 1335 1490 cum
1368 1435 1486 1491 lucc
1510 1436 1690 1491 omnia
1721 1447 1902 1491 mente

289 1536 547 1607 agitasset
590 1532 850 1604 propheta
876 1572 893 1598 ,
930 1534 1111 1586 omnia
1143 1529 1255 1585 Deo
1280 1529 1577 1595 adscribit,
1609 1528 1902 1584 ostendens

289 1643 411 1697 qua:
432 1635 578 1694 gesta
606 1633 762 1690 sunt,
790 1639 822 1678 a
851 1624 960 1678 Deo
983 1621 1129 1678 facta
1152 1636 1297 1678 esse.

356 1777 592 1833 Gaudere
625 1776 771 1828 bonis
809 1789 914 1828 non
952 1788 1108 1843 parva
1142 1772 1322 1825 virtus.
1366 1798 1442 1811 —
1483 1767 1812 1824 Ecsultcmus
1845 1773 1895 1820 et

282 1871 514 1926 lctcmur
539 1869 593 1922 in
617 1883 697 1922 ea.
729 1866 994 1921 Laetitiam
1045 1864 1134 1918 hic
1196 1863 1328 1918 dicit
1353 1861 1689 1931 spiritualem
1710 1901 1725 1924 ,
1752 1859 1895 1914 laeti-

286 1963 419 2018 tiam
445 1961 664 2027 mentis,
695 1959 935 2015 lanitium
964 1957 1150 2012 animi.
1186 1955 1520 2011 Easultemus
1543 1995 1559 2022 ,
1592 1964 1639 2009 et
1666 1954 1899 2008 temnur

283 2055 339 2108 in
377 2069 458 2119 ea,
489 2051 633 2123 quod
679 2061 826 2105 tanta
869 2049 1027 2105 nobis
1060 2048 1200 2104 bona
1232 2048 1543 2118 obtigerint.
1588 2046 1800 2101 Etenim
1830 2060 1898 2100 ne

284 2145 391 2202 hoc
419 2144 636 2216 quidem
665 2151 749 2197 est
776 2156 940 2212 parva
963 2141 1158 2207 virtus,
1179 2139 1415 2210 gaudere
1444 2139 1623 2201 bonis,
1657 2137 1895 2205 exsilire,

284 2237 484 2310 gaudio
508 2235 654 2291 afﬁci
679 2276 695 2300 ,
729 2235 826 2290 Dei
858 2233 1120 2289 beneﬁcia
1141 2248 1268 2288 cum
1297 2232 1571 2303 voluptate
1600 2231 1897 2301 suscipere.

284 2329 379 2386 25.
411 2327 458 2383 ο
497 2328 750 2395 Domine,
777 2327 975 2381 salvum
1003 2327 1087 2397 fac
1105 2367 1121 2392 ,
1153 2326 1356 2381 obsecro
1385 2341 1404 2379 :
1432 2341 1463 2379 o
1499 2323 1718 2379 Domine
1736 2366 1752 2390 ,
1781 2325 1902 2378 bene

287 2437 591 2492 prosperare
613 2460 628 2485 ,
661 2420 888 2474 obsecro.
927 2418 1190 2487 Quoniam
1215 2417 1432 2473 videbat
1456 2417 1604 2472 orbis
1629 2427 1789 2472 terra:
1809 2430 1902 2472 res

287 2511 554 2567 secundas
573 2552 590 2577 ,
622 2525 913 2580 rerumque
942 2509 1318 2575 mutationem,
1346 2518 1403 2564 et
1449 2509 1503 2562 in
1547 2508 1739 2563 melius
1766 2523 1901 2563 con-

287 2605 592 2659 versionem
643 2619 657 2655 :
696 2601 760 2656 iis
797 2603 887 2672 qui
934 2601 1014 2656 eis
1059 2601 1306 2656 fruuntur
1351 2599 1660 2669 gratulans,
1702 2598 1838 2654 dixit
1886 2617 1899 2654 :

291 2695 336 2749 0
371 2693 633 2761 Domine,
671 2710 847 2758 serva,
893 2694 1134 2760 obsecro;
1175 2710 1206 2748 ο
1235 2692 1487 2757 Domine,
1527 2693 1650 2747 bene
1691 2709 1902 2762 prospe-

287 2804 437 2854 rare,
468 2788 695 2842 obsecro.
737 2787 850 2842 Hoc
887 2797 1010 2854 est,
1042 2787 1317 2842 Conserva
1358 2801 1452 2841 eos
1482 2785 1574 2856 qui
1605 2784 1855 2840 fruuntur
1887 2804 1900 2841 :

289 2889 344 2935 et
398 2888 459 2935 ut
511 2880 838 2949 impleantur
885 2888 941 2935 et
988 2880 1159 2951 gratia
1215 2878 1410 2949 dignos
1463 2879 1664 2933 fructus
1716 2886 1903 2940 osten-

288 2970 441 3036 dant,
480 2970 650 3034 redde
683 2972 763 3026 eis
789 2972 926 3025 viam
953 2971 1187 3038 facilem,
1219 2979 1280 3031 ut
1316 2981 1600 3042 postquam
1628 2973 1904 3042 assequuti

291 3063 511 3130 fuerint,
541 3079 571 3116 a
603 3065 798 3120 talibus
829 3066 986 3121 bonis
1008 3082 1116 3121 non
1140 3067 1370 3134 amplius
1399 3065 1667 3120 excidant.
1685 3066 1776 3121 26.
1806 3066 1908 3121 Be-

291 3157 524 3210 nedictus
544 3156 632 3226 qui
659 3158 790 3210 venit
817 3157 870 3209 in
897 3158 1102 3210 nomine
1127 3155 1358 3211 Domini.
1397 3157 1588 3212 Nostra
1619 3157 1763 3213 enim
1799 3173 1904 3211 non

289 3249 598 3303 consistunt
622 3246 674 3302 in
696 3248 762 3302 iis
785 3257 991 3302 tantum
1015 3263 1137 3318 quae
1157 3248 1298 3303 facta
1318 3257 1460 3311 sunt,
1487 3248 1579 3304 sed
1604 3248 1909 3320 procedunt.

291 3339 359 3393 ad
388 3337 494 3392 alia
519 3339 746 3406 majora,
777 3341 1252 3405 resurrectionem,
1278 3355 1524 3409 regnum,
1550 3339 1903 3399 hereditatem

290 3441 415 3483 cum
443 3427 663 3483 Christo
687 3446 700 3482 :
721 3444 840 3498 quae
859 3429 1038 3485 omnia
1060 3431 1247 3485 volens
1276 3431 1586 3497 ostendere,
1606 3433 1902 3502 subjunxit,

295 3518 602 3575 Benedictus
627 3522 714 3590 qui
734 3522 868 3578 venit
893 3522 947 3575 in
969 3523 1174 3577 nomine
1192 3522 1423 3578 Domini.
1454 3524 1566 3579 Hoc
1589 3526 1750 3580 etiam
1773 3525 1908 3580 dixit

289 3609 542 3667 Christus
566 3611 771 3668 Judteis
803 3630 816 3666 :
850 3615 1030 3678 Amen,
1058 3631 1208 3669 amen
1230 3616 1349 3670 dico
1371 3615 1510 3670 vobis
1537 3633 1555 3670 :
1585 3633 1688 3671 non
1718 3633 1798 3672 me
1825 3621 1906 3673 vi-

291 3701 472 3758 debitis
495 3705 655 3758 donec
681 3704 882 3770 dicatis,
904 3703 1211 3760 Benedictus
1235 3709 1323 3778 qui
1347 3708 1479 3762 venit
1498 3710 1553 3762 in
1573 3709 1777 3763 nomine
1792 3708 1905 3764 Do-

291 3794 419 3849 mini
440 3792 658 3868 (Matth.
680 3794 904 3867 25.58).
929 3789 1192 3863 Quoniam
1214 3799 1359 3853 enim
1387 3813 1535 3869 saepe
1559 3799 1902 3870 objiciebant,

293 3893 348 3940 et
373 3886 425 3940 id
447 3899 650 3956 susque
669 3886 844 3957 deque
870 3887 1188 3957 miscebant,
1207 3890 1349 3965 quod
1372 3905 1478 3945 non
1501 3902 1648 3947 esset
1673 3908 1738 3948 ex
1770 3893 1905 3957 Deo,

292 3979 437 4050 quod
476 3989 625 4035 esset
658 3979 752 4034 Dei
790 3980 960 4036 hostis
993 4001 1007 4037 :
1036 3983 1167 4037 dicit
1189 3984 1290 4051 eis,
1321 3984 1426 4040 Vos
1455 3985 1585 4040 mihi
1617 3985 1803 4042 feretis
1829 3997 1908 4054 te-

293 4069 608 4126 stimonium
635 4073 778 4142 quod
806 4089 911 4128 non
938 4089 1058 4130 sum
1088 4076 1181 4130 Dei
1214 4075 1400 4143 hostis,
1426 4079 1640 4149 quando
1665 4081 1906 4135 videritis

293 4161 602 4216 venientem
649 4162 702 4216 in
752 4164 1002 4231 nubibus,
1034 4176 1089 4221 et
1120 4167 1259 4223 hanc
1287 4170 1578 4225 emiseritis
1606 4187 1795 4229 vocem
1824 4173 1908 4228 di-

291 4260 480 4309 centes
500 4295 516 4319 ,
544 4251 850 4309 Benedictus
870 4257 957 4325 qui
979 4257 1111 4311 venit
1148 4258 1204 4312 in
1242 4261 1446 4313 nomine
1477 4259 1719 4328 Domini,
1752 4263 1907 4320 bonis

293 4346 476 4401 verbis
504 4355 559 4402 et
584 4347 944 4419 laude-plenis
966 4350 1036 4406 ab
1060 4353 1204 4407 omni
1234 4353 1550 4412 defensione
1580 4358 1790 4428 seipsos
1814 4376 1908 4414 ex-

291 4438 597 4495 cludentes.
629 4440 826 4497 Eorum
855 4445 1000 4499 enim
1029 4461 1153 4516 quae
1179 4457 1308 4502 tunc
1334 4449 1464 4503 ﬁent
1485 4451 1752 4508 evidentia
1782 4453 1904 4508 efﬁ-

290 4533 417 4595 ciet,
447 4540 506 4586 ut
531 4548 650 4588 eam
681 4550 868 4591 vocem
893 4525 1176 4603 emittant,
1217 4540 1377 4596 simul
1418 4552 1473 4597 et
1515 4542 1823 4613 laudantes,
1851 4557 1909 4604 et

293 4637 513 4693 gravem
565 4624 618 4678 in
666 4625 875 4694 seipsos
901 4631 1298 4684 accusationem
1332 4632 1691 4692 instituentes.
1737 4638 1903 4694 Bene-

292 4717 520 4772 diximus
543 4718 682 4773 nobis
716 4721 780 4774 de
820 4721 972 4776 domo
1003 4721 1230 4778 Domini.
1259 4725 1352 4780 27.
1382 4725 1525 4783 Deus
1554 4729 1828 4800 Dominus,
1860 4745 1906 4787 et

290 4808 466 4862 illuxit
507 4810 670 4865 nobis.
711 4811 849 4868 Dicit
888 4829 1104 4871 omnem
1152 4819 1408 4887 populum
1453 4821 1700 4891 ﬁdelem,
1730 4827 1819 4895 qui
1852 4829 1904 4884 in

292 4898 456 4954 domo
487 4899 700 4956 Domini
725 4902 954 4974 adeptus
982 4917 1065 4960 est
1095 4907 1548 4966 benedictionem.
1595 4914 1906 4973 Cet-nuntur

292 4992 437 5046 enim
481 4991 678 5060 ubique
717 4998 992 5064 propheta:
1011 5040 1026 5065 ,
1056 4998 1242 5057 beatos
1273 5002 1515 5060 dicentes
1541 5020 1636 5060 eos
1663 5009 1751 5077 qui
1779 5020 1908 5066 sunt

292 5083 570 5138 credituri.
597 5085 708 5154 Qua
730 5087 798 5142 de
819 5104 978 5145 causa
1006 5090 1373 5159 benedixistis,
1398 5105 1453 5150 et
1476 5099 1745 5154 undeuam
1776 5102 1904 5156 bea-

293 5173 501 5228 titudo?
530 5175 792 5244 Quoniam
827 5180 969 5236 Deus
994 5186 1242 5253 apparuit
1263 5187 1436 5242 nobis.
1455 5189 1713 5260 Apparuit
1735 5192 1902 5259 enim,

291 5267 484 5337 inquit,
515 5271 681 5340 gratia
708 5270 807 5326 Dei
831 5274 1094 5340 salutaris,
1122 5279 1360 5334 erudiens
1396 5297 1488 5334 nos
1509 5324 1524 5348 ,
1562 5293 1617 5337 ut
1655 5285 1905 5358 abnegata

294 5361 555 5430 impietate
581 5373 630 5417 et
654 5367 930 5421 mundanis
967 5369 1230 5449 desideriis
1253 5415 1267 5438 ,
1307 5373 1559 5439 modeste,
1579 5377 1725 5446 juste
1749 5388 1794 5432 et
1826 5381 1905 5449 pie

294 5454 910 5527 oioamugeatspectantes
935 5463 1131 5515 beatam
1159 5480 1302 5533 spem
1321 5475 1368 5520 et
1395 5468 1768 5535 apparitionem
1790 5488 1906 5525 ma-

295 5554 383 5622 g'ti
413 5553 508 5608 Dei
534 5563 579 5610 et
617 5557 902 5614 Senators.
939 5562 1100 5615 nostri
1123 5561 1249 5617 Jesu
1273 5561 1460 5618 Christi
1515 5564 1534 5634 (
1565 5561 1667 5620 Tit.
1712 5566 1770 5623 2.
1804 5569 1904 5624 11-

296 5645 408 5717 is).
434 5646 860 5708 incarnationem
883 5668 1012 5723 ergo
1031 5653 1120 5708 hic
1140 5653 1435 5710 admiratur
1458 5660 1741 5728 propheta,
1763 5663 1902 5731 quod

296 5754 418 5794 cum
449 5741 591 5797 Deus
619 5737 780 5810 esset,
811 5756 866 5801 et
893 5746 1172 5812 Dominus,
1198 5757 1253 5802 et
1279 5747 1422 5803 illius
1447 5750 1783 5819 substantiae,
1811 5770 1905 5824 ap-

297 5833 555 5902 paruerit.
594 5835 739 5891 Dixit
774 5847 953 5892 autem
999 5839 1413 5909 apparitionem,
1449 5843 1629 5899 carnis
1655 5844 1905 5901 humanm

295 5925 729 5998 susceptionem,
774 5929 1094 6003 virginalem
1142 5931 1350 5991 scilicet
1387 5940 1604 5994 uterum
1649 5938 1900 6009 subiisse,

1430 400 1802 462 EXPOSITIO
1837 399 1906 458 IN
1943 400 2274 459 PSALMUM
2311 400 2497 458 CXIX.

3517 404 3623 462 338

2009 519 2283 574 hominem
2312 519 2513 576 factum
2539 533 2680 587 esse,
2709 530 2766 577 et
2789 527 3059 579 versatum
3088 535 3212 578 esse
3237 537 3361 580 cum
3389 524 3626 582 hominis

2011 611 2132 667 bus.
2174 601 2240 667 Et
2268 612 2390 667 ideo
2419 611 2558 668 dixit
2591 632 2604 668 :
2628 611 2992 668 Benediximus
3017 614 3154 669 nobis
3172 655 3189 679 ,
3220 613 3360 684 quod
3392 616 3499 670 tale
3525 615 3627 671 do-

2010 719 2138 758 num
2180 705 2298 761 sitis
2334 706 2676 777 consequuti.
2709 703 2823 762 Hoc
2845 707 3008 762 etiam
3037 693 3286 762 Christus
3312 706 3625 778 signiﬁcans

2007 797 2223 853 dicebat
2253 817 2267 853 :
2301 794 2458 854 Hulti
2491 800 2754 870 prophetat
2782 811 2829 856 et
2844 802 2981 874 justi
3004 801 3420 857 desideraverunt
3454 801 3625 857 videre

2006 907 2122 958 quae
2141 893 2339 959 videtis,
2357 902 2407 948 et
2433 910 2535 946 non
2549 895 2801 958 viderunt,
2815 905 2862 946 'et
2883 895 3064 948 audire
3088 911 3202 965 qua
3221 895 3432 962 auditis,
3455 904 3624 949 etnon

2007 983 2278 1036 audierunt
2315 982 2528 1052 (Matth.
2559 985 2650 1041 i3.
2679 987 2792 1058 17).
2839 984 3140 1041 constituite
3177 986 3313 1041 diem
3345 984 3628 1041 solemnem

2009 1073 2062 1126 in
2089 1074 2378 1143 condensis,
2410 1092 2569 1144 usque
2608 1077 2678 1131 ad
2720 1085 2881 1131 cornu
2917 1078 3119 1132 altaris.
3163 1078 3318 1132 Alius
3361 1078 3628 1148 interpres

2007 1168 2084 1221 ait
2113 1185 2124 1219 :
2154 1166 2405 1239 Colligate
2422 1169 2487 1223 in
2511 1170 2694 1224 celebri
2713 1179 2968 1224 conventu
2986 1170 3264 1224 condensa.
3300 1171 3474 1237 Alius,
3503 1171 3630 1225 Alli-

2008 1267 2122 1328 gate
2150 1261 2338 1330 festum
2359 1262 2414 1314 in
2438 1261 2729 1332 pinguibus.
2757 1261 3121 1332 Apropbetia
3149 1277 3340 1317 rursus
3370 1262 3532 1318 rediit
3559 1262 3628 1317 ad

2009 1350 2309 1406 historiam.
2362 1353 2477 1407 Hoc
2514 1363 2597 1407 est
2631 1361 2813 1407 autem
2840 1355 2984 1423 quod
3012 1353 3183 1409 dicit:
3217 1352 3437 1408 FeStum
3464 1354 3626 1424 agite.

2009 1442 2318 1514 frequentes
2339 1446 2645 1501 convenite.
2670 1444 2809 1514 Quid
2830 1455 2914 1502 est
2934 1455 3137 1512 autem,
3168 1445 3472 1501 Constituite
3495 1446 3631 1499 diem

2007 1537 2287 1592 solemnem
2305 1538 2359 1592 in
2380 1539 2649 1593 condensis
2663 1538 2689 1591 ?
2716 1532 2920 1594 Ut‘vult
2937 1537 3153 1608 quidem
3177 1553 3316 1593 unus
3338 1538 3627 1607 interpres.

2009 1627 2316 1697 Sacri/irate
2342 1629 2643 1700 splendidas
2669 1630 2882 1686 hostias.
2909 1629 2983 1687 Ut
3011 1630 3150 1685 alius
3179 1637 3383 1696 autem,
3414 1627 3630 1684 Coronis

2008 1730 2056 1774 et
2077 1721 2238 1775 ramis
2257 1723 2504 1792 templum
2529 1723 2715 1794 cingite
2744 1722 2839 1794 (α).
2871 1721 3199 1778 Hebraicum
3229 1729 3410 1777 autem
3442 1721 3515 1776 ita
3545 1721 3630 1777 di-

2009 1811 2103 1876 cit,
2137 1811 2304 1868 Esrou
2338 1830 2406 1884 ag
2443 1814 2578 1868 baad
2616 1815 2855 1868 oththim.
2907 1814 3043 1870 Sive
3074 1812 3182 1869 hoc
3220 1828 3351 1886 ergo
3392 1813 3483 1879 sit,
3511 1814 3632 1870 sive

2009 1902 2168 1969 illud,
2193 1904 2459 1974 signiﬁcat
2484 1905 2704 1970 festum.
2747 1915 2803 1961 et
2845 1906 2990 1961 diem
3035 1905 3242 1972 laetum,
3274 1917 3328 1960 et
3355 1905 3628 1962 celebrem

2006 2003 2359 2051 conventum.
2407 1997 2453 2052 A
2496 1997 2868 2067 spiritualibus
2906 1998 3052 2053 enim
3100 1998 3399 2053 orationem
3443 2011 3632 2052 rursus

2011 2087 2256 2142 traduxit
2276 2087 2342 2142 ad
2371 2088 2611 2154 sensilia,
2638 2089 2694 2143 et
2719 2089 2968 2144 meminit
2993 2089 3210 2143 illorum
3237 2088 3463 2144 reditus.

2083 2179 2264 2234 Gratia
2284 2179 2394 2234 Deo
2423 2181 2624 2252 agenda
2661 2181 2814 2235 etiam
2839 2181 2951 2236 sine
2987 2181 3264 2250 beneﬁciis.
3282 2210 3355 2221 —
3374 2180 3466 2236 28.
3490 2178 3631 2235 Deus

2010 2287 2152 2325 meus
2172 2288 2222 2325 es
2247 2281 2322 2336 tu,
2355 2281 2402 2324 et
2431 2271 2710 2340 conﬁtebor
2733 2273 2827 2327 tibi
2855 2286 2878 2327 .'
2902 2271 3043 2327 Deus
3070 2289 3213 2326 meus
3242 2289 3294 2327 es
3319 2282 3394 2338 tu,
3413 2282 3463 2326 et
3487 2273 3632 2327 exal-

2011 2362 2128 2414 tabo
2154 2373 2219 2415 te.
2253 2363 2545 2431 Conﬁtebor
2574 2363 2663 2417 tibi
2689 2364 2932 2434 quoniam
2959 2364 3216 2419 exaudiui
3244 2380 3325 2418 me
3345 2404 3360 2428 ,
3387 2374 3434 2416 et
3464 2365 3631 2435 factus

2011 2471 2066 2508 es
2092 2453 2235 2510 mihi
2266 2455 2321 2508 in
2361 2457 2599 2510 salutem.
2643 2455 2743 2511 llic
2770 2456 3005 2510 ostendit
3033 2452 3431 2526 etiam'absque
3458 2456 3627 2511 bene-

2013 2547 2150 2602 ﬁciis
2178 2547 2291 2602 Deo
2310 2562 2433 2602 esse
2459 2547 2696 2618 agendas
2721 2550 2924 2617 gratias
2944 2589 2958 2612 ,
2989 2557 3045 2603 et
3070 2558 3292 2618 propter
3320 2548 3424 2602 hoc
3453 2548 3626 2617 ipsum

2009 2654 2134 2696 esse
2153 2640 2321 2710 gloria
2339 2648 2396 2695 et
2413 2639 2618 2694 honore
2638 2638 3003 2707 afﬁciendum,
3025 2650 3245 2709 propter
3265 2639 3625 2710 majestatem,

2013 2742 2234 2804 propter
2254 2732 2631 2800 substantiam,
2652 2742 2875 2803 pr0pter
2893 2733 3121 2803 gloriam
3144 2732 3490 2790 ineffabilem.
3516 2732 3631 2789 Hoc

2011 2827 2160 2881 enim
2209 2827 2476 2898 significat
2495 2870 2510 2893 ,
2551 2837 2836 2898 postquam
2867 2827 3006 2883 dixit
3033 2827 3292 2884 beneﬁcia
3320 2829 3514 2899 quibus
3543 2839 3630 2884 est

2012 2918 2254 2986 allectus,
2294 2920 2374 2975 sic
2412 2921 2760 2992 subjungens.
2815 2921 2958 2976 Dicit
2994 2921 3138 2977 enim
3173 2939 3186 2975 :
3219 2923 3392 2976 Etiam
3424 2923 3630 2990 absque

2013 3010 2099 3066 his
2128 3027 2281 3082 agam
2307 3013 2542 3083 gratias,
2575 3023 2630 3067 et
2653 3014 2956 3069 conﬁtebor
2976 3056 2991 3079 ,
3026 3014 3169 3084 quod
3204 3015 3364 3069 talem
3397 3015 3626 3069 habeam

2015 3103 2327 3168 Dominum,
2359 3105 2498 3159 adeo
2528 3105 2718 3172 altum,
2747 3105 2885 3160 adeo
2913 3121 3186 3176 magnum,
3216 3117 3272 3160 et
3292 3107 3382 3176 qui
3420 3122 3521 3162 nec
3547 3108 3630 3160 vi-

2013 3194 2150 3257 deri,
2180 3211 2280 3250 nec
2306 3195 2694 3265 comprehendi
2733 3205 2931 3266 potest.
2974 3195 3108 3251 illud
3145 3197 3312 3262 enim,
3347 3197 3626 3263 Exaltabo,

2012 3287 2278 3356 signiﬁcat
2295 3287 2627 3358 gloriﬁcabo.
2656 3287 2747 3344 29.
2772 3286 3099 3356 Conﬁtemini
3126 3287 3365 3354 Domino,
3386 3291 3629 3360 quoniam

2012 3381 2195 3446 bonus,
2218 3383 2459 3448 quoniam
2479 3383 2533 3435 in
2549 3383 2794 3437 steculum
2812 3382 3161 3437 misericordia
3187 3384 3318 3454 ejus.
3351 3383 3468 3438 Non
3500 3385 3631 3440 satis

2013 3472 2176 3528 habet
2218 3473 2363 3544 quod
2407 3474 2522 3544 ipse
2572 3473 2679 3529 hoc
2721 3474 2881 3530 oﬂ'ert
2917 3473 3268 3541 sacrilicium,
3298 3475 3393 3532 sed
3434 3478 3630 3533 multos

2013 3570 2176 3623 etiam
2203 3577 2394 3634 vocat,
2425 3577 2483 3623 ut
2507 3568 2617 3624 sint
2645 3570 2780 3623 socii
2809 3577 2864 3624 et
2892 3571 3182 3641 participes
3209 3571 3382 3626 laudis
3414 3580 3470 3626 et
3504 3588 3632 3644 gra-

2011 3660 2208 3714 tiarum
2235 3659 2466 3714 actionis
2497 3678 2510 3714 :
2544 3668 2600 3715 et
2643 3659 2743 3714 Dei
2787 3660 3174 3732 benignitatem
3204 3662 3482 3733 praedicat,
3512 3663 3626 3734 ejus

2012 3753 2427 3823 perpetuitatem
2444 3761 2498 3808 et
2518 3753 2941 3824 magnitudinem
2959 3753 3160 3826 ubique
3172 3755 3472 3813 celebrans.
3492 3755 3626 3810 Cum

2013 3846 2132 3902 hazc
2161 3861 2291 3915 ergo
2319 3863 2419 3902 nos
2445 3862 2660 3918 quoque
2689 3848 2954 3914 sciamus,
2983 3863 3400 3920 permaneamus
3429 3851 3630 3920 gratias

2012 3948 2275 4008 perpetuo
2314 3947 2537 4010 agentes
2575 3938 2807 4011 benigno
2836 3940 2966 4006 Deo,
3003 3951 3059 3996 et
3098 3941 3205 3996 hoc
3246 3942 3296 3996 ei
3338 3941 3631 3997 oﬁ‘cramus

2011 4031 2356 4097 sacrificium,
2393 4041 2454 4086 ut
2481 4031 2622 4087 bona
2650 4034 2813 4090 etiam
2841 4033 3020 4089 futura
3045 4049 3472 4106 consequamur,
3498 4051 3626 4107 gra-

2013 4123 2084 4177 tia
2108 4131 2162 4177 et
2188 4123 2515 4194 benignitate
2536 4124 2748 4180 Domini
2773 4125 2942 4197 nostri
2963 4124 3090 4181 Jesu
3113 4124 3312 4181 Christi
3335 4143 3349 4179 :
3373 4141 3495 4180 cum
3522 4141 3630 4197 quo

2012 4213 2155 4267 Patri
2178 4214 2247 4267 sit
2267 4213 2433 4284 gloria
2455 4214 2614 4268 simul
2635 4229 2758 4270 cum
2780 4223 2967 4270 sancto
2992 4215 3218 4286 Spiritu,
3238 4233 3382 4273 nunc
3405 4229 3461 4273 et
3485 4232 3631 4280 sem-

2011 4319 2129 4376 per,
2157 4313 2211 4361 et
2238 4305 2293 4360 in
2319 4306 2515 4361 saecula
2543 4308 2889 4362 saeculorum.
2921 4310 3116 4364 Amen.

2502 4419 2570 4474 ιΝ
2605 4419 2932 4477 PSALMUM
2962 4419 3152 4477 CXIX.

2047 4512 2314 4568 Canticum
2340 4514 2615 4586 graduum.
2650 4516 2803 4570 Alius
2831 4517 3098 4579 interpres
3125 4517 3292 4585 dicit,
3322 4518 3589 4574 Canticum

2580 4612 2936 4662 ascensionum
2971 4607 3070 4680 (b).

2012 4703 2064 4758 1.
2082 4701 2162 4756 Ad
2177 4699 2459 4755 Dominum
2484 4716 2598 4754 cum
2625 4698 2900 4754 tribularer
2915 4699 3154 4763 clamavi,
3175 4711 3221 4758 et
3240 4705 3498 4758 exaudiuit
3529 4723 3626 4760 me.

2084 4819 2136 4871 1.
2169 4815 2434 4870 Graduum
2461 4815 2717 4868 canticum
2741 4821 2877 4868 unde
2902 4815 3116 4870 dictum.
3140 4848 3212 4858 -—
3241 4818 3482 4873 Aliorum
3513 4822 3633 4890 qui-

2010 4907 2133 4962 dem
2167 4907 2508 4962 Psalmdrum
2543 4907 2909 4976 unusquisque
2937 4911 3206 4976 propriam
3240 4908 3402 4966 habet
3431 4911 3628 4966 inscri-

1963 5035 1967 5038 -
2011 5002 2248 5071 ptioncm
2270 5043 2284 5065 ,
2323 5000 2411 5055 hic
2438 5010 2617 5056 autem
2648 5001 2830 5056 multis
2860 5003 3021 5057 simul
3059 5005 3364 5074 conjunctis
3390 5023 3495 5062 una
3531 5009 3631 5061 im-

2012 5095 2184 5163 posita
2213 5101 2296 5148 est
2325 5093 2633 5163 appellatio.
2669 5091 2941 5148 Canticum
2972 5095 3251 5165 graduum,
3275 5098 3378 5163 vel,
3405 5107 3461 5153 ut
3491 5099 3629 5156 alius

2011 5186 2151 5239 dixit
2203 5187 2508 5255 interpres,
2555 5186 2942 5241 Ascensionam.
2997 5180 3254 5244 Nonnulli
3302 5200 3482 5247 autem
3531 5209 3628 5250 ens

2010 5281 2171 5334 ctiam
2200 5281 2393 5350 gradus
2412 5279 2706 5350 appellant.
2737 5280 2804 5336 Et
2827 5296 3058 5351 quanam
3091 5283 3159 5338 de
3188 5299 3370 5350 causa,
3391 5285 3623 5355 inquies,

2074 5393 2147 5456 (rt)
2174 5403 2255 5444 Ha:
2279 5395 2717 5459 interpretationes
2737 5397 2922 5459 quinta}
2945 5395 3166 5448 fortasse.
3189 5407 3242 5449 et
3263 5408 3424 5452 sextae
3449 5403 3627 5452 Blitio.

2009 5470 2128 5506 num
2151 5463 2283 5506 sunt.
2307 5455 2434 5506 Vide
2459 5457 2508 5505 in
2532 5455 2767 5520 Hexaplis
2787 5458 2876 5508 hoc
2900 5458 3024 5508 loco.

2075 5525 2143 5585 (b)
2187 5524 2500 5576 Contulimus
2543 5539 2657 5574 cum
2697 5526 2879 5577 Codice
2917 5527 3042 5587 lleg.
3090 5527 3249 5584 2900,
3285 5528 3370 5587 qui
3411 5529 3613 5578 mendis

2007 5593 2196 5650 scatete
2245 5587 2501 5649 Interpres
2538 5600 2675 5650 vero,
2714 5587 2842 5648 apud
2887 5601 3040 5650 quem
3087 5588 3313 5650 legitur,
3356 5587 3610 5640 Cuntitum

2005 5647 2347 5712 ascensiOnum
2373 5647 2968 5712 (thﬁﬁ'téviﬁvaedastav)
2987 5687 3001 5702 .
3037 5658 3116 5698 est
3144 5647 3426 5702 Theodotin
3452 5667 3462 5699 :
3497 5652 3609 5701 vide

2009 5709 2058 5758 in
2085 5710 2328 5776 Hexaplis
2360 5709 2562 5776 nostris.
2607 5711 2768 5776 Hujus
2812 5709 2960 5776 porro
3005 5719 3060 5761 et
3093 5718 3424 5776 sequentium
3467 5715 3612 5762 Psal-

2007 5786 2202 5837 morum
2239 5771 2598 5837 interpretatio
2645 5771 2824 5821 Latina
2859 5773 3077 5837 habetur
3108 5771 3362 5825 inllodice
3389 5777 3607 5837 quodam

2006 5832 2360 5898 Qttoboniauo,
2381 5832 2530 5898 cujus
2553 5835 2660 5898 haec
2696 5841 2921 5898 estnota
2942 5835 2998 5883 Β.
3041 5836 3098 5898 Υ.
3128 5837 3205 5884 48.
3235 5832 3421 5898 incipit
3437 5850 3606 5886 auem

2005 5896 2113 5963 sic:
2146 5899 2264 5963 Cum
2286 5895 2464 5963 ceteri
2473 5894 2576 5958 fere
2593 5893 2779 5962 singuli
2806 5895 2992 5949 Psalmt'
3015 5895 3239 5963 singulas
3258 5893 3372 5949 suas
3390 5911 3610 5950 seorsum

2005 5956 2212 6009 habeant
2238 5955 2600 6023 inscriptiones,
2624 5955 2725 6011 etc.
