  <div class='ocr_page' id='page_1' title='image "/cluster/home/n/w/nwhite01/storage/ocr_20150623/55/ien.35556001660828/333.png"; bbox 0 0 4086 6444; ppageno 0'>
   <div class='ocr_carea' id='block_1_1' title="bbox 552 360 659 423">
    <p class='ocr_par' dir='ltr' id='par_1_1' title="bbox 552 360 659 423">
     <span class='ocr_line' id='line_1_1' title="bbox 552 360 659 423; baseline 0.009 0"><span class='ocrx_word' id='word_1_1' title='bbox 552 360 659 423; x_wconf 70' lang='lat'><strong>539</strong></span> 
     </span>
    </p>
   </div>
   <div class='ocr_carea' id='block_1_2' title="bbox 550 448 2156 553">
    <p class='ocr_par' dir='ltr' id='par_1_2' title="bbox 550 448 2156 553">
     <span class='ocr_line' id='line_1_2' title="bbox 550 448 2156 553; baseline -0.005 -18"><span class='ocrx_word' id='word_1_2' title='bbox 550 478 623 535; x_wconf 86' lang='lat' dir='ltr'><strong>ita</strong></span> <span class='ocrx_word' id='word_1_3' title='bbox 650 486 773 534; x_wconf 89' lang='lat' dir='ltr'><strong>sunt</strong></span> <span class='ocrx_word' id='word_1_4' title='bbox 800 448 1091 550; x_wconf 71' lang='lat' dir='ltr'><strong>appellati?</strong></span> <span class='ocrx_word' id='word_1_5' title='bbox 1122 474 1177 531; x_wconf 91' lang='lat' dir='ltr'><strong>Si</strong></span> <span class='ocrx_word' id='word_1_6' title='bbox 1202 473 1479 553; x_wconf 75' lang='lat' dir='ltr'><strong>historiam</strong></span> <span class='ocrx_word' id='word_1_7' title='bbox 1509 471 1721 544; x_wconf 83' lang='lat' dir='ltr'><strong>quidem</strong></span> <span class='ocrx_word' id='word_1_8' title='bbox 1744 483 1980 544; x_wconf 86' lang='lat' dir='ltr'><strong>spectes,</strong></span> <span class='ocrx_word' id='word_1_9' title='bbox 2002 488 2156 544; x_wconf 58' lang='lat' dir='ltr'><strong>quor</strong></span> 
     </span>
    </p>
   </div>
   <div class='ocr_carea' id='block_1_3' title="bbox 1260 354 3097 417">
    <p class='ocr_par' dir='ltr' id='par_1_3' title="bbox 1260 354 3097 417">
     <span class='ocr_line' id='line_1_3' title="bbox 1260 354 3097 417; baseline -0.001 -1"><span class='ocrx_word' id='word_1_10' title='bbox 1260 358 1319 417; x_wconf 87' lang='lat' dir='ltr'><strong>S.</strong></span> <span class='ocrx_word' id='word_1_11' title='bbox 1358 356 1640 416; x_wconf 81' lang='lat' dir='ltr'><strong>JOANNIS</strong></span> <span class='ocrx_word' id='word_1_12' title='bbox 1672 356 2153 416; x_wconf 70' lang='lat' dir='ltr'><strong>CIIRYSOSTOMI</strong></span> <span class='ocrx_word' id='word_1_13' title='bbox 2194 354 2514 412; x_wconf 77' lang='lat' dir='ltr'><strong>ARCHIEP.</strong></span> <span class='ocrx_word' id='word_1_14' title='bbox 2556 356 3097 415; x_wconf 79' lang='lat' dir='ltr'><strong>CUNSTANTINOP.</strong></span> 
     </span>
    </p>
   </div>
   <div class='ocr_carea' id='block_1_4' title="bbox 3744 367 3850 423">
    <p class='ocr_par' dir='ltr' id='par_1_4' title="bbox 3744 367 3850 423">
     <span class='ocr_line' id='line_1_4' title="bbox 3744 367 3850 423; baseline 0 0"><span class='ocrx_word' id='word_1_15' title='bbox 3744 367 3850 423; x_wconf 66' lang='grc' dir='ltr'><strong>διο</strong></span> 
     </span>
    </p>
   </div>
   <div class='ocr_carea' id='block_1_5' title="bbox 2251 468 3847 548">
    <p class='ocr_par' dir='ltr' id='par_1_5' title="bbox 2251 468 3847 548">
     <span class='ocr_line' id='line_1_5' title="bbox 2251 468 3847 548; baseline 0.006 -24"><span class='ocrx_word' id='word_1_16' title='bbox 2251 468 2326 524; x_wconf 79' lang='lat' dir='ltr'><strong>Ea</strong></span> <span class='ocrx_word' id='word_1_17' title='bbox 2357 469 2499 526; x_wconf 90' lang='lat' dir='ltr'><strong>enim</strong></span> <span class='ocrx_word' id='word_1_18' title='bbox 2539 478 2595 526; x_wconf 90' lang='lat' dir='ltr'><strong>et</strong></span> <span class='ocrx_word' id='word_1_19' title='bbox 2640 472 2889 527; x_wconf 75' lang='lat' dir='ltr'><strong>tutiorem</strong></span> <span class='ocrx_word' id='word_1_20' title='bbox 2926 472 3159 529; x_wconf 88' lang='lat' dir='ltr'><strong>reddunt</strong></span> <span class='ocrx_word' id='word_1_21' title='bbox 3199 487 3323 529; x_wconf 92' lang='lat' dir='ltr'><strong>eum</strong></span> <span class='ocrx_word' id='word_1_22' title='bbox 3353 474 3442 545; x_wconf 83' lang='lat' dir='ltr'><strong>qui</strong></span> <span class='ocrx_word' id='word_1_23' title='bbox 3483 475 3749 548; x_wconf 76' lang='lat' dir='ltr'><strong>possidet,</strong></span> <span class='ocrx_word' id='word_1_24' title='bbox 3792 491 3847 537; x_wconf 86' lang='lat' dir='ltr'><strong>et</strong></span> 
     </span>
    </p>
   </div>
   <div class='ocr_carea' id='block_1_6' title="bbox 548 558 3849 655">
    <p class='ocr_par' dir='ltr' id='par_1_6' title="bbox 548 558 3849 655">
     <span class='ocr_line' id='line_1_6' title="bbox 548 558 3849 655; baseline -0.003 -31"><span class='ocrx_word' id='word_1_25' title='bbox 548 570 691 625; x_wconf 82' lang='lat' dir='ltr'><strong>niam</strong></span> <span class='ocrx_word' id='word_1_26' title='bbox 718 570 1004 640; x_wconf 84' lang='lat' dir='ltr'><strong>loquuntur</strong></span> <span class='ocrx_word' id='word_1_27' title='bbox 1025 568 1095 624; x_wconf 91' lang='lat' dir='ltr'><strong>de</strong></span> <span class='ocrx_word' id='word_1_28' title='bbox 1120 558 1293 623; x_wconf 76' lang='lat' dir='ltr'><strong>reditu</strong></span> <span class='ocrx_word' id='word_1_29' title='bbox 1316 582 1381 622; x_wconf 90' lang='lat' dir='ltr'><strong>ex</strong></span> <span class='ocrx_word' id='word_1_30' title='bbox 1411 564 1707 638; x_wconf 82' lang='lat' dir='ltr'><strong>Babylone,</strong></span> <span class='ocrx_word' id='word_1_31' title='bbox 1734 574 1787 621; x_wconf 92' lang='lat' dir='ltr'><strong>et</strong></span> <span class='ocrx_word' id='word_1_32' title='bbox 1811 565 2138 635; x_wconf 70' lang='lat' dir='ltr'><strong>captivitatis</strong></span> <span class='ocrx_word' id='word_1_33' title='bbox 2249 577 2437 655; x_wconf 79' lang='lat' dir='ltr'><strong>preces</strong></span> <span class='ocrx_word' id='word_1_34' title='bbox 2464 563 2696 655; x_wconf 72' lang='lat' dir='ltr'><strong>reddunt</strong></span> <span class='ocrx_word' id='word_1_35' title='bbox 2730 564 3089 622; x_wconf 88' lang='lat' dir='ltr'><strong>sublimiores.</strong></span> <span class='ocrx_word' id='word_1_36' title='bbox 3110 565 3176 622; x_wconf 88' lang='lat' dir='ltr'><strong>Si</strong></span> <span class='ocrx_word' id='word_1_37' title='bbox 3207 568 3434 637; x_wconf 86' lang='lat' dir='ltr'><strong>teipsum</strong></span> <span class='ocrx_word' id='word_1_38' title='bbox 3462 570 3536 655; x_wconf 84' lang='lat' dir='ltr'><strong>ita</strong></span> <span class='ocrx_word' id='word_1_39' title='bbox 3560 584 3849 642; x_wconf 62' lang='lat' dir='ltr'><strong>compara-</strong></span> 
     </span>
    </p>
   </div>
   <div class='ocr_carea' id='block_1_7' title="bbox 544 651 3849 729">
    <p class='ocr_par' dir='ltr' id='par_1_7' title="bbox 544 651 3849 729">
     <span class='ocr_line' id='line_1_7' title="bbox 544 651 3849 729; baseline 0.005 -15"><span class='ocrx_word' id='word_1_40' title='bbox 544 675 667 729; x_wconf 71' lang='lat' dir='ltr'><strong>qua:</strong></span> <span class='ocrx_word' id='word_1_41' title='bbox 713 659 822 716; x_wconf 88' lang='lat' dir='ltr'><strong>illic</strong></span> <span class='ocrx_word' id='word_1_42' title='bbox 863 654 961 715; x_wconf 84' lang='lat' dir='ltr'><strong>fuit</strong></span> <span class='ocrx_word' id='word_1_43' title='bbox 1005 658 1331 714; x_wconf 77' lang='lat' dir='ltr'><strong>mentionem</strong></span> <span class='ocrx_word' id='word_1_44' title='bbox 1370 655 1569 713; x_wconf 86' lang='lat' dir='ltr'><strong>faciunt</strong></span> <span class='ocrx_word' id='word_1_45' title='bbox 1598 674 1612 712; x_wconf 85' lang='lat'><strong>:</strong></span> <span class='ocrx_word' id='word_1_46' title='bbox 1644 656 1738 712; x_wconf 87' lang='lat' dir='ltr'><strong>sed</strong></span> <span class='ocrx_word' id='word_1_47' title='bbox 1764 658 1809 711; x_wconf 95' lang='lat' dir='ltr'><strong>si</strong></span> <span class='ocrx_word' id='word_1_48' title='bbox 1836 670 1929 711; x_wconf 88' lang='lat' dir='ltr'><strong>eos</strong></span> <span class='ocrx_word' id='word_1_49' title='bbox 1954 651 2137 711; x_wconf 80' lang='lat' dir='ltr'><strong>sumas</strong></span> <span class='ocrx_word' id='word_1_50' title='bbox 2243 652 2385 707; x_wconf 62' lang='lat' dir='ltr'><strong>veris</strong></span> <span class='ocrx_word' id='word_1_51' title='bbox 2404 692 2419 717; x_wconf 76' lang='lat'><strong>.</strong></span> <span class='ocrx_word' id='word_1_52' title='bbox 2449 660 2504 707; x_wconf 70' lang='grc' dir='ltr'><strong>οι</strong></span> <span class='ocrx_word' id='word_1_53' title='bbox 2526 652 2691 708; x_wconf 72' lang='lat' dir='ltr'><strong>Deum</strong></span> <span class='ocrx_word' id='word_1_54' title='bbox 2717 667 2841 708; x_wconf 71' lang='lat' dir='ltr'><strong>cum</strong></span> <span class='ocrx_word' id='word_1_55' title='bbox 2872 654 2974 711; x_wconf 64' lang='lat' dir='ltr'><strong>hac</strong></span> <span class='ocrx_word' id='word_1_56' title='bbox 2999 665 3181 712; x_wconf 76' lang='grc' dir='ltr'><strong>ωεηιθ</strong></span> <span class='ocrx_word' id='word_1_57' title='bbox 3210 654 3511 727; x_wconf 53' lang='lat' dir='ltr'><strong>vocaveris;</strong></span> <span class='ocrx_word' id='word_1_58' title='bbox 3542 669 3595 717; x_wconf 75' lang='grc' dir='ltr'>ιε</span> <span class='ocrx_word' id='word_1_59' title='bbox 3623 664 3849 717; x_wconf 70' lang='lat' dir='ltr'><strong>omnino</strong></span> 
     </span>
    </p>
   </div>
   <div class='ocr_carea' id='block_1_8' title="bbox 542 738 2133 821">
    <p class='ocr_par' dir='ltr' id='par_1_8' title="bbox 542 738 2133 821">
     <span class='ocr_line' id='line_1_8' title="bbox 542 738 2133 821; baseline -0.001 -19"><span class='ocrx_word' id='word_1_60' title='bbox 542 738 852 820; x_wconf 50' lang='lat' dir='ltr'><strong>ana&#39;gogice,</strong></span> <span class='ocrx_word' id='word_1_61' title='bbox 893 742 1035 821; x_wconf 85' lang='lat' dir='ltr'><strong>quod</strong></span> <span class='ocrx_word' id='word_1_62' title='bbox 1060 748 1127 805; x_wconf 90' lang='lat' dir='ltr'><strong>ad</strong></span> <span class='ocrx_word' id='word_1_63' title='bbox 1163 750 1299 803; x_wconf 87' lang='lat' dir='ltr'><strong>viam</strong></span> <span class='ocrx_word' id='word_1_64' title='bbox 1332 749 1543 805; x_wconf 88' lang='lat' dir='ltr'><strong>virtutis</strong></span> <span class='ocrx_word' id='word_1_65' title='bbox 1582 747 1889 804; x_wconf 88' lang='lat' dir='ltr'><strong>deducant:</strong></span> <span class='ocrx_word' id='word_1_66' title='bbox 1917 748 2133 817; x_wconf 88' lang='lat' dir='ltr'><strong>quidam</strong></span> 
     </span>
    </p>
   </div>
   <div class='ocr_carea' id='block_1_9' title="bbox 542 838 2129 910">
    <p class='ocr_par' dir='ltr' id='par_1_9' title="bbox 542 838 2129 910">
     <span class='ocr_line' id='line_1_9' title="bbox 542 838 2129 910; baseline -0.003 -15"><span class='ocrx_word' id='word_1_67' title='bbox 542 840 686 895; x_wconf 84' lang='lat' dir='ltr'><strong>enim</strong></span> <span class='ocrx_word' id='word_1_68' title='bbox 710 854 823 895; x_wconf 85' lang='lat' dir='ltr'><strong>eos</strong></span> <span class='ocrx_word' id='word_1_69' title='bbox 859 840 932 894; x_wconf 86' lang='lat' dir='ltr'><strong>ita</strong></span> <span class='ocrx_word' id='word_1_70' title='bbox 970 848 1313 910; x_wconf 83' lang='lat' dir='ltr'><strong>acceperunt.</strong></span> <span class='ocrx_word' id='word_1_71' title='bbox 1358 839 1493 894; x_wconf 83' lang='lat' dir='ltr'><strong>Nam</strong></span> <span class='ocrx_word' id='word_1_72' title='bbox 1520 840 1604 893; x_wconf 87' lang='lat' dir='ltr'><strong>via</strong></span> <span class='ocrx_word' id='word_1_73' title='bbox 1645 850 1765 909; x_wconf 61' lang='lat' dir='ltr'><strong>qua:</strong></span> <span class='ocrx_word' id='word_1_74' title='bbox 1793 855 1858 894; x_wconf 91' lang='lat' dir='ltr'><strong>eo</strong></span> <span class='ocrx_word' id='word_1_75' title='bbox 1884 838 2129 901; x_wconf 85' lang='lat' dir='ltr'><strong>deducit,</strong></span> 
     </span>
    </p>
   </div>
   <div class='ocr_carea' id='block_1_10' title="bbox 540 923 2133 1002">
    <p class='ocr_par' dir='ltr' id='par_1_10' title="bbox 540 923 2133 1002">
     <span class='ocr_line' id='line_1_10' title="bbox 540 923 2133 1002; baseline -0.001 -19"><span class='ocrx_word' id='word_1_76' title='bbox 540 936 626 983; x_wconf 87' lang='lat' dir='ltr'><strong>est</strong></span> <span class='ocrx_word' id='word_1_77' title='bbox 648 928 847 985; x_wconf 84' lang='lat' dir='ltr'><strong>similis</strong></span> <span class='ocrx_word' id='word_1_78' title='bbox 865 929 1135 999; x_wconf 75' lang='lat' dir='ltr'><strong>gradibus,</strong></span> <span class='ocrx_word' id='word_1_79' title='bbox 1162 923 1333 985; x_wconf 86' lang='lat' dir='ltr'><strong>virum</strong></span> <span class='ocrx_word' id='word_1_80' title='bbox 1364 931 1559 1002; x_wconf 85' lang='lat' dir='ltr'><strong>virtute</strong></span> <span class='ocrx_word' id='word_1_81' title='bbox 1582 938 1635 984; x_wconf 93' lang='lat' dir='ltr'><strong>et</strong></span> <span class='ocrx_word' id='word_1_82' title='bbox 1661 929 1916 998; x_wconf 84' lang='lat' dir='ltr'><strong>sapientia</strong></span> <span class='ocrx_word' id='word_1_83' title='bbox 1941 929 2133 998; x_wconf 80' lang='lat' dir='ltr'><strong>praedi-</strong></span> 
     </span>
    </p>
   </div>
   <div class='ocr_carea' id='block_1_11' title="bbox 490 1018 2130 1091">
    <p class='ocr_par' dir='ltr' id='par_1_11' title="bbox 490 1018 2130 1091">
     <span class='ocr_line' id='line_1_11' title="bbox 490 1018 2130 1091; baseline -0.001 -15"><span class='ocrx_word' id='word_1_84' title='bbox 490 1051 499 1055; x_wconf 62' lang='grc' dir='ltr'><em>ο</em></span> <span class='ocrx_word' id='word_1_85' title='bbox 542 1031 652 1076; x_wconf 89' lang='lat' dir='ltr'><strong>tum</strong></span> <span class='ocrx_word' id='word_1_86' title='bbox 691 1022 943 1091; x_wconf 80' lang='lat' dir='ltr'><strong>paulatim</strong></span> <span class='ocrx_word' id='word_1_87' title='bbox 984 1022 1223 1078; x_wconf 85' lang='lat' dir='ltr'><strong>evehens</strong></span> <span class='ocrx_word' id='word_1_88' title='bbox 1264 1031 1318 1077; x_wconf 91' lang='lat' dir='ltr'><strong>et</strong></span> <span class='ocrx_word' id='word_1_89' title='bbox 1357 1022 1664 1087; x_wconf 76' lang='lat' dir='ltr'><strong>sustollens,</strong></span> <span class='ocrx_word' id='word_1_90' title='bbox 1691 1031 1746 1076; x_wconf 90' lang='lat' dir='ltr'><strong>et</strong></span> <span class='ocrx_word' id='word_1_91' title='bbox 1769 1037 1893 1077; x_wconf 92' lang='lat' dir='ltr'><strong>eum</strong></span> <span class='ocrx_word' id='word_1_92' title='bbox 1930 1022 1982 1075; x_wconf 91' lang='lat' dir='ltr'><strong>in</strong></span> <span class='ocrx_word' id='word_1_93' title='bbox 2014 1018 2130 1091; x_wconf 88' lang='lat' dir='ltr'><strong>ipso</strong></span> 
     </span>
    </p>
   </div>
   <div class='ocr_carea' id='block_1_12' title="bbox 511 1104 2126 1182">
    <p class='ocr_par' dir='ltr' id='par_1_12' title="bbox 511 1104 2126 1182">
     <span class='ocr_line' id='line_1_12' title="bbox 511 1104 2126 1182; baseline -0.001 -16"><span class='ocrx_word' id='word_1_94' title='bbox 511 1111 672 1166; x_wconf 66' lang='lat' dir='ltr'><strong>’cazlo</strong></span> <span class='ocrx_word' id='word_1_95' title='bbox 696 1121 956 1167; x_wconf 86' lang='lat' dir='ltr'><strong>statuens.</strong></span> <span class='ocrx_word' id='word_1_96' title='bbox 984 1112 1085 1166; x_wconf 84' lang='lat' dir='ltr'><strong>Alii</strong></span> <span class='ocrx_word' id='word_1_97' title='bbox 1119 1104 1298 1167; x_wconf 82' lang='lat' dir='ltr'><strong>autem</strong></span> <span class='ocrx_word' id='word_1_98' title='bbox 1324 1111 1507 1167; x_wconf 89' lang='lat' dir='ltr'><strong>dicunt</strong></span> <span class='ocrx_word' id='word_1_99' title='bbox 1534 1112 1773 1182; x_wconf 37' lang='lat' dir='ltr'><strong>per&#39;htec</strong></span> <span class='ocrx_word' id='word_1_100' title='bbox 1801 1111 2126 1167; x_wconf 86' lang='lat' dir='ltr'><strong>subindicari</strong></span> 
     </span>
    </p>
   </div>
   <div class='ocr_carea' id='block_1_13' title="bbox 540 1200 2126 1272">
    <p class='ocr_par' dir='ltr' id='par_1_13' title="bbox 540 1200 2126 1272">
     <span class='ocr_line' id='line_1_13' title="bbox 540 1200 2126 1272; baseline -0.001 -16"><span class='ocrx_word' id='word_1_101' title='bbox 540 1201 737 1256; x_wconf 82' lang='lat' dir='ltr'><strong>scalam</strong></span> <span class='ocrx_word' id='word_1_102' title='bbox 767 1200 933 1258; x_wconf 64' lang='lat' dir='ltr'><strong>Iacob</strong></span> <span class='ocrx_word' id='word_1_103' title='bbox 953 1242 970 1269; x_wconf 94' lang='lat'><strong>,</strong></span> <span class='ocrx_word' id='word_1_104' title='bbox 1010 1216 1129 1272; x_wconf 60' lang='lat' dir='ltr'><strong>quas</strong></span> <span class='ocrx_word' id='word_1_105' title='bbox 1167 1202 1267 1271; x_wconf 83' lang='lat' dir='ltr'><strong>ipsi</strong></span> <span class='ocrx_word' id='word_1_106' title='bbox 1297 1211 1509 1256; x_wconf 89' lang='lat' dir='ltr'><strong>ostensa</strong></span> <span class='ocrx_word' id='word_1_107' title='bbox 1539 1211 1621 1257; x_wconf 91' lang='lat' dir='ltr'><strong>est</strong></span> <span class='ocrx_word' id='word_1_108' title='bbox 1647 1201 1714 1256; x_wconf 91' lang='lat' dir='ltr'><strong>ad</strong></span> <span class='ocrx_word' id='word_1_109' title='bbox 1743 1202 1931 1257; x_wconf 83' lang='lat' dir='ltr'><strong>caelum</strong></span> <span class='ocrx_word' id='word_1_110' title='bbox 1959 1217 2126 1271; x_wconf 86' lang='lat' dir='ltr'><strong>usque</strong></span> 
     </span>
    </p>
   </div>
   <div class='ocr_carea' id='block_1_14' title="bbox 535 1293 2129 1365">
    <p class='ocr_par' dir='ltr' id='par_1_14' title="bbox 535 1293 2129 1365">
     <span class='ocr_line' id='line_1_14' title="bbox 535 1293 2129 1365; baseline -0.001 -18"><span class='ocrx_word' id='word_1_111' title='bbox 535 1293 863 1364; x_wconf 88' lang='lat' dir='ltr'><strong>pertingens.</strong></span> <span class='ocrx_word' id='word_1_112' title='bbox 895 1293 971 1349; x_wconf 83' lang='lat' dir='ltr'><strong>lla</strong></span> <span class='ocrx_word' id='word_1_113' title='bbox 996 1294 1154 1348; x_wconf 90' lang='lat' dir='ltr'><strong>etiam</strong></span> <span class='ocrx_word' id='word_1_114' title='bbox 1174 1293 1425 1365; x_wconf 75' lang='lat' dir='ltr'><strong>gradibus</strong></span> <span class='ocrx_word' id='word_1_115' title='bbox 1453 1304 1507 1350; x_wconf 90' lang='lat' dir='ltr'><strong>et</strong></span> <span class='ocrx_word' id='word_1_116' title='bbox 1533 1293 1690 1350; x_wconf 87' lang='lat' dir='ltr'><strong>scalis</strong></span> <span class='ocrx_word' id='word_1_117' title='bbox 1714 1294 1986 1364; x_wconf 80' lang='lat' dir='ltr'><strong>subjectis,</strong></span> <span class='ocrx_word' id='word_1_118' title='bbox 2008 1294 2129 1349; x_wconf 87' lang='lat' dir='ltr'><strong>loca</strong></span> 
     </span>
    </p>
   </div>
   <div class='ocr_carea' id='block_1_15' title="bbox 532 1383 2124 1457">
    <p class='ocr_par' dir='ltr' id='par_1_15' title="bbox 532 1383 2124 1457">
     <span class='ocr_line' id='line_1_15' title="bbox 532 1383 2124 1457; baseline -0.001 -16"><span class='ocrx_word' id='word_1_119' title='bbox 532 1383 600 1441; x_wconf 90' lang='lat' dir='ltr'><strong>ad</strong></span> <span class='ocrx_word' id='word_1_120' title='bbox 626 1401 745 1457; x_wconf 66' lang='lat' dir='ltr'><strong>qua</strong></span> <span class='ocrx_word' id='word_1_121' title='bbox 771 1400 878 1440; x_wconf 91' lang='lat' dir='ltr'><strong>non</strong></span> <span class='ocrx_word' id='word_1_122' title='bbox 902 1394 1041 1456; x_wconf 89' lang='lat' dir='ltr'><strong>patet</strong></span> <span class='ocrx_word' id='word_1_123' title='bbox 1060 1385 1256 1451; x_wconf 89' lang='lat' dir='ltr'><strong>aditus,</strong></span> <span class='ocrx_word' id='word_1_124' title='bbox 1278 1394 1332 1442; x_wconf 88' lang='lat' dir='ltr'><strong>et</strong></span> <span class='ocrx_word' id='word_1_125' title='bbox 1351 1402 1469 1457; x_wconf 68' lang='lat' dir='ltr'><strong>quae</strong></span> <span class='ocrx_word' id='word_1_126' title='bbox 1492 1395 1617 1441; x_wconf 89' lang='lat' dir='ltr'><strong>sunt</strong></span> <span class='ocrx_word' id='word_1_127' title='bbox 1639 1386 1950 1449; x_wconf 79' lang='lat' dir='ltr'><strong>excelsiora,</strong></span> <span class='ocrx_word' id='word_1_128' title='bbox 1972 1385 2124 1440; x_wconf 87' lang='lat' dir='ltr'><strong>adire</strong></span> 
     </span>
    </p>
   </div>
   <div class='ocr_carea' id='block_1_16' title="bbox 533 1473 2121 1548">
    <p class='ocr_par' dir='ltr' id='par_1_16' title="bbox 533 1473 2121 1548">
     <span class='ocr_line' id='line_1_16' title="bbox 533 1473 2121 1548; baseline -0.001 -15"><span class='ocrx_word' id='word_1_129' title='bbox 533 1473 774 1547; x_wconf 70' lang='lat' dir='ltr'><strong>possunt.</strong></span> <span class='ocrx_word' id='word_1_130' title='bbox 804 1478 1063 1546; x_wconf 84' lang='lat' dir='ltr'><strong>Quoniam</strong></span> <span class='ocrx_word' id='word_1_131' title='bbox 1082 1488 1258 1535; x_wconf 86' lang='lat' dir='ltr'><strong>autem</strong></span> <span class='ocrx_word' id='word_1_132' title='bbox 1281 1493 1375 1534; x_wconf 87' lang='lat' dir='ltr'><strong>eos</strong></span> <span class='ocrx_word' id='word_1_133' title='bbox 1394 1478 1483 1548; x_wconf 91' lang='lat' dir='ltr'><strong>qui</strong></span> <span class='ocrx_word' id='word_1_134' title='bbox 1507 1478 2121 1548; x_wconf 55' lang='lat' dir='ltr'><strong>ascenduntgpostquam</strong></span> 
     </span>
    </p>
   </div>
   <div class='ocr_carea' id='block_1_17' title="bbox 531 1563 2129 1641">
    <p class='ocr_par' dir='ltr' id='par_1_17' title="bbox 531 1563 2129 1641">
     <span class='ocr_line' id='line_1_17' title="bbox 531 1563 2129 1641; baseline 0.001 -18"><span class='ocrx_word' id='word_1_135' title='bbox 531 1568 585 1623; x_wconf 92' lang='lat' dir='ltr'><strong>in</strong></span> <span class='ocrx_word' id='word_1_136' title='bbox 606 1568 768 1636; x_wconf 82' lang='lat' dir='ltr'><strong>altum</strong></span> <span class='ocrx_word' id='word_1_137' title='bbox 790 1572 965 1625; x_wconf 78' lang='lat' dir='ltr'><strong>evecti</strong></span> <span class='ocrx_word' id='word_1_138' title='bbox 992 1571 1206 1638; x_wconf 80' lang='lat' dir='ltr'><strong>fuerint,</strong></span> <span class='ocrx_word' id='word_1_139' title='bbox 1229 1571 1461 1641; x_wconf 74' lang='lat' dir='ltr'><strong>caligare</strong></span> <span class='ocrx_word' id='word_1_140' title='bbox 1482 1584 1702 1628; x_wconf 87' lang='lat' dir='ltr'><strong>necesse</strong></span> <span class='ocrx_word' id='word_1_141' title='bbox 1717 1578 1820 1635; x_wconf 89' lang='lat' dir='ltr'><strong>est,</strong></span> <span class='ocrx_word' id='word_1_142' title='bbox 1842 1563 2129 1640; x_wconf 83' lang='lat' dir='ltr'><strong>propterea</strong></span> 
     </span>
    </p>
   </div>
   <div class='ocr_carea' id='block_1_18' title="bbox 534 1660 2118 1731">
    <p class='ocr_par' dir='ltr' id='par_1_18' title="bbox 534 1660 2118 1731">
     <span class='ocr_line' id='line_1_18' title="bbox 534 1660 2118 1731; baseline 0.001 -18"><span class='ocrx_word' id='word_1_143' title='bbox 534 1673 640 1713; x_wconf 92' lang='lat' dir='ltr'><strong>non</strong></span> <span class='ocrx_word' id='word_1_144' title='bbox 684 1674 778 1715; x_wconf 89' lang='lat' dir='ltr'><strong>eos</strong></span> <span class='ocrx_word' id='word_1_145' title='bbox 820 1660 989 1715; x_wconf 87' lang='lat' dir='ltr'><strong>solum</strong></span> <span class='ocrx_word' id='word_1_146' title='bbox 1015 1661 1108 1730; x_wconf 89' lang='lat' dir='ltr'><strong>qui</strong></span> <span class='ocrx_word' id='word_1_147' title='bbox 1136 1660 1465 1727; x_wconf 87' lang='lat' dir='ltr'><strong>ascendunt,</strong></span> <span class='ocrx_word' id='word_1_148' title='bbox 1496 1660 1592 1716; x_wconf 90' lang='lat' dir='ltr'><strong>sed</strong></span> <span class='ocrx_word' id='word_1_149' title='bbox 1621 1676 1714 1716; x_wconf 88' lang='lat' dir='ltr'><strong>eos</strong></span> <span class='ocrx_word' id='word_1_150' title='bbox 1743 1662 1906 1715; x_wconf 90' lang='lat' dir='ltr'><strong>etiam</strong></span> <span class='ocrx_word' id='word_1_151' title='bbox 1934 1661 2021 1731; x_wconf 90' lang='lat' dir='ltr'><strong>qui</strong></span> <span class='ocrx_word' id='word_1_152' title='bbox 2052 1660 2118 1715; x_wconf 84' lang='lat' dir='ltr'><strong>ad</strong></span> 
     </span>
    </p>
   </div>
   <div class='ocr_carea' id='block_1_19' title="bbox 530 1742 2120 1822">
    <p class='ocr_par' dir='ltr' id='par_1_19' title="bbox 530 1742 2120 1822">
     <span class='ocr_line' id='line_1_19' title="bbox 530 1742 2120 1822; baseline 0.003 -21"><span class='ocrx_word' id='word_1_153' title='bbox 530 1747 703 1817; x_wconf 87' lang='lat' dir='ltr'><strong>ipsum</strong></span> <span class='ocrx_word' id='word_1_154' title='bbox 728 1764 985 1806; x_wconf 86' lang='lat' dir='ltr'><strong>cacumen</strong></span> <span class='ocrx_word' id='word_1_155' title='bbox 1017 1762 1392 1821; x_wconf 88' lang='lat' dir='ltr'><strong>pervenerunt,</strong></span> <span class='ocrx_word' id='word_1_156' title='bbox 1415 1761 1633 1822; x_wconf 89' lang='lat' dir='ltr'><strong>accepta</strong></span> <span class='ocrx_word' id='word_1_157' title='bbox 1658 1742 1905 1808; x_wconf 83' lang='lat' dir='ltr'><strong>cautione</strong></span> <span class='ocrx_word' id='word_1_158' title='bbox 1922 1752 2120 1807; x_wconf 83' lang='lat' dir='ltr'><strong>c0ntir-</strong></span> 
     </span>
    </p>
   </div>
   <div class='ocr_carea' id='block_1_20' title="bbox 527 1826 2117 1915">
    <p class='ocr_par' dir='ltr' id='par_1_20' title="bbox 527 1826 2117 1915">
     <span class='ocr_line' id='line_1_20' title="bbox 527 1826 2117 1915; baseline 0.004 -22"><span class='ocrx_word' id='word_1_159' title='bbox 527 1840 662 1894; x_wconf 88' lang='lat' dir='ltr'><strong>mari</strong></span> <span class='ocrx_word' id='word_1_160' title='bbox 690 1826 920 1910; x_wconf 82' lang='lat' dir='ltr'><strong>oportet.</strong></span> <span class='ocrx_word' id='word_1_161' title='bbox 952 1841 1069 1898; x_wconf 88' lang='lat' dir='ltr'><strong>Una</strong></span> <span class='ocrx_word' id='word_1_162' title='bbox 1109 1853 1193 1898; x_wconf 74' lang='lat' dir='ltr'><strong>est</strong></span> <span class='ocrx_word' id='word_1_163' title='bbox 1231 1852 1409 1899; x_wconf 88' lang='lat' dir='ltr'><strong>autem</strong></span> <span class='ocrx_word' id='word_1_164' title='bbox 1448 1844 1740 1910; x_wconf 82' lang='lat' dir='ltr'><strong>securitas,</strong></span> <span class='ocrx_word' id='word_1_165' title='bbox 1770 1844 1982 1915; x_wconf 89' lang='lat' dir='ltr'><strong>quando</strong></span> <span class='ocrx_word' id='word_1_166' title='bbox 2011 1858 2117 1899; x_wconf 88' lang='lat' dir='ltr'><strong>non</strong></span> 
     </span>
    </p>
   </div>
   <div class='ocr_carea' id='block_1_21' title="bbox 527 1928 2117 2009">
    <p class='ocr_par' dir='ltr' id='par_1_21' title="bbox 527 1928 2117 2009">
     <span class='ocr_line' id='line_1_21' title="bbox 527 1928 2117 2009; baseline 0.006 -25"><span class='ocrx_word' id='word_1_167' title='bbox 527 1939 779 1999; x_wconf 85' lang='lat' dir='ltr'><strong>quantum</strong></span> <span class='ocrx_word' id='word_1_168' title='bbox 807 1928 1145 1989; x_wconf 81' lang='lat' dir='ltr'><strong>ascendimus</strong></span> <span class='ocrx_word' id='word_1_169' title='bbox 1175 1936 1584 2006; x_wconf 81' lang='lat' dir='ltr'><strong>respexerimus,</strong></span> <span class='ocrx_word' id='word_1_170' title='bbox 1615 1938 1686 1991; x_wconf 91' lang='lat' dir='ltr'><strong>ita</strong></span> <span class='ocrx_word' id='word_1_171' title='bbox 1714 1944 1771 1999; x_wconf 88' lang='lat' dir='ltr'><strong>ut</strong></span> <span class='ocrx_word' id='word_1_172' title='bbox 1793 1937 2037 2009; x_wconf 79' lang='lat' dir='ltr'><strong>superbae</strong></span> <span class='ocrx_word' id='word_1_173' title='bbox 2061 1947 2117 1993; x_wconf 90' lang='lat' dir='ltr'><strong>et</strong></span> 
     </span>
    </p>
   </div>
   <div class='ocr_carea' id='block_1_22' title="bbox 527 2016 2114 2097">
    <p class='ocr_par' dir='ltr' id='par_1_22' title="bbox 527 2016 2114 2097">
     <span class='ocr_line' id='line_1_22' title="bbox 527 2016 2114 2097; baseline 0.004 -22"><span class='ocrx_word' id='word_1_174' title='bbox 527 2016 682 2075; x_wconf 64' lang='lat' dir='ltr'><strong>elata:</strong></span> <span class='ocrx_word' id='word_1_175' title='bbox 728 2024 920 2078; x_wconf 88' lang='lat' dir='ltr'><strong>mentis</strong></span> <span class='ocrx_word' id='word_1_176' title='bbox 963 2024 1251 2080; x_wconf 90' lang='lat' dir='ltr'><strong>evadamus</strong></span> <span class='ocrx_word' id='word_1_177' title='bbox 1280 2043 1294 2080; x_wconf 88' lang='lat'><strong>:</strong></span> <span class='ocrx_word' id='word_1_178' title='bbox 1322 2026 1415 2081; x_wconf 87' lang='lat' dir='ltr'><strong>sed</strong></span> <span class='ocrx_word' id='word_1_179' title='bbox 1452 2035 1705 2097; x_wconf 91' lang='lat' dir='ltr'><strong>quantum</strong></span> <span class='ocrx_word' id='word_1_180' title='bbox 1733 2034 1901 2081; x_wconf 86' lang='lat' dir='ltr'><strong>restat</strong></span> <span class='ocrx_word' id='word_1_181' title='bbox 1922 2042 2114 2083; x_wconf 85' lang='lat' dir='ltr'><strong>ascen-</strong></span> 
     </span>
    </p>
   </div>
   <div class='ocr_carea' id='block_1_23' title="bbox 526 2110 2115 2197">
    <p class='ocr_par' dir='ltr' id='par_1_23' title="bbox 526 2110 2115 2197">
     <span class='ocr_line' id='line_1_23' title="bbox 526 2110 2115 2197; baseline 0.005 -33"><span class='ocrx_word' id='word_1_182' title='bbox 526 2110 778 2177; x_wconf 88' lang='lat' dir='ltr'><strong>dendum,</strong></span> <span class='ocrx_word' id='word_1_183' title='bbox 811 2115 1101 2183; x_wconf 85' lang='lat' dir='ltr'><strong>conspicati</strong></span> <span class='ocrx_word' id='word_1_184' title='bbox 1150 2116 1404 2171; x_wconf 78' lang='lat' dir='ltr'><strong>fuerimus</strong></span> <span class='ocrx_word' id='word_1_185' title='bbox 1426 2159 1441 2183; x_wconf 94' lang='lat'><strong>,</strong></span> <span class='ocrx_word' id='word_1_186' title='bbox 1473 2124 1529 2172; x_wconf 87' lang='lat' dir='ltr'><strong>et</strong></span> <span class='ocrx_word' id='word_1_187' title='bbox 1560 2117 1646 2197; x_wconf 74' lang='lat' dir='ltr'><strong>ad</strong></span> <span class='ocrx_word' id='word_1_188' title='bbox 1668 2117 1798 2172; x_wconf 92' lang='lat' dir='ltr'><strong>illud</strong></span> <span class='ocrx_word' id='word_1_189' title='bbox 1827 2118 2115 2194; x_wconf 73' lang='lat' dir='ltr'><strong>tetenderi-</strong></span> 
     </span>
    </p>
   </div>
   <div class='ocr_carea' id='block_1_24' title="bbox 526 2202 2113 2281">
    <p class='ocr_par' dir='ltr' id='par_1_24' title="bbox 526 2202 2113 2281">
     <span class='ocr_line' id='line_1_24' title="bbox 526 2202 2113 2281; baseline 0.004 -26"><span class='ocrx_word' id='word_1_190' title='bbox 526 2216 663 2256; x_wconf 91' lang='lat' dir='ltr'><strong>mus.</strong></span> <span class='ocrx_word' id='word_1_191' title='bbox 693 2202 846 2269; x_wconf 85' lang='lat' dir='ltr'><strong>Quod</strong></span> <span class='ocrx_word' id='word_1_192' title='bbox 875 2206 1036 2260; x_wconf 84' lang='lat' dir='ltr'><strong>etiam</strong></span> <span class='ocrx_word' id='word_1_193' title='bbox 1064 2205 1258 2261; x_wconf 84' lang='lat' dir='ltr'><strong>Paulus</strong></span> <span class='ocrx_word' id='word_1_194' title='bbox 1284 2206 1611 2281; x_wconf 78' lang='lat' dir='ltr'><strong>significans,</strong></span> <span class='ocrx_word' id='word_1_195' title='bbox 1634 2207 1847 2263; x_wconf 83' lang='lat' dir='ltr'><strong>dicebat</strong></span> <span class='ocrx_word' id='word_1_196' title='bbox 1874 2228 1885 2263; x_wconf 91' lang='lat'><strong>:</strong></span> <span class='ocrx_word' id='word_1_197' title='bbox 1919 2207 2113 2262; x_wconf 85' lang='lat' dir='ltr'><strong>Eorum</strong></span> 
     </span>
    </p>
   </div>
   <div class='ocr_carea' id='block_1_25' title="bbox 524 2291 2109 2362">
    <p class='ocr_par' dir='ltr' id='par_1_25' title="bbox 524 2291 2109 2362">
     <span class='ocr_line' id='line_1_25' title="bbox 524 2291 2109 2362; baseline 0.005 -16"><span class='ocrx_word' id='word_1_198' title='bbox 524 2308 638 2362; x_wconf 77' lang='lat' dir='ltr'><strong>qua:</strong></span> <span class='ocrx_word' id='word_1_199' title='bbox 654 2304 788 2348; x_wconf 86' lang='lat' dir='ltr'><strong>retro</strong></span> <span class='ocrx_word' id='word_1_200' title='bbox 813 2305 929 2349; x_wconf 84' lang='lat' dir='ltr'><strong>sunt</strong></span> <span class='ocrx_word' id='word_1_201' title='bbox 953 2296 1313 2362; x_wconf 79' lang='lat' dir='ltr'><strong>obliviscentes,</strong></span> <span class='ocrx_word' id='word_1_202' title='bbox 1345 2298 1412 2351; x_wconf 89' lang='lat' dir='ltr'><strong>ad</strong></span> <span class='ocrx_word' id='word_1_203' title='bbox 1440 2291 1695 2353; x_wconf 56' lang='lat' dir='ltr'><strong>anferiora</strong></span> <span class='ocrx_word' id='word_1_204' title='bbox 1717 2308 1885 2353; x_wconf 87' lang='lat' dir='ltr'><strong>autem</strong></span> <span class='ocrx_word' id='word_1_205' title='bbox 1906 2316 2109 2354; x_wconf 74' lang='lat' dir='ltr'><strong>noscat:-</strong></span> 
     </span>
    </p>
   </div>
   <div class='ocr_carea' id='block_1_26' title="bbox 524 2383 2112 2462">
    <p class='ocr_par' dir='ltr' id='par_1_26' title="bbox 524 2383 2112 2462">
     <span class='ocr_line' id='line_1_26' title="bbox 524 2383 2112 2462; baseline 0.008 -27"><span class='ocrx_word' id='word_1_206' title='bbox 524 2383 777 2440; x_wconf 80' lang='lat' dir='ltr'><strong>tendentes</strong></span> <span class='ocrx_word' id='word_1_207' title='bbox 816 2384 1090 2459; x_wconf 77' lang='lat' dir='ltr'><strong>(Philipp.</strong></span> <span class='ocrx_word' id='word_1_208' title='bbox 1118 2388 1170 2442; x_wconf 80' lang='lat'><strong>5.</strong></span> <span class='ocrx_word' id='word_1_209' title='bbox 1200 2390 1267 2444; x_wconf 79' lang='lat' dir='ltr'><strong>i3</strong></span> <span class='ocrx_word' id='word_1_210' title='bbox 1287 2388 1329 2460; x_wconf 93' lang='lat'><strong>).</strong></span> <span class='ocrx_word' id='word_1_211' title='bbox 1373 2389 1443 2445; x_wconf 91' lang='lat' dir='ltr'><strong>Et</strong></span> <span class='ocrx_word' id='word_1_212' title='bbox 1467 2401 1550 2445; x_wconf 90' lang='lat' dir='ltr'><strong>est</strong></span> <span class='ocrx_word' id='word_1_213' title='bbox 1582 2392 1695 2446; x_wconf 68' lang='lat' dir='ltr'><strong>haec</strong></span> <span class='ocrx_word' id='word_1_214' title='bbox 1722 2394 1939 2462; x_wconf 91' lang='lat' dir='ltr'><strong>quidem</strong></span> <span class='ocrx_word' id='word_1_215' title='bbox 1975 2395 2112 2447; x_wconf 81' lang='lat' dir='ltr'><strong>ratio</strong></span> 
     </span>
    </p>
   </div>
   <div class='ocr_carea' id='block_1_27' title="bbox 521 2478 2112 2551">
    <p class='ocr_par' dir='ltr' id='par_1_27' title="bbox 521 2478 2112 2551">
     <span class='ocr_line' id='line_1_27' title="bbox 521 2478 2112 2551; baseline 0.006 -23"><span class='ocrx_word' id='word_1_216' title='bbox 521 2488 788 2547; x_wconf 83' lang='lat' dir='ltr'><strong>anagoges</strong></span> <span class='ocrx_word' id='word_1_217' title='bbox 814 2494 824 2528; x_wconf 94' lang='lat'>:</span> <span class='ocrx_word' id='word_1_218' title='bbox 856 2492 954 2531; x_wconf 91' lang='lat' dir='ltr'><strong>nos</strong></span> <span class='ocrx_word' id='word_1_219' title='bbox 977 2488 1153 2533; x_wconf 87' lang='lat' dir='ltr'><strong>autem</strong></span> <span class='ocrx_word' id='word_1_220' title='bbox 1185 2478 1458 2551; x_wconf 86' lang='lat' dir='ltr'><strong>deinceps,</strong></span> <span class='ocrx_word' id='word_1_221' title='bbox 1483 2480 1527 2535; x_wconf 93' lang='lat' dir='ltr'><strong>si</strong></span> <span class='ocrx_word' id='word_1_222' title='bbox 1552 2481 1809 2547; x_wconf 89' lang='lat' dir='ltr'><strong>videatur,</strong></span> <span class='ocrx_word' id='word_1_223' title='bbox 1834 2484 2112 2538; x_wconf 85' lang='lat' dir='ltr'><strong>veniamus</strong></span> 
     </span>
    </p>
   </div>
   <div class='ocr_carea' id='block_1_28' title="bbox 520 2564 2110 2642">
    <p class='ocr_par' dir='ltr' id='par_1_28' title="bbox 520 2564 2110 2642">
     <span class='ocr_line' id='line_1_28' title="bbox 520 2564 2110 2642; baseline 0.009 -24"><span class='ocrx_word' id='word_1_224' title='bbox 520 2565 589 2620; x_wconf 83' lang='lat' dir='ltr'><strong>ad</strong></span> <span class='ocrx_word' id='word_1_225' title='bbox 612 2566 907 2635; x_wconf 78' lang='lat' dir='ltr'><strong>historiam,</strong></span> <span class='ocrx_word' id='word_1_226' title='bbox 940 2578 993 2623; x_wconf 89' lang='lat' dir='ltr'><strong>et</strong></span> <span class='ocrx_word' id='word_1_227' title='bbox 1022 2569 1296 2625; x_wconf 86' lang='lat' dir='ltr'><strong>videamus</strong></span> <span class='ocrx_word' id='word_1_228' title='bbox 1335 2587 1429 2627; x_wconf 90' lang='lat' dir='ltr'><strong>eos</strong></span> <span class='ocrx_word' id='word_1_229' title='bbox 1462 2573 1551 2642; x_wconf 86' lang='lat' dir='ltr'><strong>qui</strong></span> <span class='ocrx_word' id='word_1_230' title='bbox 1597 2575 1808 2629; x_wconf 86' lang='lat' dir='ltr'><strong>fuerunt</strong></span> <span class='ocrx_word' id='word_1_231' title='bbox 1843 2564 2053 2631; x_wconf 81' lang='lat' dir='ltr'><strong>liberati</strong></span> <span class='ocrx_word' id='word_1_232' title='bbox 2079 2593 2110 2632; x_wconf 90' lang='lat' dir='ltr'><strong>a</strong></span> 
     </span>
    </p>
   </div>
   <div class='ocr_carea' id='block_1_29' title="bbox 521 2660 2110 2735">
    <p class='ocr_par' dir='ltr' id='par_1_29' title="bbox 521 2660 2110 2735">
     <span class='ocr_line' id='line_1_29' title="bbox 521 2660 2110 2735; baseline 0.007 -22"><span class='ocrx_word' id='word_1_233' title='bbox 521 2660 848 2727; x_wconf 80' lang='lat' dir='ltr'><strong>captivitate.</strong></span> <span class='ocrx_word' id='word_1_234' title='bbox 878 2662 1157 2730; x_wconf 86' lang='lat' dir='ltr'><strong>Quomodo</strong></span> <span class='ocrx_word' id='word_1_235' title='bbox 1186 2663 1348 2735; x_wconf 86' lang='lat' dir='ltr'><strong>igitur</strong></span> <span class='ocrx_word' id='word_1_236' title='bbox 1371 2681 1401 2718; x_wconf 93' lang='lat' dir='ltr'><strong>a</strong></span> <span class='ocrx_word' id='word_1_237' title='bbox 1422 2666 1729 2734; x_wconf 87' lang='lat' dir='ltr'><strong>captivitate</strong></span> <span class='ocrx_word' id='word_1_238' title='bbox 1761 2667 1966 2723; x_wconf 86' lang='lat' dir='ltr'><strong>liberati</strong></span> <span class='ocrx_word' id='word_1_239' title='bbox 1994 2668 2110 2724; x_wconf 82' lang='lat' dir='ltr'><strong>fue—</strong></span> 
     </span>
    </p>
   </div>
   <div class='ocr_carea' id='block_1_30' title="bbox 521 2752 2107 2833">
    <p class='ocr_par' dir='ltr' id='par_1_30' title="bbox 521 2752 2107 2833">
     <span class='ocr_line' id='line_1_30' title="bbox 521 2752 2107 2833; baseline 0.007 -28"><span class='ocrx_word' id='word_1_240' title='bbox 521 2752 684 2805; x_wconf 77' lang='lat' dir='ltr'><strong>runt?</strong></span> <span class='ocrx_word' id='word_1_241' title='bbox 713 2752 987 2809; x_wconf 88' lang='lat' dir='ltr'><strong>Desiderio</strong></span> <span class='ocrx_word' id='word_1_242' title='bbox 1015 2754 1468 2828; x_wconf 80' lang='lat' dir='ltr'><strong>Jerosolymorum</strong></span> <span class='ocrx_word' id='word_1_243' title='bbox 1500 2759 1518 2789; x_wconf 88' lang='grc'>¹</span> <span class='ocrx_word' id='word_1_244' title='bbox 1552 2776 1565 2812; x_wconf 88' lang='lat'><strong>:</strong></span> <span class='ocrx_word' id='word_1_245' title='bbox 1592 2773 1711 2813; x_wconf 89' lang='lat' dir='ltr'><strong>cum</strong></span> <span class='ocrx_word' id='word_1_246' title='bbox 1737 2770 1920 2815; x_wconf 86' lang='lat' dir='ltr'><strong>contra</strong></span> <span class='ocrx_word' id='word_1_247' title='bbox 1951 2755 1986 2816; x_wconf 86' lang='lat' dir='ltr'><strong>ii</strong></span> <span class='ocrx_word' id='word_1_248' title='bbox 2016 2763 2107 2833; x_wconf 86' lang='lat' dir='ltr'><strong>qui</strong></span> 
     </span>
    </p>
   </div>
   <div class='ocr_carea' id='block_1_31' title="bbox 521 2846 2106 2922">
    <p class='ocr_par' dir='ltr' id='par_1_31' title="bbox 521 2846 2106 2922">
     <span class='ocr_line' id='line_1_31' title="bbox 521 2846 2106 2922; baseline 0.009 -26"><span class='ocrx_word' id='word_1_249' title='bbox 521 2857 626 2897; x_wconf 89' lang='lat' dir='ltr'><strong>non</strong></span> <span class='ocrx_word' id='word_1_250' title='bbox 656 2846 769 2913; x_wconf 86' lang='lat' dir='ltr'><strong>pari</strong></span> <span class='ocrx_word' id='word_1_251' title='bbox 796 2846 973 2902; x_wconf 90' lang='lat' dir='ltr'><strong>studio</strong></span> <span class='ocrx_word' id='word_1_252' title='bbox 996 2858 1150 2902; x_wconf 87' lang='lat' dir='ltr'><strong>erant</strong></span> <span class='ocrx_word' id='word_1_253' title='bbox 1173 2848 1366 2914; x_wconf 81' lang='lat' dir='ltr'><strong>ali&#39;ecti,</strong></span> <span class='ocrx_word' id='word_1_254' title='bbox 1393 2865 1461 2904; x_wconf 92' lang='lat' dir='ltr'><strong>ex</strong></span> <span class='ocrx_word' id='word_1_255' title='bbox 1485 2850 1579 2906; x_wconf 86' lang='lat' dir='ltr'><strong>Dei</strong></span> <span class='ocrx_word' id='word_1_256' title='bbox 1599 2854 1766 2922; x_wconf 89' lang='lat' dir='ltr'><strong>gratia</strong></span> <span class='ocrx_word' id='word_1_257' title='bbox 1787 2854 1919 2911; x_wconf 91' lang='lat' dir='ltr'><strong>nihil</strong></span> <span class='ocrx_word' id='word_1_258' title='bbox 1948 2855 2106 2911; x_wconf 82' lang='lat' dir='ltr'><strong>lucri-</strong></span> 
     </span>
    </p>
   </div>
   <div class='ocr_carea' id='block_1_32' title="bbox 520 2928 2103 3007">
    <p class='ocr_par' dir='ltr' id='par_1_32' title="bbox 520 2928 2103 3007">
     <span class='ocr_line' id='line_1_32' title="bbox 520 2928 2103 3007; baseline 0.013 -24"><span class='ocrx_word' id='word_1_259' title='bbox 520 2928 761 2998; x_wconf 83' lang='lat' dir='ltr'><strong>fecerint,</strong></span> <span class='ocrx_word' id='word_1_260' title='bbox 790 2935 883 2989; x_wconf 88' lang='lat' dir='ltr'><strong>sed</strong></span> <span class='ocrx_word' id='word_1_261' title='bbox 911 2935 963 2990; x_wconf 90' lang='lat' dir='ltr'><strong>in</strong></span> <span class='ocrx_word' id='word_1_262' title='bbox 992 2948 1240 3007; x_wconf 68' lang='lat' dir='ltr'><strong>perpetua</strong></span> <span class='ocrx_word' id='word_1_263' title='bbox 1269 2939 1529 2995; x_wconf 86' lang='lat' dir='ltr'><strong>servitute</strong></span> <span class='ocrx_word' id='word_1_264' title='bbox 1554 2941 1680 2998; x_wconf 85' lang='lat' dir='ltr'><strong>dies.</strong></span> <span class='ocrx_word' id='word_1_265' title='bbox 1698 2957 1823 2998; x_wconf 89' lang='lat' dir='ltr'><strong>suos</strong></span> <span class='ocrx_word' id='word_1_266' title='bbox 1852 2946 2103 3007; x_wconf 85' lang='lat' dir='ltr'><strong>obierint.</strong></span> 
     </span>
    </p>
   </div>
   <div class='ocr_carea' id='block_1_33' title="bbox 517 3026 2102 3103">
    <p class='ocr_par' dir='ltr' id='par_1_33' title="bbox 517 3026 2102 3103">
     <span class='ocr_line' id='line_1_33' title="bbox 517 3026 2102 3103; baseline 0.011 -29"><span class='ocrx_word' id='word_1_267' title='bbox 517 3035 652 3090; x_wconf 88' lang='lat' dir='ltr'><strong>quos</strong></span> <span class='ocrx_word' id='word_1_268' title='bbox 682 3037 780 3079; x_wconf 88' lang='lat' dir='ltr'><strong>nos</strong></span> <span class='ocrx_word' id='word_1_269' title='bbox 806 3026 965 3080; x_wconf 91' lang='lat' dir='ltr'><strong>etiam</strong></span> <span class='ocrx_word' id='word_1_270' title='bbox 992 3027 1035 3081; x_wconf 90' lang='lat' dir='ltr'><strong>si</strong></span> <span class='ocrx_word' id='word_1_271' title='bbox 1068 3029 1334 3084; x_wconf 88' lang='lat' dir='ltr'><strong>imitemur</strong></span> <span class='ocrx_word' id='word_1_272' title='bbox 1359 3070 1374 3096; x_wconf 93' lang='lat'><strong>,</strong></span> <span class='ocrx_word' id='word_1_273' title='bbox 1404 3030 1637 3100; x_wconf 81' lang='lat' dir='ltr'><strong>idipsum</strong></span> <span class='ocrx_word' id='word_1_274' title='bbox 1667 3036 1872 3103; x_wconf 82' lang='lat' dir='ltr'><strong>passuri</strong></span> <span class='ocrx_word' id='word_1_275' title='bbox 1897 3051 2102 3091; x_wconf 87' lang='lat' dir='ltr'><strong>sumus.</strong></span> 
     </span>
    </p>
   </div>
   <div class='ocr_carea' id='block_1_34' title="bbox 518 3111 2107 3189">
    <p class='ocr_par' dir='ltr' id='par_1_34' title="bbox 518 3111 2107 3189">
     <span class='ocr_line' id='line_1_34' title="bbox 518 3111 2107 3189; baseline 0.012 -23"><span class='ocrx_word' id='word_1_276' title='bbox 518 3111 571 3167; x_wconf 87' lang='lat' dir='ltr'><strong>Si</strong></span> <span class='ocrx_word' id='word_1_277' title='bbox 597 3114 737 3170; x_wconf 87' lang='lat' dir='ltr'><strong>enim</strong></span> <span class='ocrx_word' id='word_1_278' title='bbox 766 3132 949 3172; x_wconf 84' lang='lat' dir='ltr'><strong>amore</strong></span> <span class='ocrx_word' id='word_1_279' title='bbox 974 3122 1262 3175; x_wconf 83' lang='lat' dir='ltr'><strong>caelestium</strong></span> <span class='ocrx_word' id='word_1_280' title='bbox 1284 3164 1300 3189; x_wconf 92' lang='lat'><strong>,</strong></span> <span class='ocrx_word' id='word_1_281' title='bbox 1327 3131 1382 3177; x_wconf 90' lang='lat' dir='ltr'><strong>et</strong></span> <span class='ocrx_word' id='word_1_282' title='bbox 1406 3123 1673 3180; x_wconf 82' lang='lat' dir='ltr'><strong>desiderio</strong></span> <span class='ocrx_word' id='word_1_283' title='bbox 1698 3129 1925 3182; x_wconf 58' lang='lat' dir='ltr'><strong>caelestis</strong></span> <span class='ocrx_word' id='word_1_284' title='bbox 1950 3127 2107 3184; x_wconf 86' lang='lat' dir='ltr'><strong>Jeru-</strong></span> 
     </span>
    </p>
   </div>
   <div class='ocr_carea' id='block_1_35' title="bbox 518 3202 2105 3288">
    <p class='ocr_par' dir='ltr' id='par_1_35' title="bbox 518 3202 2105 3288">
     <span class='ocr_line' id='line_1_35' title="bbox 518 3202 2105 3288; baseline 0.011 -32"><span class='ocrx_word' id='word_1_285' title='bbox 518 3202 682 3259; x_wconf 87' lang='lat' dir='ltr'><strong>salem</strong></span> <span class='ocrx_word' id='word_1_286' title='bbox 725 3221 832 3260; x_wconf 89' lang='lat' dir='ltr'><strong>non</strong></span> <span class='ocrx_word' id='word_1_287' title='bbox 866 3217 1162 3275; x_wconf 88' lang='lat' dir='ltr'><strong>teneamur,</strong></span> <span class='ocrx_word' id='word_1_288' title='bbox 1191 3212 1286 3266; x_wconf 90' lang='lat' dir='ltr'><strong>sed</strong></span> <span class='ocrx_word' id='word_1_289' title='bbox 1324 3213 1370 3267; x_wconf 88' lang='lat' dir='ltr'><strong>si</strong></span> <span class='ocrx_word' id='word_1_290' title='bbox 1415 3216 1662 3282; x_wconf 67' lang='lat' dir='ltr'><strong>praesenti</strong></span> <span class='ocrx_word' id='word_1_291' title='bbox 1690 3218 1810 3272; x_wconf 80' lang='lat' dir='ltr'><strong>vitae</strong></span> <span class='ocrx_word' id='word_1_292' title='bbox 1846 3230 2105 3288; x_wconf 89' lang='lat' dir='ltr'><strong>perpetuo</strong></span> 
     </span>
    </p>
   </div>
   <div class='ocr_carea' id='block_1_36' title="bbox 516 3292 2101 3377">
    <p class='ocr_par' dir='ltr' id='par_1_36' title="bbox 516 3292 2101 3377">
     <span class='ocr_line' id='line_1_36' title="bbox 516 3292 2101 3377; baseline 0.013 -32"><span class='ocrx_word' id='word_1_293' title='bbox 516 3292 836 3361; x_wconf 69' lang='lat' dir='ltr'><strong>haereamus,</strong></span> <span class='ocrx_word' id='word_1_294' title='bbox 862 3297 913 3351; x_wconf 89' lang='lat' dir='ltr'><strong>in</strong></span> <span class='ocrx_word' id='word_1_295' title='bbox 933 3313 1089 3354; x_wconf 72' lang='lat' dir='ltr'><strong>cinno</strong></span> <span class='ocrx_word' id='word_1_296' title='bbox 1108 3302 1444 3357; x_wconf 63' lang='lat' dir='ltr'><strong>saecularium</strong></span> <span class='ocrx_word' id='word_1_297' title='bbox 1465 3319 1715 3361; x_wconf 87' lang='lat' dir='ltr'><strong>curarum</strong></span> <span class='ocrx_word' id='word_1_298' title='bbox 1737 3309 1976 3377; x_wconf 88' lang='lat' dir='ltr'><strong>volutati,</strong></span> <span class='ocrx_word' id='word_1_299' title='bbox 1996 3326 2101 3365; x_wconf 93' lang='lat' dir='ltr'><strong>non</strong></span> 
     </span>
    </p>
   </div>
   <div class='ocr_carea' id='block_1_37' title="bbox 516 3384 1348 3459">
    <p class='ocr_par' dir='ltr' id='par_1_37' title="bbox 516 3384 1348 3459">
     <span class='ocr_line' id='line_1_37' title="bbox 516 3384 1348 3459; baseline 0.013 -23"><span class='ocrx_word' id='word_1_300' title='bbox 516 3384 807 3453; x_wconf 76' lang='lat' dir='ltr'><strong>poterimus</strong></span> <span class='ocrx_word' id='word_1_301' title='bbox 838 3390 1059 3455; x_wconf 86' lang='lat' dir='ltr'><strong>patriam</strong></span> <span class='ocrx_word' id='word_1_302' title='bbox 1089 3393 1348 3459; x_wconf 88' lang='lat' dir='ltr'><strong>recipere.</strong></span> 
     </span>
    </p>
   </div>
   <div class='ocr_carea' id='block_1_38' title="bbox 584 3474 2101 3552">
    <p class='ocr_par' dir='ltr' id='par_1_38' title="bbox 584 3474 2101 3552">
     <span class='ocr_line' id='line_1_38' title="bbox 584 3474 2101 3552; baseline 0.011 -25"><span class='ocrx_word' id='word_1_303' title='bbox 584 3474 875 3545; x_wconf 68' lang='lat' dir='ltr'><strong>Amictionis</strong></span> <span class='ocrx_word' id='word_1_304' title='bbox 917 3478 1151 3545; x_wconf 82' lang='lat' dir='ltr'><strong>lucrum;</strong></span> <span class='ocrx_word' id='word_1_305' title='bbox 1180 3482 1379 3552; x_wconf 72' lang='lat' dir='ltr'><strong>afﬂictio</strong></span> <span class='ocrx_word' id='word_1_306' title='bbox 1411 3486 1687 3540; x_wconf 70' lang='lat' dir='ltr'><strong>maximam</strong></span> <span class='ocrx_word' id='word_1_307' title='bbox 1728 3489 2101 3545; x_wconf 70' lang='lat' dir='ltr'><strong>excusationem</strong></span> 
     </span>
    </p>
   </div>
   <div class='ocr_carea' id='block_1_39' title="bbox 514 3564 2100 3647">
    <p class='ocr_par' dir='ltr' id='par_1_39' title="bbox 514 3564 2100 3647">
     <span class='ocr_line' id='line_1_39' title="bbox 514 3564 2100 3647; baseline 0.011 -31"><span class='ocrx_word' id='word_1_308' title='bbox 514 3564 681 3618; x_wconf 78' lang='lat' dir='ltr'><strong>liabet.</strong></span> <span class='ocrx_word' id='word_1_309' title='bbox 740 3595 815 3606; x_wconf 89' lang='lat'><strong>—-</strong></span> <span class='ocrx_word' id='word_1_310' title='bbox 852 3566 933 3620; x_wconf 81' lang='lat' dir='ltr'><strong>Ad</strong></span> <span class='ocrx_word' id='word_1_311' title='bbox 973 3567 1249 3624; x_wconf 84' lang='lat' dir='ltr'><strong>Dominum</strong></span> <span class='ocrx_word' id='word_1_312' title='bbox 1286 3589 1402 3626; x_wconf 85' lang='lat' dir='ltr'><strong>cum</strong></span> <span class='ocrx_word' id='word_1_313' title='bbox 1446 3575 1714 3630; x_wconf 84' lang='lat' dir='ltr'><strong>tribularer</strong></span> <span class='ocrx_word' id='word_1_314' title='bbox 1756 3578 1967 3632; x_wconf 80' lang='lat' dir='ltr'><strong>clamavi</strong></span> <span class='ocrx_word' id='word_1_315' title='bbox 1992 3621 2008 3647; x_wconf 88' lang='lat'><strong>,</strong></span> <span class='ocrx_word' id='word_1_316' title='bbox 2053 3590 2100 3634; x_wconf 84' lang='lat' dir='ltr'><strong>et</strong></span> 
     </span>
    </p>
   </div>
   <div class='ocr_carea' id='block_1_40' title="bbox 510 3654 2099 3725">
    <p class='ocr_par' dir='ltr' id='par_1_40' title="bbox 510 3654 2099 3725">
     <span class='ocr_line' id='line_1_40' title="bbox 510 3654 2099 3725; baseline 0.013 -20"><span class='ocrx_word' id='word_1_317' title='bbox 510 3654 766 3708; x_wconf 68' lang='lat' dir='ltr'><strong>exaudivit</strong></span> <span class='ocrx_word' id='word_1_318' title='bbox 802 3672 900 3711; x_wconf 80' lang='lat' dir='ltr'><strong>me.</strong></span> <span class='ocrx_word' id='word_1_319' title='bbox 943 3656 1131 3715; x_wconf 72' lang='lat' dir='ltr'><strong>Vidisti</strong></span> <span class='ocrx_word' id='word_1_320' title='bbox 1181 3662 1386 3718; x_wconf 89' lang='lat' dir='ltr'><strong>lucrum</strong></span> <span class='ocrx_word' id='word_1_321' title='bbox 1426 3663 1770 3721; x_wconf 88' lang='lat' dir='ltr'><strong>afllictionis?</strong></span> <span class='ocrx_word' id='word_1_322' title='bbox 1796 3670 1973 3725; x_wconf 88' lang='lat' dir='ltr'><strong>vidisti</strong></span> <span class='ocrx_word' id='word_1_323' title='bbox 2007 3680 2099 3725; x_wconf 78' lang='lat' dir='ltr'><strong>ee-</strong></span> 
     </span>
    </p>
   </div>
   <div class='ocr_carea' id='block_1_41' title="bbox 514 3744 2099 3831">
    <p class='ocr_par' dir='ltr' id='par_1_41' title="bbox 514 3744 2099 3831">
     <span class='ocr_line' id='line_1_41' title="bbox 514 3744 2099 3831; baseline 0.014 -33"><span class='ocrx_word' id='word_1_324' title='bbox 514 3744 775 3808; x_wconf 84' lang='lat' dir='ltr'><strong>leritatem</strong></span> <span class='ocrx_word' id='word_1_325' title='bbox 814 3749 1148 3806; x_wconf 67' lang='lat' dir='ltr'><strong>clementiae?</strong></span> <span class='ocrx_word' id='word_1_326' title='bbox 1186 3753 1414 3809; x_wconf 84' lang='lat' dir='ltr'><strong>Lucrum</strong></span> <span class='ocrx_word' id='word_1_327' title='bbox 1452 3755 1777 3826; x_wconf 83' lang='lat' dir='ltr'><strong>amictionis,</strong></span> <span class='ocrx_word' id='word_1_328' title='bbox 1822 3762 1965 3831; x_wconf 92' lang='lat' dir='ltr'><strong>quod</strong></span> <span class='ocrx_word' id='word_1_329' title='bbox 2006 3778 2099 3820; x_wconf 84' lang='lat' dir='ltr'><strong>eos</strong></span> 
     </span>
    </p>
   </div>
   <div class='ocr_carea' id='block_1_42' title="bbox 526 3837 2097 3910">
    <p class='ocr_par' dir='ltr' id='par_1_42' title="bbox 526 3837 2097 3910">
     <span class='ocr_line' id='line_1_42' title="bbox 526 3837 2097 3910; baseline 0.012 -21"><span class='ocrx_word' id='word_1_330' title='bbox 526 3837 577 3890; x_wconf 80' lang='lat' dir='ltr'><strong>id</strong></span> <span class='ocrx_word' id='word_1_331' title='bbox 610 3851 767 3905; x_wconf 84' lang='lat' dir='ltr'><strong>puras</strong></span> <span class='ocrx_word' id='word_1_332' title='bbox 792 3854 980 3910; x_wconf 85' lang='lat' dir='ltr'><strong>preces</strong></span> <span class='ocrx_word' id='word_1_333' title='bbox 1006 3841 1303 3899; x_wconf 86' lang='lat' dir='ltr'><strong>fundendas</strong></span> <span class='ocrx_word' id='word_1_334' title='bbox 1331 3846 1646 3903; x_wconf 84' lang='lat' dir='ltr'><strong>adduxerit:</strong></span> <span class='ocrx_word' id='word_1_335' title='bbox 1678 3850 1976 3907; x_wconf 72' lang='lat' dir='ltr'><strong>clementiae</strong></span> <span class='ocrx_word' id='word_1_336' title='bbox 2004 3869 2097 3908; x_wconf 90' lang='lat' dir='ltr'><strong>ce-</strong></span> 
     </span>
    </p>
   </div>
   <div class='ocr_carea' id='block_1_43' title="bbox 511 3926 2097 4015">
    <p class='ocr_par' dir='ltr' id='par_1_43' title="bbox 511 3926 2097 4015">
     <span class='ocr_line' id='line_1_43' title="bbox 511 3926 2097 4015; baseline 0.012 -33"><span class='ocrx_word' id='word_1_337' title='bbox 511 3926 796 4010; x_wconf 70' lang='lat' dir='ltr'><strong>leritatem,</strong></span> <span class='ocrx_word' id='word_1_338' title='bbox 823 3932 967 4001; x_wconf 89' lang='lat' dir='ltr'><strong>quod</strong></span> <span class='ocrx_word' id='word_1_339' title='bbox 993 3936 1307 4003; x_wconf 87' lang='lat' dir='ltr'><strong>vocantibus</strong></span> <span class='ocrx_word' id='word_1_340' title='bbox 1335 3939 1413 3991; x_wconf 91' lang='lat' dir='ltr'><strong>eis</strong></span> <span class='ocrx_word' id='word_1_341' title='bbox 1437 3941 1614 3994; x_wconf 81' lang='lat' dir='ltr'><strong>statim</strong></span> <span class='ocrx_word' id='word_1_342' title='bbox 1640 3944 1887 3998; x_wconf 88' lang='lat' dir='ltr'><strong>annuerit</strong></span> <span class='ocrx_word' id='word_1_343' title='bbox 1912 3962 1925 3998; x_wconf 91' lang='lat'><strong>:</strong></span> <span class='ocrx_word' id='word_1_344' title='bbox 1955 3946 2097 4015; x_wconf 90' lang='lat' dir='ltr'><strong>quod</strong></span> 
     </span>
    </p>
   </div>
   <div class='ocr_carea' id='block_1_44' title="bbox 510 4019 2097 4104">
    <p class='ocr_par' dir='ltr' id='par_1_44' title="bbox 510 4019 2097 4104">
     <span class='ocr_line' id='line_1_44' title="bbox 510 4019 2097 4104; baseline 0.014 -34"><span class='ocrx_word' id='word_1_345' title='bbox 510 4019 672 4073; x_wconf 86' lang='lat' dir='ltr'><strong>etiam</strong></span> <span class='ocrx_word' id='word_1_346' title='bbox 702 4021 849 4088; x_wconf 89' lang='lat' dir='ltr'><strong>prius</strong></span> <span class='ocrx_word' id='word_1_347' title='bbox 882 4022 1006 4080; x_wconf 73' lang='lat' dir='ltr'><strong>fecit</strong></span> <span class='ocrx_word' id='word_1_348' title='bbox 1048 4025 1114 4081; x_wconf 88' lang='lat' dir='ltr'><strong>iis</strong></span> <span class='ocrx_word' id='word_1_349' title='bbox 1155 4027 1244 4096; x_wconf 89' lang='lat' dir='ltr'><strong>qui</strong></span> <span class='ocrx_word' id='word_1_350' title='bbox 1296 4038 1449 4084; x_wconf 86' lang='lat' dir='ltr'><strong>erant</strong></span> <span class='ocrx_word' id='word_1_351' title='bbox 1476 4032 1528 4085; x_wconf 92' lang='lat' dir='ltr'><strong>in</strong></span> <span class='ocrx_word' id='word_1_352' title='bbox 1556 4031 1811 4104; x_wconf 64' lang='lat' dir='ltr'><strong>Egypto.</strong></span> <span class='ocrx_word' id='word_1_353' title='bbox 1863 4035 1933 4090; x_wconf 89' lang='lat' dir='ltr'><strong>Et</strong></span> <span class='ocrx_word' id='word_1_354' title='bbox 1976 4038 2097 4093; x_wconf 89' lang='lat' dir='ltr'><strong>ideo</strong></span> 
     </span>
    </p>
   </div>
   <div class='ocr_carea' id='block_1_45' title="bbox 510 4110 2097 4197">
    <p class='ocr_par' dir='ltr' id='par_1_45' title="bbox 510 4110 2097 4197">
     <span class='ocr_line' id='line_1_45' title="bbox 510 4110 2097 4197; baseline 0.011 -32"><span class='ocrx_word' id='word_1_355' title='bbox 510 4111 672 4177; x_wconf 84' lang='lat' dir='ltr'><strong>dicit,</strong></span> <span class='ocrx_word' id='word_1_356' title='bbox 712 4110 898 4169; x_wconf 85' lang='lat' dir='ltr'><strong>Videns</strong></span> <span class='ocrx_word' id='word_1_357' title='bbox 921 4116 1024 4170; x_wconf 76' lang='lat' dir='ltr'><strong>uidi</strong></span> <span class='ocrx_word' id='word_1_358' title='bbox 1049 4118 1365 4189; x_wconf 63' lang='lat' dir='ltr'><strong>aﬂictionem</strong></span> <span class='ocrx_word' id='word_1_359' title='bbox 1386 4124 1579 4193; x_wconf 83' lang='lat' dir='ltr'><strong>populi</strong></span> <span class='ocrx_word' id='word_1_360' title='bbox 1616 4126 1744 4193; x_wconf 86' lang='lat' dir='ltr'><strong>mei,</strong></span> <span class='ocrx_word' id='word_1_361' title='bbox 1774 4136 1818 4180; x_wconf 85' lang='lat' dir='ltr'><strong>et</strong></span> <span class='ocrx_word' id='word_1_362' title='bbox 1859 4129 2097 4197; x_wconf 81' lang='lat' dir='ltr'><strong>gemitum</strong></span> 
     </span>
    </p>
   </div>
   <div class='ocr_carea' id='block_1_46' title="bbox 507 4200 2090 4289">
    <p class='ocr_par' dir='ltr' id='par_1_46' title="bbox 507 4200 2090 4289">
     <span class='ocr_line' id='line_1_46' title="bbox 507 4200 2090 4289; baseline 0.01 -30"><span class='ocrx_word' id='word_1_363' title='bbox 507 4220 683 4260; x_wconf 74' lang='lat' dir='ltr'><strong>eorum</strong></span> <span class='ocrx_word' id='word_1_364' title='bbox 717 4208 918 4276; x_wconf 74' lang='lat' dir='ltr'><strong>audiri,</strong></span> <span class='ocrx_word' id='word_1_365' title='bbox 960 4219 1009 4265; x_wconf 83' lang='lat' dir='ltr'><strong>et</strong></span> <span class='ocrx_word' id='word_1_366' title='bbox 1048 4200 1284 4267; x_wconf 80' lang='lat' dir='ltr'><strong>descendi</strong></span> <span class='ocrx_word' id='word_1_367' title='bbox 1312 4223 1367 4267; x_wconf 89' lang='lat' dir='ltr'><strong>ut</strong></span> <span class='ocrx_word' id='word_1_368' title='bbox 1408 4231 1492 4271; x_wconf 80' lang='lat' dir='ltr'><strong>eos</strong></span> <span class='ocrx_word' id='word_1_369' title='bbox 1530 4218 1773 4287; x_wconf 75' lang='lat' dir='ltr'><strong>eriperem</strong></span> <span class='ocrx_word' id='word_1_370' title='bbox 1801 4217 1992 4289; x_wconf 71' lang='lat' dir='ltr'><strong>(Exod.</strong></span> <span class='ocrx_word' id='word_1_371' title='bbox 2037 4222 2090 4276; x_wconf 80' lang='lat' dir='ltr'><strong>s.</strong></span> 
     </span>
    </p>
   </div>
   <div class='ocr_carea' id='block_1_47' title="bbox 509 4294 2091 4379">
    <p class='ocr_par' dir='ltr' id='par_1_47' title="bbox 509 4294 2091 4379">
     <span class='ocr_line' id='line_1_47' title="bbox 509 4294 2091 4379; baseline 0.013 -32"><span class='ocrx_word' id='word_1_372' title='bbox 509 4294 563 4348; x_wconf 92' lang='lat'><strong>7.</strong></span> <span class='ocrx_word' id='word_1_373' title='bbox 596 4295 677 4365; x_wconf 91' lang='lat'><strong>8).</strong></span> <span class='ocrx_word' id='word_1_374' title='bbox 710 4296 774 4351; x_wconf 89' lang='lat' dir='ltr'><strong>Et</strong></span> <span class='ocrx_word' id='word_1_375' title='bbox 802 4304 859 4352; x_wconf 89' lang='lat' dir='ltr'><strong>tu</strong></span> <span class='ocrx_word' id='word_1_376' title='bbox 888 4313 1036 4370; x_wconf 85' lang='lat' dir='ltr'><strong>ergo,</strong></span> <span class='ocrx_word' id='word_1_377' title='bbox 1067 4314 1102 4356; x_wconf 84' lang='grc' dir='ltr'>ο</span> <span class='ocrx_word' id='word_1_378' title='bbox 1129 4302 1343 4370; x_wconf 90' lang='lat' dir='ltr'><strong>dilecte,</strong></span> <span class='ocrx_word' id='word_1_379' title='bbox 1371 4306 1583 4375; x_wconf 84' lang='lat' dir='ltr'><strong>quando</strong></span> <span class='ocrx_word' id='word_1_380' title='bbox 1609 4321 1671 4363; x_wconf 91' lang='lat' dir='ltr'><strong>es</strong></span> <span class='ocrx_word' id='word_1_381' title='bbox 1699 4307 1751 4362; x_wconf 92' lang='lat' dir='ltr'><strong>in</strong></span> <span class='ocrx_word' id='word_1_382' title='bbox 1782 4306 2091 4379; x_wconf 83' lang='lat' dir='ltr'><strong>afﬂictione,</strong></span> 
     </span>
    </p>
   </div>
   <div class='ocr_carea' id='block_1_48' title="bbox 507 4385 2093 4465">
    <p class='ocr_par' dir='ltr' id='par_1_48' title="bbox 507 4385 2093 4465">
     <span class='ocr_line' id='line_1_48' title="bbox 507 4385 2093 4465; baseline 0.011 -26"><span class='ocrx_word' id='word_1_383' title='bbox 507 4399 577 4440; x_wconf 89' lang='lat' dir='ltr'><strong>ne</strong></span> <span class='ocrx_word' id='word_1_384' title='bbox 603 4385 857 4456; x_wconf 87' lang='lat' dir='ltr'><strong>desperes</strong></span> <span class='ocrx_word' id='word_1_385' title='bbox 876 4430 891 4455; x_wconf 93' lang='lat'><strong>,</strong></span> <span class='ocrx_word' id='word_1_386' title='bbox 924 4404 1025 4445; x_wconf 87' lang='lat' dir='ltr'><strong>nec</strong></span> <span class='ocrx_word' id='word_1_387' title='bbox 1052 4390 1265 4448; x_wconf 83' lang='lat' dir='ltr'><strong>labores</strong></span> <span class='ocrx_word' id='word_1_388' title='bbox 1290 4388 1614 4465; x_wconf 75' lang='lat' dir='ltr'><strong>indiligentia</strong></span> <span class='ocrx_word' id='word_1_389' title='bbox 1638 4438 1655 4463; x_wconf 97' lang='lat'><strong>,</strong></span> <span class='ocrx_word' id='word_1_390' title='bbox 1681 4398 1775 4451; x_wconf 89' lang='lat' dir='ltr'><strong>sed</strong></span> <span class='ocrx_word' id='word_1_391' title='bbox 1805 4408 1925 4455; x_wconf 90' lang='lat' dir='ltr'><strong>tunc</strong></span> <span class='ocrx_word' id='word_1_392' title='bbox 1954 4410 2093 4455; x_wconf 90' lang='lat' dir='ltr'><strong>tem-</strong></span> 
     </span>
    </p>
   </div>
   <div class='ocr_carea' id='block_1_49' title="bbox 509 4476 2093 4559">
    <p class='ocr_par' dir='ltr' id='par_1_49' title="bbox 509 4476 2093 4559">
     <span class='ocr_line' id='line_1_49' title="bbox 509 4476 2093 4559; baseline 0.011 -31"><span class='ocrx_word' id='word_1_393' title='bbox 509 4476 653 4544; x_wconf 89' lang='lat' dir='ltr'><strong>poris</strong></span> <span class='ocrx_word' id='word_1_394' title='bbox 682 4477 912 4532; x_wconf 80' lang='lat' dir='ltr'><strong>maxime</strong></span> <span class='ocrx_word' id='word_1_395' title='bbox 937 4479 1171 4535; x_wconf 89' lang='lat' dir='ltr'><strong>excitare</strong></span> <span class='ocrx_word' id='word_1_396' title='bbox 1196 4499 1208 4535; x_wconf 94' lang='lat'>:</span> <span class='ocrx_word' id='word_1_397' title='bbox 1236 4492 1361 4538; x_wconf 90' lang='lat' dir='ltr'><strong>sunt</strong></span> <span class='ocrx_word' id='word_1_398' title='bbox 1382 4485 1525 4539; x_wconf 89' lang='lat' dir='ltr'><strong>enim</strong></span> <span class='ocrx_word' id='word_1_399' title='bbox 1549 4493 1676 4541; x_wconf 90' lang='lat' dir='ltr'><strong>tunc</strong></span> <span class='ocrx_word' id='word_1_400' title='bbox 1695 4501 1883 4557; x_wconf 83' lang='lat' dir='ltr'><strong>preces</strong></span> <span class='ocrx_word' id='word_1_401' title='bbox 1911 4491 2093 4559; x_wconf 87' lang='lat' dir='ltr'><strong>purio-</strong></span> 
     </span>
    </p>
   </div>
   <div class='ocr_carea' id='block_1_50' title="bbox 506 4568 2096 4650">
    <p class='ocr_par' dir='ltr' id='par_1_50' title="bbox 506 4568 2096 4650">
     <span class='ocr_line' id='line_1_50' title="bbox 506 4568 2096 4650; baseline 0.01 -29"><span class='ocrx_word' id='word_1_402' title='bbox 506 4579 625 4634; x_wconf 88' lang='lat' dir='ltr'><strong>rcs,</strong></span> <span class='ocrx_word' id='word_1_403' title='bbox 653 4576 708 4622; x_wconf 90' lang='lat' dir='ltr'><strong>et</strong></span> <span class='ocrx_word' id='word_1_404' title='bbox 736 4568 906 4637; x_wconf 87' lang='lat' dir='ltr'><strong>major</strong></span> <span class='ocrx_word' id='word_1_405' title='bbox 926 4578 1012 4625; x_wconf 90' lang='lat' dir='ltr'><strong>est</strong></span> <span class='ocrx_word' id='word_1_406' title='bbox 1040 4570 1130 4626; x_wconf 85' lang='lat' dir='ltr'><strong>Dei</strong></span> <span class='ocrx_word' id='word_1_407' title='bbox 1154 4572 1210 4627; x_wconf 90' lang='lat' dir='ltr'><strong>in</strong></span> <span class='ocrx_word' id='word_1_408' title='bbox 1241 4582 1293 4628; x_wconf 89' lang='lat' dir='ltr'><strong>te</strong></span> <span class='ocrx_word' id='word_1_409' title='bbox 1318 4574 1688 4633; x_wconf 84' lang='lat' dir='ltr'><strong>benevolentia</strong></span> <span class='ocrx_word' id='word_1_410' title='bbox 1713 4595 1728 4633; x_wconf 89' lang='lat'><strong>:</strong></span> <span class='ocrx_word' id='word_1_411' title='bbox 1758 4589 1813 4635; x_wconf 90' lang='lat' dir='ltr'><strong>et</strong></span> <span class='ocrx_word' id='word_1_412' title='bbox 1840 4589 2096 4650; x_wconf 87' lang='lat' dir='ltr'><strong>perpetuo</strong></span> 
     </span>
    </p>
   </div>
   <div class='ocr_carea' id='block_1_51' title="bbox 485 4656 2105 4742">
    <p class='ocr_par' dir='ltr' id='par_1_51' title="bbox 485 4656 2105 4742">
     <span class='ocr_line' id='line_1_51' title="bbox 485 4656 2105 4742; baseline 0.012 -33"><span class='ocrx_word' id='word_1_413' title='bbox 485 4656 577 4710; x_wconf 90' lang='lat' dir='ltr'><strong>-ita</strong></span> <span class='ocrx_word' id='word_1_414' title='bbox 606 4656 772 4730; x_wconf 82' lang='lat' dir='ltr'><strong>vivas,</strong></span> <span class='ocrx_word' id='word_1_415' title='bbox 807 4667 862 4713; x_wconf 91' lang='lat' dir='ltr'><strong>ut</strong></span> <span class='ocrx_word' id='word_1_416' title='bbox 899 4660 970 4715; x_wconf 89' lang='lat' dir='ltr'><strong>sit</strong></span> <span class='ocrx_word' id='word_1_417' title='bbox 999 4660 1092 4717; x_wconf 87' lang='lat' dir='ltr'><strong>tibi</strong></span> <span class='ocrx_word' id='word_1_418' title='bbox 1120 4662 1225 4717; x_wconf 90' lang='lat' dir='ltr'><strong>vita</strong></span> <span class='ocrx_word' id='word_1_419' title='bbox 1254 4662 1518 4721; x_wconf 87' lang='lat' dir='ltr'><strong>laboriosa</strong></span> <span class='ocrx_word' id='word_1_420' title='bbox 1540 4706 1556 4732; x_wconf 92' lang='lat'><strong>,</strong></span> <span class='ocrx_word' id='word_1_421' title='bbox 1583 4669 1760 4725; x_wconf 87' lang='lat' dir='ltr'><strong>sciens</strong></span> <span class='ocrx_word' id='word_1_422' title='bbox 1786 4685 1974 4727; x_wconf 87' lang='lat' dir='ltr'><strong>omnes</strong></span> <span class='ocrx_word' id='word_1_423' title='bbox 2000 4674 2105 4742; x_wconf 88' lang='lat' dir='ltr'><strong>qui-</strong></span> 
     </span>
    </p>
   </div>
   <div class='ocr_carea' id='block_1_52' title="bbox 504 4749 2091 4833">
    <p class='ocr_par' dir='ltr' id='par_1_52' title="bbox 504 4749 2091 4833">
     <span class='ocr_line' id='line_1_52' title="bbox 504 4749 2091 4833; baseline 0.013 -32"><span class='ocrx_word' id='word_1_424' title='bbox 504 4749 591 4818; x_wconf 91' lang='lat' dir='ltr'><strong>pie</strong></span> <span class='ocrx_word' id='word_1_425' title='bbox 627 4750 812 4805; x_wconf 90' lang='lat' dir='ltr'><strong>volunt</strong></span> <span class='ocrx_word' id='word_1_426' title='bbox 855 4751 1033 4808; x_wconf 89' lang='lat' dir='ltr'><strong>vivere</strong></span> <span class='ocrx_word' id='word_1_427' title='bbox 1074 4752 1129 4807; x_wconf 87' lang='lat' dir='ltr'><strong>in</strong></span> <span class='ocrx_word' id='word_1_428' title='bbox 1168 4754 1383 4811; x_wconf 86' lang='lat' dir='ltr'><strong>Christo</strong></span> <span class='ocrx_word' id='word_1_429' title='bbox 1426 4757 1573 4827; x_wconf 81' lang='lat' dir='ltr'><strong>Jesu,</strong></span> <span class='ocrx_word' id='word_1_430' title='bbox 1624 4765 2091 4833; x_wconf 87' lang='lat' dir='ltr'><strong>persequutionem</strong></span> 
     </span>
    </p>
   </div>
   <div class='ocr_carea' id='block_1_53' title="bbox 505 4846 2093 4925">
    <p class='ocr_par' dir='ltr' id='par_1_53' title="bbox 505 4846 2093 4925">
     <span class='ocr_line' id='line_1_53' title="bbox 505 4846 2093 4925; baseline 0.011 -30"><span class='ocrx_word' id='word_1_431' title='bbox 505 4855 787 4911; x_wconf 81' lang='lat' dir='ltr'><strong>passuros,</strong></span> <span class='ocrx_word' id='word_1_432' title='bbox 818 4851 873 4899; x_wconf 89' lang='lat' dir='ltr'><strong>et</strong></span> <span class='ocrx_word' id='word_1_433' title='bbox 907 4859 1004 4915; x_wconf 89' lang='lat' dir='ltr'><strong>per</strong></span> <span class='ocrx_word' id='word_1_434' title='bbox 1040 4846 1236 4903; x_wconf 89' lang='lat' dir='ltr'><strong>multas</strong></span> <span class='ocrx_word' id='word_1_435' title='bbox 1264 4847 1578 4909; x_wconf 83' lang='lat' dir='ltr'><strong>amictiones</strong></span> <span class='ocrx_word' id='word_1_436' title='bbox 1606 4864 1857 4925; x_wconf 88' lang='lat' dir='ltr'><strong>oportere</strong></span> <span class='ocrx_word' id='word_1_437' title='bbox 1884 4873 1985 4914; x_wconf 90' lang='lat' dir='ltr'><strong>nos</strong></span> <span class='ocrx_word' id='word_1_438' title='bbox 2014 4860 2093 4913; x_wconf 87' lang='lat' dir='ltr'><strong>in-</strong></span> 
     </span>
    </p>
   </div>
   <div class='ocr_carea' id='block_1_54' title="bbox 505 4934 2092 5021">
    <p class='ocr_par' dir='ltr' id='par_1_54' title="bbox 505 4934 2092 5021">
     <span class='ocr_line' id='line_1_54' title="bbox 505 4934 2092 5021; baseline 0.013 -33"><span class='ocrx_word' id='word_1_439' title='bbox 505 4943 647 4990; x_wconf 89' lang='lat' dir='ltr'><strong>trare</strong></span> <span class='ocrx_word' id='word_1_440' title='bbox 671 4934 726 4990; x_wconf 88' lang='lat' dir='ltr'><strong>in</strong></span> <span class='ocrx_word' id='word_1_441' title='bbox 755 4951 976 5007; x_wconf 88' lang='lat' dir='ltr'><strong>regnum</strong></span> <span class='ocrx_word' id='word_1_442' title='bbox 1000 4938 1096 4994; x_wconf 89' lang='lat' dir='ltr'><strong>Dei</strong></span> <span class='ocrx_word' id='word_1_443' title='bbox 1126 4940 1200 5002; x_wconf 72' lang='lat'><strong>(2.</strong></span> <span class='ocrx_word' id='word_1_444' title='bbox 1230 4938 1368 4996; x_wconf 84' lang='lat' dir='ltr'><strong>Tim.</strong></span> <span class='ocrx_word' id='word_1_445' title='bbox 1392 4944 1445 4999; x_wconf 79' lang='lat'><strong>5.</strong></span> <span class='ocrx_word' id='word_1_446' title='bbox 1476 4944 1578 5010; x_wconf 76' lang='lat' dir='ltr'><strong>i2;</strong></span> <span class='ocrx_word' id='word_1_447' title='bbox 1605 4948 1718 5001; x_wconf 80' lang='lat' dir='ltr'><strong>Act.</strong></span> <span class='ocrx_word' id='word_1_448' title='bbox 1753 4948 1839 5003; x_wconf 69' lang='grc'><strong>14.</strong></span> <span class='ocrx_word' id='word_1_449' title='bbox 1869 4949 1983 5021; x_wconf 73' lang='lat' dir='ltr'><strong>2i).</strong></span> <span class='ocrx_word' id='word_1_450' title='bbox 2010 4950 2092 5008; x_wconf 82' lang='lat' dir='ltr'><strong>Ne</strong></span> 
     </span>
    </p>
   </div>
   <div class='ocr_carea' id='block_1_55' title="bbox 503 5026 2090 5105">
    <p class='ocr_par' dir='ltr' id='par_1_55' title="bbox 503 5026 2090 5105">
     <span class='ocr_line' id='line_1_55' title="bbox 503 5026 2090 5105; baseline 0.011 -24"><span class='ocrx_word' id='word_1_451' title='bbox 503 5026 719 5082; x_wconf 83' lang='lat' dir='ltr'><strong>mollem</strong></span> <span class='ocrx_word' id='word_1_452' title='bbox 763 5043 892 5097; x_wconf 77' lang='lat' dir='ltr'><strong>ergo</strong></span> <span class='ocrx_word' id='word_1_453' title='bbox 920 5029 1083 5087; x_wconf 82' lang='lat' dir='ltr'><strong>vitam</strong></span> <span class='ocrx_word' id='word_1_454' title='bbox 1126 5044 1179 5087; x_wconf 89' lang='lat' dir='ltr'><strong>et</strong></span> <span class='ocrx_word' id='word_1_455' title='bbox 1204 5032 1515 5090; x_wconf 87' lang='lat' dir='ltr'><strong>dissolutam</strong></span> <span class='ocrx_word' id='word_1_456' title='bbox 1554 5037 1805 5095; x_wconf 86' lang='lat' dir='ltr'><strong>dilexeris</strong></span> <span class='ocrx_word' id='word_1_457' title='bbox 1826 5084 1839 5105; x_wconf 95' lang='lat'><strong>,</strong></span> <span class='ocrx_word' id='word_1_458' title='bbox 1882 5059 1984 5099; x_wconf 89' lang='lat' dir='ltr'><strong>ucc</strong></span> <span class='ocrx_word' id='word_1_459' title='bbox 2008 5046 2090 5099; x_wconf 84' lang='lat' dir='ltr'><strong>via</strong></span> 
     </span>
    </p>
   </div>
   <div class='ocr_carea' id='block_1_56' title="bbox 503 5119 2089 5204">
    <p class='ocr_par' dir='ltr' id='par_1_56' title="bbox 503 5119 2089 5204">
     <span class='ocr_line' id='line_1_56' title="bbox 503 5119 2089 5204; baseline 0.013 -31"><span class='ocrx_word' id='word_1_460' title='bbox 503 5119 606 5174; x_wconf 85' lang='lat' dir='ltr'><strong>lata</strong></span> <span class='ocrx_word' id='word_1_461' title='bbox 636 5120 771 5175; x_wconf 82' lang='lat' dir='ltr'><strong>velis</strong></span> <span class='ocrx_word' id='word_1_462' title='bbox 791 5120 993 5192; x_wconf 84' lang='lat' dir='ltr'><strong>ingredi</strong></span> <span class='ocrx_word' id='word_1_463' title='bbox 1018 5123 1121 5194; x_wconf 82' lang='lat' dir='ltr'><strong>(ea</strong></span> <span class='ocrx_word' id='word_1_464' title='bbox 1143 5126 1284 5182; x_wconf 85' lang='lat' dir='ltr'><strong>enim</strong></span> <span class='ocrx_word' id='word_1_465' title='bbox 1311 5142 1418 5182; x_wconf 91' lang='lat' dir='ltr'><strong>non</strong></span> <span class='ocrx_word' id='word_1_466' title='bbox 1441 5128 1587 5183; x_wconf 91' lang='lat' dir='ltr'><strong>ducit</strong></span> <span class='ocrx_word' id='word_1_467' title='bbox 1614 5132 1667 5185; x_wconf 90' lang='lat' dir='ltr'><strong>in</strong></span> <span class='ocrx_word' id='word_1_468' title='bbox 1692 5133 1879 5189; x_wconf 70' lang='lat' dir='ltr'><strong>caelum</strong></span> <span class='ocrx_word' id='word_1_469' title='bbox 1904 5136 1922 5204; x_wconf 95' lang='lat'><strong>)</strong></span> <span class='ocrx_word' id='word_1_470' title='bbox 1950 5178 1966 5203; x_wconf 94' lang='lat'><strong>,</strong></span> <span class='ocrx_word' id='word_1_471' title='bbox 1996 5136 2089 5193; x_wconf 87' lang='lat' dir='ltr'><strong>sed</strong></span> 
     </span>
    </p>
   </div>
   <div class='ocr_carea' id='block_1_57' title="bbox 500 5214 2088 5296">
    <p class='ocr_par' dir='ltr' id='par_1_57' title="bbox 500 5214 2088 5296">
     <span class='ocr_line' id='line_1_57' title="bbox 500 5214 2088 5296; baseline 0.013 -34"><span class='ocrx_word' id='word_1_472' title='bbox 500 5218 648 5264; x_wconf 89' lang='lat' dir='ltr'><strong>arcta</strong></span> <span class='ocrx_word' id='word_1_473' title='bbox 689 5219 746 5265; x_wconf 90' lang='lat' dir='ltr'><strong>et</strong></span> <span class='ocrx_word' id='word_1_474' title='bbox 789 5222 1031 5281; x_wconf 79' lang='lat' dir='ltr'><strong>angusta.</strong></span> <span class='ocrx_word' id='word_1_475' title='bbox 1074 5214 1131 5270; x_wconf 88' lang='lat' dir='ltr'><strong>Si</strong></span> <span class='ocrx_word' id='word_1_476' title='bbox 1176 5226 1353 5272; x_wconf 86' lang='lat' dir='ltr'><strong>autem</strong></span> <span class='ocrx_word' id='word_1_477' title='bbox 1402 5222 1681 5289; x_wconf 84' lang='lat' dir='ltr'><strong>pervenire</strong></span> <span class='ocrx_word' id='word_1_478' title='bbox 1720 5223 1787 5279; x_wconf 92' lang='lat' dir='ltr'><strong>ad</strong></span> <span class='ocrx_word' id='word_1_479' title='bbox 1829 5242 2088 5296; x_wconf 87' lang='lat' dir='ltr'><strong>supernas</strong></span> 
     </span>
    </p>
   </div>
   <div class='ocr_carea' id='block_1_58' title="bbox 502 5300 2087 5381">
    <p class='ocr_par' dir='ltr' id='par_1_58' title="bbox 502 5300 2087 5381">
     <span class='ocr_line' id='line_1_58' title="bbox 502 5300 2087 5381; baseline 0.013 -27"><span class='ocrx_word' id='word_1_480' title='bbox 502 5300 810 5359; x_wconf 83' lang='lat' dir='ltr'><strong>mansiones</strong></span> <span class='ocrx_word' id='word_1_481' title='bbox 860 5303 1011 5367; x_wconf 77' lang='lat' dir='ltr'><strong>velis,</strong></span> <span class='ocrx_word' id='word_1_482' title='bbox 1062 5305 1182 5379; x_wconf 88' lang='lat' dir='ltr'><strong>fuge</strong></span> <span class='ocrx_word' id='word_1_483' title='bbox 1220 5309 1539 5381; x_wconf 86' lang='lat' dir='ltr'><strong>voluptates,</strong></span> <span class='ocrx_word' id='word_1_484' title='bbox 1586 5322 1862 5372; x_wconf 87' lang='lat' dir='ltr'><strong>externam</strong></span> <span class='ocrx_word' id='word_1_485' title='bbox 1906 5320 2087 5375; x_wconf 79' lang='lat' dir='ltr'><strong>smculi</strong></span> 
     </span>
    </p>
   </div>
   <div class='ocr_carea' id='block_1_59' title="bbox 502 5398 2086 5480">
    <p class='ocr_par' dir='ltr' id='par_1_59' title="bbox 502 5398 2086 5480">
     <span class='ocr_line' id='line_1_59' title="bbox 502 5398 2086 5480; baseline 0.013 -34"><span class='ocrx_word' id='word_1_486' title='bbox 502 5407 751 5463; x_wconf 78' lang='lat' dir='ltr'><strong>pompam</strong></span> <span class='ocrx_word' id='word_1_487' title='bbox 781 5408 845 5448; x_wconf 79' lang='lat' dir='ltr'><strong>ac</strong></span> <span class='ocrx_word' id='word_1_488' title='bbox 877 5398 1112 5465; x_wconf 81' lang='lat' dir='ltr'><strong>speciem</strong></span> <span class='ocrx_word' id='word_1_489' title='bbox 1148 5402 1423 5469; x_wconf 82' lang='lat' dir='ltr'><strong>conculca,</strong></span> <span class='ocrx_word' id='word_1_490' title='bbox 1456 5418 1605 5477; x_wconf 86' lang='lat' dir='ltr'><strong>opes,</strong></span> <span class='ocrx_word' id='word_1_491' title='bbox 1642 5406 1865 5478; x_wconf 88' lang='lat' dir='ltr'><strong>gloriam</strong></span> <span class='ocrx_word' id='word_1_492' title='bbox 1893 5417 1949 5465; x_wconf 86' lang='lat' dir='ltr'><strong>et</strong></span> <span class='ocrx_word' id='word_1_493' title='bbox 1990 5426 2086 5480; x_wconf 64' lang='lat' dir='ltr'><strong>po.</strong></span> 
     </span>
    </p>
   </div>
   <div class='ocr_carea' id='block_1_60' title="bbox 502 5482 2089 5562">
    <p class='ocr_par' dir='ltr' id='par_1_60' title="bbox 502 5482 2089 5562">
     <span class='ocr_line' id='line_1_60' title="bbox 502 5482 2089 5562; baseline 0.015 -28"><span class='ocrx_word' id='word_1_494' title='bbox 502 5483 723 5538; x_wconf 80' lang='lat' dir='ltr'><strong>tentiam</strong></span> <span class='ocrx_word' id='word_1_495' title='bbox 750 5482 995 5558; x_wconf 80' lang='lat' dir='ltr'><strong>neglige:</strong></span> <span class='ocrx_word' id='word_1_496' title='bbox 1022 5499 1387 5559; x_wconf 77' lang='lat' dir='ltr'><strong>paupertatem</strong></span> <span class='ocrx_word' id='word_1_497' title='bbox 1411 5504 1589 5550; x_wconf 87' lang='lat' dir='ltr'><strong>autem</strong></span> <span class='ocrx_word' id='word_1_498' title='bbox 1611 5537 1626 5562; x_wconf 94' lang='lat'><strong>,</strong></span> <span class='ocrx_word' id='word_1_499' title='bbox 1658 5499 1853 5553; x_wconf 85' lang='lat' dir='ltr'><strong>mentis</strong></span> <span class='ocrx_word' id='word_1_500' title='bbox 1880 5504 2089 5557; x_wconf 87' lang='lat' dir='ltr'><strong>contri-</strong></span> 
     </span>
    </p>
   </div>
   <div class='ocr_carea' id='block_1_61' title="bbox 502 5573 2085 5661">
    <p class='ocr_par' dir='ltr' id='par_1_61' title="bbox 502 5573 2085 5661">
     <span class='ocr_line' id='line_1_61' title="bbox 502 5573 2085 5661; baseline 0.016 -37"><span class='ocrx_word' id='word_1_501' title='bbox 502 5573 725 5640; x_wconf 87' lang='lat' dir='ltr'><strong>tionem,</strong></span> <span class='ocrx_word' id='word_1_502' title='bbox 745 5574 1243 5651; x_wconf 80' lang='lat' dir='ltr'><strong>confessionemque</strong></span> <span class='ocrx_word' id='word_1_503' title='bbox 1261 5593 1314 5639; x_wconf 89' lang='lat' dir='ltr'><strong>et</strong></span> <span class='ocrx_word' id='word_1_504' title='bbox 1340 5584 1692 5657; x_wconf 87' lang='lat' dir='ltr'><strong>lacrymarum</strong></span> <span class='ocrx_word' id='word_1_505' title='bbox 1718 5587 1918 5645; x_wconf 84' lang='lat' dir='ltr'><strong>fontem</strong></span> <span class='ocrx_word' id='word_1_506' title='bbox 1944 5607 2085 5661; x_wconf 89' lang='lat' dir='ltr'><strong>tene,</strong></span> 
     </span>
    </p>
   </div>
   <div class='ocr_carea' id='block_1_62' title="bbox 500 5665 2084 5752">
    <p class='ocr_par' dir='ltr' id='par_1_62' title="bbox 500 5665 2084 5752">
     <span class='ocr_line' id='line_1_62' title="bbox 500 5665 2084 5752; baseline 0.014 -34"><span class='ocrx_word' id='word_1_507' title='bbox 500 5672 551 5718; x_wconf 90' lang='lat' dir='ltr'><strong>et</strong></span> <span class='ocrx_word' id='word_1_508' title='bbox 576 5665 755 5720; x_wconf 91' lang='lat' dir='ltr'><strong>omnia</strong></span> <span class='ocrx_word' id='word_1_509' title='bbox 780 5681 900 5738; x_wconf 67' lang='grc' dir='ltr'><strong>(ποτε</strong></span> <span class='ocrx_word' id='word_1_510' title='bbox 927 5673 1151 5738; x_wconf 84' lang='lat' dir='ltr'><strong>possunt</strong></span> <span class='ocrx_word' id='word_1_511' title='bbox 1174 5672 1463 5731; x_wconf 89' lang='lat' dir='ltr'><strong>conciliare</strong></span> <span class='ocrx_word' id='word_1_512' title='bbox 1487 5674 1711 5733; x_wconf 83' lang='lat' dir='ltr'><strong>salutem</strong></span> <span class='ocrx_word' id='word_1_513' title='bbox 1738 5692 2084 5752; x_wconf 85' lang='lat' dir='ltr'><strong>persequere.</strong></span> 
     </span>
    </p>
   </div>
   <div class='ocr_carea' id='block_1_63' title="bbox 564 5762 1967 5846">
    <p class='ocr_par' dir='ltr' id='par_1_63' title="bbox 564 5762 1967 5846">
     <span class='ocr_line' id='line_1_63' title="bbox 564 5762 1967 5846; baseline 0.016 -33"><span class='ocrx_word' id='word_1_514' title='bbox 564 5765 582 5795; x_wconf 77' lang='grc'>⁸</span> <span class='ocrx_word' id='word_1_515' title='bbox 615 5762 707 5815; x_wconf 73' lang='lat' dir='ltr'><strong>Alii</strong></span> <span class='ocrx_word' id='word_1_516' title='bbox 730 5766 929 5831; x_wconf 82' lang='lat' dir='ltr'><strong>addunt,</strong></span> <span class='ocrx_word' id='word_1_517' title='bbox 952 5774 1084 5821; x_wconf 87' lang='lat' dir='ltr'><strong>teste</strong></span> <span class='ocrx_word' id='word_1_518' title='bbox 1104 5770 1278 5824; x_wconf 86' lang='lat' dir='ltr'><strong>savillo</strong></span> <span class='ocrx_word' id='word_1_519' title='bbox 1300 5772 1351 5825; x_wconf 85' lang='lat' dir='ltr'><strong>in</strong></span> <span class='ocrx_word' id='word_1_520' title='bbox 1373 5777 1613 5839; x_wconf 81' lang='lat' dir='ltr'><strong>margine,</strong></span> <span class='ocrx_word' id='word_1_521' title='bbox 1637 5780 1967 5846; x_wconf 80' lang='lat' dir='ltr'><strong>metropoteos.</strong></span> 
     </span>
    </p>
   </div>
   <div class='ocr_carea' id='block_1_64' title="bbox 2240 740 3851 817">
    <p class='ocr_par' dir='ltr' id='par_1_64' title="bbox 2240 740 3851 817">
     <span class='ocr_line' id='line_1_64' title="bbox 2240 740 3851 817; baseline 0.009 -22"><span class='ocrx_word' id='word_1_522' title='bbox 2240 742 2507 796; x_wconf 87' lang='lat' dir='ltr'><strong>exaudiet.</strong></span> <span class='ocrx_word' id='word_1_523' title='bbox 2535 740 2603 798; x_wconf 84' lang='lat' dir='ltr'><strong>Et</strong></span> <span class='ocrx_word' id='word_1_524' title='bbox 2631 743 2751 799; x_wconf 89' lang='lat' dir='ltr'><strong>ideo</strong></span> <span class='ocrx_word' id='word_1_525' title='bbox 2778 744 2910 800; x_wconf 86' lang='lat' dir='ltr'><strong>dixit</strong></span> <span class='ocrx_word' id='word_1_526' title='bbox 2941 746 3199 815; x_wconf 88' lang='lat' dir='ltr'><strong>propheta</strong></span> <span class='ocrx_word' id='word_1_527' title='bbox 3220 791 3236 817; x_wconf 93' lang='lat'><strong>,</strong></span> <span class='ocrx_word' id='word_1_528' title='bbox 3262 747 3391 805; x_wconf 84' lang='lat' dir='ltr'><strong>Cum</strong></span> <span class='ocrx_word' id='word_1_529' title='bbox 3421 753 3695 809; x_wconf 81' lang='lat' dir='ltr'><strong>tribularer</strong></span> <span class='ocrx_word' id='word_1_530' title='bbox 3732 754 3851 808; x_wconf 77' lang='lat' dir='ltr'><strong>cla-</strong></span> 
     </span>
    </p>
   </div>
   <div class='ocr_carea' id='block_1_65' title="bbox 2240 832 3852 913">
    <p class='ocr_par' dir='ltr' id='par_1_65' title="bbox 2240 832 3852 913">
     <span class='ocr_line' id='line_1_65' title="bbox 2240 832 3852 913; baseline 0.011 -28"><span class='ocrx_word' id='word_1_531' title='bbox 2240 835 2405 899; x_wconf 80' lang='lat' dir='ltr'><strong>mavi,</strong></span> <span class='ocrx_word' id='word_1_532' title='bbox 2438 846 2484 888; x_wconf 86' lang='lat' dir='ltr'><strong>et</strong></span> <span class='ocrx_word' id='word_1_533' title='bbox 2511 836 2769 890; x_wconf 70' lang='lat' dir='ltr'><strong>exaudivit</strong></span> <span class='ocrx_word' id='word_1_534' title='bbox 2808 852 2908 904; x_wconf 85' lang='lat' dir='ltr'><strong>me,</strong></span> <span class='ocrx_word' id='word_1_535' title='bbox 2957 848 3015 893; x_wconf 91' lang='lat' dir='ltr'><strong>ut</strong></span> <span class='ocrx_word' id='word_1_536' title='bbox 3054 840 3228 896; x_wconf 84' lang='lat' dir='ltr'><strong>discas</strong></span> <span class='ocrx_word' id='word_1_537' title='bbox 3278 832 3535 913; x_wconf 81' lang='lat' dir='ltr'><strong>paulatim</strong></span> <span class='ocrx_word' id='word_1_538' title='bbox 3580 859 3852 901; x_wconf 61' lang='lat' dir='ltr'><strong>consccno</strong></span> 
     </span>
    </p>
   </div>
   <div class='ocr_carea' id='block_1_66' title="bbox 2237 921 3853 999">
    <p class='ocr_par' dir='ltr' id='par_1_66' title="bbox 2237 921 3853 999">
     <span class='ocr_line' id='line_1_66' title="bbox 2237 921 3853 999; baseline 0.009 -22"><span class='ocrx_word' id='word_1_539' title='bbox 2237 921 2398 987; x_wconf 90' lang='lat' dir='ltr'><strong>dere,</strong></span> <span class='ocrx_word' id='word_1_540' title='bbox 2428 933 2511 988; x_wconf 89' lang='lat' dir='ltr'><strong>et,</strong></span> <span class='ocrx_word' id='word_1_541' title='bbox 2545 933 2605 979; x_wconf 91' lang='lat' dir='ltr'><strong>ut</strong></span> <span class='ocrx_word' id='word_1_542' title='bbox 2631 925 2700 979; x_wconf 88' lang='lat' dir='ltr'><strong>ita</strong></span> <span class='ocrx_word' id='word_1_543' title='bbox 2725 925 2898 983; x_wconf 89' lang='lat' dir='ltr'><strong>dicam</strong></span> <span class='ocrx_word' id='word_1_544' title='bbox 2924 969 2939 992; x_wconf 91' lang='lat'><strong>,</strong></span> <span class='ocrx_word' id='word_1_545' title='bbox 2970 928 3138 983; x_wconf 88' lang='lat' dir='ltr'><strong>alatas</strong></span> <span class='ocrx_word' id='word_1_546' title='bbox 3164 932 3500 999; x_wconf 86' lang='lat' dir='ltr'><strong>precationes</strong></span> <span class='ocrx_word' id='word_1_547' title='bbox 3527 932 3745 999; x_wconf 79' lang='lat' dir='ltr'><strong>facere,</strong></span> <span class='ocrx_word' id='word_1_548' title='bbox 3778 951 3853 993; x_wconf 87' lang='lat' dir='ltr'><strong>ne</strong></span> 
     </span>
    </p>
   </div>
   <div class='ocr_carea' id='block_1_67' title="bbox 2235 1016 3849 1091">
    <p class='ocr_par' dir='ltr' id='par_1_67' title="bbox 2235 1016 3849 1091">
     <span class='ocr_line' id='line_1_67' title="bbox 2235 1016 3849 1091; baseline 0.008 -23"><span class='ocrx_word' id='word_1_549' title='bbox 2235 1018 2480 1084; x_wconf 81' lang='lat' dir='ltr'><strong>angaris,</strong></span> <span class='ocrx_word' id='word_1_550' title='bbox 2509 1032 2609 1073; x_wconf 89' lang='lat' dir='ltr'><strong>nec</strong></span> <span class='ocrx_word' id='word_1_551' title='bbox 2636 1032 2776 1088; x_wconf 70' lang='lat' dir='ltr'><strong>:rgre</strong></span> <span class='ocrx_word' id='word_1_552' title='bbox 2795 1016 2938 1074; x_wconf 84' lang='lat' dir='ltr'><strong>feras</strong></span> <span class='ocrx_word' id='word_1_553' title='bbox 2969 1019 3024 1074; x_wconf 91' lang='lat' dir='ltr'><strong>in</strong></span> <span class='ocrx_word' id='word_1_554' title='bbox 3051 1019 3430 1078; x_wconf 69' lang='lat' dir='ltr'><strong>afﬂictionibus</strong></span> <span class='ocrx_word' id='word_1_555' title='bbox 3452 1065 3468 1091; x_wconf 92' lang='lat'><strong>,</strong></span> <span class='ocrx_word' id='word_1_556' title='bbox 3500 1025 3600 1079; x_wconf 84' lang='lat' dir='ltr'><strong>sed</strong></span> <span class='ocrx_word' id='word_1_557' title='bbox 3641 1026 3849 1081; x_wconf 84' lang='lat' dir='ltr'><strong>utilita-</strong></span> 
     </span>
    </p>
   </div>
   <div class='ocr_carea' id='block_1_68' title="bbox 2234 1104 3847 1184">
    <p class='ocr_par' dir='ltr' id='par_1_68' title="bbox 2234 1104 3847 1184">
     <span class='ocr_line' id='line_1_68' title="bbox 2234 1104 3847 1184; baseline 0.009 -27"><span class='ocrx_word' id='word_1_558' title='bbox 2234 1113 2343 1159; x_wconf 88' lang='lat' dir='ltr'><strong>tem</strong></span> <span class='ocrx_word' id='word_1_559' title='bbox 2371 1121 2437 1161; x_wconf 82' lang='lat' dir='ltr'><strong>ex</strong></span> <span class='ocrx_word' id='word_1_560' title='bbox 2464 1106 2543 1160; x_wconf 89' lang='lat' dir='ltr'><strong>eis</strong></span> <span class='ocrx_word' id='word_1_561' title='bbox 2568 1107 2853 1177; x_wconf 87' lang='lat' dir='ltr'><strong>percipias.</strong></span> <span class='ocrx_word' id='word_1_562' title='bbox 2897 1108 2953 1165; x_wconf 90' lang='lat' dir='ltr'><strong>Si</strong></span> <span class='ocrx_word' id='word_1_563' title='bbox 2982 1111 3124 1164; x_wconf 90' lang='lat' dir='ltr'><strong>enim</strong></span> <span class='ocrx_word' id='word_1_564' title='bbox 3156 1109 3381 1179; x_wconf 67' lang='lat' dir='ltr'><strong>Elisaaus</strong></span> <span class='ocrx_word' id='word_1_565' title='bbox 3420 1104 3684 1184; x_wconf 74' lang='lat' dir='ltr'><strong>propheta</strong></span> <span class='ocrx_word' id='word_1_566' title='bbox 3719 1132 3847 1172; x_wconf 86' lang='lat' dir='ltr'><strong>cum</strong></span> 
     </span>
    </p>
   </div>
   <div class='ocr_carea' id='block_1_69' title="bbox 2233 1196 3847 1271">
    <p class='ocr_par' dir='ltr' id='par_1_69' title="bbox 2233 1196 3847 1271">
     <span class='ocr_line' id='line_1_69' title="bbox 2233 1196 3847 1271; baseline 0.007 -22"><span class='ocrx_word' id='word_1_567' title='bbox 2233 1206 2379 1250; x_wconf 85' lang='lat' dir='ltr'><strong>esset</strong></span> <span class='ocrx_word' id='word_1_568' title='bbox 2409 1196 2589 1262; x_wconf 90' lang='lat' dir='ltr'><strong>homo,</strong></span> <span class='ocrx_word' id='word_1_569' title='bbox 2623 1210 2730 1252; x_wconf 90' lang='lat' dir='ltr'><strong>non</strong></span> <span class='ocrx_word' id='word_1_570' title='bbox 2760 1199 3004 1267; x_wconf 87' lang='lat' dir='ltr'><strong>permisit</strong></span> <span class='ocrx_word' id='word_1_571' title='bbox 3030 1211 3087 1253; x_wconf 92' lang='lat' dir='ltr'><strong>ut</strong></span> <span class='ocrx_word' id='word_1_572' title='bbox 3114 1198 3407 1271; x_wconf 79' lang='lat' dir='ltr'><strong>discipulus</strong></span> <span class='ocrx_word' id='word_1_573' title='bbox 3436 1205 3746 1260; x_wconf 87' lang='lat' dir='ltr'><strong>venientem</strong></span> <span class='ocrx_word' id='word_1_574' title='bbox 3775 1206 3847 1261; x_wconf 85' lang='lat' dir='ltr'><strong>ad</strong></span> 
     </span>
    </p>
   </div>
   <div class='ocr_carea' id='block_1_70' title="bbox 2231 1287 3849 1368">
    <p class='ocr_par' dir='ltr' id='par_1_70' title="bbox 2231 1287 3849 1368">
     <span class='ocr_line' id='line_1_70' title="bbox 2231 1287 3849 1368; baseline 0.007 -28"><span class='ocrx_word' id='word_1_575' title='bbox 2231 1300 2293 1340; x_wconf 82' lang='lat' dir='ltr'><strong>se</strong></span> <span class='ocrx_word' id='word_1_576' title='bbox 2335 1287 2615 1342; x_wconf 86' lang='lat' dir='ltr'><strong>mulierem</strong></span> <span class='ocrx_word' id='word_1_577' title='bbox 2659 1290 2990 1356; x_wconf 86' lang='lat' dir='ltr'><strong>extruderet,</strong></span> <span class='ocrx_word' id='word_1_578' title='bbox 3032 1290 3251 1347; x_wconf 87' lang='lat' dir='ltr'><strong>dicens:</strong></span> <span class='ocrx_word' id='word_1_579' title='bbox 3290 1291 3505 1354; x_wconf 75' lang='lat' dir='ltr'><strong>Dimitte</strong></span> <span class='ocrx_word' id='word_1_580' title='bbox 3548 1313 3687 1363; x_wconf 70' lang='lat' dir='ltr'><strong>eant,</strong></span> <span class='ocrx_word' id='word_1_581' title='bbox 3720 1300 3849 1368; x_wconf 80' lang='lat' dir='ltr'><strong>quia</strong></span> 
     </span>
    </p>
   </div>
   <div class='ocr_carea' id='block_1_71' title="bbox 2230 1377 3843 1459">
    <p class='ocr_par' dir='ltr' id='par_1_71' title="bbox 2230 1377 3843 1459">
     <span class='ocr_line' id='line_1_71' title="bbox 2230 1377 3843 1459; baseline 0.007 -29"><span class='ocrx_word' id='word_1_582' title='bbox 2230 1392 2443 1431; x_wconf 69' lang='lat' dir='ltr'><strong>maerore</strong></span> <span class='ocrx_word' id='word_1_583' title='bbox 2468 1387 2542 1434; x_wconf 88' lang='lat' dir='ltr'><strong>est</strong></span> <span class='ocrx_word' id='word_1_584' title='bbox 2570 1377 2763 1447; x_wconf 75' lang='lat' dir='ltr'><strong>affecta</strong></span> <span class='ocrx_word' id='word_1_585' title='bbox 2800 1382 2974 1434; x_wconf 83' lang='lat' dir='ltr'><strong>anima</strong></span> <span class='ocrx_word' id='word_1_586' title='bbox 3003 1382 3113 1452; x_wconf 87' lang='lat' dir='ltr'><strong>ejus</strong></span> <span class='ocrx_word' id='word_1_587' title='bbox 3142 1381 3220 1453; x_wconf 69' lang='grc'><strong>(4.</strong></span> <span class='ocrx_word' id='word_1_588' title='bbox 3246 1382 3375 1455; x_wconf 83' lang='lat' dir='ltr'><strong>Reg.</strong></span> <span class='ocrx_word' id='word_1_589' title='bbox 3420 1387 3476 1441; x_wconf 76' lang='grc'><strong>4.</strong></span> <span class='ocrx_word' id='word_1_590' title='bbox 3517 1385 3613 1459; x_wconf 72' lang='grc'><strong>27)</strong></span> <span class='ocrx_word' id='word_1_591' title='bbox 3638 1405 3654 1441; x_wconf 89' lang='lat'><strong>:</strong></span> <span class='ocrx_word' id='word_1_592' title='bbox 3701 1388 3843 1444; x_wconf 83' lang='lat' dir='ltr'><strong>nihil</strong></span> 
     </span>
    </p>
   </div>
   <div class='ocr_carea' id='block_1_72' title="bbox 2228 1467 3842 1543">
    <p class='ocr_par' dir='ltr' id='par_1_72' title="bbox 2228 1467 3842 1543">
     <span class='ocr_line' id='line_1_72' title="bbox 2228 1467 3842 1543; baseline 0.007 -21"><span class='ocrx_word' id='word_1_593' title='bbox 2228 1467 2372 1522; x_wconf 88' lang='lat' dir='ltr'><strong>aliud</strong></span> <span class='ocrx_word' id='word_1_594' title='bbox 2398 1468 2585 1523; x_wconf 82' lang='lat' dir='ltr'><strong>volens</strong></span> <span class='ocrx_word' id='word_1_595' title='bbox 2614 1484 2677 1524; x_wconf 88' lang='lat' dir='ltr'><strong>ex</strong></span> <span class='ocrx_word' id='word_1_596' title='bbox 2703 1482 2769 1524; x_wconf 88' lang='lat' dir='ltr'><strong>eo</strong></span> <span class='ocrx_word' id='word_1_597' title='bbox 2797 1469 3102 1537; x_wconf 87' lang='lat' dir='ltr'><strong>ostendere,</strong></span> <span class='ocrx_word' id='word_1_598' title='bbox 3135 1472 3237 1527; x_wconf 90' lang='lat' dir='ltr'><strong>nisi</strong></span> <span class='ocrx_word' id='word_1_599' title='bbox 3258 1473 3402 1543; x_wconf 90' lang='lat' dir='ltr'><strong>quod</strong></span> <span class='ocrx_word' id='word_1_600' title='bbox 3428 1478 3842 1533; x_wconf 87' lang='lat' dir='ltr'><strong>excusationem</strong></span> 
     </span>
    </p>
   </div>
   <div class='ocr_carea' id='block_1_73' title="bbox 2224 1556 3845 1636">
    <p class='ocr_par' dir='ltr' id='par_1_73' title="bbox 2224 1556 3845 1636">
     <span class='ocr_line' id='line_1_73' title="bbox 2224 1556 3845 1636; baseline 0.006 -24"><span class='ocrx_word' id='word_1_601' title='bbox 2224 1568 2283 1616; x_wconf 91' lang='lat' dir='ltr'><strong>et</strong></span> <span class='ocrx_word' id='word_1_602' title='bbox 2318 1556 2683 1614; x_wconf 79' lang='lat' dir='ltr'><strong>defensionem</strong></span> <span class='ocrx_word' id='word_1_603' title='bbox 2724 1562 3009 1617; x_wconf 85' lang='lat' dir='ltr'><strong>maximam</strong></span> <span class='ocrx_word' id='word_1_604' title='bbox 3052 1562 3310 1630; x_wconf 89' lang='lat' dir='ltr'><strong>haberet,</strong></span> <span class='ocrx_word' id='word_1_605' title='bbox 3348 1580 3544 1636; x_wconf 88' lang='lat' dir='ltr'><strong>nempe</strong></span> <span class='ocrx_word' id='word_1_606' title='bbox 3584 1568 3845 1624; x_wconf 75' lang='lat' dir='ltr'><strong>afﬂictio-</strong></span> 
     </span>
    </p>
   </div>
   <div class='ocr_carea' id='block_1_74' title="bbox 2226 1649 3841 1723">
    <p class='ocr_par' dir='ltr' id='par_1_74' title="bbox 2226 1649 3841 1723">
     <span class='ocr_line' id='line_1_74' title="bbox 2226 1649 3841 1723; baseline 0.01 -24"><span class='ocrx_word' id='word_1_607' title='bbox 2226 1659 2349 1701; x_wconf 88' lang='lat' dir='ltr'><strong>nem</strong></span> <span class='ocrx_word' id='word_1_608' title='bbox 2375 1664 2390 1701; x_wconf 85' lang='lat'><strong>;</strong></span> <span class='ocrx_word' id='word_1_609' title='bbox 2422 1649 2589 1703; x_wconf 92' lang='lat' dir='ltr'><strong>multo</strong></span> <span class='ocrx_word' id='word_1_610' title='bbox 2612 1650 2788 1704; x_wconf 89' lang='lat' dir='ltr'><strong>minus</strong></span> <span class='ocrx_word' id='word_1_611' title='bbox 2814 1651 2955 1706; x_wconf 88' lang='lat' dir='ltr'><strong>Deus</strong></span> <span class='ocrx_word' id='word_1_612' title='bbox 2982 1660 3034 1707; x_wconf 86' lang='lat' dir='ltr'><strong>te</strong></span> <span class='ocrx_word' id='word_1_613' title='bbox 3073 1654 3333 1723; x_wconf 78' lang='lat' dir='ltr'><strong>repellet,</strong></span> <span class='ocrx_word' id='word_1_614' title='bbox 3361 1655 3407 1709; x_wconf 88' lang='lat' dir='ltr'><strong>si</strong></span> <span class='ocrx_word' id='word_1_615' title='bbox 3436 1670 3557 1711; x_wconf 91' lang='lat' dir='ltr'><strong>cum</strong></span> <span class='ocrx_word' id='word_1_616' title='bbox 3604 1659 3748 1713; x_wconf 86' lang='lat' dir='ltr'><strong>tristi</strong></span> <span class='ocrx_word' id='word_1_617' title='bbox 3780 1670 3841 1715; x_wconf 88' lang='lat' dir='ltr'><strong>ct</strong></span> 
     </span>
    </p>
   </div>
   <div class='ocr_carea' id='block_1_75' title="bbox 2224 1736 3841 1820">
    <p class='ocr_par' dir='ltr' id='par_1_75' title="bbox 2224 1736 3841 1820">
     <span class='ocr_line' id='line_1_75' title="bbox 2224 1736 3841 1820; baseline 0.01 -31"><span class='ocrx_word' id='word_1_618' title='bbox 2224 1736 2383 1791; x_wconf 80' lang='lat' dir='ltr'><strong>anxia</strong></span> <span class='ocrx_word' id='word_1_619' title='bbox 2405 1738 2585 1792; x_wconf 84' lang='lat' dir='ltr'><strong>anima</strong></span> <span class='ocrx_word' id='word_1_620' title='bbox 2604 1740 2670 1793; x_wconf 84' lang='lat' dir='ltr'><strong>ad</strong></span> <span class='ocrx_word' id='word_1_621' title='bbox 2693 1756 2813 1794; x_wconf 89' lang='lat' dir='ltr'><strong>eum</strong></span> <span class='ocrx_word' id='word_1_622' title='bbox 2838 1742 3081 1797; x_wconf 86' lang='lat' dir='ltr'><strong>accedas.</strong></span> <span class='ocrx_word' id='word_1_623' title='bbox 3109 1740 3179 1797; x_wconf 85' lang='lat' dir='ltr'><strong>Et</strong></span> <span class='ocrx_word' id='word_1_624' title='bbox 3204 1743 3326 1799; x_wconf 91' lang='lat' dir='ltr'><strong>ideo</strong></span> <span class='ocrx_word' id='word_1_625' title='bbox 3346 1743 3593 1803; x_wconf 88' lang='lat' dir='ltr'><strong>Christus</strong></span> <span class='ocrx_word' id='word_1_626' title='bbox 3615 1763 3841 1820; x_wconf 84' lang='lat' dir='ltr'><strong>quoque</strong></span> 
     </span>
    </p>
   </div>
   <div class='ocr_carea' id='block_1_76' title="bbox 2225 1828 3838 1911">
    <p class='ocr_par' dir='ltr' id='par_1_76' title="bbox 2225 1828 3838 1911">
     <span class='ocr_line' id='line_1_76' title="bbox 2225 1828 3838 1911; baseline 0.011 -30"><span class='ocrx_word' id='word_1_627' title='bbox 2225 1842 2319 1882; x_wconf 90' lang='lat' dir='ltr'><strong>eos</strong></span> <span class='ocrx_word' id='word_1_628' title='bbox 2362 1828 2545 1884; x_wconf 90' lang='lat' dir='ltr'><strong>beatos</strong></span> <span class='ocrx_word' id='word_1_629' title='bbox 2576 1833 2903 1899; x_wconf 84' lang='lat' dir='ltr'><strong>pronuntiat,</strong></span> <span class='ocrx_word' id='word_1_630' title='bbox 2932 1835 3021 1903; x_wconf 92' lang='lat' dir='ltr'><strong>qui</strong></span> <span class='ocrx_word' id='word_1_631' title='bbox 3047 1836 3261 1904; x_wconf 81' lang='lat' dir='ltr'><strong>lugent,</strong></span> <span class='ocrx_word' id='word_1_632' title='bbox 3284 1845 3340 1892; x_wconf 91' lang='lat' dir='ltr'><strong>et</strong></span> <span class='ocrx_word' id='word_1_633' title='bbox 3377 1840 3604 1895; x_wconf 87' lang='lat' dir='ltr'><strong>miseros</strong></span> <span class='ocrx_word' id='word_1_634' title='bbox 3628 1841 3722 1911; x_wconf 89' lang='lat' dir='ltr'><strong>qui</strong></span> <span class='ocrx_word' id='word_1_635' title='bbox 3755 1843 3838 1897; x_wconf 67' lang='grc' dir='ltr'><strong>τίς</strong></span> 
     </span>
    </p>
   </div>
   <div class='ocr_carea' id='block_1_77' title="bbox 2223 1917 3835 1993">
    <p class='ocr_par' dir='ltr' id='par_1_77' title="bbox 2223 1917 3835 1993">
     <span class='ocr_line' id='line_1_77' title="bbox 2223 1917 3835 1993; baseline 0.011 -22"><span class='ocrx_word' id='word_1_636' title='bbox 2223 1918 2353 1973; x_wconf 90' lang='lat' dir='ltr'><strong>dent</strong></span> <span class='ocrx_word' id='word_1_637' title='bbox 2379 1917 2532 1990; x_wconf 79' lang='lat' dir='ltr'><strong>(Luc.</strong></span> <span class='ocrx_word' id='word_1_638' title='bbox 2558 1920 2611 1976; x_wconf 87' lang='lat'><strong>6.</strong></span> <span class='ocrx_word' id='word_1_639' title='bbox 2641 1921 2756 1993; x_wconf 71' lang='grc'><strong>25).</strong></span> <span class='ocrx_word' id='word_1_640' title='bbox 2782 1921 3042 1989; x_wconf 85' lang='lat' dir='ltr'><strong>Quocirca</strong></span> <span class='ocrx_word' id='word_1_641' title='bbox 3064 1926 3418 1983; x_wconf 87' lang='lat' dir='ltr'><strong>beatitudines</strong></span> <span class='ocrx_word' id='word_1_642' title='bbox 3444 1928 3570 1984; x_wconf 87' lang='lat' dir='ltr'><strong>hinc</strong></span> <span class='ocrx_word' id='word_1_643' title='bbox 3594 1946 3835 1988; x_wconf 79' lang='lat' dir='ltr'><strong>exorsus</strong></span> 
     </span>
    </p>
   </div>
   <div class='ocr_carea' id='block_1_78' title="bbox 2222 2009 3832 2094">
    <p class='ocr_par' dir='ltr' id='par_1_78' title="bbox 2222 2009 3832 2094">
     <span class='ocr_line' id='line_1_78' title="bbox 2222 2009 3832 2094; baseline 0.007 -30"><span class='ocrx_word' id='word_1_644' title='bbox 2222 2019 2301 2064; x_wconf 87' lang='lat' dir='ltr'><strong>est</strong></span> <span class='ocrx_word' id='word_1_645' title='bbox 2320 2009 2416 2081; x_wconf 89' lang='lat' dir='ltr'><strong>(a),</strong></span> <span class='ocrx_word' id='word_1_646' title='bbox 2431 2012 2614 2079; x_wconf 83' lang='lat' dir='ltr'><strong>dicens</strong></span> <span class='ocrx_word' id='word_1_647' title='bbox 2639 2030 2654 2067; x_wconf 89' lang='lat'><strong>:</strong></span> <span class='ocrx_word' id='word_1_648' title='bbox 2671 2012 2815 2067; x_wconf 85' lang='lat' dir='ltr'><strong>Beati</strong></span> <span class='ocrx_word' id='word_1_649' title='bbox 2835 2016 2921 2083; x_wconf 83' lang='lat' dir='ltr'><strong>qui</strong></span> <span class='ocrx_word' id='word_1_650' title='bbox 2935 2016 3105 2086; x_wconf 82' lang='lat' dir='ltr'><strong>lugent</strong></span> <span class='ocrx_word' id='word_1_651' title='bbox 3121 2015 3333 2087; x_wconf 68' lang='lat' dir='ltr'><strong>(Matth.</strong></span> <span class='ocrx_word' id='word_1_652' title='bbox 3353 2018 3407 2072; x_wconf 87' lang='lat'><strong>5.</strong></span> <span class='ocrx_word' id='word_1_653' title='bbox 3423 2019 3502 2090; x_wconf 89' lang='lat'><strong>5).</strong></span> <span class='ocrx_word' id='word_1_654' title='bbox 3518 2017 3574 2076; x_wconf 89' lang='lat' dir='ltr'><strong>Si</strong></span> <span class='ocrx_word' id='word_1_655' title='bbox 3591 2022 3673 2075; x_wconf 90' lang='lat' dir='ltr'><strong>vis</strong></span> <span class='ocrx_word' id='word_1_656' title='bbox 3693 2037 3832 2094; x_wconf 77' lang='lat' dir='ltr'><strong>ergo</strong></span> 
     </span>
    </p>
   </div>
   <div class='ocr_carea' id='block_1_79' title="bbox 2222 2102 3829 2178">
    <p class='ocr_par' dir='ltr' id='par_1_79' title="bbox 2222 2102 3829 2178">
     <span class='ocr_line' id='line_1_79' title="bbox 2222 2102 3829 2178; baseline 0.008 -22"><span class='ocrx_word' id='word_1_657' title='bbox 2222 2102 2321 2157; x_wconf 89' lang='lat' dir='ltr'><strong>hos</strong></span> <span class='ocrx_word' id='word_1_658' title='bbox 2345 2103 2541 2172; x_wconf 87' lang='lat' dir='ltr'><strong>gradus</strong></span> <span class='ocrx_word' id='word_1_659' title='bbox 2568 2105 2884 2173; x_wconf 86' lang='lat' dir='ltr'><strong>ascendere,</strong></span> <span class='ocrx_word' id='word_1_660' title='bbox 2908 2108 3047 2178; x_wconf 90' lang='lat' dir='ltr'><strong>quod</strong></span> <span class='ocrx_word' id='word_1_661' title='bbox 3076 2109 3240 2164; x_wconf 80' lang='lat' dir='ltr'><strong>estin</strong></span> <span class='ocrx_word' id='word_1_662' title='bbox 3271 2112 3375 2165; x_wconf 87' lang='lat' dir='ltr'><strong>vita</strong></span> <span class='ocrx_word' id='word_1_663' title='bbox 3407 2113 3567 2168; x_wconf 91' lang='lat' dir='ltr'><strong>molle</strong></span> <span class='ocrx_word' id='word_1_664' title='bbox 3590 2128 3829 2169; x_wconf 88' lang='lat' dir='ltr'><strong>enerva-</strong></span> 
     </span>
    </p>
   </div>
   <div class='ocr_carea' id='block_1_80' title="bbox 2222 2196 3826 2273">
    <p class='ocr_par' dir='ltr' id='par_1_80' title="bbox 2222 2196 3826 2273">
     <span class='ocr_line' id='line_1_80' title="bbox 2222 2196 3826 2273; baseline 0.009 -27"><span class='ocrx_word' id='word_1_665' title='bbox 2222 2204 2441 2263; x_wconf 88' lang='lat' dir='ltr'><strong>tumque</strong></span> <span class='ocrx_word' id='word_1_666' title='bbox 2481 2204 2535 2250; x_wconf 91' lang='lat' dir='ltr'><strong>et</strong></span> <span class='ocrx_word' id='word_1_667' title='bbox 2576 2196 2891 2252; x_wconf 85' lang='lat' dir='ltr'><strong>dissolutum</strong></span> <span class='ocrx_word' id='word_1_668' title='bbox 2942 2212 3146 2265; x_wconf 89' lang='lat' dir='ltr'><strong>reseca,</strong></span> <span class='ocrx_word' id='word_1_669' title='bbox 3195 2209 3251 2254; x_wconf 90' lang='lat' dir='ltr'><strong>et</strong></span> <span class='ocrx_word' id='word_1_670' title='bbox 3298 2200 3565 2273; x_wconf 78' lang='lat' dir='ltr'><strong>laboriosa</strong></span> <span class='ocrx_word' id='word_1_671' title='bbox 3603 2206 3826 2271; x_wconf 78' lang='lat' dir='ltr'><strong>vivendi</strong></span> 
     </span>
    </p>
   </div>
   <div class='ocr_carea' id='block_1_81' title="bbox 2218 2286 3825 2359">
    <p class='ocr_par' dir='ltr' id='par_1_81' title="bbox 2218 2286 3825 2359">
     <span class='ocr_line' id='line_1_81' title="bbox 2218 2286 3825 2359; baseline 0.009 -20"><span class='ocrx_word' id='word_1_672' title='bbox 2218 2286 2427 2341; x_wconf 88' lang='lat' dir='ltr'><strong>ratione</strong></span> <span class='ocrx_word' id='word_1_673' title='bbox 2452 2296 2504 2341; x_wconf 89' lang='lat' dir='ltr'><strong>te</strong></span> <span class='ocrx_word' id='word_1_674' title='bbox 2543 2288 2714 2358; x_wconf 90' lang='lat' dir='ltr'><strong>ipsum</strong></span> <span class='ocrx_word' id='word_1_675' title='bbox 2747 2290 2984 2359; x_wconf 83' lang='lat' dir='ltr'><strong>astringe</strong></span> <span class='ocrx_word' id='word_1_676' title='bbox 3012 2299 3067 2346; x_wconf 89' lang='lat' dir='ltr'><strong>et</strong></span> <span class='ocrx_word' id='word_1_677' title='bbox 3102 2291 3358 2348; x_wconf 83' lang='lat' dir='ltr'><strong>contin’e:</strong></span> <span class='ocrx_word' id='word_1_678' title='bbox 3389 2309 3419 2347; x_wconf 90' lang='lat' dir='ltr'><strong>a</strong></span> <span class='ocrx_word' id='word_1_679' title='bbox 3449 2296 3679 2352; x_wconf 88' lang='lat' dir='ltr'><strong>terrenis</strong></span> <span class='ocrx_word' id='word_1_680' title='bbox 3720 2313 3825 2353; x_wconf 90' lang='lat' dir='ltr'><strong>nc-</strong></span> 
     </span>
    </p>
   </div>
   <div class='ocr_carea' id='block_1_82' title="bbox 2218 2377 3827 2456">
    <p class='ocr_par' dir='ltr' id='par_1_82' title="bbox 2218 2377 3827 2456">
     <span class='ocr_line' id='line_1_82' title="bbox 2218 2377 3827 2456; baseline 0.008 -25"><span class='ocrx_word' id='word_1_681' title='bbox 2218 2377 2375 2448; x_wconf 79' lang='lat' dir='ltr'><strong>gonis</strong></span> <span class='ocrx_word' id='word_1_682' title='bbox 2411 2377 2638 2433; x_wconf 86' lang='lat' dir='ltr'><strong>abstine.</strong></span> <span class='ocrx_word' id='word_1_683' title='bbox 2690 2379 2789 2434; x_wconf 86' lang='lat' dir='ltr'><strong>Hic</strong></span> <span class='ocrx_word' id='word_1_684' title='bbox 2826 2390 2908 2435; x_wconf 87' lang='lat' dir='ltr'><strong>est</strong></span> <span class='ocrx_word' id='word_1_685' title='bbox 2942 2382 3145 2452; x_wconf 88' lang='lat' dir='ltr'><strong>primus</strong></span> <span class='ocrx_word' id='word_1_686' title='bbox 3173 2398 3447 2440; x_wconf 87' lang='lat' dir='ltr'><strong>ascensus.</strong></span> <span class='ocrx_word' id='word_1_687' title='bbox 3492 2385 3608 2440; x_wconf 84' lang='lat' dir='ltr'><strong>Non</strong></span> <span class='ocrx_word' id='word_1_688' title='bbox 3642 2399 3827 2456; x_wconf 87' lang='lat' dir='ltr'><strong>potest</strong></span> 
     </span>
    </p>
   </div>
   <div class='ocr_carea' id='block_1_83' title="bbox 2218 2468 3821 2549">
    <p class='ocr_par' dir='ltr' id='par_1_83' title="bbox 2218 2468 3821 2549">
     <span class='ocr_line' id='line_1_83' title="bbox 2218 2468 3821 2549; baseline 0.009 -27"><span class='ocrx_word' id='word_1_689' title='bbox 2218 2468 2360 2522; x_wconf 85' lang='lat' dir='ltr'><strong>enim</strong></span> <span class='ocrx_word' id='word_1_690' title='bbox 2384 2468 2520 2533; x_wconf 80' lang='lat' dir='ltr'><strong>ﬁeri,</strong></span> <span class='ocrx_word' id='word_1_691' title='bbox 2552 2486 2655 2523; x_wconf 84' lang='lat' dir='ltr'><strong>non</strong></span> <span class='ocrx_word' id='word_1_692' title='bbox 2680 2480 2855 2539; x_wconf 85' lang='lat' dir='ltr'><strong>potest</strong></span> <span class='ocrx_word' id='word_1_693' title='bbox 2882 2483 2939 2527; x_wconf 89' lang='lat' dir='ltr'><strong>ut</strong></span> <span class='ocrx_word' id='word_1_694' title='bbox 2963 2474 3122 2527; x_wconf 86' lang='lat' dir='ltr'><strong>simul</strong></span> <span class='ocrx_word' id='word_1_695' title='bbox 3150 2483 3202 2530; x_wconf 92' lang='lat' dir='ltr'><strong>et</strong></span> <span class='ocrx_word' id='word_1_696' title='bbox 3230 2476 3430 2531; x_wconf 87' lang='lat' dir='ltr'><strong>scalam</strong></span> <span class='ocrx_word' id='word_1_697' title='bbox 3455 2480 3821 2549; x_wconf 85' lang='lat' dir='ltr'><strong>conscendas,</strong></span> 
     </span>
    </p>
   </div>
   <div class='ocr_carea' id='block_1_84' title="bbox 2218 2561 2785 2620">
    <p class='ocr_par' dir='ltr' id='par_1_84' title="bbox 2218 2561 2785 2620">
     <span class='ocr_line' id='line_1_84' title="bbox 2218 2561 2785 2620; baseline 0.004 -4"><span class='ocrx_word' id='word_1_698' title='bbox 2218 2570 2274 2616; x_wconf 83' lang='lat' dir='ltr'><strong>et</strong></span> <span class='ocrx_word' id='word_1_699' title='bbox 2304 2561 2356 2615; x_wconf 92' lang='lat' dir='ltr'><strong>in</strong></span> <span class='ocrx_word' id='word_1_700' title='bbox 2388 2572 2529 2617; x_wconf 85' lang='lat' dir='ltr'><strong>terra</strong></span> <span class='ocrx_word' id='word_1_701' title='bbox 2560 2562 2785 2620; x_wconf 67' lang='lat' dir='ltr'><strong>haareas.</strong></span> 
     </span>
    </p>
   </div>
   <div class='ocr_carea' id='block_1_85' title="bbox 2287 2653 3823 2724">
    <p class='ocr_par' dir='ltr' id='par_1_85' title="bbox 2287 2653 3823 2724">
     <span class='ocr_line' id='line_1_85' title="bbox 2287 2653 3823 2724; baseline 0.009 -19"><span class='ocrx_word' id='word_1_702' title='bbox 2287 2653 2341 2706; x_wconf 75' lang='grc'><strong>2.</strong></span> <span class='ocrx_word' id='word_1_703' title='bbox 2386 2653 2547 2708; x_wconf 85' lang='lat' dir='ltr'><strong>Vides</strong></span> <span class='ocrx_word' id='word_1_704' title='bbox 2573 2666 2771 2724; x_wconf 89' lang='lat' dir='ltr'><strong>quanta</strong></span> <span class='ocrx_word' id='word_1_705' title='bbox 2800 2658 2869 2711; x_wconf 89' lang='lat' dir='ltr'><strong>sit</strong></span> <span class='ocrx_word' id='word_1_706' title='bbox 2897 2658 3014 2712; x_wconf 83' lang='lat' dir='ltr'><strong>caeli</strong></span> <span class='ocrx_word' id='word_1_707' title='bbox 3041 2658 3300 2714; x_wconf 83' lang='lat' dir='ltr'><strong>altitudo:</strong></span> <span class='ocrx_word' id='word_1_708' title='bbox 3332 2661 3471 2716; x_wconf 90' lang='lat' dir='ltr'><strong>nosti</strong></span> <span class='ocrx_word' id='word_1_709' title='bbox 3498 2661 3823 2719; x_wconf 82' lang='lat' dir='ltr'><strong>brevitatem</strong></span> 
     </span>
    </p>
   </div>
   <div class='ocr_carea' id='block_1_86' title="bbox 2215 2745 3827 2817">
    <p class='ocr_par' dir='ltr' id='par_1_86' title="bbox 2215 2745 3827 2817">
     <span class='ocr_line' id='line_1_86' title="bbox 2215 2745 3827 2817; baseline 0.01 -20"><span class='ocrx_word' id='word_1_710' title='bbox 2215 2745 2473 2815; x_wconf 88' lang='lat' dir='ltr'><strong>temporis</strong></span> <span class='ocrx_word' id='word_1_711' title='bbox 2503 2763 2514 2799; x_wconf 90' lang='lat'><strong>:</strong></span> <span class='ocrx_word' id='word_1_712' title='bbox 2548 2747 2653 2801; x_wconf 91' lang='lat' dir='ltr'><strong>scis</strong></span> <span class='ocrx_word' id='word_1_713' title='bbox 2687 2762 2845 2817; x_wconf 88' lang='lat' dir='ltr'><strong>quam</strong></span> <span class='ocrx_word' id='word_1_714' title='bbox 2873 2750 2942 2804; x_wconf 90' lang='lat' dir='ltr'><strong>sit</strong></span> <span class='ocrx_word' id='word_1_715' title='bbox 2980 2765 3126 2805; x_wconf 90' lang='lat' dir='ltr'><strong>mors</strong></span> <span class='ocrx_word' id='word_1_716' title='bbox 3162 2751 3389 2805; x_wconf 91' lang='lat' dir='ltr'><strong>incerta.</strong></span> <span class='ocrx_word' id='word_1_717' title='bbox 3430 2752 3510 2809; x_wconf 85' lang='lat' dir='ltr'><strong>Ne</strong></span> <span class='ocrx_word' id='word_1_718' title='bbox 3542 2758 3827 2813; x_wconf 79' lang='lat' dir='ltr'><strong>cunctaris</strong></span> 
     </span>
    </p>
   </div>
   <div class='ocr_carea' id='block_1_87' title="bbox 2212 2835 3823 2915">
    <p class='ocr_par' dir='ltr' id='par_1_87' title="bbox 2212 2835 3823 2915">
     <span class='ocr_line' id='line_1_87' title="bbox 2212 2835 3823 2915; baseline 0.007 -26"><span class='ocrx_word' id='word_1_719' title='bbox 2212 2850 2341 2906; x_wconf 86' lang='lat' dir='ltr'><strong>ergo</strong></span> <span class='ocrx_word' id='word_1_720' title='bbox 2363 2876 2379 2903; x_wconf 97' lang='lat'><strong>,</strong></span> <span class='ocrx_word' id='word_1_721' title='bbox 2408 2851 2507 2890; x_wconf 90' lang='lat' dir='ltr'><strong>nec</strong></span> <span class='ocrx_word' id='word_1_722' title='bbox 2528 2835 2742 2892; x_wconf 74' lang='lat' dir='ltr'><strong>diii‘eras</strong></span> <span class='ocrx_word' id='word_1_723' title='bbox 2762 2878 2775 2901; x_wconf 90' lang='lat'><strong>,</strong></span> <span class='ocrx_word' id='word_1_724' title='bbox 2804 2838 2899 2892; x_wconf 90' lang='lat' dir='ltr'><strong>sed</strong></span> <span class='ocrx_word' id='word_1_725' title='bbox 2937 2838 3076 2894; x_wconf 90' lang='lat' dir='ltr'><strong>hanc</strong></span> <span class='ocrx_word' id='word_1_726' title='bbox 3100 2842 3584 2911; x_wconf 85' lang='lat' dir='ltr'><strong>peregrinationem</strong></span> <span class='ocrx_word' id='word_1_727' title='bbox 3621 2860 3823 2915; x_wconf 79' lang='lat' dir='ltr'><strong>magna</strong></span> 
     </span>
    </p>
   </div>
   <div class='ocr_carea' id='block_1_88' title="bbox 2211 2930 3822 3009">
    <p class='ocr_par' dir='ltr' id='par_1_88' title="bbox 2211 2930 3822 3009">
     <span class='ocr_line' id='line_1_88' title="bbox 2211 2930 3822 3009; baseline 0.007 -26"><span class='ocrx_word' id='word_1_728' title='bbox 2211 2931 2263 2983; x_wconf 88' lang='lat' dir='ltr'><strong>vi</strong></span> <span class='ocrx_word' id='word_1_729' title='bbox 2290 2930 2598 3000; x_wconf 83' lang='lat' dir='ltr'><strong>aggredere,</strong></span> <span class='ocrx_word' id='word_1_730' title='bbox 2633 2940 2689 2985; x_wconf 90' lang='lat' dir='ltr'><strong>ut</strong></span> <span class='ocrx_word' id='word_1_731' title='bbox 2719 2946 2826 2986; x_wconf 88' lang='lat' dir='ltr'><strong>uno</strong></span> <span class='ocrx_word' id='word_1_732' title='bbox 2854 2931 2942 2987; x_wconf 91' lang='lat' dir='ltr'><strong>die</strong></span> <span class='ocrx_word' id='word_1_733' title='bbox 2971 2932 3125 3001; x_wconf 87' lang='lat' dir='ltr'><strong>duos,</strong></span> <span class='ocrx_word' id='word_1_734' title='bbox 3161 2944 3290 3002; x_wconf 86' lang='lat' dir='ltr'><strong>tres,</strong></span> <span class='ocrx_word' id='word_1_735' title='bbox 3322 2936 3506 2993; x_wconf 88' lang='lat' dir='ltr'><strong>decem</strong></span> <span class='ocrx_word' id='word_1_736' title='bbox 3537 2948 3594 2993; x_wconf 89' lang='lat' dir='ltr'><strong>et</strong></span> <span class='ocrx_word' id='word_1_737' title='bbox 3625 2939 3822 3009; x_wconf 87' lang='lat' dir='ltr'><strong>viginti</strong></span> 
     </span>
    </p>
   </div>
   <div class='ocr_carea' id='block_1_89' title="bbox 2211 3020 2786 3090">
    <p class='ocr_par' dir='ltr' id='par_1_89' title="bbox 2211 3020 2786 3090">
     <span class='ocr_line' id='line_1_89' title="bbox 2211 3020 2786 3090; baseline 0.003 -17"><span class='ocrx_word' id='word_1_738' title='bbox 2211 3021 2409 3090; x_wconf 87' lang='lat' dir='ltr'><strong>gradus</strong></span> <span class='ocrx_word' id='word_1_739' title='bbox 2436 3020 2786 3078; x_wconf 86' lang='lat' dir='ltr'><strong>conscendas.</strong></span> 
     </span>
    </p>
   </div>
   <div class='ocr_carea' id='block_1_90' title="bbox 2282 3109 3825 3187">
    <p class='ocr_par' dir='ltr' id='par_1_90' title="bbox 2282 3109 3825 3187">
     <span class='ocr_line' id='line_1_90' title="bbox 2282 3109 3825 3187; baseline 0.008 -25"><span class='ocrx_word' id='word_1_740' title='bbox 2282 3109 2463 3164; x_wconf 83' lang='lat' dir='ltr'><strong>Dolosi</strong></span> <span class='ocrx_word' id='word_1_741' title='bbox 2488 3111 2751 3182; x_wconf 82' lang='lat' dir='ltr'><strong>fugiendi;</strong></span> <span class='ocrx_word' id='word_1_742' title='bbox 2777 3112 3113 3183; x_wconf 81' lang='lat' dir='ltr'><strong>improbitatis</strong></span> <span class='ocrx_word' id='word_1_743' title='bbox 3142 3117 3467 3186; x_wconf 76' lang='lat' dir='ltr'><strong>supplicium.</strong></span> <span class='ocrx_word' id='word_1_744' title='bbox 3504 3146 3577 3159; x_wconf 91' lang='lat'>—</span> <span class='ocrx_word' id='word_1_745' title='bbox 3610 3118 3666 3187; x_wconf 75' lang='lat'><strong>2.</strong></span> <span class='ocrx_word' id='word_1_746' title='bbox 3706 3119 3825 3176; x_wconf 76' lang='lat' dir='ltr'><strong>Do-</strong></span> 
     </span>
    </p>
   </div>
   <div class='ocr_carea' id='block_1_91' title="bbox 2210 3200 3823 3282">
    <p class='ocr_par' dir='ltr' id='par_1_91' title="bbox 2210 3200 3823 3282">
     <span class='ocr_line' id='line_1_91' title="bbox 2210 3200 3823 3282; baseline 0.008 -30"><span class='ocrx_word' id='word_1_747' title='bbox 2210 3201 2365 3267; x_wconf 87' lang='lat' dir='ltr'><strong>mine,</strong></span> <span class='ocrx_word' id='word_1_748' title='bbox 2394 3200 2551 3254; x_wconf 85' lang='lat' dir='ltr'><strong>libera</strong></span> <span class='ocrx_word' id='word_1_749' title='bbox 2577 3202 2799 3254; x_wconf 83' lang='lat' dir='ltr'><strong>animam</strong></span> <span class='ocrx_word' id='word_1_750' title='bbox 2827 3220 2991 3256; x_wconf 82' lang='lat' dir='ltr'><strong>meam</strong></span> <span class='ocrx_word' id='word_1_751' title='bbox 3014 3221 3046 3257; x_wconf 90' lang='lat' dir='ltr'><strong>a</strong></span> <span class='ocrx_word' id='word_1_752' title='bbox 3074 3204 3222 3259; x_wconf 82' lang='lat' dir='ltr'><strong>labiis</strong></span> <span class='ocrx_word' id='word_1_753' title='bbox 3246 3207 3431 3276; x_wconf 79' lang='lat' dir='ltr'><strong>iniquis</strong></span> <span class='ocrx_word' id='word_1_754' title='bbox 3449 3247 3465 3275; x_wconf 94' lang='lat'><strong>,</strong></span> <span class='ocrx_word' id='word_1_755' title='bbox 3499 3218 3547 3263; x_wconf 89' lang='lat' dir='ltr'><strong>et</strong></span> <span class='ocrx_word' id='word_1_756' title='bbox 3576 3225 3609 3263; x_wconf 72' lang='grc' dir='ltr'><strong>ιι</strong></span> <span class='ocrx_word' id='word_1_757' title='bbox 3634 3210 3823 3282; x_wconf 78' lang='lat' dir='ltr'><strong>lingua</strong></span> 
     </span>
    </p>
   </div>
   <div class='ocr_carea' id='block_1_92' title="bbox 2207 3291 3827 3368">
    <p class='ocr_par' dir='ltr' id='par_1_92' title="bbox 2207 3291 3827 3368">
     <span class='ocr_line' id='line_1_92' title="bbox 2207 3291 3827 3368; baseline 0.007 -22"><span class='ocrx_word' id='word_1_758' title='bbox 2207 3293 2402 3346; x_wconf 84' lang='lat' dir='ltr'><strong>dolosa.</strong></span> <span class='ocrx_word' id='word_1_759' title='bbox 2438 3291 2567 3348; x_wconf 79' lang='lat' dir='ltr'><strong>Vide</strong></span> <span class='ocrx_word' id='word_1_760' title='bbox 2594 3292 2679 3347; x_wconf 89' lang='lat' dir='ltr'><strong>hic</strong></span> <span class='ocrx_word' id='word_1_761' title='bbox 2703 3308 2915 3364; x_wconf 90' lang='lat' dir='ltr'><strong>quoque</strong></span> <span class='ocrx_word' id='word_1_762' title='bbox 2946 3297 3124 3351; x_wconf 84' lang='lat' dir='ltr'><strong>lucere</strong></span> <span class='ocrx_word' id='word_1_763' title='bbox 3159 3307 3480 3368; x_wconf 66' lang='lat' dir='ltr'><strong>praeceptum</strong></span> <span class='ocrx_word' id='word_1_764' title='bbox 3503 3299 3633 3359; x_wconf 88' lang='lat' dir='ltr'><strong>illud</strong></span> <span class='ocrx_word' id='word_1_765' title='bbox 3647 3316 3827 3358; x_wconf 79' lang='lat' dir='ltr'><strong>evan-</strong></span> 
     </span>
    </p>
   </div>
   <div class='ocr_carea' id='block_1_93' title="bbox 2205 3383 3817 3466">
    <p class='ocr_par' dir='ltr' id='par_1_93' title="bbox 2205 3383 3817 3466">
     <span class='ocr_line' id='line_1_93' title="bbox 2205 3383 3817 3466; baseline 0.01 -29"><span class='ocrx_word' id='word_1_766' title='bbox 2205 3384 2436 3453; x_wconf 86' lang='lat' dir='ltr'><strong>gelicum</strong></span> <span class='ocrx_word' id='word_1_767' title='bbox 2461 3400 2473 3438; x_wconf 89' lang='lat'>:</span> <span class='ocrx_word' id='word_1_768' title='bbox 2498 3383 2672 3452; x_wconf 88' lang='lat' dir='ltr'><strong>Orate,</strong></span> <span class='ocrx_word' id='word_1_769' title='bbox 2696 3387 3035 3443; x_wconf 85' lang='lat' dir='ltr'><strong>ne&#39;intretisin</strong></span> <span class='ocrx_word' id='word_1_770' title='bbox 3051 3391 3373 3446; x_wconf 82' lang='lat' dir='ltr'><strong>tentationem</strong></span> <span class='ocrx_word' id='word_1_771' title='bbox 3391 3390 3545 3461; x_wconf 85' lang='lat' dir='ltr'><strong>(Luc.</strong></span> <span class='ocrx_word' id='word_1_772' title='bbox 3575 3384 3817 3466; x_wconf 53' lang='grc' dir='ltr'><strong>πω).</strong></span> 
     </span>
    </p>
   </div>
   <div class='ocr_carea' id='block_1_94' title="bbox 2206 3474 3822 3553">
    <p class='ocr_par' dir='ltr' id='par_1_94' title="bbox 2206 3474 3822 3553">
     <span class='ocr_line' id='line_1_94' title="bbox 2206 3474 3822 3553; baseline 0.007 -24"><span class='ocrx_word' id='word_1_773' title='bbox 2206 3474 2359 3529; x_wconf 91' lang='lat' dir='ltr'><strong>Nulla</strong></span> <span class='ocrx_word' id='word_1_774' title='bbox 2372 3476 2513 3530; x_wconf 90' lang='lat' dir='ltr'><strong>enim</strong></span> <span class='ocrx_word' id='word_1_775' title='bbox 2530 3485 2631 3543; x_wconf 89' lang='lat' dir='ltr'><strong>est,</strong></span> <span class='ocrx_word' id='word_1_776' title='bbox 2644 3490 2678 3531; x_wconf 94' lang='lat' dir='ltr'><strong>o</strong></span> <span class='ocrx_word' id='word_1_777' title='bbox 2692 3476 2904 3543; x_wconf 87' lang='lat' dir='ltr'><strong>dilecte,</strong></span> <span class='ocrx_word' id='word_1_778' title='bbox 2922 3480 3136 3549; x_wconf 88' lang='lat' dir='ltr'><strong>gravior</strong></span> <span class='ocrx_word' id='word_1_779' title='bbox 3153 3482 3392 3548; x_wconf 88' lang='lat' dir='ltr'><strong>tentatio,</strong></span> <span class='ocrx_word' id='word_1_780' title='bbox 3407 3498 3565 3553; x_wconf 86' lang='lat' dir='ltr'><strong>quam</strong></span> <span class='ocrx_word' id='word_1_781' title='bbox 3584 3486 3635 3539; x_wconf 88' lang='lat' dir='ltr'><strong>in</strong></span> <span class='ocrx_word' id='word_1_782' title='bbox 3656 3485 3822 3542; x_wconf 89' lang='lat' dir='ltr'><strong>dolo-</strong></span> 
     </span>
    </p>
   </div>
   <div class='ocr_carea' id='block_1_95' title="bbox 2208 3566 3814 3644">
    <p class='ocr_par' dir='ltr' id='par_1_95' title="bbox 2208 3566 3814 3644">
     <span class='ocr_line' id='line_1_95' title="bbox 2208 3566 3814 3644; baseline 0.009 -25"><span class='ocrx_word' id='word_1_783' title='bbox 2208 3580 2325 3619; x_wconf 90' lang='lat' dir='ltr'><strong>sum</strong></span> <span class='ocrx_word' id='word_1_784' title='bbox 2354 3566 2623 3621; x_wconf 87' lang='lat' dir='ltr'><strong>hominem</strong></span> <span class='ocrx_word' id='word_1_785' title='bbox 2653 3567 2887 3622; x_wconf 88' lang='lat' dir='ltr'><strong>incidere</strong></span> <span class='ocrx_word' id='word_1_786' title='bbox 2912 3586 2925 3620; x_wconf 89' lang='lat'><strong>:</strong></span> <span class='ocrx_word' id='word_1_787' title='bbox 2958 3570 3003 3623; x_wconf 92' lang='lat' dir='ltr'><strong>is</strong></span> <span class='ocrx_word' id='word_1_788' title='bbox 3031 3570 3226 3640; x_wconf 89' lang='lat' dir='ltr'><strong>quippe</strong></span> <span class='ocrx_word' id='word_1_789' title='bbox 3253 3582 3335 3626; x_wconf 89' lang='lat' dir='ltr'><strong>est</strong></span> <span class='ocrx_word' id='word_1_790' title='bbox 3358 3575 3444 3628; x_wconf 91' lang='lat' dir='ltr'><strong>vel</strong></span> <span class='ocrx_word' id='word_1_791' title='bbox 3475 3576 3663 3644; x_wconf 89' lang='lat' dir='ltr'><strong>quavis</strong></span> <span class='ocrx_word' id='word_1_792' title='bbox 3692 3574 3814 3633; x_wconf 81' lang='lat' dir='ltr'><strong>fera</strong></span> 
     </span>
    </p>
   </div>
   <div class='ocr_carea' id='block_1_96' title="bbox 2206 3658 3815 3731">
    <p class='ocr_par' dir='ltr' id='par_1_96' title="bbox 2206 3658 3815 3731">
     <span class='ocr_line' id='line_1_96' title="bbox 2206 3658 3815 3731; baseline 0.007 -18"><span class='ocrx_word' id='word_1_793' title='bbox 2206 3658 2573 3713; x_wconf 88' lang='lat' dir='ltr'><strong>truculentior.</strong></span> <span class='ocrx_word' id='word_1_794' title='bbox 2620 3660 2694 3713; x_wconf 89' lang='lat' dir='ltr'><strong>Ea</strong></span> <span class='ocrx_word' id='word_1_795' title='bbox 2725 3660 2868 3714; x_wconf 88' lang='lat' dir='ltr'><strong>enim</strong></span> <span class='ocrx_word' id='word_1_796' title='bbox 2894 3661 2946 3715; x_wconf 89' lang='lat' dir='ltr'><strong>id</strong></span> <span class='ocrx_word' id='word_1_797' title='bbox 2984 3661 3125 3731; x_wconf 88' lang='lat' dir='ltr'><strong>quod</strong></span> <span class='ocrx_word' id='word_1_798' title='bbox 3152 3671 3237 3718; x_wconf 89' lang='lat' dir='ltr'><strong>est</strong></span> <span class='ocrx_word' id='word_1_799' title='bbox 3261 3678 3381 3720; x_wconf 86' lang='lat' dir='ltr'><strong>esse</strong></span> <span class='ocrx_word' id='word_1_800' title='bbox 3418 3666 3685 3723; x_wconf 89' lang='lat' dir='ltr'><strong>cernitur:</strong></span> <span class='ocrx_word' id='word_1_801' title='bbox 3719 3668 3815 3725; x_wconf 86' lang='lat' dir='ltr'><strong>hic</strong></span> 
     </span>
    </p>
   </div>
   <div class='ocr_carea' id='block_1_97' title="bbox 2206 3737 3814 3829">
    <p class='ocr_par' dir='ltr' id='par_1_97' title="bbox 2206 3737 3814 3829">
     <span class='ocr_line' id='line_1_97' title="bbox 2206 3737 3814 3829; baseline 0.007 -27"><span class='ocrx_word' id='word_1_802' title='bbox 2206 3759 2382 3804; x_wconf 83' lang='lat' dir='ltr'><strong>autem</strong></span> <span class='ocrx_word' id='word_1_803' title='bbox 2407 3737 2793 3805; x_wconf 53' lang='lat' dir='ltr'><strong>obtento&#39;velo</strong></span> <span class='ocrx_word' id='word_1_804' title='bbox 2821 3753 3244 3808; x_wconf 85' lang='lat' dir='ltr'><strong>mansuetudinis</strong></span> <span class='ocrx_word' id='word_1_805' title='bbox 3258 3764 3328 3809; x_wconf 67' lang='lat' dir='ltr'><strong>~et</strong></span> <span class='ocrx_word' id='word_1_806' title='bbox 3353 3757 3637 3826; x_wconf 82' lang='lat' dir='ltr'><strong>probitatis</strong></span> <span class='ocrx_word' id='word_1_807' title='bbox 3660 3773 3814 3829; x_wconf 70' lang='lat' dir='ltr'><strong>saepe</strong></span> 
     </span>
    </p>
   </div>
   <div class='ocr_carea' id='block_1_98' title="bbox 2207 3840 3810 3917">
    <p class='ocr_par' dir='ltr' id='par_1_98' title="bbox 2207 3840 3810 3917">
     <span class='ocr_line' id='line_1_98' title="bbox 2207 3840 3810 3917; baseline 0.009 -26"><span class='ocrx_word' id='word_1_808' title='bbox 2207 3840 2352 3894; x_wconf 88' lang='lat' dir='ltr'><strong>virus</strong></span> <span class='ocrx_word' id='word_1_809' title='bbox 2383 3840 2632 3903; x_wconf 88' lang='lat' dir='ltr'><strong>occultat,</strong></span> <span class='ocrx_word' id='word_1_810' title='bbox 2662 3850 2837 3897; x_wconf 86' lang='lat' dir='ltr'><strong>utnec</strong></span> <span class='ocrx_word' id='word_1_811' title='bbox 2875 3842 3032 3897; x_wconf 80' lang='lat' dir='ltr'><strong>facile</strong></span> <span class='ocrx_word' id='word_1_812' title='bbox 3068 3844 3273 3913; x_wconf 89' lang='lat' dir='ltr'><strong>possint</strong></span> <span class='ocrx_word' id='word_1_813' title='bbox 3304 3846 3634 3917; x_wconf 87' lang='lat' dir='ltr'><strong>deprehendi</strong></span> <span class='ocrx_word' id='word_1_814' title='bbox 3671 3852 3810 3907; x_wconf 87' lang='lat' dir='ltr'><strong>insi-</strong></span> 
     </span>
    </p>
   </div>
   <div class='ocr_carea' id='block_1_99' title="bbox 2203 3930 3801 4000">
    <p class='ocr_par' dir='ltr' id='par_1_99' title="bbox 2203 3930 3801 4000">
     <span class='ocr_line' id='line_1_99' title="bbox 2203 3930 3801 4000; baseline 0.009 -15"><span class='ocrx_word' id='word_1_815' title='bbox 2203 3930 2325 3995; x_wconf 81' lang='lat' dir='ltr'><strong>diae,</strong></span> <span class='ocrx_word' id='word_1_816' title='bbox 2346 3940 2401 3987; x_wconf 93' lang='lat' dir='ltr'><strong>et</strong></span> <span class='ocrx_word' id='word_1_817' title='bbox 2427 3933 2479 3985; x_wconf 90' lang='lat' dir='ltr'><strong>in</strong></span> <span class='ocrx_word' id='word_1_818' title='bbox 2500 3932 2806 3987; x_wconf 88' lang='lat' dir='ltr'><strong>barathrum</strong></span> <span class='ocrx_word' id='word_1_819' title='bbox 2825 3934 2965 3988; x_wconf 85' lang='lat' dir='ltr'><strong>nulla</strong></span> <span class='ocrx_word' id='word_1_820' title='bbox 2988 3934 3221 3990; x_wconf 88' lang='lat' dir='ltr'><strong>adhibita</strong></span> <span class='ocrx_word' id='word_1_821' title='bbox 3243 3940 3490 3995; x_wconf 75' lang='lat' dir='ltr'><strong>cautione</strong></span> <span class='ocrx_word' id='word_1_822' title='bbox 3517 3940 3801 4000; x_wconf 88' lang='lat' dir='ltr'><strong>incidatur.</strong></span> 
     </span>
    </p>
   </div>
   <div class='ocr_carea' id='block_1_100' title="bbox 2203 4020 3805 4100">
    <p class='ocr_par' dir='ltr' id='par_1_100' title="bbox 2203 4020 3805 4100">
     <span class='ocr_line' id='line_1_100' title="bbox 2203 4020 3805 4100; baseline 0.01 -26"><span class='ocrx_word' id='word_1_823' title='bbox 2203 4020 2541 4091; x_wconf 89' lang='lat' dir='ltr'><strong>Quapropter</strong></span> <span class='ocrx_word' id='word_1_824' title='bbox 2570 4021 2764 4091; x_wconf 87' lang='lat' dir='ltr'><strong>ubique</strong></span> <span class='ocrx_word' id='word_1_825' title='bbox 2789 4038 2817 4077; x_wconf 87' lang='lat' dir='ltr'><strong>a</strong></span> <span class='ocrx_word' id='word_1_826' title='bbox 2849 4023 2962 4078; x_wconf 88' lang='lat' dir='ltr'><strong>Deo</strong></span> <span class='ocrx_word' id='word_1_827' title='bbox 2992 4024 3092 4080; x_wconf 91' lang='lat' dir='ltr'><strong>hoc</strong></span> <span class='ocrx_word' id='word_1_828' title='bbox 3120 4028 3334 4083; x_wconf 87' lang='lat' dir='ltr'><strong>assidue</strong></span> <span class='ocrx_word' id='word_1_829' title='bbox 3362 4031 3614 4100; x_wconf 78' lang='lat' dir='ltr'><strong>postulat,</strong></span> <span class='ocrx_word' id='word_1_830' title='bbox 3647 4042 3709 4089; x_wconf 89' lang='lat' dir='ltr'><strong>ut</strong></span> <span class='ocrx_word' id='word_1_831' title='bbox 3736 4036 3805 4090; x_wconf 88' lang='lat' dir='ltr'><strong>li-</strong></span> 
     </span>
    </p>
   </div>
   <div class='ocr_carea' id='block_1_101' title="bbox 2202 4111 3800 4198">
    <p class='ocr_par' dir='ltr' id='par_1_101' title="bbox 2202 4111 3800 4198">
     <span class='ocr_line' id='line_1_101' title="bbox 2202 4111 3800 4198; baseline 0.011 -31"><span class='ocrx_word' id='word_1_832' title='bbox 2202 4111 2419 4167; x_wconf 88' lang='lat' dir='ltr'><strong>beretur</strong></span> <span class='ocrx_word' id='word_1_833' title='bbox 2460 4131 2489 4166; x_wconf 90' lang='lat' dir='ltr'><strong>a</strong></span> <span class='ocrx_word' id='word_1_834' title='bbox 2536 4114 2729 4169; x_wconf 87' lang='lat' dir='ltr'><strong>talibus</strong></span> <span class='ocrx_word' id='word_1_835' title='bbox 2778 4116 3194 4174; x_wconf 88' lang='lat' dir='ltr'><strong>insidiatoribus.</strong></span> <span class='ocrx_word' id='word_1_836' title='bbox 3235 4120 3292 4176; x_wconf 89' lang='lat' dir='ltr'><strong>Si</strong></span> <span class='ocrx_word' id='word_1_837' title='bbox 3338 4132 3516 4179; x_wconf 88' lang='lat' dir='ltr'><strong>autem</strong></span> <span class='ocrx_word' id='word_1_838' title='bbox 3565 4128 3800 4198; x_wconf 83' lang='lat' dir='ltr'><strong>fugiendi</strong></span> 
     </span>
    </p>
   </div>
   <div class='ocr_carea' id='block_1_102' title="bbox 2202 4202 3799 4289">
    <p class='ocr_par' dir='ltr' id='par_1_102' title="bbox 2202 4202 3799 4289">
     <span class='ocr_line' id='line_1_102' title="bbox 2202 4202 3799 4289; baseline 0.013 -31"><span class='ocrx_word' id='word_1_839' title='bbox 2202 4213 2327 4259; x_wconf 91' lang='lat' dir='ltr'><strong>sunt</strong></span> <span class='ocrx_word' id='word_1_840' title='bbox 2347 4202 2667 4261; x_wconf 69' lang='lat' dir='ltr'><strong>fraudulenti</strong></span> <span class='ocrx_word' id='word_1_841' title='bbox 2693 4216 2746 4263; x_wconf 90' lang='lat' dir='ltr'><strong>et</strong></span> <span class='ocrx_word' id='word_1_842' title='bbox 2773 4210 3043 4277; x_wconf 89' lang='lat' dir='ltr'><strong>malitiosi,</strong></span> <span class='ocrx_word' id='word_1_843' title='bbox 3075 4212 3245 4268; x_wconf 92' lang='lat' dir='ltr'><strong>multo</strong></span> <span class='ocrx_word' id='word_1_844' title='bbox 3272 4216 3439 4285; x_wconf 87' lang='lat' dir='ltr'><strong>magis</strong></span> <span class='ocrx_word' id='word_1_845' title='bbox 3459 4217 3799 4289; x_wconf 74' lang='lat' dir='ltr'><strong>deceptores,</strong></span> 
     </span>
    </p>
   </div>
   <div class='ocr_carea' id='block_1_103' title="bbox 2201 4296 3801 4384">
    <p class='ocr_par' dir='ltr' id='par_1_103' title="bbox 2201 4296 3801 4384">
     <span class='ocr_line' id='line_1_103' title="bbox 2201 4296 3801 4384; baseline 0.013 -35"><span class='ocrx_word' id='word_1_846' title='bbox 2201 4305 2255 4350; x_wconf 91' lang='lat' dir='ltr'><strong>et</strong></span> <span class='ocrx_word' id='word_1_847' title='bbox 2283 4296 2371 4365; x_wconf 89' lang='lat' dir='ltr'><strong>qui</strong></span> <span class='ocrx_word' id='word_1_848' title='bbox 2403 4298 2538 4352; x_wconf 88' lang='lat' dir='ltr'><strong>mala</strong></span> <span class='ocrx_word' id='word_1_849' title='bbox 2566 4298 2813 4369; x_wconf 87' lang='lat' dir='ltr'><strong>dogmata</strong></span> <span class='ocrx_word' id='word_1_850' title='bbox 2840 4300 3139 4370; x_wconf 84' lang='lat' dir='ltr'><strong>proferunt.</strong></span> <span class='ocrx_word' id='word_1_851' title='bbox 3167 4306 3395 4361; x_wconf 69' lang='lat' dir='ltr'><strong>Maxime</strong></span> <span class='ocrx_word' id='word_1_852' title='bbox 3414 4320 3593 4365; x_wconf 89' lang='lat' dir='ltr'><strong>autem</strong></span> <span class='ocrx_word' id='word_1_853' title='bbox 3617 4313 3801 4384; x_wconf 81' lang='lat' dir='ltr'><strong>iniqua</strong></span> 
     </span>
    </p>
   </div>
   <div class='ocr_carea' id='block_1_104' title="bbox 2200 4388 3800 4472">
    <p class='ocr_par' dir='ltr' id='par_1_104' title="bbox 2200 4388 3800 4472">
     <span class='ocr_line' id='line_1_104' title="bbox 2200 4388 3800 4472; baseline 0.013 -29"><span class='ocrx_word' id='word_1_854' title='bbox 2200 4403 2263 4443; x_wconf 91' lang='lat' dir='ltr'><strong>ea</strong></span> <span class='ocrx_word' id='word_1_855' title='bbox 2291 4388 2427 4444; x_wconf 86' lang='lat' dir='ltr'><strong>labia</strong></span> <span class='ocrx_word' id='word_1_856' title='bbox 2464 4405 2585 4446; x_wconf 89' lang='lat' dir='ltr'><strong>esse</strong></span> <span class='ocrx_word' id='word_1_857' title='bbox 2614 4392 2816 4446; x_wconf 86' lang='lat' dir='ltr'><strong>dixeris</strong></span> <span class='ocrx_word' id='word_1_858' title='bbox 2837 4432 2853 4458; x_wconf 95' lang='lat'><strong>,</strong></span> <span class='ocrx_word' id='word_1_859' title='bbox 2885 4409 3005 4464; x_wconf 72' lang='lat' dir='ltr'><strong>qua:</strong></span> <span class='ocrx_word' id='word_1_860' title='bbox 3050 4396 3106 4451; x_wconf 91' lang='lat' dir='ltr'><strong>in</strong></span> <span class='ocrx_word' id='word_1_861' title='bbox 3147 4398 3343 4455; x_wconf 89' lang='lat' dir='ltr'><strong>virtute</strong></span> <span class='ocrx_word' id='word_1_862' title='bbox 3370 4400 3606 4472; x_wconf 67' lang='lat' dir='ltr'><strong>laedunt,</strong></span> <span class='ocrx_word' id='word_1_863' title='bbox 3647 4415 3706 4461; x_wconf 85' lang='lat' dir='ltr'><strong>et</strong></span> <span class='ocrx_word' id='word_1_864' title='bbox 3731 4408 3800 4463; x_wconf 86' lang='lat' dir='ltr'><strong>ad</strong></span> 
     </span>
    </p>
   </div>
   <div class='ocr_carea' id='block_1_105' title="bbox 2201 4478 3805 4563">
    <p class='ocr_par' dir='ltr' id='par_1_105' title="bbox 2201 4478 3805 4563">
     <span class='ocr_line' id='line_1_105' title="bbox 2201 4478 3805 4563; baseline 0.014 -32"><span class='ocrx_word' id='word_1_865' title='bbox 2201 4478 2387 4533; x_wconf 90' lang='lat' dir='ltr'><strong>vitium</strong></span> <span class='ocrx_word' id='word_1_866' title='bbox 2413 4478 2700 4536; x_wconf 88' lang='lat' dir='ltr'><strong>adducunt.</strong></span> <span class='ocrx_word' id='word_1_867' title='bbox 2728 4482 2794 4537; x_wconf 83' lang='lat' dir='ltr'><strong>Et</strong></span> <span class='ocrx_word' id='word_1_868' title='bbox 2821 4483 2940 4539; x_wconf 86' lang='lat' dir='ltr'><strong>ideo</strong></span> <span class='ocrx_word' id='word_1_869' title='bbox 2960 4485 3047 4541; x_wconf 91' lang='lat' dir='ltr'><strong>hic</strong></span> <span class='ocrx_word' id='word_1_870' title='bbox 3067 4487 3323 4557; x_wconf 89' lang='lat' dir='ltr'><strong>propheta</strong></span> <span class='ocrx_word' id='word_1_871' title='bbox 3349 4501 3503 4563; x_wconf 84' lang='lat' dir='ltr'><strong>rogat</strong></span> <span class='ocrx_word' id='word_1_872' title='bbox 3522 4504 3579 4549; x_wconf 91' lang='lat' dir='ltr'><strong>ut</strong></span> <span class='ocrx_word' id='word_1_873' title='bbox 3606 4496 3805 4553; x_wconf 82' lang='lat' dir='ltr'><strong>libere-</strong></span> 
     </span>
    </p>
   </div>
   <div class='ocr_carea' id='block_1_106' title="bbox 2201 4570 3803 4652">
    <p class='ocr_par' dir='ltr' id='par_1_106' title="bbox 2201 4570 3803 4652">
     <span class='ocr_line' id='line_1_106' title="bbox 2201 4570 3803 4652; baseline 0.015 -30"><span class='ocrx_word' id='word_1_874' title='bbox 2201 4577 2288 4624; x_wconf 90' lang='lat' dir='ltr'><strong>tur</strong></span> <span class='ocrx_word' id='word_1_875' title='bbox 2315 4570 2455 4626; x_wconf 90' lang='lat' dir='ltr'><strong>illius</strong></span> <span class='ocrx_word' id='word_1_876' title='bbox 2492 4574 2706 4627; x_wconf 86' lang='lat' dir='ltr'><strong>anima:</strong></span> <span class='ocrx_word' id='word_1_877' title='bbox 2739 4588 2805 4628; x_wconf 91' lang='lat' dir='ltr'><strong>eo</strong></span> <span class='ocrx_word' id='word_1_878' title='bbox 2841 4576 2985 4631; x_wconf 89' lang='lat' dir='ltr'><strong>enim</strong></span> <span class='ocrx_word' id='word_1_879' title='bbox 3025 4578 3127 4633; x_wconf 91' lang='lat' dir='ltr'><strong>tela</strong></span> <span class='ocrx_word' id='word_1_880' title='bbox 3156 4580 3357 4651; x_wconf 86' lang='lat' dir='ltr'><strong>dirigit.</strong></span> <span class='ocrx_word' id='word_1_881' title='bbox 3388 4585 3442 4640; x_wconf 76' lang='grc' dir='ltr'><strong>ὅ.</strong></span> <span class='ocrx_word' id='word_1_882' title='bbox 3484 4586 3624 4652; x_wconf 79' lang='lat' dir='ltr'><strong>Quid</strong></span> <span class='ocrx_word' id='word_1_883' title='bbox 3651 4588 3803 4647; x_wconf 86' lang='lat' dir='ltr'><strong>detur</strong></span> 
     </span>
    </p>
   </div>
   <div class='ocr_carea' id='block_1_107' title="bbox 2202 4662 3802 4744">
    <p class='ocr_par' dir='ltr' id='par_1_107' title="bbox 2202 4662 3802 4744">
     <span class='ocr_line' id='line_1_107' title="bbox 2202 4662 3802 4744; baseline 0.014 -30"><span class='ocrx_word' id='word_1_884' title='bbox 2202 4662 2319 4727; x_wconf 87' lang='lat' dir='ltr'><strong>tibi,</strong></span> <span class='ocrx_word' id='word_1_885' title='bbox 2365 4672 2461 4735; x_wconf 36' lang='lat' dir='ltr'><strong>aut.</strong></span> <span class='ocrx_word' id='word_1_886' title='bbox 2497 4663 2619 4734; x_wconf 85' lang='lat' dir='ltr'><strong>quid</strong></span> <span class='ocrx_word' id='word_1_887' title='bbox 2665 4676 2954 4737; x_wconf 82' lang='lat' dir='ltr'><strong>apponatur</strong></span> <span class='ocrx_word' id='word_1_888' title='bbox 3006 4669 3097 4723; x_wconf 86' lang='lat' dir='ltr'><strong>tibi</strong></span> <span class='ocrx_word' id='word_1_889' title='bbox 3137 4671 3207 4724; x_wconf 88' lang='lat' dir='ltr'><strong>ad</strong></span> <span class='ocrx_word' id='word_1_890' title='bbox 3246 4673 3473 4744; x_wconf 77' lang='lat' dir='ltr'><strong>linguam</strong></span> <span class='ocrx_word' id='word_1_891' title='bbox 3518 4678 3753 4735; x_wconf 81' lang='lat' dir='ltr'><strong>dolosam</strong></span> <span class='ocrx_word' id='word_1_892' title='bbox 3773 4685 3802 4738; x_wconf 68' lang='grc' dir='ltr'><em>γ</em></span> 
     </span>
    </p>
   </div>
   <div class='ocr_carea' id='block_1_108' title="bbox 2200 4752 3797 4840">
    <p class='ocr_par' dir='ltr' id='par_1_108' title="bbox 2200 4752 3797 4840">
     <span class='ocr_line' id='line_1_108' title="bbox 2200 4752 3797 4840; baseline 0.011 -34"><span class='ocrx_word' id='word_1_893' title='bbox 2200 4752 2351 4807; x_wconf 81' lang='lat' dir='ltr'><strong>Alius</strong></span> <span class='ocrx_word' id='word_1_894' title='bbox 2390 4752 2654 4822; x_wconf 88' lang='lat' dir='ltr'><strong>interpres</strong></span> <span class='ocrx_word' id='word_1_895' title='bbox 2680 4756 2790 4809; x_wconf 89' lang='lat' dir='ltr'><strong>ait:</strong></span> <span class='ocrx_word' id='word_1_896' title='bbox 2822 4756 2962 4823; x_wconf 83' lang='lat' dir='ltr'><strong>Quid</strong></span> <span class='ocrx_word' id='word_1_897' title='bbox 2987 4760 3223 4828; x_wconf 68' lang='lat' dir='ltr'><strong>praebebit</strong></span> <span class='ocrx_word' id='word_1_898' title='bbox 3246 4762 3355 4830; x_wconf 86' lang='lat' dir='ltr'><strong>tibi,</strong></span> <span class='ocrx_word' id='word_1_899' title='bbox 3385 4775 3475 4818; x_wconf 85' lang='lat' dir='ltr'><strong>aut</strong></span> <span class='ocrx_word' id='word_1_900' title='bbox 3502 4768 3629 4837; x_wconf 85' lang='lat' dir='ltr'><strong>quid</strong></span> <span class='ocrx_word' id='word_1_901' title='bbox 3651 4771 3797 4840; x_wconf 77' lang='lat' dir='ltr'><strong>adji-</strong></span> 
     </span>
    </p>
   </div>
   <div class='ocr_carea' id='block_1_109' title="bbox 2197 4846 3802 4932">
    <p class='ocr_par' dir='ltr' id='par_1_109' title="bbox 2197 4846 3802 4932">
     <span class='ocr_line' id='line_1_109' title="bbox 2197 4846 3802 4932; baseline 0.015 -33"><span class='ocrx_word' id='word_1_902' title='bbox 2197 4848 2292 4901; x_wconf 85' lang='lat' dir='ltr'><strong>ciet</strong></span> <span class='ocrx_word' id='word_1_903' title='bbox 2320 4846 2494 4918; x_wconf 82' lang='lat' dir='ltr'><strong>lingua</strong></span> <span class='ocrx_word' id='word_1_904' title='bbox 2523 4849 2744 4906; x_wconf 79' lang='lat' dir='ltr'><strong>dolosa?</strong></span> <span class='ocrx_word' id='word_1_905' title='bbox 2764 4851 2915 4906; x_wconf 82' lang='lat' dir='ltr'><strong>Alius</strong></span> <span class='ocrx_word' id='word_1_906' title='bbox 2953 4865 3161 4921; x_wconf 84' lang='lat' dir='ltr'><strong>autem,</strong></span> <span class='ocrx_word' id='word_1_907' title='bbox 3198 4856 3335 4924; x_wconf 76' lang='lat' dir='ltr'><strong>Quid</strong></span> <span class='ocrx_word' id='word_1_908' title='bbox 3360 4852 3553 4917; x_wconf 77' lang='lat' dir='ltr'><strong>dederit</strong></span> <span class='ocrx_word' id='word_1_909' title='bbox 3579 4865 3711 4932; x_wconf 78' lang='lat' dir='ltr'><strong>tibi,</strong></span> <span class='ocrx_word' id='word_1_910' title='bbox 3749 4880 3802 4924; x_wconf 80' lang='lat' dir='ltr'><strong>et</strong></span> 
     </span>
    </p>
   </div>
   <div class='ocr_carea' id='block_1_110' title="bbox 2197 4936 3801 5028">
    <p class='ocr_par' dir='ltr' id='par_1_110' title="bbox 2197 4936 3801 5028">
     <span class='ocr_line' id='line_1_110' title="bbox 2197 4936 3801 5028; baseline 0.017 -41"><span class='ocrx_word' id='word_1_911' title='bbox 2197 4936 2320 5007; x_wconf 81' lang='lat' dir='ltr'><strong>quid</strong></span> <span class='ocrx_word' id='word_1_912' title='bbox 2345 4938 2432 4990; x_wconf 86' lang='lat' dir='ltr'><strong>tibi</strong></span> <span class='ocrx_word' id='word_1_913' title='bbox 2462 4939 2702 5008; x_wconf 85' lang='lat' dir='ltr'><strong>adjecerit</strong></span> <span class='ocrx_word' id='word_1_914' title='bbox 2726 4941 2902 5011; x_wconf 86' lang='lat' dir='ltr'><strong>lingua</strong></span> <span class='ocrx_word' id='word_1_915' title='bbox 2926 4945 3205 5000; x_wconf 83' lang='lat' dir='ltr'><strong>secundum</strong></span> <span class='ocrx_word' id='word_1_916' title='bbox 3239 4948 3459 5006; x_wconf 75' lang='lat' dir='ltr'><strong>dolum?</strong></span> <span class='ocrx_word' id='word_1_917' title='bbox 3494 4954 3633 5010; x_wconf 83' lang='lat' dir='ltr'><strong>Nihil</strong></span> <span class='ocrx_word' id='word_1_918' title='bbox 3664 4970 3801 5028; x_wconf 83' lang='lat' dir='ltr'><strong>ergo</strong></span> 
     </span>
    </p>
   </div>
   <div class='ocr_carea' id='block_1_111' title="bbox 2196 5027 3796 5120">
    <p class='ocr_par' dir='ltr' id='par_1_111' title="bbox 2196 5027 3796 5120">
     <span class='ocr_line' id='line_1_111' title="bbox 2196 5027 3796 5120; baseline 0.018 -41"><span class='ocrx_word' id='word_1_919' title='bbox 2196 5027 2337 5082; x_wconf 88' lang='lat' dir='ltr'><strong>aliud</strong></span> <span class='ocrx_word' id='word_1_920' title='bbox 2377 5030 2610 5084; x_wconf 90' lang='lat' dir='ltr'><strong>ostendit</strong></span> <span class='ocrx_word' id='word_1_921' title='bbox 2648 5031 2789 5100; x_wconf 90' lang='lat' dir='ltr'><strong>quod</strong></span> <span class='ocrx_word' id='word_1_922' title='bbox 2830 5033 3029 5109; x_wconf 84' lang='lat' dir='ltr'><strong>dictum</strong></span> <span class='ocrx_word' id='word_1_923' title='bbox 3074 5048 3188 5105; x_wconf 92' lang='lat' dir='ltr'><strong>est,</strong></span> <span class='ocrx_word' id='word_1_924' title='bbox 3236 5042 3338 5096; x_wconf 90' lang='lat' dir='ltr'><strong>nisi</strong></span> <span class='ocrx_word' id='word_1_925' title='bbox 3387 5042 3510 5110; x_wconf 87' lang='lat' dir='ltr'><strong>hoc,</strong></span> <span class='ocrx_word' id='word_1_926' title='bbox 3543 5027 3796 5120; x_wconf 82' lang='lat' dir='ltr'><strong>magnam</strong></span> 
     </span>
    </p>
   </div>
   <div class='ocr_carea' id='block_1_112' title="bbox 2197 5119 3795 5205">
    <p class='ocr_par' dir='ltr' id='par_1_112' title="bbox 2197 5119 3795 5205">
     <span class='ocr_line' id='line_1_112' title="bbox 2197 5119 3795 5205; baseline 0.015 -33"><span class='ocrx_word' id='word_1_927' title='bbox 2197 5132 2316 5173; x_wconf 75' lang='lat' dir='ltr'><strong>esse</strong></span> <span class='ocrx_word' id='word_1_928' title='bbox 2359 5119 2774 5188; x_wconf 88' lang='lat' dir='ltr'><strong>improbitatem,</strong></span> <span class='ocrx_word' id='word_1_929' title='bbox 2823 5132 2879 5178; x_wconf 87' lang='lat' dir='ltr'><strong>et</strong></span> <span class='ocrx_word' id='word_1_930' title='bbox 2907 5134 3101 5181; x_wconf 88' lang='lat' dir='ltr'><strong>tetrum</strong></span> <span class='ocrx_word' id='word_1_931' title='bbox 3147 5143 3318 5199; x_wconf 91' lang='lat' dir='ltr'><strong>genus</strong></span> <span class='ocrx_word' id='word_1_932' title='bbox 3354 5133 3488 5201; x_wconf 87' lang='lat' dir='ltr'><strong>vitii.</strong></span> <span class='ocrx_word' id='word_1_933' title='bbox 3528 5119 3795 5205; x_wconf 83' lang='lat' dir='ltr'><strong>Quocirca</strong></span> 
     </span>
    </p>
   </div>
   <div class='ocr_carea' id='block_1_113' title="bbox 2195 5210 3794 5303">
    <p class='ocr_par' dir='ltr' id='par_1_113' title="bbox 2195 5210 3794 5303">
     <span class='ocr_line' id='line_1_113' title="bbox 2195 5210 3794 5303; baseline 0.015 -39"><span class='ocrx_word' id='word_1_934' title='bbox 2195 5210 2344 5265; x_wconf 86' lang='lat' dir='ltr'><strong>vides</strong></span> <span class='ocrx_word' id='word_1_935' title='bbox 2381 5211 2541 5266; x_wconf 88' lang='lat' dir='ltr'><strong>etiam</strong></span> <span class='ocrx_word' id='word_1_936' title='bbox 2572 5213 2887 5283; x_wconf 86' lang='lat' dir='ltr'><strong>prophetam</strong></span> <span class='ocrx_word' id='word_1_937' title='bbox 2918 5217 3235 5281; x_wconf 87' lang='lat' dir='ltr'><strong>irascentem</strong></span> <span class='ocrx_word' id='word_1_938' title='bbox 3255 5262 3270 5286; x_wconf 85' lang='lat'><strong>,</strong></span> <span class='ocrx_word' id='word_1_939' title='bbox 3314 5238 3751 5303; x_wconf 83' lang='lat' dir='ltr'><strong>commntumquc</strong></span> <span class='ocrx_word' id='word_1_940' title='bbox 3775 5277 3794 5301; x_wconf 93' lang='lat'><strong>,</strong></span> 
     </span>
    </p>
   </div>
   <div class='ocr_carea' id='block_1_114' title="bbox 2195 5302 3797 5387">
    <p class='ocr_par' dir='ltr' id='par_1_114' title="bbox 2195 5302 3797 5387">
     <span class='ocr_line' id='line_1_114' title="bbox 2195 5302 3797 5387; baseline 0.014 -30"><span class='ocrx_word' id='word_1_941' title='bbox 2195 5311 2249 5357; x_wconf 91' lang='lat' dir='ltr'><strong>et</strong></span> <span class='ocrx_word' id='word_1_942' title='bbox 2273 5302 2537 5359; x_wconf 87' lang='lat' dir='ltr'><strong>dicentem</strong></span> <span class='ocrx_word' id='word_1_943' title='bbox 2563 5323 2575 5358; x_wconf 92' lang='lat'>:</span> <span class='ocrx_word' id='word_1_944' title='bbox 2602 5306 2725 5377; x_wconf 80' lang='lat' dir='ltr'><strong>quid</strong></span> <span class='ocrx_word' id='word_1_945' title='bbox 2748 5307 2893 5363; x_wconf 79' lang='lat' dir='ltr'><strong>detur</strong></span> <span class='ocrx_word' id='word_1_946' title='bbox 2910 5310 3021 5376; x_wconf 87' lang='lat' dir='ltr'><strong>tibi,</strong></span> <span class='ocrx_word' id='word_1_947' title='bbox 3051 5322 3140 5367; x_wconf 85' lang='lat' dir='ltr'><strong>aut</strong></span> <span class='ocrx_word' id='word_1_948' title='bbox 3158 5313 3283 5381; x_wconf 83' lang='lat' dir='ltr'><strong>quid</strong></span> <span class='ocrx_word' id='word_1_949' title='bbox 3299 5330 3592 5387; x_wconf 75' lang='lat' dir='ltr'><strong>apponatur</strong></span> <span class='ocrx_word' id='word_1_950' title='bbox 3614 5302 3706 5377; x_wconf 81' lang='lat' dir='ltr'><strong>tibi</strong></span> <span class='ocrx_word' id='word_1_951' title='bbox 3726 5327 3797 5380; x_wconf 75' lang='lat' dir='ltr'><strong>nd</strong></span> 
     </span>
    </p>
   </div>
   <div class='ocr_carea' id='block_1_115' title="bbox 2197 5394 3801 5483">
    <p class='ocr_par' dir='ltr' id='par_1_115' title="bbox 2197 5394 3801 5483">
     <span class='ocr_line' id='line_1_115' title="bbox 2197 5394 3801 5483; baseline 0.016 -35"><span class='ocrx_word' id='word_1_952' title='bbox 2197 5394 2421 5468; x_wconf 82' lang='lat' dir='ltr'><strong>linguam</strong></span> <span class='ocrx_word' id='word_1_953' title='bbox 2459 5397 2733 5454; x_wconf 78' lang='lat' dir='ltr'><strong>dolosam?</strong></span> <span class='ocrx_word' id='word_1_954' title='bbox 2758 5399 2911 5469; x_wconf 89' lang='lat' dir='ltr'><strong>Quod</strong></span> <span class='ocrx_word' id='word_1_955' title='bbox 2955 5412 3133 5460; x_wconf 89' lang='lat' dir='ltr'><strong>autem</strong></span> <span class='ocrx_word' id='word_1_956' title='bbox 3173 5406 3321 5473; x_wconf 87' lang='lat' dir='ltr'><strong>dicit,</strong></span> <span class='ocrx_word' id='word_1_957' title='bbox 3367 5418 3453 5466; x_wconf 86' lang='lat' dir='ltr'><strong>est</strong></span> <span class='ocrx_word' id='word_1_958' title='bbox 3484 5412 3747 5483; x_wconf 82' lang='lat' dir='ltr'><strong>ejusmodi</strong></span> <span class='ocrx_word' id='word_1_959' title='bbox 3782 5435 3801 5473; x_wconf 88' lang='lat'><strong>:</strong></span> 
     </span>
    </p>
   </div>
   <div class='ocr_carea' id='block_1_116' title="bbox 2194 5488 3802 5575">
    <p class='ocr_par' dir='ltr' id='par_1_116' title="bbox 2194 5488 3802 5575">
     <span class='ocr_line' id='line_1_116' title="bbox 2194 5488 3802 5575; baseline 0.011 -32"><span class='ocrx_word' id='word_1_960' title='bbox 2194 5488 2472 5557; x_wconf 81' lang='lat' dir='ltr'><strong>Quodnam</strong></span> <span class='ocrx_word' id='word_1_961' title='bbox 2503 5490 2607 5547; x_wconf 89' lang='lat' dir='ltr'><strong>hoc</strong></span> <span class='ocrx_word' id='word_1_962' title='bbox 2648 5491 2776 5548; x_wconf 89' lang='lat' dir='ltr'><strong>vitio</strong></span> <span class='ocrx_word' id='word_1_963' title='bbox 2818 5493 3036 5565; x_wconf 89' lang='lat' dir='ltr'><strong>dignum</strong></span> <span class='ocrx_word' id='word_1_964' title='bbox 3079 5496 3381 5557; x_wconf 88' lang='lat' dir='ltr'><strong>inveniatur</strong></span> <span class='ocrx_word' id='word_1_965' title='bbox 3423 5506 3744 5575; x_wconf 82' lang='lat' dir='ltr'><strong>supplicium</strong></span> <span class='ocrx_word' id='word_1_966' title='bbox 3774 5518 3802 5569; x_wconf 67' lang='grc' dir='ltr'><em>ρ</em></span> 
     </span>
    </p>
   </div>
   <div class='ocr_carea' id='block_1_117' title="bbox 2255 5663 3789 5776">
    <p class='ocr_par' dir='ltr' id='par_1_117' title="bbox 2255 5663 3789 5776">
     <span class='ocr_line' id='line_1_117' title="bbox 2255 5663 3789 5742; baseline 0.016 -31"><span class='ocrx_word' id='word_1_967' title='bbox 2255 5663 2329 5724; x_wconf 87' lang='lat' dir='ltr'><strong>(a)</strong></span> <span class='ocrx_word' id='word_1_968' title='bbox 2353 5665 2524 5714; x_wconf 66' lang='lat' dir='ltr'><strong>nescio</strong></span> <span class='ocrx_word' id='word_1_969' title='bbox 2544 5665 2782 5739; x_wconf 55' lang='lat' dir='ltr'><strong>candicat</strong></span> <span class='ocrx_word' id='word_1_970' title='bbox 2804 5667 3174 5742; x_wconf 66' lang='lat' dir='ltr'><strong>Oirysostpmus</strong></span> <span class='ocrx_word' id='word_1_971' title='bbox 3189 5672 3434 5726; x_wconf 76' lang='lat' dir='ltr'><strong>(thnstam&#39;</strong></span> <span class='ocrx_word' id='word_1_972' title='bbox 3451 5666 3789 5737; x_wconf 81' lang='lat' dir='ltr'><strong>beatitudiues</strong></span> 
     </span>
     <span class='ocr_line' id='line_1_118' title="bbox 2255 5726 3753 5776; baseline 0.002 -3"><span class='ocrx_word' id='word_1_973' title='bbox 2255 5736 2356 5773; x_wconf 83' lang='lat' dir='ltr'><strong>sum</strong></span> <span class='ocrx_word' id='word_1_974' title='bbox 2382 5737 2496 5775; x_wconf 86' lang='lat' dir='ltr'><strong>esse</strong></span> <span class='ocrx_word' id='word_1_975' title='bbox 2530 5728 2593 5776; x_wconf 86' lang='lat' dir='ltr'><strong>ab</strong></span> <span class='ocrx_word' id='word_1_976' title='bbox 2630 5726 2741 5776; x_wconf 79' lang='lat' dir='ltr'><strong>illa.</strong></span> <span class='ocrx_word' id='word_1_977' title='bbox 2778 5738 2915 5776; x_wconf 71' lang='lat' dir='ltr'><strong>Beati</strong></span> <span class='ocrx_word' id='word_1_978' title='bbox 2945 5744 3028 5776; x_wconf 80' lang='lat' dir='ltr'><strong>am</strong></span> <span class='ocrx_word' id='word_1_979' title='bbox 3053 5732 3227 5776; x_wconf 67' lang='grc' dir='ltr'><strong>ιιωρηι</strong></span> <span class='ocrx_word' id='word_1_980' title='bbox 3255 5750 3367 5776; x_wconf 71' lang='grc' dir='ltr'><strong>ηιιη.</strong></span> <span class='ocrx_word' id='word_1_981' title='bbox 3391 5752 3487 5776; x_wconf 63' lang='grc' dir='ltr'><strong>...ιη</strong></span> <span class='ocrx_word' id='word_1_982' title='bbox 3521 5745 3645 5776; x_wconf 62' lang='grc' dir='ltr'><strong>...ηδ</strong></span> <span class='ocrx_word' id='word_1_983' title='bbox 3673 5755 3753 5776; x_wconf 68' lang='grc' dir='ltr'><strong>ιι..</strong></span> 
     </span>
    </p>
   </div>
   <div class='ocr_carea' id='block_1_118' title="bbox 2191 5728 3788 5861">
    <p class='ocr_par' dir='ltr' id='par_1_118' title="bbox 2191 5728 3788 5861">
     <span class='ocr_line' id='line_1_119' title="bbox 2191 5728 3788 5806; baseline 0.017 -35"><span class='ocrx_word' id='word_1_984' title='bbox 2191 5735 2356 5773; x_wconf 84' lang='lat' dir='ltr'><strong>orsum</strong></span> <span class='ocrx_word' id='word_1_985' title='bbox 2382 5737 2496 5775; x_wconf 88' lang='lat' dir='ltr'><strong>esse</strong></span> <span class='ocrx_word' id='word_1_986' title='bbox 2530 5728 2593 5777; x_wconf 86' lang='lat' dir='ltr'><strong>ab</strong></span> <span class='ocrx_word' id='word_1_987' title='bbox 2630 5728 2741 5788; x_wconf 88' lang='lat' dir='ltr'><strong>illa,</strong></span> <span class='ocrx_word' id='word_1_988' title='bbox 2778 5728 2919 5782; x_wconf 79' lang='lat' dir='ltr'><strong>Beati</strong></span> <span class='ocrx_word' id='word_1_989' title='bbox 2945 5732 3030 5795; x_wconf 75' lang='lat' dir='ltr'><strong>qui</strong></span> <span class='ocrx_word' id='word_1_990' title='bbox 3053 5732 3231 5799; x_wconf 80' lang='lat' dir='ltr'><strong>lugent,</strong></span> <span class='ocrx_word' id='word_1_991' title='bbox 3255 5750 3367 5787; x_wconf 87' lang='lat' dir='ltr'><strong>cum</strong></span> <span class='ocrx_word' id='word_1_992' title='bbox 3391 5728 3788 5806; x_wconf 54' lang='lat' dir='ltr'><strong>uel-3.1.3311};</strong></span> 
     </span>
     <span class='ocr_line' id='line_1_120' title="bbox 2192 5785 3567 5861; baseline 0.016 -27"><span class='ocrx_word' id='word_1_993' title='bbox 2192 5785 2373 5836; x_wconf 74' lang='lat' dir='ltr'><strong>thteum</strong></span> <span class='ocrx_word' id='word_1_994' title='bbox 2396 5800 2490 5838; x_wconf 89' lang='lat' dir='ltr'><strong>uec</strong></span> <span class='ocrx_word' id='word_1_995' title='bbox 2510 5789 2637 5851; x_wconf 83' lang='lat' dir='ltr'><strong>apud</strong></span> <span class='ocrx_word' id='word_1_996' title='bbox 2658 5796 2827 5842; x_wconf 74' lang='lat' dir='ltr'><strong>Lucam</strong></span> <span class='ocrx_word' id='word_1_997' title='bbox 2848 5794 2911 5844; x_wconf 83' lang='lat' dir='ltr'><strong>sit</strong></span> <span class='ocrx_word' id='word_1_998' title='bbox 2931 5794 3102 5847; x_wconf 67' lang='lat' dir='ltr'><strong>isthaac</strong></span> <span class='ocrx_word' id='word_1_999' title='bbox 3121 5799 3275 5861; x_wconf 79' lang='lat' dir='ltr'><strong>prima</strong></span> <span class='ocrx_word' id='word_1_1000' title='bbox 3297 5801 3567 5857; x_wconf 77' lang='lat' dir='ltr'><strong>beatitudo.</strong></span> 
     </span>
    </p>
   </div>
  </div>
