4086 6476
184 502 290 570 διι

186 627 350 697 Quod
376 626 537 683 etiam
564 620 765 680 Iudicis
808 619 1022 676 dicebat
1042 616 1209 674 Isaias
1233 634 1248 673 :
1275 616 1412 683 Quid
1434 616 1606 671 adhuc
1627 630 1811 683 percu-

192 720 392 777 timaini
421 718 717 792 adjicientes
746 713 1066 783 iniquitatem
1091 708 1243 781 (Isai.
1277 710 1328 765 i.
1357 708 1462 779 5)?
1491 706 1607 763 Hoc
1648 706 1814 761 etiam

191 817 309 886 ipse
333 812 503 876 dicit,
538 810 677 876 Quid
705 809 853 862 detur
874 805 964 860 tibi
983 847 998 871 ,
1027 813 1117 858 aut
1144 802 1268 874 quid
1308 809 1602 871 apponatur
1625 798 1718 853 tibi
1746 796 1816 851 ad

192 907 424 978 linguam
456 903 686 958 dolosam
706 899 733 953 7
764 898 860 954 Vel
891 898 994 952 hoc
1031 909 1161 966 ergo
1208 893 1373 949 dicit:
1406 892 1490 948 vel
1519 890 1681 946 etiam
1710 888 1815 945 hoc

190 997 371 1068 ipsum
415 1008 541 1050 esse
586 990 931 1061 supplicium,
963 997 1019 1042 et
1056 994 1187 1041 ante
1236 984 1526 1039 vindictam
1570 981 1666 1036 libi
1694 981 1814 1035 vin-

188 1087 393 1144 dictam
419 1082 658 1155 exquiris
681 1124 698 1150 ,
728 1097 797 1136 ex
824 1080 997 1148 teipso
1023 1077 1210 1131 vilium
1241 1076 1476 1145 pariens.
1522 1071 1814 1127 Maximum

190 1175 339 1235 enim
369 1174 693 1245 supplicium
724 1172 919 1227 animai
948 1178 1034 1224 est
1061 1168 1247 1223 vitium
1269 1209 1285 1233 ,
1311 1166 1478 1222 etiam
1524 1174 1814 1235 antequam

187 1271 471 1344 puniatun
500 1266 782 1336 Quodnam
815 1276 951 1334 ergo
995 1259 1318 1331 supplicium
1362 1257 1520 1313 fuerit
1563 1257 1654 1312 tali
1684 1257 1818 1313 vitio

190 1361 445 1433 dignum?
475 1360 569 1413 Hic
594 1357 813 1428 quidem
844 1354 1069 1416 nullum,
1092 1352 1186 1407 sed
1212 1352 1362 1421 plaga
1391 1366 1511 1421 quae
1532 1365 1560 1404 a
1596 1350 1706 1404 Deo
1736 1350 1819 1403 iu-

190 1454 386 1509 I'ertur.
418 1451 591 1506 llomo
610 1450 755 1504 enim
780 1463 886 1501 non
914 1446 1113 1516 poterit
1134 1443 1323 1513 dignas
1346 1456 1535 1511 pinnas
1556 1455 1772 1496 sumere
1800 1457 1813 1493 :

192 1562 320 1603 nam
344 1559 563 1600 omnem
592 1541 889 1598 crueiatum
916 1545 1138 1609 superat
1166 1535 1483 1607 improbitas
1509 1554 1522 1590 :
1549 1536 1692 1591 Deus
1717 1549 1815 1589 au-

194 1650 305 1696 tem
329 1638 404 1693 illi
433 1637 645 1708 plagam
664 1629 893 1705 indiget.
912 1632 980 1687 Et
1009 1631 1131 1686 ideo
1158 1630 1262 1686 hoc
1290 1632 1467 1700 ipsum
1492 1629 1821 1694 ostendens,

190 1745 322 1785 mox
354 1726 673 1799 subjunxit:
705 1726 761 1781 4.
790 1725 1009 1795 Sagitta
1035 1723 1255 1794 potentis
1288 1731 1457 1776 acuta:
1485 1737 1604 1775 cum
1634 1722 1815 1775 carbo-

192 1818 344 1875 nibus
374 1817 718 1873 desolatoriis.
746 1813 980 1885 Sagittas
1006 1807 1096 1869 hic
1125 1828 1314 1877 rursus
1336 1812 1571 1883 appellat
1606 1812 1815 1883 suppli-

191 1913 297 1969 cia.
330 1911 483 1967 Alius
508 1919 686 1966 autem
712 1908 978 1978 interpres
998 1906 1153 1974 dixit,
1180 1904 1399 1977 Sagitta
1418 1906 1636 1975 potentis
1653 1916 1821 1960 acuta:

193 2012 315 2058 sunt
344 2016 465 2057 cum
495 2000 801 2055 carbonibus
839 1999 1080 2071 aggestis.
1114 1996 1182 2053 Et
1210 1996 1346 2052 alius
1364 2039 1382 2066 ,
1416 1996 1545 2052 Cum
1575 1997 1817 2051 carboni-

94 2115 109 2129 ί
193 2099 289 2151 bus
309 2094 629 2167 juniperinis
652 2134 667 2158 ,
691 2092 970 2147 nominum
1002 2090 1353 2145 translatione
1380 2103 1583 2160 augens
1614 2097 1818 2145 metum

194 2188 471 2258 supplicii.
493 2185 624 2240 Nam
648 2193 703 2241 et
735 2184 887 2249 illud,
918 2182 1169 2255 Aggestis,
1198 2191 1254 2238 et
1283 2181 1386 2236 hoc
1410 2222 1425 2249 ,
1455 2178 1779 2251 Juniperinis
1798 2223 1815 2249 ,

197 2280 453 2336 eitmdem
485 2278 649 2332 habet
695 2289 938 2331 sensum.
975 2274 1087 2329 illic
1110 2274 1253 2330 enim
1284 2272 1525 2329 ostendit
1570 2274 1817 2328 multitu-

197 2372 417 2436 dinem;
448 2371 535 2425 hic
562 2379 743 2424 autem
772 2368 1080 2439 qualitatem
1107 2375 1163 2421 et
1187 2365 1581 2421 vehementiam
1607 2366 1819 2437 suppli-

196 2466 290 2522 cii.
324 2464 482 2532 Quod
507 2463 729 2534 quidem
772 2461 1126 2531 Septuaginta
1164 2473 1378 2529 quoque
1406 2458 1773 2530 signiﬁcantes
1794 2500 1811 2526 ,

200 2563 331 2619 Cum
367 2562 671 2615 carbonibus
709 2560 1067 2625 desolatoriis,
1100 2556 1422 2624 ediderunt,
1451 2557 1553 2611 hoc
1581 2564 1666 2612 est
1687 2595 1699 2617 .
1727 2555 1821 2625 qui

202 2666 451 2723 vastant,
498 2654 759 2725 perdunt,
804 2662 860 2708 et
888 2661 1231 2708 consumunt.
1280 2650 1361 2706 Ex
1389 2650 1629 2706 materiis
1674 2644 1820 2704 enim

204 2766 325 2821 qua:
352 2758 479 2804 sunt
502 2749 644 2819 apud
684 2762 782 2802 nos
809 2746 1101 2812 terribiles,
1136 2744 1233 2800 Dei
1267 2745 1526 2799 ultionem
1558 2741 1821 2812 efﬁngunt

203 2841 504 2912 Scriptum
528 2882 542 2904 ,
573 2840 798 2910 sagittas
827 2849 882 2893 et
908 2838 1086 2910 ignem
1112 2853 1176 2893 ea
1204 2848 1479 2892 vocantes.
1515 2836 1613 2891 llic
1639 2846 1821 2891 autem

203 2933 335 2989 mihi
365 2932 583 2988 videtur
609 2929 951 2987 subindicare
973 2930 1251 2985 barbaros.
1278 2929 1343 2984 Et
1372 2928 1493 2983 ideo
1520 2927 1658 2984 alius
1685 2944 1822 2999 quo-

204 3041 309 3095 que
336 3025 605 3092 interpres
632 3022 735 3075 hoc
759 3019 1088 3090 significans,
1121 3018 1357 3084 dicebat,
1389 3017 1575 3073 Libera
1596 3019 1824 3072 animam

205 3131 372 3171 meum
392 3132 424 3168 a
448 3114 584 3169 babio
609 3112 862 3167 mendaci.
895 3112 1045 3166 Talia
1077 3114 1221 3167 enim
1248 3122 1374 3165 sunt
1396 3126 1582 3165 eorum
1613 3110 1775 3167 verba
1804 3154 1820 3178 ,

206 3209 343 3263 tales
370 3206 479 3263 doli
508 3214 563 3261 et
579 3203 945 3262 talesinsidim
965 3245 981 3272 ,
1009 3204 1165 3274 plena
1195 3203 1377 3257 omnia
1410 3201 1598 3258 fraude
1621 3213 1677 3258 et
1708 3219 1824 3258 ma-

206 3301 354 3355 ximo
384 3298 610 3355 scelere.

282 3391 550 3462 Peregrini
570 3390 622 3444 in
644 3390 740 3443 hac
759 3389 860 3443 vita
881 3404 1073 3442 sumus.
1104 3418 1175 3427 —
1194 3388 1247 3444 5.
1298 3384 1396 3441 Hei
1426 3389 1573 3455 mihi,
1598 3391 1718 3459 quia
1741 3392 1824 3444 in-

205 3485 405 3539 mlatus
436 3500 577 3536 meus
620 3482 954 3553 prolongatns
1001 3491 1093 3534 est.
1141 3478 1386 3534 Habitavi
1427 3498 1541 3535 cum
1592 3485 1827 3536 taberna-

205 3579 338 3633 culis
383 3577 569 3631 Cedar.
622 3576 774 3629 Alius
818 3576 1082 3643 interpres
1126 3575 1241 3628 ait:
1298 3572 1397 3626 Hei
1467 3574 1633 3639 mihi,
1705 3578 1828 3644 quia

204 3672 487 3725 incolatum
518 3668 768 3739 protraxi.
806 3668 973 3733 Alius,
1015 3666 1113 3720 Hei
1158 3667 1303 3733 mihi,
1344 3668 1539 3721 advena
1568 3669 1643 3737 fui
1675 3668 1827 3739 longo

211 3773 453 3831 tempore.
489 3761 551 3815 lli
580 3760 796 3830 quidem
840 3758 942 3813 hoc
972 3759 1133 3813 modo
1171 3759 1532 3813 lamentantur
1562 3760 1626 3814 de
1658 3762 1830 3833 capti-

208 3855 375 3908 vitate
416 3852 744 3924 Babylonira
772 3868 786 3904 :
818 3850 1015 3905 Paulus
1046 3860 1223 3904 autem
1252 3850 1318 3905 de
1358 3866 1418 3903 ea
1447 3866 1569 3919 qua:
1600 3851 1686 3906 hic
1709 3853 1826 3906 lon-

206 3948 327 4015 gius
374 3944 608 3998 trahitur
653 3957 827 4007 mora,
858 3942 1040 3997 dicens
1080 3961 1091 3995 :
1130 3940 1329 3995 Etenim
1373 3941 1495 3993 dum
1546 3958 1723 3997 sumus
1774 3944 1826 3997 in

209 4038 306 4091 hoc
347 4034 695 4098 tabernaculo,
738 4034 1117 4103 ingemiscimns
1156 4030 1359 4103 gravati
1381 4033 1457 4101 (2.
1502 4032 1620 4087 Cor.
1652 4033 1705 4087 5.
1745 4034 1825 4103 4).

214 4128 303 4196 Et,
346 4126 468 4180 Non
497 4137 667 4179 autem
692 4126 746 4177 id
769 4126 953 4190 solum,
990 4124 1079 4178 sed
1126 4124 1276 4178 etiam
1305 4122 1542 4177 habentes
1572 4126 1671 4195 ipsi
1724 4126 1831 4194 pri-

207 4222 383 4274 mitias
401 4219 654 4289 Spiritus,
674 4229 719 4274 et
740 4220 838 4288 ipsi
856 4220 907 4272 in
930 4219 1075 4273 nobis
1096 4219 1223 4287 ipsis
1246 4218 1625 4287 ingemiscimus
1644 4215 1822 4290 (Hom.

208 4314 264 4368 8.
294 4312 411 4383 23).
437 4313 530 4367 Est
555 4314 700 4367 enim
736 4328 974 4382 praesens
1003 4314 1109 4365 vita
1140 4312 1423 4367 incolatus.
1457 4312 1522 4365 Et
1544 4312 1668 4381 quid
1708 4310 1830 4366 dico

209 4407 525 4469 inculatum,
557 4421 679 4461 cum
722 4422 809 4460 res
849 4407 920 4460 sit
954 4406 1038 4461 vel
1082 4406 1313 4459 incolatu
1363 4404 1625 4459 inferior?
1674 4404 1831 4461 Unde

207 4498 462 4555 Christus
485 4499 647 4553 etiam
679 4499 847 4567 ipsam
888 4500 1100 4552 vocavit
1130 4497 1291 4561 viain,
1321 4497 1508 4552 dicens
1546 4514 1558 4551 :
1601 4498 1831 4567 Angusta

208 4602 282 4646 est
311 4602 482 4660 porta,
511 4600 555 4643 et
603 4602 744 4643 arcta
790 4591 869 4643 riu
896 4605 1009 4659 qua:
1034 4591 1174 4642 ducit
1220 4590 1289 4641 ad
1338 4592 1492 4643 vitam
1527 4574 1741 4659 (Matth.
1775 4589 1806 4644 7

211 4683 328 4755 ib).
360 4684 472 4737 lioc
494 4684 637 4737 enim
670 4693 747 4735 est
772 4681 1013 4735 doctrina
1043 4682 1244 4750 optima
1277 4692 1437 4752 atque
1464 4681 1600 4735 adeo
1632 4682 1827 4750 prima,

210 4776 352 4829 scire
396 4788 496 4828 nos
534 4788 659 4828 esse
704 4772 995 4842 inquilinos
1022 4773 1074 4826 iu
1103 4773 1212 4827 vita
1260 4772 1534 4841 pra-senti.
1567 4775 1827 4839 Quocirca

215 4876 435 4921 veteres
462 4880 678 4935 quoque
707 4864 757 4917 id
786 4865 1188 4919 confitebantur
1222 4881 1234 4917 :
1268 4874 1321 4918 et
1362 4864 1484 4917 ideo
1512 4864 1677 4917 habiti
1704 4874 1832 4920 sunt

213 4960 265 5012 in
300 4958 532 5011 maxima
561 4956 939 5011 admiratione.
974 4956 1088 5010 Hoc
1110 4957 1272 5010 etiam
1295 4956 1493 5011 Paulus
1523 4957 1833 5027 signiﬁcans

213 5046 503 5105 scribendo
526 5046 740 5102 dicebat
767 5067 779 5101 :
815 5046 1034 5119 Propter
1060 5048 1192 5100 hanc
1218 5065 1428 5101 causam
1460 5064 1560 5101 non
1586 5049 1833 5103 erubescit

213 5156 297 5194 eos
322 5138 480 5204 Deus,
501 5137 640 5191 Deus
663 5155 838 5192 eorum
868 5142 1041 5193 vocari
1068 5138 1252 5211 (Hebr.
1280 5141 1365 5193 ll.
1398 5140 1509 5209 l6).
1531 5140 1833 5207 Quamnam

213 5232 283 5285 ob
312 5230 568 5285 causam?
598 5232 687 5285 die
726 5232 876 5285 mihi.
909 5232 1043 5299 Quia
1075 5231 1313 5287 confessi
1342 5244 1465 5286 sunt
1492 5248 1551 5287 se
1582 5249 1703 5287 esse
1733 5233 1834 5288 ho-

214 5328 383 5396 spites
414 5336 469 5379 et
497 5325 812 5395 peregrinus
842 5323 1006 5395 (Ibid.
1055 5342 1103 5379 υ.
1152 5326 1265 5396 15).
1302 5326 1415 5381 lloc
1444 5336 1527 5380 est
1580 5327 1732 5381 radix
1782 5338 1839 5383 et

216 5419 625 5475 [utidmnentum
673 5420 853 5474 omnis
907 5418 1140 5473 virtutis.
1196 5419 1295 5487 Qui
1326 5421 1469 5474 enim
1507 5435 1686 5474 rerum
1717 5437 1839 5491 quite

217 5515 303 5569 hic
351 5522 478 5567 sunt
520 5521 602 5568 est
654 5513 872 5584 hospes,
902 5514 1004 5568 erit
1051 5529 1232 5568 rerum
1283 5530 1639 5583 supernarum
1682 5517 1834 5569 civis.

214 5606 315 5672 Qui
348 5620 537 5661 eorum
579 5620 698 5674 qua!
744 5606 831 5660 hic
875 5615 1000 5659 sunt
1043 5615 1129 5659 est
1180 5603 1399 5675 hospes,
1432 5621 1537 5660 noa
1590 5607 1839 5661 lubenter

221 5696 525 5751 versabitur
557 5696 609 5749 in
642 5696 1029 5767 prarsentihus:
1061 5712 1166 5749 non
1195 5696 1408 5762 domus,
1428 5712 1535 5752 non
1566 5699 1833 5768 pecuni-.9,

218 5802 325 5841 non
357 5786 624 5853 alimenti,
656 5802 757 5842 nec
800 5788 937 5841 alius
984 5774 1250 5857 ejusmodi
1282 5803 1467 5842 curam
1514 5800 1665 5858 geret
1694 5807 1706 5840 :
1741 5788 1835 5843 sed

218 5879 672 5952 quemadmodum
704 5880 792 5951 qui
822 5882 875 5934 in
902 5880 1079 5934 aliena
1114 5881 1333 5950 regione
1364 5895 1667 5946 versantur,
1706 5883 1835 5936 nihil

222 5982 519 6045 nonaguut
549 5983 602 6028 et
647 5974 938 6028 moliuntur
972 5982 1026 6028 ut
1060 5974 1244 6043 patria:
1293 5988 1403 6032 sua!
1449 5976 1822 6043 restituantur,

1316 494 1683 556 EXPDSITlO
1722 494 1787 553 IN
1819 492 2149 554 PSALMUM
2191 491 2383 553 CXIX.

3445 485 3553 557 si:

1926 621 1981 668 et
2008 613 2247 683 quotidie
2276 620 2469 682 urgent
2498 618 2552 666 et
2583 609 2861 676 festinant,
2896 616 2955 663 ut
2994 622 3113 662 eam
3139 620 3261 677 qua;
3287 620 3383 661 eos
3427 606 3549 661 tulit

1924 704 2177 760 videant:
2212 704 2285 759 ita
2311 703 2474 759 etiam
2506 702 2598 774 qui
2627 715 2816 757 amore
2850 700 3155 755 futurorum
3184 708 3420 764 tenetur,
3449 712 3553 751 nec

1924 796 2085 852 rebus
2111 794 2471 867 prtesentibus
2497 793 2742 849 adversis
2768 791 3008 848 animum
3040 789 3310 856 demittet,
3330 802 3432 845 nec
3462 802 3552 844 se-

1924 888 2116 943 cundis
2144 901 2204 942 se
2227 886 2437 953 etl’eret,
2460 884 2553 941 sed
2585 894 2812 955 utraque
2843 889 3246 953 przetercurret,
3268 890 3550 951 tamquam

1923 979 2015 1048 qui
2031 981 2132 1035 iter
2145 978 2542 1051 agit.Quocirca
2560 977 2816 1049 iubemur
2830 978 2993 1032 etiam
3010 976 3194 1031 dicere
3211 974 3263 1030 in
3278 974 3549 1041 oratione,

1924 1072 2174 1129 Adveniat
2202 1088 2418 1145 regnum
2466 1082 2610 1127 tuum
2634 1070 2850 1143 (Matth.
2883 1071 2936 1126 6.
2964 1069 3068 1135 10;
3099 1067 3231 1124 Luc.
3264 1067 3353 1124 Η.
3383 1067 3467 1138 2),
3492 1076 3555 1123 ut

1923 1169 2068 1224 illius
2114 1166 2219 1223 diei
2267 1164 2599 1223 desiderium
2648 1175 2703 1221 et
2743 1164 3095 1236 cupiditatem
3135 1162 3320 1217 animo
3363 1169 3556 1217 nostro

1923 1271 2228 1325 versantes,
2251 1270 2307 1316 et
2348 1261 2522 1330 ipsum
2555 1274 2667 1330 pra:
2706 1258 2880 1313 oculis
2931 1256 3217 1322 habentes,
3247 1270 3316 1311 ne
3362 1254 3553 1309 viden-

1925 1370 2045 1410 mus
2070 1354 2288 1425 quidem
2340 1354 2648 1424 praesentia.
2704 1350 2759 1409 Si
2792 1354 2938 1407 enim
2990 1350 3166 1408 Judzci
3210 1348 3565 1421 Jerosolytna‘

1922 1448 2319 1515 desiderantes,
2368 1449 2532 1504 etiam
2576 1456 2859 1518 postquam
2909 1446 3123 1502 liberati
3174 1454 3321 1512 sunt,
3353 1442 3560 1499 deﬂent

1924 1543 2197 1613 praeterita
2235 1559 2248 1595 :
2293 1557 2543 1613 quaenam
2589 1540 2805 1596 dabitur
2852 1540 3010 1596 nobis
3061 1538 3255 1607 venia,
3301 1553 3554 1609 quaenam

1925 1632 2261 1704 relinquetur
2299 1632 2564 1699 defensio,
2610 1633 2655 1687 si
2686 1647 2795 1687 non
2836 1647 3089 1703 superna:
3130 1631 3433 1687 Jerusalem
3467 1640 3551 1684 te-

1924 1742 2153 1783 neamur
2182 1724 2495 1783 vehementi
2521 1724 2841 1783 desiderio?

1998 1818 2051 1876 3.
2077 1816 2215 1874 Vide
2238 1832 2369 1889 ergo
2393 1816 2666 1889 quomodo
2695 1815 2749 1871 hi
2773 1831 2989 1889 quoque
3014 1816 3380 1871 lamentantur
3403 1812 3553 1886 quod

1924 1922 2048 1968 cum
2086 1912 2193 1967 illis
2217 1921 2523 1979 versentur,
2560 1907 2822 1977 Habitum,
2854 1910 3119 1977 dicentes,
3153 1926 3269 1963 cum
3311 1909 3555 1964 taberna-

1925 2004 2055 2062 culis
2080 2002 2247 2061 Cedar
2274 2021 2293 2059 :
2320 2004 2538 2058 multum
2572 2003 2743 2058 incola
2782 2003 2880 2072 fuit
2909 2004 3087 2057 anima
3113 2017 3245 2057 mea.
3279 2000 3380 2056 llic
3405 2000 3555 2055 enim

1928 2114 2035 2155 non
2059 2096 2235 2154 solum
2266 2096 2488 2161 deﬂent,
2507 2097 2652 2169 quod
2682 2098 2735 2151 in
2762 2095 2937 2152 aliena
2968 2092 3237 2161 habitent,
3264 2093 3359 2149 sed
3384 2093 3551 2149 etiam

1926 2190 2070 2259 quod
2103 2205 2229 2245 cum
2256 2189 2503 2244 barbaris
2530 2198 2835 2245 versentur.
2859 2188 3013 2256 Quod
3045 2186 3262 2256 quidem
3288 2186 3379 2241 alii
3408 2200 3552 2257 quo-

1926 2300 2032 2356 que
2060 2282 2330 2339 faciebant
2352 2282 2630 2353 prophetae.
2650 2282 2719 2337 de
2743 2278 2996 2352 przeseuti
3031 2280 3139 2335 vita
3165 2281 3553 2341 lamentantes,

1926 2388 1980 2432 et
2008 2376 2289 2432 dicentes:
2328 2372 2427 2430 Hei
2465 2374 2631 2430 mihi!
2655 2374 2774 2445 quia
2804 2375 2955 2444 periit
2984 2374 3100 2445 pius
3130 2390 3162 2426 a
3200 2382 3358 2437 terra,
3392 2379 3441 2425 et
3466 2372 3556 2440 qui

1925 2477 2059 2523 recte
2097 2476 2219 2540 agat
2265 2484 2367 2522 non
2408 2476 2481 2523 est
2522 2468 2577 2521 in
2622 2466 2915 2521 hominibus
2963 2464 3149 2537 (biich.
3186 2463 3240 2518 7.
3282 2463 3332 2517 1.
3364 2460 3460 2533 Ξ);
3499 2472 3557 2517 et

1927 2560 2089 2615 etiam
2126 2558 2213 2615 hic
2241 2559 2358 2629 ipse
2382 2559 2568 2615 dicens
2615 2576 2627 2611 :
2682 2557 2844 2615 Serva
2870 2575 2970 2625 me,
3017 2556 3259 2620 Domine,
3310 2556 3557 2626 quoniam

1928 2651 2111 2723 defecit
2136 2662 2343 2707 sanctus
2371 2650 2545 2722 (Psal.
2578 2652 2668 2707 Η.
2698 2649 2779 2721 Ξ).
2809 2649 2994 2721 Neque
3021 2649 3166 2703 enim
3200 2648 3318 2704 hare
3343 2648 3448 2702 vita
3473 2656 3558 2702 est

1927 2762 1995 2801 eo
2038 2753 2247 2800 tantum
2296 2745 2587 2809 laboriosa,
2620 2744 2763 2818 quod
2798 2744 3085 2816 plurimam
3118 2744 3314 2799 habeat
3340 2742 3555 2798 vanita-

1931 2849 2063 2907 tem,
2096 2848 2151 2895 et
2173 2854 2333 2896 curas
2372 2841 2729 2911 importunus,
2760 2839 2856 2895 sed
2878 2838 3020 2910 quod
3061 2839 3223 2893 etiam
3252 2839 3456 2892 multus
3486 2838 3561 2892 sit

1930 2934 2194 2987 malorum
2225 2942 2540 3002 proventus.

2005 3023 2271 3079 Malorum
2298 3025 2612 3079 consuetudo
2665 3024 2809 3079 bonis
2867 3031 2941 3077 est
3002 3022 3406 3084 molestissima;
3453 3022 3557 3074 vita

1933 3133 2157 3189 praesens
2178 3117 2321 3173 bonis
2349 3119 2504 3189 longa
2527 3118 2743 3183 videtur,
2767 3118 2918 3173 malis
2940 3128 3112 3171 autem
3137 3113 3557 3170 brevis—Nihil

1930 3220 2015 3267 eet
2045 3218 2228 3267 autem
2259 3211 2474 3282 gravius
2498 3219 2553 3267 et
2578 3209 2883 3276 molestius,
2906 3225 3066 3279 quam
3095 3222 3219 3262 cum
3250 3207 3558 3277 hujusmodi

1933 3302 2244 3359 hominibus
2290 3302 2620 3373 congressio.
2656 3297 2842 3371 Neque
2880 3300 3026 3356 enim
3082 3299 3264 3377 fumus
3306 3310 3361 3354 et
3388 3313 3559 3369 vapor

1934 3396 2008 3450 ita
2054 3396 2195 3450 solet
2224 3408 2454 3464 gravare
2481 3394 2690 3457 oculos,
2726 3403 2784 3447 ut
2813 3394 3183 3465 improborum
3215 3391 3556 3448 consuetudo

1933 3488 2173 3542 animum
2206 3487 2421 3541 tristitia
2449 3485 2635 3540 afficit.
2671 3485 2790 3540 Non
2836 3486 2985 3541 vides
3020 3487 3310 3541 Dominum
3340 3500 3557 3557 quoque

1932 3590 2181 3636 nostrum
2209 3580 2395 3636 .lesum
2427 3579 2703 3635 Christum
2736 3581 3027 3637 ostendere
3048 3598 3207 3651 quam
3235 3584 3305 3637 sit
3331 3583 3561 3637 molesta

1934 3673 2199 3743 ejusmodi
2227 3673 2605 3728 consuetudo?
2651 3674 2880 3739 Quando
2910 3676 3055 3729 enim
3097 3676 3251 3742 dicit,
3285 3674 3563 3741 Quousque

1934 3780 2021 3820 ero
2051 3764 2349 3819 uobiscum?
2379 3781 2641 3835 quousque
2673 3769 2837 3835 feram
2863 3783 2948 3819 vos
2980 3765 3197 3834 (Matth.
3223 3768 3311 3821 17.
3342 3767 3475 3831 17)?
3506 3768 3559 3820 id

1938 3856 2090 3920 dicit,
2126 3855 2231 3915 hoc
2257 3856 2490 3911 obscure
2521 3856 2852 3927 signiﬁcans,
2887 3856 3133 3912 Habitavi
3174 3877 3289 3913 cum
3319 3860 3562 3914 taberna-

1936 3940 2066 3995 culis
2095 3939 2283 3995 Cedar.
2316 3941 2611 3996 Barbarum
2641 3957 2810 4013 genus
2838 3952 2923 3996 est
2950 3942 3102 4009 illud,
3131 3942 3409 3999 eti‘cratius
3436 3960 3560 4001 cum

1936 4033 2167 4087 subditis
2207 4033 2378 4087 instar
2431 4033 2665 4088 ferarum
2716 4050 2912 4106 agere,
2971 4044 3029 4090 ut
3071 4036 3160 4107 qui
3215 4038 3464 4093 tentoriis
3509 4049 3564 4091 et

1940 4126 2166 4195 tuguriis
2217 4133 2456 4191 utantur,
2501 4136 2555 4179 ct
2600 4126 2667 4180 ad
2724 4127 3116 4184 immanitatem
3170 4129 3406 4185 ferarum
3456 4132 3566 4186 sint

1938 4216 2166 4271 redacti.
2217 4214 2325 4270 Sed
2378 4216 2460 4269 his
2511 4218 2680 4271 multo
2728 4228 2855 4273 sunt
2899 4218 3236 4276 eiicratiores
3292 4232 3558 4291 raptores.

1937 4314 2084 4367 avari
2112 4321 2164 4367 ct
2183 4314 2273 4383 qui
2306 4313 2572 4385 impudice
2600 4330 2662 4370 ac
2690 4315 2977 4374 libidinose
3006 4320 3133 4374 etin
3164 4320 3374 4377 deliciis
3395 4324 3561 4378 vitam

1940 4404 2264 4475 transigunt.
2298 4406 2353 4459 9.
2386 4402 2611 4460 Multum
2655 4409 2825 4462 incola
2869 4410 2969 4478 fuit
3011 4412 3185 4465 anima
3229 4430 3363 4466 mea.
3399 4416 3562 4485 Atqui

1940 4514 2046 4551 non
2080 4498 2348 4563 multum;
2395 4498 2608 4553 fuerunt
2643 4501 2785 4555 enim
2818 4504 2993 4557 solum
3025 4506 3361 4574 septuaginta
3397 4508 3559 4561 anni:

1940 4590 2035 4643 sed
2065 4604 2173 4643 non
2217 4590 2455 4658 appellat
2486 4592 2711 4645 multum
2760 4605 2979 4662 propter
3017 4595 3435 4663 multitudinem,
3466 4599 3563 4651 sed

1942 4691 2165 4751 propter
2196 4698 2373 4735 reruni
2404 4682 2795 4737 difficultatem.
2848 4686 2959 4739 Etsi
2996 4701 3137 4740 enim
3186 4688 3256 4742 sit
3286 4690 3558 4758 exiguum.

1944 4774 2156 4827 videtur
2184 4788 2305 4828 esse
2332 4774 2560 4828 multutn
2590 4776 2653 4830 iis
2681 4778 2771 4845 qui
2804 4776 3136 4847 afﬂiguntur.
3163 4778 3237 4833 lla
3270 4782 3430 4834 etiam
3466 4797 3565 4836 nos

1940 4877 2158 4934 Oportet
2187 4865 2347 4933 aflici,
2379 4875 2433 4921 et
2461 4869 2709 4937 quamvis
2740 4868 2827 4923 hic
2860 4872 3044 4939 paucis
3066 4873 3223 4926 annis
3248 4876 3561 4937 vixerimus.

1940 4973 2035 5012 eos
2074 4969 2252 5012 tamen
2284 4959 2481 5011 multos
2511 4976 2632 5013 esse
2663 4970 2852 5030 putare
2884 4976 3105 5032 propter
3140 4962 3443 5019 futurorum
3472 4966 3565 5020 dc-

1941 5051 2223 5103 siderium.
2258 5050 2383 5105 Haec
2410 5052 2532 5107 dico
2577 5068 2682 5107 non
2717 5057 2879 5109 vitam
2914 5068 3236 5125 prmseutem
3266 5074 3564 5121 accusans;

1942 5143 2119 5196 absit:
2145 5158 2208 5197 ea
2237 5151 2321 5197 est
2350 5143 2493 5198 enim
2526 5158 2661 5215 Opus
2690 5145 2786 5201 Dei
2818 5166 2829 5200 :
2864 5148 2957 5201 sed
2984 5149 3049 5203 ad
3085 5150 3383 5206 futurorum
3415 5167 3568 5206 amo~

1944 5251 2057 5288 rem
2108 5251 2204 5289 vos
2232 5238 2475 5311 excitans
2501 5247 2556 5292 et
2588 5240 2836 5304 incitans,
2871 5249 2925 5295 et
2956 5258 3024 5296 ne
3053 5243 3104 5296 in
3138 5243 3300 5298 rebus
3330 5260 3567 5315 prmseu-

1946 5329 2087 5382 tibus
2118 5329 2368 5384 lubenter
2404 5333 2718 5398 versemini,
2750 5349 2850 5387 nec
2873 5335 3085 5404 corpori
3117 5334 3264 5391 afﬁxi
3290 5338 3444 5393 sitis:
3470 5354 3569 5393 nec

1943 5424 2014 5478 ita
2047 5423 2385 5493 aﬂiciamini,
2421 5435 2478 5481 ut
2505 5428 2750 5482 nonnulli
2784 5444 2814 5484 e
2837 5430 2997 5500 vulgo
3026 5430 3224 5501 ahjccti
3258 5432 3445 5498 animi,
3476 5437 3568 5503 qui

1942 5517 2045 5572 etsi
2080 5534 2178 5587 per
2208 5520 2406 5574 multos
2435 5536 2609 5576 annos
2648 5523 2901 5589 vixerint,
2934 5538 3031 5581 eos
3075 5542 3277 5596 paucos
3317 5543 3441 5583 esse
3484 5528 3570 5583 di-

1945 5620 2095 5665 cunt.
2126 5610 2336 5679 Quibus
2372 5615 2501 5683 quid
2551 5628 2671 5669 esse
2726 5626 2903 5686 potest
2956 5633 2986 5671 a
3040 5619 3251 5675 ratione
3303 5621 3571 5677 alienius?

1946 5702 2082 5769 Quid
2109 5717 2239 5756 vero
2259 5707 2496 5760 crassius
2527 5707 2590 5760 iis
2617 5709 2709 5777 qui
2750 5711 2885 5763 cazlo
2908 5713 3210 5781 proposito,
3240 5724 3297 5768 et
3322 5713 3389 5768 iis
3416 5714 3570 5769 bonis

1944 5809 2065 5863 quae
2092 5804 2220 5849 sunt
2253 5797 2305 5849 in
2329 5799 2503 5854 castis.
2527 5798 2655 5863 Qua:
2682 5816 2773 5853 nec
2813 5802 2991 5856 oculus
3014 5804 3158 5867 vidit,
3183 5820 3275 5859 nec
3302 5806 3446 5861 auris
3472 5823 3539 5859 an
3556 5838 3569 5847 -

1946 5886 2069 5939 dirit
2116 5889 2193 5955 (ι.
2224 5886 2343 5943 Cor.
2390 5890 2443 5944 Ξ.
2476 5889 2555 5961 9),
2585 5906 2683 5946 ore
2732 5891 2914 5948 hiante
2961 5898 3179 5950 umbras
3224 5907 3465 5969 stupent.
3512 5913 3561 5953 ei

1948 5978 2129 6033 volunt
2159 5981 2282 6032 vitm
2309 5985 2591 6051 praesentis
2623 5986 2871 6056 euripum
2906 5988 3177 6059 trajicere,
3208 5991 3257 6043 iu
3292 5996 3566 6061 perpetuis
