4086 6440
560 417 665 470 543

555 530 835 592 fluctibus,
885 528 1286 597 tempestatibus
1340 535 1391 579 et
1439 524 1726 594 naufragiis
1775 523 2037 578 volutati?
2084 523 2151 576 At

557 637 663 675 non
696 620 775 675 sic
804 618 1037 673 Paulus:
1068 615 1162 672 sed
1206 616 1496 673 festinabat
1522 626 1576 670 et
1624 614 1865 685 urgebat,
1891 624 1949 669 et
1988 628 2153 667 unum

556 714 729 768 solum
759 726 882 767 eum
912 710 1193 776 retinebat,
1228 724 1421 779 nempe
1445 694 1591 761 salus
1623 706 1898 762 hominum
1928 703 2152 777 (Philip.

556 805 610 856 l.
638 802 755 874 23).
780 803 834 856 7.
864 801 992 857 Cum
1029 801 1107 855 bis
1140 801 1227 871 qui
1260 805 1477 854 oderunt
1507 815 1680 868 pacem
1705 815 1845 853 eram
1875 796 2117 867 paciﬁcus
2136 810 2155 848 :

560 912 676 949 eum
701 895 941 966 loquebar
963 894 1087 959 illis,
1112 891 1482 964 impugnabant
1512 907 1590 944 me
1615 891 1795 961 gratis.
1815 888 2005 943 Vidisti
2021 902 2153 958 quo-

553 986 717 1042 modo
746 985 982 1041 ostendit
1001 1001 1163 1056 quam
1187 1000 1348 1055 grave
1368 984 1438 1037 sit
1466 982 1576 1037 illic
1597 981 1841 1037 versari?
1866 979 1980 1034 Non
2005 980 2150 1034 enim

553 1080 711 1145 dixit,
730 1078 871 1134 Cum
891 1078 959 1133 iis
979 1079 1068 1148 qui
1097 1092 1202 1132 non
1230 1076 1429 1130 habent
1459 1089 1667 1143 pacem,
1694 1071 1810 1138 sed,
1830 1071 1956 1126 Cum
1983 1071 2047 1125 iis
2066 1070 2163 1141 qui

554 1171 673 1226 odio
702 1170 885 1225 habent
916 1188 1091 1241 pacem
1117 1148 1253 1224 3am
1302 1168 1567 1239 paciﬁcus.
1592 1165 1782 1221 Vidisti
1808 1163 2147 1220 commodum

550 1262 894 1319 afﬂictionis?
936 1260 1114 1317 vidisti
1165 1262 1395 1315 fructum
1442 1256 1804 1328 captivitatis?
1854 1254 1959 1311 Sed
2007 1270 2149 1309 nunc

549 1356 677 1424 quis
697 1365 940 1410 nostrum
975 1355 1076 1408 hoc
1094 1353 1293 1425 poterit
1319 1352 1543 1407 dicere?
1570 1350 1712 1407 Satis
1734 1350 1877 1405 enim
1901 1348 2081 1412 fuerit,
2103 1350 2147 1402 si

551 1464 672 1500 runt
706 1443 941 1515 pacificis
968 1444 1137 1500 simus
1170 1432 1373 1514 pacifici
1420 1460 1435 1497 :
1482 1442 1569 1497 hic
1612 1451 1788 1497 autem
1826 1440 1987 1497 etiam
2025 1453 2146 1494 cum

552 1537 617 1591 iis
640 1536 731 1606 qui
759 1551 943 1605 pacem
973 1536 1203 1589 oderant
1231 1543 1348 1589 erat
1374 1532 1649 1604 pacificus.
1920 1546 1923 1547 '

621 1628 751 1682 Belli
781 1646 843 1683 ac
870 1644 1055 1700 pugme
1073 1644 1233 1682 causa
1261 1628 1541 1698 praecipua.
1585 1622 1741 1677 Hane
1774 1622 1900 1688 ovis,
1927 1630 1976 1677 et
2001 1620 2147 1694 lupos

545 1720 843 1788 superabis;
871 1718 1204 1774 mansuetudo
1232 1717 1318 1771 ubi
1342 1718 1564 1770 maxime
1581 1713 1986 1769 ostendenda.-—
2004 1711 2145 1779 Quo-

547 1813 708 1867 modo
735 1828 864 1883 ergo
893 1829 991 1868 nos
1020 1827 1232 1883 quoque
1268 1811 1323 1866 in
1346 1810 1447 1866 hac
1470 1825 1526 1865 re
1550 1818 1699 1865 recte
1725 1808 2044 1879 geremus‘?
2090 1807 2144 1863 Si

549 1914 819 1973 tamquam
841 1904 1084 1975 inquilini
1116 1903 1205 1958 hic
1226 1916 1537 1967 versemur;
1570 1914 1756 1955 rursus
1776 1900 1919 1955 enim
1940 1898 2146 1955 deduco

547 1995 846 2049 orationem
875 1993 941 2048 ad
974 1995 1151 2063 ipsum
1178 2002 1589 2064 argumentum;
1626 1993 1671 2046 si
1711 2000 1771 2047 ut
1809 1991 2071 2061 hospites,
2100 1992 2144 2047 si

547 2086 696 2140 nullo
716 2101 903 2141 eorum
928 2102 1045 2155 qua:
1072 2093 1194 2139 sunt
1224 2083 1504 2154 priesentia
1537 2082 1813 2138 retardati.
1837 2082 1977 2137 Nihil
2001 2083 2143 2138 enim

543 2194 697 2250 a‘qne
724 2195 913 2250 pugna:
939 2189 994 2234 et
1019 2179 1141 2234 belli
1174 2192 1334 2233 causa
1371 2187 1474 2245 est,
1499 2185 1557 2232 ut
1588 2191 1739 2231 amor
1773 2176 2138 2245 pmsendum,

546 2280 605 2325 ut
632 2272 712 2327 vel
751 2272 960 2342 gloriae,
992 2272 1076 2325 vel
1120 2273 1379 2342 pecunizc,
1412 2271 1495 2326 vel
1516 2270 1834 2326 deliciarum
1861 2270 2140 2339 cupiditas.
2194 2276 2207 2341 χ

545 2362 770 2430 Quando
791 2379 921 2418 vero
948 2366 1045 2417 lms
1070 2379 1258 2419 omnes
1280 2364 1435 2417 funes
1466 2360 1804 2432 praecideris,
1837 2370 1891 2416 et
1909 2362 2141 2417 animam

546 2454 696 2509 nullo
725 2454 915 2510 hormn
946 2456 1167 2511 retineri
1217 2455 1548 2526 permiseris,
1582 2462 1708 2509 tunc
1733 2452 1937 2510 videbis
1974 2454 2144 2511 unde-

544 2560 666 2601 nam
688 2545 884 2603 bellum
907 2548 1066 2602 ducat
1094 2548 1436 2617 principium,
1460 2556 1513 2601 et
1541 2545 1807 2601 undenam
1839 2546 1910 2601 sit
1935 2546 2146 2602 virtutis

546 2639 848 2710 iaciendum
887 2640 1315 2695 fundamentum.
1343 2640 1631 2709 Propterea
1658 2638 1812 2709 jubet
1839 2638 2000 2694 etiam
2046 2654 2143 2694 nos

544 2731 789 2788 Christus
820 2748 948 2789 oves
979 2748 1100 2789 esse
1148 2736 1287 2788 inter
1334 2733 1489 2802 lupos
1539 2730 1751 2800 (Matth.
1785 2730 1871 2787 10.
1916 2730 2040 2801 16):
2074 2748 2143 2789 ne

545 2825 711 2889 dicas,
740 2824 866 2879 llazc
906 2835 960 2880 et
1002 2826 1089 2880 illa
1139 2840 1327 2896 passus
1370 2840 1509 2892 sum,
1538 2824 1659 2878 ideo
1687 2824 1829 2879 evasi
1875 2840 2049 2881 saevus
2089 2836 2144 2879 et

545 2914 814 2970 efferatus.
841 2916 1083 2981 Etiamsi,
1128 2917 1333 2987 inquit,
1383 2930 1573 2986 passus
1622 2913 1787 2969 fueris
1831 2915 2143 2971 innumera-

546 3006 689 3073 bilia,
718 3023 874 3064 mane
902 3010 1039 3074 ovis,
1063 3017 1117 3063 et
1148 3009 1216 3062 ita
1268 3007 1421 3077 lupos
1455 3004 1754 3077 superabis.
1782 3005 1882 3062 Hic
1925 3017 2009 3063 est
2039 3008 2142 3062 im—

544 3096 746 3166 probus
787 3108 841 3153 et
874 3097 1203 3169 profligatus,
1234 3097 1329 3153 sed
1372 3097 1537 3153 habes
1565 3106 1738 3151 tantas
1781 3098 1943 3165 vires,
1975 3107 2034 3153 ut
2060 3099 2145 3153 vel

547 3189 701 3244 malis
730 3192 975 3260 superior
999 3189 1217 3245 evadas.
1236 3189 1373 3257 Quid
1393 3198 1478 3245 est
1497 3204 1597 3245 ove
1624 3190 1992 3249 mansuetius?
2018 3191 2144 3262 quid

546 3296 674 3335 vero
704 3282 829 3352 lupo
885 3284 1185 3353 agrestius?
1216 3282 1306 3337 llle
1338 3292 1513 3337 tamen
1542 3282 1611 3336 ab
1641 3282 1741 3339 hac
1769 3284 2141 3354 superabitur:

548 3372 707 3443 idque
734 3382 1009 3429 ostensum
1041 3386 1122 3430 est
1153 3376 1204 3429 in
1233 3374 1510 3445 apostolis.
1538 3372 1682 3429 Nihil
1710 3384 1795 3429 est
1818 3376 1961 3431 enim
1992 3391 2143 3430 man-

548 3465 831 3521 suetudine
860 3467 1148 3536 poteniius,
1174 3466 1307 3521 nihil
1338 3466 1554 3521 lenitate
1584 3466 1808 3522 validius
1826 3482 1890 3523 ac
1912 3468 2141 3524 firmius.

546 3555 802 3623 Quocirca
835 3557 1078 3613 Christus
1103 3572 1314 3629 quoque
1338 3558 1490 3627 jubet
1516 3572 1644 3613 oves
1665 3573 1784 3615 esse
1804 3558 1943 3615 inter
1966 3560 2139 3631 lupos.

552 3646 757 3702 Deinde
801 3658 1079 3719 postquam
1112 3650 1189 3703 sic
1220 3649 1372 3713 dixit,
1406 3658 1674 3720 tamquam
1723 3664 1829 3705 non
1878 3649 2145 3707 sufficeret

545 3740 665 3794 tunc
714 3742 1088 3808 mansuetudo,
1132 3742 1266 3808 ovis,
1322 3744 1567 3812 inquam,
1621 3741 1668 3795 ei
1725 3757 1883 3811 quem
1933 3742 2046 3797 vult
2086 3759 2145 3799 se

548 3827 836 3885 ostendere
882 3831 1223 3901 discipulum,
1255 3830 1451 3903 aliquid
1498 3831 1641 3887 aliud
1684 3832 1867 3901 adjicit
1899 3851 1911 3886 :
1948 3832 2143 3903 Eslole,

545 3922 739 3992 inquit,
780 3922 1034 3993 simplices
1076 3923 1206 3976 sicut
1249 3925 1532 3987 columba;
1568 3923 1795 3979 duorum
1841 3936 2149 3981 mansueto-

548 4027 667 4065 rum
698 4021 755 4065 et
782 4012 1103 4081 simplicium
1148 4014 1458 4067 animalium
1504 4012 1737 4069 miscens
1776 4009 2145 4071 mansuetudi-

548 4118 673 4157 nem
705 4119 720 4155 :
763 4112 961 4157 tantam
989 4119 1017 4156 a
1048 4104 1202 4158 nobis
1242 4104 1407 4173 exigit
1441 4104 1732 4169 lenitatem,
1764 4105 1978 4174 quando
2005 4106 2146 4161 inter

548 4210 723 4251 saevos
765 4205 821 4251 et
872 4206 1113 4265 agrestes
1158 4212 1455 4251 versamur.
1500 4196 1579 4251 Ne
1606 4197 1749 4251 enim
1780 4197 1999 4265 dixeris,
2054 4200 2145 4255 Est

548 4288 847 4358 improbus,
898 4304 997 4343 nec
1049 4288 1189 4344 ferre
1238 4304 1475 4358 possum.
1523 4287 1674 4344 Tunc
1720 4289 1863 4344 enim
1914 4292 2145 4347 maxime

548 4379 879 4435 ostendenda
906 4388 990 4434 est
1016 4380 1392 4446 mansuetudo,
1424 4380 1639 4451 quando
1668 4396 1757 4437 res
1793 4381 1947 4436 nobis
1989 4382 2146 4439 fuerit

547 4488 670 4527 cum
708 4472 866 4527 suavis
896 4480 950 4525 et
978 4473 1277 4540 agrestibus
1310 4472 1634 4539 hominibus,
1662 4472 1874 4542 quando
1915 4489 2036 4527 eum
2083 4476 2147 4530 iis

545 4566 641 4633 qui
674 4574 797 4619 sunt
817 4563 886 4619 ab
913 4563 1243 4619 humanitate
1263 4566 1455 4619 alieni:
1481 4576 1608 4620 tunc
1630 4564 1747 4635 ejus
1774 4565 1942 4620 virtus
1968 4576 2147 4622 esten-

548 4658 715 4722 ditur,
750 4667 873 4712 tunc
903 4658 1019 4726 ejus
1045 4673 1237 4712 inuitus
1267 4668 1321 4712 et
1360 4658 1597 4711 oftlcium
1647 4657 1958 4727 fructusque
1988 4657 2149 4711 reful-

550 4761 661 4819 get.
692 4746 816 4805 Cum
845 4751 1084 4821 loquebar
1122 4752 1255 4813 illis,
1290 4753 1657 4822 impugnabant
1686 4768 1766 4804 me
1790 4752 1967 4822 gratis.
2000 4753 2149 4805 Alius

556 4854 731 4898 autem
781 4845 1044 4915 interpres
1067 4843 1142 4917 (a)
1174 4844 1321 4908 dicit,
1356 4844 1425 4898 Et
1472 4844 1674 4915 quando
1725 4845 1964 4916 loquebar
2002 4844 2146 4915 ipsis,

552 4935 822 4999 bellabant,
849 4936 934 4989 vel
962 4935 1064 4990 hoc
1108 4935 1435 5005 significans,
1465 4937 1588 4989 Cum
1618 4937 1681 4989 iis
1714 4938 1797 5006 qui
1818 4938 2028 4991 oderant
2052 4956 2141 5006 pa-

552 5043 659 5081 esm
698 5043 836 5079 eram
862 5027 1107 5097 paciﬁcus
1139 5042 1158 5079 :
1197 5027 1303 5091 vel,
1340 5026 1555 5097 quando
1583 5028 1709 5095 ipsis
1744 5027 2018 5097 loquebar,
2052 5029 2146 5096 ipsi

555 5134 645 5175 me
674 5118 1072 5189 Oppugnabant.
1104 5118 1257 5186 Quod
1285 5130 1461 5173 autem
1493 5118 1639 5183 dicit,
1672 5117 1777 5172 tale
1798 5128 1880 5171 est
1908 5136 1920 5171 :
1953 5118 2006 5171 lu
2036 5118 2150 5189 ipso

558 5222 799 5279 tempore
826 5209 1098 5280 colloquii,
1122 5210 1335 5279 quando
1370 5210 1620 5275 maxime,
1655 5209 1844 5279 inquit,
1875 5212 2149 5263 caritatem

554 5300 928 5365 ostendebam,
957 5300 1172 5371 quando
1199 5301 1356 5356 verba
1404 5302 1454 5354 in
1497 5300 1682 5370 primis
1724 5301 1893 5354 amica
1938 5302 2150 5354 emitte-

554 5396 699 5460 bam,
731 5404 857 5450 tunc
886 5393 1265 5458 eﬂerabantur,
1296 5404 1421 5447 tunc
1447 5393 1598 5447 dolos
1629 5386 1909 5447 struebant
1935 5401 1989 5445 et
2018 5392 2150 5446 nihil

558 5502 654 5541 eos
681 5487 961 5541 coercebat
996 5505 1006 5538 :
1043 5502 1141 5554 ego
1174 5496 1349 5540 tamen
1377 5486 1647 5554 propriam
1674 5484 2025 5538 ostendebant
2051 5484 2155 5536 vir-

618 5673 635 5701 ⁸
672 5668 827 5717 Aliam
852 5666 1115 5717 lectionem
1138 5675 1280 5715 auert
1321 5667 1365 5714 in
1402 5666 1623 5727 margine
1646 5665 1884 5713 savilius:
1917 5671 2159 5723 Quomodo

551 5742 637 5781 ttot‘
667 5744 751 5779 nos
766 5743 1049 5792 persuasum
1067 5729 1365 5785 habebimus,
1386 5727 1469 5790 qui
1492 5727 1637 5776 etiam
1663 5727 1711 5775 in
1735 5729 1915 5776 amicos
1939 5726 2156 5775 hostilem

558 5791 771 5855 perimus
789 5791 1005 5840 animum
1029 5791 1051 5840 ?

619 5855 693 5913 (a)
724 5855 839 5911 Quis
870 5855 934 5903 sit
966 5856 1215 5915 interpres
1245 5852 1323 5900 hic
1342 5864 1449 5915 Anon
1488 5849 1625 5915 facile.
1658 5858 1734 5899 est
1763 5849 1999 5899 divinare.
2030 5850 2154 5897 Aliu-

560 5912 682 5978 qttiu
700 5929 817 5965 vero
842 5917 945 5965 hac
972 5912 1312 5977 interpretatio
1336 5912 1440 5962 fere
1470 5913 1643 5963 eadem
1667 5920 1741 5961 est
1764 5926 1873 5975 quze
1900 5920 2026 5959 t..\\.

1258 411 1314 466 S.
1354 410 1633 467 JOANNIS
1670 406 2149 464 CllllYSOSTOMl
2193 405 2513 461 AllCiliEP.
2555 403 3092 461 CONSTANTINOI‘.

3763 404 3870 461 Su

2266 530 2457 588 tutem,
2481 523 2607 577 licet
2636 522 2669 577 il
2697 522 2769 578 ita
2798 522 2974 579 affecti
3002 532 3206 580 essent.
3243 524 3315 577 ita
3336 524 3497 578 etiam
3528 538 3630 578 nos
3654 535 3871 595 oportet

2263 611 2423 679 affici,
2456 628 2649 684 nempe
2676 614 2798 670 licet
2824 628 2925 669 nos
2959 614 3171 670 illorum
3202 625 3444 671 amantes
3472 617 3542 671 ab
3572 617 3677 672 illis
3705 618 3871 673 feria-

2263 721 2403 770 mur,
2438 706 2563 764 licet
2594 708 2746 764 nobis
2775 708 2851 763 illi
2898 708 3237 775 insidientur,
3270 727 3368 765 nos
3400 722 3579 765 nostra
3612 711 3873 768 exhibens

2260 809 2492 868 oportet,
2524 801 2663 856 illius
2689 800 2959 871 parabole
2983 816 3270 866 memores,
3292 818 3412 873 quae
3438 802 3593 873 jubet
3618 819 3720 860 nos
3745 819 3874 860 esse

2258 901 2534 964 tamquam
2560 908 2691 949 oves
2720 904 2773 949 et
2796 895 3078 950 columbas
3104 896 3159 949 in
3201 896 3381 951 medio
3423 897 3702 966 luporum,
3730 907 3791 952 ut
3818 908 3876 953 et

2260 984 2381 1041 illos
2411 986 2662 1042 meliores
2687 986 2997 1053 reddamus,
3032 999 3089 1043 et
3114 988 3216 1060 ipsi
3236 990 3375 1044 bona
3403 989 3644 1046 caelestia
3676 1005 3875 1045 consc-

2257 1091 2486 1145 quamur
2518 1095 2534 1132 :
2564 1093 2684 1147 qua:
2712 1077 2875 1134 detur
2918 1078 3077 1134 nobis
3105 1081 3356 1135 omnibtts
3384 1082 3668 1152 consequi,
3697 1084 3873 1152 gratia

2256 1176 2311 1222 et
2345 1168 2674 1240 benignitate
2704 1170 2914 1226 Domini
2955 1172 3125 1227 nostri
3154 1173 3283 1229 Jesu
3311 1173 3532 1241 Christi,
3575 1175 3664 1230 cui
3694 1173 3873 1245 gloria

2256 1263 2310 1317 in
2338 1264 2529 1319 saacula
2558 1265 2905 1322 smculornm.
2931 1267 3125 1322 Amen.

2739 1398 2807 1454 ΙΝ
2846 1399 3172 1457 PSALMUM
3210 1400 3372 1457 CXX.

2290 1486 2556 1543 Canticum
2577 1489 2848 1562 graduum.
2880 1492 3053 1557 Alius,
3074 1491 3272 1549 Cantus
3300 1496 3353 1549 in
3381 1498 3705 1553 escensiones
3730 1498 3837 1569 (a).

2257 1580 2311 1633 l.
2347 1579 2531 1637 Levavi
2560 1583 2734 1637 oculos
2760 1600 2896 1638 meos
2939 1584 2992 1639 in
3019 1596 3234 1652 montes,
3265 1587 3404 1641 unde
3429 1590 3587 1643 veniet
3610 1591 3875 1645 annalium

2325 1690 2513 1728 meum.
2548 1675 2716 1740 Alius,
2752 1673 2882 1730 Leve
2909 1678 3084 1733 oculos
3113 1696 3252 1734 meos
3277 1680 3328 1733 in
3364 1692 3577 1750 montes,
3610 1682 3755 1736 unde
3783 1698 3868 1735 re-

2324 1768 2427 1822 niet
2460 1770 2711 1823 auxiliuin
2736 1787 2923 1825 meum.

2325 1884 2377 1938 1.
2420 1883 2556 1939 Vide
2600 1884 2871 1949 animam,
2903 1902 3023 1955 quae
3066 1887 3221 1942 malis
3265 1888 3535 1959 implicata
3579 1893 3774 1962 nequit
3813 1911 3874 1945 se

2251 1973 2532 2042 expedire,
2560 1985 2615 2031 et
2638 1976 2877 2031 invenire
2902 1979 3129 2045 exitum,
3151 1986 3207 2033 et
3227 1980 3340 2036 vnit
3364 1982 3577 2051 assequi
3605 1982 3873 2039 solatium

2250 2064 2317 2119 ad
2366 2064 2531 2121 Deum
2576 2066 2891 2136 respiciens.
2936 2067 3065 2125 Hac
3114 2086 3302 2127 rursus
3343 2074 3699 2129 tentationnm
3740 2088 3874 2133 sunt

2248 2158 2411 2223 bona,
2439 2176 2561 2230 qua:
2590 2160 2735 2215 illam
2766 2161 2980 2234 erigunt
3005 2171 3061 2219 et
3088 2166 3345 2233 excitant,
3376 2175 3431 2222 et
3468 2167 3536 2223 ad
3566 2184 3871 2239 supernum

2249 2251 2505 2306 auxilium
2536 2253 2889 2310 invocandum
2915 2266 3154 2325 movent,
3179 2267 3340 2330 atque
3362 2259 3431 2314 ab
3448 2263 3724 2329 omnibus,
3743 2280 3871 2336 qua:

2249 2341 2315 2395 ad
2344 2341 2486 2425 hanc
2515 2344 2678 2400 vitam
2710 2348 3002 2416 pertinent,
3053 2349 3344 2407 abducunt.
3385 2351 3439 2407 Si
3465 2353 3609 2408 enim
3646 2353 3825 2411 Judmi
3848 2398 3869 2422 ,

2250 2432 2344 2503 qui
2367 2434 2535 2490 crassi
2559 2444 2715 2491 erant
2742 2446 2797 2493 et
2828 2446 2987 2495 terra:
3026 2439 3193 2507 affixi,
3221 2441 3289 2497 ab
3318 2441 3607 2500 afflictione
3631 2449 3869 2516 captivi-

2255 2528 2380 2580 tatis
2407 2526 2546 2583 adeo
2572 2528 2699 2585 boni
2727 2531 3047 2599 evadebant,
3088 2543 3143 2590 et
3166 2535 3231 2589 ad
3260 2538 3450 2592 czelum
3498 2538 3571 2593 ita
3601 2541 3868 2610 respicie-

2254 2614 2384 2671 bant
2414 2636 2425 2670 :
2456 2618 2626 2675 multo
2646 2619 2843 2689 justius
2862 2632 2946 2679 est
2971 2633 3029 2678 ut
3051 2639 3149 2679 nos
3169 2624 3274 2681 hoc
3300 2625 3558 2683 faciamus
3578 2630 3632 2684 in
3660 2634 3870 2688 nostris

2249 2707 2661 2777 calamitatibus,
2712 2721 2769 2767 et
2814 2713 2882 2767 ad
2933 2714 3104 2771 Deum
3150 2718 3540 2788 confugiamus,
3585 2736 3615 2775 a
3665 2723 3869 2792 quibus

2252 2802 2407 2868 longe
2455 2801 2627 2871 major
2651 2820 2812 2872 quam
2861 2806 2929 2859 ab
2957 2808 3060 2861 itus
3091 2808 3349 2878 perfectio
3378 2812 3690 2881 requiritur.
3724 2818 3869 2882 Quia

2248 2892 2394 2946 enim
2426 2892 2503 2947 illi
2529 2904 2655 2950 tunc
2679 2909 2832 2953 erant
2859 2900 2909 2953 in
2938 2900 3131 2955 mediis
3152 2901 3417 2985 hostibus,
3449 2915 3503 2960 et
3526 2923 3703 2978 neque
3726 2910 3870 2966 civi-

2249 2990 2416 3038 tatem
2448 2984 2736 3053 habebant,
2771 3005 2869 3044 nec
2898 3005 3099 3055 arcem,
3133 3009 3231 3049 nec
3261 2986 3554 3051 humanum
3582 3001 3870 3069 auxilium,

2256 3090 2355 3130 nec
2403 3078 2719 3145 pecuniam,
2768 3096 2943 3151 neque
2980 3084 3179 3155 aliquid
3228 3086 3371 3143 aliud
3424 3088 3713 3159 ejusmodi,
3766 3096 3870 3152 sed

2251 3170 2444 3238 captivi
2475 3179 2529 3225 et
2572 3174 2709 3227 servi
2743 3174 3093 3232 versabantur
3132 3178 3289 3233 simul
3340 3180 3479 3236 inter
3512 3182 3767 3241 dominos
3813 3198 3872 3243 et

2255 3261 2438 3318 hostes
2458 3279 2478 3318 :
2509 3264 2870 3321 calamitatum
2893 3276 3073 3324 autem
3104 3272 3471 3341 magnitudine
3499 3278 3771 3345 oppressi,
3796 3280 3871 3335 ad

2255 3352 2509 3409 invictam
2540 3370 2756 3411 manum
2779 3358 3179 3428 confugiebant,
3212 3370 3268 3416 et
3292 3361 3360 3416 ab
3382 3361 3635 3421 humanis
3662 3367 3872 3427 deserti

2255 3442 2539 3512 przrsidiis,
2575 3461 2642 3500 ex
2686 3462 2747 3501 ea
2798 3447 2912 3518 ipsa
2963 3448 3272 3507 desertione
3317 3453 3669 3512 conferebant
3708 3474 3768 3513 se
3797 3460 3871 3513 ad

2250 3535 2666 3606 philosophiam.
2719 3539 2784 3593 Et
2807 3539 2931 3595 ideo
2967 3540 3220 3597 dicebant
3249 3562 3261 3599 :
3288 3543 3476 3601 Levavi
3516 3547 3694 3604 Miles
3728 3567 3873 3606 meo:

2252 3628 2305 3681 in
2336 3638 2549 3696 montes,
2582 3631 2715 3684 unde
2730 3635 2890 3686 ueniet
2926 3634 3181 3689 auxilium
3210 3652 3395 3691 meum.
3424 3636 3556 3705 Qua:
3594 3641 3664 3695 ab
3691 3640 3873 3697 homi-

2254 3722 2409 3777 nibus
2438 3722 2669 3778 conferri
2700 3735 2941 3794 possunt,
2966 3727 3147 3781 omnia
3166 3727 3499 3798 defecerunt,
3519 3734 3705 3788 omnia
3740 3751 3870 3805 per-

2256 3814 2463 3881 ierunt,
2494 3817 2671 3871 omnia
2697 3819 2879 3887 procul
2912 3831 3257 3877 recesserunt
3287 3840 3301 3877 :
3331 3839 3458 3888 una,
3486 3825 3696 3896 inquit,
3720 3830 3872 3884 salus

2255 3905 2509 3981 deinceps
2554 3909 2738 3964 relicta
2769 3922 2874 3977 est,
2917 3926 3039 3981 qua:
3086 3912 3291 3969 scilicet
3331 3914 3554 3972 all'crtur
3584 3934 3614 3973 a
3646 3920 3777 3977 Deo.
3807 3923 3872 3979 ἰ.

2258 4000 2519 4055 Auxilium
2548 4018 2714 4055 meum
2738 4020 2771 4058 a
2814 4002 3055 4070 Domino,
3086 4006 3176 4076 qui
3205 4008 3325 4078 fecit
3351 4009 3534 4064 caelum
3577 4021 3626 4065 et
3655 4022 3871 4073 terram.

2259 4093 2447 4147 Vidisti
2477 4108 2573 4150 eos
2604 4094 2772 4149 Deum
2796 4095 2993 4166 ubique
3020 4098 3310 4167 quaerere?
3338 4115 3401 4155 ex
3426 4110 3591 4171 terra,
3612 4119 3680 4160 ex
3710 4107 3873 4175 caelo.

2256 4199 2319 4237 ex
2369 4184 2673 4248 montibus.
2708 4201 2773 4241 ex
2817 4186 3201 4245 solitudinibus
3248 4205 3371 4245 eum
3418 4192 3614 4265 ubique
3658 4197 3760 4253 sibi
3800 4200 3873 4255 ob

2255 4277 2441 4331 oculos
2471 4276 2721 4347 ponere?
2750 4277 2931 4333 vidisti
2969 4293 3159 4333 eorum
3187 4290 3425 4336 mentem
3454 4282 3569 4339 fieri
3596 4288 3872 4345 escelsio-

2256 4389 2394 4441 rem,
2439 4383 2495 4428 et
2539 4389 2803 4430 summam
2855 4376 2948 4431 Dei
3002 4378 3391 4448 providentiam
3438 4382 3507 4436 ab
3549 4384 3631 4439 eis
3675 4388 3874 4458 ubique

2259 4465 2583 4533 praedicari?
2634 4465 2820 4537 Neque
2868 4469 3010 4523 enim
3062 4472 3416 4543 nequicquam
3476 4474 3579 4529 hoc
3623 4478 3871 4547 adjecit:

2263 4561 2365 4625 Qui
2399 4561 2517 4631 fecit
2564 4562 2742 4615 calum
2770 4571 2817 4615 et
2847 4572 3069 4629 terram;
3114 4564 3206 4618 sed
3241 4564 3342 4621 hoc
3380 4566 3609 4624 obscure
3651 4571 3874 4626 tatioci-

2262 4669 2417 4721 nans,
2454 4662 2512 4709 et
2544 4655 2731 4711 dicens
2763 4674 2773 4707 :
2806 4656 2864 4710 Si
2911 4655 3037 4711 fecit
3083 4658 3275 4713 czclum
3323 4669 3375 4714 et
3425 4668 3646 4729 terram,
3697 4674 3875 4732 potest

2259 4746 2418 4799 etiam
2452 4746 2504 4799 in
2532 4746 2705 4802 aliena
2738 4749 2955 4818 regione
2983 4764 3142 4818 opem
3176 4747 3339 4817 ferre,
3368 4759 3425 4806 et
3455 4752 3681 4822 ubique,
3708 4756 3875 4810 etiam

2262 4844 2312 4896 i-i
2347 4838 2571 4893 barbara
2603 4848 2765 4903 terra,
2800 4855 3013 4892 manum
3048 4839 3365 4909 adjutriecm
3397 4842 3664 4911 przcbere,
3694 4856 3748 4899 et
3778 4866 3875 4901 eos

2260 4933 2348 5001 qui
2378 4947 2409 4987 e
2451 4932 2620 5001 patria
2665 4930 2881 4999 expulsi
2926 4940 3053 4984 sunt
3080 4945 3421 4986 conservare.
3466 4933 3520 4987 Si
3563 4936 3709 4989 enim
3758 4936 3879 4993 haec

2258 5026 2526 5079 elementa
2579 5023 2744 5077 verbo
2790 5021 2964 5075 solum
3019 5022 3302 5091 produxit,
3351 5024 3523 5078 multo
3569 5026 3744 5095 magis
3774 5043 3876 5083 nos

2262 5114 2460 5183 poterit
2505 5113 2737 5169 liberare
2778 5127 2807 5165 a
2837 5110 3098 5167 barbaris.
3134 5111 3298 5169 Vides
3335 5114 3605 5181 quomodo
3632 5116 3876 5185 philoso-

2264 5208 2495 5277 pliantur
2517 5206 2606 5275 qui
2637 5204 2830 5259 minori
2852 5220 3015 5259 sensu
3039 5214 3194 5259 erant
3217 5204 3427 5275 prmditi
3454 5220 3613 5275 quam
3644 5206 3875 5277 lapides,

2266 5301 2389 5353 dum
2422 5300 2473 5353 in
2503 5299 2675 5351 aliena
2708 5296 2927 5379 regione
2972 5305 3254 5351 versantur
3272 5295 3299 5350 ἓ
3326 5294 3443 5350 Νοη
3469 5296 3704 5366 amplius
3729 5302 3875 5355 enim

2267 5392 2469 5462 templi,
2498 5388 2593 5445 sed
2621 5389 2740 5443 caeli
2767 5398 2820 5443 et
2838 5397 2994 5443 terrae
3022 5388 3401 5443 meminerunt.
3434 5388 3477 5443 ‘l
3484 5388 3571 5443 ide
3594 5393 3873 5459 quomodo

2267 5483 2452 5539 mundi
2479 5481 2807 5539 creationem
2832 5479 3035 5549 Deique
3062 5479 3381 5549 sapientiam
3400 5488 3455 5533 et
3482 5480 3874 5549 providentiam

2266 5577 2582 5649 prmdicant.
2614 5573 2714 5641 Qui
2737 5573 2883 5627 enim
2908 5580 3070 5637 antea
3101 5571 3245 5641 ligno
3270 5556 3539 5638 dicebam,
3568 5570 3711 5626 Deus
3738 5590 3876 5629 meus

2268 5688 2317 5723 rs
2344 5680 2419 5733 tu,
2446 5676 2503 5723 et
2526 5665 2708 5736 lapidi,
2732 5662 2813 5718 Tu
2840 5680 2919 5719 me
2943 5664 3163 5735 genuisti
3193 5661 3325 5733 (Jer.
3356 5658 3413 5713 2.
3442 5660 3560 5731 27),
3592 5679 3734 5717 nunc
3756 5668 3871 5717 titti-

2332 5785 2405 5844 (a)
2455 5789 2564 5830 tunc
2608 5778 2755 5844 lectio
2795 5778 3124 5844 praetermissa
3165 5775 3256 5844 fuit
3293 5774 3615 5844 inmerentis
3648 5779 3706 5824 ad
3753 5778 3881 5825 ὶιιιηιι

2272 5835 2525 5894 I’sahitum.
2550 5843 2663 5904 quia
2689 5841 2737 5888 in
2764 5835 3062 5904 pitecet‘enti
3080 5836 3274 5904 _l‘sa|mo
3299 5835 3392 5886 HO
3409 5838 3561 5904 positu
3586 5839 3775 5897 luem;
3809 5854 3881 5892 νει

2274 5918 2456 5961 attinnt,
2485 5914 2535 5955 ut
2563 5897 2774 5952 videtur:
2799 5903 2931 5951 iuxta
2960 5899 3173 5965 Aquilam
3200 5909 3248 5950 et
3274 5897 3628 5963 Syuuuachuiu.
