4086 6438
246 343 365 401 31.3

260 464 405 514 versi
436 467 581 515 εοτυω
611 468 769 515 terra:
798 457 1055 529 Opiﬁeem
1076 464 1392 525 agituscuttt.
1422 454 1684 508 Auxilium
1707 469 1871 507 meum

260 571 291 602 ιι
324 550 573 616 Domino,
607 568 715 608 non
764 551 830 607 ab
881 550 1206 616 hominibus,
1254 562 1356 604 nec
1399 547 1466 602 ab
1496 546 1678 617 equis,
1713 562 1817 599 non
1844 562 1872 598 a

266 646 530 714 pecuniis,
582 661 681 699 nec
728 644 960 710 asociis,
1012 657 1111 697 nec
1154 658 1183 695 a
1231 638 1665 710 propugnaculis.
1709 638 1845 690 Λυχὶ

266 739 399 793 lium
446 746 687 789 nostrum
717 749 747 787 a
778 734 1003 788 Domino
1029 749 1044 799 ;
1081 733 1182 786 hoc
1219 731 1475 785 auxilium
1506 737 1589 783 est
1619 727 1869 781 invictum.

265 840 321 886 et
377 827 787 898 inexpugnabile
836 844 848 881 :
893 841 999 880 non
1055 824 1230 878 solum
1304 831 1483 877 autem
1543 812 1873 887 inexpugna-

261 923 394 984 bile,
424 920 518 975 sed
541 919 700 975 etiam
732 917 1041 987 expeditum
1065 925 1119 969 et
1145 915 1316 969 facile.
1343 913 1525 982 Neque
1548 911 1691 966 enim
1715 909 1873 978 longe

261 1025 351 1068 est
384 1010 850 1082 proﬁciscendum,
880 1023 985 1062 non
1013 1015 1095 1063 est
1124 1006 1503 1064 blandiendum
1528 1002 1866 1073 janitoribus,

266 1120 380 1159 non
408 1113 536 1158 sunt
576 1100 955 1157 consumenda:
984 1102 1253 1170 pecunize,
1283 1113 1390 1152 non
1429 1096 1723 1166 legationes
1750 1094 1874 1148 mite

262 1194 464 1258 tendat,
496 1194 589 1247 sed
622 1203 794 1262 potest
836 1192 957 1261 quis
1000 1189 1146 1245 domi
1195 1203 1417 1242 manens
1448 1187 1552 1242 hoc
1590 1186 1655 1239 ad
1688 1201 1747 1239 se
1776 1199 1871 1238 au-

264 1286 454 1341 xilium
518 1284 822 1347 attrahere,
872 1284 918 1338 si
977 1292 1182 1335 tantmn
1239 1280 1477 1348 seipsum
1524 1278 1868 1347 sejungensa

262 1378 429 1433 rebus
480 1375 748 1441 humanis,
797 1373 873 1427 illi
902 1374 1015 1442 spei
1046 1370 1336 1429 adhaereat,
1366 1383 1623 1437 acresque
1661 1377 1714 1421 et
1746 1381 1869 1435 pcr-

260 1469 507 1538 spicaees
534 1466 722 1521 oculos
754 1465 967 1526 habeat,
995 1472 1050 1517 et
1075 1463 1182 1516 alta
1213 1461 1484 1529 respiciat.

339 1563 413 1616 οε
435 1560 631 1615 honuni
652 1558 864 1612 sublime
883 1555 1020 1610 dedit
1043 1552 1568 1620 Deus.—-Propterea
1595 1548 1739 1603 enim
1770 1548 1871 1602 hoc

262 1655 437 1712 solum
494 1640 690 1707 animal
737 1651 879 1705 Deus
927 1656 1132 1703 rectum
1177 1645 1399 1709 creavit,
1444 1651 1497 1697 et
1544 1642 1727 1696 oculos
1750 1656 1871 1695 cor-

264 1745 414 1810 poris
444 1743 519 1797 illi
550 1744 601 1797 in
634 1742 743 1795 alto
772 1740 987 1803 locavit,
1034 1737 1236 1791 docens
1264 1735 1425 1789 etiam
1453 1749 1482 1787 a
1515 1734 1674 1787 rebus
1700 1732 1872 1786 sensi-

263 1834 465 1889 bilibus
489 1843 741 1903 oportere
767 1831 818 1885 in
847 1830 1012 1884 altum
1047 1830 1337 1896 respicere.
1383 1825 1567 1880 Solum
1595 1825 1737 1878 enim
1772 1824 1871 1877 hoc

259 1925 463 1980 animal
510 1928 595 1979 est
653 1924 726 1978 ita
777 1922 1066 1978 formatum
1097 1936 1111 1972 :
1142 1917 1346 1987 reliqua
1392 1926 1570 1971 autem
1618 1915 1869 1969 animalia

261 2034 432 2091 prona
458 2027 605 2084 sunt,
633 2027 685 2075 et
718 2026 912 2073 terram
938 2016 1191 2070 deorsum
1218 2013 1541 2083 despiciunt.
1574 2012 1671 2066 Hie
1690 2019 1868 2065 autem

261 2116 319 2168 in
345 2111 539 2167 caelum
570 2121 651 2167 est
678 2119 912 2175 erectus,
942 2119 998 2163 ut
1026 2124 1145 2180 qua:
1168 2107 1280 2163 illic
1306 2116 1432 2161 sunt
1458 2104 1787 2170 consideret,
1816 2105 1868 2158 in

262 2202 371 2259 illis
393 2202 835 2274 philosophetur,
870 2202 954 2254 illa
985 2197 1354 2271 apprehendat
1382 2207 1436 2253 et
1463 2197 1649 2253 oculos
1675 2196 1869 2251 anima:

257 2311 416 2351 acres
460 2295 676 2351 habeat.
708 2295 968 2361 Quocirca
1016 2292 1227 2348 dicebat
1269 2305 1482 2359 quoque
1523 2290 1738 2359 quidam
1786 2304 1873 2343 sa-

257 2389 437 2460 piens,
482 2386 742 2456 Sapientis
783 2386 917 2440 oculi
967 2386 1019 2440 in
1057 2386 1225 2455 capite
1262 2385 1379 2455 ejus
1416 2380 1615 2451 (Eccle.
1646 2382 1703 2436 2.
1756 2379 1866 2451 14),

262 2480 370 2535 hoc
414 2490 518 2539 est.
551 2478 807 2533 liberatus
843 2486 927 2533 est
954 2477 1023 2533 ab
1047 2477 1297 2532 omnibus
1339 2474 1537 2529 inﬁmis
1563 2474 1745 2539 rebus,
1774 2490 1870 2541 per

257 2572 453 2628 caelum
494 2582 751 2642 vagatur,
798 2578 852 2625 et
897 2569 1289 2639 contemplatur
1342 2565 1611 2621 sublimia.
1654 2566 1709 2620 '5.
1750 2564 1867 2619 Non

259 2668 350 2721 des
377 2666 432 2720 in
475 2665 861 2719 commotionem
906 2662 1086 2734 pedem
1131 2671 1297 2727 tuum,
1349 2672 1513 2726 neque
1549 2654 1863 2710 dormitabit

260 2761 350 2829 qui
374 2759 596 2815 custodit
634 2768 699 2812 te.
753 2756 910 2811 Vides
937 2764 1189 2826 quantam
1215 2769 1245 2808 a
1273 2754 1428 2809 nobis
1455 2752 1620 2822 exigit
1642 2752 1868 2822 diligen-

267 2852 397 2905 tiam
428 2849 481 2903 id
511 2848 656 2918 quod
684 2847 879 2902 dicitur
898 2846 924 2900 ἲ
950 2846 1079 2913 Quia
1106 2860 1249 2900 enim
1278 2842 1461 2897 auxilii
1483 2842 1865 2905 meminerunt,

260 2949 319 2996 et
349 2953 638 3009 supernam
671 2953 828 3007 Opem
874 2939 1143 3000 invocant,
1172 2934 1487 2988 adhortatur
1511 2942 1567 2988 et
1596 2932 1865 2997 consulit,

264 3034 367 3089 hoc
392 3030 780 3103 propemodum
811 3030 997 3085 dicens
1024 3046 1038 3083 :
1069 3028 1127 3083 Si
1167 3028 1300 3083 velis
1325 3043 1445 3081 eam
1485 3028 1716 3097 assequi,
1748 3043 1868 3096 qua:

266 3136 356 3180 tua
384 3138 599 3195 quoque
623 3133 749 3178 sunt
772 3120 1040 3177 conferas.
1073 3119 1210 3188 Quid
1241 3128 1326 3175 est
1345 3128 1528 3174 autem
1556 3120 1699 3189 quod
1739 3135 1869 3175 cono

263 3214 602 3272 suilllAudi
634 3232 647 3267 :
684 3212 805 3268 Non
834 3213 922 3267 des
964 3213 1019 3265 in
1056 3211 1441 3265 coniunctionem
1474 3210 1649 3281 pedem
1677 3221 1817 3264 tuum
1848 3228 1867 3265 :

260 3308 366 3365 hoc
389 3315 496 3376 est,
520 3307 597 3362 Ne
626 3304 917 3376 dejieiaris,
944 3320 1012 3359 ne
1043 3304 1341 3373 prolaharis
1359 3344 1375 3368 ,
1405 3313 1459 3358 et
1490 3296 1617 3358 tunc
1642 3303 1868 3358 habebis

261 3400 433 3457 Deum
457 3412 674 3454 manum
700 3397 1049 3467 praebentem,
1072 3409 1172 3450 nec
1199 3403 1249 3449 te
1264 3393 1749 3465 derelinquentem,
1772 3409 1870 3449 nee

262 3493 653 3549 demitteutem.

335 3584 544 3640 Arbitrii
572 3584 731 3637 nostri
758 3582 980 3637 libertas.
1007 3610 1081 3622 ——
1106 3581 1147 3634 A
1174 3579 1327 3633 nobis
1356 3580 1534 3649 itaque
1564 3589 1687 3633 sunt
1718 3578 1868 3648 prin-

263 3675 401 3747 cipia
448 3674 554 3747 (a),
599 3682 654 3728 et
681 3673 731 3727 id
778 3673 941 3727 situm
985 3683 1067 3726 est
1108 3671 1161 3725 in
1191 3679 1373 3725 nostra
1406 3678 1689 3740 potestate.
1734 3670 1868 3725 Cum

263 3783 394 3839 ergo
420 3767 473 3821 id
506 3767 559 3821 in
589 3776 771 3820 nostra
817 3770 1083 3834 pomstate
1112 3762 1202 3826 sit,
1236 3761 1452 3832 quando
1478 3762 1727 3817 volumus
1763 3764 1869 3818 ali-

265 3860 393 3929 quid
440 3858 678 3929 assequi,
729 3864 1084 3937 oportetanos
1129 3870 1341 3925 quoque
1388 3863 1573 3909 nostra
1624 3852 1871 3910 conferre

266 3952 365 4024 (ita
389 3953 533 4007 enim
555 3948 669 4003 vult
690 3948 851 4019 Deus)
878 3969 891 4004 :
914 3963 1032 4017 qua:
1052 3954 1178 4001 sunt
1206 3960 1365 4015 parva
1392 3945 1692 4015 quidemet
1719 3946 1866 4011 vilia,

264 4060 327 4100 ea
357 4054 535 4099 tamen
569 4057 665 4096 nos
687 4048 909 4110 oportet
933 4037 1203 4103 conferre,
1234 4053 1338 4091 non
1368 4038 1594 4103 otiosos,
1623 4052 1722 4092 nec
1746 4036 1872 4091 dor-

266 4136 541 4201 mitantes,
569 4149 678 4190 non
702 4141 1012 4195 stertentes,
1039 4145 1139 4186 nec
1162 4129 1404 4199 supinos,
1433 4127 1528 4184 sed
1554 4138 1861 4199 operantes,

263 4227 582 4287 etstudium
624 4225 943 4279 adhibentes
968 4222 1037 4277 ad
1083 4220 1307 4276 salutem
1340 4230 1600 4275 nostram.
1643 4220 1709 4275 Et
1752 4220 1873 4275 ideo

266 4320 550 4377 undecima
582 4331 792 4387 quoque
823 4317 952 4368 bora
984 4314 1244 4368 conduxit
1290 4311 1506 4382 (Matth.
1534 4311 1626 4366 20.
1663 4312 1739 4384 6).
1769 4312 1873 4366 Ta-

267 4412 424 4470 metsi
457 4410 717 4479 quidnam
752 4408 881 4461 tanti
924 4404 1182 4485 momenti
1227 4412 1382 4459 erant
1428 4403 1559 4457 hora
1592 4402 1873 4459 undecima

269 4504 507 4563 facturi?
534 4502 591 4557 Id
641 4502 866 4562 scilicet,
901 4509 957 4553 ut
999 4498 1241 4569 operatio
1283 4505 1429 4551 esset
1455 4496 1535 4550 eis
1581 4495 1793 4551 occasio
1819 4503 1874 4551 et

272 4612 434 4652 causa
464 4609 805 4649 coronarum.
836 4592 904 4645 Et
951 4590 1071 4645 ideo
1095 4590 1225 4643 dicit
1259 4610 1270 4643 :
1307 4587 1428 4641 Non
1464 4588 1553 4641 des
1578 4589 1631 4642 in
1659 4605 1875 4644 commo-

272 4695 459 4746 tionem
490 4688 667 4759 pedem
696 4698 858 4749 tuum,
890 4702 1049 4755 neque
1094 4682 1387 4737 dormitabit
1543 4682 1760 4737 custodit
1804 4692 1869 4737 te.

271 4786 329 4838 Si
362 4792 450 4837 tua
483 4778 796 4850 mbueris,
830 4793 951 4847 qua:
994 4783 1123 4830 sunt
1150 4775 1294 4829 illius
1320 4789 1534 4843 quoque
1558 4782 1870 4843 sequentur.

276 4876 355 4929 Ex
379 4873 485 4928 hoc
527 4871 579 4926 id
624 4885 837 4940 quoque
886 4867 1209 4929 ostenditur,
1256 4864 1399 4935 quod
1439 4865 1647 4921 etiamsi
1692 4850 1873 4920 nostra

269 4965 593 5029 aderamus,
650 4963 727 5016 sic
780 4971 955 5015 tamen
1023 4959 1138 5030 ejus
1190 4973 1404 5029 quoque
1451 4972 1668 5028 egemus
1720 4959 1875 5013 auxi-

272 5057 381 5121 lio,
409 5063 469 5110 ut
496 5054 549 5108 in
595 5059 709 5106 tuto
751 5051 942 5116 simus,
980 5060 1036 5103 ut
1084 5062 1397 5104 maneamus
1436 5046 1575 5102 ﬁrmi
1604 5056 1659 5102 et
1686 5048 1876 5102 imum-

273 5152 426 5205 biles.
449 5160 453 5164 ·

345 5243 400 5297 2.
433 5241 622 5297 Pedem
662 5240 715 5291 in
741 5235 1125 5290 commotionem
1149 5234 1272 5287 dare
1300 5232 1422 5303 quid
1444 5250 1461 5296 ;
1501 5232 1875 5284 mundanorum

277 5350 444 5387 rerum
475 5330 799 5385 instabilitas.
876 5356 904 5366 -
933 5326 1065 5392 Quis
1107 5335 1188 5378 est
1217 5334 1394 5377 autem
1426 5324 1514 5390 qui
1568 5323 1753 5391 pellem
1784 5320 1875 5374 dat

279 5430 332 5481 in
360 5420 818 5482 cinnmotioncm?
857 5419 958 5486 Qui
990 5431 1077 5472 res
1105 5416 1271 5469 lluxas
1297 5424 1350 5470 et
1374 5413 1601 5467 caducas
1631 5412 1875 5482 aggredi-

338 5559 413 5623 (α)
437 5565 513 5623 {te
538 5564 685 5623 putes
716 5553 1107 5623 Chgsostomum
1145 5550 1227 5599 hic
1255 5546 1656 5623 septipelagianis
1673 5545 1874 5623 iuvere.

275 5611 647 5684 ltéc'liquldem
673 5611 1089 5684 estChrysostouti
1114 5625 1271 5684 mens,
1298 5611 1709 5684 Christianttnt‘,gsi
1746 5611 1877 5684 prin-

275 5686 403 5747 cipit)
424 5675 568 5747 parva
594 5688 647 5730 et
668 5678 791 5747 vilia_
810 5675 1076 5747 contulerit
1094 5712 1108 5734 ,
1134 5677 1315 5747 majora
1338 5677 1715 5747 assequntufznm
1732 5683 1873 5747 ἔδει,

275 5729 686 5809 staﬁé'nsga’re
710 5739 827 5809 vult.
850 5740 913 5809 ab
952 5729 1323 5809 ipsonpriuéipio
1363 5746 1452 5783 nos
1471 5729 1674 5780 'auxilio
1713 5731 1876 5779 ilirinn

279 5826 301 5874 ι
334 5798 648 5859 ἑνυηιῐίῗικε
675 5803 749 5853 his
771 5798 990 5867 pluribus
1011 5798 1143 5849 alibi.

1362 339 1722 399 EXl‘OSITiO
1763 340 1826 395 IN
1868 339 2189 398 PSALMUM
2227 338 2389 396 CXX.

3491 333 3525 386 τι
3538 333 3603 387 κ

1985 462 2091 516 tur,
2141 462 2194 506 et
2238 466 2465 523 quarum
2510 448 2657 506 basis
2688 450 2908 507 minime
2954 449 3104 503 ﬁrma
3150 458 3263 515 cst,
3290 446 3592 520 cujusmodi

1982 555 2064 601 est
2089 561 2244 599 amor
2284 546 2544 614 pecuniae,
2592 545 2894 615 cujusmoili
2925 554 3007 600 est
3046 543 3374 599 desiderium
3406 557 3595 597 earum

1984 654 2161 692 rerum
2188 640 2309 708 Quae
2328 638 2394 691 ad
2421 638 2560 693 hanc
2588 639 2751 692 vilam
2778 637 3048 708 pertinent
3076 655 3089 690 2
3119 646 3175 691 et
3196 636 3317 691 ideo
3344 636 3597 705 frequen-

1982 738 2063 780 ter
2105 729 2492 782 subvertuntur
2529 740 2583 783 et
2627 729 2905 791 decidunt,
2936 736 2992 782 et
3033 729 3102 783 de
3150 729 3314 783 rebus
3346 726 3598 781 maximis

1984 821 2279 888 periculum
2312 835 2458 890 sa-pe
2498 832 2681 875 creant
2730 821 2855 886 sibi,
2902 823 2992 890 qui
3035 820 3125 874 illa
3173 819 3469 885 possident.
3503 817 3595 873 Illa

1980 914 2125 967 enim
2162 928 2455 981 numquam
2513 922 2642 967 sunt
2687 914 2838 966 lirma
2893 927 2958 965 ac
3005 911 3240 971 stabilia,
3291 921 3590 979 numquam

1980 1012 2106 1059 sunt
2128 1004 2443 1064 immobilia,
2477 1004 2573 1057 sed
2606 1018 2821 1073 semper
2850 1010 3145 1064 mutantur,
3172 999 3595 1054 transferuntur.

1979 1105 2035 1151 et
2073 1096 2242 1166 magis
2287 1111 2446 1165 quam
2476 1094 2670 1149 [luctus
2717 1093 3117 1163 perturbantur,
3150 1107 3309 1161 quam
3352 1090 3595 1145 ﬂuviales

1981 1186 2140 1240 undae.
2185 1186 2343 1240 citius
2390 1194 2687 1251 transeunt,
2718 1200 2781 1238 ac
2808 1184 2998 1254 quavis
3038 1197 3211 1237 arena
3243 1181 3593 1236 imbecilliora

1979 1287 2123 1342 sunt,
2153 1288 2205 1333 et
2238 1280 2407 1347 magis
2424 1281 2712 1349 perlluunt.
2732 1279 2786 1332 4.
2818 1277 2952 1330 Ecce
2973 1294 3073 1330 non
3099 1274 3414 1337 dorntt'tabit,
3433 1290 3594 1344 neque

1980 1371 2197 1423 dormiet
2225 1371 2309 1440 qui
2333 1371 2550 1423 custodit
2579 1368 2769 1424 Israel.
2800 1368 2856 1423 Si
2881 1378 2948 1432 te,
2989 1369 3178 1437 inquit,
3215 1370 3285 1422 ita
3312 1383 3593 1435 compara-

1980 1464 2144 1527 veris,
2176 1462 2297 1517 Non
2328 1463 2639 1525 dormitabit,
2690 1479 2848 1532 neque
2893 1463 3131 1526 dormiet,
3184 1461 3286 1516 hoc
3332 1472 3435 1525 est,
3484 1478 3590 1516 non

1977 1553 2336 1624 derelinquet,
2367 1568 2472 1607 non
2502 1556 2664 1621 sinet,
2697 1570 2801 1607 non
2828 1553 3067 1608 dimittet
3094 1553 3295 1607 nudmn
3322 1562 3377 1607 et
3400 1554 3590 1609 deser-

1981 1656 2112 1699 lmn.
2150 1646 2261 1701 lloe
2287 1658 2470 1702 autem
2503 1648 2694 1701 volens
2732 1645 3094 1712 subindiearc,
3125 1661 3234 1699 non
3265 1646 3361 1698 abs
3392 1661 3449 1699 re
3491 1662 3590 1713 pu-

1977 1740 2085 1793 soit
2116 1739 2266 1803 illud,
2316 1739 2417 1806 Qui
2461 1739 2681 1793 custodit
2730 1738 2917 1793 Israel.
2950 1739 3061 1793 Hoc
3092 1747 3175 1793 est
3222 1748 3401 1792 autem
3446 1738 3589 1807 quod

1977 1831 2109 1886 dicit
2145 1851 2158 1886 :
2189 1830 2244 1886 Si
2275 1830 2377 1884 hoc
2405 1843 2488 1885 est
2525 1830 2643 1900 ejus
2673 1839 2991 1901 perpetuum
3017 1844 3233 1897 munus,
3258 1837 3317 1885 ut
3342 1838 3419 1884 tot
3440 1837 3592 1885 retro

1975 1935 2101 1980 ante
2128 1924 2263 1979 actis
2288 1923 2519 1987 smculis,
2549 1933 2600 1978 et
2632 1940 2660 1978 a
2694 1925 2799 1979 tuis
2828 1923 3122 1994 majoribus
3150 1934 3202 1978 te
3233 1924 3285 1979 in
3320 1933 3435 1979 tuto
3464 1925 3550 1978 col
3575 1954 3585 1962 -

1979 2016 2138 2079 lueet,
2170 2031 2200 2071 a
2230 2031 2328 2070 suo
2356 2030 2464 2070 non
2494 2014 2737 2070 discedet
2762 2014 2964 2081 oflicio,
2987 2024 3043 2069 et
3068 2013 3120 2070 id
3146 2014 3291 2085 quod
3309 2016 3593 2069 consuevit

1977 2106 2156 2163 facere
2205 2123 2312 2163 non
2342 2107 2578 2173 deseret,
2610 2107 2709 2161 nisi
2741 2116 2796 2161 tu
2842 2106 3056 2161 dederis
3088 2107 3141 2161 in
3169 2105 3589 2161 commotionem

1976 2201 2169 2271 pedem
2215 2209 2388 2255 tuum.
2421 2200 2606 2271 Neque
2634 2214 2765 2255 vero
2791 2200 2965 2254 solum
2996 2214 3103 2253 non
3133 2198 3368 2265 deseret,
3400 2198 3495 2252 sed
3536 2207 3590 2252 te

1975 2295 2137 2350 etiam
2168 2310 2290 2350 eum
2320 2309 2509 2364 magna
2532 2293 2821 2349 securitate
2837 2290 3110 2347 defendet.
3133 2290 3202 2345 Et
3220 2289 3344 2346 ideo
3358 2288 3586 2360 subjun-

1954 2388 2050 2465 ‘git
2080 2386 2265 2442 dicens
2289 2409 2303 2443 :
2331 2387 2385 2441 4.
2420 2386 2672 2440 Dominus
2700 2386 2918 2441 custodit
2945 2394 3028 2450 te;
3064 2383 3315 2439 Dominus
3345 2384 3588 2454 protectio

1975 2490 2062 2533 tua
2091 2496 2244 2550 super
2270 2497 2475 2551 manum
2507 2480 2767 2534 dexteram
2797 2490 2955 2532 tuam.
2990 2479 3144 2533 Alius
3172 2478 3246 2548 (a)
3277 2486 3457 2532 autem
3489 2479 3584 2538 ait.

1975 2571 2057 2625 Ad
2080 2588 2290 2626 manum
2315 2572 2573 2627 dexteram
2598 2582 2756 2625 luant.
2784 2572 2922 2635 Erit,
2949 2570 3137 2641 inquit,
3164 2570 3419 2625 defensor
3442 2579 3584 2634 tuus,

1973 2663 2210 2735 ailjutor,
2234 2664 2541 2719 auxiliator.
2569 2663 2733 2719 Vides
2754 2663 3027 2734 quomodo
3049 2663 3136 2719 hic
3162 2677 3375 2733 quoque
3402 2670 3455 2718 te
3474 2663 3590 2717 vult

1974 2754 2028 2810 in
2074 2771 2241 2827 opere
2287 2756 2574 2811 exerceri?
2601 2756 2648 2810 A
2694 2755 3010 2825 metaphora
3053 2764 3233 2809 autem
3265 2770 3454 2809 eorum
3497 2756 3587 2825 qui

1974 2856 2120 2903 stant
2144 2850 2195 2901 in
2222 2849 2360 2913 acie,
2390 2847 2553 2903 stabit
2581 2848 2649 2903 ad
2678 2862 2895 2905 manum
2925 2856 3068 2901 tuam
3097 2846 3399 2912 dexteram,
3429 2856 3487 2901 ut
3514 2849 3591 2901 sis

1974 2940 2427 3011 inexpugnabilis,
2462 2940 2533 2994 ot
2575 2940 2755 3010 gravis
2795 2953 2860 2994 ac
2904 2948 3178 3002 strenuus,
3227 2950 3284 2993 ut
3313 2940 3497 2994 valens
3535 2948 3592 2993 et

1976 3041 2188 3101 potens,
2210 3040 2269 3086 ut
2290 3040 2560 3099 .trOpaaum
2588 3033 2785 3102 erigas,
2811 3040 2868 3087 ut
2896 3030 3098 3086 referas
3122 3030 3426 3096 victoriam,
3454 3047 3592 3101 quo-

1975 3125 2119 3179 niam
2152 3125 2238 3180 illa
2270 3136 2350 3181 est
2381 3126 2635 3189 maxime,
2681 3140 2778 3193 per
2805 3140 2966 3195 quam
2993 3124 3172 3179 omnia
3208 3125 3437 3193 agimus.
3470 3124 3588 3179 Non

1974 3216 2151 3272 solum
2181 3215 2274 3271 tibi
2309 3217 2548 3283 assistet,
2580 3224 2635 3270 et
2661 3216 2755 3270 tibi
2782 3230 2939 3286 Opem
2970 3214 3141 3282 feret,’
3156 3215 3256 3271 sed
3278 3219 3442 3271 etiam
3465 3231 3591 3285 pro-

1977 3318 2137 3379 teget.
2190 3308 2391 3363 lterum
2423 3310 2567 3372 dico,
2600 3324 2697 3378 per
2736 3323 2798 3363 ea
2846 3324 2968 3378 qua:
3011 3318 3139 3363 sunt
3167 3309 3307 3378 apud
3342 3324 3467 3373 nos,
3494 3308 3586 3362 Dei

1974 3399 2233 3454 auxilium
2266 3403 2518 3471 exprimit
2553 3421 2565 3457 :
2596 3410 2652 3455 et
2695 3400 2949 3456 omnibus
3000 3401 3241 3456 numeris
3285 3402 3585 3457 absolutam

1974 3493 2299 3558 custodiam,
2352 3501 2409 3549 et
2464 3495 2700 3547 maxime
2756 3491 3116 3562 propinquum
3146 3492 3435 3558 auxilium,
3493 3507 3591 3562 per

1974 3583 2252 3639 dexteram
2295 3593 2350 3638 et
2380 3584 2767 3653 protectionem
2795 3582 3052 3639 ostendit.
3103 3582 3158 3638 6.
3191 3582 3298 3638 Per
3344 3584 3479 3639 diem
3509 3584 3589 3638 sol

1976 3693 2077 3730 non
2126 3685 2237 3729 uret
2285 3685 2350 3739 te,
2384 3690 2543 3739 neque
2594 3673 2717 3728 (una
2760 3690 2852 3744 per
2898 3683 3115 3728 noctem.
3151 3674 3217 3728 Et
3244 3672 3349 3728 hoc
3389 3676 3584 3729 factum

1976 3779 2057 3826 est
2086 3770 2098 3799 ‘
2134 3768 2349 3839 quando
2378 3767 2580 3837 egressi
2611 3774 2737 3821 sunt
2764 3782 2831 3820 ex
2862 3763 3121 3836 Egypto,
3150 3772 3207 3819 et
3232 3763 3503 3835 degebant
3532 3764 3587 3818 in

1977 3864 2289 3919 Solitudine.
2324 3862 2419 3917 llic
2446 3872 2626 3916 autem
2656 3860 2787 3915 dicit
2813 3874 3060 3931 magnam
3090 3860 3461 3915 securitatem.
3493 3857 3591 3913 Est

1975 3964 2155 4010 autem
2176 3952 2490 4017 verisimile,
2515 3965 2610 4008 eos
2636 3953 2824 4017 etiatn,
2850 3966 2973 4005 eum
3002 3958 3131 4005 tunc
3157 3950 3413 4015 redirent,
3446 3948 3589 4019 ejus-

1978 4047 2123 4103 modi
2156 4044 2372 4117 aliquod
2422 4045 2739 4100 miraeulum
2786 4044 2951 4099 fuisse
2996 4055 3363 4114 consequutos
3405 4043 3589 4113 aliquo

1978 4142 2087 4196 alio
2140 4140 2323 4195 modo.
2354 4138 2558 4194 Volens
2597 4153 2727 4208 ergo
2770 4138 2917 4207 large
2947 4146 3001 4192 et
3031 4137 3251 4208 copiose
3297 4137 3589 4192 ostendere

1978 4235 2097 4303 ejus
2124 4232 2514 4303 providentiam
2557 4230 2699 4301 quod
2754 4246 2859 4284 non
2900 4230 3073 4285 solum
3105 4229 3302 4285 liberet
3337 4245 3365 4282 a
3408 4229 3587 4292 malis,

1980 4327 2090 4381 imo
2132 4341 2200 4380 ne
2229 4341 2291 4380 ea
2321 4323 2541 4396 quidem
2571 4324 2710 4378 sinat
2741 4322 2969 4392 perpeti,
2995 4339 3115 4393 qua:
3142 4322 3318 4378 solent
3343 4322 3590 4377 accidere

1983 4418 2311 4483 hominibus,
2360 4417 2464 4471 hoc
2512 4417 2807 4487 subjunxit.
2844 4417 2939 4471 Est
2980 4416 3125 4469 enim
3158 4415 3274 4485 ejus
3321 4415 3507 4470 auxilii
3537 4428 3592 4470 ct

1980 4512 2147 4568 emtsa
2175 4510 2556 4582 suppeditatio,
2587 4519 2643 4565 et
2668 4524 2789 4578 qua:
2815 4508 2993 4563 verbis
3021 4507 3249 4577 exprimi
3279 4521 3387 4561 non
3412 4516 3592 4577 potest

1980 4606 2307 4677 benignitas,
2339 4620 2462 4675 qua:
2507 4619 2615 4658 non
2666 4618 2763 4672 pro
2804 4601 2965 4656 modo
3006 4611 3207 4655 nostra:
3252 4600 3593 4654 necessitatis

1982 4716 2139 4755 suum
2174 4698 2378 4770 praebet
2404 4697 2685 4762 auxilium,
2718 4695 2813 4750 sed
2844 4694 3371 4750 renumerationilms
3405 4704 3587 4749 nostra

1980 4808 2195 4864 quoque
2224 4790 2494 4861 postulata
2540 4799 2782 4859 superat.
2816 4789 2869 4843 7.
2902 4786 3155 4840 Dominus
3179 4786 3423 4840 custodiet
3454 4795 3502 4839 te
3525 4787 3588 4839 uti

1982 4888 2119 4941 omni
2146 4886 2281 4939 malo
2308 4900 2326 4938 :
2354 4883 2599 4938 custodiet
2620 4883 2841 4934 animam
2864 4891 3005 4934 tuam
3028 4878 3302 4934 Dominus.
3322 4880 3422 4945 Qui
3444 4879 3587 4932 enim

1983 4996 2049 5033 ne
2081 4978 2197 5032 haec
2224 4976 2441 5047 quidem
2488 4990 2654 5042 parva
2701 4974 2830 5027 sinit
2875 4971 2973 5026 tibi
3001 4971 3197 5026 aﬂ'erre
3244 4971 3589 5033 molestiam,

1981 5070 2076 5125 sed
2110 5084 2352 5137 eousque
2379 5067 2624 5122 extendit
2661 5080 2814 5120 suam
2845 5078 3030 5119 curam
3070 5072 3122 5117 et
3152 5059 3587 5131 providentiam,

1983 5164 2157 5219 multo
2201 5162 2373 5231 magis
2420 5160 2619 5215 eilicict
2662 5167 2719 5213 ut
2760 5156 2829 5211 ab
2860 5157 2987 5211 aliis
3005 5156 3299 5225 expugnari
3328 5169 3591 5223 nequeas.

1984 5254 2255 5325 Quidquid
2298 5253 2440 5308 enim
2494 5250 2697 5307 invadit
2737 5248 2948 5304 molesti
2990 5257 3043 5302 et
3074 5246 3276 5315 a5peri,
3304 5247 3448 5300 cedit
3495 5244 3590 5299 Dei

1986 5349 2136 5403 nutui
2174 5367 2185 5401 :
2220 5363 2340 5417 qua:
2385 5346 2599 5415 quidem
2632 5360 2736 5397 non
2770 5343 2951 5396 insunt
2994 5340 3405 5395 inbominibus.
3459 5338 3589 5393 Nam

1985 5442 2083 5495 etsi
2118 5456 2260 5508 smpe
2289 5439 2356 5491 ab
2392 5440 2401 5486 l
2426 5453 2489 5491 oc
2521 5436 2659 5490 malo
2688 5435 3015 5498 liberaverit,
3044 5432 3111 5486 ab
3136 5433 3243 5485 alio
3269 5446 3373 5484 non
3402 5431 3593 5500 potuit,

1989 5536 2066 5587 vel
2098 5535 2141 5588 si
2191 5534 2380 5602 potuit.
2426 5540 2571 5585 certe
2618 5529 2825 5591 noluit;
2858 5543 3045 5581 verum
3073 5525 3167 5580 Dei
3201 5539 3392 5579 manus
3421 5521 3600 5575 valida

2056 5670 2070 5699 ⁸
2109 5664 2254 5717 Savil.
2286 5680 2297 5714 :
2329 5671 2384 5714 Et
2408 5662 2533 5714 illud
2557 5675 2697 5712 omne
2717 5662 2913 5724 quando
2944 5661 3125 5720 factum
3161 5665 3231 5707 est
3256 5655 3279 5705 ε)
3321 5658 3597 5718 interroga-

1988 5736 2104 5785 tivv,
2136 5742 2228 5777 non
2256 5727 2399 5776 ntale.

2054 5794 2127 5854 (a)
2163 5802 2274 5850 quis
2299 5791 2359 5839 sit
2388 5788 2462 5837 hic
2489 5788 2736 5849 interpres
2760 5791 3026 5846 ignoratur.
