4086 6440
711 332 724 365 'l

546 383 648 439 3‘7

548 512 601 551 ct
621 496 975 564 omn'puteus,
1002 492 1373 562 quodcumque
1403 490 1685 553 invaserit,
1720 486 2000 556 profligare
2030 497 2124 550 po-

558 589 698 652 terit,
724 597 778 641 et
805 595 855 641 te
886 585 1111 640 liberare
1135 581 1203 636 ab
1232 582 1497 636 omnibus.
1526 581 1579 633 8.
1614 577 1861 632 Dominus
1888 574 2130 629 custodiet

545 676 803 730 introitum
832 686 991 741 tuum,
1024 685 1070 728 et
1096 675 1281 728 exitum
1322 684 1487 725 tuum.
1510 663 1659 723 Alius
1686 670 1950 735 interpres
1978 666 2125 728 dicit,

549 768 815 822 Accessum
856 777 995 821 tuum
1037 764 1133 838 (a).
1168 764 1356 819 Vidisti
1388 764 1502 831 ejus
1534 769 1845 830 perpetuum
1875 757 2128 811 auxilium

553 860 745 928 ubique
790 859 997 922 adesse,
1043 857 1330 911 introeunti
1377 862 1430 909 et
1470 850 1732 908 exeunti?
1778 848 1910 913 Quid
1954 854 2124 916 potest

541 967 664 1004 cum
694 951 793 1004 hac
819 952 1041 1004 caritate
1064 946 1335 1001 conferri?
1364 945 1488 1012 quid
1516 958 1636 997 cum
1688 940 1785 995 hac
1808 938 2126 995 clementia?

545 1042 641 1095 llic
677 1041 889 1109 quidem
946 1048 1092 1093 certe
1136 1051 1348 1091 onmem
1392 1036 1557 1089 vitam
1603 1033 1862 1101 signiﬁcat
1895 1051 1908 1084 :
1944 1031 1996 1083 in
2043 1029 2127 1082 his

541 1133 686 1187 enim
732 1133 834 1183 vita
876 1131 1121 1185 universa
1166 1127 1428 1190 consistit,
1461 1139 1652 1192 nempe
1695 1124 1749 1176 in
1786 1122 2028 1191 ingressu
2070 1128 2127 1173 et

541 1224 706 1277 exitu.
752 1221 824 1274 Et
871 1228 931 1274 ut
976 1218 1031 1274 id
1076 1218 1311 1287 apertius
1354 1215 1651 1287 significet,
1698 1213 2012 1282 subiunxit:
2046 1210 2125 1264 Ea:

520 1310 640 1364 ’Iioc
666 1327 797 1364 nunc
831 1319 878 1364 et
914 1326 1073 1376 usque
1109 1310 1160 1363 in
1196 1308 1456 1363 saeculum.
1502 1306 1618 1361 Non
1663 1320 1785 1369 uno,
1816 1305 2124 1374 inquit-mut

545 1400 772 1464 duobus,
816 1408 905 1452 aut
932 1398 1120 1460 tribus,
1150 1408 1241 1452 aut
1280 1398 1465 1452 decem
1485 1438 1501 1463 ,
1528 1404 1620 1450 aut
1648 1396 1848 1464 viginti,
1878 1404 1968 1448 aut
1993 1409 2114 1447 ceu-

544 1500 655 1543 tum
703 1488 907 1554 diebus,
942 1488 1037 1543 sed
1069 1498 1363 1558 perpetuo:
1393 1486 1533 1558 quod
1578 1487 1791 1555 quidem
1840 1500 1942 1539 non
1985 1486 2122 1538 inest

542 1580 880 1644 hominibus;
910 1581 1005 1636 sed
1045 1582 1225 1634 multa:
1265 1588 1388 1634 sunt
1431 1580 1766 1641 mutationes.
1813 1577 2120 1647 frequentes

540 1687 719 1737 casus.
748 1682 803 1727 et
838 1672 1103 1727 continuae
1130 1670 1517 1726 vicissitudines
1548 1691 1561 1725 :
1592 1671 1680 1740 qui
1708 1670 1864 1724 hodie
1892 1668 2117 1733 amicus,

536 1776 656 1815 cras
677 1761 922 1816 inimicus
937 1770 1020 1817 est
1042 1777 1057 1817 :
1083 1762 1174 1831 qui
1191 1760 1348 1816 hodie
1367 1759 1471 1823 fert
1490 1773 1668 1831 opem,
1689 1774 1807 1814 cras
1830 1770 1880 1814 te
1898 1758 2122 1813 deserit.

537 1852 692 1919 Saepe
716 1856 891 1906 autem
932 1866 1037 1906 non
1066 1850 1238 1906 solum
1264 1851 1485 1916 deserit,
1521 1850 1616 1904 sed
1649 1850 1807 1903 etiam
1824 1857 2116 1918 oppugnat,

534 1951 586 1994 rt
614 1940 890 1995 insidiatur
915 1942 1100 2011 quovis
1129 1941 1281 1996 hoste
1305 1943 1515 2011 gravius
1547 1958 1559 1994 :
1590 1940 1681 1995 sed
1710 1955 1829 2008 qua:
1855 1940 1946 1993 Dei
1973 1948 2116 2006 sunt,

534 2033 749 2085 utsnent
791 2030 1098 2095 immobilia,
1155 2040 1429 2099 perpetua,
1474 2029 1813 2094 inunortalia,
1865 2028 2073 2082 stabilia
2099 2070 2115 2095 ,

508 2107 639 2174 iﬁne
663 2121 916 2177 carentia.
952 2120 1016 2175 Ut
1043 2137 1104 2176 ca
1133 2137 1261 2191 ergo
1284 2137 1651 2190 assequamur,
1681 2131 1859 2174 nostra
1907 2135 2119 2189 quoque

533 2211 833 2276 all‘eramus,
879 2220 936 2267 ut
980 2228 1168 2282 magna
1222 2214 1504 2268 securitate
1554 2212 1808 2279 fruamur,
1865 2218 1920 2265 et
1979 2210 2115 2265 bona

529 2299 705 2354 futura
752 2300 1107 2373 adipiscamur
1146 2303 1198 2356 in
1225 2302 1435 2357 Christo
1459 2302 1582 2357 Jcsu
1640 2302 1864 2357 Domino
1893 2309 2075 2357 nostro
2097 2341 2113 2366 ,

532 2391 612 2443 rui
654 2391 819 2459 gloria
844 2392 893 2445 in
933 2393 1122 2446 sa-cula
1147 2393 1481 2447 sreculurum.
1515 2395 1706 2446 Amen.

1008 2542 1069 2595 ΙΝ
1100 2543 1423 2599 PSALMUM
1452 2543 1640 2598 CXXI.

531 2673 581 2725 1.
618 2671 838 2726 ιστεαηιε
888 2690 998 2727 sum
1028 2676 1080 2726 in
1109 2675 1205 2737 iis,
1234 2675 1323 2744 qui
1358 2676 1591 2728 dixerunt
1614 2675 1738 2728 milii
1760 2716 1777 2741 ,
1816 2676 1867 2728 in
1903 2675 2113 2729 datnum

1102 2762 1312 2817 Domini
1355 2765 1557 2818 ibimus.

597 2918 651 2969 l.
676 2918 743 2971 At
790 2933 930 2972 nunc
974 2918 1125 2972 inulti
1154 2918 1373 2973 verbum
1401 2934 1544 2990 aagre
1582 2918 1795 2975 ferunt:
1826 2930 1882 2976 et
1919 2923 1965 2976 si
1996 2921 2115 2991 quis

527 3011 592 3063 ad
621 3010 821 3065 circum
842 3050 861 3077 ,
889 3011 974 3066 vel
999 3010 1065 3065 ad
1094 3010 1297 3066 theatra
1326 3011 1617 3081 iniquitatis
1636 3014 1930 3069 ascendens
1951 3029 2111 3069 voca-

528 3103 661 3153 verit
683 3141 701 3163 ,
723 3101 870 3153 multi
898 3110 1220 3154 concurrunt
1246 3118 1259 3153 :
1286 3101 1382 3155 sed
1408 3102 1450 3155 si
1480 3102 1545 3155 ad
1570 3101 1787 3156 domum
1814 3105 2071 3159 orationis
2091 3144 2106 3168 ,

522 3191 672 3257 pauci
695 3198 857 3257 sunt,
894 3189 986 3260 qui
1011 3205 1115 3244 non
1167 3199 1499 3245 cunctentur.
1530 3192 1600 3245 At
1624 3208 1728 3245 non
1775 3193 1853 3247 sic
1895 3192 2060 3247 Judaei
2092 3214 2106 3246 :

523 3295 629 3348 quo
656 3279 780 3348 quid
813 3280 978 3349 possit
1007 3293 1125 3334 esse
1151 3281 1367 3350 gravius
1390 3320 1405 3345 ,
1435 3280 1649 3349 quando
1676 3282 1779 3337 illis
1830 3283 2107 3353 negligen-

524 3370 689 3423 tiorcs
716 3379 1006 3424 cernuntur
1028 3369 1355 3425 Christiani?
1395 3369 1667 3425 Undenam
1698 3380 1874 3425 autem
1906 3371 2101 3425 factum

523 3468 599 3514 est
617 3500 632 3523 ,
663 3469 719 3513 ut
744 3459 777 3511 ii
800 3468 979 3527 essent
1000 3460 1168 3514 tales?
1193 3460 1395 3515 Rursus
1418 3461 1538 3514 dico
1563 3479 1574 3513 :
1600 3476 1628 3514 a
1650 3458 1957 3531 captivitate
1984 3462 2106 3515 faeti

521 3558 645 3601 sunt
670 3548 939 3603 meliores.
972 3534 1108 3603 Hinc
1134 3549 1169 3603 ii
1201 3550 1289 3619 qui
1313 3556 1468 3602 antea
1502 3552 1827 3605 nauseabant
1849 3592 1862 3617 ,
1887 3561 1941 3607 et
1968 3560 2105 3606 tem-

523 3638 667 3707 plum
698 3639 910 3707 quidem
932 3680 948 3705 ,
978 3639 1384 3707 divinorumque
1413 3638 1744 3709 eloquiorum
1778 3642 2101 3696 auditionem

520 3730 889 3795 dimittebant,
912 3731 1117 3800 seipsos
1142 3742 1316 3786 autem
1339 3732 1605 3786 montibus
1625 3774 1639 3799 ,
1664 3734 1886 3787 saltibus
1909 3774 1921 3796 ,
1947 3734 2100 3789 colli-

523 3820 620 3875 bus
640 3862 653 3885 ,
686 3832 736 3875 et
767 3821 1008 3892 plurima:
1036 3821 1292 3892 itnpietati
1340 3820 1636 3888 dedebant,
1668 3826 1737 3877 ab
1768 3825 1907 3879 illius
1928 3826 2102 3880 cultus

521 3910 786 3964 desiderio
811 3911 1114 3978 cessarunt,
1147 3918 1203 3965 et
1228 3912 1295 3966 ad
1321 3911 1458 3967 hanc
1488 3914 1889 3982 promissionem
1921 3915 2101 3971 incen-

520 3988 755 4066 duntur,
786 4004 1059 4072 eriguntur
1082 4044 1103 4070 ,
1130 4004 1466 4074 consistunt,
1514 4013 1567 4059 et
1612 4006 1790 4058 animo
1836 4006 2097 4061 laetantur.

521 4093 778 4160 Quoniam
814 4094 954 4148 enim
974 4092 1115 4149 fame
1144 4102 1199 4149 et
1240 4095 1327 4149 siti
1366 4095 1735 4150 laboraverant
1759 4139 1773 4159 ,
1815 4113 1917 4151 non
1963 4096 2103 4154 fame

521 4186 699 4253 panis,
726 4194 778 4239 et
797 4186 881 4240 siti
904 4201 1055 4256 aqua:
1073 4228 1088 4251 ,
1111 4186 1203 4242 sed
1224 4187 1477 4241 audiendi
1497 4189 1643 4242 verbi
1669 4190 1871 4244 Domini
1896 4193 2098 4260 (Amos.

520 4277 574 4331 8.
598 4278 658 4333 Η
680 4276 699 4347 )
725 4295 738 4329 :
771 4276 873 4331 hoc
899 4278 1158 4347 supplicio
1178 4278 1414 4348 castigati
1436 4320 1449 4342 ,
1473 4294 1592 4333 eum
1622 4281 1809 4348 majori
1836 4281 2101 4337 desiderio

520 4382 581 4422 ea
613 4368 889 4437 requirunt
914 4382 942 4421 a
964 4368 1154 4436 quibus
1179 4367 1506 4423 exciderant.
1534 4369 1604 4423 ita
1626 4372 1782 4424 etiam
1812 4373 1894 4427 vel
1926 4373 2097 4443 ipsum

519 4458 691 4511 solum
735 4457 1225 4526 amplectebantur,
1272 4456 1547 4524 dicentes,
1594 4458 1905 4514 Placuerunt
1948 4464 2101 4517 servis

520 4548 618 4601 tuis
638 4546 834 4612 lapides
855 4548 970 4618 ejus
986 4589 1000 4613 ,
1025 4556 1071 4601 et
1098 4556 1243 4601 terra:
1255 4548 1369 4618 ejus
1392 4548 1756 4602 miserebantur
1777 4549 1947 4617 (Psal.
1977 4552 2068 4607 iOl
2085 4592 2098 4605 .

522 4637 591 4692 15
616 4636 640 4709 )
669 4654 685 4703 ;
712 4648 768 4692 et
804 4653 989 4695 rursus
1011 4678 1026 4702 ,
1062 4638 1277 4705 Quando
1306 4640 1501 4693 ueniam
1523 4647 1570 4691 et
1596 4640 1849 4709 apparebo
1878 4652 1993 4695 ante
2017 4643 2098 4711 {a-

521 4728 648 4781 ciem
671 4726 765 4781 Dei
787 4728 807 4795 (
823 4726 969 4782 Psal.
996 4728 1082 4783 Η.
1108 4729 1161 4785 5.
1189 4737 1237 4781 et
1262 4729 1314 4783 7.
1336 4738 1385 4783 et
1408 4728 1498 4798 5.)
1518 4728 1545 4782 ?
1567 4739 1620 4783 et
1650 4745 1837 4784 rursus
1860 4770 1875 4795 ,
1912 4729 2099 4786 Recor-

520 4820 679 4874 dabar
702 4820 776 4874 tui
798 4820 860 4874 de
879 4829 1013 4874 terra
1032 4818 1276 4874 Iordanis
1294 4828 1340 4874 et
1368 4818 1683 4875 Hermoniim
1704 4838 1737 4875 α
1758 4833 1923 4876 monte
1943 4824 2103 4877 modi-

520 4924 614 4973 eo;
639 4920 692 4965 et
711 4924 897 4964 rursus
918 4951 933 4977 ,
957 4908 1085 4965 Han:
1108 4912 1311 4965 memini
1330 4951 1345 4977 ,
1368 4921 1414 4965 et
1435 4910 1590 4977 eﬂ'udi
1611 4930 1762 4983 super
1782 4928 1859 4966 me
1882 4914 2105 4968 annnam

522 5016 705 5053 meam.
735 5000 996 5070 Quidnam
1026 5009 1237 5067 autem,
1266 5001 1353 5057 dic
1396 5001 1561 5068 mihi,
1606 5004 1929 5058 meministi?
1960 5004 2101 5068 Quo-

520 5090 659 5144 niam
684 5090 903 5144 transibo
923 5091 977 5143 in
1002 5091 1169 5147 locum
1197 5092 1508 5146 tabernaculi
1525 5092 1839 5148 admirabilis
1857 5110 2014 5165 usque
2036 5096 2105 5149 ad

520 5182 728 5235 domum
750 5181 845 5237 Dei
870 5181 888 5253 (
911 5182 1056 5237 Psal.
1084 5185 1173 5239 41.
1205 5184 1296 5254 5).
1327 5185 1438 5239 Hoc
1463 5194 1578 5251 est,
1602 5184 1737 5251 Quia
1772 5188 2010 5243 transibo
2037 5188 2102 5243 ad

518 5271 744 5328 choreas
768 5287 831 5328 ac
852 5288 1069 5343 magnos
1087 5280 1380 5330 conventus
1400 5314 1418 5341 ,
1450 5284 1505 5330 et
1531 5276 1676 5330 illum
1708 5276 1799 5332 Dei
1822 5277 2020 5331 cultum
2043 5292 2105 5331 ac

518 5377 870 5419 ceremomas.
891 5364 947 5419 2.
974 5363 1183 5419 Stante:
1207 5366 1527 5437 erant,pedes
1551 5368 1709 5421 nostri
1732 5368 1786 5421 in
1807 5368 1951 5421 atriis
1980 5358 2100 5433 tuis,

518 5452 822 5511 .lemsalem.
835 5451 999 5522 Alius,
1021 5454 1247 5511 [alatus
1260 5473 1376 5513 sum
1390 5474 1502 5512 eum
1519 5458 1741 5513 dicerent
1757 5459 1911 5527 mihi,
1924 5459 1993 5514 In
2014 5460 2107 5515 do-

522 5562 659 5599 mum
688 5545 894 5601 Domini
924 5548 1162 5603 uenimus.
1194 5549 1451 5604 Steterunt
1490 5551 1641 5620 pedes
1668 5554 1825 5607 nostri
1862 5553 1924 5607 in.
1961 5554 2109 5607 atriis

522 5640 657 5704 suis,
686 5636 987 5695 Jerusalem.
1020 5639 1208 5695 Vidisti
1244 5641 1503 5712 insignem
1534 5642 1896 5713 voluptatem?
1920 5644 2110 5700 Perin-

591 5750 665 5811 (α)
696 5749 843 5812 Cuius
864 5754 926 5803 sit
948 5752 1053 5802 hac
1076 5752 1413 5815 interpretatio
1435 5756 1671 5805 nescitur.

1225 377 1279 431 S.
1319 366 2093 453 .lOmiNlS‘CllBYSOSTOMI
2132 363 2448 423 ARCIIIEP.
2491 366 3024 425 CONSTANTINOP.

3726 369 3836 426 3l8

2238 481 2305 537 de
2330 498 2392 537 ac
2417 484 2460 537 si
2486 486 2642 542 rebus
2665 487 2791 556 ipsis
2815 486 3117 543 fruerentur
3137 529 3150 552 ,
3178 490 3258 543 vel
3279 488 3343 542 ad
3371 489 3481 557 ipsa
3506 488 3667 544 verba
3694 504 3828 557 gau-

2234 576 2430 629 debant
2449 618 2463 640 ,
2510 593 2703 647 magno
2727 579 2993 634 desiderio
3030 581 3412 649 amplectentcs
3439 581 3700 634 oratiunis
3727 580 3832 634 du-

2234 684 2378 724 mum
2407 680 2461 725 et
2488 672 2773 725 civitatem.

2305 759 2532 814 Privatio
2560 763 2805 815 bonorum
2847 778 3047 817 sensum
3083 778 3259 817 eorum
3307 763 3465 832 efﬁcit
3506 779 3653 833 quem
3702 778 3835 817 usus

2234 855 2427 923 fructus
2466 869 2564 906 non
2591 853 2846 923 efﬁciebat.
2878 884 2951 893 —
2982 854 3052 907 Ita
3081 854 3220 908 Deus
3248 868 3464 923 semper
3492 854 3665 908 facere
3695 868 3800 937 con

2231 944 2424 997 suevit.
2466 943 2690 1010 Quando
2734 945 2877 998 enim
2909 944 3047 998 bona
3092 943 3348 998 habentes
3386 960 3492 998 non
3523 943 3827 1007 sentimus,

2231 1036 2374 1103 ejicit
2414 1050 2477 1089 ea
2506 1050 2537 1090 e
2566 1036 3070 1104 nostrismanibus,
3104 1044 3160 1088 ut
3204 1035 3255 1088 id
3284 1038 3426 1105 quod
3466 1034 3684 1090 efficere
3713 1049 3827 1088 non

2234 1127 2401 1192 potuit
2420 1141 2548 1180 usus
2569 1126 2800 1191 fructus,
2829 1126 3023 1181 efficiat
3048 1125 3274 1195 privatio
3298 1144 3310 1178 :
3339 1125 3481 1195 quod
3509 1126 3637 1195 ipsis
3659 1125 3835 1179 etiam

2230 1217 2407 1270 evenit
2458 1216 2901 1286 amplectantibus
2950 1216 3253 1280 civitatem,
3308 1224 3469 1285 atque
3522 1215 3825 1284 templum.

2228 1309 2367 1375 quod
2414 1296 2635 1377 patriam
2666 1309 2996 1376 recepissent
3028 1323 3247 1378 magnas
3288 1309 3486 1377 gratias
3514 1307 3823 1378 agentibus.

2227 1401 2281 1454 3.
2310 1398 2595 1453 Jerusalem
2624 1416 2736 1470 quae
2764 1400 3049 1468 aediﬁcatur
3078 1409 3132 1452 ut
3159 1400 3354 1453 civitas.
3400 1399 3581 1464 Alius,
3616 1396 3826 1467 ιΕάἱβ-

2226 1500 2390 1542 catam
2422 1500 2474 1543 ut
2500 1490 2769 1547 civitatem.
2802 1489 2897 1544 Vel
2929 1504 3058 1559 ergo
3082 1505 3148 1543 ex
3180 1489 3524 1559 Septuaginta
3553 1488 3832 1542 sententia

2229 1578 2328 1632 hoc
2356 1578 2454 1632 sibi
2485 1579 2594 1631 vult
2615 1622 2629 1643 ,
2654 1578 3025 1633 .lEdiftcabitur
3048 1577 3343 1633 Jerusalem
3375 1584 3433 1630 ut
3460 1576 3649 1632 civitas
3667 1615 3686 1641 ,
3712 1594 3830 1645 quo

2226 1671 2551 1747 significatur
2574 1682 2781 1741 tempus
2804 1670 2945 1741 quod
2970 1671 3242 1739 praecessit
3260 1670 3666 1725 aedificationem
3691 1685 3707 1733 ;
3736 1669 3828 1724 vel

2226 1770 2282 1815 ut
2314 1763 2425 1814 vult
2452 1761 2588 1814 alius
2614 1762 2913 1831 interpres:
2948 1762 3267 1831 Recepimus
3291 1760 3587 1817 Jerusalem
3610 1800 3627 1826 ,
3659 1758 3830 1814 Edi-

2224 1853 2426 1921 ﬁcatam
2453 1863 2505 1904 ut
2535 1853 2783 1906 ciuitatem
2806 1894 2819 1916 ,
2847 1869 2966 1923 qua:
2990 1853 3290 1923 significant
3309 1869 3369 1908 ea
3402 1869 3521 1923 qua:
3548 1861 3670 1922 post
3692 1867 3829 1922 cap-

2226 1942 2481 1996 tivitatem
2504 1942 2830 1997 acciderunt.
2864 1944 2997 2009 Quia
3022 1944 3163 1998 enim
3187 1953 3312 1997 tunc
3334 1952 3449 1998 erat
3470 1944 3697 1996 maxima
3730 1958 3828 1996 so-

2225 2034 2389 2087 liludu
2412 2033 2638 2088 civitatis
2657 2074 2672 2098 ,
2694 2044 2911 2104 eratque
2942 2044 3066 2089 tunc
3090 2049 3313 2098 eversa;
3339 2033 3527 2089 dirutis
3558 2034 3826 2098 turribus,

2222 2135 2276 2180 et
2313 2126 2549 2195 disjectis
2577 2125 2876 2193 moenibus,
2905 2136 2959 2181 et
2985 2127 3180 2181 veteris
3210 2126 3396 2196 patria:
3424 2126 3593 2181 solum
3625 2140 3825 2180 mane-

2223 2217 2351 2272 bant
2380 2218 2655 2286 reliquiae:
2686 2232 2806 2273 cum
2834 2218 3033 2272 reversi
3062 2227 3242 2271 essent
3264 2225 3319 2271 et
3341 2215 3592 2271 vidissent
3626 2215 3815 2270 solitu-

2221 2307 2397 2361 dinem
2422 2348 2436 2371 ,
2469 2308 2739 2378 antiquam
2772 2308 3175 2376 prosperitatem
3217 2315 3468 2361 revocant
3511 2305 3562 2360 in
3604 2321 3820 2361 memo-

2223 2402 2353 2453 riam
2381 2440 2394 2464 ,
2424 2410 2475 2454 et
2503 2400 2621 2468 ejus
2646 2409 2864 2455 narrant
2888 2398 3160 2465 encomia,
3189 2397 3481 2455 referentes
3501 2440 3516 2464 ,
3543 2396 3821 2467 quomodo

2221 2507 2281 2545 ea
2314 2493 2457 2557 prius
2487 2492 2627 2546 clara
2667 2500 2723 2547 et.
2759 2492 3012 2557 illustris,
3056 2506 3175 2561 quze
3217 2490 3447 2545 habebat
3488 2490 3772 2544 ecclesiam
3796 2530 3814 2553 ,

2220 2584 2483 2655 principes
2504 2624 2518 2649 ,
2542 2598 2716 2653 reges,
2741 2593 2794 2639 et
2826 2582 3119 2653 pontifices,
3141 2591 3360 2652 eratque
3382 2580 3735 2651 pulcherrima
3759 2591 3819 2635 et

2221 2677 2375 2745 longe
2401 2664 2740 2731 ornatissima
2766 2718 2782 2742 ,
2813 2675 2880 2730 ad
2910 2684 3017 2729 tam
3047 2683 3253 2743 turpem
3284 2669 3339 2728 et
3365 2671 3658 2726 deformem
3688 2685 3820 2740 spe-

2218 2768 2351 2822 ciem
2381 2767 2592 2822 redaeta
2623 2768 2710 2821 sit.
2743 2766 2896 2834 Quod
2924 2776 3098 2821 autem
3130 2767 3202 2819 ita
3242 2766 3349 2829 sit,
3394 2764 3514 2817 audi
3560 2778 3679 2833 qua:
3718 2778 3815 2817 se-

2217 2867 2449 2928 quuntur
2487 2876 2501 2912 :
2542 2857 2829 2911 Jerusalem
2860 2872 2974 2925 quia
3010 2854 3293 2923 a’diﬁcatur
3316 2862 3373 2907 ut
3422 2854 3613 2907 ciuitas.
3658 2853 3815 2907 Tunc

2217 2951 2357 3006 enim
2392 2949 2625 3003 nondum
2656 2956 2773 3003 erat
2792 2948 2996 3001 civitas.
3015 2947 3227 3003 Clarum
3251 2954 3333 2999 est
3349 2953 3526 2997 autem
3544 2945 3704 2998 etiam
3732 2961 3810 2998 ex.

2215 3058 2280 3096 eo
2310 3040 2450 3109 quod
2485 3037 2786 3108 subjuugit:
2811 3036 2967 3107 Cujus
3002 3036 3322 3107 participatio
3354 3034 3819 3105 ejusiinidipsum.

2218 3132 2347 3186 Dicit
2380 3132 2521 3185 enim
2551 3130 2667 3198 cjus
2687 3128 2979 3199 frequentia
3008 3135 3062 3181 et
3090 3133 3205 3179 tuta
3220 3124 3463 3187 aedificia,
3486 3124 3722 3192 nihilque
3753 3125 3810 3179 in

2213 3238 2274 3276 ca
2294 3221 2460 3276 fuisse
2484 3220 2776 3283 desertum,
2798 3216 2893 3273 Sed
2919 3218 3063 3271 omni
3081 3231 3147 3271 ex
3162 3222 3310 3284 parte
3327 3214 3568 3275 densam,
3598 3214 3810 3281 perfec-

2214 3323 2319 3367 tam
2349 3322 2405 3366 et
2448 3310 2760 3381 populosam
2807 3308 2966 3362 fuisse
3008 3316 3131 3361 ante
3163 3306 3547 3374 captivitatem.
3573 3302 3643 3357 Et
3683 3302 3811 3357 ideo

2210 3404 2424 3475 quidam
2455 3405 2718 3472 interpres
2746 3402 2819 3472 (a)
2855 3399 3018 3468 dicit,
3049 3398 3151 3453 hoc
3192 3396 3531 3468 significans,
3571 3394 3808 3465 ϐυκάνη-

2212 3499 2427 3551 ctionem
2456 3495 2661 3550 habens.
2696 3494 2898 3549 Deinde
2940 3501 3058 3562 post
3078 3490 3227 3557 illud,
3260 3489 3401 3543 aliud
3429 3504 3642 3560 quoque
3671 3488 3806 3544 dicit

2211 3590 2325 3656 ejus
2337 3587 2725 3642 encomiumJ.
2752 3584 2887 3638 Illuc
2914 3585 3050 3637 enim
3070 3582 3401 3637 ascenderunt
3425 3581 3602 3650 tribus,
3625 3581 3787 3635 tribus

2213 3678 2445 3743 Domini,
2490 3678 2826 3739 testimonium
2886 3674 3052 3729 Israel
3102 3674 3171 3729 ad
3215 3674 3561 3742 conﬁtendum
3608 3674 3809 3727 nomini

2210 3768 2439 3836 Domini.
2461 3769 2575 3825 lloc
2594 3771 2733 3825 enim
2758 3768 2986 3823 maxime
3008 3767 3295 3823 ornabatur
3317 3767 3538 3831 civitas;
3563 3780 3667 3819 non
3691 3776 3802 3819 tam

2213 3870 2428 3931 pr0pter
2452 3859 2872 3931 magnitudinem
2894 3868 2949 3914 et
2972 3857 3195 3913 aedilicia
3214 3898 3230 3923 ,
3258 3873 3417 3926 quam
3441 3856 3581 3928 quod
3609 3870 3804 3913 omnes

2211 3955 2316 4009 illic
2335 3952 2809 4024 congregabantur,
2832 3966 2929 4007 ceu
2955 3960 3173 4013 senatus
3198 3950 3485 4006 haberetur
3503 3992 3517 4016 ,
3542 3965 3639 4005 seu
3663 3965 3800 4005 con-

2208 4046 2318 4109 cio,
2372 4060 2467 4100 seu
2507 4042 2575 4099 de
2603 4059 2665 4098 re
2689 4043 2863 4113 aliqua
2902 4038 3307 4097 deliberaretur.
3351 4040 3613 4108 Quoniam
3655 4042 3800 4096 enim

2209 4137 2316 4192 illic
2343 4144 2460 4192 erat
2488 4136 2740 4207 templum
2762 4176 2778 4200 ,
2801 4142 2856 4190 et
2895 4148 3082 4189 omnes
3110 4133 3221 4188 illic
3248 4132 3637 4204 peragebantur
3666 4134 3801 4188 ritus

2207 4243 2272 4283 ac
2297 4228 2651 4289 ceremonim;
2683 4225 2789 4280 illic
2814 4232 2968 4280 erant
2996 4223 3301 4279 sacerdOtes
3319 4264 3335 4289 ,
3363 4231 3417 4278 et
3446 4223 3647 4277 Levita:
3666 4265 3680 4287 ,
3714 4238 3803 4279 re-

2207 4319 2291 4389 gia
2316 4358 2331 4385 ,
2360 4316 2547 4389 adyta,
2580 4315 2837 4371 vestibula
2858 4355 2875 4381 ,
2904 4314 3161 4370 sacriﬁcia
3180 4354 3196 4378 ,
3224 4324 3279 4369 et
3305 4314 3474 4370 altare
3497 4354 3513 4379 ,
3546 4313 3676 4369 festa
3704 4330 3801 4369 ce-

2210 4410 2490 4478 lebresque
2517 4418 2809 4478 conventus
2832 4447 2846 4471 ,
2877 4420 3062 4476 preces
3092 4415 3145 4461 et
3163 4406 3448 4462 conciones
3468 4447 3484 4473 ,
3514 4417 3591 4471 et,
3623 4414 3681 4458 ut
3707 4420 3799 4461 se-

2210 4500 2314 4554 mel
2343 4499 2549 4562 dicam,
2596 4497 2705 4552 illic
2744 4497 3069 4552 consistebat
3115 4504 3222 4550 tota
3266 4496 3436 4551 forma
3467 4496 3802 4567 reipubiicw;

2207 4591 2489 4661 oportebat
2533 4588 2643 4648 illic
2670 4587 2839 4642 tribus
2867 4587 3101 4642 maxime
3126 4595 3207 4641 ter
3236 4585 3289 4639 in
3318 4601 3459 4641 anno
3497 4585 3709 4655 colligi,
3744 4586 3799 4640 in

2207 4681 2359 4737 festis
2403 4680 2628 4751 publicis
2665 4688 2719 4733 et
2758 4676 3117 4742 solemnibus,
3168 4676 3222 4730 in
3253 4675 3553 4743 Paschate,
3599 4677 3798 4731 Pente-

2206 4781 2355 4829 coste
2396 4782 2452 4829 et
2477 4771 2804 4842 Scenopcgia
2825 4810 2840 4834 ,
2870 4784 2967 4825 ceu
2998 4769 3135 4825 festo
3180 4769 3666 4824 tabernaculorum.
3693 4767 3797 4823 Ne-

2207 4884 2313 4937 que
2332 4867 2477 4923 enim
2504 4864 2694 4920 licebat
2719 4862 2867 4918 alibi.
2897 4861 2978 4917 Ad
3002 4863 3120 4934 ejus
3143 4877 3273 4933 ergo
3296 4862 3602 4917 eneomiutn
3626 4861 3795 4915 dicit:

2210 4960 2343 5016 Illuc
2372 4961 2504 5016 enim
2533 4957 2866 5014 ascenderunt
2909 4955 3087 5011 tribus.
3111 4954 3179 5010 Et
3199 4955 3334 5009 alius
3352 4995 3367 5018 ,
3400 4953 3535 5009 Illuc
3558 4954 3800 5008 aenide.

2209 5064 2327 5110 runt
2368 5061 2583 5123 sceptra.
2624 5050 2740 5105 Non
2770 5048 2902 5104 dixit
2931 5057 3107 5103 autem
3155 5046 3526 5115 solummodo,
3577 5044 3801 5114 Tribus,

2210 5148 2303 5203 sed
2323 5187 2339 5212 ,
2367 5144 2547 5200 Tribus
2572 5142 2800 5197 Domini.
2822 5141 3022 5195 Omnes
3045 5140 3219 5196 tribus
3243 5150 3397 5195 erant
3424 5139 3669 5206 Domini,
3699 5155 3800 5196 nec

2212 5249 2389 5295 tamen
2417 5238 2495 5293 eis
2538 5236 2659 5291 ideo
2688 5234 2879 5290 licebat
2907 5233 3022 5289 haec
3052 5233 3105 5288 in
3150 5248 3247 5287 sua
3290 5232 3462 5304 patria
3511 5241 3802 5303 peragere,

2210 5332 2305 5388 sed
2331 5346 2398 5386 co
2442 5330 2647 5385 honore
2683 5326 2869 5383 affecta
2914 5337 3029 5383 erat
3067 5324 3413 5396 metropolis,
3455 5340 3574 5397 qua:
3610 5337 3803 5381 omnes

2210 5421 2434 5492 cogebat
2456 5430 2509 5477 et
2534 5417 2832 5491 attrahebat
2855 5416 2922 5473 ad
2948 5417 3200 5488 scipsam.

2230 5509 2233 5511 “
2279 5513 2343 5568 2.
2375 5513 2479 5569 Cur
2503 5511 2833 5583 ierosolth
2854 5511 3017 5567 solum
3044 5510 3353 5580 sacriﬁcare,
3381 5526 3547 5575 orare,
3579 5519 3707 5574 etc.,
3732 5513 3769 5564 ti
3787 5540 3801 5550 -

2285 5760 2356 5820 (a)
2381 5759 2727 5821 Symmachus.
