4086 6446
372 349 476 407 ιω

370 464 545 524 rebus;
577 459 821 529 festorum
857 465 904 509 et
952 463 1282 528 conuiuatum
1331 455 1556 518 utilitas;
1584 457 1634 509 in
1679 453 1966 509 Jerusalem

368 549 682 620 ju‘ineiputsts
715 548 924 618 dupla,
945 545 1262 600 sacerdotum
1282 554 1328 599 et
1356 562 1627 616 regunt.--
1645 546 1754 600 Hoc
1783 557 1963 601 autem

369 643 565 710 tiebat,
604 651 661 696 ut
700 639 755 694 id
799 640 879 692 eis
911 647 1055 693 esset
1097 651 1256 692 causa
1302 636 1394 691 Dei
1431 638 1780 707 cognitionis,
1822 653 1888 692 ne
1919 638 1961 690 si

364 747 769 806 quoquoversus
804 741 1141 800 vagarentur,
1181 729 1394 783 occasio
1435 737 1738 783 sumeretur
1775 729 1964 796 viaque

366 827 666 882 muniretur
683 824 747 878 ad
768 822 971 878 cultum
995 821 1418 874 simulacrorum.
1438 819 1504 873 Et
1533 819 1653 874 ideo
1673 819 1778 873 illic
1794 819 1961 872 sacri-

366 921 549 981 ficare,
582 918 686 970 illic
706 931 886 980 orare,
916 915 1022 967 illic
1043 913 1349 974 convenire,
1373 910 1594 984 diesque
1617 911 1782 966 festos
1805 910 1964 980 jussit

365 1025 619 1081 peragere
637 1051 652 1074 ,
681 1009 782 1063 loci
812 1006 1070 1076 angustiis
1093 1005 1430 1059 aberrantem
1471 1019 1656 1058 eorum
1687 1013 1920 1058 mentem
1940 1042 1956 1066 ,

363 1113 415 1156 et
442 1102 509 1155 ad
541 1101 868 1170 impietatem
901 1095 1203 1151 tendentem
1226 1137 1241 1158 .
1268 1109 1524 1150 coercens
1545 1136 1560 1160 ,
1590 1093 1867 1149 refrenans
1906 1101 1960 1149 et

360 1191 679 1260 reprimens.
707 1187 859 1256 Quod
890 1186 1103 1256 quidem
1135 1186 1248 1255 ipse
1275 1199 1487 1255 quoque
1516 1185 1843 1255 signiﬁcans,
1872 1184 1957 1238 di-

359 1282 514 1338 eebat
542 1300 556 1336 :
586 1280 766 1334 Tribus
812 1278 1044 1344 Domini,
1075 1276 1416 1330 testimonium
1455 1261 1638 1329 Israel.
1670 1274 1807 1341 Quid
1833 1285 1914 1329 est
1939 1316 1953 1341 ,

357 1369 720 1427 Testimonium
762 1369 971 1424 Israel!
1000 1367 1384 1422 Testimonium
1431 1366 1718 1419 maximum
1741 1405 1758 1431 ,
1795 1379 1955 1434 argu-

355 1477 617 1530 mentum,
647 1463 893 1535 probatio
918 1461 1012 1516 Dei
1043 1459 1420 1530 providentiae,
1454 1468 1509 1512 ut
1535 1459 1677 1512 nulla
1707 1459 1836 1527 ipsis
1866 1473 1955 1512 re-

353 1557 625 1628 linquatur
650 1555 924 1610 excusatio
961 1553 1006 1608 si
1054 1552 1391 1616 desciscant,
1430 1551 1475 1604 si
1503 1552 1736 1606 resiliant
1759 1593 1774 1616 ,
1807 1559 1861 1606 et
1886 1550 1954 1605 ad

353 1648 638 1702 simulacra
672 1645 1000 1714 confugiant.
1032 1643 1159 1712 Ejus
1189 1643 1331 1696 enim
1361 1643 1732 1711 providentia,
1758 1651 1952 1710 poten-

354 1743 461 1803 tite,
493 1738 771 1808 sapientia:
811 1737 915 1791 hoc
953 1745 1068 1790 erat
1093 1749 1465 1804 argumentum
1497 1735 1811 1788 maximum.
1842 1733 1953 1788 lllie

349 1833 492 1887 enim
532 1830 811 1901 legebatur
836 1829 925 1883 lex
952 1844 1069 1899 quae
1099 1843 1279 1883 rerum
1323 1829 1448 1881 olim
1476 1826 1730 1896 praeclare
1769 1835 1953 1897 gesta-

349 1940 469 1979 rum
492 1933 545 1977 et
568 1924 808 1978 historiae
831 1921 1138 1976 continebat
1169 1921 1550 1975 narrationem.
1573 1919 1681 1974 Illic
1702 1920 1860 1973 etiam
1881 1918 1950 1980 ad

349 2019 626 2071 caritatem
664 2013 1202 2082 constringebanlur,
1233 2013 1359 2066 dum
1402 2013 1541 2066 inter
1583 2027 1642 2066 se
1691 2010 1952 2066 haberent

348 2107 813 2166 consuetudinem.
844 2106 973 2174 Quae
1001 2107 1142 2161 enim
1174 2105 1580 2160 celebrabantur
1609 2105 1763 2168 festa,
1789 2113 1846 2158 ut
1869 2105 1951 2158 in-

349 2208 432 2254 ter
468 2214 527 2254 se
563 2197 1018 2268 congrederentur
1040 2211 1199 2251 causa
1223 2204 1376 2254 erant
1401 2237 1416 2260 ,
1445 2211 1507 2249 ac
1537 2195 1710 2264 major
1741 2205 1946 2262 metus,

348 2290 527 2345 vivida
560 2290 750 2360 pietas,
778 2298 833 2343 et
858 2289 959 2342 alia
987 2289 1125 2342 bona
1155 2289 1432 2342 innumera
1459 2303 1523 2342 ex
1548 2303 1614 2342 eo
1642 2286 1949 2357 proficisce-

346 2383 543 2439 bantur
563 2423 578 2445 ,
603 2380 746 2452 quod
774 2376 933 2436 simul
967 2382 1017 2434 iu
1047 2380 1260 2436 civitate
1290 2379 1656 2434 convenirent.
1687 2380 1768 2433 Ad
1787 2381 1974 2449 conﬁ-.

346 2477 555 2531 tendum
585 2477 775 2528 nomini
802 2473 1032 2528 Domini.
1066 2474 1176 2528 Hoc
1203 2482 1305 2540 est,
1335 2473 1402 2528 ad
1431 2473 1632 2544 gratias
1670 2474 1904 2544 agendas
1929 2515 1944 2540 ,

343 2571 412 2626 ad
442 2571 726 2625 colendum
751 2611 766 2634 ,
791 2569 1054 2622 orandum
1075 2609 1088 2630 ,
1118 2567 1472 2631 offerendum,
1502 2567 1908 2621 sacrificandum
1927 2608 1943 2634 ,

345 2677 465 2731 qua:
500 2663 644 2730 ipsos
669 2659 933 2714 ducebant
969 2659 1034 2712 ad
1064 2659 1345 2727 pietatem,
1375 2669 1425 2713 et
1456 2673 1639 2712 eorum
1672 2660 1945 2728 religionis

344 2753 680 2822 disciplinam
709 2753 959 2806 tutiorem
987 2751 1310 2806 elliciebant.
1335 2753 1385 2806 5.
1412 2752 1546 2817 Quia
1574 2753 1681 2806 illic
1709 2752 1945 2806 sedertmt

344 2846 485 2899 sedes
524 2830 896 2914 in'judicium,
924 2843 1065 2896 sedes
1112 2860 1263 2912 super
1313 2843 1518 2896 domum
1568 2842 1755 2896 David.
1805 2843 1945 2898 Ecce

343 2938 474 2992 dicit
500 2938 660 2991 etiam
701 2937 860 2989 aliam
888 2936 1117 2990 civitatis
1146 2936 1542 2990 excellentiam.
1575 2938 1831 3000 Quaenam
1879 2951 1941 2989 ea

343 3029 466 3082 est?
492 3027 645 3095 Quod
693 3027 800 3080 illic
840 3029 910 3079 sit
955 3027 1117 3094 regia.
1149 3025 1261 3081 lioc
1300 3026 1441 3078 enim
1486 3025 1588 3080 sibi
1618 3025 1729 3078 vult
1777 3025 1938 3089 illud,

347 3119 603 3186 Quoniam
628 3117 732 3170 illic
762 3117 996 3170 sederunt
1040 3117 1180 3169 sedes
1217 3117 1270 3168 in
1303 3116 1594 3186 judicium,
1621 3117 1762 3168 sedes
1789 3132 1944 3184 super

341 3212 546 3265 domum
578 3209 762 3263 David.
794 3210 964 3276 Alius,
996 3208 1184 3261 Domus
1215 3207 1376 3260 David
1407 3208 1505 3277 (a).
1538 3209 1650 3262 illic
1675 3209 1816 3262 enim
1846 3207 1943 3262 du-

343 3305 461 3374 plex
513 3315 628 3358 erat
675 3303 1001 3372 principatus
1024 3341 1039 3365 ,
1072 3300 1409 3355 sacerdotum
1463 3309 1517 3353 et
1555 3317 1757 3369 regum,
1789 3301 1940 3369 quasi

340 3395 554 3449 vinculo
578 3394 918 3462 conjunctus,
936 3407 1057 3446 cum
1084 3392 1244 3445 veluti
1269 3391 1495 3459 quadam
1518 3391 1714 3460 duplici
1742 3407 1942 3447 corona

340 3494 395 3538 et
438 3484 741 3538 diademate
786 3493 1069 3538 ornaretur
1095 3483 1283 3536 civitas
1315 3498 1409 3551 per
1451 3482 1565 3536 haec
1603 3483 1802 3536 omnia.
1834 3483 1942 3538 Illic

336 3576 544 3646 judices
570 3617 584 3639 ,
612 3575 677 3629 ad
727 3589 860 3644 quos
895 3591 1013 3644 qua:
1052 3575 1340 3628 multorum
1372 3582 1583 3643 captum
1615 3575 1943 3644 superabant

341 3669 730 3724 referebantur.
763 3668 818 3722 Si
848 3683 948 3737 qua
981 3669 1120 3721 enim
1146 3667 1249 3720 lata
1277 3676 1422 3721 esset
1447 3668 1709 3722 sententia
1743 3667 1794 3720 in
1823 3668 1940 3722 aliis

339 3763 666 3828 civitatibus,
697 3763 765 3816 de
792 3778 894 3831 qua
924 3762 1276 3828 dubitaretur,
1308 3772 1363 3815 ttt
1390 3763 1568 3816 evenit
1612 3761 1664 3815 in
1709 3762 1943 3830 appella-

343 3856 576 3911 tionibus
595 3897 611 3921 ,
641 3855 704 3909 ad
729 3855 964 3923 judicum
996 3856 1085 3923 qui
1114 3866 1267 3908 erant
1296 3853 1645 3924 Jerosolymis
1675 3855 1937 3923 cognitio-

340 3961 484 4008 nem,
519 3946 837 3999 seutentiam
865 3943 1170 3998 referebant
1202 3963 1212 3994 :
1245 3943 1354 3997 illic
1375 3953 1552 3998 autem
1580 3944 1943 4014 accipiebatur

340 4041 555 4094 solutio.
594 4039 698 4093 Sed
741 4046 895 4092 erant
931 4038 1145 4105 quidem
1195 4040 1409 4106 antiqua
1461 4036 1766 4105 hujusmodi
1797 4054 1812 4090 :
1845 4037 1942 4090 ho-

339 4133 525 4185 dierna
548 4146 678 4185 vero
697 4139 821 4184 sunt
852 4129 932 4184 his
959 4129 1127 4182 multo
1149 4129 1414 4196 graviora.
1444 4129 1537 4183 Est
1560 4130 1702 4182 enim
1733 4144 1939 4183 summa

340 4224 595 4289 solitudo,
615 4224 1028 4288 ruina,eversio,
1058 4223 1424 4292 conflagratio,
1450 4237 1632 4291 pauca:
1657 4222 1938 4276 domorum

341 4317 584 4387 reliquiae
608 4317 772 4370 tristis
788 4325 841 4371 et
864 4315 1182 4369 miserabilis
1205 4317 1432 4385 Species,
1453 4324 1507 4370 et
1522 4331 1642 4385 qua:
1657 4316 1829 4368 solum
1855 4313 1944 4368 ha-

341 4410 432 4464 bet
460 4411 846 4464 monimentum
869 4450 884 4475 ,
903 4419 956 4464 et
982 4409 1208 4462 obseura
1231 4409 1475 4479 qumdam
1499 4409 1718 4479 vestigia
1749 4409 1942 4479 prioris

344 4502 633 4560 felicitatis.
669 4503 931 4571 Quocirca
976 4518 1081 4555 non
1128 4502 1398 4556 concludit
1442 4506 1737 4556 orationem
1781 4505 1941 4558 rebus

343 4597 556 4653 miseris
581 4603 635 4649 et
666 4595 923 4660 tristibus,
953 4594 1046 4648 sed
1079 4593 1144 4648 ad
1180 4594 1439 4648 iretiorem
1471 4609 1618 4663 spem
1652 4610 1744 4647 eos
1777 4595 1941 4649 redu-

340 4693 412 4746 cit
450 4691 653 4750 dicens,
682 4688 733 4743 6.
763 4687 959 4759 Rogate
999 4705 1112 4758 qtae
1148 4688 1217 4740 ad
1266 4705 1440 4757 pacem
1480 4698 1596 4741 stmt
1631 4687 1938 4742 Jerusalem.

341 4783 478 4852 Quid
508 4791 590 4836 est
609 4823 622 4843 ,
657 4780 850 4853 lfogate
875 4798 989 4852 aute
1017 4783 1084 4835 ad
1123 4798 1298 4853 pacem
1327 4790 1443 4835 sunt
1467 4780 1798 4836 Jerusalem?
1839 4782 1943 4836 Pro

340 4890 407 4930 eo
435 4873 576 4943 quod
603 4883 712 4936 est,
759 4873 928 4926 Petite
956 4883 1006 4927 et
1046 4874 1326 4942 postulate.
1361 4873 1510 4926 Alius
1540 4872 1613 4944 (b)
1644 4881 1822 4928 autem
1858 4872 1944 4927 di-

342 4967 439 5029 cit,
465 4964 877 5033 Amplectimini,
918 4976 1007 5018 aut
1050 4966 1284 5020 Salutate
1325 4963 1632 5018 Jerusalem.
1668 4965 1780 5019 Hoc
1817 4975 1900 5020 est
1923 5005 1939 5030 ,

344 5056 546 5125 itogate
567 5065 626 5110 ut
647 5071 706 5110 ea
737 5055 920 5109 redeat
946 5055 998 5108 in
1028 5057 1306 5123 pristinam
1332 5058 1760 5125 prosperitatem,
1796 5067 1852 5110 ut
1876 5057 1941 5109 li-

344 5146 559 5202 beretur
603 5162 631 5200 a
673 5145 825 5201 bellis
865 5145 1253 5214 frequentibus,
1280 5157 1336 5200 ut
1363 5149 1616 5217 deinceps
1657 5150 1943 5203 securitate

344 5238 569 5293 fruatur.
599 5238 688 5292 Vel
729 5239 829 5292 hoc
853 5252 981 5308 ergo
1005 5237 1168 5295 dicit.
1197 5238 1278 5292 vel
1319 5240 1576 5307 prtedicit.
1609 5240 1804 5311 Rogate
1830 5257 1945 5311 qua:

343 5330 410 5383 ad
441 5347 612 5399 pacem
657 5341 771 5383 sunt
806 5329 1111 5384 Jerusalem.
1149 5331 1260 5386 Hoc
1288 5341 1370 5384 est
1392 5373 1404 5394 ,
1450 5333 1554 5385 Pax
1590 5332 1637 5387 ei
1670 5334 1936 5388 succedet.

405 5554 478 5614 (a)
524 5550 720 5613 Supple,
746 5549 906 5601 throni
929 5550 1098 5602 domus
1127 5551 1296 5602 David.
1325 5554 1560 5602 Hebraeus
1578 5561 1741 5603 autem
1767 5561 1944 5609 mm:

341 5649 429 5699 'm
461 5622 596 5700 m5
629 5659 641 5695 :
675 5642 800 5694 solio
839 5644 1004 5694 domui
1044 5643 1232 5702 David,
1287 5644 1362 5692 vel
1401 5646 1570 5695 (tomus
1617 5644 1791 5695 naria.
1838 5655 1946 5698 tltec

343 5717 682 5779 Interpretatio
701 5717 877 5764 omissa
900 5715 990 5764 fuit
1015 5717 1062 5764 in
1088 5715 1317 5776 Hexaplis
1343 5720 1534 5766 nostris.

407 5777 485 5840 (b)
511 5779 596 5828 ilic
618 5787 782 5828 autem
809 5787 884 5828 est
907 5779 1230 5840 Symmachus.

1471 341 1835 399 EXPOSITIO
1876 342 1940 398 IN
1982 340 2308 400 PSALMUM
2347 344 2537 400 CXXI.

3575 345 3682 404 350

2079 454 2145 509 Et
2168 458 2485 512 abundantia
2514 459 2836 528 diligentibus
2867 469 2931 513 te.
2959 461 3108 514 Alius
3132 501 3147 526 ,
3172 461 3456 527 Quiescent.
3488 462 3640 516 Alius
3659 503 3674 524 ,

2077 545 2327 614 Prospere
2367 559 2522 618 agant
2564 551 2652 620 qui
2688 560 2733 602 te
2763 551 3000 621 diligunt.
3034 551 3131 605 llic
3170 561 3253 606 est
3283 567 3473 622 magna
3521 556 3675 622 capia

2075 639 2472 705 prosperitatis,
2505 641 2718 708 quando
2763 657 2867 695 non
2916 642 2966 693 in
3011 657 3071 696 ea
3108 642 3282 696 solum
3323 642 3460 696 bona
3495 646 3674 698 consi-

2069 738 2239 794 stunt,
2271 729 2365 783 sed
2393 732 2552 785 etiam
2581 733 2670 800 qui
2699 747 2816 786 eam
2842 733 3072 803 diligunt
3112 734 3176 788 iis
3211 733 3462 790 fruuntur
3490 751 3503 787 :
3532 735 3674 805 quod

2069 821 2284 890 quidem
2343 822 2398 877 in
2455 824 2719 892 prioribus
2764 827 3093 893 temporibus
3135 839 3291 880 secus
3349 825 3528 880 fiebat.
3571 825 3672 894 Qui

2068 925 2188 964 eam
2212 912 2354 966 enim
2377 913 2504 967 odio
2530 913 2818 978 habebant,
2839 925 2891 968 et
2907 917 3302 985 oppugnabant,
3325 917 3356 970 ii
3383 916 3672 986 plurimum

2068 1011 2335 1069 poterant,
2367 1013 2423 1058 et
2472 1012 2627 1058 erant
2666 1004 2785 1059 aliis
2827 1006 3106 1071 clariores,
3149 1014 3204 1060 et
3247 1021 3373 1060 cum
3421 1006 3674 1063 facilitate

2067 1101 2267 1162 tropara
2293 1094 2589 1165 erigebant.
2623 1097 2695 1149 At
2731 1111 2874 1150 nunc
2911 1096 2947 1149 ti
2975 1097 3066 1166 qui
3095 1105 3145 1152 te
3178 1096 3436 1166 diligunt,
3471 1097 3523 1150 in
3554 1112 3671 1150 ma-

2063 1199 2166 1254 gna
2191 1186 2670 1241 eruntsecuritate.
2695 1186 2796 1252 Qui
2829 1197 3027 1252 tecum,
3059 1187 3455 1257 iuquit,iisdem
3480 1197 3670 1243 tenen-

2065 1285 2151 1330 tur
2181 1279 2546 1333 munimentis.
2581 1280 2684 1334 Eos
2713 1289 2894 1335 autem
2923 1279 3159 1348 dicitqui
3187 1281 3268 1334 vel
3299 1289 3452 1334 erant
3480 1294 3669 1334 eorum

2062 1367 2256 1422 fauturi
2281 1370 2541 1438 partibus,
2576 1371 2658 1424 vel
2693 1371 2855 1424 etiam
2887 1371 3031 1439 ipsos
3061 1371 3226 1425 cives.
3258 1371 3308 1423 7.
3345 1370 3463 1423 Fiat
3489 1387 3593 1440 pax
3616 1372 3670 1424 in

2061 1461 2244 1514 virtute
2270 1471 2377 1514 tua.
2409 1463 2559 1516 Alius
2587 1462 2732 1526 dicit,
2759 1460 2825 1515 In
2848 1465 3234 1534 propugnaculo
3265 1474 3350 1516 tuo
3372 1463 3467 1535 (a).
3493 1465 3664 1528 Alius,

2059 1547 2128 1604 In
2154 1554 2345 1604 ambitu
2378 1563 2481 1606 tuo.
2513 1552 2650 1620 Quid
2681 1563 2762 1606 est
2784 1596 2796 1617 ,
2825 1553 2890 1606 ln
2912 1555 3094 1607 virtute
3117 1555 3244 1608 tua?
3273 1553 3329 1608 In
3368 1555 3668 1608 substantia

2060 1649 2168 1707 tua,
2197 1642 2252 1695 in
2275 1643 2338 1697 iis
2365 1644 2453 1712 qui
2484 1645 2534 1697 in
2557 1653 2608 1698 te
2635 1643 2897 1707 habitant,
2928 1644 2980 1698 in
3007 1649 3360 1714 prOSperitate
3389 1656 3496 1700 tua.
3523 1648 3667 1709 Quo-

2057 1733 2200 1786 niam
2232 1735 2374 1787 enim
2407 1735 2604 1789 bellum
2637 1751 2722 1790 res
2749 1746 2831 1790 est
2851 1737 3076 1790 exitiosa
3098 1779 3113 1801 ,
3148 1737 3308 1807 idque
3333 1754 3450 1792 eam
3481 1741 3662 1809 pcrdi-

2055 1823 2155 1888 dit,
2187 1826 2234 1878 ei
2261 1840 2446 1895 pacem
2475 1836 2743 1895 precatur.
2763 1825 2833 1880 Et
2861 1827 3176 1880 abundantia
3205 1829 3259 1880 in
3289 1830 3512 1881 turribus
3542 1831 3659 1882 luis.

2055 1914 2207 1973 Alius
2249 1916 2395 1982 dicit,
2424 1915 2490 1970 In
2512 1918 2664 1987 regiis
2687 1919 2783 1972 tuis
2814 1919 2908 1987 (b).
2937 1919 3113 1984 Alius,
3142 1921 3468 1973 Jucunditas.
3491 1924 3658 1984 Alius,

2059 2004 2232 2070 Quies.
2269 2008 2384 2062 Non
2423 2009 2598 2064 solum
2633 2009 2776 2064 enim
2812 2009 3054 2080 praedicit
3083 2011 3312 2067 futuram
3341 2027 3372 2066 a
3413 2013 3566 2067 malis
3596 2013 3662 2066 ii-

2054 2095 2387 2154 beratiouem
2410 2116 2443 2167 ,'
2465 2100 2557 2154 sed
2589 2100 2749 2155 etiam
2782 2101 3253 2156 innumerabilium
3285 2102 3546 2158 bonorum
3572 2118 3664 2159 ac-

2052 2189 2386 2256 cessionem,
2423 2206 2607 2260 pacem
2633 2233 2648 2259 ,
2681 2192 3087 2259 abundantiam,
3136 2193 3488 2250 fertilitatem.
3521 2196 3662 2262 Quid

2052 2281 2195 2334 enim
2221 2280 2371 2350 juvat
2408 2297 2506 2351 pax
2527 2325 2541 2344 .
2568 2284 2782 2353 quando
2810 2285 2863 2338 in
2890 2293 3227 2354 paupertate,
3256 2285 3396 2340 fame
3422 2296 3475 2341 et
3504 2303 3660 2343 men-

2052 2371 2271 2426 dicitate
2294 2373 2479 2427 vivunt
2499 2374 2522 2427 ἲ
2542 2374 2667 2444 quid
2697 2384 2874 2430 autem
2897 2377 3050 2446 juvat
3073 2376 3422 2438 abundantia,
3443 2379 3659 2447 quando

2050 2461 2248 2518 bellum
2289 2464 2524 2534 ingruit?
2562 2467 2628 2521 Et
2664 2465 2789 2520 ideo
2818 2468 2897 2522 eis
2936 2475 3160 2538 utraque
3202 2469 3319 2524 hazc
3363 2471 3498 2524 bona
3543 2472 3659 2528 fore

2051 2557 2314 2624 pra-dicit,
2350 2567 2408 2612 ut
2435 2560 2514 2613 eis
2533 2559 2675 2613 adsit
2699 2561 3045 2628 abundantia,
3077 2573 3132 2618 et
3158 2577 3255 2632 per
3274 2579 3458 2633 pacem
3478 2580 3542 2621 ea
3573 2583 3660 2622 se-

2050 2661 2178 2701 cure
2219 2646 2482 2703 fruantur.
2516 2651 2568 2706 8.
2614 2649 2834 2720 Propter
2871 2657 3057 2721 fratres
3102 2671 3270 2718 meos,
3313 2663 3362 2708 et
3401 2657 3659 2722 proximos

2049 2752 2202 2791 meos.
2232 2739 2323 2792 Vel
2354 2740 2560 2795 vicinos
2583 2741 2731 2807 dicit,
2755 2743 2843 2812 qui
2867 2758 3052 2796 eorum
3074 2758 3202 2798 casu
3232 2744 3392 2797 Izetati
3415 2744 3653 2811 fuerunt,

2049 2838 2104 2884 et
2129 2840 2276 2898 optat
2299 2842 2353 2885 ut
2377 2834 2466 2887 fiat
2494 2813 2699 2904 pax.'ut
2725 2835 2797 2888 illi
2823 2850 3037 2908 quoque
3067 2837 3454 2906 deprimantur,
3487 2849 3541 2892 et
3562 2855 3654 2892 co-

2048 2932 2311 2990 gnoscant
2365 2923 2459 2977 Dei
2504 2926 2794 2993 potentiam
2827 2943 2838 2978 :
2869 2927 2953 2979 vel
2995 2926 3188 2981 fratres
3230 2942 3323 2981 eos
3367 2929 3530 2994 dicit,
3565 2933 3657 3000 qui

2047 3013 2316 3068 civitatem
2366 3016 2684 3070 inhabitant.
2720 3017 2944 3085 PrOpIer
2989 3017 3182 3072 fratres
3229 3033 3359 3087 ergo
3404 3035 3557 3074 meos
3604 3033 3658 3075 et

2048 3107 2322 3174 proximos
2351 3121 2502 3161 meos
2531 3122 2664 3176 rogo
2707 3117 2765 3161 ut
2805 3108 2893 3161 fiat
2924 3123 3048 3176 pax,
3081 3118 3140 3162 ut
3182 3110 3265 3163 vel
3315 3111 3526 3166 tandem
3567 3129 3657 3169 re-

2047 3199 2247 3267 Spirent
2273 3239 2288 3264 ,
2323 3209 2602 3268 postquam
2643 3199 3038 3254 calamitatibus
3064 3199 3186 3254 facti
3217 3211 3342 3255 sunt
3378 3203 3654 3260 meliores.

2045 3287 2313 3359 Loquebar
2343 3308 2518 3360 pacem
2555 3292 2618 3345 de
2653 3303 2719 3346 te.
2748 3291 2800 3347 9.
2830 3291 3049 3363 PrOpter
3078 3293 3284 3347 domum
3322 3293 3532 3353 Domini
3559 3296 3657 3351 Dei

2046 3383 2227 3449 nostri,
2256 3385 2461 3453 quaesivi
2491 3384 2624 3438 bona
2660 3385 2767 3438 tibi.
2801 3386 2953 3440 Alius
2981 3386 3129 3453 dicit,
3163 3386 3369 3458 Loquar
3399 3407 3574 3460 pacem
3603 3393 3654 3445 in

2047 3485 2113 3530 te.
2146 3475 2409 3544 Quoniam
2451 3473 2629 3544 dixit,
2665 3477 2887 3549 PrOpter
2909 3480 3093 3548 fratres
3135 3497 3272 3535 meos
3311 3491 3360 3534 et
3395 3485 3655 3551 proximos

2047 3585 2199 3632 meos,
2235 3570 2524 3624 ostendens
2566 3586 2625 3625 se
2667 3569 2768 3625 hoc
2797 3585 2902 3624 non
2935 3572 3139 3641 precari
3184 3583 3405 3641 promer
3441 3573 3650 3629 illoruu':

2047 3661 2320 3726 meritum,
2355 3661 2448 3716 sed
2478 3670 2536 3715 ut
2562 3662 2680 3716 illos
2711 3662 2901 3730 majori
2935 3662 3201 3717 beneficio
3227 3663 3490 3730 afficeret,
3519 3667 3644 3720 sub-

2042 3752 2240 3822 junxit,
2275 3751 2499 3822 Propter
2528 3754 2738 3806 dontum
2780 3752 2881 3807 Dei
2925 3754 3106 3809 nostri.
3139 3753 3249 3809 Hoc
3286 3765 3405 3823 est,
3432 3756 3661 3826 Propter

2045 3845 2268 3915 gloriam
2297 3845 2415 3913 ejus
2459 3853 2586 3914 opto
2621 3850 2842 3913 pacem,
2869 3853 2929 3899 ut
2967 3845 3084 3914 ejus
3126 3846 3304 3899 cultus
3344 3861 3533 3902 rursus
3573 3865 3647 3903 re-

2046 3935 2201 4002 deat,
2231 3943 2286 3990 et
2324 3935 2567 3989 doctrina
2597 3949 2874 4004 augeatur.
2911 3936 3015 3990 Alii
3041 3937 3184 3990 enim
3219 3947 3461 4005 tempore
3489 3940 3628 4007 capti

2046 4026 2225 4081 vitatis
2251 4027 2360 4080 nati
2390 4035 2545 4092 sunt;
2577 4027 2664 4080 alii
2692 4042 2821 4081 vero
2849 4027 3063 4081 fuerunt
3086 4036 3253 4082 testes
3283 4036 3338 4082 et
3362 4027 3656 4084 descensus

2047 4128 2102 4175 et
2129 4117 2354 4173 reditus.
2387 4119 2480 4174 Dei
2512 4129 2690 4173 autem
2712 4119 2860 4174 cuitu
2889 4129 3107 4188 peracto
3135 4119 3251 4173 hare
3275 4120 3454 4174 omnia
3482 4120 3657 4176 disce-

2047 4212 2176 4267 bant
2200 4227 2230 4266 a
2261 4211 2589 4277 senioribus,
2619 4212 2763 4265 illam
2787 4210 2912 4265 olim
2936 4225 3125 4264 eorum
3154 4209 3485 4274 felicitatem,
3509 4215 3656 4282 quod

2047 4319 2171 4359 cum
2203 4312 2279 4357 tot
2317 4303 2478 4358 rebus
2507 4301 2758 4357 secundis
2785 4311 3085 4368 uterentur,
3120 4303 3184 4356 iis
3210 4303 3532 4358 exciderint.
3563 4303 3658 4359 Vi.

2047 4395 2145 4450 des
2166 4394 2438 4465 quomodo
2467 4410 2654 4450 eorum
2687 4394 2932 4464 reprimit
2967 4395 3347 4464 arrogantiam,
3376 4411 3444 4449 ne
3471 4396 3658 4451 existi-

2048 4495 2197 4541 ment
2234 4501 2294 4541 se
2336 4487 2472 4542 bona
2506 4488 2796 4556 recepisse,
2829 4496 2885 4540 ut
2913 4487 3002 4556 qui
3032 4487 3161 4540 satis
3188 4501 3467 4555 pinnarum
3495 4487 3659 4544 dedc-

2048 4580 2185 4644 rint,
2214 4578 2308 4634 sed
2339 4581 2511 4634 sciant
2550 4594 2610 4634 se
2653 4589 2870 4648 propter
2899 4579 2988 4632 Dei
3024 4577 3250 4647 gloriam
3280 4579 3331 4631 in
3370 4593 3522 4633 suam
3556 4595 3652 4648 pa—

2051 4673 2206 4726 triam
2239 4686 2490 4727 reversos
2516 4686 2657 4732 esse,
2687 4679 2882 4724 etcum
2917 4668 2966 4722 id
2989 4668 3296 4733 didicerint,
3322 4681 3570 4724 maneant
3605 4673 3656 4725 in

2049 4780 2256 4820 summa
2295 4764 2604 4823 securitate.
2640 4779 2706 4817 ne
2734 4771 3018 4832 peccantes
3044 4761 3232 4816 eadem
3275 4777 3460 4817 rursus
3494 4776 3659 4831 expe-

2049 4856 2302 4911 riantur?
2610 4923 2614 4927 ι

2124 4948 2342 5002 Moralis
2379 4947 2686 5002 exhortatio.
2716 4977 2789 4986 —
2820 4945 2944 5000 llaec
2971 4960 3098 5016 ergo
3144 4961 3243 5000 nos
3282 4962 3496 5016 quoque
3536 4961 3658 5002 cum

2049 5041 2283 5095 sciamus
2303 5079 2317 5105 ,
2351 5039 2581 5093 maxime
2608 5038 2826 5108 quidem
2851 5052 3071 5107 operam
3101 5036 3455 5093 adhibeamus
3485 5054 3553 5094 ne
3578 5039 3660 5093 la-

2051 5133 2242 5188 hamur
2272 5149 2284 5184 :
2318 5132 2413 5185 sed
2455 5132 2496 5185 si
2540 5133 2592 5185 in
2639 5141 2856 5202 peccata
2905 5129 3229 5200 quandoque
3269 5131 3659 5200 inciderimus,

2052 5224 2364 5279 Studeamus
2389 5223 2635 5277 celeriter
2664 5237 2964 5290 resurgere,
2990 5231 3045 5276 et
3082 5237 3185 5276 non
3228 5223 3279 5275 in
3315 5226 3492 5292 priora
3520 5226 3662 5280 reci-

2053 5319 2204 5380 dere,
2231 5334 2294 5371 ne
2321 5333 2382 5371 ea
2419 5316 2696 5369 audiamus
2727 5331 2847 5384 qua:
2887 5313 3100 5369 fuerunt
3147 5315 3289 5370 dicta
3328 5317 3658 5388 paralytico,

2055 5413 2188 5466 Ecce
2211 5429 2365 5466 sanus
2395 5415 2563 5479 fartus
2591 5427 2661 5474 es,
2691 5408 2795 5460 noli
2821 5408 3042 5476 amplius
3071 5423 3298 5477 peccare,
3331 5424 3395 5462 ne
3420 5409 3542 5478 quid
3569 5409 3660 5460 de-

2118 5591 2193 5654 (a)
2213 5599 2338 5654 illaec
2363 5589 2705 5654 interpretatio
2736 5587 2876 5647 cujus
2906 5587 2969 5654 sit
3005 5586 3256 5648 ignoratur
3283 5599 3295 5634 :
3323 5598 3545 5648 sequens
3580 5597 3660 5634 au-

2055 5648 2186 5711 tem,
2202 5653 2254 5704 in
2274 5651 2455 5702 ambitu
2478 5648 2574 5709 tito,
2607 5657 2684 5698 est
2704 5648 2989 5712 Symmachi.

2119 5704 2193 5778 (b)
2227 5721 2335 5765 llaec
2358 5704 2704 5776 interpretatio
2727 5704 2804 5779 est
2819 5704 3092 5779 Symmachi
3131 5708 3403 5758 secundum
3442 5707 3661 5757 Themin—

2057 5773 2220 5831 retuin
2249 5791 2257 5823 :
2286 5773 2714 5838 cmtcrte'quorum
2737 5773 2834 5822 sint
2859 5773 3094 5820 nescitur.
