4086 6442
495 353 589 408 δζέι
1188 347 1244 399 S.
1287 345 1564 400 JOANNIS
1600 343 2074 400 CllﬂYSOSTOMl
2116 344 2432 400 AliClllEP.
2473 347 3009 406 CONS'I'ANTINOP.

490 461 644 517 terius
666 458 750 514 tibi
777 462 1030 529 contingat
1061 457 1238 525 (Joan.
1273 459 1328 512 5.
1362 457 1449 528 14)
1504 458 1787 525 Pmpterca
1817 456 1958 509 cuitu
1991 457 2068 509 sic

491 555 642 618 dixit,
664 536 720 607 et
741 553 908 606 bonos
925 552 1125 605 docens
1152 559 1210 604 ut
1231 551 1482 604 virtutem
1511 563 1699 604 secure
1727 555 2066 610 conservent,

488 652 543 697 et
569 641 659 712 qui
688 641 977 696 liberantur
1001 655 1028 692 a
1057 640 1302 708 peccatis,
1335 639 1387 692 in
1413 640 1611 706 optima
1643 637 1933 691 mutatione
1959 651 2070 689 ma-

491 740 684 797 neant,
724 742 779 787 ut
809 747 996 788 omnes
1036 732 1389 787 communiter
1427 731 1563 784 bona
1605 731 1835 786 caelestia
1875 744 2068 783 conse-

488 831 718 892 quantur
747 839 759 874 :
789 823 982 894 quibus
1010 820 1166 875 detur
1190 820 1344 875 nobis
1370 820 1619 873 omnibus
1649 819 1749 873 frui
1773 859 1788 883 ,
1819 820 1985 888 gratia
2015 827 2068 872 et

491 914 814 984 benignitate
858 913 1062 968 Domini
1091 913 1256 967 nostri
1287 911 1413 966 Jesu
1442 911 1672 976 Christi,
1703 911 1788 965 cui
1817 910 1980 980 gloria
2013 917 2069 962 et

491 1004 724 1072 potentia
748 1004 800 1058 in
822 1002 1015 1057 saecula
1041 1001 1382 1056 saeculorum.
1411 1002 1598 1056 Amen.

938 1133 1002 1186 IN
1039 1131 1361 1188 PSALMUM
1398 1130 1608 1185 CXXII.

524 1247 573 1298 1.
614 1246 694 1296 Ad
723 1255 768 1296 te
795 1245 951 1298 levavi
978 1243 1146 1297 oculos
1174 1259 1326 1306 uisos,
1357 1258 1438 1312 qui
1468 1241 1663 1294 habitas
1690 1242 1743 1294 in
1772 1241 1898 1295 ratio
1922 1241 2025 1310 (a).

557 1353 718 1409 Vides
766 1355 957 1422 ubique
1003 1354 1259 1420 effulgens
1292 1352 1612 1420 captivitatis
1656 1351 1883 1405 lucrum.
1931 1350 2061 1406 Nam

485 1444 572 1511 qui
599 1443 940 1498 saecularibus
977 1453 1130 1497 erant
1158 1443 1315 1497 rebus
1353 1442 1519 1504 afﬁxi,
1548 1451 1602 1496 et
1633 1443 1865 1514 Assyriis
1891 1441 2060 1512 Egy-

484 1533 711 1603 ptiisque
737 1532 991 1598 lidebant,
1026 1546 1232 1586 necnon
1261 1546 1532 1586 murorum
1562 1531 1783 1587 ambitui
1812 1543 1865 1587 et
1902 1546 2063 1601 pecu-

485 1627 691 1678 uiarum
721 1623 916 1693 copim,
948 1623 1015 1679 ab
1061 1622 1164 1676 illis
1203 1623 1447 1677 omnibus
1481 1637 1600 1676 sese
1642 1623 1948 1685 avellentes,
1993 1622 2062 1677 ad

487 1717 732 1772 invictam
761 1730 976 1769 manum
1003 1714 1330 1784 confugiunt,
1353 1714 1421 1769 ab
1443 1714 1532 1768 illa
1559 1729 1653 1783 spe
1685 1715 1914 1784 pendent
1937 1730 1954 1778 ;
1976 1724 2062 1785 atf

482 1820 588 1874 que
614 1806 820 1860 excelsa
865 1805 1108 1859 instrueti
1154 1814 1330 1858 mente
1359 1844 1374 1868 ,
1407 1819 1436 1857 a
1470 1807 1695 1859 terrenis
1732 1804 1931 1869 avulsi;
1963 1819 2062 1861 nec

483 1896 733 1966 templum
756 1911 852 1966 pro
891 1911 1041 1951 more
1068 1895 1216 1951 adire
1239 1895 1480 1951 valentes
1504 1937 1520 1962 ,
1549 1897 1689 1965 quod
1731 1898 2057 1952 destructum

482 1989 690 2057 fuerat,
728 2003 760 2042 a
788 1989 917 2043 caelo
953 1989 1117 2043 Deum
1160 1988 1372 2044 tandem
1403 1989 1668 2044 invocant.
1699 1990 1754 2045 la
1800 1992 1932 2046 czelo
1960 2007 2057 2052 au—

483 2091 588 2134 tem
617 2078 854 2135 habitare
878 2079 1072 2134 dicitur
1098 2096 1114 2146 ;
1143 2095 1248 2136 non
1285 2081 1436 2151 quasi
1476 2081 1593 2136 loco
1625 2083 2058 2153 circumscriptus

478 2171 586 2236 sit,
613 2170 753 2225 absit
782 2189 795 2224 :
829 2171 942 2239 ipse
977 2172 1171 2241 quippe
1211 2172 1388 2226 omnia
1435 2173 1654 2242 implet;
1683 2175 1776 2228 sed
1811 2175 1962 2244 quasi
2002 2176 2059 2231 iu

477 2261 782 2314 caelestibus
809 2261 910 2314 illis
935 2262 1285 2331 potestatibus
1306 2263 1542 2332 quiescat
1573 2271 1626 2317 et
1656 2275 1865 2318 maneat
1890 2281 1903 2330 ;
1934 2280 2057 2320 nam

477 2353 672 2408 dicitur
695 2353 853 2407 etiam
879 2353 932 2408 in
963 2354 1266 2409 hominibus
1287 2353 1526 2410 habitare
1551 2373 1564 2408 :
1592 2355 1895 2410 Inhabitabo
1925 2358 2058 2411 enim

475 2446 530 2499 in
570 2445 694 2512 illis,
721 2455 766 2498 et
804 2446 1123 2500 inambulabo
1153 2447 1229 2518 (2.
1254 2445 1372 2502 Cor.
1406 2448 1457 2502 6.
1491 2448 1600 2517 16).
1632 2447 1762 2502 Cum
1801 2450 1958 2518 igitur
2001 2450 2055 2504 in

477 2536 818 2591 barbarorum
845 2539 1058 2606 regione
1083 2538 1372 2608 degerent,
1400 2555 1506 2592 non
1531 2539 1781 2594 mediocri
1813 2540 2054 2598 doctrina

475 2627 658 2681 imbuti
685 2637 837 2692 sunt;
869 2642 935 2682 eo
966 2629 1107 2699 quod
1135 2629 1341 2684 scilicet
1363 2644 1392 2683 a
1416 2631 1536 2684 vita:
1558 2631 1851 2686 commodis
1877 2633 2052 2686 omni-

474 2716 573 2769 bus
600 2720 914 2784 sequestrati
941 2726 1119 2774 essent
1139 2760 1154 2786 ,
1185 2719 1558 2790 discerentque
1579 2762 1593 2788 ,
1625 2722 1817 2790 ubique
1851 2723 2012 2777 Deum
2035 2765 2049 2791 ,

472 2808 515 2860 si
546 2808 818 2862 invocetur
841 2851 854 2873 ,
889 2809 1039 2864 facile
1068 2811 1311 2878 precibus
1348 2827 1604 2866 annuere.
1633 2813 1762 2880 Quia
1794 2815 1934 2867 enim
1973 2815 2057 2868 fu-

472 2908 642 2950 turum
670 2907 801 2961 erat,
834 2907 889 2952 ut
931 2900 1052 2954 novi
1084 2901 1205 2953 vitae
1235 2900 1456 2954 instituti
1501 2901 1676 2955 radius
1699 2903 1911 2979 demum
1947 2905 2051 2957 ori-

471 2998 654 3053 retur,
681 2988 866 3057 incipit
895 2990 1148 3058 propheta
1183 3006 1303 3059 qua:
1349 2989 1523 3045 futura
1569 3001 1721 3046 erant
1765 2994 2048 3063 attingere,

470 3080 704 3132 locorum
732 3080 1154 3134 observationem
1183 3083 1380 3136 sensim
1419 3092 1470 3135 et
1518 3084 1666 3151 quasi
1701 3099 1792 3150 per
1823 3086 2046 3154 mnigma

471 3170 684 3224 solvens
713 3171 1030 3239 tollensque.
1061 3171 1114 3224 2.
1163 3169 1295 3226 Ecce
1340 3173 1469 3225 sicut
1519 3173 1653 3226 oculi
1701 3191 1956 3228 servorum
1995 3178 2049 3230 in

469 3260 700 3312 manibus
727 3260 1041 3312 dominorum
1067 3277 1306 3324 suorum;
1332 3263 1456 3315 sicut
1486 3265 1617 3316 oculi
1641 3266 1841 3318 ancillis
1868 3267 1917 3319 in
1947 3283 2050 3319 ma-

469 3351 611 3404 nibus
635 3351 851 3403 dominae
877 3367 983 3404 suta
1006 3367 1026 3404 :
1051 3353 1122 3404 ita
1147 3352 1280 3406 oculi
1315 3354 1472 3406 nostri
1497 3354 1565 3406 ad
1592 3354 1859 3409 Dominum
1889 3356 2048 3410 Deum

465 3449 710 3504 nostrum,
741 3440 895 3493 donec
924 3442 1216 3494 misereatur
1237 3443 1414 3497 nostri.
1446 3443 1539 3497 Hic
1578 3446 1735 3499 etiam
1771 3447 1887 3501 vide
1931 3449 2045 3516 pie-

463 3539 620 3583 tatem
650 3530 909 3596 vigentem
937 3541 987 3584 et
1013 3530 1214 3584 firtnam
1247 3549 1258 3584 :
1296 3547 1397 3584 non
1425 3533 1566 3587 cnim
1589 3535 1654 3588 ad
1685 3534 1843 3590 breve
1872 3539 2042 3590 solum

464 3632 669 3691 tempus
710 3633 944 3692 sperant,
979 3623 1072 3677 sed
1099 3623 1298 3678 diutius
1327 3623 1471 3678 afﬁxi
1499 3633 1553 3680 et
1588 3625 1915 3681 anhelantes.
1956 3628 2041 3682 ld-

462 3727 633 3778 eoque
658 3713 955 3780 exemplum
1001 3714 1053 3766 in
1101 3714 1329 3768 medium
1370 3717 1693 3781 attulerunt,
1725 3716 1826 3770 hoc
1871 3717 2042 3785 ipsum

458 3803 874 3869 subindtcantes,
919 3820 1024 3857 non
1066 3806 1278 3860 aliunde
1321 3805 1419 3860 sibi
1468 3822 1616 3876 spem
1644 3808 1830 3863 adesse
1861 3810 2041 3865 auxilii

457 3902 511 3946 ct
548 3894 939 3961 suppetiarum,
971 3908 1134 3964 seque
1174 3896 1302 3949 nihil
1332 3896 1771 3966 aliudspectare:
1804 3901 2042 3968 quando-

456 3982 674 4052 quidem
721 3983 910 4037 ancilla
953 3993 1007 4038 et
1049 4000 1236 4040 servus
1275 3986 1377 4040 hoc
1423 4003 1585 4041 unum
1631 3989 1828 4044 habent
1861 3991 2037 4045 subsi-

455 4075 600 4128 dium
622 4115 638 4139 ,
664 4090 769 4144 quo
810 4078 1006 4130 victum
1035 4086 1088 4131 et
1117 4079 1364 4132 vestitum
1395 4089 1692 4150 caatcraque
1740 4087 2041 4140 necessaria

455 4173 784 4232 comparent,
810 4173 866 4218 ut
891 4167 956 4219 ad
991 4165 1151 4220 heros
1187 4182 1316 4222 suos
1339 4169 1661 4238 respiciant;
1695 4187 1866 4242 neque
1887 4189 2037 4230 rece-

455 4257 613 4322 dunt,
643 4257 735 4312 sed
773 4268 1083 4326 exspectant
1106 4258 1277 4313 donec
1304 4261 1626 4330 acceperint,
1653 4270 1708 4316 et
1735 4279 1858 4318 cum
1889 4282 2039 4321 rece-

458 4348 665 4414 perint,
701 4349 896 4417 gratias
937 4348 1132 4403 habent
1162 4366 1175 4402 :
1204 4349 1437 4420 illudque
1481 4351 1653 4420 ipsum
1699 4353 1910 4410 assidue
1955 4355 2035 4410 fa-

452 4438 618 4492 ciunt.
645 4436 714 4492 Ut
753 4438 852 4492 hoc
886 4438 1044 4508 igitur
1083 4440 1360 4507 ostendat,
1395 4442 1538 4510 ipsos
1577 4442 1782 4498 scilicet
1818 4443 1884 4499 ad
1914 4459 2037 4500 eum

453 4527 737 4596 respicere,
768 4528 924 4598 idque
959 4528 1171 4584 assidue
1213 4540 1496 4599 praestare,
1528 4533 1834 4603 nullamque
1877 4536 2035 4590 aliam

452 4631 602 4685 spem
633 4616 861 4684 habere,
892 4619 985 4672 sed
1025 4617 1181 4688 hujus
1205 4621 1439 4690 praesidii
1478 4624 1863 4692 exspectationi
1899 4625 2037 4681 defi-

455 4723 551 4761 xos
577 4722 724 4772 esse,
757 4718 938 4779 utpote
963 4725 1188 4780 quorum
1217 4713 1393 4766 omnia
1435 4712 1572 4766 bona
1601 4715 1740 4768 illius
1768 4717 1908 4782 sint,
1937 4731 2034 4770 an.

448 4798 625 4852 cillam
652 4808 708 4853 et
736 4813 918 4854 servos
957 4801 1412 4857 commemoravit.
1445 4802 1575 4857 Vide
1617 4819 1722 4874 quo
1753 4819 1906 4874 pacto
1938 4806 2030 4872 illi,

448 4889 540 4958 qui
567 4887 709 4958 prius
739 4888 1096 4945 iuvitabantur
1125 4900 1180 4945 ut
1207 4891 1274 4945 ad
1299 4892 1460 4947 Deum
1487 4905 1766 4950 currerent
1789 4936 1802 4957 ,
1830 4905 1884 4951 ct
1911 4912 2028 4952 cum

447 4993 645 5034 nausea
667 4987 719 5033 et
743 4978 955 5034 fastidio
981 4980 1096 5035 haec
1117 4981 1421 5049 audiebant,
1444 4983 1552 5053 jam
1584 4986 1886 5042 calamitate
1912 5003 2028 5043 me-

447 5072 609 5126 liores
656 5071 919 5125 evaserint
947 5089 961 5136 ;
992 5074 1063 5124 ita
1091 5083 1147 5125 ut
1175 5073 1242 5126 ah
1271 5073 1362 5127 illo
1398 5076 1654 5131 absistere
1699 5079 1898 5142 nolint,
1933 5079 2027 5133 sed

445 5171 730 5227 maneant,
778 5162 1048 5228 serviant,
1092 5164 1465 5235 postulentque
1503 5167 1673 5222 donec
1717 5170 2031 5226 misereatur

448 5255 703 5321 ipsorum.
736 5252 849 5312 Non
882 5253 1034 5320 dixit,
1064 5255 1242 5310 Donec
1272 5258 1570 5312 mercedem
1616 5261 1833 5325 reddat,
1857 5263 2030 5318 donec

448 5345 720 5414 [mentium
754 5345 1029 5411 retribuat,
1061 5345 1175 5409 scd,
1206 5345 1378 5400 Donec
1404 5351 1712 5403 misereatur.
1739 5352 1818 5405 Tu
1851 5354 2024 5424 igitur,

505 5479 580 5587 δα)
613 5483 757 5542 Hujus
781 5479 946 5528 Psalnii
974 5482 1330 5541 expositionem
1352 5496 1448 5532 non
1472 5485 1734 5536 Gentianus
1758 5494 2024 5549 llcrvelus,

574 5538 695 5587 alius
732 5549 877 5587 vetus
915 5541 1166 5587 Intermes
1198 5555 1261 5587 ex
1297 5551 1459 5587 Gram
1493 5545 1679 5587 fecerat
1713 5563 1724 5587 τ
1763 5563 1931 5587 worn...
1961 5561 2023 5587 nn

447 5538 534 5588 sed
574 5538 695 5602 alius
732 5549 877 5589 vetus
915 5538 1166 5602 interpres
1198 5555 1261 5592 ex
1297 5551 1459 5594 Graeco
1493 5545 1679 5595 fecerat
1713 5563 1724 5596 :
1763 5538 1933 5599 verum
1961 5538 2024 5601 xta

445 5601 800 5670 paraphrastice
821 5638 834 5660 ,
858 5611 912 5652 ut
949 5615 1027 5651 vix
1050 5601 1345 5670 agnosceres
1376 5604 1500 5656 hanc
1538 5609 1756 5670 ipsamne
1789 5624 1847 5659 an
1885 5611 2024 5663 aliam

443 5663 710 5711 orationem
751 5666 1060 5733 interpretari
1088 5663 1320 5717 'volucrit.
1348 5674 1521 5718 Novam
1547 5663 1634 5718 nos
1659 5673 2021 5734 inlerpl‘t'lalto-

443 5735 557 5773 nem
578 5736 984 5776 WYIIRVIS.

3658 359 3764 415 35'!

2175 474 2206 507 o
2236 458 2413 522 homo,
2439 461 2651 516 assidue
2681 477 2956 530 permane,
2979 465 3090 519 sive
3118 467 3364 535 recipias,
3396 468 3508 523 sive
3536 487 3643 525 rion
3679 489 3763 528 ts-

2173 550 2374 617 cipias:
2405 552 2611 606 etiamsi
2649 567 2754 607 non
2790 556 3045 623 recipias,
3075 571 3143 612 ne
3171 559 3391 614 recedas
3410 602 3424 626 ,
3453 572 3506 616 et
3542 577 3764 632 prorsus

2171 642 2420 710 accipies.
2451 643 2582 698 Nam
2619 646 2664 698 si
2694 647 2988 715 principem
3009 649 3154 704 illum
3177 651 3443 707 crudelem
3474 656 3648 711 vid-me
3678 673 3764 712 as-

2172 731 2396 786 siduitas
2425 735 2645 800 iutiexit,
2677 752 2832 804 quam
2865 739 3070 792 veniam
3101 745 3399 812 assequaris
3428 753 3508 811 tu,
3533 747 3632 816 qui
3653 757 3761 801 tam

2171 823 2278 877 cito
2320 825 2524 888 resilis,
2556 835 2770 893 torpes,
2795 837 2848 882 et
2875 829 3058 885 deﬁcis
3084 831 3102 900 (
3129 831 3257 886 Luc.
3289 835 3380 901 18)
3401 834 3424 886 2
3448 835 3564 890 Non
3612 838 3764 892 vides

2171 917 2436 982 quomodo
2464 918 2673 972 milia:
2701 934 2732 972 a
2761 924 3018 975 matronis
3046 924 3294 991 pendent,
3326 926 3452 981 dum
3483 945 3581 983 nee
3610 947 3762 986 tuen-

2173 1013 2276 1058 tem
2305 1021 2404 1061 nec
2427 1008 2637 1062 oculum
2663 1010 2768 1063 alio
2791 1013 2968 1081 vagari
2992 1015 3170 1068 sinunt
3188 1015 3214 1069 τ
3241 1016 3330 1070 Sic
3356 1028 3411 1071 tu
3440 1019 3598 1073 facito
3629 1040 3643 1076 :
3671 1037 3764 1076 se-

2170 1109 2335 1163 quere
2385 1097 2547 1151 Deum
2601 1101 2794 1164 solum,
2835 1102 3061 1170 aliisque
3116 1107 3363 1159 omnibus
3416 1109 3655 1164 dimissis
3695 1127 3761 1165 ex

2170 1201 2394 1240 numero
2422 1203 2697 1244 servorum
2728 1193 2844 1261 ejus
2869 1203 3005 1256 esto,
3037 1204 3090 1248 et
3115 1212 3462 1267 quaecumque
3489 1201 3580 1254 tibi
3609 1204 3764 1255 utilia

2171 1279 2404 1344 petieris,
2439 1280 2767 1348 impetrabis.

2239 1370 2324 1424 E3
2346 1373 2688 1426 misericordia
2729 1376 2943 1428 salutem
2973 1380 3342 1448 consequimur.
3391 1385 3464 1422 --'
3501 1383 3556 1436 5.
3599 1384 3762 1438 Mise-

2149 1476 2277 1514 rere
2300 1463 2478 1526 nostri,
2509 1462 2743 1528 Domine,
2773 1467 3009 1520 miserere
3036 1470 3217 1534 nostri,
3249 1471 3369 1540 quia
3412 1472 3633 1542 multum
3672 1492 3762 1528 re-

2167 1553 2288 1620 pleti
2318 1569 2491 1606 sumus
2517 1556 2848 1623 despectione.
2895 1558 2948 1610 4.
2995 1557 3218 1612 Multum
3257 1561 3452 1631 repleta
3479 1572 3553 1616 est
3581 1566 3762 1619 animo

2167 1654 2354 1697 nostra.
2387 1644 2574 1699 Vidisti
2624 1649 2914 1704 contritum
2959 1651 3234 1706 animum?
3283 1653 3364 1707 Ex
3388 1655 3766 1712 misericordia

2165 1738 2390 1792 salutem
2418 1739 2672 1808 consequi
2711 1752 2939 1810 rogant;
2985 1742 3092 1795 imo
3118 1759 3218 1798 nec
3251 1759 3318 1799 ex
3360 1745 3758 1812 misericordia,

2163 1829 2313 1897 quasi
2339 1844 2456 1883 eam
2495 1841 2803 1885 mereantur
2830 1850 2844 1886 :
2873 1832 2966 1885 scd
2997 1833 3118 1902 quia
3159 1848 3380 1905 magnas
3408 1835 3612 1892 dedere
3642 1854 3762 1907 pe-

2163 1934 2280 1982 nas,
2329 1929 2386 1973 ut
2428 1920 2502 1974 ait
2551 1922 2729 1976 Daniel
2762 1921 2964 1977 :Pauei
3009 1926 3132 1995 facti
3159 1942 3332 1981 sumus
3373 1944 3482 1998 pra
3519 1931 3761 1986 omnibus

2161 2011 2388 2080 gentibus
2424 2027 2536 2081 qua
2575 2023 2693 2066 sunt
2733 2031 2884 2084 super
2925 2017 3142 2069 terram'
3183 2016 3343 2083 (Dan.
3383 2019 3438 2074 5.
3467 2020 3558 2090 57)
3614 2041 3626 2074 :
3679 2023 3732 2076 id
3746 2053 3763 2065 -

2162 2102 2334 2170 ipsum
2364 2103 2439 2157 illi
2477 2103 2661 2158 dicunt
2695 2106 2746 2159 in
2793 2109 3097 2175 precatione
3130 2123 3248 2162 sua.
3279 2109 3585 2165 Extremam
3613 2116 3760 2182 passi

2161 2209 2345 2250 sumus
2383 2197 2678 2264 miseriam,
2705 2201 2870 2268 patria
2902 2211 2956 2255 et
2983 2201 3234 2260 libertate.
3264 2203 3598 2260 excidimus:
3633 2207 3765 2262 bar-

2160 2285 2414 2342 barorum
2457 2289 2620 2354 servi,
2658 2289 2710 2343 in
2757 2292 3058 2360 opprobriis
3103 2292 3194 2348 diu
3239 2309 3535 2361 versamur,
3590 2297 3762 2365 fame,

2161 2377 2336 2432 inedia
2372 2388 2426 2434 et
2453 2380 2542 2433 siti
2577 2383 2879 2452 consumpti
2911 2399 2923 2434 :
2953 2370 3224 2452 consputi,
3260 2388 3559 2442 conculca-ti
3589 2403 3760 2444 omne

2161 2478 2368 2539 tempus
2413 2474 2806 2541 transegimus:
2839 2473 2960 2529 ideo
2988 2490 3148 2543 parce
3182 2484 3236 2531 et
3278 2479 3537 2535 miserere
3573 2481 3756 2538 nobis.

2158 2560 2291 2627 Quid
2317 2571 2493 2617 autem
2511 2564 2612 2618 sibi
2633 2565 2763 2629 vult,
2793 2565 3014 2620 Multum
3037 2569 3228 2638 repleto
3248 2581 3319 2623 est
3338 2572 3510 2624 animo
3534 2584 3710 2627 nostra
3729 2578 3761 2629 .’

2157 2651 2297 2722 Ipsa,
2334 2653 2524 2723 inquit,
2570 2657 2746 2711 anima
2781 2669 2959 2711 nostra
3001 2660 3171 2713 soluta
3201 2670 3302 2726 est,
3334 2661 3599 2718 labefacta
3634 2681 3756 2720 ma-

2156 2745 2430 2813 gnitudine
2459 2746 2740 2800 malorum.
2791 2748 2979 2803 Multos
3008 2750 3190 2805 videre
3218 2760 3301 2805 est
3320 2752 3408 2820 qui
3437 2753 3555 2808 dire
3577 2758 3756 2810 vexati

2159 2832 2367 2889 fortiter
2407 2837 2600 2890 ferunt.
2651 2839 2721 2891 At
2764 2853 2881 2904 nos,
2929 2839 3194 2908 inquiunt,
3241 2842 3342 2896 hoc
3372 2844 3752 2912 perdidimus:

2156 2941 2296 2995 tegre
2327 2927 2544 2979 ferimus
2589 2926 2790 2990 afﬂicti,
2821 2928 3132 2998 frangimur.
3179 2932 3312 2997 Quia
3349 2935 3492 2987 enim
3525 2936 3753 2990 honori-

2155 3014 2252 3069 bus
2282 3033 2384 3070 non
2414 3025 2472 3070 ut
2510 3032 2604 3085 par
2632 3028 2747 3072 erat
2775 3019 2854 3072 usi
2886 3019 3115 3086 fuerant,
3139 3025 3422 3079 contrariis
3460 3040 3555 3080 eos
3585 3027 3752 3083 rebus

2153 3109 2378 3177 castigat
2421 3110 2582 3175 Deus,
2615 3109 2756 3179 quod
2800 3111 2994 3180 ubique
3039 3112 3320 3168 facientem
3368 3115 3516 3169 illum
3564 3117 3750 3174 videre

2157 3211 2456 3265 possumus.
2491 3198 2580 3253 Sic
2614 3208 2670 3254 ct
2696 3198 2959 3254 Adamum
2989 3202 3112 3271 quia
3141 3205 3368 3272 paradisi
3417 3205 3751 3263 habitatione

2153 3307 2260 3344 non
2292 3302 2436 3346 recte
2480 3307 2608 3346 ttsus
2650 3303 2784 3358 erat,
2815 3293 3075 3362 ejectiooe
3120 3300 3380 3365 correxit,
3427 3312 3480 3355 et
3523 3317 3747 3357 uxorein

2150 3397 2268 3450 quae
2294 3398 2357 3436 ex
2390 3382 2609 3438 honoris
2633 3384 2933 3453 mqualitate
2959 3386 3108 3455 pejor
3123 3401 3382 3454 evaserat,
3410 3394 3668 3448 servitute
3690 3405 3748 3449 ct

2149 3475 2479 3543 subjectione
2514 3476 2788 3531 meliorem
2819 3475 2963 3530 fecit.
2991 3477 3139 3548 ipsos
3170 3497 3383 3550 quoque
3406 3481 3644 3549 Judmos,
3674 3486 3746 3539 liv

2137 3565 2354 3619 'bertate
2392 3574 2447 3620 et
2471 3565 2717 3619 diuturna
2740 3567 2884 3621 domi
2906 3571 3191 3626 securitate
3222 3573 3273 3625 in
3304 3573 3454 3641 pejus
3478 3585 3744 3644 mutatos,

2147 3655 2396 3721 etfrenes,
2420 3665 2474 3710 et
2493 3656 2798 3723 dissolutos,
2826 3674 2920 3727 per
2940 3662 3205 3715 contraria
3227 3665 3464 3734 corrigit.
3492 3665 3554 3719 lli
3580 3682 3750 3735 porro

2149 3745 2565 3800 misericordiam
2588 3749 2843 3818 consequi
2863 3759 3133 3819 rogantes,
3162 3752 3329 3806 Deum
3353 3755 3431 3808 sic
3455 3755 3745 3826 alloquun-

2149 3845 2232 3889 tur
2261 3855 2275 3891 :
2301 3836 2519 3890 Multum
2565 3839 2758 3908 repleta
2799 3852 2874 3894 est
2919 3843 3091 3895 anima
3137 3853 3330 3898 nostra.
3382 3845 3739 3916 Opprobrium

2145 3928 2536 3993 abundantibus,
2569 3939 2613 3983 et
2644 3931 2895 4000 despectis
2939 3935 3189 4004 superbis.
3220 3935 3395 4004 Alius,
3442 3937 3624 3995 Multis
3649 3959 3742 3996 so-

2146 4021 2268 4072 tiata
2310 4031 2383 4074 est
2412 4022 2584 4074 animo
2619 4032 2812 4088 nostra,
2844 4023 3225 4094 obloquentibus
3249 4029 3646 4098 abundantibus,
3688 4044 3740 4087 et

2143 4111 2528 4180 despicientibus
2551 4113 2798 4180 superbis.
2829 4113 3000 4181 Alius,
3036 4115 3445 4173 Subsannatione
3467 4136 3741 4193 arrogan-

2144 4202 2286 4254 tium.
2319 4196 2858 4271 Alius,,Despectione
2880 4219 3054 4257 eorum
3090 4207 3178 4275 qui
3216 4207 3361 4262 bonis
3389 4210 3622 4281 aﬂuant.
3654 4214 3736 4270 'Hi

2145 4295 2302 4366 igitur
2347 4295 2523 4350 eidem
2575 4297 2782 4352 haerent
2823 4300 3127 4354 sententiae.
3167 4301 3535 4373 Calatiiitatem
3588 4310 3735 4364 enim

2141 4389 2420 4458 deplorant
2447 4405 2568 4444 cum
2595 4389 2778 4444 dicunt
2801 4408 2815 4446 :
2847 4391 3049 4446 Satiata
3079 4403 3152 4447 est
3180 4396 3353 4448 animo
3379 4407 3552 4452 nostra
3589 4417 3736 4469 sper-

2139 4482 2368 4535 nentibus
2389 4499 2409 4547 ;
2447 4481 2792 4553 Septuaginta
2833 4499 2959 4539 vero
2987 4487 3131 4540 aliud
3175 4488 3402 4543 dicunt:
3433 4490 3738 4550 Transeant

2139 4571 2254 4626 haec
2291 4572 2357 4626 ad
2379 4572 2523 4638 illos,
2556 4582 2610 4627 et
2635 4574 2822 4629 iisdem
2854 4575 2953 4644 ipsi
2982 4577 3244 4645 fruanlur,
3294 4594 3412 4650 quze
3439 4580 3561 4635 aliis
3591 4583 3734 4638 fece-

2137 4670 2279 4727 runt,
2330 4676 2624 4733 eorumque
2670 4665 2837 4719 fastus
2879 4675 2934 4719 et
2975 4675 3151 4722 tumor
3189 4668 3538 4739 deprimatur.
3577 4672 3737 4741 Quod

2139 4767 2280 4823 sirpe
2310 4756 2558 4810 evenisse
2574 4757 2850 4812 videamus
2878 4775 2891 4810 :
2918 4774 3039 4813 nam
3070 4761 3122 4814 id
3151 4761 3460 4830 frequenter
3484 4765 3626 4821 solet
3645 4765 3731 4821 fa-

2135 4840 2256 4900 cere
2282 4848 2438 4913 Deus,
2472 4863 2665 4917 nempe
2694 4848 2833 4902 altos
2860 4851 3080 4919 spiritus
3098 4863 3433 4910 assumeutes
3453 4856 3731 4926 deprimit,

2135 4948 2188 4992 et
2219 4937 2430 4992 inﬂatos
2460 4939 2722 5001 humiliat,
2754 4950 2812 4993 ut
2851 4955 2947 4995 eos
2977 4940 3207 4997 invertat
3252 4959 3281 4997 a
3310 4945 3391 4998 via
3433 4947 3499 5001 ad
3545 4952 3730 5018 perni-

2135 5029 2268 5084 ciem
2299 5029 2521 5084 ferente.
2554 5029 2695 5103 Nihil
2720 5031 2862 5085 enim
2892 5033 3144 5101 superbia
3183 5035 3351 5104 pejus.
3392 5037 3516 5092 ldeo
3554 5051 3730 5095 tenta-

2136 5122 2306 5176 tiones
2334 5131 2389 5175 et
2414 5137 2687 5183 terumnac,
2716 5136 2911 5192 corpus
2940 5124 3190 5187 mortale,
3233 5137 3286 5180 et
3313 5128 3491 5182 multa:
3537 5145 3727 5201 supcr-

2133 5213 2406 5266 venientes
2434 5211 2766 5266 calamitates
2793 5229 2809 5268 :
2843 5213 2963 5267 ideo
2989 5215 3333 5283 aegritudines
3357 5226 3413 5271 et
3431 5220 3602 5275 morbi
3628 5239 3643 5286 ;
3674 5233 3731 5278 ut

2134 5304 2408 5360 innumera
2439 5303 2586 5358 frena
2609 5304 2966 5360 adhibeantur
2986 5309 3174 5362 animm
3205 5309 3532 5378 superbieuti
3561 5323 3615 5368 et
3641 5325 3719 5368 tu-

2134 5415 2282 5454 more
2336 5397 2552 5451 inﬂata}.
2607 5397 2683 5451 Nc
2738 5399 2916 5468 itaque
2962 5401 3212 5466 turhcris,
3257 5404 3471 5470 dilecte,
3513 5423 3634 5460 cum
3674 5410 3726 5463 in

2194 5555 2222 5621 '_
2246 5553 2317 5603 sic
2335 5551 2519 5621 legitur
2542 5552 2592 5621 in
2615 5551 2920 5621 Savilio,_sed
2941 5552 3057 5615 quia
3077 5555 3480 5621 magnosdederc
3518 5572 3682 5620 ναιηω
3709 5601 3721 5612 .

2129 5615 2298 5664 eadem
2322 5613 2421 5674 fere
2443 5613 2664 5690 dicebmtt
2688 5615 2828 5690 pueri
2860 5615 2918 5690 in
2946 5613 3140 5690 assyrio
3158 5613 3338 5678 captiti
3355 5654 3387 5690 ,_
3403 5637 3426 5664 ι
3444 5613 3583 5690 mitra
3609 5622 3724 5690 [arti

2132 5690 2310 5787 muniis.
2334 5687 2476 5737 etc.,s
2499 5678 2783 5739 quibusdam
2805 5678 3144 5739 praetermissis
3160 5693 3270 5742 qua:
3289 5683 3438 5744 probe
3459 5681 3518 5729 ad
3540 5678 3722 5733 seriem

2131 5751 2238 5802 quat
2282 5748 2380 5788 aut.
