4086 6466
305 493 421 553 835

300 604 605 666 tentatlone
628 603 893 669 versaris;
940 598 1036 658 sed
1068 597 1344 671 propheta:
1385 595 1705 653 recordatus
1728 592 1917 650 dicen-

302 699 394 767 tis,
426 698 626 753 Bonum
650 697 776 752 mihi
810 696 931 765 quia
957 692 1241 748 huntiliasti
1275 706 1374 754 me,
1406 697 1460 744 ut
1499 690 1695 743 discam
1711 686 1914 760 justiﬁ—

299 793 528 849 cationes
549 803 671 847 tuas
694 788 876 861 (Psal.
912 787 1038 844 118.
1069 784 1184 852 7i),
1211 784 1573 841 calamitatem
1618 796 1714 851 pro
1740 795 1918 835 reme-

296 885 394 942 dio
420 885 626 952 accipe,
665 891 721 936 et
746 881 1044 936 tentatione
1074 887 1133 932 ut
1164 893 1261 947 par
1289 886 1373 931 est
1400 886 1573 941 utere,
1602 874 1917 947 poterisque

299 972 802 1045 majorcmasseqnl
834 968 1282 1039 tranquillitatem
1309 985 1323 1021 :
1354 982 1459 1039 qua
1492 968 1695 1041 utinam
1723 980 1917 1020 omnes

293 1064 450 1136 digni
482 1062 803 1130 babeamur,
829 1062 999 1133 gratia
1041 1068 1100 1116 et
1141 1060 1477 1115 humanitate
1505 1058 1716 1113 Domini
1745 1058 1915 1113 nostri

303 1158 431 1212 Jesu
459 1157 679 1218 Christi.
707 1156 791 1211 cui
814 1154 985 1226 gloria
1015 1162 1072 1210 et
1099 1153 1385 1224 imperium
1416 1152 1468 1207 iu
1509 1152 1711 1207 saecula
1742 1167 1916 1207 stecu-

304 1249 504 1303 lurutn.
534 1251 723 1301 Amen.

749 1362 819 1419 IN
858 1361 1182 1419 I’SALMUM
1221 1361 1462 1417 CXXIII.

574 1476 626 1530 I.
673 1475 792 1530 Nisi
816 1477 935 1547 quia
965 1474 1219 1531 Dominus
1254 1487 1363 1530 erat
1387 1475 1442 1529 in
1471 1473 1633 1530 nobis.

374 1614 428 1672 I.
470 1612 796 1680 Captioitatis
817 1612 949 1667 bono
974 1610 1151 1669 λιιάωὶ
1189 1613 1411 1667 riturum
1437 1611 1810 1668 idololatriam.
1841 1640 1916 1652 -—

300 1706 459 1775 Quod
484 1721 630 1776 sape
658 1706 793 1775 dixi,
829 1704 931 1760 hoc
958 1721 1171 1776 quoque
1206 1721 1351 1760 nunc
1375 1706 1520 1773 dico,
1554 1720 1655 1760 nec
1685 1703 1914 1761 cessabo

302 1802 503 1863 dicere.
537 1815 790 1870 magnum
816 1814 939 1854 esse
976 1797 1205 1853 fructum
1238 1797 1581 1868 captivitatis,
1608 1807 1663 1853 et
1691 1798 1759 1853 ad
1787 1797 1914 1868 phi-

297 1893 605 1964 losophiam
636 1893 916 1948 deducere
956 1905 1112 1962 posse
1157 1905 1254 1947 eos
1297 1892 1387 1962 qui
1434 1890 1742 1946 attendunt.
1776 1892 1915 1946 Ecce

299 1986 443 2042 cnim
470 1990 560 2057 qui
597 1985 664 2040 ad
706 1984 991 2039 simulacra
1040 1983 1349 2049 currebant,
1382 1983 1551 2038 Deum
1582 1992 1899 2039 contemne-

300 2077 452 2144 bant,
483 2085 538 2132 et
567 2079 619 2133 in
652 2076 982 2146 impietatem
1010 2076 1363 2146 impcgerant.
1396 2075 1521 2146 quid
1554 2076 1742 2132 dicunt
1768 2093 1911 2133 nunc

299 2180 422 2240 post
440 2169 850 2239 captivitatem?
873 2177 930 2224 et
954 2169 1226 2239 quomodo
1252 2168 1483 2226 salutem
1502 2185 1659 2226 suam
1687 2172 1799 2226 Deo
1819 2174 1914 2227 ad-

298 2265 574 2321 scribunt?
621 2263 929 2333 Quinetiam
978 2265 1274 2334 propheta,
1330 2275 1599 2335 tamquam
1647 2264 1914 2337 choragus

299 2357 557 2426 optimus.
590 2355 782 2412 eadem
828 2356 949 2412 illos
972 2355 1127 2426 jubet
1168 2354 1480 2428 frequenter
1518 2355 1719 2413 dicere.
1752 2356 1911 2413 Post-

301 2462 462 2516 quam
492 2462 624 2517 ergo
657 2447 864 2516 primus
895 2446 1049 2513 dixit,
1100 2447 1207 2502 illis
1233 2462 1447 2518 quoque
1477 2449 1739 2517 prmcipit,
1773 2458 1912 2504 tam-

298 2554 459 2609 quam
513 2530 774 2610 magister
822 2539 1142 2609 discipulis,
1201 2548 1260 2596 ut
1312 2540 1536 2595 dicant:
1571 2540 1726 2596 Dicat
1778 2558 1914 2596 nunc

299 2632 491 2694 Israel.
524 2632 647 2687 Nisi
676 2634 799 2705 quia
825 2633 1078 2688 Dominus
1101 2646 1215 2690 erat
1241 2638 1295 2689 in
1334 2636 1501 2700 nobis,
1527 2653 1643 2690 cum
1672 2653 1916 2708 exsurge-

300 2734 409 2778 rent
437 2724 668 2778 homines
695 2724 749 2777 in
778 2741 890 2787 nos,
924 2724 1056 2794 forte
1077 2726 1214 2780 viros
1241 2725 1576 2797 deglutissent
1604 2743 1718 2781 nos.
1748 2728 1915 2783 Erant

300 2815 446 2870 enim
471 2815 727 2881 inermes,
760 2815 910 2881 nudi,
935 2818 1153 2887 captivi,
1186 2826 1240 2870 et
1264 2817 1425 2883 servi,
1453 2826 1511 2872 et
1536 2832 1709 2889 nuper
1731 2833 1765 2873 a
1795 2835 1913 2873 ma-

306 2910 376 2964 lis
406 2908 642 2975 liberati,
680 2910 978 2981 urbemque
1008 2912 1278 2965 habebant
1324 2927 1428 2967 non
1461 2912 1631 2966 muris
1656 2917 1912 2979 cinctam,

303 3001 415 3056 imo
444 3017 574 3057 vero
614 2995 685 3057 ne
725 3000 913 3057 urbem
946 3003 1187 3073 quidem,
1232 3013 1288 3057 et
1318 3012 1461 3089 post
1501 3004 1734 3058 reditum
1760 3016 1917 3059 erant

301 3092 485 3162 praeda
509 3094 771 3149 oumihus
812 3103 994 3164 parata
1021 3111 1035 3157 ;
1068 3093 1163 3149 sed
1206 3093 1306 3149 fttit
1353 3097 1436 3150 eis
1464 3096 1607 3151 Deus
1632 3112 1730 3166 pro
1762 3112 1917 3150 muro

302 3192 359 3239 et
386 3198 533 3239 arce.
579 3184 693 3239 lloc
719 3174 920 3254 ipsum
944 3200 1042 3241 nos
1068 3202 1284 3256 quoque
1314 3203 1457 3243 nunc
1482 3188 1726 3243 dicamus
1752 3205 1764 3241 :
1800 3186 1917 3241 Nisi

300 3276 423 3338 quia
450 3273 703 3331 Dominus
732 3286 839 3330 erat
864 3275 922 3329 in
948 3277 1114 3343 nobis,
1142 3277 1274 3345 [orte
1292 3278 1429 3331 vivos
1449 3277 1783 3347 deglutissent
1801 3294 1911 3331 nos.

302 3368 441 3437 Quid
470 3370 615 3423 enim
648 3383 755 3423 non
780 3367 995 3424 iecisset
1022 3378 1207 3424 noster
1236 3370 1486 3425 inimicus
1512 3371 1780 3438 diabolus,
1813 3370 1916 3425 nisi

305 3462 570 3517 ltotninus
601 3461 789 3517 luisset
832 3462 883 3515 in
929 3462 1124 3517 nobis?
1166 3462 1462 3532 Audi.un
1500 3460 1750 3517 Christus
1774 3461 1921 3517 dicat

304 3554 513 3609 Simoni
545 3573 559 3609 :
592 3553 799 3621 Simon,
846 3553 1050 3622 Simon,
1080 3556 1273 3625 quoties
1305 3557 1448 3625 petiit
1476 3565 1524 3608 te
1565 3565 1774 3609 satanas
1813 3556 1916 3609 cri-

304 3646 454 3700 brare
478 3648 612 3701 sicut
639 3648 861 3701 triticum
890 3664 909 3702 :
940 3657 985 3701 et
1010 3664 1101 3719 ego
1138 3650 1280 3701 oravi
1308 3665 1402 3718 pro
1427 3657 1494 3711 te.
1527 3666 1594 3705 ne
1618 3650 1824 3718 deﬁciat
1849 3650 1917 3718 ﬁ-

304 3741 391 3793 des
417 3750 507 3792 tua
537 3738 693 3807 (Luc.
724 3739 816 3807 22.
862 3740 997 3811 3i)?
1041 3740 1138 3795 Est.
1177 3742 1322 3795 enim
1366 3742 1607 3811 improba
1639 3740 1814 3796 bellua
1864 3750 1921 3796 et

306 3832 648 3895 insatiabilis,
679 3842 733 3886 et
762 3833 864 3887 nisi
896 3832 1113 3887 assidue
1141 3832 1527 3899 refrenaretur,
1562 3834 1921 3889 subvertisset

303 3936 354 3976 et
388 3924 729 3979 contudisset
756 3925 955 3978 omnia.
1010 3923 1065 3980 Si
1110 3926 1254 3979 enim
1297 3940 1418 3980 cum
1454 3926 1506 3980 in
1559 3926 1773 3982 beatum
1817 3927 1921 3983 Job

306 4017 561 4085 pusillum
594 4017 717 4085 quid
749 4019 797 4071 ei
822 4016 924 4071 fuit
952 4018 1298 4087 permissum,
1328 4018 1445 4086 ejus
1473 4016 1693 4073 domum
1727 4021 1921 4075 evertit

305 4107 565 4169 lnmlitns.
599 4108 721 4177 ejus
751 4123 949 4179 corpus
981 4108 1340 4174 labefactavit,
1368 4118 1570 4164 tantam
1601 4112 1918 4182 tragoediam

304 4200 584 4265 excitavit,
610 4199 888 4256 facultates
909 4201 1170 4269 corrupit,
1199 4200 1337 4255 filios
1364 4201 1566 4267 obruit,
1596 4211 1653 4255 ut
1682 4218 1713 4257 e
1752 4218 1920 4258 carne

304 4309 521 4350 vermes
547 4296 876 4349 scaturirent
904 4294 1103 4360 ellecit,
1138 4309 1361 4357 uxorem
1394 4294 1445 4348 in
1492 4311 1614 4350 eum
1658 4297 1918 4361 incitavit,

303 4386 533 4451 amicos,
581 4385 849 4451 inimicos,
894 4384 1144 4451 famulos,
1197 4395 1257 4441 ut
1290 4386 1499 4454 probris
1529 4402 1652 4440 eum
1687 4387 1923 4442 insccta-

307 4491 519 4543 rentur,
546 4478 755 4533 induxit
784 4478 867 4531 :si
899 4493 1005 4531 non
1034 4478 1521 4533 innumerabilibus
1545 4478 1711 4533 frenis
1743 4490 1917 4534 retar-

303 4573 548 4633 daretur,
577 4570 850 4640 quomodo
879 4585 983 4624 non
1014 4586 1203 4626 attines
1234 4572 1518 4638 perderet?
1543 4571 1805 4638 Quocirca
1835 4572 1922 4628 hic

303 4679 523 4733 quoque
550 4662 682 4717 dicit
707 4680 720 4714 :
752 4660 875 4717 Nisi
907 4665 1031 4735 quia
1061 4663 1313 4718 Dominus
1340 4674 1448 4717 erat
1469 4664 1521 4717 in
1550 4665 1713 4719 nobis.
1758 4666 1924 4720 Erant

305 4756 450 4810 enim
480 4754 775 4811 admodum
801 4757 956 4827 pauci
1007 4766 1061 4812 et
1107 4762 1429 4827 contempti,
1461 4767 1516 4812 et
1544 4774 1640 4813 eos
1671 4775 1923 4814 reversos

306 4847 459 4901 multi
489 4848 901 4903 adoriebantur.

384 4937 761 5004 Prosperorum
782 4949 829 4992 et
857 4939 1186 4993 adversorum
1214 4941 1568 4996 alternationis
1594 4942 1823 5009 utilitas;
1845 4945 1924 4998 ira

306 5030 522 5082 rationis
548 5046 762 5099 apers;
791 5030 1195 5098 perturbationes
1224 5034 1385 5087 animi
1415 5045 1469 5088 ut
1493 5040 1671 5089 sanari
1702 5038 1921 5105 possint.

307 5149 379 5161 -—
399 5108 574 5176 Porro
603 5122 657 5176 in
708 5121 809 5177 hoc
836 5137 1053 5193 quoque
1082 5126 1472 5181 ostendebatur
1500 5127 1593 5182 Dei
1633 5130 1922 5199 sapientia,

309 5212 449 5281 quod
482 5228 594 5267 non
626 5223 847 5285 repente
872 5226 927 5270 et
955 5232 1061 5271 uno
1085 5217 1246 5272 simul
1274 5227 1521 5288 tempore
1549 5220 1703 5275 daret
1729 5224 1810 5277 eis
1839 5237 1925 5277 sc-

308 5307 616 5365 curitatcm.
643 5307 736 5361 sed
765 5310 966 5362 sensim
994 5324 1057 5364 ac
1080 5311 1356 5380 paulatim.
1396 5313 1511 5369 Hoc
1537 5327 1717 5371 autem
1757 5318 1924 5373 iacie-

307 5398 400 5453 but
426 5414 523 5455 eos
543 5413 875 5454 erranserrans
908 5402 958 5455 in
986 5401 1081 5457 Dei
1110 5405 1444 5474 cognitione,
1477 5416 1531 5462 ct
1558 5424 1677 5463 eam
1710 5427 1829 5479 qum.
1856 5426 1922 5465 ex

307 5491 627 5561 captivitate
666 5504 782 5547 orta
808 5505 948 5561 erat,
989 5498 1388 5553 correctionem
1433 5515 1540 5555 non
1572 5502 1758 5556 sinens
1788 5520 1925 5573 prte-

311 5586 585 5641 terlluere.
620 5587 754 5656 Quia
786 5591 931 5644 enim
974 5591 1221 5647 liberatio
1246 5608 1277 5646 a
1313 5594 1469 5647 malis
1512 5596 1651 5649 solet
1679 5595 1924 5652 homines

309 5679 527 5734 efﬁcere
572 5681 937 5750 socordiores,
972 5684 1024 5737 in
1071 5684 1184 5754 ipsa
1228 5685 1391 5739 etiam
1422 5686 1720 5742 donatione
1754 5690 1925 5743 hono-

311 5789 430 5828 rum
465 5775 749 5843 permittit,
790 5787 847 5830 ut
878 5776 977 5847 ipsi
1016 5777 1233 5832 assidue
1272 5786 1575 5840 tententur.
1607 5790 1665 5833 ut
1709 5783 1819 5835 sint
1843 5784 1923 5836 eis

315 5869 646 5925 tentationes
700 5882 1017 5939 perpetuum
1064 5870 1418 5940 philOSOphite
1469 5871 1809 5928 exercitium.
1853 5871 1925 5929 Et

314 5965 438 6023 idco
478 5980 579 6020 nec
617 5966 863 6019 homines
907 5979 1125 6035 semper
1149 5963 1367 6019 dimittit
1398 5964 1449 6019 in
1501 5964 1917 6034 calamitatibus,

1363 471 1732 535 EXPOSITIO
1769 469 1837 530 IN
1877 466 2208 528 PSALIIUM
2247 466 2484 532 CXXIII.

3544 480 3654 541 356

2028 598 2098 639 ne
2119 578 2373 644 deficiant
2398 609 2409 644 :
2439 604 2540 645 nec
2569 586 2621 644 in
2649 588 2830 662 quiete
2857 598 2913 647 et
2939 605 3120 648 rerum
3165 590 3550 663 prosperitate,
3576 608 3646 647 ne

2027 678 2160 736 ﬁant
2199 681 2586 739 socordiores:
2619 683 2717 739 sed
2759 683 3223 742 vicissitudinibus
3265 700 3455 742 eorum
3503 685 3650 741 salu.

2029 781 2138 829 tem
2176 775 2366 831 variat.
2407 774 2563 832 Forte
2603 777 2741 834 riuos
2768 777 3101 850 deglutissent
3132 794 3247 834 nos.
3300 777 3465 835 Vides
3508 794 3650 851 quo-

2027 867 2191 923 modo
2220 869 2478 936 ostendit,
2505 884 2668 939 quam
2703 870 2811 925 sint
2838 870 3127 937 immanes,
3150 871 3240 941 qui
3263 885 3324 926 se
3355 869 3652 925 invadunt?

2025 958 2162 1016 Sunt
2204 961 2349 1016 enim
2393 961 2640 1020 homines
2688 964 2779 1033 qui
2829 963 2913 1019 vel
2964 963 3206 1020 feramur
3234 964 3649 1020 immanitatem

2025 1053 2336 1119 ostendunt,
2375 1054 2484 1110 imo
2514 1056 2685 1125 magis
2710 1071 2871 1126 quam
2903 1055 3011 1113 illa:
3037 1057 3271 1113 szeviunt
3296 1057 3350 1113 in
3377 1070 3651 1129 congene-

2025 1159 2135 1199 res.
2166 1142 2303 1200 Fera
2332 1146 2478 1200 enim
2524 1161 2647 1200 cum
2682 1148 2850 1202 semel
2878 1147 3163 1216 invaserit,
3200 1148 3269 1204 ab
3301 1149 3379 1204 ira
3406 1148 3641 1215 desistit,

2024 1245 2081 1291 et
2111 1237 2340 1304 recedit,
2369 1248 2461 1292 aut
2483 1239 2699 1309 repulsa
2732 1254 2840 1294 non
2870 1240 3104 1310 amplius
3126 1241 3333 1298 invadit
3359 1259 3373 1296 :
3397 1240 3650 1300 homines

2024 1336 2204 1384 autem
2236 1343 2358 1384 cum
2406 1345 2493 1384 res
2522 1332 2751 1386 cesserit
2793 1331 2953 1386 aliter
2983 1348 3143 1402 quam
3189 1333 3472 1403 putabant,
3501 1348 3651 1404 saepe

2025 1418 2285 1473 invadunt
2307 1420 2389 1475 vel
2416 1420 2560 1490 ipsas
2580 1436 2773 1483 carnes
2793 1431 3014 1493 gustare
3035 1426 3335 1493 cupientes.
3366 1424 3647 1495 Ejusmodi

2024 1525 2114 1565 res
2153 1520 2238 1565 est
2280 1511 2378 1576 ira,
2430 1514 2655 1583 rationis
2702 1529 2938 1589 expers;
2981 1515 3117 1570 adio
3145 1515 3320 1572 fervet
3367 1525 3425 1573 et
3459 1518 3652 1574 ebullit

2024 1603 2143 1659 lucc
2180 1606 2346 1661 animi
2379 1607 2735 1676 perturbatio.
2781 1608 3067 1675 Quomodo
3112 1625 3241 1680 ergo
3282 1609 3400 1665 lucc
3440 1611 3647 1666 exstin-

2021 1708 2217 1769 guetur
2235 1697 2531 1770 agritudo?
2559 1699 2619 1756 Si
2647 1715 2735 1755 res
2766 1709 2979 1755 nostras
3020 1701 3203 1755 animo
3233 1711 3569 1772 reputemus,
3598 1705 3646 1759 si

2022 1796 2257 1855 mortem
2288 1792 2721 1861 consideremus,
2755 1802 2808 1849 et
2839 1808 2936 1849 eos
2965 1775 3055 1863 qui
3083 1796 3326 1865 quotidie
3356 1797 3642 1862 recedunt,

2022 1884 2068 1938 si
2095 1893 2339 1939 naturam
2372 1892 2616 1939 nostram
2651 1884 3110 1955 contemplemur,
3159 1886 3302 1957 quod
3334 1888 3543 1943 scilicet
3568 1891 3646 1943 si-

2022 1992 2143 2031 mus
2174 1984 2314 2031 terra
2342 1984 2399 2033 et
2425 1977 2584 2034 cinis.
2615 1976 2673 2034 Si
2698 1987 2878 2034 autem
2906 1978 3063 2034 faciei
3092 1979 3435 2048 pulchritudo
3461 1982 3646 2038 animo

2023 2079 2114 2125 tuo
2144 2068 2323 2125 adhuc
2349 2069 2596 2141 imponit,
2622 2071 2759 2127 vade
2782 2072 2850 2127 ad
2876 2080 3226 2129 monumenta
3254 2085 3310 2129 et
3338 2075 3525 2131 thecas
3546 2091 3644 2147 pa-

2021 2171 2236 2218 rentum
2286 2171 2525 2229 tuorum,
2569 2179 2634 2219 ac
2661 2164 2785 2220 vide
2813 2165 3091 2235 quomodo
3132 2176 3259 2220 sunt
3287 2168 3470 2237 positi,
3504 2178 3558 2223 et
3589 2169 3641 2225 in

1992 2258 2299 2340 pulverem
2330 2272 2394 2313 ac
2436 2265 2650 2315 terram.
2674 2257 2920 2324 resoluti,
2952 2274 3314 2331 magnamque
3348 2276 3413 2317 ex
3455 2278 3523 2318 eo
3546 2277 3643 2319 ca-

2023 2350 2138 2419 pies
2167 2350 2534 2417 occasionem,
2561 2359 2617 2404 ut
2646 2359 2697 2405 te
2724 2350 2901 2420 ipsmn
2937 2354 3225 2422 rcprimas.
3256 2353 3334 2408 Ne
3360 2354 3490 2410 dicti
3522 2372 3645 2426 gra-

2020 2443 2240 2498 vitatem
2262 2443 2559 2514 improbos.
2589 2442 3058 2512 Quemadmodum
3086 2446 3230 2499 enim
3262 2446 3351 2514 qui
3385 2445 3534 2501 febre
3561 2447 3643 2501 la-

2024 2534 2235 2595 borant,
2258 2543 2545 2605 postquam
2575 2552 2607 2592 a
2630 2536 2823 2590 morbo
2857 2535 3066 2591 liberati
3100 2535 3319 2599 fuerint,
3352 2554 3487 2607 puro
3514 2554 3645 2593 aere

2022 2627 2301 2698 indigent:
2332 2629 2406 2683 ita
2436 2630 2601 2684 etiam
2634 2643 2771 2698 quos
2790 2629 2957 2683 animi
2987 2631 3427 2699 perturbationes
3456 2632 3524 2685 ad
3557 2633 3645 2686 in-

2018 2719 2228 2772 saniam
2256 2720 2499 2789 adigunt,
2531 2720 2574 2773 si
2608 2718 2677 2773 ad
2706 2731 3057 2775 monumenta
3104 2722 3457 2786 accesserint,
3494 2731 3639 2776 tam-

2021 2829 2182 2882 quam
2228 2814 2318 2886 qui
2366 2816 2417 2868 in
2462 2814 2725 2884 praedium
2778 2814 3199 2870 saluberrimum
3256 2817 3641 2884 pervenerint,

2021 2910 2223 2962 multas
2250 2908 2523 2977 expellent
2550 2908 2919 2978 aegritudines.
2953 2907 3168 2963 Sufficit
3194 2908 3341 2964 enim
3375 2907 3465 2963 vel
3493 2909 3645 2965 solus

2022 3016 2173 3055 urna:
2199 3014 2453 3072 aspecws
2482 3000 2549 3054 ad
2567 3017 2692 3056 eum
2721 2998 3158 3071 deprimendum,
3188 3000 3280 3071 qui
3306 2998 3464 3055 valde
3491 3014 3648 3055 arro-

2021 3107 2156 3162 gans
2184 3102 2287 3148 est.
2321 3093 2403 3148 Ab
2431 3091 2517 3147 his
2546 3092 2807 3163 deinceps
2839 3093 3149 3147 transmitte
3178 3103 3325 3146 tuam
3354 3093 3645 3164 cogitatio-

2024 3198 2149 3239 nem
2178 3183 2245 3238 ad
2275 3182 2513 3239 futurum
2547 3185 2695 3239 illum
2724 3184 2870 3238 diem
2896 3183 3220 3247 terribilem,
3250 3184 3316 3238 ad
3346 3184 3556 3239 futuras
3576 3184 3647 3239 dc

2026 3285 2078 3331 te
2102 3276 2457 3347 quaestiones,
2502 3285 2558 3331 et
2603 3274 2912 3331 reddendas
2951 3275 3217 3342 rationes,
3248 3276 3315 3330 ad
3358 3276 3643 3348 supplicia,

2024 3384 2145 3438 qua:
2183 3369 2391 3423 nullum
2424 3367 2628 3424 habent
2669 3371 2893 3422 omnino
2926 3368 3204 3434 solatium,
3245 3368 3334 3423 ubi
3382 3384 3544 3424 nemo
3594 3381 3648 3424 te

2024 3460 2316 3516 defendet:
2348 3469 2404 3516 et
2435 3460 2518 3515 his
2550 3461 2802 3516 omnibus
2834 3460 3000 3514 veluti
3032 3458 3357 3530 quibusdam
3396 3461 3650 3515 cantibus

2025 3557 2154 3612 seda
2211 3568 2328 3612 tuas
2376 3557 2542 3611 animi
2601 3556 3062 3626 perturbationes.
3110 3553 3411 3617 Considera
3464 3564 3647 3610 autem

2025 3652 2188 3704 etiam
2217 3666 2285 3705 ex
2318 3651 2630 3705 hominibus
2653 3666 2750 3706 eos
2772 3650 2861 3720 qui
2908 3650 2962 3704 in
2991 3649 3099 3704 vita
3129 3649 3385 3720 prteseuti
3412 3664 3477 3703 ex
3506 3647 3650 3703 divi-

2027 3745 2115 3799 tiis
2142 3745 2342 3799 redacti
2365 3755 2491 3800 sunt
2514 3746 2565 3798 in
2601 3755 2998 3815 paupertatem,
3029 3760 3093 3799 ex
3127 3745 3299 3814 gloria
3331 3744 3384 3798 in
3416 3743 3649 3813 ignomi-

2028 3838 2169 3893 niam
2204 3846 2297 3892 :et
2334 3838 2377 3892 si
2415 3839 2547 3892 velis
2594 3838 2777 3902 irasci,
2826 3853 2935 3892 non
2969 3840 3018 3892 ei
3062 3839 3152 3908 qui
3186 3848 3267 3891 est
3312 3835 3406 3891 tibi
3447 3851 3651 3906 genere

2027 3931 2367 4001 canjunetus,
2404 3931 2499 3985 sed
2550 3930 2693 3985 malo
2742 3930 2977 3985 dmmoni
3034 3932 3325 3985 irascere:
3357 3929 3551 3994 habes,
3596 3930 3649 3983 in

2028 4040 2186 4093 quem
2224 4026 2356 4078 iram
2387 4024 2635 4079 elTuudas
2670 4042 2683 4078 :
2720 4022 2795 4078 illi
2842 4038 3135 4094 numquam
3166 4021 3559 4087 reconcilieris,
3596 4021 3648 4075 in

2030 4116 2178 4170 illum
2220 4116 2353 4170 iram
2402 4116 2620 4171 eli‘unde
2661 4124 2717 4171 et
2764 4130 3047 4181 consume,
3092 4120 3143 4169 in
3198 4116 3347 4169 illum
3382 4114 3543 4169 tende
3574 4113 3652 4166 la-

2028 4224 2248 4279 queum,
2289 4226 2579 4279 numquam
2625 4224 2808 4263 cesses
2849 4209 3112 4263 adversus
3154 4226 3278 4263 cum
3312 4208 3512 4263 bellum
3556 4224 3652 4281 ge-

2030 4318 2172 4356 rere.
2204 4303 2258 4357 3.
2312 4300 2438 4355 Cum
2468 4304 2775 4361 irasceretur
2805 4303 2955 4373 furor
2986 4303 3201 4355 eormn‘
3248 4302 3300 4354 in
3347 4320 3462 4364 nos,
3497 4306 3653 4375 forsi-

2030 4405 2118 4447 tan
2146 4410 2283 4465 aqua
2334 4393 2675 4448 absorbuisset
2723 4410 2836 4446 nos.
2885 4395 2939 4447 4.
2997 4393 3294 4447 Torrmtem
3326 4397 3653 4462 pertransivit

2029 4492 2203 4543 anima
2271 4499 2447 4543 nostra
2496 4505 2514 4543 :
2562 4489 2778 4558 forsitan
2831 4490 3187 4556 pertransisset
3250 4490 3426 4542 anima
3476 4501 3670 4544 nostra'

2029 4601 2215 4651 aquam
2257 4582 2645 4636 intolerabilem.
2688 4582 3008 4635 Torrentem
3058 4590 3111 4634 et
3158 4595 3352 4650 aquam
3395 4580 3482 4635 hic
3522 4582 3651 4636 dicit

2032 4679 2306 4746 ingentem
2336 4677 2467 4729 iram
2508 4675 2848 4729 inimicorum
2881 4691 2895 4725 :
2926 4682 3011 4729 est
3053 4675 3197 4730 enim
3222 4690 3386 4744 aqua,
3419 4692 3540 4745 qua:
3569 4677 3651 4730 in-

2029 4768 2329 4831 composite
2356 4782 2546 4836 magna
2571 4767 2621 4820 vi
2652 4778 2707 4821 et
2730 4766 2931 4836 impetu
2962 4767 3154 4831 fertur,
3183 4782 3243 4820 ac
3272 4767 3652 4837 quodcumque

2030 4863 2078 4915 ei
2112 4861 2369 4925 occurrit,
2392 4874 2575 4914 secum
2610 4858 2793 4913 trahit.
2826 4858 2942 4912 Non
2971 4860 3145 4913 solum
3188 4869 3368 4913 autem
3400 4858 3487 4912 hic
3519 4858 3653 4914 dicit

2032 4954 2385 5023 irruptionem
2416 4953 2703 5017 malorum,
2734 4949 2830 5005 sed
2858 4952 3020 5005 etiam
3054 4951 3361 5005 transitura.

2104 5046 2158 5101 2.
2196 5047 2271 5100 l\'e
2304 5030 2549 5099 animum
2585 5059 2715 5115 ergo
2749 5044 3077 5114 abjiciamus‘
3112 5045 3329 5114 quando
3372 5060 3471 5098 nos
3513 5048 3653 5101 mala

2033 5140 2347 5195 invaserint.
2393 5139 2631 5193 Torrens
2657 5147 2740 5193 cst
2768 5138 3023 5207 quidquid
3058 5138 3273 5191 tandem
3302 5139 3405 5204 sit,
3440 5150 3521 5193 est
3551 5156 3653 5193 nu-

2032 5232 2129 5292 bes
2155 5252 2274 5307 quzc
2314 5236 2703 5304 prtetcrcurrit.
2758 5232 3029 5303 Quidquid
3062 5228 3274 5287 moles'ti
3315 5233 3516 5287 dixeris
3541 5273 3557 5299 ,
3599 5234 3653 5288 id

2034 5333 2196 5386 habet
2225 5331 2385 5384 linem
2421 5327 2717 5398 :quidquid
2764 5342 3016 5397 asperum
3059 5326 3261 5381 dixeris
3284 5368 3300 5392 ,
3353 5329 3405 5381 id
3437 5342 3655 5397 quoque

2034 5423 2198 5477 habet
2220 5423 2446 5477 exitum.
2479 5420 2533 5475 Si
2564 5421 2707 5475 enim
2740 5418 2901 5474 ﬁnem
2926 5435 3031 5473 non
3057 5418 3303 5485 haberet,
3334 5433 3524 5473 natura
3545 5436 3652 5475 non

2032 5514 2327 5570 sufficeret.
2371 5517 2441 5568 At
2480 5515 2819 5583 complures,
2849 5513 3079 5584 inquies,
3118 5526 3301 5566 secum
3335 5512 3519 5566 trahit.
3546 5512 3652 5566 Sed

2033 5610 2083 5663 id
2121 5626 2228 5663 non
2261 5609 2321 5663 fit
2346 5625 2413 5663 ex
2439 5607 2555 5678 ejus
2583 5606 2834 5663 violentia
2857 5650 2871 5674 ,
2901 5606 2997 5662 sed
3030 5617 3251 5677 propter
3278 5621 3378 5663 eos
3405 5606 3495 5676 qui
3526 5616 3652 5660 sunt

2033 5703 2209 5773 ignavi
2240 5713 2297 5759 et
2335 5702 2492 5758 facile
2535 5710 2967 5772 prosternuntur.
3018 5698 3098 5753 Ne
3139 5714 3270 5769 ergo
3297 5699 3648 5763 scducamur,

2033 5801 2128 5857 sed
2168 5798 2235 5855 ad
2263 5814 2327 5854 ea
2358 5813 2478 5869 quae
2525 5796 2709 5851 intima
2751 5803 2875 5851 sunt
2920 5794 3037 5865 ejus
3066 5791 3487 5863 perveniamus,
3536 5792 3649 5850 loca

2100 5971 2114 6000 ²
2154 5964 2317 6018 savil..
2344 5968 2480 6027 furor
2514 5960 2636 6021 ejus.
