4086 6438
485 399 590 457 3335

486 506 605 579 eius
630 505 1053 566 consideremus,
1078 511 1282 554 sacram
1304 506 1557 549 ancoram
1584 504 1709 561 appr
1720 486 2070 579 éheudamus,

486 576 544 657 ut
588 598 790 656 nullum
832 594 1098 668 patiamur
1139 582 1495 656 naufragium.
1547 580 1788 637 Torrens
1817 576 1963 633 enim
1992 584 2077 630 est

484 696 552 751 ad
582 687 793 763 tempus
819 684 1090 748 terribilis,
1129 691 1184 737 et
1212 693 1429 736 rursum
1454 682 1618 745 supra
1647 670 1865 763 modum
1890 668 2074 738 depri-

484 786 669 840 mitur.
696 758 864 853 —Aqua
887 774 1220 832 absorbuisset
1247 786 1359 826 nos.
1412 767 1565 823 Alius
1596 762 1672 837 (a)
1698 804 1713 829 ,
1764 758 1906 815 Tune
1944 763 2076 831 [orte

486 891 632 948 aqua
680 870 1055 928 inundaoissent
1103 880 1195 919 nos
1245 859 1388 934 quasi
1416 869 1621 927 torrens
1672 860 2074 948 per-transeuntes

484 946 660 1021 contra
700 964 926 1019 animam
954 969 1199 1015 nostram.
1243 953 1486 1010 Forsitan
1525 948 1875 1022 pertransisse!
1902 946 2075 1000 animo

485 1068 662 1113 nostra
686 1070 873 1128 aquam
900 1048 1285 1107 intolerabilem.
1335 1045 1488 1100 Alius
1509 1084 1525 1110 ,
1576 1041 1720 1096 Tune

484 1164 639 1220 super
666 1148 891 1202 animam
919 1151 1179 1205 nostram,
1230 1146 1487 1207 tamquam
1526 1148 1704 1198 aqum
1748 1129 1949 1201 superbi
1974 1127 2071 1201 (ὸ)ι

487 1238 678 1293 Vidisti
718 1244 973 1308 quantum
1014 1231 1084 1286 sit
1121 1229 1216 1285 Dei
1245 1224 1544 1282 auxilium?
1585 1220 1855 1293 quomodo
1892 1220 1945 1275 in
1996 1227 2077 1274 tot

486 1330 641 1385 malis
666 1343 772 1383 non
797 1325 981 1382 siverit
1007 1336 1102 1379 eos
1121 1317 1390 1389 submergi
1408 1317 1435 1372 τ
1460 1312 1586 1372 Ideo
1614 1313 1756 1369 enim
1787 1310 1915 1367 sinit
1932 1310 2073 1365 mala

484 1433 751 1487 crescere,
782 1433 890 1473 non
915 1423 975 1471 ut
1003 1428 1104 1469 nos
1132 1412 1397 1475 obruant,
1419 1402 1604 1463 sed'ut
1624 1403 1794 1475 magis
1823 1403 2075 1473 probatos

485 1516 751 1579 efﬁciant,
799 1521 854 1568 et
877 1526 987 1567 suae
1015 1507 1269 1580 potentias
1304 1505 1561 1574 majorem
1596 1501 1828 1571 praebeat
1853 1498 2076 1554 demon-

487 1604 815 1661 stratiouem.
846 1599 1117 1671 Superbos
1145 1606 1323 1652 autem
1351 1593 1441 1650 hic
1456 1592 1585 1648 dicit
1607 1590 1811 1657 hostes,
1833 1588 1924 1659 qui
1944 1600 2077 1657 quo-

486 1697 568 1751 vis
594 1702 862 1759 torrente,
894 1700 948 1747 et
969 1689 1158 1761 quavis
1185 1701 1321 1758 aqua
1354 1680 1673 1740 intolerabili
1704 1678 2077 1737 vehementius

490 1788 787 1849 irruentes,
832 1782 967 1838 nihil
994 1782 1139 1851 ipsos
1166 1779 1442 1833 laeserunt.
1489 1775 1547 1830 lu
1576 1788 1737 1829 causa
1772 1780 1857 1827 est
1896 1778 2075 1826 autem

488 1877 585 1932 Dei
630 1873 935 1945 praesidium
960 1911 978 1938 ,
1020 1870 1233 1926 caeleste
1276 1866 1571 1923 subsidium
1596 1906 1612 1929 ,
1652 1864 1906 1919 auxilium
1933 1860 2076 1932 quod

487 1964 727 2036 superari
755 1979 860 2019 non
888 1969 1081 2033 potest.
1108 1960 1179 2014 Et
1206 1958 1328 2014 ideo
1354 1973 1475 2013 eum
1496 1957 1611 2026 ipse
1634 1955 1859 2011 dixisset
1881 1951 2077 2007 libera—

488 2048 687 2113 tionem
712 2070 741 2110 a
769 2053 921 2110 malis
944 2094 959 2119 ,
989 2052 1119 2108 dicit
1137 2066 1261 2107 eum
1288 2049 1449 2105 etiam
1475 2049 1563 2119 qui
1580 2047 1839 2102 liberavit
1860 2087 1876 2112 ,
1919 2044 2078 2115 idque

487 2164 608 2204 cum
644 2160 852 2203 summa
893 2144 1009 2214 ejus
1049 2142 1225 2198 laude.
1278 2141 1333 2196 5.
1364 2138 1666 2194 Benedictus
1689 2135 1962 2201 Dominus,
1991 2135 2077 2199 qui

489 2240 611 2292 non
634 2237 773 2291 dedit
803 2252 893 2290 nos
935 2235 989 2288 in
1013 2233 1296 2305 captionem
1320 2228 1551 2286 dentibus
1574 2244 1767 2283 eorum.
1813 2226 1868 2283 6.
1892 2218 2092 2281 Anima.

491 2340 664 2385 nostra
683 2330 808 2383 sicut
839 2342 1013 2398 passer
1032 2332 1202 2396 erepta
1239 2331 1311 2377 est
1340 2322 1404 2377 de
1438 2323 1616 2392 laqueo
1644 2318 1953 2375 venantium.
1986 2317 2080 2371 Vi-

488 2422 610 2478 disti
649 2417 915 2493 quomodo
939 2434 1089 2473 suam
1130 2416 1364 2471 ostendit
1396 2413 1812 2470 imbecillitatem
1831 2453 1847 2477 ,
1878 2420 1932 2466 et
1959 2410 2081 2465 illo-

489 2528 609 2568 rum
638 2510 964 2582 potentiami
994 2510 1074 2566 Illi
1091 2510 1236 2566 enim
1266 2518 1519 2578 tanquam
1550 2505 1679 2561 ferte
1706 2514 1761 2560 et
1780 2504 1966 2559 leones
1982 2517 2080 2560 eos

490 2603 849 2665 invadebant,
881 2600 1049 2671 parati
1074 2600 1161 2654 vel
1181 2614 1369 2654 eorum
1398 2598 1542 2653 vesci
1573 2595 1856 2663 carnibus,
1884 2594 2076 2649 annali

489 2706 543 2749 et
572 2695 774 2749 viribus
796 2703 853 2750 et
880 2692 1146 2749 iracundia
1172 2707 1187 2755 ;
1233 2691 1288 2745 bi
1314 2703 1443 2745 vero
1470 2696 1623 2743 erant
1647 2687 1834 2756 quovis
1858 2700 2078 2755 passere

492 2786 885 2841 imbecilliores.
910 2782 1061 2838 Tunc
1077 2784 1218 2837 enim
1248 2782 1339 2836 Dei
1360 2779 1612 2834 miracula
1642 2778 1874 2834 maxime
1896 2785 2082 2832 esten-

488 2877 705 2942 duntur,
734 2872 951 2945 quando
971 2872 1062 2943 qui
1087 2880 1211 2926 sunt
1231 2869 1503 2935 imbecilli,
1528 2866 1784 2939 superant
1810 2869 2079 2938 potentio-

489 2983 596 3023 res.
629 2965 739 3022 Nec
759 2980 825 3020 eo
861 2965 1033 3020 solum
1070 2971 1224 3019 erant
1261 2961 1471 3017 insidia:
1499 2960 1862 3016 intolerabiles
1886 3001 1900 3025 ,
1934 2959 2075 3030 quod

489 3060 563 3114 illi
589 3059 802 3129 quidem
829 3065 1011 3112 essent
1037 3064 1282 3126 potentes
1307 3061 1364 3109 et
1385 3051 1652 3108 terribiles
1671 3092 1684 3117 ,
1719 3052 1797 3105 ira
1827 3050 1991 3121 pleni,
2025 3059 2080 3105 et

478 3153 571 3207 vel
596 3166 781 3207 eorum
822 3149 1072 3204 carnibus
1101 3146 1244 3203 vesci
1272 3145 1441 3216 parati
1471 3162 1484 3199 :
1515 3144 1570 3199 hi
1598 3154 1774 3201 autem
1804 3143 2074 3208 imbecilli,

487 3255 542 3301 et
570 3245 752 3314 pauci,
805 3243 893 3313 qui
938 3241 1089 3297 facile
1129 3239 1307 3295 invadi
1338 3247 1592 3309 possent:
1618 3238 1711 3293 sed
1744 3238 1904 3292 etiam
1932 3237 2074 3308 quod

489 3347 671 3394 essent
706 3337 759 3392 in
801 3335 992 3391 mediis
1030 3333 1183 3388 malis
1220 3331 1523 3401 intercepti,
1569 3338 1623 3386 et
1652 3331 1885 3401 undique
1913 3330 2076 3386 cincti

487 3429 905 3493 difﬁcultatibus,
926 3426 1190 3481 baberent
1208 3424 1440 3493 undique
1457 3422 1595 3479 bella
1615 3436 1710 3477 eos
1728 3423 2077 3479 circumstan-

491 3526 562 3578 tia
596 3543 609 3578 :
640 3524 733 3579 sed
764 3522 851 3592 qui
871 3516 955 3577 est
970 3520 1202 3575 maxima
1227 3526 1491 3589 potestate
1522 3517 1796 3587 praeditus,
1823 3526 1879 3573 et
1901 3525 2077 3587 potest

489 3615 718 3684 undique
741 3626 1078 3673 conservare.
1105 3611 1265 3667 etiam
1292 3620 1572 3681 postquam
1598 3611 1830 3681 pericula
1851 3620 1907 3667 et
1934 3612 2073 3667 mala

486 3706 970 3769 circumsederunt;
1022 3718 1161 3769 nos,
1194 3703 1380 3773 inquit,
1430 3704 1678 3759 liberavit
1721 3721 1842 3760 cum
1884 3721 2074 3776 magna

404 3838 407 3855 ρ
487 3797 754 3851 facilitate.
806 3795 958 3863 Quod
985 3794 1198 3865 quidem
1228 3795 1413 3851 volens
1438 3796 1723 3852 ostendere
1744 3839 1759 3865 ,
1787 3798 1864 3853 sic
1892 3798 2030 3852 dixit
2057 3817 2072 3852 :

398 3874 399 3877 “
483 3886 668 3940 Anima
688 3895 859 3940 nostra
875 3887 1003 3939 sicut
1023 3897 1377 3955 passererepta
1396 3895 1467 3941 est
1482 3886 1547 3941 de
1566 3888 1743 3958 laqueo
1762 3891 2071 3944 venantium.

486 3979 538 4030 7.
570 3976 801 4050 Laqueus
826 3978 1072 4032 contritus
1095 3986 1188 4044 est,
1218 3986 1267 4031 et
1290 3994 1383 4033 nos
1407 3978 1606 4033 liberati
1630 3996 1822 4035 sumus.
1869 3981 2074 4039 Deinde

484 4070 773 4123 ostendens
799 4070 957 4124 etiam
987 4070 1252 4139 quomodo
1276 4113 1289 4137 ,
1319 4072 1593 4141 subiunxit
1614 4116 1629 4134 .
1659 4074 1712 4128 8.
1743 4074 2071 4142 Adjutorium

485 4169 710 4213 nostrum
743 4160 798 4213 in
825 4162 1027 4214 nomine
1051 4160 1279 4225 Domini,
1306 4163 1393 4229 qui
1420 4164 1538 4233 fecit
1579 4164 1754 4217 caelum
1785 4178 1833 4217 et
1861 4174 2069 4219 terram.

487 4250 675 4306 Vidisti
714 4244 1044 4306 auxiliatoris
1069 4252 1357 4307 virtutem?
1384 4253 1571 4308 vidisti
1595 4258 1924 4324 poti-iniam?
1955 4257 2071 4329 Ipsa

481 4340 645 4396 etiam
670 4341 975 4397 insidiarum
1004 4342 1325 4399 adminicula
1347 4343 1580 4398 sustulit.

558 4435 774 4502 Quantis
811 4451 903 4489 nos
941 4436 1148 4492 auxiliis
1204 4433 1498 4491 instruxerit
1523 4436 1661 4493 Deus
1688 4439 1923 4495 adversus
1953 4442 2071 4495 dia-

482 4527 652 4583 bolum
671 4542 691 4591 ;
717 4527 803 4594 qui
827 4527 885 4597 ﬁt
913 4529 976 4581 ab
1012 4528 1123 4596 ipso
1160 4543 1253 4582 nos
1290 4537 1455 4582 tamen
1484 4529 1634 4583 vinei.
1662 4558 1733 4571 -
1765 4531 1875 4587 Hoc
1912 4534 2070 4587 etiam

481 4617 769 4687 anagogice
798 4619 1062 4687 acceperit
1100 4619 1361 4689 quispiam
1404 4620 1473 4675 de
1508 4620 1723 4677 diabolo
1748 4666 1761 4689 ,
1808 4632 1865 4679 et
1888 4625 1956 4680 de
1980 4641 2071 4695 ge-

484 4723 613 4762 nere
643 4708 937 4762 hominum.
968 4708 1215 4765 Ostendit
1250 4711 1446 4782 quippe
1490 4713 1762 4783 quomodo
1788 4716 2066 4784 eripuerit,

483 4813 536 4851 et
562 4792 677 4868 ejus
706 4796 978 4853 sustulerit
1013 4799 1234 4855 insidias
1266 4820 1279 4857 :
1316 4802 1418 4858 hoc
1463 4806 1606 4858 enim
1654 4805 1847 4860 factum
1882 4816 1963 4862 est
2003 4824 2067 4864 ex

480 4902 587 4952 quo
606 4887 740 4942 dixit
762 4888 1037 4959 discipulis
1069 4908 1083 4943 :
1115 4890 1380 4947 Ambulate
1406 4911 1559 4963 super
1582 4908 1834 4966 serpentes
1857 4908 1904 4952 et
1930 4916 2069 4953 scor-

476 4976 673 5041 piones,
699 4986 744 5030 et
764 4994 914 5047 super
934 4996 1129 5033 omnem
1152 4991 1444 5051 potestatem
1465 4984 1654 5038 inimici
1671 4984 1819 5057 (Luc.
1846 4988 1929 5043 iO.
1953 4990 2064 5058 i9).

481 5067 593 5120 Non
621 5070 761 5122 enim
798 5078 880 5124 est
906 5072 1134 5141 amplius
1156 5082 1401 5143 apertum
1428 5074 1623 5129 bellum
1647 5119 1661 5142 ,
1691 5093 1792 5133 nec
1818 5095 1884 5133 ex
1912 5096 2068 5150 atque

481 5157 736 5213 instructa
776 5159 915 5214 acies
942 5179 956 5227 ;
1000 5163 1094 5216 sed
1119 5163 1207 5218 ille
1234 5164 1447 5235 quidem
1467 5166 1610 5235 jacet
1635 5184 1835 5237 pronus
1860 5179 1913 5224 et
1944 5186 2067 5241 pro-

477 5249 753 5312 cumbens,
788 5262 838 5304 tu
857 5262 1031 5307 autem
1063 5265 1173 5309 stas
1197 5270 1425 5323 erectus,
1448 5274 1511 5313 ex
1539 5260 1647 5314 alto
1674 5277 1797 5316 eum
1829 5262 2061 5318 feriens:

480 5345 572 5399 ille
611 5343 824 5412 quidem
868 5358 1187 5414 enervatus,
1241 5361 1295 5403 tu
1326 5366 1455 5403 vero
1482 5353 1730 5408 robustus
1760 5364 1813 5410 et
1837 5356 2062 5409 validus.

479 5434 577 5499 Qui
600 5434 655 5488 lit
674 5450 803 5507 ergo
821 5445 881 5491 ut
904 5452 1047 5509 sarpe
1074 5441 1286 5495 vincat?
1316 5442 1429 5497 Hoc
1460 5442 1511 5496 lit
1538 5460 1600 5499 ex
1623 5455 1800 5500 nostra
1834 5448 2061 5517 ignavia,

538 5611 613 5733 in;
643 5614 728 5661 tlte
750 5614 996 5684 interpres
1016 5618 1125 5679 quis
1145 5619 1208 5667 sit
1239 5622 1502 5729 ignoratur.

563 5670 591 5719 b
644 5679 754 5723 tlzec
779 5681 1118 5733 Interpretatio
1142 5688 1218 5729 est
1286 5683 1451 5733 uuilm.
1475 5698 1502 5732 υ

520 5670 754 5751 tunc
779 5670 1118 5751 ipterprets'tio
1142 5688 1218 5729 est
1244 5670 1529 5751 {(quilaiﬂt
1564 5689 1609 5735 in
1634 5690 1862 5751 ttexaplis
1886 5692 2063 5739 nostris

487 5737 1026 5821 vitige-est.ﬂl_n_sa_vil:
1049 5743 1231 5821 desunt
1357 5737 1517 5821 voces.
1542 5737 1932 5818 Iauqimm'uqua'
1956 5737 2063 5821 in;

485 5798 541 5841 se
564 5795 747 5859 ὕδατα),
771 5814 879 5861 quae
902 5808 1064 5852 tamen
1095 5807 1171 5854 hic
1197 5795 1530 5869 requiruntur.

1246 384 1311 439 S.
1349 376 1625 439 JOANNIS
1660 367 2140 433 CliRYSOSTOMI
2176 369 2493 427 AﬂCillEP.
2536 364 3070 426 CONSTANTINOP.

2183 498 2245 537 ex
2278 480 2522 538 socordia
2551 483 2860 554 eorum-qui
2896 482 3196 539 dormiunt.
3238 482 3295 538 Si
3325 482 3455 539 velis
3490 485 3670 556 itaque
3697 501 3788 536 τρ-

2182 574 2399 635 sistere.
2452 589 2560 628 non
2605 572 2766 628 audet
2804 584 2978 629 tecum
3020 573 3279 629 instructa
3308 574 3424 629 acie
3461 574 3778 648 conﬂigere.

2181 663 2333 733 Quod
2363 666 2405 719 si
2433 664 2592 720 vineit
2637 664 3031 733 dormientem,
3080 666 3136 721 id
3164 680 3270 721 non
3311 667 3455 723 illius
3496 668 3783 739 potentiae,

2180 756 2276 812 sed
2304 766 2407 811 tua:
2438 756 2772 811 tribuendum
2796 766 2881 812 est
2910 758 3270 829 negligentiae.
3318 758 3451 828 Quis
3472 761 3623 816 enim
3648 760 3780 816 dor-
3816 798 3823 799 κ

2178 848 2435 902 rnientem
2465 862 2572 903 non
2600 848 2824 914 vicerit,
2856 848 2958 903 etsi
2986 849 3056 903 sit
3084 850 3324 905 omnium
3357 850 3779 908 imbecillimus?

2183 938 2442 1007 Alligatus
2470 947 2553 993 est
2578 937 2760 1005 fortis,
2812 937 3196 1008 impedimenta
3220 940 3339 1010 ejus
3363 943 3545 997 omnia
3568 943 3781 1015 direpta

2180 1037 2305 1084 sunt
2328 1069 2343 1094 ,
2368 1030 2531 1085 fracta
2557 1040 2641 1085 est
2670 1032 2929 1100 potentia,
2964 1041 3178 1102 ruptum
3200 1044 3285 1089 est
3308 1049 3372 1089 ac
3391 1035 3631 1091 dirutum
3662 1036 3784 1107 ejus

2176 1110 2537 1175 habitaculum
2559 1161 2574 1185 ,
2620 1120 2842 1176 frameas
2868 1122 2986 1192 ejus
3012 1122 3347 1179 defecerunt.
3400 1124 3541 1194 Quid
3579 1128 3664 1181 vis
3698 1128 3787 1182 bis

2178 1214 2445 1284 amplius?
2495 1228 2598 1284 qua
2658 1212 2728 1270 de
2784 1229 2947 1270 causa
2985 1230 3109 1270 eum
3153 1217 3355 1272 times?
3395 1232 3495 1274 cur
3536 1220 3789 1276 vereris?

2178 1300 2370 1358 iussus
2396 1318 2455 1358 es
2483 1304 2803 1361 conculcare
2829 1320 2975 1374 eum,
3007 1308 3096 1377 qui
3128 1315 3213 1362 est
3233 1318 3519 1364 enervatus
3549 1328 3563 1364 :
3592 1327 3787 1381 qnam-

2177 1392 2365 1448 obrem
2386 1433 2401 1459 ,
2430 1392 2547 1460 die,
2574 1409 2760 1464 quaeso
2779 1435 2794 1460 ,
2839 1397 3255 1462 contremiscis'l
3299 1413 3396 1452 cur
3414 1402 3690 1456 cunctaris
3719 1416 3789 1456 ac

2178 1481 2428 1537 dubitas?
2481 1485 2676 1539 Annon
2723 1487 2929 1556 cogitas
2958 1487 3133 1557 qualis
3161 1488 3230 1544 sit
3257 1490 3347 1559 qui
3378 1489 3472 1546 tibi
3504 1489 3606 1547 fert
3632 1493 3789 1548 auxi-

2179 1572 2353 1628 lium?
2393 1573 2509 1630 Non
2557 1577 2730 1631 solum
2756 1577 2899 1633 enim
2932 1577 3105 1634 bustis
3133 1589 3253 1635 tuus
3293 1582 3463 1638 lactus
3497 1594 3581 1639 est
3608 1585 3785 1640 imbe-

2179 1663 2398 1719 cillior:
2430 1665 2525 1720 sed
2565 1666 2729 1720 etiam
2780 1676 2927 1722 tuum
2977 1668 3151 1738 majus
3175 1679 3259 1725 est
3287 1664 3567 1727 auxilium.
3613 1673 3785 1729 Com-
3824 1726 3833 1729 ἦ

2181 1771 2366 1827 pressa
2385 1766 2469 1812 est
2492 1758 2670 1813 carnis
2690 1760 2995 1828 exsultatio,
3019 1763 3225 1831 peccati
3244 1764 3420 1819 ablata
3441 1776 3525 1820 est
3544 1768 3788 1834 sarcina,

2134 1856 2137 1857 '
2179 1848 2402 1917 gratiam
2429 1848 2659 1918 Spiritus
2687 1852 2976 1921 accepisti,
3005 1868 3126 1923 qua:
3168 1854 3327 1921 liabet
3352 1857 3460 1921 vim
3486 1861 3779 1915 unctionis.

2184 1939 2322 1995 Nam
2339 1941 2477 2013 quod
2499 1942 2809 2011 impossibile
2832 1958 2941 1999 erat
2970 1945 3102 2017 legi,
3133 1947 3186 2001 in
3213 1963 3313 2015 quo
3336 1960 3445 2003 erat
3469 1951 3789 2006 imbecillum

2181 2048 2274 2101 per
2300 2048 2503 2087 carnem
2524 2075 2539 2101 ,
2571 2033 2709 2089 Deus
2755 2026 2909 2090 misso
2952 2052 3044 2091 suo
3075 2036 3211 2093 Filio
3232 2039 3286 2092 in
3311 2041 3647 2098 similitudine
3668 2062 3790 2098 ear-

2181 2124 2261 2177 uis
2304 2125 2495 2193 peccati
2517 2165 2535 2191 ,
2581 2135 2629 2180 et
2668 2128 2733 2181 de
2779 2139 2984 2198 peccato
3030 2130 3384 2186 condemnauit
3426 2114 3687 2203 peccatum
3729 2141 3787 2192 in

2180 2229 2334 2268 cerne
2352 2253 2368 2278 ,
2395 2224 2451 2268 ut
2470 2216 2778 2287 justiﬁcatio
2804 2218 2929 2289 legis
2959 2220 3253 2292 impleretur
3274 2223 3329 2277 in
3357 2225 3500 2279 nobis
3518 2267 3535 2293 ,
3560 2229 3649 2296 qui
3677 2245 3785 2283 non

2180 2305 2456 2360 secundum
2487 2324 2691 2363 carnem
2718 2310 3039 2366 ambulamus
3066 2311 3243 2381 (Rom.
3269 2314 3321 2370 8.
3352 2317 3405 2372 3.
3433 2317 3517 2389 ti).
3544 2320 3783 2376 Carnem

2181 2395 2309 2453 fecit
2330 2398 2422 2453 tibi
2443 2400 2786 2470 morigeram,
2814 2417 2962 2457 arma
2989 2403 3083 2458 tibi
3114 2405 3355 2472 donavit,
3389 2407 3663 2465 thoracem
3691 2412 3787 2481 jn—

2182 2489 2340 2543 stitiae
2362 2530 2378 2556 ,
2406 2490 2676 2561 cingulum
2707 2492 2983 2559 veritatis,
3023 2494 3231 2564 galeam
3269 2498 3490 2565 salutis,
3533 2502 3785 2571 clypeum

2182 2578 2327 2645 Mei,
2353 2580 2588 2651 gladium
2624 2582 2879 2654 Spiritus,
2906 2586 3121 2642 arrham
3148 2587 3317 2654 dedit,
3347 2605 3573 2663 corpore
3597 2609 3700 2650 suo
3728 2604 3789 2650 te

2182 2672 2368 2739 nutrit,
2384 2674 2697 2744 sanguinem
2713 2691 2867 2731 suum
2884 2677 2979 2732 tibi
2996 2678 3284 2735 bibendum
3304 2684 3547 2754 porrigit,
3562 2700 3783 2742 crucem

2182 2767 2276 2821 tibi
2312 2777 2584 2837 tamquam
2634 2767 2874 2825 lanceam
2920 2771 2973 2825 in
3018 2786 3208 2828 manus
3234 2775 3451 2830 tradidit
3477 2778 3691 2849 (lspltes.
3724 2780 3781 2835 6.

2183 2857 2268 2913 16.
2296 2860 2492 2929 seqq),
2541 2860 2778 2915 lanceam
2821 2878 2942 2932 qum
2990 2880 3277 2934 numquam
3312 2866 3589 2925 ﬂectitur:
3632 2872 3786 2927 illum

2180 2951 2437 3023 alligavit,
2471 2952 2614 3005 humi
2640 2954 2881 3027 proiecit.
2910 2953 3025 3009 Non
3049 2956 3214 3011 habes
3235 2957 3415 3028 itaque
3430 2975 3537 3030 quo
3558 2970 3613 3017 te
3633 2962 3787 3018 dein-

2181 3063 2309 3117 ceps
2331 3047 2589 3103 defendas
2607 3089 2623 3114 ,
2651 3048 2696 3102 si
2725 3050 2955 3102 vincaris
2986 3066 2999 3103 :
3028 3059 3085 3104 et
3112 3051 3156 3104 si
3188 3051 3489 3122 proﬂigeris
3507 3094 3521 3117 ,
3564 3071 3669 3110 non
3700 3069 3788 3113 est

2182 3139 2275 3194 tibi
2302 3138 2476 3194 danda
2507 3141 2683 3195 venia.
2716 3139 2892 3196 Habes
2920 3139 3061 3195 enim
3096 3142 3405 3199 innumeras
3427 3146 3664 3202 victoria:
3685 3164 3786 3203 τίη·

2179 3245 2291 3289 sas.
2311 3230 2550 3299 Laqueus
2574 3232 2821 3287 contritam
2848 3241 2941 3300 est,
2970 3233 3160 3303 inquit,
3180 3244 3227 3288 et
3243 3252 3335 3290 nos
3356 3236 3556 3291 liberati
3578 3256 3779 3296 sanius.

2180 3323 2509 3393 Adjutoriuns
2535 3333 2764 3378 nostrum
2793 3326 2846 3378 in
2871 3326 3074 3379 nomine
3108 3325 3314 3380 Domini
3340 3329 3429 3396 qui
3452 3332 3571 3401 fecit
3595 3334 3781 3395 celum

2179 3424 2225 3469 et
2253 3426 2458 3469 terram.
2503 3414 2665 3470 Vides
2681 3416 2895 3486 qualem
2926 3416 3092 3472 habes
3128 3418 3533 3489 Imperatorem,
3561 3425 3780 3493 qualem

2180 3508 2414 3578 Regem,
2445 3522 2567 3562 eum
2594 3508 2684 3579 qui
2715 3518 2798 3562 est
2841 3508 3075 3563 universi
3101 3507 3287 3579 Opifes
3312 3552 3327 3577 ,
3356 3526 3479 3567 eum
3522 3515 3612 3584 qui
3660 3517 3783 3571 solo

2180 3598 2345 3654 verbo
2376 3607 2453 3653 tot
2478 3613 2705 3667 corpora
2735 3598 3017 3668 produxit,
3072 3608 3272 3655 tantam
3300 3603 3495 3658 molem
3521 3645 3536 3669 ,
3573 3614 3779 3663 tantam

2179 3689 2636 3761 magnitudinem?
2665 3688 2743 3753 Die
2767 3692 3000 3745 animum
3021 3689 3270 3746 demittas
3289 3733 3303 3756 ,
3338 3692 3461 3748 forti
3485 3697 3667 3750 animo
3690 3712 3783 3753 rc-

2178 3783 2359 3836 sistas.
2418 3780 2560 3835 Nihil
2636 3790 2779 3837 vetat
2825 3781 3112 3851 quominus
3158 3791 3417 3853 tropaeum
3468 3794 3619 3842 tuum
3672 3798 3781 3846 stet

2178 3881 2438 3928 erectum.
2474 3871 2599 3927 Haec
2621 3887 2751 3944 ergo
2780 3887 2902 3927 cum
2924 3873 3158 3927 sciamus
3176 3916 3192 3940 ,
3221 3888 3255 3927 ο
3280 3874 3491 3939 dilecti,
3515 3878 3680 3933 sobrii
3706 3882 3781 3933 si-

2178 3980 2329 4031 mus,
2361 3972 2733 4019 concertemus
2756 4005 2772 4030 ,
2812 3957 2912 4019 nec
2937 3962 3269 4019 dormiamus
3291 4006 3307 4029 ,
3355 3965 3452 4022 sed
3477 3982 3598 4023 cum
3624 3984 3778 4025 arma

2176 4058 2606 4120 absterserimus,
2627 4058 2897 4128 animique
2912 4058 3242 4113 alacritatem
3254 4061 3777 4129 conlirmaveritnus,

2178 4151 2390 4208 hostem
2442 4150 2658 4207 assidue
2703 4150 2991 4216 feriamus,
3035 4159 3093 4206 ut
3117 4167 3238 4207 cum
3266 4154 3579 4221 praeclaram
3606 4155 3779 4210 vietu-

2178 4244 2311 4298 riam
2329 4243 2695 4307 retulerimus,
2715 4258 2836 4296 cum
2866 4257 3053 4313 magna
3076 4243 3246 4313 gloria
3268 4260 3489 4315 regnum
3517 4248 3775 4303 mulorum

2176 4349 2567 4405 consequamur
2592 4353 2604 4389 :
2632 4334 2773 4403 quod
2806 4334 2959 4387 nubis
2986 4335 3143 4389 detur
3165 4336 3378 4405 assequi
3402 4338 3569 4405 gratia
3598 4347 3653 4392 et
3682 4337 3777 4392 bc-

2178 4427 2434 4498 nignitate
2476 4427 2685 4480 Domini
2714 4428 2879 4481 nostri
2924 4426 3052 4481 Jcsu
3095 4426 3337 4493 Christi,
3389 4429 3474 4482 cui
3520 4428 3691 4497 κιαι-ἑτι
3718 4439 3777 4485 r:t

2176 4504 2455 4587 imperium
2488 4519 2540 4572 in
2568 4518 2762 4572 saecula
2794 4518 3135 4571 seculorum.
3161 4520 3353 4572 Amen.

2617 4650 2684 4704 ΙΝ
2724 4650 3043 4706 ΡΞᾹΕΜΟΜ
3083 4650 3320 4707 CXXIV.

2282 4765 2333 4819 l.
2371 4762 2472 4830 Qui
2498 4765 2762 4833 confidunt
2788 4766 2841 4817 in
2870 4764 3088 4820 Domino
3111 4805 3127 4828 ,
3157 4765 3291 4819 sicut
3320 4783 3465 4819 mons
3492 4766 3645 4821 Sion.

2250 4881 2299 4934 i.
2330 4878 2467 4945 Quid
2495 4877 2594 4931 sibi
2624 4880 2739 4934 vult
2760 4877 2963 4933 additio
2995 4879 3122 4933 Sion
3141 4880 3168 4932 !
3194 4895 3294 4935 cur
3318 4882 3464 4936 enim
3494 4896 3601 4937 nou
3634 4882 3773 4939 dixit

2173 4972 2413 5030 absolute
2432 5017 2447 5039 ,
2478 4974 2625 5031 Sicut
2654 4991 2799 5029 mons
2820 5015 2833 5037 ,
2863 4973 2956 5028 sed
2993 4975 3137 5029 illius
3164 4976 3365 5030 montis
3393 4977 3674 5032 meminit?
3702 4979 3771 5035 Ut

2173 5067 2359 5121 doceat
2392 5081 2497 5122 non
2526 5067 2723 5121 debere
2765 5081 2865 5120 nus
2895 5067 3131 5121 animum
3181 5067 3419 5137 dejicere
3449 5069 3501 5125 in
3542 5073 3770 5128 calami-

2174 5160 2404 5225 tatibus,
2449 5175 2551 5213 nec
2593 5159 2662 5214 ab
2700 5159 2765 5211 iis
2796 5160 3160 5228 pessumdari,
3192 5161 3287 5215 sed
3322 5174 3353 5215 a
3380 5177 3476 5231 spe
3518 5164 3568 5218 in
3599 5165 3769 5222 Deum

2174 5254 2467 5322 pendentes
2487 5294 2501 5314 ,
2526 5256 2704 5307 omnia
2736 5251 2877 5307 ferre
2901 5252 3129 5318 for-liter,
3167 5254 3307 5310 bella
3326 5297 3343 5320 ,
3374 5272 3576 5327 pugnas
3600 5270 3653 5314 et
3685 5270 3769 5316 tu-

2172 5344 2387 5397 multus.
2441 5342 2901 5412 Qnemadmodum
2944 5347 3087 5398 enim
3134 5345 3223 5401 hic
3270 5362 3426 5401 mons
3456 5350 3546 5420 qui
3592 5349 3768 5408 fuerat

2171 5436 2491 5506 quandoque
2536 5436 2820 5500 desertus,
2869 5446 2918 5490 et
2971 5437 3202 5493 nudatus
3241 5439 3667 5509 habitatoribus,
3698 5447 3767 5501 ad

2171 5530 2399 5598 priorem
2428 5528 2661 5582 redierat
2689 5530 3121 5598 prosperitatem,
3155 5532 3318 5587 veteri
3346 5543 3488 5589 statu
3519 5547 3763 5608 recepto,

2167 5636 2288 5675 cum
2336 5623 2522 5676 incola:
2565 5622 2884 5690 rediissem,
2929 5633 2984 5679 et
3014 5626 3267 5680 miracula
3300 5643 3485 5683 rursus
3511 5632 3764 5685 ostende-

2168 5722 2351 5767 rentur
2381 5731 2394 5766 :
2425 5714 2492 5767 ita
2525 5715 2687 5768 etiam
2715 5716 2797 5769 vir
2822 5715 2973 5770 fortis
2992 5757 3008 5782 ,
3039 5716 3163 5773 licet
3188 5718 3255 5772 ab
3285 5719 3583 5776 innumeris
3612 5722 3761 5777 inva-

2169 5806 2323 5861 datnr
2360 5808 2780 5876 calamitatibus,
2815 5824 2918 5863 non
2948 5820 3239 5866 evertetur.
3286 5811 3363 5866 Ne
3393 5828 3520 5883 ergo
3543 5830 3756 5884 «χυτρῖδε

3676 370 3784 429 sm
3876 458 3883 459 ,
