4086 6480
210 518 313 576 351

213 634 375 689 vitam
406 632 473 689 ab
499 630 749 687 omnibus
777 627 1002 697 negotiis
1028 634 1087 681 et
1111 621 1368 678 a:rnninis
1396 628 1676 681 remotam,
1707 615 1801 669 sed

209 740 369 797 quam
393 722 613 778 minime
638 720 921 775 detrahant
938 716 1189 787 pericula.
1208 716 1308 768 Ars
1329 712 1470 767 enim
1488 726 1592 764 non
1613 707 1804 764 eodem

213 813 373 869 modo
400 813 726 874 ostenditur,
769 810 813 863 si
840 809 960 879 quis
996 807 1049 861 in
1081 814 1233 875 portu
1268 803 1488 867 sedeat,
1522 811 1579 856 et
1615 800 1658 853 si
1686 799 1806 868 quis

214 904 479 958 undosum
507 916 655 955 mare
678 900 1019 953 transmittat.
1050 896 1141 951 Ille
1170 895 1311 949 enim
1342 893 1595 962 ignavus,
1626 887 1805 943 mollis

214 1005 263 1051 et
287 1003 578 1050 enervatus
603 991 844 1046 redditur
872 1008 884 1042 :
916 989 1001 1043 hic
1022 998 1199 1043 autem
1226 1028 1242 1051 ,
1281 984 1373 1055 qui
1414 983 1609 1037 inultas
1643 995 1805 1051 rupes

214 1085 267 1139 in
293 1085 427 1138 mari
455 1084 700 1146 latentes,
735 1080 936 1134 multos
975 1077 1222 1145 scepulos
1247 1117 1262 1141 ,
1296 1075 1492 1128 multos
1520 1082 1801 1126 ventorum

212 1174 446 1243 impetus
467 1210 484 1240 ,
530 1183 584 1227 et
610 1172 712 1225 alia
742 1170 901 1224 maris
941 1167 1170 1238 pericula
1198 1164 1487 1229 sustinuit,
1522 1163 1575 1216 in
1616 1161 1806 1231 hisque

214 1267 465 1323 omnibus
490 1266 761 1328 excelluit,
789 1264 1023 1315 auiumm
1051 1274 1204 1315 suum
1230 1257 1522 1312 ﬁrmiorem
1554 1253 1805 1309 reddidit.

213 1359 271 1415 In
304 1362 443 1413 hanc
467 1359 609 1412 enim
642 1357 802 1409 vitam
829 1352 1093 1407 deductus
1124 1365 1182 1405 es
1202 1390 1216 1413 ,
1250 1363 1358 1402 non
1390 1355 1449 1400 nt
1475 1346 1549 1400 sis
1579 1345 1804 1411 otiosus,

216 1467 313 1506 nec
342 1460 399 1504 ut
436 1451 509 1503 sis
536 1448 796 1518 abjcctus,
842 1459 940 1499 nec
966 1453 1022 1497 ut
1049 1441 1142 1496 tibi
1174 1439 1303 1493 nihil
1324 1437 1540 1492 adversi
1569 1437 1803 1501 eveniat,

215 1544 309 1598 sed
340 1553 394 1596 ut
428 1542 607 1611 gravia
655 1552 840 1606 passus
882 1535 1079 1591 evadas
1124 1531 1337 1586 clarior.
1381 1528 1457 1584 Nc
1484 1529 1711 1582 otiosam
1745 1541 1808 1581 ac

217 1633 533 1697 remissam,
576 1627 1037 1696 voluptatibusque
1067 1632 1120 1678 et
1154 1620 1361 1676 deliciis
1404 1619 1615 1688 plenam
1644 1617 1807 1671 vitam

214 1738 539 1793 qumramus.
562 1721 677 1775 Non
699 1728 781 1774 est
805 1719 947 1773 cnim
978 1717 1072 1769 viri
1103 1714 1276 1779 fortis,
1296 1711 1389 1767 sed
1416 1711 1591 1781 potius
1614 1709 1810 1764 vermis

218 1816 319 1868 hoc
347 1813 693 1874 desiderium,
727 1809 864 1879 ejus,
894 1809 1127 1876 inquam,
1164 1803 1340 1873 potius
1365 1802 1451 1870 qui
1479 1809 1562 1855 est
1586 1799 1808 1853 rationis

214 1918 410 1972 expers
429 1941 444 1969 ,
472 1918 629 1972 quam
662 1901 776 1968 ejtts
806 1900 893 1968 qui
924 1907 1006 1951 est
1032 1896 1238 1949 ratione
1266 1892 1542 1963 praeditus.
1584 1889 1689 1945 Sed
1715 1902 1809 1943 ora

214 1994 433 2064 quidem
462 1992 694 2046 maxime
734 1998 791 2044 ut
820 2004 925 2043 non
958 1989 1121 2041 intres
1154 1986 1207 2039 in
1236 1983 1582 2039 tentationem
1620 1997 1633 2033 :
1666 1976 1811 2049 quod

214 2088 257 2140 si
292 2087 345 2139 in
374 2076 493 2139 eam
524 2064 840 2153 quandoque
880 2077 1128 2133 incideris
1152 2118 1167 2143 ,
1212 2089 1280 2129 ne
1324 2089 1465 2143 aegre
1507 2070 1678 2133 feras,
1714 2083 1812 2123 nec

215 2173 556 2241 conturberis
578 2212 595 2238 ,
643 2170 735 2225 sed
764 2168 846 2224 fac
873 2168 1050 2224 omnia
1077 2202 1092 2234 ,
1138 2176 1194 2220 ut
1225 2164 1423 2220 evadas
1450 2162 1664 2217 clarior.
1694 2159 1808 2215 Non

215 2265 366 2320 vides
415 2263 578 2318 fortes
610 2262 806 2316 milites
832 2301 846 2323 ,
895 2257 1165 2329 quomodo
1202 2264 1429 2311 vocante
1459 2253 1584 2308 tuba
1609 2260 1809 2321 tropaea

211 2356 510 2425 reapiclunt
530 2394 550 2420 ,
593 2352 863 2415 victorias,
893 2364 1119 2405 coronas
1144 2356 1198 2402 et
1224 2346 1453 2415 majores
1479 2358 1604 2398 suos
1632 2341 1720 2412 qui
1750 2356 1811 2397 se

211 2445 473 2516 prmclare
514 2441 834 2513 gesserunt?
881 2439 946 2494 Et
978 2448 1031 2491 tu
1059 2452 1187 2506 ergo
1213 2451 1334 2490 cum
1363 2434 1487 2489 tuba
1516 2431 1808 2502 spiritualis

210 2546 388 2601 sonat,
413 2544 490 2589 sta
512 2535 668 2589 leone
688 2531 977 2585 animosior
1000 2547 1013 2583 :
1034 2529 1145 2583 sive
1166 2528 1235 2582 sit
1262 2526 1418 2595 ignis,
1445 2524 1558 2580 sive
1583 2524 1805 2587 ferrum,

210 2626 514 2698 ingredere.
566 2612 754 2680 Sciunt
781 2622 863 2676 vel
908 2621 1019 2690 ipsa
1064 2619 1325 2674 elementa
1367 2630 1499 2676 eos.
1550 2614 1639 2684 qui
1682 2622 1810 2667 sunt

209 2716 381 2772 virilis
409 2716 604 2778 animi,
650 2712 907 2767 revereri.
949 2711 1134 2765 Solent
1176 2708 1336 2762 etiam
1384 2706 1510 2760 ferte
1556 2714 1807 2759 strenuos

212 2809 360 2862 viros
380 2806 775 2876 pertimescere.
808 2801 1061 2869 Quamvis
1082 2814 1174 2854 eas
1200 2798 1387 2862 fames,
1416 2795 1659 2866 quamvis
1691 2793 1807 2864 ipsa

209 2907 399 2951 natura
421 2895 590 2949 irritet
608 2902 661 2947 et
687 2892 893 2957 efferet,
919 2892 1155 2945 omnium
1184 2887 1567 2943 obliviscuntur
1590 2882 1806 2955 quando

208 2986 408 3058 justum
448 2984 715 3047 viderint,
764 2983 1003 3050 iramque
1033 2994 1183 3033 suam
1222 2978 1493 3039 cohibent.
1554 2975 1647 3030 His
1677 2989 1806 3044 ergo

209 3078 376 3132 armis
415 3074 709 3139 muniaris,
747 3081 801 3128 et
829 3074 1008 3142 ignem
1037 3086 1142 3126 non
1176 3069 1424 3134 timebis,
1451 3067 1579 3123 licet
1606 3065 1806 3121 videris

211 3166 483 3222 ﬂammam
510 3165 563 3220 in
585 3164 745 3218 caelos
773 3161 1171 3217 ascendentem.
1213 3150 1389 3213 Habes
1413 3156 1606 3211 fortem
1639 3164 1693 3210 et
1715 3170 1803 3225 gec

210 3270 465 3311 perosum
510 3253 701 3309 ducem
725 3294 741 3318 ,
792 3252 882 3322 qui
913 3251 1028 3306 solo
1058 3259 1188 3304 nutu
1236 3255 1413 3318 potest
1451 3261 1805 3317 quaecumque

207 3347 348 3402 mala
372 3355 499 3400 sunt
522 3354 575 3400 et
601 3344 780 3414 gravia
804 3342 1012 3397 tollere.
1040 3341 1183 3395 Illius
1212 3347 1336 3394 sunt
1360 3338 1558 3410 omnia,
1588 3336 1801 3403 escium,

208 3447 384 3503 terra,
417 3450 564 3490 mare
589 3476 604 3499 ,
638 3434 763 3489 {erat
801 3442 857 3488 et
887 3434 1059 3502 ignis;
1105 3441 1187 3485 est
1209 3431 1258 3485 ei
1284 3430 1594 3484 facillimum
1624 3428 1804 3483 omnia

208 3530 521 3592 transferre,
539 3541 604 3582 ac
630 3527 746 3581 loco
772 3540 987 3579 movere
1006 3527 1045 3579 ί.
1075 3522 1351 3579 Undenam
1368 3537 1518 3591 ergo,
1542 3521 1629 3576 die
1650 3520 1801 3585 mihi,

207 3632 387 3677 metus
423 3630 542 3675 tuus
582 3618 784 3673 oritur?
830 3617 946 3671 Non
972 3616 1185 3671 aliunde
1208 3625 1387 3680 certe,
1430 3629 1588 3685 quam
1614 3629 1679 3669 ex
1713 3622 1802 3668 tua

208 3713 419 3779 ignavia
447 3722 501 3768 et
526 3710 793 3766 socordia.
840 3710 1025 3763 Nonne
1064 3723 1209 3763 mors
1238 3717 1322 3762 est
1363 3707 1601 3762 onmium
1639 3707 1806 3761 malo-

210 3819 333 3859 rum
363 3800 674 3871 colophon?
711 3790 868 3870 Atqui
906 3814 968 3854 ea
1000 3799 1111 3868 ipsa
1138 3813 1351 3868 quoque
1374 3807 1457 3852 est
1482 3806 1685 3851 natura:
1706 3797 1798 3851 de-

207 3898 397 3952 bitum.
426 3895 534 3950 Cur
559 3908 664 3949 non
692 3894 908 3963 satagis,
932 3903 993 3945 ut
1014 3891 1106 3945 tibi
1132 3906 1197 3945 ex
1228 3890 1343 3959 ejus
1370 3889 1637 3944 solutione
1658 3904 1805 3958 quat-

206 3998 321 4043 stus
342 3983 587 4041 oriatur?
628 3981 683 4037 Si
716 3981 857 4037 enim
883 3981 983 4035 hac
1011 3980 1094 4033 via
1122 3980 1256 4034 velis
1286 3979 1424 4032 nolis
1449 3978 1802 4033 incedendum

205 4089 289 4135 est
311 4120 329 4144 ,
375 4091 472 4132 cur
506 4089 616 4129 non
653 4088 773 4129 cum
813 4073 1004 4127 luero?
1058 4074 1127 4126 At
1162 4073 1305 4127 enim
1336 4080 1455 4141 post
1480 4071 1660 4141 gravia
1691 4080 1803 4125 tor-

204 4176 412 4231 menta,
442 4180 549 4220 non
579 4160 919 4233 temporaria,
938 4161 1033 4216 sed
1051 4176 1170 4232 quae
1187 4160 1510 4230 voluptatem
1531 4159 1807 4229 praebeant

205 4260 398 4316 dolore
447 4255 731 4325 majorem.
788 4252 944 4320 Quod
993 4254 1038 4307 si
1082 4253 1200 4307 haec
1245 4253 1342 4309 tibi
1388 4251 1638 4307 videntur
1682 4267 1804 4308 esse

204 4349 410 4422 gravia;
451 4344 735 4401 considera
771 4358 866 4399 eos
890 4344 979 4413 qui
1010 4343 1213 4413 absque
1234 4343 1346 4397 ulla
1378 4342 1624 4397 mercede
1647 4343 1805 4415 longa

205 4441 333 4495 tabe
358 4437 639 4501 laborant,
685 4434 775 4504 qui
802 4433 943 4490 fame
968 4442 1242 4503 perpetua,
1274 4433 1364 4503 qui
1403 4433 1806 4489 immedicabili-

205 4530 307 4584 bus
334 4534 392 4582 et
438 4526 613 4595 longis
654 4524 855 4579 morbis
898 4533 1159 4579 vexantur
1181 4566 1196 4589 ,
1239 4533 1460 4593 propter
1497 4538 1632 4594 quos
1660 4540 1804 4595 saepe

207 4632 440 4676 mortem
486 4626 780 4687 optarunt:
814 4614 967 4669 multi
997 4617 1158 4670 etiam
1206 4614 1258 4669 in
1307 4630 1467 4670 enses
1510 4616 1803 4682 irruerunt,

205 4712 360 4768 multi
391 4712 559 4765 vitam
589 4708 777 4779 laqueo
808 4709 1077 4762 ﬁnierunt.
1124 4707 1325 4761 Caelum
1369 4717 1547 4763 autem
1592 4709 1686 4764 tibi
1722 4720 1805 4765 est

209 4804 569 4875 propositum,
598 4808 653 4855 et
679 4799 816 4855 bona
839 4815 960 4871 quae
986 4799 1185 4854 suntin
1210 4799 1376 4865 czelis,
1396 4807 1450 4854 et
1470 4816 1575 4854 non
1603 4801 1805 4855 vereris

207 4908 311 4948 nec
356 4889 722 4962 perhorrescis
749 4905 869 4946 esse
896 4885 1071 4945 mollis
1104 4899 1160 4945 et
1195 4890 1421 4959 ignavus
1442 4931 1456 4955 ,
1489 4890 1649 4959 idque
1682 4910 1803 4947 cum

207 4984 369 5039 talem
398 4982 596 5037 habeas
614 4980 951 5052 adiutorem?
980 4981 1173 5034 Annon
1201 4979 1351 5035 audis
1376 4979 1693 5052 prophetam
1722 4982 1806 5036 di-

206 5083 420 5129 centem
448 5090 461 5125 :
495 5072 597 5137 Qui
625 5072 887 5140 conﬁdunt
918 5071 972 5124 in
1007 5069 1255 5137 Domino,
1296 5071 1429 5124 sicut
1463 5088 1608 5126 mons
1636 5072 1805 5127 Sion?

207 5164 372 5235 Spem
401 5164 652 5218 nimirum
683 5161 948 5231 signiﬁcat
977 5161 1029 5215 in
1057 5161 1225 5216 Deum
1256 5162 1643 5218 immutabilem
1667 5206 1681 5228 ,
1716 5164 1807 5217 ﬁr-

206 5269 349 5309 mam
366 5263 421 5305 et
455 5261 811 5316 constantem,
844 5251 1206 5306 invincibilem
1234 5262 1289 5306 et
1314 5252 1802 5323 inexpugnabilem.

205 5342 671 5415 Quemadmodum
696 5344 842 5399 enim
869 5343 1077 5397 etiamsi
1106 5343 1226 5413 quis
1264 5344 1682 5402 innumerabiles
1707 5348 1805 5402 ad-

208 5438 391 5492 hibeat
420 5434 727 5499 machinas,
773 5442 1010 5488 montem
1042 5449 1140 5489 nec
1180 5424 1504 5501 convellere,
1537 5451 1636 5493 nec
1661 5437 1807 5495 labe-

207 5526 413 5585 factare
462 5526 658 5596 poterit
688 5542 702 5578 :
732 5525 804 5579 ita
848 5527 1010 5580 etiam
1050 5527 1141 5597 qui
1171 5541 1295 5582 eum
1336 5528 1675 5600 aggreditur,
1716 5533 1807 5602 qui

204 5634 359 5689 spem
389 5618 443 5673 in
470 5617 635 5672 Deum
661 5617 982 5685 collocavit,
1026 5629 1331 5675 revertetur
1371 5622 1590 5677 domum
1618 5625 1801 5681 vacuis

206 5709 477 5766 manibus.
519 5706 697 5764 Monte
717 5710 860 5765 enim
891 5709 1049 5779 longe
1087 5718 1172 5765 est
1200 5712 1364 5767 tutior
1385 5726 1509 5784 spes
1534 5714 1586 5770 in
1610 5714 1799 5771 Deum.

268 5890 287 5922 ι
310 5885 487 5949 Savll.,
508 5887 670 5941 atrotia
692 5889 957 5953 trwtsferre
976 5897 1019 5944 et
1043 5896 1269 5943 statuere.

1368 500 1725 559 EXI‘OSITIO
1763 498 1827 552 IN
1857 496 2176 554 PSALMUM
2216 495 2448 554 CXXIV.

3412 493 3515 555 353

1922 611 2044 667 Non
2065 613 2450 666 commovebitur
2468 612 2519 665 in
2541 620 2784 664 teternum
2804 611 2890 680 qni
2910 609 3102 663 habitat
3126 610 3178 663 in
3200 609 3511 666 Jerusalem.

1917 707 2068 761 Alius
2111 707 2375 777 interpres
2413 706 2584 760 dicit:
2622 703 3002 759 lmmutabilem
3032 706 3083 760 in
3108 715 3389 772 aeternum,
3425 709 3514 777 qui

1917 796 2109 849 Itabitat
2133 798 2271 849 circa
2295 794 2608 850 Jerusalem.
2640 795 2777 862 Quid
2799 796 2962 866 ergo?
2998 812 3102 851 non
3128 798 3405 865 commoti,
3432 798 3516 853 in-

1917 887 2050 955 quit,
2080 894 2205 940 sunt
2235 891 2347 940 tres
2374 884 2520 955 pueri
2547 894 2601 941 et
2626 884 2853 939 Daniel?
2896 886 3053 940 Absit
3081 902 3095 939 :
3132 900 3252 940 nam
3283 902 3313 941 a
3342 889 3513 956 patria

1917 976 2134 1055 quidem
2162 975 2505 1044 exciderunt,
2532 975 2900 1049 captivitatem
2926 977 3329 1043 sustinuerunt;
3365 978 3515 1033 nullo

1920 1078 2096 1123 tamen
2122 1064 2386 1138 tempore
2427 1068 2680 1123 commoti
2732 1076 2900 1122 sunt:
2930 1069 3027 1123 sed
3073 1084 3195 1124 cum
3236 1079 3421 1127 essent
3463 1072 3515 1125 in

1921 1166 2064 1213 tanta
2102 1171 2281 1213 rerum
2314 1157 2717 1227 perturbatione
2740 1200 2754 1225 ,
2789 1169 2841 1214 et
2872 1168 3016 1214 tanta
3046 1159 3306 1215 ﬂuctuum
3334 1162 3522 1217 multi-

1920 1249 2123 1314 tudine,
2154 1264 2273 1303 cum
2298 1249 2519 1320 perinde
2548 1263 2613 1304 ac
2642 1259 2806 1319 petra:
2834 1250 3176 1317 insisterent,
3208 1261 3260 1307 et
3288 1252 3343 1306 in
3369 1261 3519 1307 trau-

1919 1339 2087 1409 quillo
2118 1349 2269 1408 portu
2301 1348 2541 1404 starent,
2574 1339 2704 1393 nihil
2739 1354 2901 1409 grave
2931 1349 3022 1395 aut
3048 1356 3299 1411 asperum
3331 1356 3521 1398 sense-

1921 1437 2064 1482 runt.
2090 1428 2514 1482 Commotionem
2543 1437 2721 1483 autem
2749 1442 2816 1483 ne
2832 1442 2991 1483 voces
3007 1445 3186 1484 rerum
3207 1444 3385 1487 casus.
3402 1428 3519 1485 Non

1921 1527 2001 1575 est
2026 1519 2169 1573 enim
2200 1519 2302 1573 hoc
2324 1520 2615 1573 commotio
2640 1560 2656 1586 ,
2687 1519 2781 1573 sed
2809 1520 3002 1574 anima:
3029 1519 3299 1588 interitus,
3330 1530 3385 1577 et
3407 1521 3521 1576 vir-

1923 1621 2088 1665 tutem
2116 1611 2397 1665 amisisse:
2425 1610 2566 1681 quod
2595 1611 2810 1681 quidem
2840 1626 2945 1666 non
2969 1612 3147 1666 evenit
3170 1612 3223 1667 itt
3246 1613 3519 1683 periculis,

1923 1704 1988 1758 iis
2013 1703 2103 1771 qui
2133 1710 2259 1757 sunt
2295 1702 2459 1757 sobrii
2500 1714 2554 1757 et
2594 1703 2901 1772 sapientes,
2949 1703 3059 1757 imo
3101 1718 3230 1759 vero
3276 1704 3441 1759 tutius
3467 1713 3523 1760 et

1926 1793 2130 1849 ﬁrmius
2158 1808 2310 1849 suam
2352 1793 2629 1864 possident
2661 1793 3052 1864 philosophiam
3080 1794 3442 1866 clarioresque
3467 1804 3523 1851 et

1922 1884 2242 1940 illustriores
2265 1884 2517 1941 evadunt.
2559 1885 2710 1953 Quod
2739 1886 2782 1941 si
2814 1886 2893 1941 vis
2924 1885 3083 1955 etiam
3112 1888 3403 1958 auagogice
3432 1903 3524 1943 sn-

1923 1991 2074 2031 mere
2108 1976 2236 2031 illud
2254 2019 2268 2044 ,
2308 1975 2423 2031 Non
2448 1977 2842 2031 commovebitur
2869 1977 2920 2030 in
2951 1986 3192 2031 teternum
3217 1980 3306 2049 qui
3330 1979 3524 2033 habitat

1921 2070 1973 2122 in
1998 2067 2286 2122 Jerusalem
2308 2110 2324 2135 ,
2361 2070 2606 2124 describe
2629 2069 2720 2123 tibi
2750 2078 2950 2123 sortem
2973 2083 3221 2139 superum
3250 2080 3521 2142 metropo-

1923 2160 2006 2215 lis.
2060 2160 2161 2226 Qui
2208 2161 2352 2215 enim
2399 2162 2543 2215 illam
2588 2170 2945 2230 receperunt,
2993 2173 3122 2217 sunt
3161 2161 3231 2216 ab
3268 2163 3524 2218 omnibus

1921 2255 2141 2308 omnino
2167 2255 2381 2310 casibus
2407 2255 2557 2310 liberi
2592 2271 2606 2309 :
2636 2254 2774 2309 nihil
2805 2255 2915 2311 illic
2937 2254 3081 2326 quod
3119 2256 3240 2312 illos
3266 2257 3523 2327 supplan-

1924 2353 2031 2410 tet,
2060 2360 2167 2399 non
2193 2345 2533 2415 cupiditates,
2576 2361 2678 2401 nec
2703 2347 3036 2417 voluptates,
3066 2362 3168 2403 nec
3198 2349 3401 2418 peccati
3426 2363 3520 2404 oc-

1919 2439 2087 2504 casio,
2136 2453 2243 2493 non
2284 2437 2459 2520 dolor,
2495 2446 2600 2492 non
2630 2440 2872 2494 molestia
2898 2481 2911 2503 ,
2944 2455 3052 2494 nou
3082 2441 3320 2510 pericula
3358 2460 3373 2497 :
3405 2443 3523 2499 hinc

1919 2530 2097 2583 omnia
2121 2529 2278 2599 longe
2302 2528 2549 2585 aberunt.
2577 2529 2632 2583 2.
2661 2528 2972 2595 Jerusalem,
3006 2542 3201 2586 montes
3227 2533 3282 2587 in
3306 2534 3521 2589 circuitu

1919 2620 2028 2689 ejus
2047 2660 2061 2684 ,
2101 2629 2148 2673 et
2174 2617 2425 2674 Dominus
2452 2620 2504 2673 in
2541 2620 2757 2675 circuitu
2787 2621 2967 2691 pepuli
2990 2623 3070 2676 sui
3090 2638 3155 2677 ea:
3183 2622 3278 2676 hoc
3308 2640 3443 2678 nunc
3468 2638 3520 2679 et

1918 2725 2077 2779 usque
2103 2710 2157 2763 in
2190 2709 2452 2764 saeculum.
2482 2710 2584 2764 Pcr
2613 2709 2727 2765 haec
2752 2710 2968 2780 quidem
2998 2711 3127 2767 dicit
3153 2714 3345 2768 adesse
3366 2715 3523 2771 auxi-

1913 2800 2044 2863 lium
2071 2800 2269 2856 civitati
2294 2815 2360 2855 ex
2386 2800 2502 2871 ejus
2526 2801 2630 2856 situ
2657 2819 2670 2855 :
2702 2801 2797 2856 sed
2820 2816 2924 2855 non
2950 2803 3208 2871 permittit
3231 2812 3288 2858 ut
3307 2805 3355 2860 ei
3387 2821 3524 2861 con-

1917 2892 2067 2959 ﬁdat,
2086 2893 2180 2948 sed
2203 2910 2321 2950 eam
2341 2895 2408 2948 ad
2437 2895 2846 2965 inexpugnabile
2860 2894 3306 2966 erigitauxilium,
3327 2914 3524 2971 nempe

1916 2984 2104 3039 Deum.

1984 3076 2040 3130 2.
2074 3077 2227 3144 Etsi,
2258 3077 2460 3147 inquit,
2487 3094 2605 3134 eam
2652 3088 2863 3135 montes
2902 3084 3184 3146 muniant,
3218 3082 3304 3137 illa
3339 3090 3517 3140 tamen

1915 3168 2250 3236 protectione
2272 3169 2469 3240 indiget
2496 3186 2509 3223 :
2536 3170 2586 3224 id
2613 3171 2756 3225 enim
2781 3186 2900 3226 eam
2932 3172 3107 3228 reddit
3132 3176 3522 3247 inexpugnabi-

1914 3256 2037 3312 lem.
2059 3257 2317 3324 Quocirca
2344 3258 2477 3313 alins
2496 3260 2572 3328 (a)
2587 3274 2795 3331 quoque
2811 3262 2940 3317 dicit
2965 3262 3249 3335 interpres,
3272 3265 3523 3324 Dominus

1914 3350 2083 3393 autem
2110 3343 2248 3395 circa
2276 3342 2523 3413 papalum
2543 3359 2709 3397 suum.
2734 3344 2844 3400 Hoc
2861 3355 2960 3412 est_
2984 3362 3052 3402 ne
3067 3349 3321 3405 conﬁdite
3336 3352 3519 3408 altitu-

1913 3426 2024 3484 dini
2053 3432 2335 3485 montium.
2365 3432 2515 3498 Quod
2545 3434 2689 3487 enim
2718 3440 2837 3488 eam
2871 3434 2997 3491 facit
3026 3438 3517 3511 inexpugnabilem,

1915 3522 2018 3576 hoc
2048 3531 2149 3589 est,
2184 3522 2237 3577 5.
2274 3522 2406 3591 Quia
2432 3541 2539 3607 non
2558 3526 2804 3596 relinquet
2832 3526 3085 3585 Dominus
3110 3532 3304 3604 virgqu
3336 3551 3518 3605 pecca-

1913 3624 2081 3668 torum
2122 3630 2275 3680 super
2302 3626 2483 3669 sortem
2510 3619 2792 3687 justorum.
2821 3618 2959 3674 Dicit
2993 3620 3197 3691 justam
3232 3625 3520 3695 quamdam

1914 3720 2128 3760 causam
2160 3706 2254 3761 Dei
2281 3708 2484 3773 auxilii,
2512 3718 2569 3762 ut
2595 3710 2667 3763 illi
2697 3710 2903 3779 possint
2930 3713 3221 3771 conﬁdere.
3255 3716 3516 3785 Quisnam

1913 3810 2090 3852 autem
2113 3813 2175 3853 ea
2202 3798 2325 3854 est?
2351 3798 2467 3853 Non
2499 3802 2831 3870 permiserit,
2859 3803 3057 3875 inquit,
3089 3804 3227 3862 bona
3250 3808 3517 3878 justorum

1915 3904 2034 3944 esse
2073 3890 2126 3945 in
2172 3892 2417 3947 manibus
2450 3903 2812 3961 peccatorum.
2846 3895 2959 3952 Hoc
2985 3912 3163 3954 autem
3190 3900 3359 3966 dixit,
3388 3918 3485 3961 sua

1914 3975 2051 4035 deus
2094 3990 2149 4036 ut
2188 3980 2521 4038 conﬁderent
2560 3983 2628 4039 de
2670 3985 2766 4039 Dei
2807 3987 3040 4055 auxilio,
3071 3997 3127 4045 et
3155 3999 3213 4045 ut
3241 3992 3294 4047 in
3324 3992 3522 4051 virtute

1917 4075 2283 4140 persisterent,
2309 4075 2352 4128 si
2382 4074 2585 4130 vellent
2610 4076 2710 4130 l’rui
2742 4090 3000 4149 perpetuo
3028 4081 3167 4137 illius
3191 4086 3394 4142 auxilio
3418 4130 3433 4154 ,
3466 4099 3520 4145 et

1916 4165 2053 4218 bona
2080 4179 2174 4219 sua
2206 4159 2406 4220 habere
2432 4167 2483 4219 iu
2527 4182 2623 4221 sua
2650 4178 2933 4237 potestate.
2965 4171 3069 4227 Per
3094 4173 3212 4230 haec
3249 4177 3396 4234 enim
3426 4195 3520 4236 os-

1917 4254 2087 4309 tendit
2115 4265 2170 4311 et
2195 4258 2616 4324 possessionem,
2645 4268 2700 4313 et
2726 4262 3067 4317 securitatem
3096 4265 3149 4319 in
3174 4266 3347 4323 libero
3370 4272 3520 4327 arbi«

1916 4348 2020 4403 trio
2045 4364 2165 4403 esse
2191 4350 2371 4404 sitam.
2409 4349 2622 4420 Virgam
2653 4362 2831 4407 autem
2878 4364 3220 4423 peccatorum
3248 4358 3336 4416 hic
3363 4372 3523 4419 vocat

1914 4456 2139 4510 regnum
2165 4440 2422 4496 hostium.
2453 4441 2607 4509 Quod
2635 4457 2765 4498 vero
2794 4443 2943 4506 dicit,
2967 4455 3052 4501 est
3080 4447 3347 4517 ejusmodi
3372 4469 3385 4505 :
3409 4468 3517 4510 non

1914 4533 2054 4586 siuet
2081 4541 2136 4585 ut
2166 4539 2385 4586 teneant
2410 4531 2762 4586 hereditatem
2785 4533 3076 4602 justorum.
3104 4538 3217 4593 Etsi
3244 4540 3388 4596 enim
3417 4542 3522 4600 hoc

1914 4622 2039 4678 fecit
2058 4623 2123 4678 ad
2154 4631 2384 4692 tempus,
2420 4620 2471 4677 id
2501 4622 2631 4678 fecit
2656 4638 2755 4693 pro
2784 4628 3138 4695 correctione,
3167 4631 3519 4703 castigatione

1914 4724 1971 4770 et
2006 4715 2394 4770 admonitione.
2427 4714 2495 4770 Ut
2524 4731 2627 4770 non
2669 4718 2941 4773 extendant
2958 4721 3095 4788 justi
3131 4722 3203 4777 ad
3228 4724 3521 4795 iniquitates

1914 4823 2095 4860 manus
2137 4823 2279 4860 suas.
2312 4802 2463 4861 Alius
2493 4808 2596 4879 (ὁ),
2630 4800 2914 4878 Propterea
2959 4827 3061 4866 non
3091 4814 3367 4870 extendunt
3384 4819 3519 4888 justi

1914 4900 1983 4952 ad
2007 4900 2321 4969 iniquitatem
2347 4916 2529 4954 manus
2557 4918 2694 4955 suas.
2728 4900 2954 4971 Propter
2972 4904 3263 4975 quidnam?
3289 4908 3519 4981 Propter

1915 4990 1967 5044 id
1997 4991 2138 5060 quod
2169 4990 2371 5045 dictum
2398 5000 2501 5058 est,
2530 4991 2799 5057 defendet,
2833 4992 3141 5064 ulciscetur,
3176 4997 3359 5055 hostes
3386 5016 3517 5071 pro-

1915 5079 2180 5148 puISabit,
2204 5095 2406 5151 eosque
2452 5082 2677 5150 repellet
2714 5081 2784 5137 ab
2825 5098 3012 5140 eorum
3061 5090 3511 5155 possessionibus.

1914 5170 2075 5238 Quasi
2104 5166 2337 5235 diceret,
2366 5171 2619 5243 Castigati
2660 5175 2952 5243 tcntatione
2973 5218 2989 5244 ,
3016 5187 3069 5232 et
3097 5178 3359 5236 bonorum
3383 5197 3517 5252 sup-

1916 5260 2242 5331 peditatione
2262 5258 2437 5320 eﬂ'ecti
2465 5266 2717 5321 meliores
2735 5308 2750 5333 ,
2777 5270 3196 5336 perseverabunt
3226 5273 3277 5328 in
3302 5276 3530 5338 virtute,

1915 5360 1971 5408 et
1998 5356 2247 5424 utrinque
2292 5356 2487 5411 eruditi
2516 5357 2704 5412 vitium
2745 5373 2853 5414 non
2878 5362 3162 5433 attingant.
3196 5363 3531 5422 Universum

1916 5463 2046 5518 ergo
2074 5456 2353 5518 propterea
2380 5449 2574 5505 factum
2602 5458 2719 5515 est,
2749 5460 2805 5506 ut
2830 5454 3009 5508 anima
3046 5469 3233 5510 eorum
3263 5458 3521 5514 reddatur

1916 5541 2128 5607 melior,
2157 5550 2210 5597 et
2234 5541 2398 5597 rebus
2424 5543 2643 5613 quidem
2672 5544 2918 5602 adversis
2938 5547 3238 5618 corrigatur
3256 5591 3273 5617 ,
3297 5564 3521 5608 conces-

1915 5632 1991 5688 sis
2015 5641 2191 5687 autem
2223 5633 2377 5688 bonis
2407 5632 2497 5688 ﬁat
2524 5635 2820 5705 promptior
2838 5646 2895 5690 et
2912 5636 3160 5694 alacrior.
3188 5640 3243 5695 4.
3264 5638 3517 5709 ΒεηεῙαο,

1984 5831 2058 5896 (α)
2091 5833 2207 5891 Quis
2228 5833 2293 5882 sit
2314 5831 2402 5896 ille
2424 5831 2553 5883 alius
2572 5833 2824 5896 interpres
2845 5835 3080 5886 nescitur.

1982 5895 2054 5957 (ο)
2088 5896 2170 5943 llic
2196 5895 2341 5944 etiam
2366 5895 2614 5957 interpres
2635 5895 2745 5959 quis
2766 5896 2832 5945 sit
2852 5898 3125 5959 ignoratur.
