4086 6442
620 427 658 481 Ἠ
666 426 732 478 :‘iﬁ

625 550 864 606 Numine,
898 542 1062 595 bonis.
1100 538 1246 592 Alius
1278 534 1356 604 (ιι)
1379 574 1390 596 ,
1422 529 1670 595 Beneﬁcia
1711 523 1901 592 confer.
1938 520 1998 573 Et
2051 517 2196 571 rectis

619 638 785 691 corda.
811 635 866 690 5.
896 631 1217 686 Declinantes
1237 635 1402 678 autem
1427 622 1479 674 in
1506 619 1830 688 obligationes
1852 611 2060 666 adducet
2094 609 2198 661 Do-

618 732 782 782 minus
818 742 928 779 cum
957 718 1276 792 aperantibus
1300 715 1631 785 iniquitatem.
1665 707 1819 761 Vides
1862 705 2051 770 ubique
2079 699 2199 754 duci

619 841 650 877 a
683 823 834 877 nobis
863 817 1066 872 initium
1093 825 1144 870 et
1168 813 1429 868 bonorum
1458 799 1970 872 consequendorum,
1999 804 2053 850 et
2080 808 2197 847 sus-

621 914 851 971 tinenda:
907 908 1132 982 panic?
1172 905 1423 971 Quamvis
1471 907 1648 952 autem
1694 909 1721 945 a
1768 891 1922 946 nobis
1965 894 2203 941 sumatur

623 979 958 1076 principium,
982 1001 1058 1055 sic
1080 1008 1254 1053 tamen
1273 995 1365 1048 Dei
1391 1004 1599 1067 quoque
1615 983 1967 1076 benignitatis
1979 979 2201 1076 plurima

625 1069 712 1150 iux
741 1069 986 1162 ail'ulget;
1017 1087 1228 1158 profusa
1265 1084 1404 1139 enim
1437 1079 1662 1150 quadam
1691 1086 1743 1131 et
1769 1069 2085 1162 redundanti
2103 1083 2201 1162 co-

622 1189 706 1256 pia
733 1200 830 1240 nos
853 1161 1015 1236 vincit
1035 1171 1544 1234 remunerationibus
1563 1187 1574 1221 :
1594 1179 1647 1224 et
1670 1171 1718 1220 in
1743 1165 1972 1236 peccatis
1991 1161 2202 1256 quidem

623 1254 956 1331 moderatum
984 1269 1206 1339 imponit
1230 1264 1568 1334 supplicium,
1595 1261 1643 1333 in
1672 1266 1818 1312 recte
1845 1265 2020 1308 autem
2053 1254 2204 1306 factis

623 1371 778 1439 longe
813 1365 998 1433 majori
1031 1361 1275 1416 mercede
1311 1359 1493 1412 donat.
1521 1356 1713 1409 [lectos
1739 1365 1898 1420 porro
1939 1349 2024 1402 hic
2050 1354 2206 1400 vocat

622 1460 921 1527 simplices,
956 1471 1060 1510 non
1102 1453 1251 1508 ﬁctos
1274 1491 1288 1517 ,
1318 1450 1406 1520 qui
1438 1447 1569 1502 nihil
1613 1444 1808 1498 habent
1835 1441 2203 1496 adumbratam

622 1568 722 1606 nec
745 1550 1072 1606 simulatum.
1101 1545 1230 1599 Tale
1257 1543 1399 1597 enim
1427 1547 1509 1594 est
1532 1538 1670 1607 quod
1701 1546 1902 1590 rectum
1931 1543 2029 1594 est,
2063 1531 2203 1600 quod

626 1644 760 1698 licus
783 1640 979 1708 ubique
1005 1635 1234 1691 maxime
1263 1630 1502 1700 requirit.
1534 1629 1676 1683 Talis
1697 1635 1781 1681 est
1807 1626 1965 1679 etiam
1999 1623 2167 1675 virtus
2187 1661 2202 1685 ,

623 1745 816 1797 nempe
843 1729 996 1796 plana
1026 1735 1080 1780 et
1113 1723 1381 1793 expedita,
1413 1716 1856 1790 quemadmodum
1893 1711 2206 1782 improbitas

624 1830 705 1875 est
732 1819 855 1889 quid
887 1830 1214 1886 perversum,
1246 1812 1446 1866 varium
1472 1852 1486 1874 ,
1511 1807 1726 1878 etquod
1764 1821 1868 1858 non
1898 1804 2056 1857 habet
2085 1802 2207 1856 exi-

628 1925 736 1966 tum
763 1920 853 1964 :ct
880 1907 929 1962 id
963 1915 1134 1977 potest
1161 1905 1322 1960 videri
1354 1919 1418 1957 ex
1443 1902 1602 1956 rebus
1643 1900 1787 1966 ipsis.
1822 1897 1949 1950 Nam
1980 1897 2067 1964 qui
2095 1893 2210 1946 vult

625 2001 876 2064 nitentiri,
908 2009 961 2054 et
1004 1999 1158 2051 dolos
1199 2008 1442 2057 struem,
1491 1993 1658 2061 cogita
1700 1991 1836 2057 apud
1889 1999 1937 2044 te
1982 1996 2110 2058 quot
2155 1996 2210 2040 et

625 2101 818 2163 quanta
860 2088 1194 2160 aggreditur,
1220 2093 1414 2156 quanta
1454 2095 1588 2152 opus
1633 2081 1787 2134 habet
1835 2081 2123 2142 varietate,
2156 2089 2211 2131 et

627 2187 937 2256 quibusnam
959 2183 1092 2236 ﬁctis
1108 2178 1453 2243 orationibus,
1467 2182 1662 2246 quanto
1682 2172 1924 2234 artiﬁcio,
1945 2181 1996 2224 et
2016 2181 2208 2240 quanta

626 2274 834 2330 dicendi
853 2275 1113 2328 facultate.
1129 2271 1225 2338 Qui
1243 2279 1418 2323 autem
1435 2267 1564 2320 dicit
1579 2267 1870 2327 veritatem,
1888 2279 1988 2315 nou
2003 2264 2204 2325 labore,

627 2382 730 2421 non
747 2365 1077 2427 difﬁcultate,
1092 2378 1196 2418 non
1210 2361 1563 2422 simulatione,
1580 2373 1684 2410 non
1696 2366 1829 2417 arte,
1844 2365 1932 2408 aut
1946 2354 2212 2408 machina-

626 2459 791 2520 tione,
812 2465 900 2508 aut
926 2457 1031 2509 ullo
1056 2455 1157 2507 alio
1184 2451 1441 2520 ejusmodi
1467 2449 1682 2517 indiget,
1700 2462 1818 2502 cum
1837 2461 1897 2499 ea
1916 2447 2021 2513 ipsa
2044 2459 2133 2512 per
2153 2458 2212 2498 se

631 2553 821 2604 luceat.
847 2545 1304 2616 Quemadmodum
1335 2545 1476 2598 enim
1506 2541 1760 2597 deformia
1785 2555 2002 2608 corpora
2034 2537 2214 2592 multis

628 2639 862 2694 artiﬁciis
891 2646 945 2692 et
973 2637 1347 2705 integumentis
1373 2635 1630 2704 indigent,
1658 2648 1774 2703 quae
1808 2640 2004 2685 naturae
2033 2629 2211 2684 defor-

631 2731 868 2786 mitatem
894 2738 1174 2799 contegunt
1205 2745 1218 2780 ε
1250 2742 1366 2796 qua:
1396 2735 1569 2780 autem
1599 2734 1786 2778 natura
1819 2721 2033 2792 pulchra
2065 2731 2208 2785 sunt,

629 2825 742 2893 ipsa
768 2839 862 2892 per
889 2837 968 2887 se,
996 2822 1095 2877 etsi
1124 2821 1251 2874 nihil
1278 2820 1606 2874 extrinsecus
1647 2815 1944 2880 advenerit,
1970 2815 2213 2882 resplen-

629 2915 752 2970 dent
778 2933 790 2967 :
822 2915 890 2967 ita
921 2914 1077 2966 etiam
1101 2913 1152 2966 in
1177 2911 1396 2966 veritate
1422 2919 1476 2964 et
1517 2907 1822 2969 mendacio,
1855 2906 1905 2959 in
1937 2905 2130 2959 virtute
2159 2913 2213 2959 et

627 3007 756 3060 vitio
777 3004 1014 3060 invenire
1039 3016 1337 3072 possumus.
1367 3000 1520 3056 Unde
1542 3000 1742 3054 clarum
1771 3006 1874 3061 est,
1904 2997 2063 3051 etiam
2089 3003 2214 3050 ante

631 3097 942 3166 supplicium
970 3097 1154 3149 vitium
1187 3095 1357 3163 ipsum
1390 3091 1704 3161 supplicium
1735 3089 1990 3158 inﬂigere,
2015 3099 2068 3143 et
2091 3097 2213 3142 ante

631 3186 1108 3241 remunerationem
1127 3185 1371 3238 virtutem
1390 3183 1733 3236 remunerari.
1753 3178 2210 3246 Quemadmodum

630 3277 771 3330 enim
799 3277 885 3331 illa
911 3276 1069 3329 habet
1094 3275 1145 3328 in
1176 3274 1346 3342 scipsa
1371 3273 1588 3342 praemia
1616 3272 1776 3326 etiam
1799 3280 1922 3324 ante
1951 3283 2207 3324 coronas:

632 3367 704 3421 ita
728 3368 886 3421 etiam
909 3365 1010 3420 hoc
1037 3379 1246 3434 pcenam
1276 3365 1330 3418 in
1361 3377 1420 3417 se
1444 3363 1699 3423 continet,
1726 3372 2008 3430 antequam
2032 3360 2214 3426 punia-

634 3466 735 3511 tur.
769 3456 903 3523 Quid
933 3456 1075 3510 cnim
1103 3455 1271 3523 possit
1307 3468 1426 3509 esse
1459 3464 1672 3523 peccato
1696 3454 1908 3523 grmius
1935 3496 1949 3517 ,
1975 3453 2116 3523 quod
2145 3452 2211 3507 ad

633 3561 845 3615 pinnam
880 3545 1107 3599 attinet?
1129 3543 1386 3610 Quocirca
1414 3543 1607 3598 Paulus
1630 3558 1838 3614 quoque
1865 3558 2049 3598 eorum
2074 3558 2216 3598 men-

636 3641 834 3695 tionem
887 3635 1083 3690 faciens
1112 3675 1126 3699 ,
1170 3634 1260 3704 qui
1306 3635 1662 3690 meretriciam
1709 3644 1877 3691 artem
1920 3643 2208 3702 exercent,

632 3729 818 3782 florem
843 3729 1016 3782 aetatis
1042 3727 1362 3796 prostituam
1382 3767 1398 3794 ,
1431 3735 1487 3782 et
1513 3735 1713 3782 naturae
1749 3727 1894 3798 leges
1929 3737 2209 3796 evertunt,

633 3818 766 3873 dixit
795 3819 896 3874 hoc
912 3797 1041 3874 csse
1065 3819 1352 3874 maximum
1372 3820 1712 3890 supplicium,
1738 3797 1898 3875 etiam
1929 3830 2211 3890 antequam

636 3909 939 3978 puniantur.
972 3908 1192 3964 ﬂosculi
1217 3911 1381 3975 enim,
1411 3911 1610 3981 inquit,
1639 3912 1694 3965 in
1722 3912 1961 3967 masculis
1998 3914 2216 3983 turpitu-

635 4002 801 4055 dinem
831 4011 1094 4072 operantes
1114 4044 1129 4066 ,
1153 4011 1199 4056 et
1226 4002 1502 4056 mercedem
1524 4044 1538 4068 ,
1567 4019 1719 4074 quam
1747 4004 2006 4072 oportuit,
2032 4005 2216 4059 erroris

634 4092 716 4145 sui
741 4093 793 4145 in
829 4109 880 4144 se
910 4093 1205 4162 recipientes
1231 4092 1408 4165 (Rom.
1438 4094 1488 4147 1.
1515 4092 1610 4165 27)
1639 4111 1652 4146 :
1685 4094 1982 4150 mercedem
2012 4096 2214 4164 peccati

638 4182 758 4243 sui,
777 4182 1234 4250 intemperantiam
1261 4192 1316 4238 et
1344 4184 1514 4252 ipsum
1542 4192 1719 4239 actum
1745 4198 1960 4239 vocans.
1987 4185 2106 4239 Pax
2128 4202 2216 4240 su-

638 4291 725 4341 per
741 4272 922 4328 Israel.
942 4274 1254 4329 Precatione
1272 4276 1532 4330 conclusit
1558 4275 1872 4332 orationem.
1894 4275 2050 4332 Tales
2072 4280 2214 4332 enim

638 4375 762 4418 sunt
790 4374 1094 4420 sanctorum
1122 4366 1314 4420 anima:
1339 4383 1351 4418 :
1375 4368 1494 4420 cum
1525 4359 1972 4422 adhortatione-et
1995 4368 2218 4422 consilio

639 4456 897 4525 adjiciunt
921 4459 1215 4513 orationem
1236 4499 1252 4523 ,
1278 4458 1608 4514 auditoribus
1647 4458 1937 4513 maximum
1979 4460 2220 4515 introdu-

638 4556 822 4604 centea
846 4549 1124 4603 auxilium.

711 4640 831 4694 Pax
843 4649 1152 4694 sanctorum.
1172 4669 1243 4682 -—
1260 4641 1451 4696 Pacem
1471 4649 1646 4697 autem
1675 4641 1763 4697 hic
1778 4641 1927 4709 dicit,
1956 4657 2060 4697 non
2083 4643 2220 4698 hanc

640 4729 1105 4798 solam’sensilem,
1122 4731 1215 4786 sed
1233 4747 1348 4786 eam
1370 4733 1550 4799 etiam,
1571 4749 1689 4803 quae
1707 4745 1784 4788 est
1809 4734 1908 4789 bac
1937 4735 2216 4803 excelsior,

642 4827 698 4874 et
720 4819 846 4875 dicit
870 4820 1132 4875 undenam
1157 4824 1444 4886 enascitur,
1468 4836 1689 4894 oratque
1710 4833 1766 4879 ut
1791 4826 1965 4880 anima
1992 4840 2112 4880 cum
2133 4841 2221 4881 se-

644 4909 754 4979 ipsa
793 4924 897 4964 non
937 4920 1146 4966 moveat
1189 4912 1503 4967 seditionem
1528 4955 1542 4978 ,
1575 4914 2033 4982 perturbationum
2057 4915 2220 4971 animi

644 4998 840 5054 bellum
868 4998 1118 5056 inferens.
1149 5000 1293 5056 Hanc
1322 5016 1420 5056 nos
1445 5017 1654 5074 quoque
1676 5020 1857 5073 pacem
1887 5021 2184 5076 quaeramus
2201 5046 2220 5074 ,

647 5098 705 5145 ut
733 5092 989 5158 promissa
1014 5093 1152 5147 bona
1180 5095 1443 5162 possimus
1461 5098 1694 5165 assequi,
1713 5098 1878 5167 gratia
1905 5111 1956 5154 et
1984 5099 2223 5171 benigni-

645 5189 755 5236 tate
776 5180 984 5236 Domini
1001 5183 1165 5238 nostri
1185 5183 1310 5239 Jesu
1327 5183 1538 5252 Christi,
1571 5188 1655 5242 cui
1680 5188 1847 5258 gloria
1869 5200 1922 5246 et
1943 5191 2222 5263 imperium

645 5270 700 5325 in
729 5270 922 5326 secula
952 5272 1287 5329 saeculorum.
1318 5275 1512 5333 Amen.

708 5451 784 5518 (υ)
813 5453 900 5503 llic
920 5455 1068 5506 etiam
1087 5456 1336 5520 Interpres
1356 5461 1466 5523 quis
1485 5463 1548 5514 sit
1570 5463 1802 5515 nescitur.

1347 421 1404 474 S.
1444 411 1718 472 JOANNIS
1754 401 2225 464 CllllYSOSTOMI
2266 399 2578 456 ARCIIIEP.
2620 402 3142 459 CONSTANTINOP.

3797 401 3894 458 560

2769 518 2832 570 ΙΝ
2866 517 3188 573 PSALMUM
3221 516 3428 572 CXXV.

2306 650 2327 701 i
2405 648 2466 701 In
2510 649 2839 702 convertenda
2885 648 3134 702 Dominus
3181 649 3518 718 captivitatem
3575 649 3743 713 Sion,
3783 651 3901 719 facti

2373 755 2548 792 sumus
2567 741 2691 793 sicut
2713 740 2974 793 consolati.
3002 741 3147 792 Alius
3169 745 3433 808 interpres
3454 743 3530 812 (α)
3551 740 3700 805 dicit,
3728 741 3902 805 Quen-

2377 832 2442 882 do
2491 831 2787 884 conuerterit
2834 829 3087 882 Dominus
3131 832 3512 900 captivitatem,
3542 832 3734 885 erimus
3785 849 3904 884 con-

2375 923 2546 977 soluti.

2379 1059 2431 1112 l.
2458 1057 2658 1112 Nomen
2681 1058 2994 1127 captivitatis
3020 1068 3103 1113 est
3128 1058 3341 1128 quidem
3371 1059 3422 1113 in
3453 1060 3757 1128 prolatione
3778 1061 3905 1114 sim-

2309 1150 2461 1219 plex,
2490 1147 2650 1203 habet
2677 1161 2854 1205 autem
2893 1149 3086 1203 multos
3127 1164 3334 1204 sensus.
3367 1150 3458 1202 Est
3485 1153 3630 1204 enirn
3675 1161 3730 1206 et
3767 1153 3903 1206 bona

2307 1242 2617 1310 captivitas,
2641 1249 2698 1294 ut
2737 1241 2946 1310 quando
2993 1242 3121 1295 dicit
3170 1242 3399 1304 Paulus,
3431 1240 3756 1311 Captivantes
3794 1259 3907 1295 onl-

2306 1350 2418 1386 ncm
2445 1333 2752 1387 intellectum
2784 1335 2834 1385 in
2866 1333 3118 1386 Christum
3147 1331 3220 1400 (2.
3249 1331 3368 1388 Cor.
3397 1333 3478 1387 10.
3513 1333 3591 1402 5).
3625 1335 3720 1387 list
3741 1335 3902 1397 mala,

2307 1435 2362 1478 ut
2390 1425 2600 1494 quando
2627 1425 2755 1478 dicit
2784 1441 2795 1475 :
2831 1424 3065 1494 (.‘aptivas
3090 1424 3393 1478 abducentes
3422 1425 3755 1480 mulierculas
3785 1443 3907 1479 one-

2307 1525 2446 1568 ratas
2496 1516 2713 1584 peccatis
2741 1515 2814 1585 (2.
2843 1513 2976 1567 Tim.
3005 1515 3058 1568 5.
3087 1514 3168 1583 6).
3197 1516 3293 1569 Est
3320 1531 3438 1584 qme
3467 1516 3521 1568 in
3567 1528 3752 1572 mente
3783 1533 3906 1572 ver-

2308 1617 2473 1669 satur,
2509 1616 2565 1660 ut
2588 1606 2656 1660 de
2684 1622 2785 1675 qua
2815 1606 2958 1671 dicit,
2997 1605 3290 1660 Praedicare
3317 1608 3528 1676 captiuis
3556 1610 3909 1662 remissionem

2310 1697 2461 1768 (Isai.
2487 1701 2574 1752 iii.
2609 1698 2680 1770 1).
2711 1700 2803 1753 Est
2827 1715 2944 1769 qua:
2972 1700 3071 1754 sub
3098 1715 3314 1754 sensum
3342 1701 3498 1761 cadit,
3533 1709 3590 1755 ut
3618 1717 3739 1770 qua:
3763 1701 3824 1756 ﬁt
3843 1702 3912 1756 ab

2310 1789 2569 1844 hostibus.
2597 1791 2746 1844 Prior
2769 1799 2945 1845 autem
2976 1801 3057 1844 est
3082 1793 3314 1860 gravior.
3343 1791 3440 1857 Qui
3472 1793 3614 1846 enim
3643 1803 3912 1860 ceperunt

2310 1885 2513 1950 aliquos
2535 1883 2654 1949 jure
2681 1882 2825 1948 belli,
2848 1882 3016 1950 captis
3038 1898 3181 1951 smpe
3212 1895 3452 1951 parcunt,
3472 1893 3527 1938 et
3551 1884 3595 1936 si
3626 1893 3713 1936 aut
3743 1897 3913 1953 aqua-

2311 1976 2376 2031 ri,
2405 1982 2492 2026 aut
2521 1973 2726 2040 lignari,
2756 1982 2846 2026 aut
2871 1987 3036 2042 equos
3066 1988 3288 2038 pascere
3309 1975 3571 2042 jusseriut
3596 1975 3634 2042 ',
3669 1977 3910 2030 animam

2311 2065 2527 2119 minime
2557 2065 2790 2120 laeserint
2815 2081 2827 2116 :
2857 2065 2946 2134 qui
2990 2066 3191 2134 peccati
3236 2074 3413 2120 autem
3451 2068 3696 2136 captivus
3732 2067 3911 2124 factus

2312 2162 2424 2217 est,
2454 2153 2612 2207 habet
2653 2168 2850 2208 smvum
2889 2163 2941 2209 et
2986 2154 3268 2210 barbarum
3301 2156 3606 2220 dominum,
3643 2158 3733 2226 qui
3765 2158 3912 2228 cogit

2312 2260 2430 2297 cuin
2455 2245 2626 2298 facere
2650 2260 2735 2300 res
2764 2245 3114 2314 turpissimaS,
3133 2255 3187 2300 et
3205 2248 3436 2301 maxime
3460 2249 3769 2316 probrosas.
3789 2248 3910 2303 Non

2313 2336 2452 2388 enim
2482 2350 2698 2402 parcere
2720 2378 2733 2399 ,
2766 2349 2862 2390 nec
2907 2336 3146 2391 misereri
3175 2337 3320 2389 novit
3351 2335 3465 2390 haec
3495 2339 3604 2390 vitii
3643 2339 3910 2409 tyrannis.

2314 2426 2448 2479 Audi
2489 2427 2666 2495 itaque
2695 2427 2959 2494 quomodo
2989 2442 3109 2481 cum
3144 2428 3400 2482 miserum
3428 2439 3480 2482 et
3511 2428 3779 2484 infelicem
3807 2428 3911 2484 Ju-

2315 2517 2436 2570 dam
2460 2519 2757 2586 accepisset
2782 2519 3086 2588 captivum,
3116 2519 3335 2574 minime
3365 2521 3411 2574 ei
3441 2523 3743 2589 pepercerit
3765 2565 3779 2583 ,
3811 2522 3910 2576 sed

2314 2609 2626 2677 sacrilegum
2665 2620 2719 2663 et
2765 2610 3092 2680 proditorem
3134 2609 3580 2665 fecerit:dcinde
3622 2621 3911 2682 postquam

2313 2702 2484 2757 scelus
2510 2713 2870 2772 perpetrasset
2891 2745 2903 2764 .
2929 2719 3050 2772 eum
3075 2705 3126 2758 in
3151 2703 3415 2758 theatrum
3447 2703 3758 2758 Judzeorum
3788 2720 3916 2774 pro~

2313 2791 2523 2846 duxerit
2546 2834 2561 2859 ,
2586 2803 2640 2848 et
2661 2794 2983 2849 maleﬁcium
3024 2795 3348 2850 revelaverit
3369 2836 3385 2861 ,
3413 2804 3466 2848 et
3491 2810 3589 2850 nec
3616 2797 3662 2850 si
3691 2796 3913 2865 quidem

2313 2887 2658 2955 permiserit,
2691 2896 2748 2940 ut
2791 2888 3091 2956 perciperet
3123 2886 3354 2942 fructum
3398 2888 3767 2957 poenitentia,
3813 2889 3914 2944 sed

2314 2989 2436 3034 ante
2482 2981 2842 3048 pteniteutiam
2883 2980 3161 3035 deduxerit
3204 2979 3270 3035 ad
3314 2981 3577 3049 laqueum.
3622 2979 3723 3035 Est
3765 2981 3914 3035 enim

2314 3084 2484 3124 saavus
2517 3080 2791 3140 tyrannus,
2828 3072 2915 3140 qui
2937 3071 3089 3141 jubet
3115 3087 3233 3142 qua:
3266 3082 3390 3126 sunt
3416 3071 3695 3142 improba,
3730 3082 3789 3129 et
3814 3089 3916 3130 eos

2312 3161 2402 3230 qui
2442 3161 2716 3228 obediunt,
2745 3163 3030 3232 ignominia
3066 3163 3246 3218 afﬁcit.
3291 3163 3552 3231 Quocirca
3589 3178 3688 3221 vos
3728 3180 3868 3237 rogo
3897 3211 3912 3234 ,

2313 3266 2524 3308 summo
2566 3254 2742 3309 studio
2784 3253 3048 3324 fugiamus
3084 3256 3201 3326 ejus
3241 3255 3566 3326 dominium,
3589 3265 3649 3313 et
3672 3273 3801 3314 cum
3844 3275 3916 3315 eo

2315 3343 2611 3411 bellemus,
2643 3359 2742 3401 nec
2779 3346 2826 3399 ei
2858 3361 3114 3416 umquam
3142 3349 3583 3415 reconciliemur,
3616 3359 3672 3406 et
3698 3351 3916 3408 liberati

2316 3434 2369 3488 in
2413 3435 2656 3490 libertate
2693 3451 3121 3504 permaneamus.
3149 3436 3205 3494 Si
3232 3438 3373 3493 enim
3405 3438 3457 3494 bi
3491 3455 3522 3496 a
3548 3439 3799 3498 barbaris
3846 3443 3918 3499 li-

2315 3527 2506 3591 berati,
2536 3530 2958 3584 consolationem
2985 3538 3326 3600 acceperunt,
3352 3531 3520 3587 multo
3545 3533 3718 3603 magis
3741 3548 3917 3606 opor-

2316 3630 2391 3676 tet
2427 3634 2526 3677 nos
2559 3636 2592 3675 a
2624 3629 2843 3690 peccato
2871 3623 3124 3676 liberatos
3147 3623 3383 3693 gaudere
3412 3631 3467 3679 et
3511 3625 3787 3681 exsultare
3809 3665 3827 3691 ,
3855 3635 3919 3684 et

2315 3710 2453 3766 hanc
2499 3711 2732 3767 laetitiam
2786 3727 3106 3768 conservare
3145 3715 3501 3770 immortalem
3529 3756 3546 3783 ,
3578 3731 3688 3772 non
3725 3725 3915 3775 autem

2315 3817 2433 3857 eam
2475 3803 2786 3874 perturbare
2829 3819 2893 3860 ac
2920 3803 3254 3860 confundere
3282 3846 3297 3868 ,
3324 3805 3512 3862 eadem
3554 3808 3692 3862 mala
3719 3824 3918 3868 rursus

2314 3896 2701 3966 aggredientes.
2750 3895 2902 3950 Facti
2945 3913 3120 3952 suam
3164 3897 3294 3951 sicut
3332 3898 3601 3954 consolati.
3651 3899 3765 3956 Hoc
3816 3902 3915 3958 alii

2316 3987 2530 4057 quidem
2557 3988 2877 4058 interpretes
2894 3987 3099 4052 dicunt,
3123 3987 3402 4060 Tamquam
3423 3990 3756 4047 somniantes.
3795 3990 3879 4048 He
3894 4026 3910 4034 -

2314 4077 2490 4135 bracas
2512 4088 2709 4144 autem,
2729 4078 3038 4134 Chaolemim
3055 4081 3098 4132 ’.
3121 4078 3258 4148 Quid
3283 4090 3367 4137 est
3386 4090 3587 4149 autem,
3609 4079 3874 4140 ϐαιωωί
3888 4087 3918 4140 2

2316 4169 2522 4242 impleti
2541 4213 2556 4237 ,
2587 4171 2796 4240 inquit,
2826 4185 3011 4227 sumus
3034 4171 3212 4241 quiete
3233 4213 3248 4237 ,
3277 4173 3462 4228 laetitia
3483 4212 3500 4238 ,
3529 4175 3823 4244 voluptate.
3850 4177 3910 4232 2.

2316 4258 2461 4314 Tunc
2487 4262 2735 4330 repletum
2764 4271 2837 4315 est
2873 4262 3062 4331 gaudio
3085 4277 3143 4316 os
3166 4273 3396 4317 nostrum
3417 4305 3432 4328 ,
3459 4273 3506 4318 et
3531 4265 3707 4337 lingua
3733 4280 3916 4323 nostra

2317 4353 2670 4407 exsultatione.
2695 4353 2749 4407 '5.
2775 4351 2921 4406 Tunc
2956 4353 3122 4410 dicent
3153 4353 3286 4410 inter
3315 4341 3486 4427 gentes
3506 4398 3522 4425 ,
3553 4356 3916 4430 Magni/icui!

2318 4441 2570 4497 Dominus
2597 4443 2765 4512 facere
2791 4459 2904 4498 cum
2929 4445 3020 4499 eis.
3053 4449 3104 4501 4.
3147 4444 3499 4517 Magniﬁcam
3535 4447 3790 4506 Dominam
3830 4453 3918 4522 [o-

2319 4552 2429 4590 cere
2451 4536 2729 4592 nobiscum.
2767 4536 2849 4592 Ad
2877 4538 3155 4593 meliorem
3197 4541 3544 4596 mutationem
3574 4556 3683 4598 non
3719 4557 3914 4614 parum

2319 4628 2524 4683 confert
2564 4627 2731 4683 lzctari
2777 4637 2997 4700 propter
3029 4629 3399 4686 liberationem
3427 4647 3455 4686 a
3485 4616 3815 4704 captivitate.
3845 4637 3916 4694 Et

2320 4721 2438 4791 quis
2461 4763 2476 4788 ,
2505 4722 2710 4794 inquies
2728 4763 2742 4786 ,
2773 4736 2879 4778 non
2920 4731 3200 4793 propterea
3229 4722 3440 4780 letatur
3461 4725 3486 4780 τ
3510 4725 3695 4784 Patres
3723 4743 3915 4786 eorum

2320 4813 2533 4882 quando
2558 4813 2766 4870 liberati
2797 4824 2924 4870 sunt
2959 4815 3028 4871 ab
3055 4814 3292 4888 Egypto
3315 4859 3330 4886 ,
3359 4827 3416 4875 et
3439 4818 3509 4875 ab
3537 4819 3624 4875 illa
3653 4813 3918 4881 scrvitute

2325 4905 2548 4960 traducti
2573 4905 2626 4959 in
2647 4905 2949 4961 libertatem
2972 4945 2988 4972 ,
3010 4919 3110 4976 per
3126 4922 3398 4963 summum
3424 4909 3616 4980 ingrati
3641 4913 3808 4968 animi
3831 4914 3919 4970 vi-

2323 4999 2453 5054 tium
2475 4999 2526 5053 in
2549 4997 2702 5054 bonis
2727 4997 2856 5070 ipsis
2876 4999 3302 5068 murmur-abant,
3322 5001 3752 5074 indignabantur,
3772 5021 3922 5078 aegre

2323 5090 2563 5146 terebant
2585 5131 2601 5154 ,
2627 5089 2808 5144 tristes
2846 5089 3158 5149 manebant.
3192 5094 3262 5148 At
3285 5107 3391 5149 non
3422 5104 3560 5162 nos,
3584 5094 3787 5167 inquit;
3820 5098 3918 5154 aed

2323 5181 2616 5254 gaudemus
2656 5189 2712 5236 et
2752 5180 3103 5237 exsultamus.
3131 5183 3252 5239 Ja
3280 5198 3413 5240 vero
3437 5200 3656 5242 unum
3697 5203 3921 5261 quoque

2388 5339 2406 5371 ι
2441 5337 2526 5387 uie
2547 5337 2735 5387 variant
2755 5335 2936 5388 ﬂorem
2976 5344 3031 5389 et
3061 5337 3220 5390 ξενίΗί
3259 5340 3519 5391 editiones.
3563 5340 3729 5393 Ila-el.
3765 5341 3915 5396 habet

2323 5405 2574 5515 Win"?
2584 5399 3922 5515 mumaaarurrrmm

2322 5461 2558 5529 fecerint.
2584 5461 2672 5529 ευρ
2687 5497 2703 5520 ς
2727 5461 2972 5529 unum-
2991 5463 3204 5529 renders
3521 5471 3731 5529 utraque
3772 5461 3919 5529 ιὲαὶο

2391 5520 2529 5633 agat
2543 5558 2559 5583 ,
2584 5521 2674 5573 sed
2706 5523 2839 5585 priOr
2855 5560 2871 5583 ,
2895 5520 3059 5574 habita
3079 5520 3246 5576 seriei
3264 5525 3454 5576 ratione
3468 5564 3484 5583 .
3509 5520 3820 5633 prater-coda
3841 5530 3891 5580 τι

2361 5595 2473 5633 θιιιτ
2479 5619 2492 5633 .

2388 5628 2605 5720 ίξρνιιη
2639 5641 2950 5720 choalentim.
2987 5648 3220 5720 ιιοιιιιιω
3252 5656 3466 5720 νοιίωι.
3503 5628 3756 5720 m‘m.
3792 5652 3920 5706 ω

2325 5715 2613 5766 senarium
2639 5728 2658 5766 ε
2690 5723 2746 5766 ιιι
2766 5717 2930 5788 habet
2961 5721 3109 5770 etiam
3141 5718 3290 5772 lectio
3325 5719 3524 5772 aliorum
3561 5715 3915 5788 interpretum.

2329 5789 2536 5840 quorum
2560 5790 2739 5827 nomen
2763 5786 2966 5831 tacetur.

2393 5843 2466 5902 (α)
2498 5841 2610 5898 Quis
2631 5841 2692 5891 sit
2716 5841 2794 5892 hlc
2814 5843 3060 5906 interpres
3077 5843 3381 5906 ignoramus.
