4086 6446
241 369 353 426 331

244 479 429 552 gaudii
449 478 698 536 suerunt.
724 477 839 532 Non
867 476 1062 540 solum,
1091 474 1279 544 inquit,
1306 470 1601 543 gaudemus
1628 474 1846 549 propter

248 570 626 626 liberationem
662 584 694 623 a
736 566 923 629 malis,
951 565 1046 621 sed
1090 565 1250 621 etiam
1290 563 1416 632 quia
1460 576 1526 616 ex
1553 574 1620 616 eo
1658 571 1847 613 omnes

247 669 619 735 cognoscent,
645 675 806 730 quam
850 658 1018 713 nostri
1068 656 1212 712 Deus
1260 668 1443 710 curam
1492 660 1665 723 gerat.
1698 648 1847 704 Tunc

251 757 421 820 enim,
446 753 636 824 inquit,
658 752 827 806 dicent
854 752 984 804 inter
1007 758 1197 820 gentes,
1219 743 1568 817 Magniﬁcavit
1597 741 1846 796 Dominus

254 848 423 917 facere
438 858 559 898 cum
585 844 678 897 eis.
719 840 1068 911 Magniﬁcam
1098 836 1342 891 Dominus
1370 838 1538 905 facere
1561 832 1843 887 nobiscum.

251 932 367 989 Non
400 943 604 988 temere
637 930 885 1001 adjicitur
912 928 1027 983 brae
1068 924 1460 995 conduplicatio
1484 963 1500 988 ,
1527 923 1623 978 sed
1662 929 1721 976 ut
1756 935 1847 975 os-

254 1020 540 1081 tenderent
577 1036 824 1092 magnam
850 1061 866 1085 ,
893 1034 1054 1089 quam
1084 1024 1374 1089 ceperant,
1399 1014 1661 1071 laetitiam.
1694 1012 1844 1067 Alte-

253 1132 373 1173 rum
421 1117 563 1172 enim
602 1115 824 1171 verbum
853 1120 937 1167 est
964 1110 1200 1182 gentium
1221 1148 1238 1175 ,
1263 1108 1488 1162 alterum
1519 1118 1649 1160 vero
1693 1103 1840 1174 ipso-

257 1224 401 1265 rum.
432 1206 567 1263 Vide
593 1214 795 1262 autem.
823 1202 940 1260 Non
971 1201 1238 1265 dixerunt,
1266 1196 1510 1267 Servavit
1538 1210 1639 1251 nos
1662 1235 1677 1261 ,
1710 1208 1806 1249 nec
1824 1233 1840 1259 ,

255 1298 526 1356 Liberavit
540 1310 656 1361 nos;
674 1295 791 1362 sed,
805 1291 1172 1366 Magnificam,
1189 1305 1301 1345 rem
1318 1287 1569 1359 opinione
1585 1284 1841 1356 majorem

253 1400 307 1447 et
334 1389 592 1447 miraculo
614 1388 823 1458 plenam
844 1401 939 1457 per
955 1384 1070 1441 haec
1095 1385 1334 1438 volentes
1356 1379 1657 1436 ostendere.
1680 1377 1843 1433 Vides

253 1481 550 1555 quomodo,
583 1489 642 1535 ut
681 1494 826 1550 saepe
852 1476 1116 1541 dicebam,
1148 1488 1246 1546 per
1271 1475 1411 1529 hanc
1431 1481 1647 1543 gentem
1675 1469 1837 1526 doce-

252 1572 409 1627 batur
434 1571 717 1626 universus
762 1569 906 1624 orbis
935 1575 1092 1623 terra:
1114 1606 1129 1631 ,
1152 1564 1279 1620 dum
1306 1572 1365 1619 et
1392 1561 1798 1619 abducerentur
1822 1601 1838 1626 ,

252 1669 306 1719 et
336 1676 521 1717 rursus
566 1659 967 1715 reducerentur.
1000 1655 1119 1726 Ipse
1144 1656 1287 1711 enim
1332 1653 1536 1710 reditus
1580 1650 1679 1707 fuit
1721 1653 1842 1706 loco

252 1750 531 1823 prmconis.
555 1749 758 1806 Eorum
779 1747 973 1819 quippe
998 1743 1139 1801 fama
1167 1744 1367 1815 ubique
1389 1741 1720 1813 pervolabat,
1746 1740 1841 1795 Dei

252 1845 306 1898 in
334 1859 431 1901 eos
457 1842 836 1913 benignitatem
884 1837 1218 1895 manifestam
1258 1836 1511 1893 omnibus
1550 1833 1793 1890 cfticiens
1822 1874 1837 1898 ,

250 1952 442 2007 magna
481 1936 687 1991 scilicet
711 1946 768 1991 et
794 1948 979 1989 revera
1015 1932 1162 1988 omni
1186 1931 1441 2001 opinione
1485 1929 1688 1998 majora
1716 1943 1840 1985 esse

247 2043 371 2095 qum
391 2029 442 2083 in
466 2041 563 2082 eos
588 2026 720 2082 facta
750 2032 904 2081 erant
931 2022 1209 2082 miracula.
1242 2021 1363 2093 Ipse
1381 2022 1526 2077 enim
1551 2020 1720 2090 Cyrus
1746 2018 1840 2090 qui

247 2134 344 2175 eos
370 2117 615 2185 tenebat,
637 2118 784 2186 ipsos
808 2115 1027 2179 dimisit,
1051 2128 1172 2170 eum
1203 2112 1382 2169 nullus
1402 2128 1526 2169 eum
1553 2120 1834 2184 rogasset,

246 2208 346 2265 sed
373 2209 513 2265 Deus
537 2215 769 2264 mentem
801 2206 942 2262 illius
967 2205 1286 2261 moliiisset:
1314 2218 1416 2261 nec
1440 2202 1610 2261 solum
1635 2218 1729 2259 eos
1752 2202 1839 2258 di-

246 2302 416 2367 misit,
441 2300 535 2358 sed
563 2300 721 2356 etiam
746 2298 925 2356 affecit
952 2298 1109 2355 donis
1133 2305 1189 2354 et
1214 2297 1543 2353 muneribus.
1567 2294 1718 2350 Facti
1744 2311 1838 2351 su-

244 2412 361 2452 mus
381 2396 624 2450 ltetontes.
643 2394 698 2450 4.
715 2391 975 2457 Converte,
991 2390 1223 2456 Domine,
1239 2391 1573 2462 captivitatem
1590 2400 1835 2456 nostram,

245 2488 377 2540 sicut
422 2495 614 2540 torrens
657 2486 714 2539 in
757 2493 952 2539 austro.
981 2482 1261 2552 Quomodo
1303 2481 1439 2537 dixit
1483 2482 1536 2536 in
1576 2481 1839 2552 principio

248 2576 447 2632 Psaimi
468 2617 486 2641 ,
531 2576 660 2632 Cum
709 2582 1013 2630 converteret
1049 2572 1301 2630 Dominus
1341 2572 1677 2644 captivitatem
1707 2588 1726 2627 :
1750 2571 1839 2628 hic

243 2675 463 2733 autem,
489 2662 772 2722 Converte?
805 2662 1101 2734 Tamquam
1148 2664 1216 2719 de
1261 2677 1323 2718 re
1365 2660 1540 2717 futura
1588 2662 1832 2731 loquens.

243 2757 477 2815 Maxime
503 2757 645 2811 enim
672 2770 771 2812 nos
788 2754 854 2811 ad
886 2754 1026 2810 hunc
1048 2768 1263 2810 sensum
1290 2752 1493 2808 inducit
1511 2752 1647 2808 alius
1671 2753 1839 2807 inter-

246 2867 372 2924 pres
394 2895 411 2919 ,
440 2853 531 2924 qui
557 2834 687 2907 dixit
716 2893 733 2918 ,
764 2867 870 2906 non
888 2893 903 2915 ,
932 2848 1059 2906 Cum
1083 2858 1388 2904 converteret
1412 2864 1429 2903 :
1449 2846 1544 2903 sed
1570 2889 1583 2911 ,
1619 2846 1837 2914 Quando

244 2946 542 3001 converterit
564 2963 585 3013 ,-
613 2944 864 3017 quoniam
894 2957 981 3000 res
1008 2952 1138 2999 tunc
1162 2941 1484 3012 incipiebat,
1512 2948 1569 2996 et
1592 2955 1700 2994 non
1727 2948 1835 2993 tota

242 3044 392 3108 gesta
418 3035 519 3090 fuit
546 3036 599 3089 in
630 3035 909 3105 principio,
933 3033 1114 3089 multae
1128 3033 1326 3105 quippe
1346 3031 1556 3087 fuerunt
1586 3029 1838 3085 transmi-

242 3128 514 3200 grationes
538 3144 551 3181 :
576 3126 678 3182 fuit
705 3128 847 3181 enim
874 3127 1066 3198 prima,
1091 3124 1323 3181 secunda
1350 3132 1405 3179 et
1432 3124 1610 3178 tertia.

314 3219 371 3274 2.
398 3219 512 3275 Hoc
557 3234 687 3289 ergo
735 3232 1017 3288 possumus
1042 3217 1223 3271 dicere
1251 3234 1265 3270 :
1294 3215 1384 3269 vel
1403 3228 1525 3269 eum
1557 3227 1714 3267 orare
1732 3254 1746 3278 ,
1777 3222 1838 3267 ut

241 3312 312 3366 sit
342 3311 547 3381 integra
576 3319 631 3365 et
654 3308 895 3364 absoluta
918 3306 1183 3364 liberatio.
1212 3305 1359 3361 Multi
1379 3304 1522 3371 enim
1548 3302 1717 3358 Judaei
1746 3316 1837 3355 vo-

243 3402 428 3459 lebant
453 3415 732 3457 remanere
760 3399 811 3454 in
839 3399 1056 3470 regione
1082 3397 1430 3453 barbarorum
1456 3438 1470 3460 ,
1501 3403 1554 3451 et
1596 3394 1716 3449 ideo
1747 3410 1837 3448 ve-

243 3494 525 3549 hementer
548 3490 859 3547 desiderans
889 3489 987 3544 hoc
1008 3489 1146 3553 fieri,
1163 3487 1422 3550 Converte,
1451 3486 1641 3565 inquit,
1669 3486 1835 3554 capti-

241 3585 446 3639 vitatem
481 3592 707 3638 nostram
733 3583 863 3638 sicut
890 3590 1086 3636 torrens
1112 3581 1167 3634 in
1191 3589 1365 3635 austro
1387 3596 1406 3633 :
1428 3578 1530 3634 hoc
1554 3586 1637 3632 est
1664 3618 1680 3644 ,
1712 3591 1833 3631 eum

241 3689 440 3746 magno
480 3674 681 3742 impetu
705 3714 721 3739 ,
748 3689 868 3728 cum
915 3676 1103 3742 magna
1131 3670 1470 3726 vehementia
1515 3682 1612 3723 nos
1641 3681 1835 3738 urgens

240 3777 402 3838 atque
438 3767 683 3822 incitans.
722 3765 979 3834 Quocirca
1024 3764 1163 3819 alius
1186 3777 1398 3834 quoque
1437 3763 1698 3829 interpres
1735 3760 1836 3815 hoc

242 3858 416 3927 ipsum
458 3856 761 3927 significans
780 3897 794 3919 ,
818 3856 1065 3919 dicebat,
1092 3853 1162 3910 Ut
1195 3854 1417 3908 canales.
1441 3854 1590 3908 Alius
1615 3895 1629 3918 ,
1659 3851 1727 3907 Ut
1750 3853 1839 3905 de-

240 3949 435 4019 ﬂexus.
483 3948 634 4003 Alius
656 3989 673 4014 ,
706 3946 775 4004 Ut
798 3948 1086 4003 emissiones
1136 3947 1236 4018 (a).
1267 3948 1320 4003 5.
1355 3946 1456 4013 Qui
1497 3947 1748 4002 seminam
1782 3946 1836 4000 in

244 4037 502 4109 lacrymis,
529 4037 584 4091 in
606 4037 940 4092 exsultatione
958 4046 1159 4093 nictent.
1181 4037 1293 4092 iloc
1317 4036 1385 4092 de
1402 4035 1602 4091 Judaeis
1617 4036 1835 4106 quidem

243 4128 446 4185 dictum
482 4137 604 4195 est,
635 4138 811 4198 potest
837 4137 1014 4185 autem
1045 4130 1099 4183 in
1127 4129 1310 4197 multis
1339 4144 1481 4199 saepe
1511 4128 1627 4183 aliis
1656 4128 1834 4183 locum

244 4219 467 4275 habere.
496 4218 676 4275 Virtus
697 4222 840 4276 enim
861 4234 950 4276 res
974 4229 1057 4276 est
1084 4218 1365 4289 ejusmodi,
1392 4228 1448 4274 ut
1475 4234 1594 4289 qua:
1616 4234 1841 4290 magnas

245 4308 441 4366 habeat
467 4309 706 4365 laborum
735 4311 1191 4366 remunerationes
1217 4328 1230 4365 :
1253 4319 1309 4366 et
1333 4320 1544 4380 oportet
1568 4326 1665 4365 nos
1688 4310 1836 4380 prius

245 4401 489 4456 laborare
518 4409 574 4456 et
597 4400 757 4471 afﬂigi
786 4443 802 4467 ,
832 4410 888 4457 et
915 4411 1039 4457 tunc
1076 4402 1239 4456 animi
1282 4401 1653 4457 remissionem
1684 4416 1837 4472 quae-

246 4507 389 4549 rere.
420 4490 534 4546 Iloc
562 4492 704 4547 enim
729 4492 927 4563 ubique
956 4502 1133 4562 potest
1152 4487 1424 4548 obseﬁari
1449 4494 1501 4546 in
1530 4494 1595 4547 iis
1624 4508 1741 4563 quae
1768 4492 1835 4548 ad

247 4583 389 4639 hanc
411 4583 576 4637 vitam
607 4583 899 4651 pertinent.
927 4583 1191 4650 Quocirca
1219 4585 1335 4652 ipse
1372 4599 1585 4655 quoque
1610 4584 1677 4638 ad
1720 4583 1837 4637 hazc

247 4676 467 4733 deduxit
483 4676 797 4740 orationem,
820 4675 885 4730 ad
907 4687 1223 4741 sementem,
1252 4677 1488 4745 inquam,
1511 4684 1564 4730 et
1585 4688 1837 4732 messem.

246 4765 702 4836 Quemadmodum
731 4768 872 4822 enim
899 4768 988 4836 qui
1016 4768 1263 4833 seminat,
1294 4767 1493 4831 labore,
1523 4766 1834 4832 afﬂictione,

248 4857 534 4913 sudoribus
557 4898 572 4920 ,
604 4866 655 4910 et
681 4856 857 4911 hieme
902 4857 1099 4927 indiget
1128 4873 1143 4912 ι
1176 4858 1247 4912 ita
1275 4858 1437 4912 etiam
1466 4858 1554 4926 qui
1586 4858 1833 4911 virtutem

252 4947 603 5018 persequitur.
627 4946 764 5001 Nihil
796 4948 938 5002 enim
966 4963 1115 5015 mque
1139 4942 1302 5002 estad
1328 4947 1493 5001 otium
1522 4948 1757 5015 ineptum
1781 4956 1839 5002 ut

252 5039 432 5096 homo.
454 5039 522 5094 Et
544 5039 661 5095 ideo
682 5040 819 5095 Deus
833 5051 1030 5095 arctam
1055 5049 1110 5095 et.
1134 5050 1409 5111 angustam
1434 5040 1574 5094 viam
1598 5039 1775 5095 eﬂ'ecit
1794 5040 1831 5105 ί,

246 5146 368 5201 qua:
394 5130 541 5185 ducit
562 5130 627 5185 ad
652 5132 914 5185 virtutem.
941 5130 1049 5184 imo
1076 5147 1201 5185 vero
1227 5149 1333 5187 non
1363 5132 1536 5186 solum
1566 5132 1834 5198 virtutem,

249 5220 341 5276 sed
377 5236 439 5277 ea
470 5222 629 5276 etiam
664 5237 783 5290 qua:
821 5221 887 5275 ad
930 5221 1065 5275 hanc
1093 5224 1252 5276 vitam
1277 5223 1577 5292 pertinent,
1606 5223 1839 5278 reddidit

250 5311 514 5367 laboriosa
533 5352 548 5375 ,
579 5320 740 5381 atque
764 5310 901 5365 adeo
931 5312 1087 5382 longe
1113 5313 1362 5382 amplius.
1394 5314 1523 5367 Nam
1554 5316 1642 5384 qui
1672 5316 1835 5369 semi-

252 5415 363 5470 nat,
391 5403 480 5474 qui
509 5401 754 5468 aediﬁcat,
782 5403 987 5469 viator,
1016 5404 1265 5472 lignator,
1296 5404 1490 5475 opifex,
1524 5413 1577 5460 et
1607 5406 1839 5476 denique

314 5603 333 5671 ε
367 5601 635 5671 sieomnes
653 5609 776 5663 5188.;
797 5602 938 5664 juxta
953 5601 1120 5653 Morel.
1145 5611 1308 5654 autem
1333 5612 1385 5654 et
1407 5605 1548 5671 savii.
1573 5603 1837 5668 legendum

254 5670 348 5727 est,
371 5668 418 5727 et
439 5663 550 5727 ideo
576 5671 702 5727 Deus
724 5663 912 5712 arctam
932 5670 978 5713 et
1000 5674 1251 5727 angustant
1274 5666 1453 5716 rocarit
1478 5668 1620 5717 υἰαιη.

316 5723 390 5791 fu)
426 5724 609 5773 Primus
627 5724 873 5791 interpres
896 5735 973 5774 cst
996 5723 1166 5791 Aquila
1186 5767 1199 5784 ,
1225 5728 1470 5791 secundus
1503 5730 1806 5791 syminachus

252 5787 433 5839 tertius
454 5794 609 5836 sextae
633 5788 859 5838 Edttimtis
881 5796 1062 5838 auctor.
1090 5789 1211 5840 Vide
1233 5789 1443 5851 ttcxag-lu
1470 5787 1646 5839 noStra.

1308 357 1669 416 EXPOSITIO
1697 355 1762 411 IN
1799 352 2122 411 ΡδΑιΜυΜ
2160 353 2398 412 CXXVI.

3445 357 3556 420 ειη

1955 465 2176 535 quilibet
2201 465 2364 523 homo
2387 508 2402 534 ,
2432 465 2479 522 si
2508 476 2593 524 est
2623 466 2823 538 aliquid
2864 464 3136 523 commodi
3165 456 3548 539 percepturus,

1952 555 2136 612 labore
2176 564 2233 612 et
2270 555 2560 614 afﬂictione
2597 572 2735 628 opus
2772 547 2933 614 habet
2958 574 2975 611 :
3000 567 3057 615 et
3096 559 3550 631 quemadmodum

1951 650 2155 705 semina
2177 663 2312 720 opus
2335 649 2534 706 habent
2562 650 2841 719 imbribus,
2867 651 2936 705 ita
2954 664 3053 706 nos
3071 651 3232 707 etiam
3256 650 3510 725 lacrymis
3536 672 3551 711 :

1951 751 2007 796 et
2044 741 2181 797 sicut
2210 749 2351 798 terra
2378 756 2514 813 opus
2542 742 2708 799 habet
2751 752 2808 797 ut
2837 751 3021 807 aretur
3042 750 3099 799 et
3129 743 3510 814 proscindatur
3529 785 3549 812 ,

1950 835 2024 888 ita
2052 834 2229 889 anima
2268 833 2440 891 ﬂdeiis
2471 850 2572 907 pro
2608 835 2785 906 ligone
2825 835 3028 906 indiget
3072 838 3461 895 tentationibus
3496 850 3553 895 et

1948 922 2345 993 afﬂictionibus,
2375 941 2442 982 ne
2463 926 2720 997 producat
2746 928 2912 983 malas
2937 925 3154 996 herbas,
3185 939 3243 984 ut
3266 930 3383 1000 ejus
3406 924 3550 987 mol-

1949 1015 2111 1072 liatur
2139 1016 2395 1085 durities,
2427 1034 2493 1072 ne
2526 1019 2749 1072 nimium
2781 1018 3035 1075 efferatur
3057 1028 3112 1075 et
3144 1021 3376 1077 exsiliat.
3410 1021 3545 1077 Nam

1950 1114 2090 1161 terra
2116 1121 2328 1177 quoque
2349 1104 2449 1162 nisi
2470 1107 2755 1178 diligenter
2780 1107 3004 1174 colatur,
3031 1108 3161 1165 nihil
3192 1110 3318 1166 boni
3348 1111 3550 1182 produ-

1948 1195 2041 1250 cit.
2072 1195 2185 1251 iioc
2214 1211 2346 1267 ergo
2372 1196 2501 1252 dicit
2528 1197 2787 1267 pr0pheta
2814 1216 2829 1252 :
2854 1213 2960 1255 non
2991 1213 3113 1257 esse
3151 1202 3330 1258 solum
3361 1202 3550 1259 latano

1947 1286 2072 1341 dum
2104 1297 2320 1357 propter
2345 1288 2597 1353 reditum,
2615 1288 2709 1344 sed
2726 1295 2885 1345 etiam
2915 1304 3135 1363 propter
3156 1294 3545 1364 captivitatem,

1947 1388 2000 1431 et
2030 1392 2128 1448 pro
2156 1380 2395 1450 utrisque
2427 1379 2537 1435 Deo
2564 1394 2686 1436 esse
2722 1382 2955 1451 agendas
2979 1382 3197 1454 gratias.
3227 1384 3363 1441 Illud
3403 1390 3547 1442 enim

1946 1480 2029 1524 est
2057 1471 2314 1526 sementis
2342 1489 2355 1526 :
2389 1470 2492 1527 hoc
2517 1486 2646 1527 vero
2685 1474 2897 1530 messis.
2933 1473 2998 1530 Ut
3025 1489 3185 1547 ergo,
3220 1477 3425 1549 inquit,
3454 1481 3544 1551 qui

1946 1560 2214 1615 seminant
2252 1560 2556 1617 laborantes
2580 1602 2596 1629 ,
2624 1561 2855 1619 fructum
2888 1574 3072 1635 postea
3106 1567 3403 1636 percipiunt
3430 1585 3444 1623 :
3474 1569 3545 1625 ita
3634 1602 3635 1605 η

1945 1652 2107 1706 etiam
2134 1665 2230 1707 vos
2256 1653 2472 1723 quando
2494 1653 2794 1709 recessistis
2820 1655 3060 1726 quidem,
3086 1655 3274 1712 imitati
3301 1658 3431 1715 estis
3449 1674 3547 1715 eos

1945 1742 2037 1811 qui
2065 1741 2354 1811 seminant,
2381 1742 2585 1809 afﬂicti,
2616 1746 2847 1815 pulsati,
2879 1748 3096 1815 vexati,
3122 1747 3378 1816 hiemem,
3408 1758 3549 1806 tem-

1946 1840 2229 1902 pestatem,
2262 1833 2461 1890 beiium
2483 1876 2497 1900 ,
2522 1834 2733 1893 nimbos
2755 1879 2769 1900 .
2793 1839 2915 1910 gelu
2940 1848 2997 1895 et
3018 1840 3243 1911 glaciem
3267 1840 3501 1899 ferentes
3525 1887 3542 1909 ,

1947 1924 2210 1997 lacrymas
2233 1926 2583 1983 effundentes.
2607 1928 2758 1998 Quod
2786 1930 2930 1987 enim
2955 1943 3079 1987 sunt
3101 1933 3300 1991 imbres
3319 1937 3543 1991 semini-

1942 2014 2064 2081 bus,
2094 2016 2196 2073 hoc
2218 2017 2465 2091 lacryime
2496 2020 2560 2074 iis
2585 2019 2674 2090 qui
2696 2018 3028 2093 afﬂiguntur.
3047 2022 3153 2079 Sed
3181 2039 3329 2090 ecce,
3351 2026 3541 2098 inquit,

1943 2110 2228 2177 accepistis
2270 2124 2454 2166 eorum
2495 2111 2736 2167 laborum
2782 2117 3289 2178 remunerationem.
3317 2116 3543 2193 Quando

1942 2213 2072 2270 ergo
2087 2200 2236 2255 dicit:
2251 2202 2284 2256 6
2310 2200 2727 2269 Euntesibant,et
2740 2204 2951 2274 ﬂebant,
2966 2206 3415 2264 mittentessemina
3425 2227 3540 2277 sua,

1943 2293 1996 2347 7.
2024 2293 2273 2348 venientes
2300 2304 2470 2349 autem
2499 2295 2697 2349 venient
2737 2311 2853 2351 cum
2894 2298 3261 2366 exsultatione,
3287 2310 3544 2370 portantes

1940 2384 2230 2457 manipulos
2247 2401 2389 2446 suos,
2419 2401 2524 2441 non
2542 2386 2672 2442 dicit
2685 2386 2755 2444 de
2769 2385 3034 2444 frumento
3049 2389 3144 2445 sed
3165 2389 3233 2446 de
3250 2391 3428 2455 rebus,
3446 2392 3545 2448 do-

1943 2490 2071 2531 cens
2094 2477 2414 2541 auditorem,
2441 2491 2548 2532 non
2574 2479 2696 2549 angi
2721 2487 3031 2537 etmanere
3055 2480 3105 2535 in
3139 2479 3539 2539 afflictionibus.

1941 2566 2403 2635 Quemadmodum
2437 2570 2581 2626 enim
2608 2570 2700 2641 qui
2725 2570 2986 2637 seminat,
3030 2586 3249 2629 near-ore
3282 2588 3389 2629 non
3417 2574 3539 2629 afti-

1941 2659 2081 2713 citur
2102 2701 2117 2726 ,
2142 2658 2268 2715 licet
2300 2661 2406 2716 sint
2424 2661 2610 2734 multa
2641 2663 2821 2732 gravia
2846 2704 2859 2728 ,
2886 2663 3181 2734 respiciens
3212 2663 3280 2720 ad
3313 2664 3463 2727 la'tas
3487 2675 3543 2721 et

1943 2752 2275 2813 luxuriantes
2298 2728 2509 2825 segées
2535 2772 2548 2808 ε
2576 2728 2838 2811 ίιειέιίθηι
2865 2728 2992 2812 eum
3009 2757 3099 2827 qui
3126 2755 3397 2829 afﬂigitur,
3432 2773 3539 2813 non

1940 2857 2154 2918 oportet
2179 2850 2299 2919 angi
2328 2858 2383 2905 ct
2407 2849 2702 2905 excruciari
2729 2892 2743 2915 ,
2767 2849 2977 2907 etiamsi
2999 2851 3107 2906 sint
3133 2850 3397 2922 permulta
3426 2867 3543 2909 mo-

1944 2945 2097 3009 lesta,
2126 2950 2185 2997 ut
2214 2943 2305 3012 qui
2332 2957 2565 2998 messem
2594 2950 2888 3014 exspectet,
2919 2950 2981 2998 ct
2999 2942 3274 3013 copiosum
3305 2957 3539 3012 proven-

1944 3042 2078 3099 tum,
2109 3034 2198 3103 qui
2228 3048 2296 3091 ex
2324 3032 2615 3089 afﬂictione
2644 3030 2851 3100 oritur,
2884 3032 3209 3093 consideret.
3241 3034 3356 3093 lioc
3381 3033 3541 3105 igitur

1942 3138 2040 3178 nos
2086 3138 2298 3194 quoque
2344 3124 2781 3190 considerantes,
2805 3132 2859 3179 et
2898 3139 2995 3194 pro
3030 3122 3321 3180 afﬂictione
3363 3132 3418 3179 et
3443 3138 3542 3194 pro

1941 3214 2053 3270 otio
2096 3230 2160 3270 ac
2205 3216 2388 3286 quiete
2425 3229 2646 3286 agamus
2696 3216 2921 3271 Domino
2962 3217 3181 3287 gratias.
3228 3215 3344 3272 Etsi
3392 3216 3539 3272 enim

1940 3315 2065 3360 sunt
2094 3304 2305 3360 diversa
2333 3321 2454 3376 quae
2486 3305 2654 3373 fiunt,
2685 3322 2848 3361 unum
2890 3314 3069 3362 tamen
3104 3305 3304 3362 habent
3329 3306 3540 3379 singula

1944 3398 2102 3454 finem
2124 3398 2457 3468 propositum
2479 3440 2493 3459 ,
2517 3398 2653 3454 sicut
2675 3399 2934 3455 sementis
2953 3408 3007 3454 et
3029 3399 3223 3455 messis
3247 3417 3260 3453 :
3289 3396 3540 3454 afﬂictio~

1943 3508 2142 3563 nesque
2171 3491 2292 3548 forti
2320 3501 2375 3548 et
2401 3498 2669 3563 generoso
2697 3492 2876 3548 animo
2899 3490 3154 3557 feramus,
3183 3500 3237 3547 et
3264 3507 3386 3548 cum
3411 3507 3541 3563 gra-

1942 3585 2136 3639 tiarum
2163 3583 2396 3649 actione;
2413 3584 2581 3638 otium
2609 3593 2788 3638 autem
2817 3593 2881 3658 et
2894 3598 2988 3657 res
3012 3582 3278 3640 secundas
3296 3598 3422 3640 cum
3444 3583 3540 3639 Dei

1939 3676 2124 3747 gloriae
2153 3674 2515 3730 celebratione
2538 3716 2553 3740 ,
2587 3684 2645 3729 ut
2674 3673 2847 3731 futura
2878 3676 3044 3740 etiam
3071 3675 3208 3731 bona
3234 3690 3537 3746 consequa-

1942 3783 2079 3830 mur,
2111 3768 2280 3836 gratia
2302 3776 2357 3822 et
2378 3766 2705 3837 benignitate
2729 3767 2938 3821 Domini
2966 3768 3134 3822 nostri
3161 3766 3289 3823 Jesu
3314 3766 3533 3833 Christi,

1940 3859 2024 3915 cui
2045 3859 2213 3929 gloria
2235 3868 2290 3914 et
2312 3858 2591 3928 imperium
2618 3858 2671 3914 in
2690 3860 2887 3915 smcula
2912 3859 3253 3916 sarcuiorum.
3280 3862 3474 3925 Amen.

2378 4037 2444 4092 IN
2484 4034 2810 4094 PSALMUM
2847 3995 3090 4095 cxxvt.

1944 4224 1999 4281 Ι.
2038 4221 2160 4277 Nisi
2188 4221 2435 4276 Dominus
2474 4219 2798 4289 aediﬁcaverit
2830 4218 3037 4274 domum
3061 4258 3077 4286 ,
3104 4219 3160 4273 in
3180 4234 3364 4274 vanum
3391 4219 3539 4275 labo-

2012 4322 2250 4368 raverunt
2278 4312 2364 4382 qui
2388 4312 2647 4380 mdiﬁcanl
2674 4327 2808 4366 eam.
2853 4307 2974 4364 Nisi
3002 4308 3254 4364 Dominus
3283 4310 3538 4364 custodie-

2012 4406 2078 4457 rit
2118 4404 2404 4468 civitatem,
2464 4406 2655 4473 frustra
2700 4401 2877 4473 vigilat
2921 4401 3011 4471 qui
3051 4400 3270 4455 custodit
3317 4417 3450 4455 eam.
3480 4401 3535 4455 2.

2024 4496 2222 4551 Vanum
2263 4504 2336 4549 est
2370 4494 2507 4549 vobis
2536 4504 2655 4551 ante
2692 4494 2855 4547 lucem
2893 4508 3141 4563 surgere;
3171 4493 3359 4563 surgite
3394 4502 3539 4563 post-

2013 4605 2165 4659 quam
2191 4586 2438 4643 sedcritt'tt.

2016 4767 2068 4821 Ι.
2109 4765 2206 4820 llic
2237 4763 2479 4821 Psaimus
2520 4761 2696 4816 dictus
2734 4769 2817 4816 est
2840 4758 2909 4815 de
2937 4768 3089 4823 statu
3111 4773 3287 4815 rerum
3317 4758 3409 4829 qui
3442 4758 3540 4813 fuit

1945 4866 2066 4929 post
2094 4858 2343 4913 reditum.
2373 4855 2634 4925 Quoniam
2659 4854 2801 4910 enim
2828 4868 2857 4907 a
2887 4854 3194 4921 captivitate
3219 4852 3451 4919 liberati,
3481 4865 3535 4907 et

1944 4967 1974 5006 a
2016 4951 2244 5008 barbara
2273 4951 2490 5019 regione
2532 4947 2755 5010 reversi,
2804 4946 3034 5001 dirutam
3072 4961 3104 5001 a
3154 4960 3214 5001 se
3261 4945 3535 5001 inventam

1944 5044 2241 5102 civitatem,
2270 5050 2324 5096 et
2361 5039 2558 5096 mtenia
2587 5054 2707 5094 cum
2739 5037 2975 5093 turribus
2993 5037 3139 5092 humi
3165 5036 3418 5107 disjecta,
3442 5052 3537 5091 co-

1945 5134 2211 5189 nabantur
2244 5133 2480 5187 excitare
2511 5148 2523 5185 :
2554 5129 2707 5185 multi
2756 5139 2935 5184 autem
2984 5143 3077 5185 eos
3124 5128 3360 5199 undique
3412 5128 3541 5183 ado-

1945 5228 2145 5284 rientes
2173 5225 2527 5296 prohibebant
2554 5224 2859 5279 Judazorum
2885 5222 3122 5279 felicitati
3143 5223 3462 5287 invidentes,
3488 5235 3541 5279 et

1946 5332 2231 5389 prosperos
2256 5332 2441 5372 eorum
2477 5330 2756 5372 successus
2782 5324 3081 5370 metuentes
3113 5330 3127 5368 :
3156 5313 3353 5370 deinde
3379 5316 3430 5369 in
3456 5314 3540 5369 his

1945 5410 2200 5466 faciendis
2234 5418 2447 5478 tempus
2480 5408 2893 5475 conterebatur,
2916 5417 2971 5463 et
3012 5417 3215 5462 tantum
3246 5407 3537 5462 contritum

1945 5510 2028 5555 est
2055 5498 2331 5569 temporis,
2367 5507 2423 5552 ut
2456 5498 2508 5552 in
2538 5497 2851 5552 mdificando
2877 5497 3077 5567 templo
3104 5497 3379 5567 plusquam
3409 5514 3540 5567 qun-

1949 5592 2193 5661 draginta
2238 5590 2364 5645 anni
2404 5590 2709 5659 consumpti
2761 5590 2912 5643 sint:
2948 5589 3091 5660 quod
3132 5589 3302 5643 Judmi
3330 5605 3541 5658 quoque

1948 5688 2281 5742 declarantes
2308 5684 2556 5740 dicebant
2584 5702 2598 5738 :
2634 5683 2985 5754 Quadraginta
3015 5693 3062 5736 et
3084 5699 3172 5737 sex
3190 5683 3339 5736 anuis
3366 5681 3519 5748 uadi/i-

1953 5790 2118 5835 ratum
2145 5788 2216 5833 est
2245 5779 2486 5849 templum
2518 5778 2609 5831 hoc
2647 5776 2820 5846 (Jonn.
2869 5775 2922 5829 Ξ.
2966 5775 3072 5843 20)
3106 5788 3119 5830 :
3156 5791 3260 5829 non
3303 5773 3543 5828 dicentes
