4086 6446
541 403 647 459 563

539 515 608 569 de
637 515 812 584 priore
834 510 1203 572 aedificatione,
1235 522 1354 577 quae
1383 521 1410 558 a
1442 506 1730 561 Salomone
1749 502 1885 556 facta
1913 507 2015 562 est,
2034 495 2126 552 sed

539 609 608 659 de
637 619 732 668 ea,
761 619 880 673 quas
907 601 1043 658 facta
1071 609 1150 652 est
1180 605 1454 668 postquam
1483 595 1690 649 liberati
1718 601 1841 646 sunt
1869 606 1898 644 a
1929 589 2124 644 Persis.

543 693 804 762 Quoniam
835 706 962 760 ergo
1002 689 1224 744 multum
1258 699 1468 755 tempus
1512 683 1885 738 conterebatur
1917 681 1969 732 in
1999 679 2120 732 civi-

542 797 650 842 tate
679 784 877 854 templo
914 791 968 838 et
1007 782 1272 836 mteuibus
1311 775 1644 833 exstruendis
1693 773 1855 846 (nam
1899 771 2127 826 civitatis

540 877 865 931 constructio
884 875 1050 929 multo
1070 875 1228 928 etiam
1259 873 1436 941 plures
1460 884 1629 923 annos
1653 863 2002 936 consumpsit)
2027 863 2120 934 (τι),

543 969 744 1023 docens
766 982 860 1021 eos
891 982 1075 1021 rursus
1101 962 1356 1034 propheta
1383 964 1450 1016 ad
1477 963 1641 1015 Deum
1673 959 1977 1027 confugere,
2012 955 2125 1008 luec

541 1060 878 1129 persequitur
897 1099 912 1123 ,
939 1057 1228 1112 ostenderis
1253 1057 1429 1109 omnia
1459 1055 1655 1108 frustra
1677 1063 1726 1107 et
1769 1051 2122 1120 nequidquam

543 1149 690 1213 fieri,
723 1149 824 1203 nisi
855 1148 922 1202 ad
962 1163 1021 1203 se
1059 1147 1299 1200 divinum
1331 1145 1586 1199 auxilium
1627 1142 1964 1197 attraxerint.
2006 1139 2123 1194 Non

537 1237 711 1293 solum
746 1239 887 1293 enim
927 1246 986 1291 ut
1016 1238 1309 1293 liberentur
1334 1253 1365 1291 a
1407 1235 1730 1304 captivitate,
1757 1234 1848 1287 sed
1879 1235 2040 1287 etiam
2068 1239 2126 1284 ut

537 1331 743 1385 liberati
773 1330 967 1385 moenia
998 1331 1248 1393 excitent,
1287 1329 1398 1381 (ἱνα-ἰ
1432 1343 1535 1380 non
1567 1335 1743 1397 potest
1763 1328 1963 1393 absque
1989 1325 2123 1378 divi-

541 1436 612 1474 no
649 1422 864 1475 auxilio.
915 1421 977 1474 Et
1004 1421 1129 1489 quid
1160 1421 1280 1473 dico
1301 1419 1368 1472 de
1398 1419 1564 1472 muris
1590 1417 1883 1470 excitandis
1913 1425 1963 1468 et
1993 1413 2124 1469 urbe

534 1513 886 1567 mdilicanda?
915 1511 991 1567 Nc
1024 1527 1141 1566 eam
1171 1511 1383 1582 quidem
1434 1510 1720 1578 perfectam
1744 1518 1800 1564 et
1824 1509 2121 1562 absolutam

541 1606 737 1675 poterit
758 1605 876 1674 quis
903 1605 1195 1667 custodire,
1230 1604 1272 1658 si
1300 1604 1425 1656 illud
1454 1603 1500 1657 ei
1542 1615 1647 1654 non
1678 1601 1816 1655 adsit
1845 1600 2125 1659 auxilium,

541 1698 664 1751 litec
712 1705 889 1750 autem
929 1698 1174 1755 dicebat.
1203 1696 1281 1750 eis
1313 1696 1457 1750 omni
1495 1697 1701 1748 ratione
1751 1694 2003 1759 suadens,
2063 1702 2120 1748 ut

534 1802 722 1843 rursus
749 1788 813 1841 ad
849 1789 940 1844 Dei
971 1789 1222 1842 auxilium
1250 1789 1633 1857 confugerent,
1663 1802 1730 1842 ne
1759 1787 1869 1842 otio
1889 1797 1938 1841 et
1964 1787 2122 1840 rebus

537 1877 788 1933 secundis
816 1880 1008 1933 fierent
1051 1879 1482 1948 negligentiores.
1527 1878 1810 1947 Propterea
1851 1877 1994 1931 enim
2023 1892 2122 1931 nec

535 1969 692 2024 simul
721 1978 775 2025 et
798 1970 1085 2026 acervatim
1113 1969 1262 2024 dedit
1288 1971 1366 2024 eis
1392 1969 1528 2023 bona
1553 1969 1730 2022 omnia
1751 2011 1766 2034 ,
1795 1969 1888 2023 sed
1920 1963 2119 2022 sensim

535 2075 591 2117 et
615 2063 886 2134 paulatim,
923 2078 989 2117 ne
1014 2062 1175 2117 celeri
1201 2061 1512 2116 liberatione
1535 2077 1563 2114 a
1591 2061 1746 2114 malis
1771 2061 1837 2114 ad
1867 2060 2121 2128 improbi-

534 2163 696 2209 tatem
726 2155 999 2224 pristinam
1053 2162 1410 2208 recurrerent.
1458 2152 1762 2220 Quinetiam
1809 2151 1932 2204 dum
1982 2151 2119 2205 bona

533 2246 704 2312 daret,
734 2260 827 2298 eos
857 2259 999 2312 εαξῃο
1021 2243 1364 2308 admouebat,
1397 2258 1492 2313 per
1517 2243 1864 2311 irruptionem
1888 2242 2119 2295 hostium

531 2351 716 2390 eorum
739 2335 1036 2390 socordiam
1060 2332 1375 2398 frequenter
1405 2334 1666 2388 excitans.
1695 2332 1846 2401 Quod
1878 2347 2006 2401 ergo
2037 2331 2122 2386 hic

530 2425 744 2489 dicitur,
775 2427 1105 2496 generaliter
1146 2425 1346 2478 dictum
1383 2436 1466 2478 est
1497 2443 1507 2474 :
1540 2439 1604 2477 ex
1635 2425 1735 2477 hoc
1757 2433 1934 2478 autem
1961 2440 2120 2492 argu-

531 2525 713 2571 mento
740 2517 880 2585 cepit
899 2517 1239 2586 principium.
1267 2516 1488 2584 Oportet
1504 2517 1646 2570 enim
1666 2515 1715 2569 id
1738 2527 1922 2584 aptare
1943 2514 2117 2568 omni-

531 2615 649 2672 bus.
681 2630 784 2666 non
815 2625 870 2666 ut
901 2613 996 2681 ipsi
1028 2612 1282 2665 socordes
1305 2611 1472 2665 simus
1495 2652 1507 2672 ,
1547 2618 1600 2665 et
1626 2611 1798 2678 supini
1818 2610 2115 2678 jaceamus,

529 2705 625 2758 sed
650 2714 706 2757 ut
731 2715 913 2757 nostra
935 2702 1242 2765 afferentes,
1271 2703 1360 2755 Dei
1383 2702 1602 2755 arbitrio
1629 2702 1806 2755 omnia
1843 2701 2118 2770 permitta-

530 2807 672 2856 mus,
705 2807 856 2861 aspe
894 2793 1033 2846 illius
1083 2792 1133 2846 in
1183 2791 1432 2846 omnibus
1485 2803 1744 2861 perpetuo
1793 2790 2111 2860 pendentes.

531 2882 987 2950 Quemadmodum
1021 2884 1162 2938 enim
1209 2867 1320 2936 fieri
1362 2897 1465 2936 uou
1519 2891 1692 2950 potest
1724 2891 1809 2945 ut,
1839 2883 1936 2935 nisi
1979 2881 2117 2936 Deus

529 2985 685 3039 opem
714 2971 882 3035 ferat,
921 2987 1006 3027 res
1041 2972 1104 3025 ad
1139 2971 1302 3026 finem
1335 2971 1694 3040 perducantur
1726 2990 1737 3023 :
1769 2973 1872 3034 ita,
1901 2972 1946 3026 si
1975 2972 2116 3027 Deus

530 3079 687 3132 opem
717 3063 871 3124 ferat,
901 3065 1069 3118 simus
1090 3075 1266 3118 autem
1296 3065 1626 3134 negligentes
1655 3073 1707 3119 et
1733 3066 1887 3120 otiosi
1913 3107 1928 3130 ,
1954 3066 2113 3120 linem

527 3170 634 3208 non
665 3156 958 3222 poterimus
1001 3157 1232 3223 assequi.
1282 3153 1475 3208 Vanum
1515 3165 1588 3209 est
1616 3155 1751 3208 vobis
1794 3165 1910 3208 ante
1951 3154 2115 3211 lucent

525 3261 730 3314 surgere
758 3261 776 3298 :
803 3247 992 3314 surgite
1043 3255 1306 3314 postquam
1350 3246 1597 3299 sederitis.
1650 3246 1805 3300 Alius
1848 3247 2112 3316 interpres

534 3337 636 3399 ait,
695 3337 1044 3391 Tardantilrus
1085 3341 1151 3390 ad
1224 3338 1516 3391 sedendum.
1550 3339 1718 3404 Alius,
1753 3337 2114 3404 Differ-cutibus

525 3427 714 3478 sedere.
744 3426 895 3492 Quod
939 3437 1117 3480 autem
1161 3427 1310 3490 dicit,
1350 3438 1434 3481 est
1462 3429 1723 3497 ejusmodi
1749 3445 1762 3484 :
1791 3431 2010 3486 Etiamsi
2041 3433 2114 3486 vi-

527 3517 733 3584 giletis,
764 3519 971 3570 etiamsi
1008 3533 1165 3571 mane
1196 3505 1496 3572 excitemini
1523 3560 1537 3584 ,
1573 3521 1780 3574 etiamsi
1827 3538 1951 3576 sero
1979 3524 2112 3578 eatis

524 3609 969 3673 cubitum,-omue
1001 3617 1207 3676 tempus
1240 3609 1289 3663 in
1315 3609 1496 3664 labore
1525 3619 1578 3665 et
1599 3609 1895 3677 afflictione,
1915 3629 2111 3669 consu-

525 3708 755 3763 mentes,
781 3699 878 3752 nisi
907 3699 1155 3752 auxilium
1185 3701 1299 3769 ejus
1329 3704 1707 3770 assequamini,
1737 3707 1985 3773 peribunt
2010 3707 2107 3760 hu-

523 3806 679 3845 mana
701 3791 898 3857 omnia,
927 3800 981 3845 et
1006 3807 1071 3846 ex
1098 3809 1162 3846 eo
1187 3793 1362 3846 studio
1380 3810 1438 3845 ac
1456 3795 1725 3864 diligentia
1745 3798 1886 3850 nulla
1917 3798 2112 3854 redibit

524 3883 744 3937 utilitas.
779 3884 880 3950 Qui
918 3885 1234 3938 manducatis
1276 3902 1456 3952 panem
1511 3887 1723 3942 doloris.
1781 3889 1893 3944 Hoc
1941 3891 2106 3956 dicit,

521 3973 810 4029 ostendens
840 3989 932 4029 eos
964 3976 1126 4029 vitam
1156 3976 1350 4044 degere
1384 3977 1706 4032 laboriosam
1746 3978 1874 4032 dum
1911 3983 2100 4036 armati

523 4067 806 4119 :editicant.
836 4066 1016 4120 Altera
1056 4067 1196 4120 enim
1229 4083 1388 4120 manu
1409 4109 1423 4132 ,
1454 4068 1654 4137 inquit,
1702 4071 1993 4125 canistrum
2016 4082 2110 4126 aut

523 4157 748 4226 lapidem
780 4157 1040 4223 ferebant,
1068 4167 1119 4211 et
1143 4158 1245 4210 alia
1275 4158 1530 4227 gladium,
1555 4159 1620 4212 ad
1645 4159 2024 4215 aedificandum
2053 4173 2109 4217 et

523 4248 824 4303 bellandum
849 4251 1053 4318 seipsos
1078 4249 1377 4304 dividentes
1399 4290 1414 4312 ,
1441 4260 1495 4304 et
1523 4267 1622 4303 una
1645 4267 1766 4305 cum
1797 4253 1998 4323 clypcis
2023 4254 2106 4309 fe-

523 4347 702 4393 rentes
735 4339 930 4392 silices.
964 4340 1095 4406 Quia
1125 4339 1267 4392 enim
1297 4355 1400 4393 non
1430 4349 1548 4394 erat
1579 4341 1778 4394 munita
1825 4343 1971 4405 urbs,
2012 4345 2107 4398 sed

525 4429 740 4494 nudata,
770 4429 974 4484 subitos
1003 4439 1180 4482 autem
1210 4439 1263 4484 et
1300 4431 1598 4499 inopinatos
1624 4430 1852 4484 hostium
1883 4433 2110 4501 impetus

523 4519 635 4574 fure
665 4519 886 4588 singulis
912 4519 1056 4572 horis
1083 4518 1488 4587 suspicabantur
1507 4561 1521 4581 ,
1555 4521 1742 4572 armati
1770 4536 1951 4574 muros
1977 4524 2107 4577 nidi-

526 4610 771 4673 iicabant,
801 4619 854 4662 et
879 4623 1055 4672 enses,
1088 4609 1280 4677 clypei,
1310 4609 1575 4678 gladiique
1604 4609 1861 4674 aderant,
1891 4621 1945 4665 et
1990 4627 2108 4680 pro-

525 4703 611 4756 cul
643 4711 795 4755 erant
836 4701 1048 4769 quidam
1075 4701 1456 4768 speculatores,
1489 4703 1578 4771 qui
1623 4703 1877 4756 incertam
1921 4719 2106 4758 eorum

524 4791 870 4860 irrup'iunem
907 4789 1293 4859 significarent,
1323 4799 1376 4844 et
1423 4792 1548 4846 tuba
1583 4804 1835 4847 canerent
1861 4835 1874 4854 ,
1903 4794 1946 4846 si
1974 4809 2108 4862 quos

523 4881 702 4948 procul
732 4881 1077 4934 adventantes
1100 4880 1357 4934 viderent.
1380 4881 1482 4935 Sed
1511 4887 1608 4935 etsi
1639 4883 1771 4947 haec,
1809 4883 2108 4953 inquit,_fa-

522 4975 680 5030 ciatis
704 5013 719 5035 ,
749 4982 799 5024 et
835 4989 1022 5038 panem
1051 4973 1252 5025 doloris
1287 4975 1577 5028 comedatis
1597 5017 1610 5036 ,
1658 4978 1834 5029 omnia
1860 5020 1871 5039 ,
1906 4979 2105 5047 inquit,

523 5064 716 5119 frustra
747 5074 799 5116 ct
829 5065 1182 5133 nequidquam
1211 5065 1432 5129 facietis,
1458 5067 1896 5121 nisiattraxcritis
1924 5085 2108 5136 super-

521 5170 650 5209 num
678 5155 950 5207 auxilium.
975 5155 1124 5221 Quod
1159 5158 1200 5208 si
1236 5157 1304 5208 illi
1337 5168 1389 5208 ut
1419 5159 1601 5210 urbem
1623 5167 1674 5210 et
1697 5174 1876 5211 muros
1903 5163 2107 5214 excita-

522 5257 662 5307 rent,
699 5254 842 5299 tanto
893 5259 1026 5313 opus
1075 5245 1334 5300 habebant
1381 5263 1611 5317 superno
1664 5252 1858 5305 auxilio
1899 5254 2111 5308 :multo

525 5338 695 5406 magis
722 5352 840 5400 nos,
872 5339 960 5406 qui
991 5339 1129 5389 viam
1158 5354 1274 5406 qute
1306 5339 1450 5391 ducit
1480 5340 1530 5392 in
1549 5342 1731 5394 ca-lum
1761 5343 2105 5410 ingredimur.

529 5430 653 5482 Cum
703 5429 893 5482 dederit
938 5429 1131 5482 dilectis
1176 5429 1280 5481 sui;
1322 5449 1573 5483 somnum.
1606 5433 1658 5485 5.
1704 5433 1830 5487 Ecce
1861 5437 2110 5490 hereditas

528 5521 774 5586 Dontim',
826 5521 946 5588 ﬁlii.
999 5520 1306 5590 Cujusmoali
1371 5534 1452 5576 est
1511 5525 1622 5578 liarc
1673 5529 2108 5596 consequentia?

591 5698 856 5765 (ni_Cla_usa
902 5700 1179 5765 parenthesi
1228 5701 1402 5749 desunt
1446 5704 1490 5750 in
1539 5703 1737 5765 savilio;
1773 5705 1859 5755 sed
1887 5708 1930 5754 ia
1957 5708 2112 5757 omni-

530 5759 620 5809 bus
639 5760 741 5807 aliis
765 5759 1020 5820 habentur,
1051 5771 1101 5810 et
1124 5763 1182 5810 ad
1207 5775 1275 5811 set
1292 5765 1386 5810 icui
1411 5765 1665 5824 quadrent.

1303 393 1364 448 S.
1403 390 1682 448 JOANNIS
1719 381 2191 445 CBRYSOSTOSII
2228 378 2546 436 ARClllEP.
2589 377 3124 436 CONSTANTINOP.
3733 378 3828 435 εει

2239 493 2464 548 Pulchra
2507 492 2760 563 profecto,
2787 493 2942 547 valde
2972 495 3252 547 conterens
3283 491 3566 561 prioribus.
3597 489 3714 546 Hoc
3752 501 3832 548 est

2235 585 2376 638 enim
2412 585 2550 654 quod
2601 585 2726 638 dicit
2760 603 2774 636 :
2803 583 2859 638 Si
2908 585 3048 637 Deus
3091 599 3246 654 opem
3295 598 3398 636 non
3449 582 3607 649 ferat,
3653 582 3830 637 omnia

2234 688 2460 747 pereunt
2488 677 2738 745 :quando
2774 688 2951 730 autem
2996 677 3116 738 fert,
3143 687 3268 730 tunc
3299 676 3566 746 iucundus
3608 686 3690 730 est
3739 691 3832 732 so-

2235 784 2413 829 mnus.
2443 779 2566 823 tunc
2589 780 2670 822 est
2699 769 2886 833 otium,
2912 779 2966 822 et
2993 768 3100 822 vita
3135 784 3162 820 a
3189 769 3439 838 p-‘l‘iClllis
3462 769 3647 832 libera,
3670 778 3726 821 et
3747 781 3835 823 se-

2233 862 2456 916 curitate
2486 861 2664 930 plena.

2303 955 2358 1008 2.
2399 954 2622 1022 Quando
2648 968 2778 1023 ergo
2807 969 3053 1009 somnum
3085 955 3162 1009 eis
3207 953 3414 1009 dederit
3446 996 3461 1017 ,
3490 955 3708 1025 quando
3733 968 3831 1010 eos

2234 1044 2517 1111 refecerit,
2545 1048 2758 1117 quando
2789 1062 2883 1102 eos
2908 1049 3000 1118 qui
3031 1047 3285 1102 invadunt
3318 1048 3650 1116 propulsarit
3671 1087 3686 1112 ,
3719 1063 3834 1104 non

2232 1138 2404 1192 solum
2431 1149 2555 1193 tunc
2583 1138 2921 1194 aedificabunt
2949 1141 3241 1206 civitatem,
3268 1157 3366 1194 nec
3386 1157 3503 1194 eam
3527 1141 3834 1195 solummo-

2232 1227 2301 1282 do
2340 1227 2670 1294 custodient,
2704 1229 2797 1283 sed
2843 1231 3010 1284 multo
3058 1231 3218 1285 etiam
3262 1231 3464 1299 majora
3515 1232 3832 1300 accipient:

2232 1333 2393 1377 erunt
2418 1324 2560 1377 enim
2592 1333 2772 1392 patres
2802 1325 3091 1378 multorum
3135 1323 3388 1389 filiorum,
3421 1333 3476 1379 et
3504 1325 3725 1394 pulchra
3753 1325 3836 1380 eis

2231 1417 2508 1487 augebitur
2539 1419 2769 1473 soboles.
2812 1420 3005 1472 Merces
3047 1423 3242 1490 fructus
3283 1419 3490 1470 ventris.
3525 1420 3677 1471 Alius
3700 1418 3835 1472 dicit

2233 1508 2329 1578 (ei,
2365 1510 2555 1564 Merccs
2585 1511 2692 1581 ipse
2724 1511 2921 1577 fructus
2944 1513 3142 1564 ventris.
3170 1510 3304 1575 Quid
3335 1508 3435 1562 hoc
3475 1509 3590 1562 est?
3621 1508 3834 1563 Merce-

2233 1603 2376 1665 dem,
2433 1602 2629 1670 iuquit,
2675 1604 2936 1662 accipient
2992 1616 3332 1656 numerosam
3392 1601 3659 1654 sobolem.
3709 1598 3835 1654 Etsi

2233 1694 2375 1745 enim
2402 1692 2503 1747 hoc
2539 1695 2609 1746 sit
2635 1707 2768 1761 Opus
2799 1705 3001 1746 natura:
3030 1735 3044 1757 ,
3077 1694 3290 1762 quando
3317 1705 3493 1747 tamen
3534 1692 3679 1746 Deus
3726 1692 3837 1747 fert

2231 1800 2409 1854 opem,
2438 1799 2502 1839 ea
2535 1783 2741 1838 felicius
2772 1786 3032 1854 procedit.
3065 1785 3196 1840 Nam
3231 1787 3344 1853 ipsa
3381 1800 3596 1854 quoque
3627 1785 3836 1854 indiget

2231 1889 2461 1942 superno
2508 1876 2712 1929 auxilio
2741 1887 3040 1949 :eruntque
3085 1875 3420 1946 Jerosolyma
3477 1876 3679 1944 populo
3717 1873 3835 1930 frc-

2231 1968 2465 2036 quentia.
2518 1966 2634 2021 Non
2658 1967 2711 2020 in
2735 1968 2820 2020 his
2840 1978 3018 2022 autem
3047 1966 3220 2022 solum
3246 1967 3505 2022 consistet
3525 1982 3716 2021 eorum
3747 1965 3835 2024 fe-

2232 2058 2422 2121 licitas,
2454 2074 2647 2128 nempe
2676 2059 2728 2113 in
2756 2059 3131 2127 aedificatione,
3158 2061 3210 2115 in
3237 2060 3503 2126 custodia,
3526 2062 3580 2115 in
3600 2061 3831 2128 sobole;

2228 2148 2323 2203 sed
2347 2148 2428 2202 liis
2450 2150 2608 2204 etiam
2632 2150 2734 2204 alia
2758 2150 3036 2206 accedent.
3058 2151 3425 2207 Etostendens
3437 2166 3685 2222 qum-nam
3711 2152 3833 2209 hac

2229 2249 2374 2305 sunt,
2401 2241 2672 2311 subjungit
2700 2241 2884 2296 dicens
2915 2260 2929 2297 :
2958 2245 3012 2298 4.
3057 2243 3203 2298 Sicut
3226 2244 3427 2314 sagitta:
3451 2245 3503 2298 in
3543 2261 3704 2298 manu
3730 2261 3834 2315 ρο-

2230 2333 2396 2399 tentis,
2426 2335 2496 2384 ita
2517 2333 2614 2401 ﬁlii
2639 2349 2979 2388 excusserunt.
3000 2333 3170 2401 Alius,
3187 2335 3525 2404 Alligatorum
3545 2335 3650 2404 (ὁ).
3672 2333 3834 2402 Quod

2227 2433 2405 2478 autem
2433 2424 2578 2489 dicit,
2610 2433 2694 2478 est
2715 2425 2976 2494 ejusmodi
3009 2441 3022 2479 :
3053 2425 3166 2479 Non
3185 2433 3344 2479 erunt
3370 2427 3544 2479 solum
3570 2426 3670 2480 tuti
3689 2427 3833 2481 intra

2227 2515 2423 2569 mantia
2450 2523 2503 2570 et
2529 2513 2580 2567 in
2608 2516 2740 2570 urbe
2764 2516 2989 2582 munita,
3023 2531 3122 2572 nec
3147 2519 3251 2571 erit
3274 2518 3355 2572 eis
3396 2526 3601 2572 tantum
3637 2533 3833 2573 nume-

2225 2622 2348 2662 rosa
2380 2608 2592 2663 soboles
2611 2651 2624 2671 ,
2653 2609 2747 2663 sed
2775 2620 2936 2664 erunt
2967 2611 3126 2665 etiam
3171 2609 3438 2665 terribiles
3465 2609 3714 2668 hostibus
3732 2655 3748 2679 ,
3771 2621 3831 2666 et

2229 2701 2494 2757 terribiles
2521 2709 2577 2755 ut
2616 2703 2843 2772 sagittm.
2890 2701 3003 2756 Non
3032 2701 3166 2757 dixit
3201 2710 3382 2757 autem
3414 2703 3662 2758 absolute
3682 2745 3697 2768 ,
3724 2701 3827 2758 Sa-

2225 2793 2368 2862 gitta:
2392 2810 2409 2846 :
2432 2791 2549 2855 sed,
2571 2792 2786 2864 Sagitta!
2805 2794 2857 2846 in
2880 2809 3034 2846 manu
3055 2795 3356 2865 potentium.
3384 2793 3500 2848 Non
3527 2795 3828 2875 suntlenim

2224 2883 2430 2951 sagitta:
2452 2884 2580 2952 ipsa:
2604 2899 2700 2953 per
2724 2899 2784 2940 se
2806 2886 3090 2952 terribiles,
3116 2886 3209 2940 sed
3233 2896 3358 2941 tunc
3383 2887 3599 2956 quando
3635 2898 3831 2943 tenen-

2226 2987 2312 3030 tur
2340 2993 2369 3030 a
2401 2979 2622 3045 potenti,
2647 2987 2873 3032 mortem
2900 2979 3208 3034 minitantes
3234 2980 3300 3033 iis
3329 2994 3463 3048 quos
3481 2980 3824 3034 adoriuntur.

2225 3068 2298 3122 lta
2324 3081 2450 3137 ergo
2472 3077 2630 3123 erunt
2657 3067 2708 3122 bi
2733 3069 3018 3124 terribiles.
3043 3069 3294 3137 Quinam,
3319 3070 3410 3124 bi?
3437 3068 3568 3123 Filii
3582 3086 3829 3126 excusso-

2222 3175 2357 3212 rum.
2386 3159 2498 3214 Hoc
2527 3168 2646 3226 est,
2696 3175 2883 3215 eorum
2909 3163 2998 3231 qui
3047 3173 3201 3216 erant
3242 3163 3368 3216 olim
3407 3161 3702 3228 imbecilli,
3732 3163 3827 3233 qui

2225 3251 2386 3304 vincti
2425 3261 2479 3306 et
2507 3251 2732 3321 alligati.
2760 3252 2976 3307 Priores
2998 3254 3141 3308 enim
3167 3267 3253 3308 res
3283 3253 3542 3307 adversas
3579 3255 3662 3307 eis
3705 3253 3822 3309 fre-

2221 3351 2449 3411 quenter
2478 3342 2531 3396 in
2576 3344 2890 3398 memoriam
2918 3343 3110 3414 redigit
3157 3344 3211 3398 in
3242 3353 3484 3413 tempore
3511 3344 3823 3414 felicitatis,

2222 3442 2280 3485 ut
2303 3443 2536 3488 mentem
2569 3449 2756 3488 eorum
2785 3435 2929 3489 omni
2959 3451 3023 3489 ex
3053 3445 3205 3504 parte
3233 3436 3504 3506 corrigat,
3535 3447 3593 3490 et
3623 3451 3722 3506 per
3757 3451 3826 3501 ea

2221 3539 2340 3593 quae
2364 3526 2500 3594 passi
2538 3535 2701 3591 sunt,
2733 3537 2786 3581 et
2815 3541 2844 3579 a
2881 3527 3074 3596 quibus
3104 3540 3228 3581 sunt
3272 3526 3477 3582 liberati
3498 3568 3514 3593 ,
3543 3537 3599 3582 et
3629 3543 3728 3598 per
3754 3544 3823 3584 ea

2220 3631 2340 3684 qua:
2361 3626 2778 3687 consequentur.
2808 3619 2861 3672 5.
2894 3616 3082 3672 Beatus
3107 3620 3204 3684 vir,
3228 3619 3314 3690 qui
3359 3619 3588 3689 implebit
3609 3620 3821 3675 deside-

2221 3709 2352 3760 rium
2382 3725 2530 3762 suum
2553 3725 2614 3763 ex
2647 3711 2770 3779 ipsis
2791 3726 2812 3773 ,°
2840 3727 2943 3764 non
2967 3711 3340 3780 confundatur
3359 3751 3373 3772 ,
3399 3728 3514 3764 cum
3544 3712 3824 3782 loquentur

2220 3798 2434 3853 inimicis
2461 3802 2568 3854 suis
2592 3801 2645 3854 in
2667 3813 2832 3871 porta.
2867 3803 3014 3858 Alius
3053 3803 3202 3869 dicit,
3227 3802 3415 3858 Beatus
3434 3846 3448 3870 ,
3477 3805 3564 3874 qui
3585 3803 3822 3875 imple“!

2221 3891 2516 3957 pharetram
2544 3907 2686 3944 suam
2719 3908 2781 3945 ea:
2822 3893 2947 3962 ipsis
2981 3891 3074 3964 (c).
3110 3893 3162 3949 Id
3184 3906 3267 3949 est
3305 3911 3319 3948 :
3352 3894 3464 3950 Hoc
3489 3911 3709 3966 quoque
3731 3899 3817 3954 eis

2218 3981 2409 4046 aderit,
2440 3981 2604 4036 robur
2621 3985 2882 4052 corporis,
2915 3994 3089 4040 terror
3108 3986 3199 4056 qui
3229 4001 3332 4039 non
3363 3989 3560 4056 poterit
3581 3990 3822 4044 sustine-

2219 4071 2283 4136 ri,
2317 4073 2532 4141 pulclira
2557 4083 2612 4128 et
2631 4091 2917 4130 numerosa
2949 4077 3150 4147 proles,
3180 4079 3443 4132 securitas
3464 4120 3479 4143 ,
3519 4079 3666 4134 urbis
3694 4082 3821 4149 pul-

2218 4162 2498 4229 chritudo,
2533 4166 2753 4220 victoria
2779 4177 2834 4221 et
2869 4177 3066 4238 tropaea
3104 4171 3156 4223 in
3200 4169 3378 4225 bellis.
3419 4170 3685 4239 Quocirca
3715 4188 3818 4230 eos

2217 4273 2430 4325 quoque
2468 4259 2656 4313 beatos
2687 4260 2972 4328 praedicat,
2997 4262 3086 4330 qui
3118 4271 3244 4316 sunt
3263 4265 3644 4332 consequuturi
3674 4264 3819 4322 hanc

2218 4347 2547 4402 felicitatem.
2593 4350 2761 4404 Erunt
2785 4355 2950 4416 enim,
2987 4353 3193 4422 inquit,
3223 4357 3437 4410 armati.
3482 4355 3588 4411 Sed
3622 4373 3729 4411 non
3756 4359 3816 4416 in

2218 4441 2302 4495 liis
2333 4449 2537 4496 tantum
2566 4445 2822 4497 consistet
2871 4458 3056 4498 eorum
3091 4445 3366 4500 beatitudo
3385 4489 3400 4512 ,
3428 4462 3614 4502 verum
3645 4451 3815 4506 etiam

2219 4531 2269 4583 in
2298 4546 2363 4584 eo
2391 4533 2662 4602 quodnon
2687 4533 2988 4588 afficientur
3013 4536 3240 4604 pudore.
3272 4538 3395 4591 Non
3435 4541 3818 4608 confundentis:-

2215 4622 2378 4687 enim,
2409 4622 2596 4692 inquit,
2625 4625 2828 4692 quando
2853 4627 3115 4695 loquentur
3144 4628 3365 4704 inimicis
3395 4631 3502 4684 suis
3532 4631 3584 4684 in
3632 4643 3813 4703 porta.

2215 4713 2476 4779 Quidnam
2510 4725 2604 4769 'est
2645 4715 2785 4769 hoc?
2835 4717 3120 4773 Maximum
3173 4727 3435 4788 tropaeum
3462 4764 3476 4785 ,
3537 4725 3813 4780 maximus

2217 4805 2488 4873 Splendor,
2520 4807 2817 4874 iucunditas
2844 4823 3048 4863 summa
3081 4819 3135 4862 et
3167 4809 3410 4866 felicitas.
3451 4812 3635 4884 Neque
3662 4818 3813 4872 enim

2218 4899 2292 4949 eis
2313 4897 2720 4964 exprobrabitur
2749 4900 2890 4967 quod
2913 4900 3054 4953 Deus
3081 4916 3263 4955 curam
3291 4918 3479 4958 eorum
3507 4922 3808 4977 naugcssr.

2219 4989 2316 5053 rit,
2348 4991 2431 5042 vel
2463 4991 2601 5058 quod
2635 4990 2799 5044 Deum
2831 4991 3116 5046 habuerint
3149 4994 3474 5050 imbecillum
3501 5040 3516 5063 ,
3547 5001 3633 5054 vel
3662 5003 3812 5070 quod

2217 5089 2485 5148 potentem
2515 5082 2750 5151 quidem,
2779 5097 2960 5137 verum
2988 5085 3095 5138 suis
3117 5089 3350 5155 peccatis
3365 5089 3669 5158 depulerint
3694 5095 3815 5164 ejus

2218 5325 2228 5334 _
2279 5261 2350 5324 (η)
2383 5261 2494 5332 Quis
2517 5263 2578 5311 sit
2601 5262 2679 5332 hic
2716 5271 2962 5378 intergres
2995 5274 3263 5327 ignoratur.
3299 5276 3409 5318 llaec
3440 5272 3623 5334 quippe
3674 5273 3825 5326 lectio

2218 5337 2265 5371 in
2291 5323 2514 5378 Hexaplts
2540 5331 2690 5378 posita
2714 5364 2725 5378 ,
2753 5340 2816 5375 ex
2879 5330 3177 5378 brvsostomo
3197 5339 3387 5378 summa
3412 5340 3487 5378 est
3506 5368 3522 5378 .
3545 5335 3630 5378 mi
3661 5339 3822 5378 ἰηιετ.

2217 5325 2265 5371 in
2291 5323 2514 5396 Hexaplis
2540 5328 2690 5396 posita
2714 5364 2725 5383 ,
2753 5323 3177 5396 ex_Cbrysostottto
3197 5339 3387 5392 sumpta
3412 5323 3487 5382 est
3661 5323 3822 5389 inter;

2220 5395 2408 5447 prelum
2435 5389 2624 5434 nomina
2652 5400 2743 5435 non
2769 5389 2925 5439 affert.

2282 5448 2355 5515 (b_)_
2385 5455 2511 5495 Hanc
2552 5447 2821 5515 lectionem
2852 5465 2965 5500 esse
3000 5460 3115 5515 puto
3156 5457 3376 5514 septimm
3416 5456 3661 5507 Editionia.
3701 5468 3818 5510 natu

2219 5509 2432 5579 Aquilae,
2457 5511 2750 5579 synumcbi,
2775 5509 3146 5579 Themioti'ouis,
3181 5509 3439 5579 sextusque.
3477 5509 3715 5573 mitiorsin
3745 5509 3817 5571 lo?

2218 5575 2692 5642 ctionesall'eruutur
2717 5578 2764 5642 in
2790 5578 3016 5637 Itexaplis
3050 5590 3113 5642 ex
3132 5641 3137 5642 γ
3156 5575 3471 5641 Hieronynw,
3500 5591 3550 5630 et
3576 5593 3682 5642 test
3705 5584 3815 5634 illas

2219 5644 2387 5701 omnes
2409 5633 2646 5701 hincqua:
2670 5635 2728 5683 ad
2752 5633 3007 5697 septimam
3027 5639 3291 5688 Editionem
3319 5633 3808 5701 pertinere-videtur.

2281 5696 2350 5753 (ρ)
2366 5701 2494 5766 dieeo
2519 5696 2857 5766 interpretatio
2877 5710 2952 5748 est
2969 5704 3109 5762 juxta
3129 5696 3377 5766 Aquilam.
3402 5707 3731 5766 Symmachum
3758 5716 3810 5759 ει

2219 5756 2610 5805 Theodotionetn.
2641 5756 3366 5825 ttieronymus'quoquoIvertlt,
3384 5756 3598 5833 sine»,
3628 5756 3808 5832 pltare;

2223 5836 2342 5878 lf'fllll
2363 5839 2520 5883 suam,
