4086 6478
363 362 466 423 3'75

367 474 756 544 providentiam
788 487 801 525 :
832 469 927 524 sed
967 469 1018 523 in
1043 467 1291 523 omnibus
1325 465 1456 520 clari
1498 475 1552 519 et
1576 462 1745 535 gloria
1794 462 1958 531 pleni,

365 577 583 636 prepter
596 565 891 626 civitatem,
917 568 1133 629 propter
1150 573 1356 621 muros,
1386 564 1606 625 propter
1631 554 1959 613 custodiam,

363 665 586 729 propter
629 656 854 716 liberos,
899 661 1119 723 propter
1154 664 1324 714 arma,
1374 656 1594 719 propter
1624 645 1961 717 potentiam,

356 762 464 801 non
494 761 553 800 se
585 752 767 814 tegent
810 758 920 812 prae
949 741 1151 810 pudore
1180 739 1422 792 videntes
1452 737 1702 791 inimicos
1724 779 1737 797 ,
1760 735 1854 792 sed
1882 738 1960 789 eis

356 839 625 896 acerrime
644 844 952 896 occurrent,
982 833 1270 903 gloriantes
1294 872 1309 893 ,
1337 830 1439 885 sibi
1486 825 1761 897 placentes
1785 869 1800 893 ,
1845 843 1959 881 ma-

356 943 491 1000 gnos
517 935 791 981 sumentes
820 925 1059 995 spiritus,
1088 932 1143 977 et
1171 922 1368 984 ornati,
1400 935 1521 975 cum
1555 921 1697 974 Deus
1714 934 1810 988 per
1841 918 1957 972 haec

356 1019 535 1074 munia
579 1016 829 1072 ostendat
878 1031 938 1070 se
986 1029 1172 1069 eorum
1223 1012 1524 1081 suscepisse
1572 1011 1951 1082 patrocinium.

350 1112 574 1166 Summa
603 1109 745 1163 enim
768 1108 1050 1172 bonorum,
1076 1113 1132 1160 et
1154 1105 1425 1159 felicitatis
1453 1104 1663 1158 culmen
1691 1111 1769 1156 est
1798 1101 1957 1156 dein-

349 1217 513 1270 ceps,
540 1212 788 1259 ornatum
819 1210 871 1254 et
903 1200 1220 1254 instructum
1262 1213 1383 1253 esse
1410 1198 1509 1252 Dei
1536 1196 1762 1251 auxilio.
1799 1195 1863 1249 Et
1889 1210 1955 1249 ea

348 1297 417 1350 de
454 1310 617 1349 causa
662 1295 750 1348 hic
798 1293 912 1347 linit
952 1293 1285 1357 orationem,
1332 1292 1534 1346 docens
1585 1303 1780 1344 omnes
1825 1298 1953 1342 ante

346 1386 527 1440 otnnia
564 1384 707 1439 hunc
746 1393 991 1439 ornatum
1036 1396 1313 1452 quaerere,
1341 1390 1393 1436 et
1426 1398 1494 1438 eo
1530 1381 1772 1451 gloriari.
1813 1380 1948 1435 Eum

345 1493 475 1543 ergo
504 1492 602 1529 nos
631 1491 846 1544 quoque
877 1488 1290 1543 persequamur,
1326 1482 1384 1525 ut
1408 1482 1605 1525 aeterna
1647 1484 1951 1538 consequa‘

344 1584 465 1621 mm
492 1568 663 1632 bona,
690 1567 859 1637 gratia
892 1575 946 1620 et
988 1564 1317 1633 benignitate
1348 1562 1558 1617 Domini
1601 1561 1769 1615 nostri
1818 1559 1945 1615 Jesu

343 1657 575 1724 (Ihri-ti,
604 1658 689 1712 cui
730 1672 853 1710 cum
903 1656 1063 1710 Patre
1100 1666 1157 1710 et
1190 1654 1393 1725 Spiritu
1442 1664 1632 1709 sancto
1670 1653 1841 1723 gloria
1892 1652 1943 1705 in

341 1766 398 1805 sa
417 1751 537 1807 eula
561 1751 906 1805 saeculorum.
938 1749 1133 1803 Amen.

768 1884 835 1940 ΙΝ
874 1883 996 1939 PSA
1005 1882 1198 1940 LMUM
1248 1882 1507 1938 CXXVII.

600 1997 653 2051 1.
693 1994 838 2049 Beati
859 2011 1030 2049 omnes
1056 1995 1146 2066 qui
1172 1996 1344 2049 timent
1378 1993 1669 2048 Dominum.

406 2112 459 2164 l.
492 2110 627 2163 Vide
667 2108 937 2179 quomodo
981 2106 1051 2161 ab
1092 2122 1159 2162 eo
1185 2106 1392 2175 incipit,
1422 2107 1474 2159 in
1512 2120 1622 2176 quo
1646 2104 1822 2160 desiit.
1868 2103 1940 2160 Ut

334 2202 478 2258 enim
506 2201 614 2256 illic
641 2214 737 2259 eos
759 2200 945 2254 beatos
975 2207 1255 2268 propterea
1285 2198 1524 2261 censuit,
1558 2196 1702 2267 quod
1732 2195 1939 2266 pudore

334 2309 438 2347 non
468 2290 876 2355 afficiebautur,
907 2288 1052 2359 quod
1096 2289 1265 2344 Deum
1303 2286 1576 2343 habebant
1611 2286 1933 2356 adjutorem,

331 2392 386 2438 ct
409 2391 640 2437 stantem
683 2396 713 2433 a
744 2382 855 2453 suis
898 2379 1141 2449 partibus
1191 2376 1370 2450 (Psal.
1418 2378 1540 2433 126.
1586 2378 1656 2448 5)
1695 2378 1811 2431 :ita
1848 2377 1936 2432 hic

330 2476 493 2529 etiam
521 2475 591 2529 ab
616 2488 682 2528 eo
710 2472 956 2538 orditur,
1000 2469 1189 2526 dicens
1213 2487 1227 2522 :
1262 2469 1403 2524 Beati
1433 2486 1604 2524 omnes
1632 2470 1719 2539 qui
1759 2468 1933 2523 timent

331 2566 627 2623 Donatium.
660 2565 724 2619 Et
751 2576 959 2625 rursus,
982 2569 1197 2632 sumpto
1224 2560 1293 2615 ab
1313 2560 1416 2614 illis
1444 2560 1727 2630 principio,
1753 2559 1933 2629 loqui-

330 2667 414 2712 tur
439 2657 784 2728 generaliter.
808 2654 974 2710 Recte
1001 2663 1181 2709 autcm
1212 2653 1366 2719 dixit,
1392 2652 1600 2715 Omnes,
1622 2651 1930 2721 significans

326 2749 468 2820 qttud
496 2750 612 2804 sive
635 2748 708 2803 sit
734 2762 947 2814 servus,
980 2747 1095 2802 sive
1121 2745 1392 2811 dominus,
1424 2746 1542 2802 sive
1570 2760 1791 2815 pauper,
1815 2744 1931 2800 sive

326 2842 543 2896 mutilus
579 2848 845 2911 corpore,
893 2854 958 2895 ac
996 2839 1232 2910 denique
1269 2840 1593 2909 quicumque
1635 2838 1744 2905 sit,
1795 2836 1926 2892 nihil

322 2951 512 2992 eorum
538 2944 683 2991 vetat
706 2935 993 3006 quominus
1034 2935 1228 2990 habeat
1252 2933 1393 2989 hanc
1436 2947 1596 3003 quam
1644 2931 1760 3001 ipse
1796 2931 1928 2986 dicit

323 3028 729 3085 beatitudinem.
751 3028 928 3082 Alium
954 3030 1099 3082 enim
1127 3026 1308 3082 fictum
1335 3034 1389 3080 et
1412 3025 1741 3085 simulatum,
1764 3038 1923 3093 quem

323 3121 473 3174 multi
505 3120 717 3174 beatum
731 3118 1043 3189 praedicant,
1064 3117 1229 3171 multa
1254 3116 1629 3172 concurrentia
1649 3116 1737 3169 vix
1762 3114 1920 3169 talem

322 3211 526 3267 faciunt
555 3227 570 3263 :
598 3220 655 3266 et
686 3210 786 3264 nisi
814 3210 991 3265 omnia
1019 3209 1430 3273 concurrerint,
1460 3222 1582 3263 .nou
1612 3206 1776 3277 fuerit
1802 3208 1923 3277 quis

322 3302 510 3357 beatus
556 3302 699 3373 apud
741 3300 1025 3358 homines:
1068 3309 1129 3356 ut
1166 3299 1319 3357 verbi
1362 3301 1579 3371 gratia:
1621 3299 1667 3355 si
1704 3299 1824 3371 quis
1852 3299 1924 3355 sit

320 3394 492 3459 dives,
526 3393 631 3448 hoc
658 3394 708 3449 ei
743 3408 848 3448 non
870 3392 1070 3449 sufficit
1097 3392 1165 3448 ad
1195 3392 1582 3448 beatitudinem
1602 3434 1619 3459 ,
1650 3394 1750 3448 nisi
1780 3391 1921 3447 adsit

320 3489 544 3542 sanitas.
576 3486 630 3542 Si
659 3488 803 3543 enim
832 3488 903 3541 sit
924 3484 1097 3552 dives,
1129 3495 1184 3540 et
1202 3500 1427 3555 corpore
1446 3486 1687 3552 mutilus,
1713 3485 1919 3540 claudi-

318 3588 405 3633 cat
432 3578 550 3649 ejus
580 3577 854 3634 beatitudo
872 3620 886 3643 ,
917 3587 971 3633 et
1000 3584 1087 3634 est
1110 3578 1358 3633 miserior
1385 3579 1727 3647 pauperibus.
1770 3578 1919 3634 Multi

318 3679 467 3725 certe
491 3670 685 3724 divites
712 3684 835 3723 cum
866 3669 1072 3724 morbis
1091 3668 1484 3735 conﬂictantcs,
1517 3685 1799 3740 pauperes,
1827 3671 1917 3741 qui

316 3761 549 3831 compita
574 3760 944 3816 mendicantes
966 3761 1185 3827 obeunt,
1206 3759 1388 3817 felices
1409 3776 1530 3817 esse
1548 3761 1754 3830 dicunt,
1777 3771 1832 3817 e‘t
1858 3778 1919 3819 se

316 3838 546 3907 miseros
572 3866 694 3907 esse
720 3850 923 3906 ducunt
949 3865 1073 3906 cum
1110 3851 1292 3907 decies
1328 3851 1477 3907 mille
1503 3852 1735 3907 talentis.
1781 3853 1919 3907 Rur-

315 3957 411 3998 sus
434 3942 479 3997 si
511 3942 579 3995 sit
604 3943 820 4012 quidem
845 3956 979 3997 sano
1002 3956 1228 4011 corpore
1265 3952 1321 3997 et
1346 3942 1515 4009 dives,
1537 3942 1707 4013 gloria
1736 3953 1914 3998 autem

316 4046 373 4092 et.
401 4035 611 4091 honore
653 4044 865 4102 careat,
914 4047 999 4092 est
1039 4037 1183 4093 aliud
1226 4054 1413 4094 rursus
1452 4038 1915 4109 impedimentum.

316 4130 456 4188 Sunt
485 4129 628 4185 enim
656 4130 895 4184 nonnulli
925 4131 1016 4199 qui
1060 4129 1350 4199 plurimum
1394 4131 1609 4200 quidem
1640 4132 1918 4199 possident

318 4223 598 4294 pecuniae,
631 4232 861 4292 suntque
900 4235 1130 4291 corpore
1156 4215 1401 4292 integro:
1450 4223 1543 4278 sed
1593 4223 1661 4278 ab
1697 4224 1761 4278 iis
1783 4265 1799 4287 ,
1824 4226 1915 4295 qui

317 4315 587 4385 principes
606 4323 661 4368 et
677 4312 842 4368 duces
861 4322 1005 4379 sunt,
1028 4315 1339 4384 gravissima
1364 4316 1657 4384 patiuntur.
1679 4316 1756 4371 Eo
1771 4318 1914 4371 enim

316 4407 458 4479 quod
498 4406 695 4460 nullius
736 4406 844 4460 sint
886 4406 1105 4461 honoris
1136 4408 1455 4477 participes,
1503 4409 1816 4464 existimant
1856 4425 1917 4465 se

314 4513 435 4555 esse
471 4500 711 4554 omnium
754 4498 1108 4562 miserrimos,
1141 4508 1200 4553 ut
1238 4501 1329 4570 qui
1360 4500 1425 4554 iis
1452 4512 1692 4570 pareant,
1721 4503 1915 4572 quibus

313 4605 459 4662 saepe
493 4589 695 4645 habent
732 4603 921 4645 servos
955 4590 1352 4659 locupletiores.
1401 4590 1605 4646 Rursus
1646 4593 1693 4647 si
1735 4592 1915 4649 adsint

314 4681 529 4753 quidem
568 4681 735 4751 gloria
758 4723 773 4745 ,
813 4680 1012 4735 divitia:
1043 4693 1097 4736 et
1139 4682 1340 4736 sanitas
1362 4722 1377 4745 ,
1412 4697 1518 4737 non
1555 4683 1695 4738 adsit
1732 4696 1912 4740 autem

313 4774 576 4829 securitas
600 4815 614 4838 ,
645 4772 790 4843 quod
822 4774 1085 4828 innumeri
1126 4777 1175 4829 ei
1217 4775 1572 4839 insidientur,
1606 4777 1913 4844 invideant,

314 4864 452 4919 male
482 4865 670 4928 velint,
701 4866 873 4934 ipsum
914 4865 1143 4931 oderint,
1178 4876 1461 4933 accusent,
1496 4869 1910 4934 calumnientur,

314 4957 358 5010 is
384 4955 486 5012 erit
516 4956 753 5009 omnium
787 4957 1143 5020 miserrimus,
1172 4958 1333 5011 vitam
1357 4973 1522 5027 agens
1546 4961 1762 5030 leporis,
1796 4976 1915 5015 mn-

315 5048 439 5102 bras
485 5046 690 5101 habens
731 5058 1045 5115 suspectas,
1095 5064 1391 5118 omnesque
1422 5050 1647 5105 horrens
1672 5060 1724 5105 et
1751 5055 1914 5120 perti-

316 5157 580 5198 mescens.
610 5140 765 5209 Quod
798 5142 840 5194 si
866 5142 934 5196 ab
964 5144 1028 5196 iis
1052 5142 1212 5197 etiam
1244 5144 1378 5197 liber
1399 5145 1712 5207 sit,ametur
1731 5155 1911 5201 autem

313 5233 382 5287 ab
401 5234 673 5298 omnibus,
702 5242 755 5287 et
774 5236 822 5287 ei
849 5234 1027 5287 omnia
1059 5233 1348 5289 succedant
1389 5249 1454 5289 ex
1484 5236 1648 5289 animi
1687 5246 1911 5291 senten-

317 5326 417 5386 tia,
444 5340 640 5394 nempe
662 5324 852 5395 gloria,
894 5324 1093 5379 divitiae
1121 5368 1135 5391 ,
1185 5328 1445 5381 securitas
1468 5369 1484 5394 ,
1536 5328 1709 5383 honor
1748 5330 1911 5399 (quae

316 5414 493 5469 omnia
516 5416 672 5468 simul
704 5430 1027 5471 concurrere
1057 5432 1162 5471 non
1206 5426 1462 5485 possunt;
1495 5430 1669 5473 tamen
1696 5421 1762 5473 ita
1790 5437 1911 5476 esse

318 5505 624 5576 fingamus).
649 5507 773 5560 licet
802 5506 913 5559 btec
939 5508 1115 5559 omnia
1139 5507 1382 5569 affluant,
1405 5518 1458 5562 et
1484 5510 1613 5562 nihil
1648 5512 1719 5563 sit
1740 5515 1909 5579 impc-

315 5597 557 5657 dimenti,
586 5594 755 5650 sedet
786 5597 968 5666 pepuli
996 5598 1388 5665 benevolentia,
1418 5611 1471 5654 et
1496 5604 1737 5668 corporis
1761 5604 1907 5655 sani-

317 5701 415 5752 tas,
446 5699 498 5743 et
538 5688 713 5741 omnis
752 5689 1010 5743 securitas
1032 5733 1045 5749 ,
1080 5701 1133 5744 et
1161 5706 1188 5743 a
1220 5694 1362 5745 nullo
1390 5708 1545 5760 posse
1575 5694 1735 5757 vinci,
1766 5696 1815 5748 in
1845 5712 1909 5750 eo

314 5792 654 5842 concurrant,
684 5780 927 5850 improha
971 5798 1110 5852 ςενιιο
1152 5794 1201 5835 el.
1236 5772 1482 5852 pri-versa
1535 5789 1756 5841 muliere
1802 5792 1900 5843 sibi

1470 348 1835 408 EXPOSITIO
1873 348 1938 404 IN
1967 349 2292 419 PSALHUM
2329 351 2584 413 CXXVII.

2080 463 2385 533 conjuncta,
2416 465 2595 520 evadit
2636 464 2700 521 iis
2728 466 2979 523 miserior
2999 510 3014 535 ,
3062 469 3152 541 qui
3180 480 3367 526 carent
3393 470 3479 526 his
3506 476 3680 528 orum-

2072 551 2194 608 bus.
2236 553 2388 620 Quod
2416 555 2464 610 si
2490 558 2539 611 ei
2564 571 2698 611 uxor
2721 556 2857 612 bona
2883 568 2939 614 et
2967 575 3035 615 ex
3062 561 3227 616 animi
3256 564 3523 618 sententia
3548 578 3681 620 eve-

2072 644 2231 708 nerit,
2255 645 2300 699 si
2329 646 2500 700 malos
2518 645 2715 702 habeat
2741 647 2902 714 lilios,
2928 664 3051 704 eum
3085 665 3207 705 esse
3236 652 3487 707 omnibus
3512 654 3679 709 mise-

2070 734 2270 790 riorem
2303 751 2524 792 necesse
2551 747 2636 793 est
2666 757 2678 792 :
2710 740 2850 810 quod
2876 742 2923 795 si
2945 742 3121 797 nullos
3152 744 3367 811 habeat,
3412 745 3596 816 lugere
3621 754 3681 801 et

2069 825 2371 882 lamentari.
2400 828 2639 899 Denique
2662 833 2707 886 si
2730 834 2935 902 quaevis
2961 830 3195 891 humana
3228 840 3500 907 aspexerit
3520 840 3675 909 quis-

2024 930 2033 933 λ
2067 918 2231 985 piam,
2266 920 2429 973 multa
2453 920 2655 976 videbit
2680 925 2997 995 praecipitia.
3046 927 3114 981 Et
3133 928 3258 998 quid
3288 929 3391 983 alia
3422 931 3677 1000 persequi

2063 1024 2199 1077 Opus
2241 1010 2360 1065 est?
2417 1011 2694 1083 Improbus
2739 1029 2886 1086 smpe
2916 1016 3148 1074 famulus
3188 1020 3369 1073 omnia
3394 1023 3591 1076 evertit
3617 1033 3673 1077 et

2062 1098 2363 1168 confundit,
2397 1110 2452 1157 et
2479 1102 2611 1158 nihil
2635 1114 2717 1159 est
2745 1106 2882 1162 adeo
2911 1109 3172 1163 incertum
3198 1118 3253 1165 et
3282 1110 3569 1179 lubricum,
3613 1120 3673 1166 ut

2062 1188 2115 1242 in
2156 1188 2464 1245 hominibus
2486 1192 2731 1264 gloriari,
2760 1204 2815 1250 et
2838 1194 2907 1251 de
2931 1196 2997 1251 iis
3026 1212 3086 1252 se
3100 1199 3327 1267 jactare.

2130 1277 2338 1335 Timeri:
2360 1281 2524 1337 Deum
2552 1286 2699 1355 felix.
2723 1316 2797 1327 —
2822 1289 2891 1342 At
2931 1304 3036 1343 non
3079 1298 3165 1344 est
3190 1291 3455 1361 ejusmodi
3492 1292 3543 1349 is
3573 1293 3667 1364 qui

2064 1371 2438 1442 Deum-timet,
2469 1377 2564 1431 sed
2597 1379 2665 1432 ab
2706 1378 2794 1434 his
2833 1380 3083 1437 ﬂuctibus
3114 1382 3408 1451 liberatus,
3431 1385 3585 1441 sedet
3609 1389 3665 1442 in

2055 1478 2217 1534 portu
2246 1477 2302 1522 et
2334 1468 2386 1522 in
2418 1471 2804 1540 tranquillitate
2823 1513 2840 1539 ,
2867 1488 2992 1528 vera
3018 1483 3074 1530 et
3105 1489 3249 1531 certa
3280 1476 3466 1532 fruens
3494 1477 3663 1533 beati-

2054 1556 2259 1613 tudine.
2305 1555 2435 1614 ldeo
2476 1559 2584 1615 illis
2628 1561 2877 1618 omnibus
2917 1565 3204 1633 prwtcritis
3232 1569 3489 1637 propheta
3520 1568 3662 1624 hunc

2052 1646 2228 1705 solum
2267 1647 2482 1704 beatum
2504 1650 2731 1720 iudicat.
2763 1650 2861 1707 Illa
2889 1655 3035 1709 enim
3067 1656 3340 1712 beatitudo
3366 1674 3657 1729 numquam

2050 1737 2210 1805 plane
2247 1740 2570 1808 constiterit,
2606 1742 2705 1796 nisi
2733 1744 2912 1798 omnia
2944 1748 3320 1803 concurrerint
3346 1765 3367 1801 ι
3390 1749 3499 1804 imo
3528 1764 3658 1804 vero

2046 1828 2259 1884 etiamsi
2288 1833 2698 1900 concurrerint,
2740 1842 2870 1890 tunc
2898 1835 3251 1894 labefaCtatur
3296 1839 3366 1894 ab
3411 1841 3475 1895 iis
3525 1842 3656 1911 ipsis

2045 1935 2165 1987 quae
2194 1921 2339 1976 illam
2376 1923 2607 1992 pariunt.
2648 1924 2785 1979 Nam
2811 1934 2864 1981 et
2890 1926 3091 1982 divitia:
3121 1931 3415 2003 perniciem
3458 1931 3657 1988 attule-

2046 2022 2192 2079 runt,
2223 2023 2278 2067 et
2298 2029 2435 2068 uxor
2453 2030 2598 2085 saepe
2624 2016 2856 2073 formosa
2886 2019 3037 2085 obiit,
3068 2019 3251 2075 famuli
3277 2023 3648 2092 prodiderunt,

2044 2102 2137 2156 lilii
2168 2103 2318 2159 fuere
2344 2106 2648 2175 parricidae,
2680 2117 2755 2175 et,
2786 2117 2847 2163 ut
2862 2108 2975 2178 jam
3002 2110 3131 2175 dixi,
3167 2113 3331 2166 multa
3358 2111 3520 2169 habet
3549 2130 3652 2170 un-

2042 2192 2204 2262 dique
2250 2195 2452 2251 iucerta
2503 2204 2557 2251 et
2603 2198 2759 2254 valde
2807 2198 3034 2254 lubrica.
3076 2199 3176 2255 Hic
3218 2212 3396 2257 autem
3434 2204 3646 2259 etiamsi

2041 2284 2223 2339 Omnia
2256 2286 2524 2342 contraria
2555 2287 2868 2357 conﬂuant,
2921 2306 3027 2345 non
3075 2292 3237 2348 modo
3280 2292 3415 2348 nihil
3446 2294 3648 2351 laedunt

2041 2375 2179 2430 hanc
2206 2376 2615 2443 beatitudinem,
2665 2381 2760 2436 sed
2805 2396 2925 2437 eam
2972 2383 3269 2439 ﬁrmiorem
3316 2386 3548 2441 reddunt
3589 2397 3646 2444 et

2036 2471 2478 2525 constantiorem.
2530 2471 2643 2526 Etsi
2684 2472 2755 2527 sit
2784 2484 3072 2545 paupertas
3096 2517 3113 2543 ,
3162 2477 3263 2531 etsi
3312 2477 3641 2548 ignominia,

2038 2560 2303 2615 mutilatio
2328 2563 2603 2631 corporis,
2635 2579 2771 2619 uxor
2813 2565 3057 2636 improba
3084 2607 3100 2633 ,
3131 2568 3381 2624 scelerati
3426 2569 3545 2635 lilii,
3586 2580 3644 2626 et

2033 2654 2413 2725 quodcumque
2442 2655 2586 2711 aliud
2624 2657 2851 2724 dixeris,
2902 2658 3006 2715 hoc
3036 2658 3167 2715 nihil
3198 2660 3486 2729 deprimit,
3538 2676 3643 2718 nec

2033 2743 2319 2800 labefactat
2362 2746 2500 2802 hanc
2546 2746 2954 2809 beatitudinem.
3005 2749 3189 2822 Neque
3216 2753 3360 2808 enim
3387 2768 3543 2808 suum
3570 2768 3639 2809 ex

2030 2834 2137 2890 illis
2166 2835 2329 2893 habet
2352 2845 2529 2892 ortum
2549 2880 2567 2906 ,
2602 2849 2659 2893 ut
2681 2840 2764 2895 eis
2784 2841 3058 2899 convulsis
3104 2842 3454 2902 labefactetur
3474 2884 3493 2912 ,
3540 2847 3638 2902 sed

2030 2928 2194 2984 habet
2220 2929 2458 2985 radicem
2490 2945 2519 2983 a
2548 2933 2760 3002 superis
2787 2948 2802 2985 :
2826 2934 3076 3003 quocirca
3099 2946 3280 2991 manet
3305 2937 3639 3008 inexpugna-

2028 3018 2174 3074 bilis.
2198 3024 2373 3090 Atque
2399 3020 2556 3089 adeo,
2578 3023 2628 3091 si
2652 3022 2848 3087 velitis,
2876 3040 2999 3079 eum
3030 3025 3084 3079 in
3108 3024 3239 3097 ipsis
3265 3028 3427 3083 rebus
3447 3039 3637 3084 osten-

2027 3111 2217 3167 damus
2244 3123 2297 3167 et
2326 3122 2738 3183 pertractemus.
2784 3123 2978 3171 Annon
3009 3128 3127 3173 erat
3165 3115 3366 3189 Joseph
3404 3121 3636 3175 servus?

2027 3218 2208 3258 annon
2253 3206 2545 3260 externus?
2586 3222 2766 3262 annon
2809 3210 3043 3265 extorris
3086 3224 3116 3263 a
3167 3212 3410 3281 patria'?
3452 3227 3634 3271 annon

2025 3308 2217 3349 servus
2246 3294 2620 3360 barbarorum,
2658 3298 2806 3366 prius
2832 3298 3246 3369 Saracenorum,
3274 3312 3459 3373 postea
3499 3304 3634 3375 ipsis

2025 3386 2404 3443 immaniorum
2420 3387 2796 3460 Egyptiorum
2813 3390 2837 3444 ?
2857 3407 3037 3447 annon
3056 3394 3463 3451 existimabatur
3480 3398 3634 3453 adul-

2027 3479 2146 3532 ter?
2189 3496 2368 3534 annon
2410 3482 2802 3536 accusabatur?
2826 3498 3001 3540 annon
3027 3486 3307 3541 calumniis
3336 3488 3634 3558 impeteba-

2026 3570 2146 3624 tur?
2167 3585 2345 3625 annon
2377 3570 2649 3627 habitabat
2682 3573 2736 3628 in
2765 3575 3015 3631 carcere?
3043 3591 3223 3631 annon
3246 3578 3457 3635 vinctus
3476 3588 3629 3636 tene-

2022 3660 2181 3717 batur
2209 3661 2376 3733 (Gen.
2409 3664 2498 3719 37.
2527 3675 2571 3719 et
2601 3664 2672 3721 38
2694 3665 2753 3735 )‘f
2797 3664 2865 3720 Et
2900 3667 3029 3736 quid
3075 3669 3265 3724 horum
3292 3685 3415 3726 eum
3454 3670 3631 3727 laesit?

2023 3756 2137 3810 lmo
2157 3771 2285 3811 vero
2307 3772 2404 3828 per
2425 3758 2541 3813 bare
2570 3767 2686 3813 erat
2710 3758 2765 3813 in
2786 3759 2972 3829 primis
2995 3758 3203 3816 beatus.
3229 3760 3343 3817 lloc
3356 3773 3439 3817 est
3457 3763 3627 3831 enim,

2022 3851 2162 3904 sicut
2184 3849 2296 3920 jam
2322 3851 2454 3911 dixi,
2485 3851 2824 3919 admirabile,
2842 3852 2982 3922 quod
3010 3868 3117 3909 non
3146 3855 3318 3910 solum
3348 3855 3473 3911 hinc
3496 3856 3630 3911 nihil

2024 3940 2249 3995 ltedatur
2279 3942 2587 4008 beatitudo,
2621 3941 2717 3998 sed
2744 3944 2906 3998 etiam
2940 3944 3251 4014 prmclarior
3278 3945 3534 4001 reddatur
3574 3956 3631 4003 et

2023 4036 2305 4090 illustrior.
2362 4036 2419 4092 Si
2463 4037 2595 4091 nihil
2641 4038 2785 4093 enim
2840 4038 2915 4093 illi
2965 4053 3156 4094 eorum
3184 4040 3492 4109 accidisset,
3521 4055 3629 4096 non

2025 4126 2213 4180 fuisset
2240 4128 2378 4183 adeo
2410 4128 2619 4184 beatus.

2094 4218 2150 4272 2.
2195 4219 2289 4274 Vis
2319 4221 2482 4275 etiam
2515 4234 2611 4276 eos
2639 4220 2814 4277 dicam
2848 4221 2942 4292 qui
2971 4222 3025 4276 in
3055 4221 3186 4278 vitio
3227 4223 3404 4278 acrius
3428 4223 3630 4293 persti-

2021 4318 2243 4378 terunt,
2273 4310 2470 4367 deinde
2498 4322 2720 4381 repente
2749 4311 2938 4366 mutati
2976 4321 3099 4367 sunt
3123 4353 3140 4380 ,
3184 4321 3240 4368 et
3286 4329 3450 4371 omne
3497 4314 3627 4371 illud

2020 4402 2209 4457 vitium
2231 4403 2542 4458 exuerunt?
2573 4403 2709 4471 Quid
2739 4401 2837 4459 fuit
2856 4403 3068 4460 latrone
3094 4404 3383 4460 miserius?
3408 4406 3514 4462 Sed
3542 4423 3629 4462 re-

2021 4505 2183 4566 pente
2227 4497 2399 4551 evasit
2445 4497 2685 4551 omnium
2730 4497 3077 4553 beatissimus
3118 4497 3270 4570 (Luc.
3297 4497 3417 4568 25).
3466 4500 3625 4569 Atqui

2021 4586 2168 4641 mille
2194 4586 2371 4641 caedes
2392 4588 2589 4642 fecerat
2605 4605 2619 4651 ;
2635 4603 2757 4643 nam
2784 4598 2901 4643 erat
2929 4588 3106 4643 crucis
3122 4589 3385 4658 supplicio
3404 4588 3629 4643 damna-

2021 4688 2129 4742 tns,
2148 4688 2203 4734 et
2232 4679 2298 4735 ad
2327 4688 2555 4735 mortem
2583 4679 2869 4745 adductus,
2898 4694 3092 4735 omnes
3122 4695 3244 4735 eum
3274 4682 3625 4747 accusabant,

2020 4782 2190 4830 totum
2216 4783 2427 4842 tempus
2468 4780 2586 4827 erat
2626 4782 3023 4843 comsumptum
3047 4812 3062 4835 ,
3107 4780 3162 4826 et
3204 4772 3311 4826 vita
3358 4781 3626 4828 transacta

2020 4866 2190 4921 fuerat
2219 4867 2273 4921 in
2299 4867 2545 4922 scelere:
2577 4864 2670 4920 sed
2697 4865 2947 4935 quoniam
2969 4865 3163 4936 exiguo
3188 4874 3430 4934 tempore
3456 4864 3626 4920 Deum

2019 4956 2093 5012 ita
2126 4966 2183 5011 ut
2206 4965 2421 5027 oportet
2449 4956 2643 5021 timuit,
2674 4956 2862 5012 beatus
2886 4956 3056 5011 factus
3084 4967 3187 5012 est.
3219 4955 3292 5010 Ita
3314 4958 3476 5011 etiam
3508 4972 3618 5011 me-

2020 5050 2209 5114 retrix,
2242 5049 2368 5104 licet
2395 5048 2583 5103 forum
2604 5059 2870 5120 quaestum
2896 5047 3100 5104 faceret
3126 5058 3181 5105 et
3213 5050 3453 5118 exposita
3483 5060 3627 5106 esst-t

2020 5143 2260 5196 omnium
2292 5142 2634 5197 contumeliae
2657 5182 2673 5208 ,
2703 5150 2759 5197 et
2800 5141 2921 5197 ideo
2948 5152 3095 5197 esset
3117 5142 3357 5197 omnium
3388 5141 3619 5195 miserri-

2021 5250 2129 5298 ma,
2158 5234 2312 5288 beata
2358 5232 2563 5287 exstitit
2615 5232 2828 5301 quando
2870 5234 3038 5287 Deum
3088 5244 3143 5288 ut
3176 5240 3403 5301 oportet
3449 5232 3620 5287 timuit

2021 5322 2171 5395 (Luc.
2203 5325 2280 5393 7).
2325 5323 2539 5379 Nullum
2569 5332 2655 5379 est
2677 5325 2822 5379 enim
2854 5324 3051 5378 malum
3095 5322 3236 5393 quod
3267 5339 3374 5376 non
3417 5325 3620 5377 ειδιίης

2019 5429 2145 5487 gnat
2168 5419 2259 5473 Dei
2283 5430 2488 5472 metus:
2516 5434 2637 5471 nam
2666 5418 3115 5486 quemadmodum
3146 5416 3301 5487 ignis,
3332 5415 3614 5485 qttodcmn-

2019 5527 2123 5579 que
2142 5509 2340 5564 ferrum
2358 5509 2565 5579 ceperit
2590 5510 3008 5571 contortum,vel
3038 5507 3279 5577 rubigine
3296 5504 3622 5571 confectum,

2022 5602 2070 5655 id
2103 5602 2305 5655 clarum
2327 5601 2502 5655 reddit
2528 5616 2592 5655 ac
2621 5602 2921 5669 pulchrum,
2942 5600 3266 5669 ferrugincm
3286 5598 3622 5665 abstergens,

2086 5740 2099 5770 ι
2139 5744 2219 5785 tlte
2246 5751 2409 5788 voces.
2436 5749 2591 5785 mmon
2616 5736 2871 5785 P.1'10t't‘i8a
2898 5735 3055 5796 patria
3075 5733 3097 5784 ζ)
3130 5734 3337 5786 deerant
3362 5734 3410 5782 iu
3433 5731 3621 5785 ﬂorem

2023 5801 2109 5848 sed
2139 5804 2186 5848 in
2204 5799 2311 5848 aliis
2337 5797 2701 5848 exenwlaribns
2717 5798 2970 5860 leguntur.
