4086 6444
492 364 587 420 (Ili?

490 489 546 532 et
571 476 710 546 quod
740 477 788 528 in
817 491 881 528 eo
905 486 1018 528 erat
1046 485 1350 541 perversum
1396 479 1449 524 et
1489 466 1758 528 inflexum,
1791 462 2065 532 perfectis-

491 568 627 623 sime
653 567 867 635 corrigit
901 583 914 620 :
943 567 1008 619 ita
1041 565 1199 618 etiam
1233 563 1320 614 Dei
1371 569 1543 613 metus
1570 560 1652 612 vel
1695 557 1884 625 exiguo
1929 563 2063 606 tem-

493 673 622 728 pore
651 655 777 710 facit
801 657 996 719 omnia,
1028 663 1082 707 ct
1104 669 1196 706 eos
1225 652 1313 718 qui
1344 650 1411 704 ab
1441 652 1555 718 ipso
1579 647 1726 702 tincti
1751 654 1892 708 sunt,
1925 643 2064 696 milia

496 762 555 802 re
585 746 814 800 humana
838 744 1006 812 frangi
1035 745 1180 797 sinit.
1234 744 1420 796 Annon
1449 749 1562 794 erat
1605 738 1844 792 inlirtnus
1885 733 2068 789 Timu-

495 840 688 890 tuens?
713 851 887 888 annon
915 836 1113 888 morbis
1141 845 1192 888 et
1218 831 1592 886 afﬂictionibus
1619 837 1878 898 perpetuo
1899 843 2064 880 vexa-

494 929 647 980 batur
675 927 750 997 (1.
777 925 910 979 'l'im.
933 926 988 981 5.
1015 924 1149 994 25)?
1196 922 1330 989 Quid
1362 937 1488 992 ergo
1537 920 1637 975 fuit
1682 919 1772 973 illo
1817 917 2064 972 beatius?

491 1017 625 1084 Quid
654 1031 779 1071 vero
803 1057 818 1079 ,
864 1016 949 1069 dic
972 1029 1172 1084 quaiso,
1203 1013 1341 1066 Job?
1370 1026 1546 1065 annon
1576 1011 1819 1064 redactus
1847 1014 1961 1060 erat
2000 1004 2064 1058 ad

493 1105 893 1174 paupertatem?
938 1118 1113 1156 annon
1145 1103 1210 1156 ad
1239 1099 1560 1155 orbitatem?
1582 1099 1646 1152 ad
1671 1097 1909 1166 corporis
1943 1110 2064 1163 gra-

492 1199 706 1251 vissima
729 1195 942 1250 ulcera?
967 1209 1145 1248 annon
1170 1192 1396 1261 probris,
1412 1189 1765 1254 Contumeliis,
1788 1196 1841 1242 et
1863 1184 2066 1255 injuriis

491 1286 876 1356 appetebaer
903 1301 1078 1340 annon
1111 1285 1248 1338 fame
1273 1292 1327 1337 et
1365 1284 1515 1337 malis
1545 1281 1792 1336 omnibus
1821 1278 2066 1333 humanis

489 1376 861 1432 cruciabatur?
901 1375 950 1429 ls
980 1385 1152 1428 tamen
1181 1373 1274 1428 fuit
1301 1374 1535 1427 omnium
1564 1371 1918 1426 beatissimus.
1950 1369 2063 1423 Non

490 1469 661 1524 solum
684 1471 822 1523 enim
851 1468 978 1522 nihil
1000 1468 1186 1523 ltorum
1207 1467 1352 1520 illum
1373 1466 1546 1535 fregit,
1567 1466 1658 1519 sed
1680 1451 1837 1517 etiam
1867 1461 2067 1516 firmio-

491 1575 602 1616 rem
650 1559 788 1612 fecit.
835 1558 1134 1625 Quinetiam
1174 1572 1292 1610 cum
1337 1556 1439 1609 illis
1479 1555 1724 1607 omnibus
1763 1569 1902 1607 uxor
1943 1567 2064 1606 eum

495 1647 787 1716 premebat,
819 1638 1024 1716 probris
1053 1649 1338 1709 insectans,
1366 1655 1418 1699 et
1443 1656 1616 1698 tamen
1643 1660 1735 1714 per
1757 1647 1870 1697 haec
1888 1643 2065 1697 omnia

491 1739 665 1792 clarus
689 1737 876 1793 evasit.
919 1737 1044 1791 Haec
1082 1752 1206 1806 ergo
1232 1735 1410 1790 omnia
1439 1735 1783 1790 considerans
1811 1733 2068 1802 propheta

491 1828 736 1884 dicebat:
765 1826 941 1893 Beati,
973 1829 1138 1904 inquit
1166 1867 1182 1894 ,
1237 1843 1407 1882 omnes
1455 1829 1542 1897 qui
1571 1829 1744 1880 timent
1769 1825 2066 1892 Dominum,

488 1923 578 1992 qui
605 1920 861 1974 ambulant
888 1922 942 1975 in
966 1922 1057 1974 viis
1084 1921 1216 1990 ejus.
1262 1919 1339 1975 Ne
1363 1919 1505 1974 enim
1545 1918 1878 1972 existimares
1920 1917 2067 1972 suillo

489 2018 614 2068 cere
653 2011 896 2067 timorem
922 2051 938 2075 ,
987 2011 1182 2080 adjecit
1228 2011 1354 2066 illud
1393 2029 1408 2066 :
1454 2012 1555 2079 Qui
1580 2012 1842 2064 ambulant
1882 2009 1936 2063 in
1975 2011 2065 2066 uiis

488 2105 620 2173 ejus,
649 2112 930 2173 utrumque
955 2104 1268 2172 designans;
1302 2103 1404 2158 hoc
1424 2113 1527 2169 est,
1556 2103 1640 2173 qui
1669 2105 1842 2158 timent
1872 2113 1919 2156 et
1957 2120 2065 2155 am-

490 2197 684 2250 bulant.
732 2195 878 2250 Multi
905 2196 1048 2251 enim
1090 2195 1248 2251 iidem
1287 2198 1572 2264 perfectam
1600 2195 1875 2260 habentes,
1905 2196 2064 2250 vitam

490 2294 666 2338 autem
691 2282 1025 2354 ﬂagitiosam,
1049 2285 1284 2340 omnium
1309 2285 1458 2340 fuere
1486 2284 1786 2339 miserrimi.
1828 2285 1906 2338 Ne
1935 2299 2065 2352 ergo

490 2373 541 2427 id
565 2373 705 2442 quod
725 2372 854 2428 dicit
879 2374 1148 2429 videretur
1166 2389 1234 2427 ex
1282 2389 1346 2428 eo
1377 2373 1543 2428 refelli
1569 2415 1584 2437 ,
1629 2373 1898 2442 subjunin
1923 2391 1937 2426 :
1968 2374 2068 2440 Qui

488 2462 748 2517 ambulant
787 2464 843 2517 in
869 2465 963 2519 uiis
992 2465 1118 2534 ejus.
1149 2465 1401 2531 Quantam
1431 2473 1605 2516 autem
1650 2474 1772 2516 sunt
1800 2463 1899 2515 vite
1927 2462 2064 2530 ejus,

489 2550 588 2604 nisi
618 2552 720 2604 vita
750 2565 869 2618 qua)
909 2567 974 2606 ex
1017 2553 1208 2606 virtute
1255 2551 1584 2606 instituitur?
1622 2552 1724 2604 Per
1765 2566 1881 2605 eam
1921 2551 2064 2606 enim

489 2649 662 2706 potest
689 2640 740 2693 in
777 2640 964 2694 czelum
995 2641 1236 2704 aseendi,
1267 2651 1320 2693 et
1360 2640 1442 2693 illa
1475 2640 1726 2707 primaria
1756 2640 1944 2693 civitas
1967 2653 2063 2707 ap-

488 2727 765 2796 prehendi,
799 2729 1012 2798 ipseque
1064 2730 1200 2784 Deus
1243 2729 1442 2794 videri,
1487 2739 1746 2797 quatenus
1792 2738 1964 2797 potest
1996 2729 2063 2784 ab

489 2820 700 2875 homine
719 2820 902 2889 aspici.
932 2821 1057 2891 Ejus
1077 2830 1253 2875 autem
1279 2822 1378 2875 viae
1403 2821 1670 2886 dicuntur,
1693 2822 1944 2890 quoniam
1969 2836 2066 2892 per

487 2923 577 2963 eas
597 2919 770 2978 pOIest
800 2911 851 2965 in
880 2912 1068 2966 exelum
1096 2913 1160 2965 ad
1192 2912 1357 2971 Deum
1385 2911 1672 2981 perveniri.

559 2996 742 3052 Multa:
767 3013 1084 3071 exponuntur
1111 3002 1204 3054 via:
1229 3000 1297 3054 ad
1330 3001 1510 3054 cwlum
1537 3004 1783 3070 ferentes;
1805 3016 2064 3053 numerum

485 3088 674 3141 claudit
699 3090 809 3144 laus
837 3090 1184 3160 eleemosynaz,
1215 3093 1360 3162 cujus
1387 3091 1605 3160 eﬁicacia
1630 3090 1857 3159 exemplo
1880 3087 2064 3142 Lazari

486 3179 786 3234 illustratur.
820 3210 891 3221 -—
913 3181 1028 3235 Non
1058 3181 1208 3245 dixit,
1254 3182 1346 3236 Via
1373 3222 1388 3246 ,
1417 3180 1510 3236 sed
1530 3223 1546 3248 ,
1577 3181 1689 3236 Via:
1709 3222 1724 3247 ,
1771 3181 2061 3236 ostendens

485 3285 576 3325 eas
603 3286 722 3326 esse
746 3271 942 3326 multas
967 3282 1023 3327 et
1057 3271 1316 3326 diversas.
1363 3271 1647 3339 Propterea
1693 3271 1836 3325 enim
1868 3271 2064 3326 multas

485 3361 594 3415 vias
623 3362 829 3424 muniit,
860 3371 916 3416 ut
939 3377 1119 3416 earum
1148 3360 1483 3415 multitudine
1511 3359 1718 3415 facilem
1747 3360 1900 3415 nobis
1921 3360 2063 3415 face-

487 3460 564 3506 ret
592 3452 908 3522 ingressum.
953 3452 1030 3506 Ex
1059 3453 1358 3507 hominibus
1387 3452 1528 3506 enim
1567 3452 1655 3506 alii
1684 3460 1808 3506 sunt
1838 3453 2059 3522 virgini-

485 3549 592 3595 tate
623 3542 872 3602 itlustres,
905 3542 990 3595 alii
1019 3557 1144 3596 vero
1173 3557 1232 3595 se
1258 3541 1479 3596 honeste
1499 3551 1689 3611 gerunt
1716 3544 1766 3595 in
1786 3543 2061 3597 matrimo-

483 3631 592 3697 nio,
616 3631 700 3685 alii
723 3641 982 3686 ornantur
1009 3634 1260 3686 viduitate
1288 3649 1304 3686 :
1339 3633 1387 3686 hi
1415 3646 1475 3688 se
1499 3633 1749 3694 omnibus
1774 3644 2057 3700 exuerunt,

481 3721 553 3776 illi
584 3723 840 3787 dimidio;
885 3724 939 3778 hi
979 3739 1073 3793 per
1109 3725 1248 3778 viam
1292 3733 1490 3779 rectam
1540 3725 1942 3794 ingrediuntur,
1987 3727 2060 3782 illi

482 3827 578 3882 per
620 3814 984 3884 paenitentiam
1017 3832 1030 3867 :
1073 3825 1127 3870 et
1154 3815 1273 3870 ideo
1300 3817 1492 3870 multas
1522 3817 1613 3871 tibi
1653 3819 1763 3872 vias
1811 3820 2054 3886 munivit,

481 3914 537 3958 ut
563 3903 712 3959 facile
741 3901 1070 3975 ingrediaris.
1106 3905 1219 3960 Non
1249 3908 1464 3976 potuisti
1495 3917 1614 3976 post
1651 3909 1915 3964 lavacrum
1937 3925 2057 3966 ser-

481 4011 607 4052 vare
636 4011 830 4066 corpus
858 3998 1150 4052 mundum?
1187 4000 1258 4053 At
1296 4015 1393 4068 per
1435 4001 1796 4068 ptenitentiam
1830 4003 1879 4057 id
1908 4013 2057 4072 potes

487 4087 793 4153 emundare,
825 4098 976 4158 potes
1006 4105 1098 4158 per
1123 4091 1393 4159 pecunias,
1419 4106 1515 4160 per
1540 4093 1954 4164 eleemosynam.
1986 4096 2057 4149 At

482 4189 587 4229 non
619 4175 782 4232 babes
823 4179 1112 4247 pecunias?
1154 4178 1259 4235 Sed
1303 4190 1455 4249 potes
1501 4180 1717 4237 visitare
1760 4193 2053 4254 :rgrotum,

481 4272 634 4333 potes
653 4267 907 4322 accedere
930 4267 996 4322 ad
1021 4283 1141 4324 eum
1167 4262 1256 4338 qui
1279 4278 1359 4325 est
1387 4271 1438 4324 in
1464 4271 1707 4336 vinculis,
1738 4272 1867 4328 dare
1895 4289 2058 4343 pocu-

485 4357 590 4410 lum
623 4356 847 4427 frigidm,
871 4368 925 4414 et
954 4360 1053 4415 sub
1086 4360 1273 4414 eodem
1307 4371 1446 4416 tecto
1486 4362 1746 4431 hospitem
1777 4365 2055 4434 excipere,

483 4449 720 4516 pnnbere
744 4449 879 4504 duos
904 4451 1088 4505 obolos
1107 4491 1122 4517 ,
1150 4451 1286 4506 sicut
1313 4451 1470 4505 vidua
1496 4493 1511 4517 ,
1540 4453 1889 4522 ingemiscere
1937 4472 2058 4519 pro-

481 4547 563 4593 ter
592 4552 685 4593 eos
705 4540 793 4609 qui
839 4538 1146 4610 affliguntur
1179 4539 1340 4610 (Luc.
1369 4539 1494 4612 21).
1537 4541 1666 4594 Nam
1705 4543 1804 4596 hoc
1846 4559 2058 4612 quoque

485 4637 568 4684 cst
592 4629 952 4700 eleemosyna.
982 4633 1051 4686 At
1073 4645 1131 4685 es
1167 4631 1396 4700 undique
1421 4633 1725 4699 destitutus,
1754 4641 1807 4686 et
1833 4635 2053 4688 omnino

485 4735 702 4789 muper,
733 4729 786 4774 et
810 4735 1033 4789 corpore
1059 4722 1192 4776 adeo
1215 4721 1452 4784 infirmo,
1479 4731 1619 4777 utne
1650 4724 1822 4792 possis
1841 4725 2054 4793 quidem

481 4811 767 4866 incedere?
810 4811 934 4866 llzec
975 4812 1147 4867 omnia
1190 4813 1269 4867 fer
1294 4827 1485 4882 magno
1514 4816 1722 4878 animo,
1761 4815 1869 4868 Deo
1895 4829 2057 4882 agens

480 4904 700 4970 gratias,
732 4911 786 4958 ct
814 4918 1058 4973 magnam
1089 4905 1391 4958 mercedem
1417 4907 1668 4974 accipies.
1711 4906 1841 4960 Nam
1874 4907 1926 4961 in
1955 4909 2058 4963 hoc

480 5007 690 5062 quoque
720 5008 777 5048 se
802 4994 1023 5063 pulchre
1050 4997 1216 5064 gessit
1258 4995 1511 5050 Lazarus.
1562 4997 1743 5066 Neque
1780 5000 1921 5052 enim
1961 5000 2054 5052 ulli

481 5083 590 5137 suis
619 5084 707 5138 ille
734 5086 976 5139 subvenit
1007 5088 1263 5154 pecuniis.
1316 5088 1413 5153 Qui
1444 5089 1586 5143 enim
1621 5089 1668 5142 id
1713 5091 1942 5152 fecisset.
1970 5093 2054 5145 cui

473 5173 559 5231 .\'el
585 5174 938 5228 necessarium
965 5175 1147 5228 deerat
1170 5177 1522 5230 alimentum?
1552 5178 1661 5232 Νοη
1684 5180 1954 5247 ingressus
1977 5193 2058 5233 cSt

478 5279 771 5318 carcerem.
798 5263 1078 5330 Quomodo
1106 5266 1245 5318 enim
1270 5267 1354 5334 qui
1384 5283 1481 5320 nec
1507 5269 1659 5338 erigi,
1693 5285 1790 5322 nec
1820 5285 1875 5322 se
1897 5271 2058 5322 susti-

484 5371 609 5409 nere
652 5355 901 5424 poterat?
944 5354 1059 5410 Non
1103 5357 1280 5409 invisit
1327 5369 1602 5427 mgrotum.
1654 5360 1751 5426 Qui
1799 5367 2058 5428 potuisset

479 5445 566 5513 qui
591 5445 783 5513 linguis
804 5459 997 5498 canum
1018 5454 1132 5499 erat
1159 5447 1439 5514 expositus
1463 5447 1610 5516 (Luc.
1638 5448 1766 5516 16)?
1789 5448 1854 5502 Et
1881 5459 2054 5502 tamen

482 5537 638 5589 ctiam
665 5535 866 5608 absque
895 5534 979 5591 his
1014 5538 1288 5605 praemium
1320 5539 1524 5594 virtutis
1552 5541 1794 5609 arripuit,
1821 5557 1886 5596 eo
1915 5542 2054 5609 quod

481 5627 657 5680 Olllﬂla
685 5629 861 5682 tulerit
891 5643 1152 5696 generoso
1179 5629 1375 5688 animo.
1401 5644 1465 5682 eo
1490 5631 1628 5700 quod
1658 5632 1840 5685 videns
1863 5633 2054 5686 crude-

484 5715 590 5770 lcut
616 5729 669 5772 et
697 5719 1038 5772 inhumanum
1060 5721 1327 5776 hominem
1351 5720 1400 5775 in
1425 5720 1627 5776 honore
1653 5721 1851 5785 haberi,
1875 5725 2054 5777 vitam.

1185 357 1240 410 S.
1279 351 1556 410 JOANNIS
1586 342 2058 406 CHRYSOSTOMI
2096 338 2411 398 ARCﬂlEP.
2450 340 2982 398 CONSTANTINOP.

3653 337 3764 393 3‘38

2176 475 2278 528 que
2301 476 2456 529 agere
2492 461 2542 514 in
2572 462 2796 522 deliciis,
2821 462 3052 529 seipsum
3084 468 3262 512 autem
3287 454 3484 510 versari
3512 455 3567 507 in
3597 452 3764 506 tantis

2175 552 2350 614 malis,
2399 567 2464 606 ne
2500 551 2720 605 verbum
2750 549 2962 619 quidem
2995 547 3302 602 indecorum
3337 543 3638 612 protulerit.
3692 541 3758 595 Et

2172 640 2292 694 ideo
2322 643 2372 694 in
2400 641 2516 694 sinu
2552 641 2776 694 Abraha:
2802 649 3049 707 receptus
3076 645 3179 703 est,
3221 635 3310 701 qui
3349 643 3562 688 mortuo
3591 633 3764 686 nihilo

2172 739 2290 784 erat
2319 732 2506 784 melius
2531 729 2769 793 allectus,
2805 728 2898 783 sed
2917 730 3082 798 plane
3104 736 3216 780 erat
3243 725 3466 788 inutilis,
3491 726 3542 777 in
3575 721 3762 776 divitis

2173 819 2433 873 vestibulo
2463 818 2727 887 projectus
2773 835 2785 870 :
2834 826 2889 870 et
2935 832 3055 870 cum
3102 813 3419 884 patriarcha,
3461 813 3550 881 qui
3599 820 3679 864 tot
3707 819 3762 864 et

2174 919 2346 963 tantas
2377 925 2462 963 res
2492 908 2741 977 prwclare
2765 916 3024 976 gesserat,
3055 905 3430 968 coronabatur,
3463 903 3642 955 victor
3669 916 3760 955 re-

2087 1001 2090 1008 ³
2173 1002 2531 1064 nuntiabatur,
2560 1009 2613 1054 et
2639 1000 2756 1052 sinu
2789 1000 2926 1051 illitis
2956 998 3248 1060 fruebatur,
3270 997 3360 1064 qui
3392 1009 3490 1049 nec
3515 995 3763 1048 eleemo-

2171 1106 2356 1160 synam
2391 1091 2616 1154 fecerat,
2651 1105 2748 1143 nec
2782 1090 2829 1142 ci
2855 1089 2937 1142 cui
2963 1087 3152 1155 injuria
3183 1086 3340 1140 fiebat
3373 1101 3592 1140 manum
3620 1099 3762 1152 pra)-

2172 1182 2376 1247 buerat,
2399 1197 2500 1236 non
2520 1181 2756 1250 hospites
2778 1187 3079 1248 exceperat,
3100 1193 3198 1232 nec
3223 1178 3419 1249 aliquid
3441 1177 3586 1232 aliud
3611 1176 3764 1245 ejus-

2171 1275 2312 1327 modi
2345 1277 2626 1329 ostendere
2650 1283 2914 1341 potuerat,
2938 1272 3032 1327 sed
3061 1279 3259 1323 tantum
3289 1270 3342 1322 in
3369 1269 3618 1322 omnibus
3651 1268 3764 1322 Deo

2170 1367 2364 1435 gratias
2382 1376 2580 1434 egerat,
2603 1375 2655 1418 ct
2679 1365 2984 1434 praclaram
3005 1362 3269 1432 patientia:
3292 1376 3541 1415 coronam
3560 1363 3765 1413 retule-

2171 1467 2271 1511 rat.
2305 1457 2487 1527 Magna
2513 1458 2652 1510 enim
2686 1474 2770 1511 res
2799 1457 3086 1525 gratiarum
3118 1454 3274 1515 actio,
3310 1452 3668 1521 philosophia,
3699 1467 3763 1506 ac

2173 1548 2420 1616 patientia
2441 1549 2456 1578 ¹
2488 1565 2604 1616 qua:
2636 1557 2710 1600 tot
2739 1546 2965 1600 ettautis
2989 1545 3140 1598 malis
3158 1552 3437 1598 exercetur
3459 1561 3473 1595 ;
3497 1543 3656 1611 idque
3678 1542 3761 1595 fa-

2171 1648 2316 1692 ctum
2357 1647 2438 1692 est
2465 1639 2621 1701 longe
2653 1638 2885 1691 omnium
2918 1637 3227 1688 maximum.
3269 1633 3419 1688 Unde
3463 1634 3624 1687 etiam
3658 1631 3765 1686 Job

2170 1740 2455 1783 coronatus
2483 1739 2562 1782 est
2594 1746 2612 1784 :
2641 1737 2964 1796 quapropter
2993 1724 3204 1779 dicebat
3249 1723 3492 1777 diabolus
3517 1739 3529 1774 :
3565 1721 3762 1774 Pellem

2161 1836 2264 1894 pro
2287 1819 2441 1889 pelle,
2470 1827 2516 1872 et
2544 1819 2714 1872 omnia
2751 1832 2863 1886 qua:
2889 1817 3038 1868 homo
3065 1814 3242 1876 habet,
3276 1813 3411 1865 dabit
3452 1828 3545 1882 pro
3586 1811 3762 1864 anima

2169 1929 2296 1976 sua;
2324 1912 2411 1965 sed
2434 1912 2646 1964 immitte
2671 1925 2876 1963 manum
2903 1917 3073 1972 tuam,
3123 1916 3170 1960 et
3219 1913 3365 1975 tange
3402 1919 3607 1956 carnem
3647 1905 3762 1974 ejus

2174 2001 2326 2074 (Job.
2353 2001 2412 2056 2.
2452 2002 2505 2055 4.
2538 2000 2628 2072 5).
2663 2000 2778 2054 Non
2808 2008 2890 2053 est
2915 1999 3054 2052 enim
3085 2012 3270 2068 parum
3299 1995 3485 2050 dolore
3513 1995 3760 2048 affectam

2171 2092 2441 2146 refrenare
2465 2091 2696 2144 animam
2724 2090 2788 2144 ad
2830 2089 2930 2144 hoc
2957 2129 2970 2152 ,
3014 2097 3070 2141 ut
3113 2086 3244 2140 nihil
3275 2095 3481 2155 peccet.
3535 2084 3649 2138 lloc
3678 2094 3764 2138 est

2170 2195 2289 2236 cum
2331 2181 2586 2252 martyrio
2626 2178 3007 2235 conferendum
3041 2192 3055 2226 :
3103 2176 3206 2231 hoc
3239 2184 3324 2232 est
3363 2174 3626 2230 bonorum
3670 2188 3763 2229 co-

2171 2274 2389 2343 lophon.

2241 2368 2295 2420 5.
2337 2367 2404 2420 Et
2432 2375 2486 2419 tu
2515 2379 2662 2434 ergo,
2687 2379 2720 2418 ο
2748 2363 2958 2427 dilecte,
2985 2375 3105 2415 cum
3143 2368 3199 2414 te
3241 2372 3382 2428 saepe
3413 2359 3498 2412 vel
3535 2355 3760 2412 morbus

2171 2457 2255 2513 vel
2283 2457 2474 2520 febres,
2503 2456 2591 2510 vel
2620 2455 2830 2508 dolores
2869 2450 3144 2515 invadunt,
3172 2458 3397 2519 cogente
3435 2459 3487 2502 te
3512 2448 3760 2501 cruciatu

2169 2549 2347 2603 dicere
2361 2543 2559 2615 aliquid
2583 2543 2974 2613 blasphemum,
2995 2543 3038 2596 si
3063 2550 3114 2595 te
3140 2539 3444 2601 retinueris,
3470 2553 3532 2592 ac
3557 2539 3760 2608 gratias

2168 2641 2367 2710 egeris,
2402 2639 2674 2707 Deumque
2698 2636 2866 2706 gloria
2906 2643 2962 2689 et
2987 2635 3189 2688 honore
3213 2632 3481 2697 aii‘eceris,
3509 2631 3759 2686 eamdem

2168 2731 2467 2786 mercedem
2516 2730 2770 2798 accipies.
2812 2727 2924 2794 Qua
2969 2727 3111 2780 enim
3151 2725 3217 2779 de
3246 2738 3424 2786 causa,
3471 2723 3560 2777 die
3603 2723 3758 2790 mihi,

2167 2835 2369 2892 quaeso,
2403 2819 2762 2888 blasphemas,
2787 2829 2841 2872 et
2869 2831 3056 2886 aspera
3085 2815 3246 2869 verba
3286 2811 3531 2884 profers?
3563 2812 3762 2868 ldeone

2167 2916 2345 2970 evadit
2371 2915 2460 2970 tibi
2489 2915 2644 2969 dolor
2687 2913 2890 2968 levior?
2921 2912 3120 2966 Tamen
3159 2912 3260 2966 etsi
3291 2911 3447 2965 dolor
3473 2910 3626 2965 ﬁeret
3658 2910 3762 2965 hac

2168 3010 2372 3063 ratione
2391 3008 2575 3071 levior,
2600 3020 2665 3060 nc
2685 3007 2764 3060 sic
2786 3006 2996 3076 quidem
3018 3012 3290 3074 oporteret
3307 3004 3499 3057 anima:
3529 3004 3759 3058 salutem

2167 3099 2415 3169 prodere,
2446 3098 2620 3152 habita
2642 3099 2847 3152 ratione
2863 3096 3174 3152 consolandi
3195 3095 3436 3164 corporis
3457 3113 3470 3148 :
3495 3109 3641 3148 nune
3656 3109 3758 3148 au-

2167 3200 2272 3246 tem
2305 3205 2408 3245 non
2437 3189 2596 3243 modo
2626 3203 2731 3242 non
2774 3188 2977 3242 levatur
3019 3186 3193 3249 dolor,
3225 3187 3316 3240 sed
3346 3186 3511 3240 etiam
3541 3184 3760 3254 gravior

2167 3280 2425 3334 redditur.
2468 3280 2599 3334 Nam
2627 3295 2748 3334 cum
2775 3279 2918 3333 videt
2955 3277 3196 3333 diabolus
3239 3292 3298 3331 se
3332 3278 3571 3346 potuisse
3610 3286 3664 3331 te
3687 3277 3758 3336 ad

2168 3372 2553 3440 blasphemiam
2574 3371 2864 3434 adducere,
2893 3371 3092 3425 fornaci
3126 3371 3302 3439 ignem
3327 3369 3494 3438 magis
3515 3359 3758 3438 subji'cit,

2164 3473 2217 3516 et
2260 3463 2502 3518 dolorem
2543 3462 2838 3526 succendit,
2884 3471 2944 3516 ut
2985 3461 3102 3531 ejus
3141 3461 3463 3515 desiderium
3507 3461 3754 3530 impleas.

2164 3553 2324 3622 Ergo.
2348 3553 2484 3608 sicut
2510 3552 2641 3617 dixi,
2668 3555 2828 3607 etiam
2850 3553 2893 3606 si
2919 3552 3202 3614 levaretur,
3227 3567 3331 3604 non
3355 3560 3631 3619 oporteret
3654 3551 3756 3605 hor

2164 3645 2374 3700 facere:
2405 3645 2619 3714 quando
2652 3656 2831 3700 autem
2865 3644 2994 3698 nihil
3036 3644 3167 3696 lucri
3212 3643 3361 3706 facis,
3391 3643 3516 3711 quid
3561 3643 3758 3698 attinet

2166 3741 2389 3807 teipsum
2418 3737 2698 3792 occidere?
2725 3739 2791 3790 At
2812 3750 2915 3790 non
2944 3742 3094 3804 potes
3117 3733 3324 3788 tacere?
3361 3734 3472 3788 Deo
3495 3748 3626 3803 ergo
3655 3749 3758 3803 age

2161 3832 2390 3901 gratias:
2415 3831 2579 3884 Deum
2605 3828 2778 3899 gloria
2801 3837 2854 3882 et
2883 3827 3086 3882 honore
3125 3826 3298 3890 attice,
3346 3826 3436 3895 qui
3477 3834 3529 3881 te
3563 3827 3758 3894 probat

2162 3925 2214 3977 in
2244 3923 2476 3977 fornace.
2510 3922 2615 3976 Pro
2645 3920 2972 3990 blasphemia
3012 3935 3078 3973 es
3120 3933 3214 3972 ore
3253 3928 3343 3972 tuo
3384 3917 3606 3987 prodeat
3657 3918 3752 3972 Dei

2159 4017 2346 4086 gloria.
2375 4015 2449 4070 lta
2475 4023 2528 4069 et
2555 4029 2744 4084 magna
2769 4024 2852 4068 est
2874 4028 3098 4073 merces.
3123 4022 3175 4066 et
3200 4012 3392 4066 vulnus
3413 4010 3645 4064 efficitur
3675 4011 3757 4067 le-

2164 4108 2298 4162 vius.
2331 4106 2412 4161 Ad
2438 4103 2687 4161 eumdem
2715 4118 2926 4174 quoque
2953 4103 3171 4157 modum
3201 4103 3385 4156 beatus
3407 4101 3498 4155 ille
3524 4101 3754 4170 loquens

2160 4195 2390 4257 dicebat,
2420 4195 2668 4248 Dominus
2687 4195 2843 4258 dedit,
2875 4192 3127 4246 Dominus
3152 4190 3359 4245 abstulit
3376 4189 3518 4261 (Job.
3545 4191 3600 4244 1.
3625 4189 3748 4258 21).

2162 4287 2229 4342 Et
2257 4301 2476 4342 rursus:
2506 4285 2567 4340 Si
2595 4285 2724 4338 bona
2751 4301 2813 4338 ea:
2841 4300 2993 4337 manu
3033 4282 3240 4336 Domini
3269 4281 3576 4349 accepimus,
3611 4282 3751 4335 mala

2162 4396 2263 4432 non
2291 4377 2642 4432 sustinebimus
2666 4374 2784 4444 (Job
2829 4374 2883 4428 2.
2911 4373 3038 4446 l0)?
3064 4373 3170 4430 Sed
3199 4374 3350 4438 mibi,
3377 4374 3606 4442 inquies,
3639 4389 3751 4429 non

2162 4469 2306 4524 dedit
2330 4484 2481 4536 opes.
2511 4467 2684 4521 Minus
2707 4476 2788 4521 est
2817 4480 2942 4535 ergo
2974 4465 3190 4519 vulnus.
3219 4463 3334 4518 Non
3361 4465 3504 4517 enim
3542 4466 3752 4533 equale

2161 4572 2244 4617 est
2265 4561 2452 4615 nudari
2479 4559 2691 4630 opibus,
2714 4573 2835 4612 cum
2863 4573 2954 4611 eas
2979 4555 3301 4626 possederis.
3331 4565 3385 4610 et
3412 4569 3534 4610 cum
3559 4568 3751 4609 earnm

2162 4667 2448 4722 numquam
2476 4651 2768 4720 periculum
2796 4649 3008 4715 feceris,
3026 4648 3206 4703 vivere
3228 4647 3278 4701 in
3298 4647 3497 4716 inopia.
3525 4645 3585 4701 Si
3602 4646 3749 4701 enim

2163 4744 2386 4797 aliorum
2414 4742 2551 4795 mala
2569 4744 2590 4773 ³
2622 4742 2884 4806 videntes,
2917 4747 2972 4793 et
2991 4753 3112 4793 eum
3134 4737 3247 4792 suis
3274 4737 3530 4792 aerumnis
3556 4735 3749 4793 oonfe-

2162 4845 2358 4898 rcntes,
2381 4833 2533 4888 multi
2557 4847 2814 4901 pauperes
2855 4845 3039 4884 eorum
3067 4828 3464 4896 comparatione
3505 4840 3600 4880 sua
3625 4841 3751 4883 esse

2161 4928 2400 4996 graviora
2431 4921 3004 4992 existimantzquando
3050 4935 3110 4975 se
3153 4935 3258 4973 non
3301 4933 3422 4973 cum
3463 4918 3605 4983 aliis,
3651 4920 3755 4977 sed

2163 5034 2281 5070 cum
2311 5017 2500 5085 seipsis
2539 5023 2874 5081 comparant,
2905 5011 3074 5078 c0gita
3108 5019 3253 5063 tanto
3283 5019 3402 5063 esse
3439 5009 3747 5078 graviorem

2163 5110 2422 5170 dolorem,
2450 5115 2646 5175 quanto
2671 5103 2831 5158 eflicit
2861 5102 3208 5171 experientia,
3238 5110 3296 5154 ut
3324 5101 3391 5153 sit
3415 5101 3590 5167 major
3617 5114 3748 5154 scn-

2162 5215 2253 5252 sus
2277 5196 2605 5267 privationis.
2635 5194 2707 5248 lta
2734 5194 2891 5247 etiam
2913 5201 2995 5246 est
3020 5193 3214 5254 levius,
3243 5190 3491 5244 ab‘initio
3520 5206 3626 5244 non
3651 5190 3746 5243 ha.

2165 5293 2341 5346 huisse
2371 5289 2588 5353 liberos,
2617 5301 2772 5357 quam
2804 5286 2881 5339 eis
2910 5283 3109 5347 orbari,
3141 5297 3261 5337 cum
3294 5282 3436 5352 ipsos
3469 5280 3744 5337 habueris.

2163 5382 2276 5436 Non
2294 5391 2378 5437 est
2401 5381 2544 5434 enim
2566 5378 2760 5438 simile.
2794 5392 2898 5430 non
2941 5375 3237 5443 accepisse,
3266 5382 3320 5427 et
3339 5383 3618 5441 postquam
3652 5390 3746 5428 ac-

2163 5473 2386 5542 ceperis,
2413 5472 2491 5526 eis
2519 5483 2638 5524 esse
2666 5469 2944 5536 privatum.
2979 5465 3083 5520 Fer
3123 5480 3252 5534 ergo
3277 5479 3537 5534 generoso
3565 5466 3746 5517 animo

2229 5610 2242 5638 ι
2281 5614 2329 5655 tn
2351 5604 2488 5654 savil.
2516 5605 2592 5652 hae
2617 5615 2777 5657 voces,
2802 5614 2860 5649 ac
2883 5598 3125 5662 patiemur,
3143 5599 3339 5647 desunt.

2227 5671 2246 5698 ¹ι
2279 5667 2479 5716 savilius
2503 5672 2638 5726 putat
2659 5658 2936 5726 legendum.
2959 5662 3098 5726 bona,
3117 5668 3169 5708 et
3189 5668 3327 5726 certe
3343 5658 3522 5709 melius
3537 5660 3742 5723 quadra-

2167 5737 2242 5779 rut
2268 5743 2278 5778 :
2305 5729 2392 5777 svd
2415 5720 2570 5776 omnia
2599 5720 2890 5785 exemplaria
2914 5723 3114 5781 habent,
3138 5720 3283 5770 mala.
