4086 6462
428 407 534 465 5b!)

422 522 631 589 λαϐεῖν,
656 526 747 581 καὶ
790 524 930 596 μετά
956 526 1017 580 τὸ
1043 526 1228 586 λαϐεῖν
1262 527 1649 599 ἀφαιρεθῆναι.
1665 529 1804 600 Φέρε
1827 532 2009 587 τοίνυν

425 606 497 662 τά
522 607 901 682 συμπίπτοντα
923 608 1102 663 πάντα
1123 609 1389 677 γενναίως
1408 625 1420 638 ·
1448 610 1607 664 τοῦτο
1625 611 1735 682 γάρ
1757 629 1838 665 σοι
1869 630 2009 684 μαρο

426 690 612 761 τύριόν
642 693 811 745 ἐστιν.
857 690 935 746 Οὐ
953 691 1061 761 γὰρ
1098 692 1189 745 τὸν
1220 690 1576 761 κελευόμενον
1607 693 1804 756 θῦσαι,
1839 696 1901 748 τὸ
1932 696 2009 766 μὴ

427 771 612 838 θῦσαι,
648 775 783 828 ἀλλά
818 773 1220 845 καταξανθῆναι
1254 775 1475 845 μᾶλλον,
1503 775 1537 847 ἢ
1567 777 1726 830 τοῦτο
1763 778 2008 848 ποιῆσαι,

428 859 578 911 ποιεῖ
605 858 899 930 μαρτύριον
938 859 1097 930 μόνον
1116 877 1130 891 ο
1160 858 1295 913 ἀλλά
1333 859 1429 912 καλ⁵
1460 859 1519 911 τὸ
1562 859 1663 929 τῆς
1704 860 1899 931 ὀδύνης
1929 864 2011 923 εἰς

432 938 781 1011 βλασφημίαν
819 941 1156 1012 ἐξαγούσης,
1204 940 1420 996 ἑλέσθαι
1482 942 1889 1013 ἐγκαρτερῆσαι
1932 942 2009 1013 τῷ

430 1022 597 1091 πόνῳ,
622 1022 715 1075 καὶ
752 1024 914 1094 μηδὲν
942 1025 1156 1095 ἀπηχὲς
1184 1025 1381 1086 εἰπεῖν,
1421 1022 1674 1094 μάρτυρα
1696 1024 2006 1094 ἐργάζεται.

442 1104 595 1157 Ἐπεὶ
631 1107 724 1157 καὶ
750 1108 779 1158 6
815 1104 955 1171 Ἰὼϐ,
987 1106 1087 1159 οὐκ
1118 1106 1304 1176 ἐπειδὴ
1337 1104 1696 1175 κελευόμενος
1716 1106 1876 1160 θῦσαι
1907 1108 2010 1159 οὐκ

431 1184 610 1252 ἔθυσε,
635 1186 723 1240 διὰ
762 1187 920 1242 τοῦτο
961 1187 1334 1257 ἐστεφανώθη,
1380 1188 1496 1242 ἀλλ’
1535 1188 1722 1261 ἐπειδὴ
1749 1189 2011 1258 γενναίως

432 1268 628 1338 ήνεγκε
656 1268 754 1334 τὰς
799 1271 1011 1335 ὀδύνας.
1054 1273 1165 1326 Καὶ
1200 1271 1414 1335 Παῦλος
1437 1272 1495 1325 δὲ
1529 1271 1780 1326 ἐντεῦθεν
1806 1272 2007 1342 ἀνεκη-

434 1349 671 1422 ρύττετο,
703 1353 814 1406 ἀπὸ
843 1353 949 1406 τῶν
975 1354 1290 1423 μαστίγων,
1327 1354 1436 1407 ἀπὸ
1465 1354 1576 1407 τῶν
1605 1354 1861 1424 θλίψεων,
1902 1352 2012 1407 ἀπὸ

429 1433 537 1486 τῶν
566 1433 740 1488 ἄλλων
766 1426 843 1488 ὧν
873 1437 1136 1506 ὑπέμεινε
1164 1438 1303 1508 μετὰ
1329 1437 1696 1509 εὐχαριστίας.
1731 1436 1875 1502 Τοὺς
1902 1436 2011 1489 πό-

427 1530 578 1580 νους
607 1516 727 1570 τῶν
764 1517 1011 1585 καρπῶν
1035 1536 1152 1573 σου
1184 1518 1445 1588 φάγεσαι
1466 1537 1479 1549 ·
1508 1517 1800 1588 μακάριος
1828 1514 1885 1571 εἷ
1910 1517 2012 1572 καί

427 1596 628 1665 καλῶς
658 1614 757 1654 σοι
784 1600 979 1656 ἔσται.
1006 1601 1164 1666 Τίνος
1197 1602 1383 1655 ἕνεκεν
1414 1602 1758 1667 διπλασιάζει
1787 1602 1877 1656 τὸν
1909 1620 2014 1673 μα-

428 1680 736 1750 καρισμόν;
776 1680 995 1753 Ἐπειδὴ
1027 1680 1169 1737 οἶδεν
1195 1683 1363 1737 αὐτοῦ
1392 1684 1454 1737 τὸ
1488 1684 1737 1755 μέγεθος,
1772 1686 2012 1757 ἐντρυφᾷ

428 1764 495 1832 τῇ
524 1763 793 1836 φαντασίᾳ
812 1763 907 1817 τοῦ
933 1765 1276 1838 πράγματος.
1303 1769 1413 1822 Καὶ
1433 1768 1484 1821 τί
1510 1771 1591 1833 τὸ,
1621 1767 1867 1835 Καλῶς;
1891 1769 2010 1822 εἰπέ

432 1860 542 1913 μοι.
574 1845 638 1899 Ἠ
658 1847 812 1915 γυνή
834 1863 951 1901 σου
975 1848 1244 1918 ἄμπελος
1268 1850 1613 1919 εὐθηνοῦσα
1637 1852 1707 1905 ὲν
1727 1850 1848 1917 τοῖς
1877 1851 2011 1906 κλί-

427 1940 560 1979 τεσι
580 1925 690 1995 τῆς
717 1930 911 1995 οἰκίας
930 1941 1067 1985 σου.
1096 1932 1288 1995 Ἄλλος
1316 1934 1503 2003 φησὶν,
1529 1935 1625 1987 Ἐν
1645 1933 1768 1998 τοῖς
1787 1931 2011 1986 ἐσωτά-

426 2025 569 2075 τοις.
582 2009 792 2077 Ἀλλος,
810 2012 907 2067 Ἐν
926 2012 1048 2080 τοῖς
1061 2015 1295 2083 μηροῖς.
1320 2017 1443 2071 Υίοι
1464 2030 1581 2070 σου
1601 2029 1627 2058 ι
1653 2017 1735 2081 ὡς
1748 2017 2012 2084 νεόφυτα

426 2091 645 2147 ἐλαιῶν
662 2095 867 2159 κύκλῳ
882 2095 991 2166 τῆς
1005 2097 1297 2166 τραπέζης
1311 2115 1448 2155 σου.
1468 2100 1622 2154 Ἰδοὺ
1642 2101 1831 2165 οὓτως
1844 2102 2014 2153 εὐλο-

426 2177 751 2246 τηθήσεται
772 2178 1082 2248 ἅνθρωπος
1108 2186 1141 2237 ὁ
1164 2184 1534 2253 φοϐούμενος
1558 2184 1666 2237 τὸν
1683 2183 1917 2251 Κύριον.
1944 2181 2011 2236 Τί

427 2260 633 2331 λέγεις;
653 2262 772 2316 εἰπέ
790 2280 880 2333 μοι
896 2282 908 2295 ο
927 2263 1085 2319 τοῦτο
1099 2267 1126 2319 ὁ
1146 2268 1492 2337 μακαρισμός
1507 2284 1521 2332 ;
1539 2266 1698 2320 τοῦτο
1712 2267 1772 2321 τὸ
1789 2266 1976 2336 κέρδος
1992 2284 2008 2333 ;

426 2344 605 2408 οἰκίας
631 2346 874 2417 εὐθηνία,
904 2349 997 2401 καὶ
1023 2350 1084 2403 τὸ
1108 2350 1219 2403 τῶν
1239 2352 1454 2404 οἰκείων
1482 2350 1785 2405 ἀπολαῦσαι
1814 2352 2009 2415 πόνων,

426 2430 525 2483 καὶ
553 2429 756 2484 παίδων
786 2429 1007 2503 πλῆθος,
1037 2433 1065 2473 δ
1087 2435 1179 2487 καὶ
1195 2435 1365 2506 γυνή;
1401 2435 1475 2488 Οὐ
1504 2434 1679 2498 τοῦτο,
1699 2434 1835 2488 ἀλλὰ
1854 2433 2013 2488 τοῦτο

427 2512 493 2565 ὲκ
525 2513 862 2584 περιουσίας.
889 2515 1128 2581 Ζητεῐτε
1157 2517 1264 2586 γάρ
1287 2515 1524 2586 πρῶτον
1547 2517 1654 2585 τὴν
1684 2518 2014 2582 ,Βασιλείαν

426 2590 548 2647 τῶν
594 2595 888 2660 οὐρανῶν,
928 2597 1024 2651 καί
1071 2599 1259 2654 ταῦτα
1301 2598 1500 2652 πάντα
1537 2599 2015 2667 προστεθήσεται

428 2676 591 2746 ὑμῖν.
628 2679 846 2751 Ἐπειδὴ
878 2676 972 2735 οὖν
992 2681 1366 2751 ἀτελεστέροις
1396 2682 1474 2735 ἔτι
1498 2682 1790 2750 διελέγετο,
1822 2682 2011 2752 ὥσπερ

429 2761 617 2815 παιδία
642 2764 819 2834 μικρὰ
849 2766 958 2818 ἀπὸ
979 2766 1087 2822 τῶν
1113 2765 1388 2834 αἰσθητῶν
1416 2766 1619 2832 ἐνάγει.
1639 2766 1749 2821 Καὶ
1774 2765 1849 2837 μὴ
1882 2766 2011 2819 θαυ-

431 2845 630 2916 μάσῃς.
669 2847 731 2899 Εἰ
760 2845 870 2918 γὰρ
904 2848 1116 2913 Παῦλος
1140 2848 1299 2902 τοῦτο
1335 2852 1480 2902 ποιεῖ
1510 2852 1568 2903 ὲν
1595 2849 1674 2919 τῷ
1710 2849 1887 2921 καιρῷ
1911 2850 2010 2920 τῆς

424 2928 694 2999 τοσαύτης
717 2929 1031 2999 φιλοσοφίας
1053 2931 1190 3002 πρὸς
1209 2932 1335 2995 τοὺς
1351 2931 1431 2985 ἔτι
1453 2933 1627 3003 χαμαὶ
1654 2932 1969 3003 βαδίζοντας
1983 2942 2006 2970 ο

427 3012 536 3067 ἀπὸ
561 3013 766 3067 τούτων
786 3013 1163 3084 διαλεγόμενος
1181 3028 1196 3045 ⁸
1219 3015 1399 3086 πολλῷ
1426 3016 1624 3087 μᾶλλον
1644 3019 1674 3071 6
1694 3019 2008 3089 Προφήτης.

428 3094 535 3150 Καὶ
564 3096 669 3150 ποῦ
704 3097 862 3169 τοῦτο
884 3099 913 3151 6
961 3098 1171 3162 Παῦλος
1208 3101 1393 3165 ποιεῖ;
1425 3098 1722 3171 Πολλαχοῦ.
1755 3103 1866 3156 Kal
1901 3100 2011 3172 γὰρ

428 3178 559 3232 ὅταν
588 3180 718 3251 περὶ
748 3180 1043 3251 παρθενίας
1064 3180 1402 3251 διαλέγηται,
1422 3182 1571 3234 οὐδὲν
1604 3183 1730 3254 περί
1755 3182 1863 3236 τῶν
1887 3183 2012 3251 μελ-

431 3258 633 3314 λόντων
657 3260 841 3321 αὐτοῖς
873 3261 1021 3331 λέγει
1042 3280 1056 3294 ·
1088 3262 1226 3316 ἀλλὰ
1273 3262 1374 3334 τήν
1412 3264 1734 3335 ἀπαλλαγήν
1762 3265 1870 3317 τῶν
1902 3266 2010 3319 ἀπὸ

427 3339 521 3392 τοῦ
537 3340 715 3410 γάμου
746 3342 1187 3414 προσγινομένων
1213 3344 1475 3416 λυπηρῶν
1498 3345 1657 3416 μόνον
1679 3343 1884 3417 τίθησι·
1917 3346 2013 3400 καὶ

429 3424 557 3477 ὅταν
586 3424 643 3476 δὲ
668 3424 796 3495 περὶ
821 3425 920 3495 τῆς
942 3427 1021 3490 εἰς
1048 3429 1245 3495 γονέας
1264 3430 1450 3501 τιμῆς,
1474 3430 1552 3500 τῷ
1575 3431 1723 3502 αὐτῷ
1744 3432 2013 3504 κέχρηται

428 3507 633 3578 τρόπῳ,
665 3506 804 3561 οὕτω
835 3509 1027 3577 λέγων’
1072 3512 1236 3578 Ἤτις
1262 3513 1433 3568 ἐστίν
1460 3515 1681 3583 ἐντολὴ
1717 3515 1916 3585 πρώτη
1945 3517 2015 3571 ἐν

432 3588 560 3654 ταῖς
591 3589 994 3661 ἐπαγγελίαις.
1018 3595 1113 3658 Τίς
1144 3595 1201 3649 δέ
1232 3597 1379 3651 ἐστιν
1414 3599 1447 3668 ή
1480 3598 1699 3667 ἐντολή,
1732 3600 1877 3668 Τίμα
1907 3599 2015 3653 τὸν

428 3668 656 3738 πατέρα
682 3687 799 3725 σου
829 3674 927 3726 καί
956 3672 1074 3739 τὴν
1093 3674 1323 3743 μητέρα
1349 3692 1487 3741 σου,
1511 3678 1609 3731 καὶ
1637 3678 1756 3751 ἔσῃ
1789 3696 2011 3749 μακρο-

429 3755 672 3822 χρόνιος
694 3754 794 3808 ἐπὶ
830 3753 941 3822 τῆς
971 3754 1103 3825 γῆς.
1139 3756 1298 3810 Ἀλλὰ
1336 3758 1429 3812 καὶ
1473 3759 1601 3812 ὅταν
1638 3763 1768 3831 περί
1801 3762 1902 3833 τῆς
1931 3765 2011 3828 εἰς

427 3837 556 3899 τοὺς
584 3835 815 3908 ἐχθροὺς
852 3836 1005 3909 [565]
1036 3837 1355 3909 φιλοσοφίας
1389 3840 1597 3914 γράφῃ,
1629 3843 1793 3898 πάλιν
1817 3844 2011 3915 αἰσθη-

427 3918 523 3972 τὸν
547 3917 761 3990 τίθησιν
792 3918 1046 3986 ἔπαθλον,
1076 3920 1282 3989 λέγων⁸
1315 3922 1493 3977 Τοῦτο
1524 3926 1635 3994 γὰρ
1672 3925 1878 3993 ποιῶν,
1904 3926 2011 3981 ἆν-

430 4004 652 4068 θρακας
677 4001 868 4068 πυρὸς
890 4004 1215 4072 σωρεύσεις
1235 4005 1335 4058 ἐπὶ
1354 4004 1468 4073 τὴν
1496 4007 1771 4077 κεφαλὴν
1799 4010 2006 4064 αὐτοῦ.

443 4083 583 4137 Ἀλλ’
609 4087 637 4137 6
660 4084 894 4155 Χριστὸς
917 4083 945 4124 ά
976 4086 1073 4156 οὐχ
1104 4087 1279 4151 οὕτως
1303 4104 1317 4118 ο
1346 4089 1469 4143 οὐδὲ
1506 4089 1616 4162 γάρ
1656 4091 1819 4155 αὐτὸς
1848 4093 2012 4146 ἀσθε-

429 4167 544 4221 νέσι
562 4166 867 4235 διαλέγεται
888 4182 902 4198 ·
935 4168 1049 4222 ἀλλ’
1075 4169 1169 4222 ἐπὶ
1200 4170 1299 4240 μὲν
1343 4174 1409 4242 τῇ
1457 4173 1727 4245 παρθενίᾳ
1766 4175 1864 4247 τὴν
1910 4175 2009 4247 βα-

431 4249 636 4304 σιλείαν
684 4250 896 4321 τίθησιν
920 4292 934 4315 ,
981 4253 1073 4305 ἐπὶ
1108 4252 1167 4305 δὲ
1206 4252 1286 4323 τῷ
1325 4254 1452 4318 τοὺς
1497 4256 1725 4327 ἐχθροὺς
1765 4260 2007 4331 ἀγαπᾷν,

427 4332 491 4385 τὸ
520 4332 775 4401 γενέσθαι
804 4335 1021 4403 ὁμοίους
1068 4334 1148 4405 τῷ
1194 4334 1333 4405 Θεῷ,
1366 4337 1442 4401 ὡς
1488 4338 1810 4409 ἀνθρώπους
1850 4342 2010 4407 ὄντας

427 4415 655 4498 ὁμοίουςΔ
678 4416 929 4483 γενέσθαι
960 4416 1059 4470 ένι.
1094 4417 1303 4489 Ὠσπερ
1332 4415 1426 4473 οὖν
1454 4421 1549 4474 καί
1582 4424 1639 4475 ὲν
1664 4426 1730 4494 τῇ
1777 4425 2007 4498 Παλαιᾷ,

429 4498 559 4551 ἔνθα
585 4496 673 4551 διὰ
704 4498 812 4551 τῶν
844 4498 1118 4569 αἰσθητῶν
1147 4500 1366 4569 ήγοντο,
1391 4504 1516 4566 τοὺς
1539 4502 1846 4573 φιλοσοφεῖν
1874 4496 2009 4563 εἰδό-

428 4597 527 4643 τας
558 4580 679 4635 ἀπὸ
708 4581 819 4634 τῶν
874 4582 1137 4651 μειζόνων
1180 4583 1424 4655 ὀψόμεθα
1471 4588 1853 4658 ἑναγομένους.
1906 4590 2011 4645 Kal

430 4663 589 4717 τοῦτο
606 4662 780 4734 δηλῶν
800 4667 829 4718 6
850 4664 1058 4727 Παῦλος
1082 4665 1236 4735 ἔλεγε
1254 4682 1267 4695 ·
1299 4668 1462 4723 Κατὰ
1479 4671 1687 4724 πίστιν
1707 4673 2011 4728 ἀπέθανον

428 4740 595 4802 οὗτοι
617 4745 703 4814 μὴ
739 4746 1125 4817 κομισάμενοι
1154 4749 1259 4815 τὰς
1290 4750 1670 4821 ἐπαγγελίας,
1686 4756 1848 4810 ἀλλὰ
1869 4758 2010 4826 πόρ-

423 4830 616 4898 ῥωθεν
636 4829 822 4896 αὐτὰς
852 4829 1083 4896 ἰδόντες
1108 4832 1208 4884 καί
1238 4831 1681 4904 ἀσπασάμενοι.
1714 4840 1790 4892 Οὐ
1831 4842 2009 4894 τοίνυν

402 4913 457 4965 .6
482 4910 671 4982 μισθὸς
699 4911 808 4964 τῶν
843 4912 1189 4985 φοϐουμένων
1219 4915 1309 4968 τὸν
1337 4916 1469 4970 Θεὸν
1496 4908 1647 4984 οὗτος
1683 4922 1867 4991 μόνος,
1902 4926 2009 4979 τῶν

428 4996 695 5079 οἰκείωνή
721 4996 1041 5062 ἀπόλαυσις,
1073 5000 1165 5052 καὶ
1186 4998 1344 5071 γυνή,
1370 5002 1463 5054 καὶ⁵
1487 5004 1689 5067 παῖδες.
1718 5006 1813 5058 καὶ
1843 5007 2008 5079 εὐθη-

429 5079 519 5132 νία
563 5078 776 5142 οἰκίας·
815 5080 952 5133 ἀλλὰ
984 5082 1158 5135 ταῦτα
1191 5084 1289 5153 μὲν
1331 5084 1396 5136 ὲκ
1438 5087 1751 5157 περιουσίας
1803 5091 1898 5143 καὶ
1951 5078 2009 5146 ἐν

427 5159 582 5228 τάξει
638 5162 996 5234 προσθήκης⁹
1046 5164 1116 5219 τὰ
1163 5166 1219 5220 δὲ
1271 5167 1542 5236 κεφάλαια
1592 5173 1683 5224 καὶ
1714 5175 1927 5242 μεγάλα
1961 5188 2005 5244 ε,

429 5246 646 5332 πρῶτον
680 5246 778 5332 μέν
864 5249 994 5302 αὐτὸ
1027 5249 1087 5303 τὸ
1120 5249 1401 5319 φοϐεῖσθαι
1432 5252 1523 5306 τὸν
1559 5254 1709 5321 Θεὸν,
1744 5260 1802 5311 ὲν
1830 5260 2009 5332 ἑαυτῷ

426 5328 527 5401 τήν
547 5329 779 5401 ἀμοιϐὴν
794 5330 915 5401 ἕχον
936 5349 950 5365 ο
982 5332 1171 5387 ἔπειτα
1194 5333 1252 5387 δὲ
1272 5336 1367 5389 καὶ
1389 5334 1461 5389 τὰ
1483 5337 1770 5411 ἀπόρρητα
1796 5328 2003 5411 ἐκεῖνα,

490 5423 515 5452 ⁸
541 5424 691 5474 Savll.
713 5429 758 5474 οί
791 5427 886 5477 υἱοί
910 5445 1016 5479 σου.

489 5482 624 5559 ξὸἰο
662 5490 1129 5559 μους-εοεαε.-ᾼίίί
1171 5493 1253 5540 καὶ
1292 5495 1529 5559 γυναικός,
1574 5510 1850 5559 perperam.
1880 5500 2011 5552 Infra

420 5542 776 5618 ἀσριχισηιροις
801 5550 973 5618 λιφε-ει,
994 5554 1093 5601 Alii
1116 5565 1234 5618 vago
1260 5542 1434 5618 ginnas
1451 5542 1786 5618 ἇέἑλὲσῖἐὶὂὶᾇ

492 5608 517 5687 ξ
539 5607 697 5687 ἔφη
715 5612 871 5687 χοεεαι
892 5613 1162 5687 βλέποντας.
1179 5615 1333 5667 Paulo
1356 5624 1469 5681 post
1488 5607 1621 5673 idem
1640 5607 1832 5682 Παῦλος
1854 5624 2007 5687 noui;

426 5667 518 5737 sccl
530 5667 760 5737 ἀλλαχοῦ.
774 5667 876 5737 αὶ
890 5667 996 5737 γάρ.

491 5732 522 5769 ⁸
548 5731 709 5801 θανῇ.
735 5731 911 5801 αὐτοῦ’
934 5731 994 5786 Ὅ
1014 5738 1067 5786 δὲ
1084 5738 1305 5801 Χριστός.

496 5802 531 5861 ξ
548 5793 697 5861 ξενίῃ.
718 5796 951 5861 κεφάλαια
977 5793 1178 5861 μεγάλα.

508 5847 531 5887 ί
553 5850 703 5903 Sail.
732 5847 813 5917 μεν
837 5856 934 5906 οὖν.

1106 408 1467 469 SJOANNIS
1502 409 1992 469 CHRYSOSTOMI
2026 412 2349 470 ARCIIIEP.
2389 410 2941 470 CONSTANTINOP.

3605 414 3711 473 570

2122 534 2181 587 Ἀ
2217 530 2527 603 ὀφθαλμὸς
2555 531 2668 596 οὐκ
2709 524 2852 594 εἶδε,
2895 526 2991 582 καί
3023 521 3137 593 οὖς
3173 527 3286 581 οὐκ
3315 524 3576 596 ἤκουσε,
3612 529 3717 585 καὶ

2112 614 2211 667 ἐπὶ
2249 613 2503 682 καρδίαν
2525 610 2839 679 ἀνθρώπου
2862 612 2974 664 οὐκ
3011 608 3218 677 ἀνέϐη.
3253 610 3609 680 Ei!de
3638 626 3722 669 σι’

2116 694 2333 762 Κύριος
2360 694 2430 750 ἐκ
2456 691 2631 755 Σιὼν,
2659 691 2759 746 καὶ
2790 690 2943 757 ἴδοις
2974 690 3045 744 τὰ
3070 689 3264 760 ἀγαθὰ
3285 691 3712 762 Ἰερουσαλήμ.

2116 778 2365 849 Ἕτερος,
2384 775 2491 831 Καὶ
2513 774 2625 843 ὅρα
2642 773 2712 827 ἐν
2735 770 2979 843 ἀγαθοῖς
3006 771 3412 842 Ἰερουσαλήμ
3426 774 3475 826 δ.
3504 773 3707 842 Ἀγαθὰ

2114 861 2214 933 τήν
2243 861 2399 914 πόλιν
2428 859 2601 927 λέγει,
2637 857 2729 910 τὸν
2770 854 3032 919 πλοῦτον,
3078 856 3177 927 τὴν
3219 856 3580 927 εὐπρέπειαν,
3616 858 3711 921 τὰς

2114 945 2293 1008 νίκας,
2330 943 2428 1004 τάς
2468 938 2655 1010 τιμὰς,
2699 938 2798 1008 τὴν
2828 938 3105 1010 εὐθηνίαν,
3136 938 3234 1011 τήν
3263 937 3581 1012 εὐετηρίαν,
3612 937 3714 1009 τὴν

2115 1027 2438 1092 ἀσφάλειαν,
2468 1024 2568 1094 τὴν
2598 1023 2844 1093 εἰρήνην.

2185 1109 2251 1162 δ’.
2281 1108 2490 1175 Πάοςιις
2515 1106 2618 1171 τὰς
2651 1104 2878 1174 ἡμέρας
2902 1100 3009 1169 τῆς
3035 1101 3183 1170 ζωῆς
3219 1118 3357 1157 σου.
3397 1103 3601 1165 Καλῶς
3643 1105 3714 1174 τῇ

2116 1190 2405 1263 προσθήκῃ
2431 1189 2542 1242 τῶν
2573 1188 2798 1259 ήμερῶν
2838 1188 3124 1258 κέχρηται.
3154 1188 3267 1241 Καὶ
3298 1188 3408 1259 γάρ
3431 1187 3716 1242 καὶτοῦτο

2118 1275 2355 1344 μάλιστα
2385 1273 2612 1344 σημεῖον
2642 1268 2711 1342 ἦν
2749 1270 2843 1323 τοῦ
2874 1269 3025 1340 παρά
3061 1267 3157 1322 τοῦ
3186 1269 3321 1322 Θεοῦ
3348 1271 3378 1310 ιι
3410 1272 3589 1325 ταῦτα
3630 1270 3711 1324 δί-

2114 1355 2326 1421 δοσθαι,
2354 1354 2575 1424 καὶτῆς
2624 1352 2879 1424 προνοίας
2915 1350 3082 1406 αὐτοῦ
3127 1351 3356 1420 δεῖγμα,
3400 1352 3462 1405 τὸ
3498 1352 3575 1424 μή
3606 1350 3716 1406 πά-

2118 1454 2271 1509 σχειν
2296 1455 2347 1492 τι
2399 1434 2761 1509 ἀνθρώπινον,
2802 1435 2939 1506 μηδὲ
2989 1435 3374 1505 μεταπίπτειν,
3411 1438 3508 1489 καὶ
3546 1451 3716 1505 μετα-

2117 1520 2280 1593 ϐολήν
2312 1521 2628 1591 ὑπομένειν,
2660 1519 2799 1591 πλὴν
2842 1518 3024 1572 εἴποτε
3056 1518 3333 1588 ὀργισθεὶς
3364 1519 3506 1572 αὐτά
3536 1518 3715 1572 διέκο-

2114 1604 2204 1672 ψε.
2238 1604 2351 1657 Καὶ
2374 1603 2525 1668 ἴδοις
2549 1602 2723 1668 υἱοὺς
2750 1599 2870 1663 τῶν
2901 1600 3051 1654 υἱῶν
3070 1617 3207 1654 σου.
3232 1601 3344 1655 Καὶ
3373 1601 3478 1671 μὴν
3500 1600 3710 1663 πολλοὶ,

2118 1686 2272 1757 φησὶ,
2298 1685 2623 1755 φοϐούμενοι
2644 1684 2736 1737 τὸν
2764 1683 2897 1737 Θεὸν
2918 1686 2974 1736 ὲν
3001 1683 3227 1754 ἀπαιδίᾳ
3254 1684 3579 1737 διετέλεσαν.
3599 1684 3714 1737 καὶ

2114 1769 2168 1822 τί
2210 1768 2399 1827 τοῦτος
2435 1769 2507 1821 Οὐ
2550 1769 2659 1838 γὰρ
2692 1766 2780 1820 ἐπὶ
2834 1768 2947 1829 τοῖς
2989 1765 3254 1836 παροῦσιν
3293 1764 3709 1836 ἁπεδυσάμεθα,

2116 1850 2254 1904 ἀλλὰ
2281 1850 2711 1921 προηγουμένως
2755 1848 2856 1920 μὲν
2894 1849 2986 1901 ἐπὶ
3029 1847 3107 1916 τῷ
3144 1848 3399 1917 ἀρέσκειν
3432 1846 3510 1917 τῷ
3548 1846 3703 1918 Θεῷ·

2114 1934 2309 1987 ἔπειτα
2333 1934 2389 1987 δὲ
2426 1934 2518 1986 ἐπὶ
2565 1935 2686 1996 ταῖς
2723 1931 3044 2003 μελλούσαις
3073 1930 3274 1984 ὲλπίσι.
3305 1930 3419 1983 Καὶ
3454 1930 3579 1984 τότε
3608 1930 3712 2001 μὲν

2115 2016 2288 2069 ταῦτα
2309 2012 2378 2086 ἦν
2411 2016 2482 2069 τὰ
2508 2014 2749 2068 ἔπαθλα⁰
2783 2014 2879 2068 νῦν
2909 2014 2964 2067 δὲ
2992 2013 3220 2084 οὐρανὸς
3248 2013 3342 2066 καὶ
3365 2013 3434 2066 τὰ
3458 2015 3516 2068 ἐν
3542 2015 3713 2085 οὐρα-

2117 2102 2230 2162 νοῖς
2254 2098 2459 2167 ἀγαθά.
2495 2099 2556 2151 Εἰ
2581 2098 2637 2151 δὲ
2670 2097 2747 2169 μὴ
2776 2096 2934 2168 ἔσχες
2958 2096 3173 2159 παῖδας,
3196 2096 3225 2147 6
3256 2094 3591 2166 φοϐούμενος
3614 2094 3714 2148 τὸν

2114 2184 2267 2251 Θεὸν,
2285 2184 2448 2237 πόθεν
2475 2181 2653 2248 οἶσθα,
2677 2186 2727 2239 εἰ
2760 2183 2833 2254 μὴ
2858 2183 2959 2252 τῆς
2984 2181 3291 2254 εὐπραγίας
3317 2180 3520 2251 ταύτης
3544 2180 3713 2251 ἕτερα

2118 2268 2339 2337 μείζονα
2363 2268 2563 2321 ἔδωκεν
2584 2285 2599 2334 ;
2623 2269 2698 2321 υύ
2726 2267 2834 2337 γὰρ
2855 2267 2936 2319 ένὶ
2956 2266 3143 2337 τρόπῳ
3174 2265 3380 2329 πάντας
3403 2264 3708 2336 εὐεργετεῖ,

2114 2350 2251 2404 ἀλλά
2268 2351 2563 2422 διαφόρως,
2585 2349 2839 2413 πλούσιος
2869 2348 2964 2404 ῶν.
2987 2350 3147 2403 Πόσοι
3169 2349 3363 2412 παῖδας
3387 2349 3710 2419 ἐσχηκότες,

2114 2435 2241 2495 τοὺς
2265 2434 2365 2487 οὐκ
2394 2432 2624 2504 ἔχοντας
2649 2433 3030 2504 ὲμακάρισαν;
3057 2433 3212 2487 πόσοι
3243 2430 3474 2486 πλοῦτον
3502 2430 3713 2502 κτησά-

2119 2534 2289 2587 μενοι,
2315 2516 2425 2569 τῶν
2450 2522 2700 2588 πενήτων
2728 2515 3057 2588 ἀθλιώτερον
3082 2515 3419 2581 κατέλυσαν;
3446 2514 3603 2568 πόσοι
3623 2513 3713 2567 δό-

2117 2601 2213 2671 ξης
2255 2601 2665 2665 ἀπολαύσαντες
2688 2640 2703 2664 ,
2753 2600 3006 2669 καθάπερ
3056 2599 3303 2669 μαχαίρᾳ
3333 2596 3507 2668 ταύτῃ
3545 2612 3712 2666 περι-

2114 2684 2433 2753 επάρησαν,
2479 2683 2575 2736 καὶ
2605 2682 2673 2736 τὰ
2710 2683 2985 2752 ἀνήκεστα
3020 2680 3358 2747 πεπόνθασι;
3406 2679 3493 2749 Μὴ
3541 2678 3608 2749 δή
3640 2677 3713 2732 τὰ

2117 2765 2420 2835 πράγματα
2465 2764 2655 2835 ζήτει,
2694 2764 2828 2835 μηδὲ
2871 2763 3096 2817 ἀπαίτει
3132 2762 3223 2816 τὸν
3274 2762 3408 2815 Θεὸν
3449 2760 3711 2825 εὐθύνας.

2113 2847 2248 2902 ἀλλὰ
2298 2849 2477 2901 πάντα
2529 2847 2662 2919 φέρε
2697 2846 2963 2915 γενναίως
2991 2846 3085 2899 καὶ
3132 2843 3272 2916 μετά
3316 2843 3711 2915 εὐχαριστίας·

2118 2930 2318 3001 μᾶλλον
2344 2931 2402 2983 δὲ
2439 2930 2633 3000 μηδενὶ
2657 2931 2766 2982 τῶν
2792 2928 3081 2999 παρόντων
3110 2928 3452 2999 προσήλωσο.
3472 2925 3573 2981 Διὰ
3597 2926 3713 2999 γὰρ

2112 3013 2277 3067 τοῦτο
2321 3013 2580 3083 τοιαύτην
2629 3012 2959 3083 ὲκελεύσθης
3012 3010 3266 3082 εὔχεσθαι
3312 3011 3510 3081 εὐχὴν,
3552 3010 3613 3063 έν

2118 3096 2279 3165 μόνον
2319 3095 2377 3148 ἓν
2417 3096 2627 3166 αἰτημα
2660 3094 2918 3165 αἰσθητὸν
2948 3095 3139 3158 αἰτεῖς,
3188 3095 3283 3147 καὶ
3327 3092 3489 3145 πλέον
3529 3092 3709 3148 οὐδέν.

2117 3176 2267 3249 1564]
2294 3176 2453 3230 Ἀλλά
2478 3179 2571 3231 καὶ
2603 3177 2762 3231 τοῦτο
2789 3176 2867 3247 τῷ
2904 3177 3088 3248 μέτρῳ
3120 3177 3282 3231 πάλιν
3310 3176 3518 3245 γίνεται
3548 3192 3714 3231 πνευ-

2117 3260 2366 3331 ματικόν.
2394 3260 2475 3313 Τὰ
2512 3261 2611 3331 μὲν
2643 3259 2922 3331 γὰρ’άλλα
2955 3260 3137 3323 πάντα,
3167 3261 3299 3331 περὶ
3336 3258 3583 3331 οὐρανῶν
3612 3258 3714 3312 καὶ

2112 3342 2212 3411 τῆς
2263 3341 2380 3393 ἐκεῖ
2425 3339 2737 3411 βασιλείας,
2778 3340 2875 3393 καὶ
2911 3340 3009 3410 τῆς
3053 3339 3316 3412 ἀκριϐοῦς
3346 3340 3363 3379 ί
3395 3339 3710 3404 πολιτείας,

2114 3425 2207 3477 καὶ
2228 3424 2331 3494 τῆς
2355 3425 2464 3478 τῶν
2499 3424 2919 3495 ἁμαρτημάτων
2942 3423 3259 3493 ἀπαλλαγῆς
3290 3424 3421 3494 ήμῖν
3450 3423 3670 3495 εἴρηται
3691 3438 3708 3453 ⁸

2114 3507 2254 3579 ὑπὲρ
2274 3508 2331 3562 δὲ
2354 3506 2628 3579 αἰσθητῶν
2651 3509 2779 3578 μίαν
2798 3508 2945 3572 λέξιν
2964 3506 3299 3576 κελευόμεθα
3324 3506 3522 3574 λέγειν.
3537 3506 3711 3561 Ποίαν

2111 3589 2168 3643 δὲ
2211 3590 2453 3662 ταύτην;
2504 3590 2615 3645 Τὸν
2647 3590 2830 3659 ἄρτον
2872 3587 3045 3659 ἡμῶν
3084 3589 3192 3643 τὸν
3242 3589 3557 3644 ἐπιούσιον
3599 3589 3712 3656 δός

2113 3671 2259 3741 ἡμῖν
2289 3672 2697 3748 σήμερονκκαὶ
2724 3672 2888 3726 πλέον
2922 3672 3074 3726 οὐδέν
3099 3668 3114 3722 ἰ
3131 3712 3144 3726 .
3183 3672 3402 3744 Ἐπειδὴ
3428 3672 3538 3743 γάρ
3570 3671 3713 3743 πρὸς

2112 3754 2305 3825 ἑτέραν
2333 3755 2519 3809 λοιπὸν
2543 3756 2858 3825 καλούμεθα
2893 3755 3150 3827 πατρίδα,
3186 3756 3278 3808 καὶ
3307 3755 3445 3826 πρὸς
3481 3754 3711 3824 μείζονα

2118 3837 2534 3909 μετεταξάμεθα
2570 3838 2739 3911 ζωὴν,
2778 3838 2873 3892 καὶ
2916 3837 3015 3901 τὰς
3044 3838 3289 3907 αἰτήσεις
3334 3835 3710 3908 καταλλήλους

2114 3920 2299 3993 ἐκείνῃ
2329 3921 2409 3974 δεῖ
2458 3922 2761 3975 ποιεῖσθαι·
2803 3918 2975 3974 ταῦτα
3020 3920 3078 3973 δὲ
3115 3920 3216 3973 κᾶν
3255 3920 3519 3993 ἐπιρρέῃ,
3563 3921 3712 3991 μετὰ

2116 4002 2320 4073 πολλῆς
2347 4003 2449 4074 τῆς
2483 4002 2770 4075 ἀκριϐείας
2798 4002 3203 4075 διακρούεσθαι.
3545 4060 3549 4065 ,

2186 4088 2409 4155 Ειρήνη
2440 4088 2541 4141 ἐπὶ
2568 4088 2676 4142 τὸν
2719 4086 2989 4157 Ἰσραήλ.
3028 4085 3243 4151 Ἄλλος,
3274 4086 3382 4141 Kal
3425 4086 3516 4142 ἴδε
3559 4088 3711 4158 τοὺς

2111 4170 2283 4237 υἱοὺς
2314 4167 2433 4223 τῶν
2478 4169 2627 4225 υἱῶν
2654 4187 2795 4234 σου,
2836 4170 3089 4238 εἰρήνην
3130 4168 3229 4223 ἐπὶ
3272 4168 3384 4224 τὸν
3434 4170 3707 4239 Ἰσραήλ.

2111 4253 2269 4306 Κατὰ
2300 4252 2479 4307 κοινοῦ
2517 4255 2551 4323 ή
2594 4254 2749 4324 εὐχή.
2791 4253 2963 4307 Τοῦτο
2996 4252 3107 4324 γὰρ
3140 4252 3374 4323 μάλιστα
3421 4253 3704 4321 ποθοῦσιν,

2113 4334 2208 4388 ἅτε
2242 4335 2437 4406 μακρῷ
2489 4336 2935 4406 τεταριχευμένοι
2978 4336 3218 4407 πολέμῳ.
3252 4337 3317 4389 Τί
3361 4335 3472 4407 γὰρ
3511 4337 3708 4406 ϐφελος

2115 4418 2299 4480 αὐτοῖς
2328 4416 2436 4473 τῶν
2470 4418 2665 4483 ἄλλων,
2693 4420 2917 4490 εἰρήνης
2942 4419 3044 4472 οὐκ
3075 4419 3275 4491 οὐσης;
3306 4420 3379 4474 Τὸ
3404 4421 3584 4475 τοίνυν
3611 4433 3709 4476 κε-

2115 4502 2340 4572 φάλαιον
2372 4502 2481 4555 τῶν
2535 4502 2756 4571 ἀγαθῶν
2786 4501 2894 4556 τῶν
2924 4503 3043 4556 τότε
3066 4544 3081 4567 ,
3132 4504 3226 4558 καὶ
3268 4504 3364 4574 τήν
3398 4505 3706 4574 ἀσφάλειαν

2115 4585 2292 4638 αὐτῶν
2311 4584 2726 4653 ἐπαγγέλλεται,
2762 4586 2862 4658 τὴν
2892 4588 3134 4657 εἰρήνην,
3164 4588 3259 4640 καὶ
3285 4585 3491 4657 ταύτην
3520 4587 3705 4658 διηνε-

2114 4668 2184 4738 κῆ
2206 4684 2220 4697 ·
2248 4668 2395 4739 ὅπερ,
2415 4668 2649 4738 μάλιστα
2678 4670 2778 4739 τῆς
2806 4668 2900 4722 τοῦ
2950 4669 3085 4722 Θεοῦ
3114 4669 3372 4741 προνοίας
3426 4670 3609 4742 ἔργον,
3640 4673 3706 4727 τὸ

2113 4753 2205 4805 καὶ
2228 4751 2410 4805 δοῦναι
2467 4751 2559 4805 καὶ
2612 4751 2686 4822 μὴ
2713 4753 2932 4820 ἀφεῖναι
2966 4751 3264 4807 διαπεσεῖν.
3326 4754 3547 4826 Ἐπειδὴ
3592 4755 3700 4828 γὰρ

2113 4832 2249 4905 αὐτὴ
2271 4834 2378 4888 τῶν
2399 4834 2811 4905 ἀνθρωπίνωνή
2845 4833 3006 4901 φύσις
3035 4837 3233 4907 ρευστή
3260 4836 3347 4899 τίς
3372 4837 3487 4889 ἐστι
3517 4839 3613 4890 καὶ
3636 4838 3697 4893 οὐ

2110 4914 2357 4987 διαρκὴς,
2379 4916 2595 4979 δεικνῦς
2622 4918 2704 4969 ὅτι
2734 4917 2833 4986 οὐχ
2853 4916 3039 4982 ἁπλῶς
3072 4919 3257 4983 αὐτοῖς
3291 4919 3467 4973 ἔπεισι
3501 4919 3697 4979 ταῦτα.

2112 4998 2225 5053 ἀλλ’
2252 5000 2359 5053 ἀπὸ
2400 4999 2501 5069 τῆς
2543 4999 2748 5053 ἀνωθεν
2780 5000 2971 5070 ῥοπῆς,
2995 5002 3091 5054 καὶ
3126 5002 3373 5066 νεύοντος
3398 5002 3493 5056 τοῦ
3538 5004 3691 5073 Θεοῦ,

2110 5082 2322 5148 Πὰσας
2348 5083 2455 5147 τὰς
2493 5081 2719 5150 ἡμέρας
2751 5078 2893 5147 εἶπε,
2940 5085 3034 5137 καὶ
3063 5086 3286 5157 εἰρήνην
3332 5086 3691 5156 ἐπηγγείλατι

2109 5166 2326 5237 διαρκῆ.
2357 5167 2468 5219 Καὶ
2489 5165 2681 5233 γέγονε
2701 5165 2879 5232 τοῦτο,
2910 5168 2970 5221 τὸ
3008 5167 3137 5235 γοῦν
3163 5171 3243 5231 εἰς
3263 5168 3355 5221 τὸν
3382 5169 3515 5222 Θεὸν
3539 5165 3691 5243 ἧκον.

2110 5246 2175 5301 Εἰ
2208 5248 2264 5300 δὲ
2287 5248 2535 5319 διεκόπη,
2568 5247 2728 5302 πάλιν
2750 5248 2860 5303 ἀπὸ
2880 5251 2980 5321 τῆς
3034 5248 3258 5304 ἐκείνων
3311 5251 3576 5323 πονηρίας
3599 5255 3687 5320 γέ-

2111 5347 2234 5400 γονε
2263 5331 2357 5384 καὶ
2388 5328 2566 5384 τοῦτο.
2618 5332 2824 5404 Ὥσπερ
2868 5332 2977 5404 γάρ
3014 5333 3141 5386 ὅταν
3191 5332 3390 5405 ἀπειλῇ
3443 5334 3688 5397 κολάσεις

2174 5423 2200 5461 Β
2230 5420 2317 5470 Hic
2343 5435 2470 5471 unus
2490 5436 2516 5470 a
2538 5422 2687 5472 Savll.
2713 5424 2765 5471 in
2782 5426 3004 5487 margine
3029 5425 3207 5474 allatus
3227 5424 3393 5487 adjicit
3417 5425 3499 5474 καὶ
3512 5426 3617 5475 τίνα
3634 5428 3696 5477 τὰ

2110 5482 2402 5543 ἀγαθά;είπέ
2424 5500 2520 5543 μοι.
3189 5540 3196 5543 _

2173 5495 2401 5541 αυα;ειπι
2424 5500 2520 5541 μοι.

2175 5500 2401 5541 unum:
2424 5500 2520 5546 μοι.

2175 5544 2204 5580 h
2234 5544 2303 5592 lla
2326 5544 2475 5593 Savil.
2504 5551 2662 5593 recte.
2689 5543 2867 5593 Morel.-
2888 5546 2945 5594 τὸ
2966 5546 3097 5595 παρὰ
3118 5540 3203 5594 τοῦ
3223 5544 3364 5595 Θεοῦ.

2179 5608 2195 5645 ί
2222 5604 2371 5653 Savil.
2396 5605 2657 5715 ἓασιλείας,
2678 5609 2784 5670 περὶ
2800 5612 2886 5665 τῆς
2922 5604 3166 5671 ἀκριϐοῦς,
3191 5613 3245 5657 ει
3280 5608 3427 5670 paulo
3449 5616 3562 5669 post
3580 5610 3696 5671 ἡμῖν

2179 5682 2316 5715 mal.
2334 5668 2400 5713 ὑπ
2428 5682 2452 5715 ο
2474 5668 2541 5715 δε.

2112 5668 2322 5741 λέγεται,
2334 5668 2452 5741 ὑπὲρ
2474 5668 2541 5715 δέ.

2184 5728 2323 5805 L152!
2516 5728 2813 5805 εδένεεξεετι
2828 5729 2985 5805 w-
3010 5731 3064 5805 ιιι
3100 5731 3320 5805 κρανείης
3343 5735 3400 5780 ιιι
3418 5729 3696 5805 variaque-

2118 5790 2345 5857 ςιὶοηεφ.
2376 5787 2497 5857 [bid.
2524 5789 2623 5857 dup
2646 5790 2785 5857 godq,
2828 5791 2993 5857 λοιπὸν
3013 5787 3348 5856 ἀπελυσᾶμεθα
3368 5808 3510 5857 mp.
3551 5793 3695 5845 Alius

2123 5849 2454 5913 ἐπιδνσάμεθα,
2480 5858 2533 5900 ει
2554 5851 2625 5901 δίο
2656 5850 2807 5901 Sam.
2832 5853 2883 5900 in
2907 5864 3058 5915 marg.
