4086 6446
307 415 417 474 δικ)

315 538 503 588 cuncta
530 544 650 601 quae
678 526 959 586 accidunt:
990 527 1092 585 hoc
1113 537 1193 585 est
1214 528 1411 600 quippe
1438 529 1772 599 martyrium.
1795 528 1908 582 Non

315 621 458 676 enim
485 634 609 675 eum
637 619 725 690 qui
752 616 1055 675 sacriﬁcare
1078 617 1315 687 jubetur,
1346 634 1451 673 non
1475 617 1796 680 sacrificare,
1819 617 1913 672 sed

320 712 499 778 potius
523 708 769 764 dilaniari
807 716 863 762 et
900 706 1264 763 excarnificari
1286 724 1444 777 quam
1473 708 1573 763 hoc
1595 706 1790 772 facere,
1826 722 1921 761 so-

317 798 431 853 lum
460 798 585 854 facit
616 798 967 870 martyrium:
993 799 1086 854 sed
1114 801 1274 855 etiam
1321 815 1444 855 cum
1491 800 1648 855 dolor
1690 800 1917 869 impellit

317 889 388 944 ad
432 889 935 960 blasphemandum,
965 891 1259 945 toleranter
1290 892 1466 959 potius
1496 890 1636 946 ferre
1678 891 1917 947 laborem

318 990 575 1047 statuere,
598 990 655 1035 et
675 982 808 1035 nihil
831 982 1167 1038 inhonestum
1188 983 1387 1049 dicere,
1414 995 1701 1057 martyrem
1728 985 1913 1041 efficit.

318 1073 423 1129 Job
461 1073 601 1127 enim
644 1088 752 1127 non
800 1073 919 1128 ideo
948 1073 1047 1127 fuit
1075 1085 1383 1139 coronatus,
1430 1075 1571 1145 quod
1612 1077 1917 1130 sacriﬁcare

318 1165 494 1234 jussus
520 1178 629 1216 non
653 1163 1056 1230 sacriﬁcaverit,
1084 1164 1179 1219 sed
1210 1165 1352 1234 quod
1381 1167 1592 1221 dolores
1614 1176 1668 1221 et
1697 1161 1917 1221 calami-

320 1262 454 1309 tates
480 1254 601 1308 forti
625 1256 806 1310 animo
828 1271 1112 1326 perpessus
1132 1257 1221 1311 sit.
1246 1258 1546 1326 Quinetiam
1575 1259 1777 1315 Paulus
1787 1275 1915 1330 pro-

319 1356 502 1415 pterea
524 1347 696 1402 victor
717 1348 1054 1405 renuntiatus
1077 1360 1180 1417 est,
1202 1360 1424 1421 propter
1445 1350 1670 1422 ﬂagella,
1698 1366 1919 1422 propter

318 1436 656 1505 afflictiones,
686 1449 908 1509 propter
934 1441 1036 1496 alia
1062 1458 1180 1512 quae
1208 1445 1461 1499 sustinuit
1481 1459 1600 1499 cum
1622 1451 1915 1516 gratiarum

317 1542 547 1586 actione.
575 1532 630 1585 2.
660 1532 880 1587 Labores
895 1550 1135 1589 manuum
1150 1546 1353 1590 tuarum
1368 1538 1729 1608 manducabis;
1746 1544 1919 1597 beatus

307 1639 390 1686 rs,
418 1632 464 1677 et
494 1622 614 1677 bene
639 1624 727 1677 tibi
756 1625 871 1679 erit.
900 1626 1013 1694 Qua
1040 1626 1109 1682 de
1138 1642 1294 1683 causa
1319 1631 1473 1684 iterat
1501 1630 1917 1699 beatitudinem?

316 1714 583 1780 Quoniam
632 1721 779 1770 novit
820 1718 935 1786 ejus
983 1720 1419 1789 magnitudinem,
1475 1723 1527 1777 in
1584 1724 1661 1779 rei
1708 1725 1918 1781 visione

315 1807 728 1876 contemplanda
749 1808 986 1878 jucunde
1014 1810 1347 1866 immoratur.
1379 1812 1446 1868 Et
1470 1816 1724 1885 quidnam
1759 1817 1912 1885 illud,

313 1897 493 1951 Bene?
516 1900 568 1955 ὅ.
604 1897 747 1952 Uxor
770 1907 859 1952 tua
885 1900 1012 1953 sicut
1037 1901 1151 1955 vitis
1180 1903 1448 1959 abundans
1476 1905 1527 1959 in
1557 1906 1796 1961 lateribus
1822 1907 1919 1960 do-

317 2005 432 2042 mus
452 1996 567 2044 tuae.
591 1990 762 2055 Alius,
784 1988 853 2044 In
871 1992 1228 2061 penetralibus.
1247 1996 1416 2061 Alius,
1437 1995 1503 2051 In
1525 2001 1797 2069 femoribus
1813 2000 1910 2074 (a).

320 2075 448 2131 Filii
477 2079 551 2131 tui
577 2081 703 2133 sicut
731 2082 943 2135 novella:
966 2084 1213 2138 olivarum
1238 2087 1290 2140 in
1320 2088 1536 2145 circuitu
1563 2107 1750 2146 mensa
1786 2102 1909 2150 tua.

317 2169 372 2222 ι.
402 2167 538 2223 Ecce
557 2171 630 2225 sic
649 2172 968 2251 benedicatur
996 2174 1147 2230 homo
1175 2177 1263 2247 qui
1287 2180 1425 2232 timet
1454 2179 1755 2237 Dominum.
1773 2182 1912 2250 Quid

318 2258 474 2323 dicis,
505 2261 721 2329 quaeso?
748 2262 864 2317 haec
888 2274 971 2318 est
996 2262 1290 2333 beatitudo,
1326 2267 1428 2327 hoc
1453 2269 1696 2323 lucrum?
1726 2271 1914 2329 dome—

315 2348 469 2404 stica:
501 2351 687 2420 copim,
720 2360 778 2407 et
805 2354 915 2407 suis
944 2353 1049 2421 frui
1072 2355 1370 2423 laboribus,
1396 2359 1679 2418 multitudo
1721 2362 1917 2419 libero-

317 2456 461 2507 rum,
507 2450 561 2495 et
600 2443 764 2497 uxor?
806 2443 923 2498 Non
955 2444 1056 2500 hoc
1096 2446 1333 2516 quidem,
1365 2450 1459 2503 sed
1489 2449 1594 2506 hoc
1619 2466 1688 2507 ex
1716 2453 1916 2509 redun-

315 2531 466 2587 danti
496 2532 723 2602 quadam
770 2534 922 2602 conia
974 2537 1199 2593 accedit.
1256 2536 1479 2602 Quaerite
1522 2542 1689 2609 enim,
1721 2542 1913 2613 inquit,

313 2640 531 2695 regnum
558 2623 678 2692 Dei,
707 2636 755 2680 et
785 2636 965 2681 caztera
989 2628 1295 2701 adjicientur
1328 2632 1465 2687 vobis
1500 2631 1653 2703 (Luc.
1683 2634 1771 2689 12.
1800 2637 1915 2708 51).

311 2714 580 2783 Quoniam
611 2732 741 2788 ergo
785 2719 1091 2789 loquebatur
1135 2718 1265 2777 cum'
1304 2724 1367 2778 iis
1404 2724 1491 2795 qui
1534 2735 1689 2781 erant
1732 2727 1909 2783 adhuc

314 2805 718 2872 imbecilliores,
740 2816 1006 2879 tamquam
1034 2811 1282 2879 parvulos
1305 2813 1505 2869 inducit
1524 2831 1590 2871 ex
1614 2818 1773 2873 rebus
1788 2834 1915 2873 sen-

312 2893 528 2949 silibus.
552 2893 737 2966 Neque
763 2913 889 2952 vero
912 2900 1144 2956 mireris.
1171 2901 1227 2957 Si
1253 2903 1395 2957 enim
1429 2904 1625 2959 Paulus
1656 2905 1758 2961 hoc
1788 2907 1917 2963 facit

317 2991 562 3054 tempore
591 2996 751 3043 tantm
781 2988 1157 3061 philosophiae,
1186 3008 1307 3048 cum
1330 2995 1410 3049 eis
1443 2997 1533 3065 qui
1563 2996 1741 3053 adhuc
1766 2997 1916 3054 humi

316 3077 634 3143 repebant‘,
664 3094 729 3134 ex
776 3079 859 3135 his
884 3080 1181 3150 disserens,
1229 3086 1399 3142 multo
1430 3089 1599 3158 magis
1630 3091 1911 3161 propheta.

319 3163 416 3220 Ubi
446 3182 573 3221 vero
606 3168 656 3221 id
686 3169 1249 3230 facitPaulus?Multis
1275 3178 1327 3231 in
1356 3177 1508 3233 locis.
1528 3181 1752 3249 Quando
1769 3187 1912 3241 enim

321 3257 386 3311 de
417 3258 723 3330 virginitate
750 3262 989 3332 disserit,
1015 3267 1145 3321 nihil
1173 3269 1303 3323 dicit
1326 3270 1395 3324 de
1420 3273 1500 3328 eis
1523 3289 1648 3344 qua:
1671 3276 1773 3331 illis
1789 3287 1915 3333 sunt

320 3357 601 3417 eventura,
632 3352 727 3407 sed
769 3354 918 3422 ponit
944 3363 1152 3412 tantum
1185 3358 1558 3417 liberationem
1589 3378 1618 3417 a
1646 3366 1911 3423 molestiis

318 3440 647 3529 matrimonii
677 3443 755 3512 (1.
784 3441 904 3498 Cor.
940 3445 989 3499 7.
1016 3446 1146 3517 28):
1177 3457 1287 3505 tum
1318 3450 1478 3521 etiam
1504 3455 1718 3523 quando
1743 3457 1913 3529 loqui-

318 3535 405 3582 tur
424 3528 494 3584 de
520 3529 723 3587 honore
751 3533 801 3588 in
827 3547 1093 3607 parentes,
1125 3539 1317 3595 eodem
1357 3543 1516 3598 modo
1546 3561 1674 3601 usus
1702 3528 1910 3615 est,7ita

315 3617 536 3677 dicens:
563 3621 715 3690 Quod
740 3636 813 3680 est
840 3628 1059 3696 primum
1085 3632 1382 3687 mandatum
1408 3635 1463 3690 in
1497 3641 1912 3706 promissionibus

320 3707 537 3780 (Ephes.
583 3712 637 3768 6.
688 3712 765 3786 2).
800 3717 952 3783 Quod
981 3728 1064 3773 est
1096 3730 1276 3777 autem
1306 3725 1651 3785 mandatum?
1694 3728 1911 3787 Honora

312 3808 510 3867 patrem
536 3813 679 3856 tuum
709 3814 757 3858 et
785 3808 1016 3875 matrem,
1042 3820 1089 3864 et
1117 3813 1218 3866 eris
1247 3814 1501 3886 longincus
1528 3835 1682 3888 super
1700 3830 1907 3879 terram.

311 3890 615 3956 Quinetiam
656 3898 870 3967 quando
898 3901 1085 3956 scribit
1126 3903 1195 3958 de
1232 3908 1559 3964 ostendenda
1586 3912 1638 3966 in
1668 3914 1910 3976 inimicos

310 3981 674 4054 philosophia,
706 3990 899 4045 sensile
926 4007 1115 4047 rursus
1132 3998 1408 4063 prmmium
1428 4003 1675 4070 proponit
1692 4004 1907 4062 dicens:

309 4069 427 4141 Hoc
439 4075 574 4128 enim
588 4076 799 4145 faciens,
815 4081 1055 4137 carbones
1074 4084 1205 4155 ignis
1219 4102 1455 4159 congeres
1470 4069 1624 4163 super
1635 4105 1788 4166 caput
1800 4100 1910 4165 eius

308 4160 488 4231 (Rom.
511 4164 597 4220 12.
612 4166 717 4233 2ος
743 4167 931 4225 ΗαιιΙι.
955 4173 1043 4229 19.
1074 4173 1186 4248 12).
1219 4176 1463 4234 Christus
1481 4160 1656 4238 autem
1676 4160 1780 4240 non
1799 4160 1905 4243 sic:

309 4268 482 4324 neque
508 4259 649 4312 enim
670 4274 791 4314 cum
809 4262 1084 4319 imbecillis
1102 4265 1363 4338 loquitur;
1400 4272 1494 4327 sed
1526 4273 1580 4327 in
1607 4276 1909 4347 virginitate

305 4345 523 4415 quidem
554 4352 798 4419 proponit
824 4367 1068 4424 regnum,
1099 4357 1152 4412 in
1188 4360 1431 4416 amandis
1475 4373 1651 4420 autem
1679 4345 1909 4426 inimicis

305 4438 568 4504 promittit
588 4438 700 4495 fore
713 4441 804 4496 Dei
826 4445 1049 4520 similes,
1070 4459 1325 4517 quantum
1340 4466 1561 4521 possunt
1579 4456 1821 4516 homines
1831 4479 1908 4518 es

303 4539 364 4581 se
385 4527 478 4582 Dei
496 4529 699 4587 similes
714 4533 927 4604 (Matth.
951 4538 1005 4593 5.
1019 4540 1108 4596 44.
1124 4541 1240 4610 45).
1265 4542 1727 4610 Quemadmodum
1746 4553 1906 4609 etiam

302 4618 357 4673 in
380 4619 580 4687 Veteri,
607 4623 693 4678 ubi
718 4625 1100 4684 inducebantur
1116 4646 1212 4701 per
1230 4636 1468 4703 sensilia,
1490 4639 1787 4699 videbimus
1812 4661 1905 4701 eos

301 4711 392 4780 qui
422 4714 598 4767 sciunt
624 4715 1013 4787 philosophari,
1048 4722 1226 4778 induci
1255 4740 1283 4777 a
1311 4727 1622 4796 majoribus.
1651 4731 1705 4786 ω
1727 4746 1903 4791 autem

304 4799 502 4856 Paulus
547 4805 854 4875 significans
897 4810 1327 4871 dicebatzluzta
1353 4819 1507 4886 [idem
1537 4822 1761 4891 defuncti
1785 4838 1904 4882 sunt

304 4907 476 4947 omnes
504 4895 587 4950 isti
629 4915 731 4953 non
766 4905 987 4972 acceptis
1032 4909 1469 4976 promissionibus,
1500 4915 1590 4968 sed
1623 4918 1694 4969 eis
1721 4920 1903 4987 procul

303 4983 423 5037 visis
450 4994 498 5039 et
523 4987 759 5045 salutatis
782 4991 966 5063 (Hebr.
992 4996 1082 5050 11.
1114 4997 1221 5068 15).
1250 4999 1365 5055 Νοη
1392 5012 1475 5056 est
1500 5018 1630 5075 ergo
1655 4983 1771 5063 haec
1791 5011 1902 5064 sola

305 5091 514 5132 merces
542 5093 727 5135 eorum
756 5083 843 5151 qui
892 5085 1057 5141 Deum
1102 5089 1312 5157 timent,
1351 5091 1449 5147 frui
1482 5097 1644 5151 rebus
1682 5098 1812 5165 suis,
1848 5109 1904 5154 ιιι

300 5174 426 5221 sunt
444 5182 580 5222 uxor
599 5177 655 5225 et
678 5170 856 5238 liberi,
888 5175 1068 5247 reique
1093 5178 1402 5235 domesticae
1426 5186 1783 5255 prosperitas;
1808 5190 1904 5245 sed

300 5256 416 5313 haec
440 5260 655 5329 quidem
684 5271 811 5321 sunt
835 5280 899 5321 ex
930 5270 1433 5346 spperabundantia,
1457 5284 1512 5331 et
1531 5277 1698 5332 instar
1724 5279 1903 5349 cujus-

298 5347 420 5441 dam
440 5352 805 5411 additamenti‘.
823 5357 1084 5428 praecipua
1096 5370 1273 5417 autem
1290 5376 1432 5441 sunt,
1444 5369 1672 5437 primum
1684 5347 1900 5440 quidem

303 5439 404 5496 hoc
431 5442 626 5512 ipsum,
660 5445 827 5503 Deum
856 5449 1064 5519 timere,
1095 5453 1239 5521 quod
1266 5456 1317 5510 in
1347 5459 1528 5527 seipso
1551 5439 1789 5518 continet
1812 5479 1899 5519 re-

303 5534 764 5593 munerationem:
793 5537 988 5595 deinde
1029 5555 1222 5597 arcana
1268 5545 1377 5611 illa,
1413 5546 1540 5613 Qua:
1576 5550 1752 5607 oculus
1791 5569 1898 5608 non

301 5622 446 5692 uidit,
474 5641 564 5679 nee
589 5628 729 5682 auris
755 5630 968 5699 audiuit,
1001 5649 1093 5687 nec
1116 5635 1172 5690 in
1196 5653 1284 5690 cor
1312 5637 1530 5695 hominis
1556 5644 1894 5700 ascenderunt

364 5760 383 5831 ξ
417 5760 580 5831 μεμε,
602 5760 654 5812 in
670 5770 855 5817 imam
875 5744 1222 5831 despiciebant.

361 5818 437 5884 (α)
470 5822 524 5872 Hi
547 5818 846 5887 interiit-etes
864 5818 1392 5898 quinam—sln'tﬂfuorws
1405 5836 1670 5901 Ignoratur.
1694 5900 1699 5903 _

1415 414 1775 473 EXPOSETZO
1812 415 1879 472 IN
1916 415 2238 474 PSALMUM
2277 414 2535 475 CXXVII.
3536 422 3643 482 370

2032 532 2106 596 (1.
2135 531 2252 586 Cor.
2275 532 2330 586 2.
2361 531 2440 605 9).
2466 533 2521 590 5.
2540 532 2821 589 Benedicat
2841 536 2939 592 tibi
2954 536 3204 594 Dominus
3230 555 3297 594 ea:
3316 539 3468 605 Sion,
3491 550 3540 595 et
3562 542 3643 596 ui-

2033 626 2154 679 deas
2199 626 2330 679 bona
2358 625 2665 681 Jerusalem.
2715 628 2887 695 Alius,
2919 628 2986 683 Et
3014 631 3127 684 vide
3154 632 3208 686 in
3238 632 3383 686 bouis
3421 631 3641 692 Jerusa-

2031 713 2129 769 lem
2147 715 2242 788 (a).
2269 716 2413 771 Bona
2440 717 2572 772 dicit
2593 718 2885 785 civitatem,
2908 720 3142 784 divitias,
3166 722 3443 788 decorem,
3472 723 3638 778 vieto-

2026 807 2154 871 rias,
2173 807 2429 877 honores,
2449 812 2882 880 prosperitatem,
2900 804 3249 880 fertilitatem,
3264 815 3634 883 securitatem,

2026 912 2236 967 pacem.

2094 989 2147 1042 4.
2186 988 2431 1044 Omnibus
2452 990 2626 1045 diebus
2648 993 2764 1047 vita
2790 1004 2910 1048 tum.
2942 993 3176 1051 Pulchre
3202 996 3363 1053 etiam
3395 1010 3521 1051 usus
3550 1003 3632 1052 est

2024 1081 2332 1149 adjectione
2361 1082 2589 1139 dierum.
2622 1085 2754 1141 Erat
2782 1078 2924 1141 enim
2953 1087 3055 1144 hoc
3074 1087 3284 1159 signum
3307 1089 3625 1154 maximum,

2033 1171 2172 1240 quod
2200 1172 2315 1228 hmc
2340 1188 2369 1226 a
2399 1174 2508 1252 Deo
2534 1175 2806 1241 darentur,
2838 1185 2893 1232 et
2921 1176 3037 1247 ejus
3085 1179 3433 1247 providentia:
3473 1195 3631 1251 argu-

2031 1273 2291 1327 mentum,
2321 1265 2463 1334 quod
2491 1264 2623 1320 nihil
2664 1266 2955 1321 humanum
3001 1278 3330 1336 paterentur,
3377 1284 3475 1324 nec
3502 1283 3629 1324 cor-

2027 1365 2267 1421 ruerent,
2300 1372 2398 1412 nec
2426 1358 2585 1412 ullam
2616 1357 2817 1413 ferrent
2848 1360 3220 1424 mutationem,
3269 1360 3369 1414 nisi
3412 1360 3628 1430 quando

2025 1448 2330 1516 indignatus
2360 1464 2421 1504 ea
2450 1450 2830 1506 intercidisset.
2859 1451 2910 1506 6.
2937 1451 3004 1506 Et
3030 1453 3201 1507 videas
3221 1453 3356 1521 ﬁlios
3377 1454 3622 1523 ﬁliorum.

2024 1539 2183 1610 Atqui
2206 1542 2376 1607 multi,
2398 1541 2626 1612 inquies,
2652 1543 2821 1598 Deum
2842 1545 3112 1608 timentes,
3141 1544 3259 1600 sine
3285 1545 3468 1601 liberis
3484 1560 3629 1599 sem-

2026 1648 2124 1703 per
2154 1632 2323 1688 fuere.
2367 1634 2435 1689 Et
2475 1634 2601 1705 quid
2642 1635 2744 1690 hoc
2788 1635 2891 1692 sibi
2942 1636 3091 1691 vult?
3120 1636 3304 1707 Neque
3341 1639 3482 1692 enim
3527 1651 3627 1693 nos

2025 1735 2246 1793 propter
2272 1726 2553 1794 prmsentia
2584 1727 2849 1792 exuimus,
2880 1727 2976 1782 sed
3023 1728 3291 1798 praecipue
3317 1727 3623 1798 quidemnt

2025 1814 2137 1868 Deo
2160 1813 2496 1883 placeamus;
2527 1814 2721 1871 deinde
2759 1818 2920 1871 etiam
2968 1828 3187 1888 propter
3231 1831 3356 1889 spes
3396 1818 3620 1873 futuras.

2024 1905 2199 1975 Atque
2231 1915 2358 1959 tunc
2386 1905 2602 1972 quidem
2644 1906 2763 1962 lucc
2790 1917 2946 1962 erant
2976 1908 3225 1978 praemia;
3259 1922 3401 1964 nunc
3443 1918 3622 1963 autem

2021 1995 2235 2058 cmlum,
2258 2006 2311 2050 et
2336 1996 2472 2050 bona
2496 2012 2619 2067 quae
2643 2005 2768 2052 sunt
2794 1999 2846 2052 in
2873 1999 3040 2055 caelis.
3065 1999 3219 2067 Quod
3240 2000 3285 2054 si
3307 2015 3427 2055 cum
3457 2000 3624 2055 Deum

2024 2086 2265 2151 timeres,
2296 2102 2401 2140 non
2430 2086 2663 2154 habuisti
2688 2089 2847 2155 filios,
2879 2090 2968 2159 qui
2995 2090 3103 2144 scis
3130 2090 3386 2160 numquid
3415 2089 3628 2146 dederit

2025 2176 2128 2231 alia
2177 2180 2277 2231 hac
2321 2176 2572 2234 felicitate
2620 2179 2859 2248 majora?
2903 2178 3088 2250 Neque
3117 2180 3260 2237 enim
3290 2194 3478 2238 omnes
3518 2195 3626 2236 uno

2024 2268 2186 2323 modo
2213 2268 2477 2325 beneficio
2501 2270 2683 2337 afﬁcit,
2715 2272 2810 2327 sed
2836 2274 3006 2340 varie,
3030 2289 3152 2329 eum
3181 2274 3257 2330 sit
3280 2274 3452 2333 dives.
3482 2274 3625 2340 Quot

2022 2358 2237 2412 fuerunt
2257 2360 2345 2429 qui
2368 2374 2488 2423 cum
2514 2359 2651 2424 filios
2670 2360 2950 2427 haberent,
2972 2363 3282 2433 iudicarunt
3298 2378 3394 2420 eos
3418 2363 3623 2433 felices,

2020 2450 2113 2519 qui
2142 2464 2248 2504 non
2279 2449 2576 2506 haberent?
2600 2461 2730 2521 quot
2752 2454 2839 2523 qui
2856 2453 3074 2510 divitias
3099 2456 3470 2525 possidebant,
3494 2472 3623 2529 pau-

2023 2540 2240 2609 peribus
2269 2540 2521 2597 miserius
2540 2557 2605 2598 ex
2630 2543 2729 2598 hac
2755 2544 2861 2599 vita
2888 2548 3207 2603 excessere?
3234 2556 3364 2618 quot
3386 2544 3479 2619 qui
3500 2548 3622 2619 gle-

2021 2632 2154 2685 riam
2200 2633 2517 2705 consequuti
2562 2632 2793 2705 fuerant,
2845 2649 2909 2690 ea
2956 2646 3227 2707 tamquam
3270 2652 3406 2693 ense
3442 2637 3623 2709 aliquo

2021 2721 2256 2777 confossi
2302 2733 2444 2787 sunt,
2494 2732 2551 2780 et
2584 2726 2898 2797 gravissima
2940 2742 3187 2799 qumque
3212 2730 3621 2786 sustinuerunt?

2019 2811 2100 2868 Ne
2145 2828 2356 2883 quietas
2406 2815 2498 2869 tibi
2543 2816 2786 2874 exhiberi
2832 2820 3063 2889 negotia,
3109 2835 3265 2876 neca
3295 2821 3405 2875 Deo
3432 2837 3619 2878 eorum

2020 2920 2140 2975 quae
2161 2905 2284 2961 facit
2308 2892 2568 2963 rationem
2599 2924 2879 2979 exposcas,
2910 2910 3004 2967 sed
3036 2910 3177 2967 feras
3204 2914 3382 2970 omnia
3412 2913 3533 2969 forti
3550 2930 3616 2970 ac

2020 3010 2285 3065 generoso
2311 2997 2515 3063 animo,
2544 3008 2597 3054 et
2624 3016 2745 3055 cum
2773 3004 3065 3072 gratiarum
3089 3006 3328 3071 actione;
3360 3006 3468 3060 imo
3493 3021 3621 3061 vero

2021 3086 2157 3141 nulli
2202 3102 2382 3142 rerum
2423 3091 2767 3158 prmaentium
2797 3093 3034 3157 animum
3067 3104 3216 3150 tuum
3246 3094 3452 3168 affigas.
3485 3097 3621 3152 Pro-

2021 3188 2204 3247 pterea
2237 3179 2380 3233 enim
2410 3180 2569 3236 talem
2594 3181 2779 3250 jussus
2820 3197 2880 3238 es
2919 3184 3168 3241 emittere
3211 3188 3531 3254 orationem,
3564 3189 3615 3243 in

2020 3284 2122 3340 qua
2155 3285 2319 3325 unum
2361 3273 2532 3327 solum
2581 3276 2716 3343 petis
2759 3278 3083 3346 postulatum
3129 3281 3348 3347 sensile,
3390 3291 3446 3335 et
3484 3266 3617 3338 nihil

2020 3363 2269 3432 amplius.
2303 3363 2634 3435 Quamquam
2666 3366 2770 3422 hoc
2794 3384 3007 3440 quoque
3046 3387 3234 3428 rursus
3278 3387 3526 3429 mensura
3558 3376 3617 3431 lit

2018 3453 2279 3521 spiritale.
2311 3455 2428 3508 Alia
2454 3456 2597 3511 enim
2628 3459 2831 3525 Omnia,
2853 3459 2922 3515 de
2941 3463 3087 3516 caelis
3107 3471 3162 3518 et
3190 3463 3257 3519 de
3276 3479 3445 3535 regno
3467 3466 3612 3536 quod

2018 3544 2129 3601 illic
2156 3552 2259 3610 est,
2303 3544 2371 3601 de
2400 3545 2635 3616 perfecta
2682 3548 2804 3604 vita:
2846 3551 3199 3621 institutione,
3232 3562 3291 3610 et
3316 3557 3383 3611 de
3415 3556 3615 3613 libera-

2019 3635 2165 3689 tione
2192 3650 2221 3688 a
2253 3636 2485 3704 peccatis
2511 3637 2669 3692 nobis
2694 3638 2977 3696 dicuntur:
2996 3642 3073 3697 de
3102 3645 3390 3700 sensilibus
3433 3655 3616 3702 autem

2017 3742 2179 3782 unum
2206 3727 2460 3797 jubemur
2479 3730 2677 3788 dicere.
2696 3724 2959 3800 Quidnam
2977 3734 3145 3791 illud?
3174 3736 3367 3793 Panem
3388 3748 3614 3794 nostrum

2015 3818 2548 3887 supersubstantialem
2588 3821 2657 3875 da
2698 3823 2843 3877 nobis
2889 3824 3041 3878 hodie
3093 3825 3303 3896 (Matth.
3333 3828 3388 3885 6.
3423 3828 3534 3901 11),
3560 3837 3617 3886 et

2017 3907 2147 3961 nihil
2179 3908 2343 3963 aliud.
2378 3911 2642 3979 Quoniam
2686 3914 2827 3968 enim
2873 3914 2939 3969 ad
2982 3915 3142 3970 aliam
3173 3917 3427 3989 deinceps
3457 3935 3617 3975 voca-

1980 4018 1983 4021 λ
2017 4013 2141 4053 mur
2169 4000 2415 4068 patriam,
2443 4013 2497 4057 et
2523 4002 2588 4057 ad
2620 4004 2878 4073 majorem
2909 4006 3075 4061 vitam
3113 4007 3369 4078 adscripti
3398 4005 3607 4077 sumus,

2018 4099 2233 4161 Oportet
2272 4092 2432 4147 etiam
2467 4103 2645 4147 nostra
2676 4096 2938 4164 postulata
2965 4112 3087 4153 esse
3112 4099 3161 4153 ei
3189 4098 3562 4155 convenientia
3593 4117 3609 4155 :

2026 4182 2142 4237 haee
2171 4174 2348 4237 autem
2376 4183 2497 4238 licet
2527 4182 2772 4249 amuant,
2804 4187 2969 4262 multa
2988 4204 3109 4243 cum
3140 4189 3332 4245 fiducia
3362 4191 3609 4260 rejicere.

2092 4274 2351 4331 Prondssa
2398 4275 2492 4330 Dei
2542 4286 2593 4330 ut
2640 4278 3061 4346 impleantur.--
3088 4280 3202 4336 Pa:
3231 4299 3383 4354 super
3421 4282 3607 4338 Israel.

2016 4367 2168 4423 Alius
2214 4367 2289 4435 (b)
2315 4409 2330 4432 ,
2368 4367 2432 4421 Et
2477 4368 2591 4423 vide
2618 4367 2754 4436 ﬁlios
2791 4369 3018 4437 ﬁliorum
3046 4381 3247 4428 tuorum
3269 4413 3287 4440 ,
3317 4390 3491 4443 pacem
3520 4391 3611 4429 su-

2015 4478 2107 4530 per
2134 4458 2319 4514 Israel.
2369 4459 2494 4515 Hice
2536 4469 2621 4514 est
2664 4462 2949 4525 oraliode
2991 4463 3280 4519 communi.
3312 4466 3424 4521 Hoc
3465 4469 3607 4523 enim

2015 4554 2248 4605 maxime
2273 4552 2602 4617 desiderant,
2642 4553 2808 4622 utqui
2839 4554 2945 4608 sint
2974 4554 3134 4626 lange
3163 4556 3305 4612 bello
3334 4558 3518 4615 afflicti
3554 4571 3609 4615 et

2013 4642 2280 4697 exhausti.
2313 4642 2448 4710 Quid
2475 4642 2617 4697 enim
2644 4658 2740 4699 eos
2763 4643 2862 4699 alia
2886 4644 3098 4715 juvant,
3144 4646 3190 4702 si
3230 4662 3330 4718 pax
3372 4664 3481 4705 non
3505 4651 3605 4706 ad-

2014 4736 2117 4791 sit?
2139 4736 2290 4804 Quod
2318 4751 2448 4807 ergo
2475 4745 2560 4793 est
2586 4737 2872 4803 bonorum,
2902 4754 3023 4809 quae
3057 4749 3183 4796 tunc
3207 4750 3383 4810 erant,
3412 4744 3607 4814 praci-

2012 4844 2197 4900 puum,
2228 4845 2523 4901 eorumque
2550 4830 2911 4895 securitatem,
2934 4847 3128 4902 nempe
3151 4848 3359 4904 pacem,
3391 4837 3611 4906 pollice-

2013 4932 2100 4977 tur
2124 4937 2351 4991 eamque
2381 4931 2723 4992 perpetuam;
2753 4922 2896 4994 quod
2941 4931 3027 4979 est
3066 4925 3303 4983 maxime
3329 4941 3466 4998 opus
3511 4927 3607 4984 Dei

2012 5012 2380 5083 providentiae,
2408 5012 2539 5067 dare
2562 5013 2787 5080 scilicet,
2815 5022 2869 5068 et
2894 5029 3000 5068 non
3021 5014 3199 5071 sinere
3221 5018 3279 5071 ut
3303 5016 3604 5086 intercidat.

2010 5104 2145 5172 Quia
2171 5102 2314 5158 enim
2339 5118 2517 5159 rerum
2541 5100 2897 5159 humanarum
2923 5113 3112 5161 natura
3133 5104 3274 5165 ﬂuxa
3296 5118 3396 5175 est,
3424 5119 3481 5166 et
3495 5126 3602 5168 non

2011 5209 2369 5263 permanens:
2394 5193 2685 5250 ostendens
2715 5193 2832 5250 haec
2858 5211 2965 5250 non
2990 5206 3195 5253 temere
3222 5198 3291 5255 ad
3320 5210 3422 5256 eos'
3440 5198 3605 5259 deve-

2011 5285 2148 5351 nire,
2180 5284 2274 5339 sed
2301 5299 2329 5338 a
2356 5299 2591 5353 superno
2617 5285 2816 5340 auxilio
2841 5295 2893 5341 et
2915 5301 2946 5341 a
2978 5297 3107 5342 nutu
3134 5287 3320 5345 divino
3341 5292 3605 5362 procede-

2010 5388 2090 5439 re,
2113 5374 2268 5439 dixit,
2300 5371 2552 5428 Omnibus
2576 5373 2771 5441 diebus,
2801 5383 2859 5430 et
2879 5390 3065 5447 pacem
3091 5391 3497 5447 permanentem
3524 5392 3609 5439 est

2009 5464 2300 5535 pollicitus.
2342 5466 2518 5536 Atque
2565 5464 2669 5522 hoc
2703 5465 2923 5537 quidem
2972 5468 3173 5525 factum
3218 5479 3324 5538 est,
3365 5474 3508 5544 quod
3538 5475 3604 5530 ad

2009 5558 2178 5612 Deum
2206 5557 2419 5612 attinet.
2454 5558 2608 5625 Quod
2636 5560 2682 5613 si
2707 5547 2827 5615 fuit
2869 5560 3192 5634 interrupta,
3241 5564 3349 5623 hoc
3393 5580 3606 5638 quoque

2007 5651 2198 5706 accidit
2226 5666 2294 5706 ex
2319 5651 2531 5707 illorum
2562 5652 2923 5722 improbitate.
2962 5652 3430 5724 Quemadmodum
3456 5659 3605 5717 enim

2071 5782 2144 5906 (ag
2177 5782 2263 5832 Hic
2283 5782 2532 5845 interpres
2555 5785 2663 5847 quis
2682 5786 2747 5835 sit
2761 5787 3059 5849 ignoramus.

2073 5842 2124 5906 (υ
2180 5844 2263 5894 llic
2285 5845 2533 5906 interpres
2554 5847 2664 5906 quis
2680 5846 2745 5897 sit
2766 5847 3003 5899 ncsdtur.

2073 5842 2144 5906 (b)
2180 5844 2263 5894 llic
2285 5842 2533 5911 interpres
2554 5842 2664 5909 quis
2680 5846 2745 5897 sit
2766 5842 3003 5899 uexatur.
3080 5884 3083 5885 ν
