4086 6440
531 351 623 406 δτι
1276 346 1330 402 S.
1374 346 1648 401 Jt).\NNIS
1685 341 2159 398 CllllYSOSTOMl
2200 340 2516 395 ARClllEP.
2557 339 3094 414 CONSTANTlNQl’.
3719 350 3816 403 379.

533 462 742 530 quando
766 460 1026 529 aliquibus
1048 460 1302 528 supplicia
1333 459 1584 520 minatur,
1616 457 1678 511 iis
1701 457 1786 526 qui
1821 471 1912 524 per
1934 457 2106 523 pinni-

531 554 747 607 tentiam
795 554 926 604 irant
975 553 1284 615 discutiunt,
1337 550 1617 604 cohibetur
1661 547 2008 615 supplicium:
2040 547 2108 600 ita

530 647 688 699 etiam
713 648 756 698 si
783 645 914 698 bona
947 647 1237 714 promittat,
1271 645 1363 696 visi
1387 644 1563 697 autem
1591 643 1784 694 fuerint
1806 639 2000 706 indigni
2023 637 2110 706 qui

529 730 790 804 promissa
839 745 988 788 erant
1019 734 1436 804 consequuturi,
1460 742 1737 787 revocatur
1768 730 2105 799 promissum.

527 826 677 890 Quod
713 825 776 877 ad
806 839 925 878 eum
956 839 1083 894 ergo
1107 834 1334 893 spectat,
1366 823 1612 876 omnibus
1656 821 1843 876 diebus
1880 827 1961 873 est
1989 832 2106 873 eam

526 919 824 986 pollicitus:
849 934 940 972 sua
987 929 1162 994 autem
1195 918 1528 987 improbitate
1567 917 1762 972 donum
1814 918 2109 982 interrupe-

524 1021 667 1063 t'uut.
694 1011 818 1065 Haec
845 1021 1019 1065 autem
1049 1010 1187 1076 dico,
1218 1019 1274 1064 ut
1301 1026 1472 1078 neque
1501 1025 1564 1063 eo
1591 1010 1825 1062 minante
1854 1007 2106 1075 despere-

524 1117 663 1166 mus,
712 1104 803 1156 sed
854 1103 1162 1170 pmnitentia
1213 1103 1343 1155 iram
1387 1101 1750 1170 repellamus:
1787 1113 1885 1153 nec
1923 1113 2107 1152 rursus

525 1194 658 1245 bona
691 1195 1030 1260 promittente
1057 1203 1442 1260 torpescamus,
1473 1192 1567 1245 sed
1593 1191 1789 1256 studio,
1821 1199 1874 1244 et
1917 1190 1968 1243 in
2001 1189 2103 1242 vita

524 1284 845 1338 instituenda
875 1284 1163 1354 diligentia,
1197 1286 1454 1354 promissa
1487 1285 1547 1336 ad
1572 1299 1704 1350 opus
1730 1296 2100 1353 provocemus.

520 1375 630 1430 Nisi
661 1376 803 1430 enim
851 1376 920 1430 ita
954 1377 1228 1439 faciamus,
1259 1393 1362 1430 non
1393 1376 1586 1430 sufficit
1614 1375 1679 1429 ad
1711 1374 2105 1430 conservandos

521 1481 617 1519 nos
648 1466 758 1519 sola
793 1468 1093 1534 promissio.
1137 1466 1268 1520 Nam
1299 1465 1449 1519 .ludze
1478 1480 1689 1536 queque
1733 1465 1992 1534 pollicitus
2024 1475 2106 1518 est

519 1573 639 1610 eum
669 1572 786 1611 CSaG
814 1573 1082 1612 sessurum
1114 1573 1275 1625 super
1315 1558 1562 1610 thronum
1595 1571 1714 1611 cum
1748 1554 1992 1609 undecim
2025 1555 2104 1607 di-

517 1650 766 1719 scipulis:
803 1666 899 1705 nec
946 1659 1119 1705 tamen
1170 1651 1335 1708 sedit;
1370 1652 1420 1702 in
1452 1664 1608 1702 causa
1653 1659 1827 1700 autem
1876 1661 1976 1698 non
2012 1647 2104 1697 ruit

520 1740 607 1793 ille
650 1743 737 1808 qui
769 1741 1030 1808 promisit,
1065 1741 1157 1794 sed
1199 1743 1240 1793 is
1275 1741 1359 1808 qui
1391 1738 1654 1806 promisso
1680 1735 1929 1805 indignus
1961 1735 2102 1789 visus

517 1838 618 1882 est.
653 1829 716 1881 Et
746 1844 841 1882 nos
872 1845 999 1899 ergo
1028 1846 1147 1883 cum
1175 1828 1462 1882 habeamus
1490 1829 1637 1896 regni
1674 1827 2011 1889 nromissum,
2037 1841 2102 1879 ne

518 1923 681 1975 simus
703 1920 874 1989 ignavi
904 1937 964 1976 ac
986 1907 1210 1976 desides.
1241 1949 1258 1971 .--
1356 1931 1529 1972 .mstra
1557 1934 1765 1988 quoque
1796 1947 1840 1968 ..λ
1862 1917 1875 1952 ἰ
1903 1931 2097 1978 quam,

517 2015 862 2083 nt‘possimus
886 2014 1023 2068 booa
1055 2023 1250 2068 aeterna
1279 2012 1554 2082 eottsequi,
1578 2012 1742 2080 gratia
1771 2019 1821 2062 ct
1858 2009 2099 2076 benigni-

517 2113 624 2159 tate
657 2106 864 2160 Domini
897 2106 1060 2160 nostri
1097 2107 1220 2160 Jesu
1251 2105 1464 2170 Christi,
1505 2104 1591 2159 cui
1622 2101 1789 2174 gloria
1833 2111 1885 2156 et
1927 2102 2100 2171 impc-

516 2199 652 2252 rium
673 2198 725 2253 in
757 2200 946 2254 saecula
975 2200 1314 2255 sazculorunt.
1342 2203 1530 2252 Amen.

940 2330 1006 2383 ΙΝ
1035 2331 1155 2385 PSA
1169 2329 1357 2383 LMle
1386 2326 1665 2382 CXXVI”.

519 2423 568 2475 Ι.
621 2421 770 2489 Same
812 2431 1223 2491 exiiugnat'erunt
1268 2438 1343 2474 me
1393 2438 1425 2472 τι
1463 2423 1724 2488 juventute
1775 2433 1884 2469 mea
1911 2458 1923 2480 ,
1964 2417 2101 2468 dicat

586 2531 719 2567 nunc
759 2515 941 2568 Israel.
978 2514 1029 2566 ‘2.
1058 2515 1208 2582 Scopa
1230 2521 1638 2582 expugnaverunt
1668 2527 1744 2563 me
1790 2527 1820 2561 α
1840 2511 2100 2576 juventute

586 2620 697 2658 mea
733 2621 750 2658 :
781 2608 959 2658 etenim
1009 2622 1108 2658 non
1149 2615 1414 2670 potuerunt
1442 2605 1584 2656 mihi.
1641 2603 1793 2655 Alius
1837 2603 2099 2667 interpres

587 2688 733 2759 dicit,
765 2694 838 2767 (rt)
865 2698 968 2748 Sed
994 2713 1093 2748 non
1127 2704 1394 2762 potuerunt
1424 2693 1568 2746 mihi.

592 2784 689 2838 llic
728 2801 936 2854 quoque
981 2785 1224 2839 Psalmus
1269 2784 1503 2838 coltmret
1550 2783 1894 2853 praecedenti.
1956 2783 2099 2847 Quo-

519 2877 659 2928 niam
700 2877 840 2928 enim
871 2877 1357 2944 interrumpebatur
1381 2874 1602 2928 mdiflca'
1725 2891 1815 2926 recc
1848 2889 1978 2933 opus
2005 2875 2099 2926 de-

517 2967 809 3022 ducebatur
839 2970 905 3021 ad
936 2968 1092 3022 linem
1120 3009 1133 3031 ,
1167 2982 1260 3021 eos
1290 2967 1342 3019 in
1387 2968 1577 3020 bonam
1605 2979 1756 3036 spem
1805 2967 2094 3028 adducens,

517 3074 586 3112 ne
633 3059 998 3129 desperarent,
1040 3075 1103 3114 ex
1155 3057 1631 3128 prtcteritispjubet
1671 3072 1763 3111 eos
1796 3057 1863 3111 de
1907 3056 2097 3111 futuris

517 3165 636 3204 esse
689 3150 827 3203 bono
867 3152 1078 3218 animo,
1135 3159 1188 3204 et
1217 3149 1373 3204 docet
1401 3163 1495 3204 eos
1540 3148 1654 3202 haec
1689 3147 1846 3202 verba
1892 3147 2092 3200 dicere.

514 3237 770 3306 Quanam
797 3240 879 3292 illa
898 3240 922 3288 ?
949 3237 1081 3295 Cum
1102 3254 1246 3308 saepe
1272 3254 1364 3293 eos
1392 3238 1731 3303 invasissent,
1763 3251 2094 3306 nequaquam

515 3339 802 3398 potuerunt
830 3345 1104 3398 superare,
1134 3344 1234 3384 nec
1261 3330 1520 3399 integram
1548 3328 1825 3382 victoriam
1848 3336 2096 3395 reporta-

515 3431 658 3476 runt.
690 3421 760 3476 Et
784 3431 963 3477 tamen
998 3423 1260 3492 captivos,
1297 3420 1489 3492 inquit,
1517 3428 1797 3487 ceperunt,
1832 3427 1886 3475 et
1911 3420 1964 3474 iu
1989 3426 2098 3475 ter-

515 3526 629 3565 ram
677 3512 905 3566 alienam
930 3512 1286 3567 traduxerunt
1309 3551 1324 3577 ,
1353 3520 1407 3566 et
1443 3511 1608 3565 multa
1656 3511 1797 3566 bella
1827 3510 2090 3566 vicerunt.

515 3601 582 3656 Et
607 3612 732 3657 tunc
757 3603 975 3672 quidem
1013 3603 1243 3658 maxime
1269 3617 1374 3657 non
1403 3617 1474 3656 ex
1505 3601 1718 3671 propria
1749 3602 1966 3666 virtute,
1995 3602 2091 3658 sed

513 3709 580 3748 ex
619 3693 924 3751 Judteorum
951 3703 1173 3764 peccato
1210 3701 1549 3765 superarunt.
1577 3693 1909 3764 Quamquam
1959 3694 2096 3748 alio-

518 3787 604 3853 qui
633 3801 730 3844 nec
753 3785 819 3841 ad
850 3785 1010 3841 tinem
1051 3800 1218 3854 usque
1254 3799 1599 3854 permansere
1627 3785 1880 3840 victores.
1910 3784 2094 3855 Neque

517 3878 662 3937 enim
694 3868 983 3947 potuerunt
1018 3893 1186 3947 genus
1212 3876 1431 3932 omnino
1455 3875 1657 3956 delere,
1714 3876 1799 3931 vel
1826 3876 2093 3932 civitatem

515 3971 738 4025 omnino
783 3980 1049 4033 evertere,
1097 3979 1189 4022 aut
1225 3966 1436 4038 gentem
1462 3965 1697 4021 funditus
1723 3967 1970 4036 perdere,
2001 3967 2093 4023 sed

511 4077 635 4118 cum
660 4064 947 4133 paulisper,
969 4062 1081 4116 Deo
1104 4060 1450 4124 meedente,
1476 4060 1745 4124 vicissent,
1771 4074 1956 4114 rursus
1973 4060 2090 4115 vin-

511 4155 789 4210 cebantur.
817 4151 1097 4220 Quomodo
1124 4161 1301 4206 autem
1332 4150 1720 4206 vincebantur?
1743 4150 1829 4206 «Ad
1858 4151 2091 4220 priorem

514 4244 826 4304 felicitatem
864 4245 1065 4300 Iudaeis
1116 4243 1530 4310 revertentibus.
1578 4241 1732 4309 Quod
1773 4242 1985 4311 quidem
2012 4244 2091 4297 si-

513 4335 774 4406 gniﬁcans
813 4335 948 4391 alius
975 4336 1238 4402 interpres
1257 4333 1418 4397 dixit,
1465 4332 1571 4388 Sed
1596 4347 1697 4385 non
1722 4333 2094 4400 pravaluerunt

509 4441 662 4496 super
678 4441 777 4480 me.
802 4426 857 4481 5.
873 4425 1046 4493 Supra
1060 4425 1269 4478 dorsum
1290 4438 1453 4476 meum
1476 4422 1844 4491 fabricaverunt
1865 4431 2097 4490 peccato-

509 4535 606 4585 res,
625 4518 1043 4588 prolongavmtnt
1053 4515 1365 4584 iniquitatem
1387 4529 1550 4568 suam.
1569 4512 1704 4581 Quid
1722 4511 1822 4568 hoc
1836 4515 1963 4569 est?
1978 4513 2092 4569 Neo

513 4620 737 4673 temere,
783 4608 973 4678 inquit,
1003 4617 1057 4661 et
1103 4608 1318 4660 fortuito
1345 4605 1746 4670 insidiabantur,
1791 4605 1882 4658 sed
1927 4605 2093 4660 multa

511 4685 870 4756 moliebantur
924 4707 980 4753 et
1022 4696 1487 4763 machinabantur,
1531 4695 1686 4750 dolos
1737 4704 2004 4750 struentes
2041 4704 2094 4751 et

511 4792 811 4848 clanculum
862 4789 1192 4845 invadentes.
1249 4787 1378 4844 illud
1425 4789 1564 4842 enim
1590 4828 1604 4853 ,
1663 4786 1838 4857 Supra
1881 4786 2089 4841 dorsum

509 4902 710 4953 menon,
741 4884 822 4940 vel
854 4882 1090 4938 fraudem
1128 4890 1184 4937 et
1224 4881 1580 4940 exulceratam
1629 4877 1880 4935 malitiam
1928 4879 2093 4948 signi-

509 4976 673 5042 licet;
687 4973 772 5028 vel
812 4975 920 5029 vim
949 4981 1004 5027 et
1026 4972 1362 5028 violentiam.
1412 4969 1523 5028 Hoc
1545 4976 1648 5034 est,
1690 4970 1937 5038 Aggressi
1967 4979 2092 5024 sunt

508 5082 684 5123 meum
713 5066 1008 5136 potentiam
1042 5061 1401 5130 confringere.
1451 5061 1601 5117 Alius
1642 5068 1818 5116 autem
1858 5075 1957 5129 pro
1999 5075 2097 5128 eo,

508 5158 922 5222 Fab-iocum,
977 5140 1146 5219 dixit,
1187 5152 1468 5207 Arauerunt
1518 5149 1632 5222 (ι),
1678 5160 1739 5205 ιιι
1783 5149 2092 5206 ostenderet

506 5248 739 5319 ipsos-in
766 5246 1016 5317 parandis
1034 5245 1180 5315 justo
1223 5243 1429 5299 insidiis
1455 5257 1672 5309 operam
1703 5256 1926 5311 ponere.
1952 5241 2085 5296 Pro-

505 5342 836 5413 longaommt
880 5338 1189 5404 iniquitatem
1237 5350 1400 5390 suam.
1451 5332 1590 5400 Quid
1629 5341 1713 5388 est
1749 5333 1890 5404 quod
1919 5333 2090 5390 dicit?

503 5429 753 5486 Ostendit
773 5445 873 5486 eos
894 5441 1000 5488 non
1020 5427 1193 5483 solum
1213 5441 1336 5482 cum
1353 5439 1554 5495 mgna
1582 5424 1781 5494 impetu
1806 5425 2085 5492 invasisse,

506 5523 605 5579 sed
632 5523 795 5579 etiam
817 5537 942 5578 eum
963 5534 1162 5592 magna
1193 5517 1607 5590 perseverantia,
1643 5526 1702 5572 ut
1726 5516 1817 5587 qui
1859 5517 2084 5573 multum

571 5635 645 5758 ω
671 5635 788 5746 ﬁt:
894 5633 974 5683 hic
996 5633 1239 5706 lutet-pres
1251 5630 1512 5681 aestimas.
1635 5691 1646 5704 Ι
1901 5691 1912 5704 _

571 5757 575 5758 ί
679 5757 687 5758 ί
879 5702 1160 5758 erpretatto,
1201 5699 1474 5753 manem,
1512 5698 1592 5743 est
1628 5698 1768 5754 Juxta
1791 5689 1912 5756 Aqui

519 5689 1160 5808 Τειὲζόιέῗὲῐξιὲξφηωὶὁ,
1201 5699 1474 5753 macerant,
1512 5698 1592 5743 est
1628 5691 1768 5754 juxta
1791 5689 2010 5756 Aquilam
2035 5697 2086 5740 et

2221 454 2476 522 temporis
2499 468 2562 508 ea
2593 453 2643 507 in
2664 469 2724 509 re
2738 465 3145 518 consumerent,
3170 467 3222 510 et
3243 457 3481 511 insidiari
3511 473 3668 511 suum
3688 475 3815 529 opus

2217 561 2337 602 esse
2358 547 2636 614 ducerent,
2681 548 2733 602 in
2765 563 2938 618 eoque
2965 549 3177 603 assidue
3219 549 3594 616 persisterent.
3630 551 3739 606 Sed
3769 553 3814 613 id

2217 637 2345 690 nihil
2374 640 2450 692 eis
2478 638 2693 708 profuit,
2719 654 2821 694 non
2842 641 3039 695 nostris
3066 641 3285 707 viribus,
3307 641 3397 695 sed
3431 642 3524 697 Dei
3556 647 3815 714 potentia,

2215 732 2480 785 coercitis.
2507 731 2765 797 Quocirca
2787 733 3077 788 ostendens
3096 750 3218 789 eum
3250 736 3336 799 qui
3369 737 3527 805 erigit
3553 745 3816 806 tropaeum

2215 830 2268 872 et
2292 824 2426 888 parit
2454 823 2750 889 victoriam,
2776 823 3047 892 subiunxit
3090 843 3104 879 :
3135 827 3189 879 4.
3213 825 3462 880 Dominus
3482 826 3666 896 justus
3693 844 3810 882 con-

2214 912 2335 965 cidit
2377 913 2588 968 cervices
2630 924 2967 983 peccatorum.
3002 916 3151 970 Alius
3181 927 3356 972 autem
3386 933 3510 987 pro.
3564 917 3806 986 Cervices,

2213 1002 2365 1068 dixit,
2403 1001 2589 1070 Funes,
2619 1007 2695 1075 (a)
2719 1006 3022 1075 significans
3052 1007 3289 1070 insidias,
3321 1009 3581 1072 insultus,
3607 1010 3813 1064 Inachio

2215 1095 2476 1148 nationes.
2510 1095 2673 1149 Recte
2704 1107 2882 1151 autem
2901 1096 3058 1163 dixit,
3084 1113 3210 1164 non,
3234 1099 3504 1162 Dissolvit,
3531 1100 3654 1164 sed,
3680 1100 3817 1153 Con-

2213 1184 2332 1236 cidit
2360 1200 2378 1238 :
2410 1193 2466 1237 ut
2492 1185 2660 1253 magis
2681 1185 3139 1242 ostendereteum
3167 1187 3216 1242 id
3241 1187 3454 1253 fecisse,
3487 1190 3812 1246 reddentem

2212 1290 2397 1329 eorum
2430 1277 2649 1331 consilia
2679 1279 2890 1346 penitus
2934 1279 3164 1332 inutilia.
3209 1281 3337 1333 Cum
3372 1281 3516 1335 enim
3551 1282 3816 1349 inciperet

2213 1381 2398 1420 rursus
2427 1368 2665 1422 construi
2693 1368 2900 1434 civitas,
2922 1369 3072 1423 multi
3101 1369 3335 1440 undique
3359 1371 3694 1426 invadebant
3717 1375 3805 1427 in-

2210 1456 2347 1510 vidia
2380 1459 2782 1514 extabescentes
2818 1478 2830 1512 :
2871 1474 2969 1514 nec
3002 1461 3052 1514 id
3094 1463 3262 1515 semel
3304 1471 3534 1528 tantum,
3579 1473 3675 1517 aut
3704 1463 3808 1528 bis,

2212 1545 2301 1597 Sf‘tl
2333 1562 2701 1613 saepenumero
2751 1548 3011 1603 fecerunt.
3045 1549 3156 1602 Hoc
3189 1551 3359 1618 ipsum
3407 1552 3574 1605 etiam
3630 1555 3814 1607 evenit

2213 1635 2263 1687 in
2297 1636 2554 1690 Ecclesia.
2585 1637 2715 1692 Cum
2766 1639 2908 1693 enim
2955 1640 3214 1709 inciperet
3239 1642 3441 1706 enasci,
3470 1657 3662 1697 omnes
3688 1660 3810 1698 eam

2209 1728 2420 1779 assidue
2449 1727 2810 1781 invadebant:
2848 1731 2897 1781 iu
2937 1730 3194 1799 principio
3221 1733 3436 1801 quidem
3483 1749 3663 1803 rcges,
3717 1751 3813 1804 po-

2212 1817 2342 1885 puli,
2377 1827 2429 1870 et
2455 1819 2662 1886 tyranni
2691 1835 2702 1870 :
2731 1830 2912 1888 postea
2933 1833 3110 1875 autem
3140 1822 3345 1875 insidite
3373 1823 3753 1879 hmreticorum
3793 1845 3808 1880 :

2209 1915 2264 1959 et
2294 1908 2579 1960 maximum
2607 1950 2620 1973 ,
2664 1913 2867 1964 varium
2918 1911 3301 1981 multiplexque
3339 1914 3538 1968 bellum
3572 1915 3810 1985 undique

2208 1999 2566 2053 suscitabatur
2599 2019 2609 2052 :
2651 2004 2746 2055 sed
2777 2012 2953 2057 tamen
2983 2018 3086 2056 non
3125 2005 3403 2072 prmvaluit
3445 2006 3584 2060 :sed
3626 2008 3809 2076 proﬂi-

2209 2091 2310 2156 gati
2343 2098 2465 2144 sunt
2483 2088 2680 2155 hostes,
2715 2093 2873 2147 ﬂoret
2893 2105 3067 2148 autem
3092 2095 3349 2148 Ecclesia.
3379 2096 3432 2150 5.
3462 2096 3811 2167 Confundet:-

2211 2191 2290 2233 tur
2319 2192 2364 2234 ct
2393 2192 2742 2237 convertantur
2770 2193 3046 2238 retrorsum
3084 2204 3255 2241 omnes
3292 2189 3379 2256 qui
3404 2189 3622 2242 oderunt
3654 2191 3804 2245 Sion.

2210 2274 2392 2339 Alius,
2441 2277 2804 2331 Subt'et'tantur
2849 2288 3119 2334 retrorsum
3147 2280 3237 2351 (b).
3269 2281 3324 2335 6.
3357 2281 3510 2335 Fiant
3549 2285 3680 2336 sicut
3710 2292 3808 2354 [ae-

2211 2382 2330 2417 mtm
2384 2375 2644 2431 tectorum,
2690 2369 2826 2437 quod
2877 2371 3172 2439 priusquam
3213 2373 3477 2437 evellatur,
3537 2378 3738 2428 exaruit
3790 2392 3810 2429 :

2208 2457 2257 2508 7.
2287 2457 2350 2510 de
2373 2474 2470 2526 quo
2495 2475 2597 2511 non
2621 2460 2846 2527 implevit
2877 2477 3083 2514 manum
3115 2479 3259 2515 suam
3289 2464 3374 2535 qui
3403 2465 3563 2516 metit.
3607 2467 3759 2519 Alius
3782 2506 3798 2530 ,

2211 2544 2450 2615 Pugnum
2477 2564 2648 2601 suum.
2679 2549 2746 2602 Et
2773 2551 2940 2604 sinum
2979 2568 3124 2605 suum
3146 2555 3229 2621 qui
3267 2555 3556 2622 manipulos
3583 2557 3802 2626 colligit.

2205 2638 2256 2690 8.
2286 2640 2347 2692 Et
2377 2657 2475 2692 non
2507 2640 2743 2694 dixerunt
2770 2644 2856 2712 qui
2876 2646 3215 2713 prazteribant,
3243 2644 3541 2699 Benedictio
3589 2647 3804 2701 Domini

2204 2749 2355 2799 super
2429 2748 2536 2787 eos.
2588 2732 2946 2788 Bcnediximus
2999 2737 3135 2789 vobis
3182 2737 3236 2788 in
3302 2737 3506 2790 nomine
3565 2737 3799 2791 Domini.

2207 2822 2649 2876 Adhortationem
2702 2826 3007 2891 precatione
3057 2825 3347 2890 concludit,
3396 2841 3462 2881 ex
3494 2828 3807 2884 narratione

2209 2913 2617 2980 pra-.teritorum,
2649 2925 2704 2969 et
2743 2930 2806 2968 ex
2837 2915 3080 2969 oratione
3109 2916 3404 2969 auditorem
3438 2915 3504 2970 ad
3535 2917 3806 2973 confiten-

2206 3001 2331 3054 dum
2358 3003 2651 3067 adducens,
2697 3014 2752 3059 et
2786 3006 3034 3073 injustam
3065 3005 3192 3060 belli
3242 3021 3456 3061 causam
3484 3009 3802 3064 ostendens.

2207 3095 2284 3148 Ex
2315 3095 2509 3150 invidia
2533 3097 2675 3152 enim
2721 3107 2774 3152 et
2811 3098 2936 3152 odio
2965 3098 3163 3154 bellum
3205 3113 3535 3170 suscepere:
3568 3113 3625 3157 et
3679 3104 3806 3159 ideo

2204 3190 2333 3244 dicit
2365 3209 2377 3242 :
2410 3188 2723 3244 Erubescant
2763 3201 2808 3244 et
2835 3202 3187 3246 convertantur
3210 3203 3483 3248 retrorsum
3513 3196 3688 3250 omnes
3714 3197 3808 3267 qui

2205 3279 2420 3335 oderunt
2449 3279 2598 3334 Sion.
2630 3279 2746 3334 Non
2778 3280 2975 3346 solum,
3006 3282 3199 3352 inquit,
3229 3283 3532 3348 vincantur,
3560 3285 3657 3340 sed
3684 3294 3804 3346 tur-

2205 3375 2344 3442 piter
2382 3383 2436 3428 et
2478 3373 2721 3429 ridicule.
2757 3374 2960 3428 Deinde
3002 3389 3130 3430 cum
3175 3375 3422 3442 dixisset,
3458 3375 3618 3431 Fiant
3669 3379 3806 3432 sicut

2204 3469 2394 3538 foenum
2414 3473 2676 3532 tectorum,
2705 3467 2943 3536 persistit
2970 3467 3022 3520 in
3043 3466 3408 3534 similitudine,
3427 3469 3540 3522 non
3557 3482 3654 3523 eos
3677 3477 3802 3524 tan-

2205 3565 2315 3611 tum
2336 3555 2481 3623 fmno
2502 3571 2842 3625 comparans,
2878 3555 2972 3611 sed
3018 3554 3164 3612 faeno
3187 3557 3330 3627 quod
3358 3565 3442 3612 est
3479 3572 3645 3628 supra
3696 3559 3801 3613 do-

2203 3660 2342 3702 mos.
2375 3646 2707 3716 Quamquam
2735 3645 2878 3700 enim
2925 3644 2979 3699 id
3026 3661 3240 3714 quoque
3267 3645 3412 3716 quod
3460 3656 3544 3702 est
3580 3649 3634 3702 in
3666 3663 3804 3719 agro

2202 3736 2408 3808 pingui,
2457 3735 2709 3793 celeriter
2760 3734 2988 3801 difﬂuit;
3050 3737 3240 3792 volens
3286 3747 3464 3792 tamen
3509 3741 3804 3798 ostendere

2203 3846 2363 3900 quam
2409 3838 2593 3886 essent
2629 3829 2766 3884 viles
2807 3828 3124 3896 adversarii,
3171 3844 3269 3886 eos
3318 3841 3596 3900 comparat
3654 3830 3805 3889 faeno

2203 3919 2346 3992 quod
2372 3929 2455 3975 est
2481 3933 2648 3990 super
2691 3918 2882 3975 domos
2914 3937 2928 3975 :
2960 3929 3018 3976 ut
3062 3922 3313 3992 utrinque
3342 3923 3593 3978 ostendat
3635 3939 3801 3994 quam

2203 4012 2310 4066 sint
2339 4010 2558 4082 fragiles
2586 4020 2642 4066 et
2695 4011 2905 4077 caduci,
2934 4028 3128 4082 nempe
3153 4022 3208 4066 et
3244 4028 3312 4067 ex
3343 4011 3470 4068 fmni
3501 4018 3716 4081 natura,
3743 4025 3804 4072 et

2203 4117 2269 4156 ex
2297 4113 2489 4156 natura
2537 4102 2662 4157 loci.
2695 4101 2874 4170 Tales,
2901 4103 3094 4172 inquit.
3125 4113 3250 4158 sunt
3279 4104 3507 4159 insultus
3535 4105 3798 4163 adversa-

2202 4192 2428 4260 riorum,
2457 4193 2550 4273 qui
2574 4206 2680 4247 non
2707 4192 2906 4248 habent
2931 4193 3191 4257 radicem,
3217 4208 3318 4250 nec
3341 4193 3750 4253 fundamentum
3782 4215 3796 4254 :

2201 4285 2293 4354 qui
2319 4285 2704 4353 aliquantisper
2727 4283 2946 4354 quidem
2968 4284 3218 4340 videntur
3238 4284 3452 4351 ﬂorere,
3481 4297 3665 4355 postea
3700 4304 3801 4343 au-

2205 4383 2313 4429 tem
2341 4374 2698 4444 deficiunt,'et
2725 4391 2792 4430 ex
2829 4376 3021 4446 seipsis
3069 4376 3342 4432 excidunt.
3376 4376 3522 4436 Talis
3547 4387 3635 4433 est
3672 4395 3800 4450 pro-

2203 4468 2432 4536 speritas
2453 4483 2639 4523 eorum
2665 4468 2756 4538 qui
2792 4467 2978 4523 vivunt
3007 4469 3060 4530 in
3091 4469 3319 4536 scelere,
3346 4471 3466 4530 talis
3485 4471 3800 4539 iucunditas

2202 4573 2381 4613 rerum
2411 4558 2568 4628 hujus
2595 4559 2753 4613 vitae:
2781 4559 2940 4614 simul
2963 4560 3108 4614 enim
3138 4569 3194 4614 et
3227 4559 3464 4615 cernitur
3489 4572 3545 4616 et
3586 4561 3796 4627 interit,

2203 4659 2261 4704 ut
2285 4665 2404 4720 qute
2429 4650 2531 4719 nec
2558 4649 2751 4705 habeat
2771 4650 3178 4706 fundamentum
3200 4651 3440 4722 aliquod,
3469 4667 3572 4707 nec
3601 4662 3796 4722 potem

2201 4741 2350 4796 tiam.
2382 4741 2452 4796 Et
2498 4741 2622 4797 ideo
2649 4757 2755 4796 non
2785 4750 2870 4797 est
2917 4742 2996 4796 eis
3039 4742 3376 4798 adhibendus
3407 4744 3645 4807 animus,
3697 4745 3794 4800 sed

2200 4831 2588 4888 considerando
2627 4847 2786 4902 quam
2826 4834 2935 4887 sint
2973 4831 3139 4887 ﬂuxa:
3176 4842 3232 4888 et
3278 4830 3493 4888 caducae
3518 4873 3532 4896 ,
3582 4832 3800 4890 deside-

2203 4925 2386 4982 randa;
2414 4933 2540 4986 sunt
2572 4940 2662 4981 res
2697 4933 2934 4992 atteram,
2979 4925 3331 4992 immortales,
3376 4924 3701 4994 immobiles,
3741 4939 3800 4984 et

2200 5020 2253 5075 in
2277 5034 2410 5091 quas
2435 5019 2581 5075 nulla
2606 5017 2751 5074 cadit
2780 5018 3008 5073 mutatio
3041 5035 3055 5071 :
3081 5033 3213 5087 quas
3241 5017 3403 5073 detur
3431 5017 3590 5073 nobis
3613 5021 3796 5075 omni-

2198 5113 2299 5169 bus
2328 5112 2606 5184 consequi,
2661 5112 2830 5181 gratia
2881 5121 2937 5166 et
2975 5111 3302 5182 benignitate
3355 5111 3566 5166 Domini
3622 5113 3793 5168 nostri

2199 5206 2326 5262 Jesu
2353 5205 2575 5272 Christi,
2605 5219 2727 5261 cum
2757 5219 2866 5276 quo
2895 5204 3038 5260 Patri
3074 5205 3241 5275 gloria
3271 5203 3434 5261 simul
3456 5219 3581 5261 cum
3601 5216 3795 5262 sancto

2199 5299 2420 5371 Spiritu,
2451 5299 2506 5355 in
2535 5298 2731 5355 sarcula
2759 5284 3100 5354 saeculorum.
3127 5298 3320 5352 Amen.

2195 5452 2476 5565 nim
2495 5446 3150 5514 interpretatiu,flm,est
3181 5445 3562 5512 juxtaAqutlam
3589 5452 3643 5496 et
3663 5455 3795 5513 Sym-

2259 5551 2507 5637 233mm
2527 5585 2676 5638 quem
2697 5572 2762 5622 sit
2791 5571 2888 5638 illa
2916 5572 3277 5638 interpretatio
3298 5571 3605 5634 ignoramus;
3627 5571 3792 5621 παι-ι.

2196 5631 2522 5702 mus'quoque
2540 5631 2682 5698 juxta
2702 5645 2853 5696 quem
2875 5631 2997 5684 infra
3022 5631 3220 5684 versum
3238 5631 3580 5696 ιίιίριιφωπ.
