4086 6444
209 421 332 478 8⁸13

665 533 732 590 ΙΝ
780 529 1101 590 ρεΑιΜωι
1149 527 1387 584 CXXIX.

209 675 240 729 Ι
259 715 273 729 .
309 672 386 728 De
405 672 673 743 profundis
696 667 910 722 clamaui
924 665 992 719 ad
1006 675 1074 730 te,
1102 662 1350 717 Domine:
1374 661 1607 726 Domine,
1634 658 1821 714 exaudi

820 772 987 811 uocem
1034 771 1218 809 meam.

291 897 342 949 i.
381 893 718 962 Profunditas
746 905 970 959 precum.
997 916 1072 928 —
1093 884 1234 954 Quid
1261 891 1364 947 est,
1393 881 1474 936 De
1506 879 1818 952 profundis?

223 987 337 1041 Non
384 984 520 1038 dixit
557 979 917 1044 solummodo,
951 979 1026 1034 Ex
1054 992 1169 1040 ore,
1221 989 1396 1043 neque
1453 970 1812 1035 solummodo,

189 1075 294 1130 Ex
324 1074 538 1143 lingua;
571 1086 691 1124 nam
719 1063 935 1124 errante
971 1067 1133 1120 etiam
1179 1074 1360 1118 meme
1383 1063 1544 1118 verba
1573 1061 1814 1115 fundun-

213 1176 338 1227 tur;
367 1161 496 1224 sed.
528 1160 608 1216 Ex
651 1160 818 1214 corde
848 1155 1284 1228 profundissimo,
1315 1169 1436 1209 cum
1469 1167 1664 1223 magno
1694 1161 1810 1206 stu-

208 1255 324 1314 dio,
361 1261 420 1308 et
455 1266 645 1321 magna
671 1249 834 1304 animi
882 1247 1175 1310 alacritate,
1203 1261 1269 1300 ex
1312 1244 1670 1314 ipsismentis
1719 1258 1813 1312 pe-

211 1343 535 1399 netralibus.
565 1341 722 1396 Tales
751 1347 875 1395 sunt
910 1337 1055 1394 enim
1100 1337 1263 1391 animi
1310 1351 1496 1390 eorum
1541 1335 1631 1405 qui
1676 1333 1813 1388 affli-

208 1442 458 1503 guntur:
500 1431 806 1485 universum
853 1443 948 1482 cor
989 1440 1172 1482 secum
1219 1433 1594 1489 commovent,
1642 1425 1808 1480 Deum

212 1527 532 1578 invocantes
559 1537 680 1576 cum
712 1534 902 1590 magna
927 1519 1342 1588 compunctione
1372 1533 1385 1568 :
1418 1525 1473 1570 et
1501 1515 1623 1570 ideo
1647 1516 1806 1570 etiam

209 1614 524 1671 audiuntur.
549 1611 706 1666 Tales
730 1611 875 1664 enim
902 1623 1092 1679 preces
1118 1621 1364 1677 magnam
1387 1604 1586 1660 habent
1617 1614 1807 1676 poten—

216 1704 367 1769 tiam,
399 1714 454 1756 ut
483 1717 602 1770 qum
643 1714 816 1770 neque
863 1697 1262 1763 subvertantur,
1293 1710 1464 1766 neque
1489 1697 1807 1761 concutian-

213 1802 320 1856 tur,
353 1793 453 1847 etsi
479 1805 572 1846 eas
597 1790 842 1844 diabolus
871 1801 1067 1859 magno
1105 1788 1308 1858 impetu
1338 1787 1570 1842 invadat.
1602 1788 1796 1855 Quem-

210 1881 501 1936 admodum
555 1880 698 1934 enim
747 1877 909 1934 arbor
959 1877 1168 1944 valida,
1216 1885 1273 1933 et
1317 1893 1438 1948 qua:
1483 1878 1536 1933 in
1583 1878 1804 1936 multam

209 1970 624 2042 profunditatem
653 1979 809 2023 terrm
838 1968 947 2038 agit
975 1967 1204 2032 radices,
1256 1968 1479 2038 ejusque
1526 1968 1677 2024 sinus
1704 1969 1802 2023 de-

208 2060 394 2125 vincit,
423 2059 594 2114 cuivis
615 2066 894 2114 ventorum
917 2058 1135 2128 impetui
1159 2058 1394 2122 resistit;
1427 2074 1547 2129 quae
1571 2061 1622 2113 in
1647 2070 1804 2118 term

205 2159 392 2210 autem
425 2164 632 2204 summa
683 2149 967 2218 superficie
983 2150 1084 2204 sita
1111 2160 1212 2215 est,
1263 2149 1308 2203 si
1351 2150 1605 2217 qumlibet
1643 2165 1801 2219 parva

203 2255 340 2296 aura
363 2240 682 2304 incubuerit,
711 2239 1082 2305 labefactatur,
1129 2249 1186 2294 et
1230 2239 1488 2294 radicitus
1515 2240 1696 2296 evulsa
1718 2241 1803 2311 ja-

203 2341 298 2388 cet
340 2331 488 2386 humi
517 2349 531 2385 :
564 2332 633 2385 ita
683 2332 842 2385 etiam
891 2345 1078 2401 preces
1107 2344 1225 2400 qua:
1255 2329 1322 2384 ab
1370 2330 1480 2386 imo
1507 2332 1803 2387 ascendunt

203 2431 263 2477 et
291 2430 520 2492 egerunt
546 2421 758 2476 radices
787 2421 841 2475 in
869 2419 1153 2492 profundo,
1178 2420 1390 2476 etiamsi
1431 2421 1800 2476 innumerabi-

207 2513 288 2568 les
313 2513 558 2568 venerint
583 2513 938 2584 cogitationes
959 2555 981 2583 ι
1005 2513 1220 2567 etiamsi
1249 2514 1505 2568 instructa
1557 2521 1663 2568 tota
1689 2513 1803 2568 dia-

205 2601 320 2658 boli
346 2604 510 2669 acies,
538 2602 709 2659 firmae
739 2612 956 2658 manent
984 2612 1039 2659 et
1075 2602 1316 2671 stabiles,
1339 2613 1392 2658 et
1410 2604 1628 2659 minime
1649 2620 1801 2660 ever-

207 2703 395 2748 tuntur
423 2710 581 2764 :qute
609 2704 787 2750 autem
811 2709 876 2748 ex
907 2709 1000 2748 ore
1025 2703 1080 2749 et
1104 2693 1256 2748 labiis
1277 2695 1594 2764 procedunt,
1619 2703 1673 2749 et
1693 2710 1799 2750 non

203 2785 278 2840 ab
329 2786 441 2840 imo
481 2786 804 2853 ascendunt,
864 2801 932 2840 ne
974 2794 1199 2856 possunt
1242 2785 1456 2855 quidem
1507 2785 1575 2840 ad
1633 2786 1799 2842 Deum

203 2877 519 2943 ascendere,
553 2886 773 2948 propter
800 2878 918 2947 ejus
945 2879 1034 2949 qui
1065 2878 1276 2933 accedit
1312 2878 1633 2933 socordiam.
1665 2878 1799 2933 Eum

205 2969 352 3024 enim
402 2970 491 3040 qui
537 2970 658 3024 talis
699 2979 804 3035 est,
847 2969 961 3025 sive
993 2969 1155 3025 fuerit
1195 2969 1387 3039 aliquis
1434 2971 1710 3039 strepitus,
1755 2970 1802 3024 is

206 3061 382 3133 ipsum
408 3062 695 3126 everterit;
725 3062 839 3117 sive
869 3063 1141 3127 tumultus,
1185 3062 1254 3117 ab
1294 3062 1537 3116 oratione
1561 3062 1800 3116 abduxe-

205 3154 324 3209 rit:
371 3164 426 3209 et
464 3169 528 3208 os
564 3154 779 3224 quidem
827 3163 1064 3217 resonat,
1097 3168 1192 3208 cor
1235 3168 1360 3208 vero
1385 3162 1465 3208 est
1517 3155 1696 3219 inane,
1744 3162 1802 3207 et

201 3243 320 3300 sola
345 3260 409 3300 ac
435 3246 648 3300 deserta
692 3245 963 3316 cogitatio.
996 3247 1067 3300 At
1097 3248 1265 3300 sancti
1294 3262 1400 3301 non
1430 3246 1509 3301 sic
1536 3246 1785 3315 orabant,

201 3335 301 3390 sed
328 3350 451 3390 cum
473 3346 622 3390 tanto
651 3337 828 3391 studio
847 3352 910 3392 ac
931 3336 1294 3402 vehementia,
1322 3346 1381 3392 ut
1416 3339 1578 3398 etiam
1627 3349 1797 3394 totum

201 3438 404 3495 corpus
448 3425 799 3480 innectereut.
831 3426 1024 3482 Beatus
1054 3428 1234 3498 itaque
1275 3427 1455 3486 Helias
1499 3444 1661 3483 orans
1690 3431 1800 3501 pri-

199 3531 352 3571 mum
391 3518 607 3587 quidem
634 3518 884 3588 qutusivit
910 3518 1252 3574 solitudinem
1288 3519 1521 3576 :deinde
1544 3535 1666 3577 cum
1703 3537 1800 3592 po-

199 3609 400 3664 suisset
444 3618 604 3678 caput
634 3611 776 3665 inter
812 3626 982 3681 genua
1006 3653 1022 3679 ,
1054 3620 1112 3666 et
1155 3612 1392 3686 seipsum
1431 3628 1552 3668 cum
1603 3630 1799 3685 magno

197 3699 400 3755 ardore
421 3700 734 3757 incenderet
758 3743 773 3768 ,
803 3702 874 3756 ita
908 3702 1162 3761 fundebat
1206 3719 1391 3774 preces
1418 3704 1512 3775 (3.
1542 3706 1670 3778 Reg.
1705 3709 1791 3763 18.

198 3791 272 3846 42
292 3791 332 3862 ).
356 3791 410 3850 Si
443 3793 522 3850 vis
561 3803 736 3848 autem
782 3809 904 3848 eum
934 3795 1094 3851 etiam
1121 3795 1305 3851 videre
1334 3805 1537 3851 rectum
1565 3808 1793 3853 stantem

200 3881 254 3935 in
285 3882 550 3943 oratione.
581 3882 702 3937 vide
727 3899 848 3938 eum
877 3899 1062 3939 rursus
1085 3896 1364 3940 extensum
1395 3900 1560 3956 usque
1598 3887 1663 3942 ad
1692 3904 1794 3943 cae-

199 3972 338 4040 lum,
350 3982 404 4028 et
435 3975 504 4027 ita
533 3985 812 4031 extensum
838 3987 892 4030 ut
921 3978 1079 4032 etiam
1110 3978 1284 4048 ignem
1319 3993 1350 4033 e
1377 3979 1514 4034 caelo
1541 3980 1797 4050 dejiceret

195 4061 366 4131 (Ibid.
409 4079 456 4116 υ.
489 4063 722 4136 56-58).
756 4066 828 4120 Ita
876 4067 1036 4121 etiam
1068 4067 1284 4138 quando
1327 4069 1491 4122 voluit
1533 4073 1795 4136 suscitare

198 4152 371 4207 filium
401 4154 573 4209 vidua:
597 4196 612 4220 ,
651 4172 773 4210 cum
801 4165 968 4212 totum
1013 4159 1644 4232 seipsumzexpandisset,
1674 4180 1791 4218 eam

195 4249 368 4305 edidit
399 4254 852 4310 resurrectionem
875 4297 890 4324 ,
938 4273 1047 4312 non
1084 4257 1285 4314 fractus
1310 4299 1326 4326 ,
1357 4275 1530 4330 neque
1557 4262 1792 4318 oscitans

194 4343 338 4399 sicut
375 4359 494 4411 nos,
537 4347 630 4401 sed
660 4349 824 4402 animi
871 4350 923 4403 in
966 4351 1172 4412 orando
1212 4353 1490 4417 alacritate
1542 4353 1791 4410 incensus

195 4435 296 4503 (5.
330 4437 457 4507 Reg.
489 4439 577 4493 i7.
625 4439 869 4511 19-22).
915 4441 1051 4510 Quid
1091 4453 1268 4500 autem
1314 4445 1437 4502 dico
1480 4447 1682 4506 Heliam
1736 4460 1793 4507 et

195 4537 411 4584 sanctos
440 4529 597 4584 illos?

270 4617 514 4672 Mulieres
559 4619 792 4689 quadam
826 4637 943 4676 cum
981 4623 1219 4698 lacrumis
1261 4630 1518 4696 precando
1547 4671 1562 4695 ,
1615 4639 1789 4699 optata

194 4710 502 4778 impetrant;
538 4708 671 4765 Ister
698 4729 786 4766 seu
815 4712 1081 4768 Danubius
1129 4732 1265 4786 stupe
1305 4717 1469 4790 glaeie
1495 4721 1786 4785 concrescit.

192 4826 265 4841 -—
296 4798 413 4853 Vidi
439 4814 583 4869 saepe
609 4803 863 4858 mulieres
887 4814 1108 4874 propter
1129 4807 1302 4862 virum
1354 4811 1787 4879 peregrinantem

192 4899 248 4944 et
271 4889 527 4946 infantem
577 4903 927 4962 aegrotantem
956 4895 1027 4951 ita
1056 4896 1123 4951 de
1148 4899 1426 4967 profundis
1451 4911 1666 4965 orantes
1685 4943 1700 4968 ,
1732 4912 1789 4964 et

196 4987 373 5033 tantos
400 4979 578 5036 fontes
598 4983 952 5054 lacrymarum
979 4988 1305 5056 emittentes,
1340 5001 1396 5045 ut
1427 4994 1642 5048 tandem
1671 4996 1784 5050 voti

195 5069 279 5125 sui
305 5081 491 5125 essent
524 5081 825 5143 compotes.
870 5076 923 5131 Si
951 5086 1132 5132 autem
1179 5081 1431 5136 mulieres
1473 5084 1542 5138 ita
1572 5084 1783 5140 inﬂam-

195 5173 417 5216 mantur
445 5161 495 5216 in
539 5165 874 5245 orationibus
909 5180 1006 5234 pro
1035 5168 1151 5222 viro
1188 5180 1243 5224 et
1285 5171 1507 5239 infante,
1538 5191 1784 5245 quamam

193 5252 315 5307 viro
341 5253 494 5305 venia
541 5244 773 5318 dabitur,
820 5257 911 5326 qui
957 5257 1133 5312 anima
1174 5271 1349 5316 morte
1379 5244 1566 5319 affecta
1609 5266 1786 5322 mollis

193 5350 273 5397 ut
296 5350 352 5396 et
381 5343 694 5412 languidus?
721 5343 860 5399 Hinc
893 5347 1069 5416 itaque
1116 5347 1192 5412 fit,
1232 5361 1288 5404 ut
1324 5365 1446 5406 cum
1486 5367 1629 5422 saepe
1658 5369 1784 5410 ore-

193 5447 334 5497 mus,
365 5447 553 5487 rursus
581 5434 772 5490 inanes
799 5446 1152 5492 revertamur.
1174 5441 1310 5495 Audi
1329 5444 1600 5511 quomodo
1623 5447 1779 5501 Anna

193 5523 384 5580 orabat
416 5523 484 5578 de
538 5524 812 5593 profundis
832 5566 848 5593 ,
876 5529 1172 5596 cujusmodi
1207 5530 1379 5587 fontes
1426 5533 1782 5606 lacrymarum

191 5617 503 5682 sustinebat,
546 5618 815 5687 quomodo
866 5634 961 5688 per
1010 5623 1305 5680 orationem
1350 5627 1680 5688 ,evehebatur
1724 5630 1781 5686 in

189 5708 418 5764 sublime
444 5705 521 5779 (1.
553 5708 679 5781 Reg.
725 5711 778 5764 i.
826 5712 911 5767 10.
949 5711 1059 5783 Η).
1098 5715 1197 5782 Qui
1235 5719 1378 5775 enim
1410 5721 1480 5775 ita
1508 5735 1777 5794 precatur,

193 5799 348 5857 etiam
396 5809 684 5872 antequam
715 5812 1077 5873 consequatur
1097 5804 1242 5876 quod
1265 5804 1532 5880 postulat,
1555 5831 1622 5871 ex
1652 5832 1776 5874 om.

1336 408 1697 466 EXPOSITIO
1738 407 1804 463 iN
1846 406 2171 465 PSAIMUM
2209 409 2452 479 CXXIX.

3421 417 3524 471 δτι

1930 523 2074 583 tione
2101 539 2289 592 magna
2319 524 2459 580 bona
2489 526 2735 597 percipit,
2758 542 2949 584 omnes
2977 529 3138 583 animi
3167 529 3520 599 perturbatio.

1926 629 2022 669 nes
2069 615 2388 684 reprimens,
2441 616 2575 670 iram
2619 616 2854 684 sedans,
2906 617 3159 674 invidiam
3202 618 3521 688 expellens,

1923 704 2264 773 cupiditatem
2295 706 2638 775 exstinguens
2658 748 2675 774 ,
2719 723 2897 761 rerum
2928 707 2995 762 ad
3042 709 3204 763 vitam
3241 710 3521 779 pertinen-

1925 796 2056 850 tium
2101 810 2342 852 amorem
2379 797 2679 852 diminuens
2726 807 2781 852 et
2826 799 3140 862 exsiccans,
3177 799 3415 856 animum
3466 803 3521 858 in

1922 899 2117 962 magna
2163 887 2546 955 tranquillitate
2588 888 2941 951 constituens.
2974 889 3027 944 in
3061 889 3234 961 ipsum
3287 890 3520 962 denique

1919 959 2114 1032 cadum
2163 977 2485 1033 ascendens.
2514 975 2979 1051 Quemadmodum
3011 959 3156 1036 enim
3205 981 3383 1052 pluvia
3415 959 3519 1041 du-

1918 1084 2035 1123 ram
2067 1077 2266 1125 terram
2293 1110 2310 1133 ,
2338 1069 2391 1122 in
2423 1083 2585 1139 quam
2617 1069 2838 1135 decidit,
2870 1071 2953 1125 vel
3000 1071 3134 1141 ignis
3161 1071 3364 1127 ferrum
3391 1073 3519 1130 mol-

1918 1159 1979 1214 lit
2010 1179 2023 1214 :
2056 1161 2128 1216 ita
2156 1161 2300 1216 vitiis
2327 1154 2637 1217 induratum
2663 1163 2902 1217 animum
2945 1163 3068 1220 talis
3107 1165 3284 1221 oratio
3311 1158 3368 1221 et
3395 1165 3519 1236 igne

1918 1250 2311 1315 vehementius,
2339 1261 2394 1308 et
2421 1253 2703 1324 plusquam
2734 1254 2909 1324 pluvia
2934 1257 3106 1310 mollit
3134 1264 3190 1311 et
3217 1257 3514 1313 humectat.

1915 1339 2012 1395 Est
2039 1339 2183 1395 enin.
2212 1341 2390 1397 anima
2415 1352 2604 1399 tenera
2634 1353 2688 1398 et
2729 1343 2794 1398 ad
2829 1343 3135 1415 fingendum
3167 1346 3342 1413 facilis
3375 1366 3389 1404 :
3420 1350 3512 1404 sed

1913 1430 2054 1499 quod
2095 1429 2215 1486 lstri
2249 1447 2402 1501 aqua:
2452 1448 2597 1502 saepe
2640 1435 2842 1502 evenit,
2894 1445 2951 1489 ut
2974 1435 3146 1506 glacie
3173 1452 3511 1506 concrescat,

1913 1523 1964 1576 id
1993 1525 2154 1576 etiam
2199 1538 2397 1579 nosme
2419 1526 2614 1582 accidit
2647 1527 2861 1591 animm,
2919 1537 2980 1581 ut
3019 1544 3050 1583 a
3095 1541 3320 1601 peccato
3347 1541 3403 1586 et
3421 1544 3512 1595 so-

1911 1613 2092 1667 cordia
2143 1613 2454 1688 indurescat
2504 1626 2559 1672 et
2597 1617 2910 1687 lapidescat.
2953 1620 3146 1691 Magno
3187 1637 3317 1693 ergo
3357 1623 3512 1679 nobis

1910 1706 2090 1760 calore
2114 1721 2252 1775 opus
2272 1716 2373 1771 est,
2404 1715 2463 1763 ut
2487 1708 2631 1778 quod
2657 1709 2848 1765 durum
2873 1721 2956 1765 est
2975 1711 3241 1768 emolliat.
3268 1713 3384 1775 Hoc
3413 1729 3512 1770 au.-

1910 1803 2019 1852 tem
2066 1797 2298 1852 maxime
2340 1798 2504 1854 efficit
2541 1801 2733 1856 oratio.
2781 1803 3009 1870 Quando
3037 1819 3168 1876 ergo
3208 1808 3507 1864 orationem

1908 1886 2237 1957 aggrederis,
2269 1904 2336 1944 ne
2369 1889 2470 1945 hoc
2499 1890 2674 1947 solum
2703 1908 2915 1966 qttzeras
2947 1904 3004 1948 ut
3027 1895 3171 1971 quod
3203 1897 3340 1966 petis
3357 1899 3500 1957 acci-

1909 1978 2025 2048 pias
2054 1998 2068 2034 :
2100 1980 2195 2036 sed
2225 1981 2388 2037 etiam
2431 1991 2489 2038 ut
2537 1984 2589 2038 in
2623 1984 2737 2054 ipsa
2781 1987 3028 2042 oratione
3079 1989 3314 2045 animam
3361 1999 3507 2050 tuam

1908 2071 2185 2126 meliorem
2212 2072 2435 2128 efficias.
2466 2073 2598 2129 Nam
2628 2074 2732 2131 hoc
2751 2091 2964 2147 quoque
2987 2087 3071 2133 est
3097 2096 3291 2134 munus
3310 2081 3508 2143 oratio-

1906 2159 2011 2215 nis.
2031 2161 2132 2229 Qui
2164 2163 2240 2232 ita
2264 2172 2402 2230 orat,
2431 2165 2488 2219 fit
2518 2166 2584 2221 iis
2610 2182 2729 2237 qua:
2759 2167 2823 2222 ad
2853 2167 2995 2224 hanc
3022 2171 3184 2225 vitam
3206 2172 3500 2241 pertinent.

1906 2254 2169 2324 superior,
2189 2266 2368 2312 mente
2387 2243 2681 2325 extollitur,
2699 2258 2875 2315 levem
2901 2260 3077 2316 reddit
3095 2263 3498 2333 cogitationem,

1905 2347 2051 2402 nulla
2104 2349 2506 2418 perturbatione
2553 2353 2718 2407 animi
2759 2353 3067 2423 impeditur.
3117 2353 3197 2409 De
3235 2358 3506 2430 proftmdis

1903 2437 2120 2494 clamavi
2157 2439 2228 2493 ad
2253 2450 2333 2507 te,
2362 2438 2600 2496 Domine.
2633 2442 2748 2498 Duo
2795 2443 2882 2499 hic
2908 2445 3083 2514 ponit,
3115 2454 3172 2501 et
3220 2445 3372 2512 illud,
3424 2446 3504 2505 De

1904 2528 2198 2600 profundis,
2230 2537 2286 2587 et
2308 2530 2431 2595 hoc,
2453 2533 2774 2589 clamavisse
2806 2552 2820 2589 :
2851 2536 3149 2592 clamorem
3179 2553 3287 2592 non
3320 2537 3505 2593 dicens

1904 2626 2092 2674 tonum
2122 2621 2287 2687 vocis,
2319 2619 2417 2683 sed
2455 2623 2797 2682 affectionem
2841 2626 3026 2689 animi.
3057 2627 3292 2695 Domine,
3318 2631 3504 2684 exaudi

1904 2725 2076 2765 vocem
2126 2728 2310 2768 meam.
2344 2713 2481 2770 Hinc
2520 2715 2627 2772 duo
2656 2715 2933 2784 discimus,
2974 2732 3168 2789 nempe
3197 2733 3298 2775 nos
3324 2734 3356 2775 ι
3392 2720 3505 2777 Deo

1914 2803 2162 2859 absolute
2192 2803 2485 2875 impetrare
2509 2821 2614 2868 non
2634 2821 2816 2878 posse,
2836 2809 2938 2864 nisi
2967 2817 3150 2865 nostra
3171 2824 3385 2880 quoque
3410 2810 3505 2866 ad.

1904 2893 2106 2954 fuerint
2135 2914 2150 2952 :
2180 2899 2432 2968 quocirca
2466 2899 2613 2970 prius
2652 2901 2802 2968 dicit,
2843 2900 2924 2956 De
2949 2903 3223 2973 profundis
3260 2902 3499 2972 clamavi,

1905 2997 1959 3043 et
1987 2995 2134 3056 tunc,
2163 2986 2376 3045 Exaudi
2405 2990 2648 3057 :deinde
2673 2993 2973 3052 orationem
3003 2993 3292 3059 infensam,
3337 2993 3500 3050 vehe-

1905 3090 2164 3145 mentem,
2195 3089 2250 3138 et
2278 3081 2492 3150 plenam
2523 3082 2776 3155 lacrymis
2805 3085 3258 3154 compunctionis,
3279 3100 3502 3157 magnas

1905 3169 2106 3226 habere
2138 3171 2279 3232 vires
2322 3171 2431 3225 lteo
2459 3173 2836 3242 persuadendi,
2888 3184 2948 3231 ut
2987 3174 3052 3230 iis
3079 3190 3201 3245 qua:
3250 3175 3503 3233 dicuntur

1902 3269 2123 3314 annuat.
2150 3261 2442 3333 Tamquam
2471 3264 2616 3318 enim
2643 3279 2895 3334 magnum
2925 3273 2981 3319 et
3016 3265 3330 3336 prteclarum
3372 3268 3499 3338 quid

1903 3349 2142 3416 fecisset,
2191 3358 2248 3406 et
2300 3361 2483 3420 partes
2527 3365 2673 3408 suas,
2710 3353 3006 3423 implesset,
3065 3355 3135 3409 ita
3180 3356 3497 3427 subjnnxit:

1902 3439 2140 3508 Domine,
2163 3441 2352 3496 exaudi
2373 3458 2542 3496 uocem
2562 3445 2744 3498 meam.
2768 3445 2825 3502 2.
2851 3444 3005 3501 Fiant
3030 3462 3178 3503 aures
3204 3458 3308 3502 tua:
3331 3449 3494 3510 inten-

1900 3532 2074 3586 dentes
2116 3533 2169 3586 in
2209 3548 2378 3588 vocem
2431 3535 2802 3605 deprecationis
2841 3554 2990 3594 metu.
3038 3539 3210 3595 Aures
3236 3540 3368 3597 dicit
3406 3558 3502 3597 au-

1899 3624 2079 3680 diendi
2105 3624 2405 3700 facultatem
2434 3646 2448 3683 :
2475 3639 2529 3683 et
2553 3645 2742 3686 rursus
2763 3647 2951 3689 vocem
2994 3650 3101 3690 non
3135 3635 3497 3694 intensionom

1873 3756 1875 3758 -
1903 3717 2148 3787 spiritus,
2179 3733 2281 3774 nec
2308 3719 2599 3777 clamorem
2643 3724 2971 3794 significans,
3001 3726 3096 3782 sed
3129 3729 3395 3785 intensam
3422 3731 3498 3788 af-

1899 3809 2209 3874 fectionem.
2250 3811 2306 3867 5.
2336 3810 2398 3866 Si
2425 3813 2715 3882 iniquitates
2743 3815 3100 3885 observaveris,
3124 3818 3361 3887 Domine,
3391 3821 3497 3877 Do-

1899 3901 2054 3968 mine,
2079 3901 2192 3970 quis
2219 3903 2524 3957 sustinebit?
2549 3903 2628 3959 Ne
2655 3906 2774 3976 quis
2801 3908 2944 3962 enim
2972 3908 3133 3977 dicat,
3156 3911 3285 3966 Sum
3310 3927 3498 3983 pecca-

1901 4001 2022 4060 tor,
2051 4003 2106 4049 et
2149 3994 2338 4064 plenus
2390 3997 2546 4056 malis
2593 3998 3094 4070 innumerabilibus,
3141 4019 3249 4060 non
3278 4020 3496 4080 possum

1898 4088 2179 4153 accedere,
2234 4103 2411 4156 orare,
2457 4100 2513 4146 et
2555 4089 2724 4153 Deum
2781 4094 3056 4161 invocare,
3105 4095 3246 4151 hanc
3297 4096 3496 4152 tollens

1898 4179 2326 4249 excusationem,
2355 4179 2416 4236 Si
2443 4181 2735 4249 iniquitates
2773 4183 3132 4252 observaveris,
3163 4188 3355 4260 inquit,
3385 4189 3496 4246 Do-

1898 4270 2051 4335 mine,
2081 4269 2318 4338 Domine,
2359 4274 2470 4342 quis
2505 4274 2807 4341 sustinebit?
2832 4274 2964 4342 Nam
3015 4278 3164 4348 illud,
3204 4279 3351 4351 Quis,
3405 4283 3491 4336 hic

1896 4361 2075 4419 nullus
2097 4368 2201 4417 est.
2232 4363 2415 4434 Neque
2439 4365 2581 4424 cnim
2620 4363 2734 4420 fieri
2761 4375 2958 4435 potest,
2989 4377 3047 4422 ut
3069 4369 3114 4424 si
3162 4386 3342 4428 rerum
3369 4386 3403 4427 ι
3433 4389 3498 4440 ae

1893 4454 2168 4523 gestarum
2195 4468 2406 4512 summo
2431 4455 2553 4524 jure
2579 4456 2648 4512 ab
2693 4457 2799 4512 ullo
2826 4457 3071 4527 exigatur
3119 4465 3278 4530 ratio,
3325 4465 3493 4533 possit

1894 4559 2148 4613 umquam
2183 4545 2612 4603 misericordiam
2647 4557 2702 4614 et
2729 4552 3068 4619 clementiam
3095 4556 3370 4626 consequi.

1961 4637 2017 4695 2.
2049 4637 2178 4702 Haec
2197 4649 2377 4700 autem
2406 4640 2656 4709 dicimus,
2684 4660 2791 4700 non
2821 4646 3162 4716 impellentes
3182 4649 3395 4712 animos
3429 4653 3481 4706 in

1893 4727 2217 4794 meordiam,
2241 4730 2336 4792 sed
2357 4744 2453 4795 eos
2474 4734 2840 4802 consolantes,
2865 4737 2955 4807 qui
2983 4736 3182 4794 cadunt
3212 4739 3265 4795 in
3291 4741 3483 4810 ἀείρεο

1893 4819 2179 4876 rationem.
2233 4819 2359 4892 Quis
2395 4823 2530 4886 enim
2573 4825 2872 4894 gloriabitur
2917 4844 2973 4882 se
3013 4830 3261 4885 mundum
3309 4831 3490 4897 habere

1893 4923 2002 4976 eor,
2033 4919 2122 4963 aut
2151 4912 2264 4980 quis
2289 4913 2600 4982 conﬁdenter
2626 4916 2755 4973 dicet
2793 4935 2848 4973 se
2887 4936 2996 4974 esse
3011 4939 3196 4992 parum
3220 4940 3252 4978 α
3273 4927 3490 4994 peccatis

1893 4998 2076 5071 (Prov.
2106 5001 2197 5069 20,
2228 5003 2323 5073 9)?
2364 5005 2432 5062 Et
2454 5006 2581 5075 quid
2612 5009 2731 5063 dico
2749 5009 2926 5073 alios?
2951 5011 3082 5066 Nam
3112 5015 3325 5080 etiamsi
3350 5015 3490 5084 Pan-

1891 5090 1999 5147 lum
2029 5095 2082 5148 in
2116 5095 2350 5156 medium
2393 5098 2690 5167 adduxere,
2717 5111 2771 5167 et
2797 5118 2984 5157 eorum
3016 5121 3136 5175 quae
3167 5106 3293 5162 fecit
3320 5110 3489 5176 ratios-

1895 5199 2019 5249 nem
2047 5201 2262 5241 summo
2285 5188 2405 5257 jure
2434 5205 2690 5259 exegero,
2738 5207 2807 5250 ne
2833 5195 3029 5264 poterit
3059 5197 3273 5268 quidem
3321 5200 3487 5268 susti-

1890 5289 2041 5329 nere.
2072 5275 2210 5345 Quid
2239 5277 2382 5332 enim
2410 5281 2606 5348 poterit
2634 5281 2859 5337 dicere?
2904 5283 3198 5354 Prophetas
3228 5287 3375 5358 legit,
3426 5298 3485 5343 ut

1893 5369 1982 5438 qui
2010 5369 2144 5458 legis
2180 5371 2365 5438 patrize
2392 5382 2538 5427 esset
2559 5372 2794 5444 diligens
2820 5377 3101 5433 aemulator
3132 5397 3146 5433 :
3174 5380 3325 5458 signa
3354 5381 3485 5455 vidit

1889 5472 2010 5525 qua:
2063 5457 2286 5524 fiebant,
2325 5471 2382 5516 et
2427 5472 2604 5517 tamen
2655 5467 2907 5522 manebat
2956 5479 3355 5540 persequutus:
3389 5488 3488 5528 nec

1888 5550 2037 5617 prius
2075 5550 2280 5606 destitit
2304 5567 2463 5622 quam
2486 5554 2855 5613 admirabilem
2895 5559 3040 5614 illam
3078 5561 3337 5618 visionem
3367 5579 3486 5621 sus-

1885 5641 2070 5709 cepit,
2122 5652 2178 5703 ot
2222 5658 2410 5704 vocem
2452 5646 2656 5702 audivit
2709 5650 3050 5710 terribilem:
3100 5666 3258 5712 antes
3299 5664 3484 5718 autem

1885 5733 2085 5788 mansit
2127 5734 2307 5790 omnia
2360 5751 2557 5807 susque
2590 5736 2767 5815 deque
2814 5744 3149 5810 permiscens
3174 5753 3230 5800 ot
3255 5744 3483 5801 contiun-

1885 5821 2035 5877 dens.
2064 5822 2172 5879 illis
2200 5833 2376 5885 tamen
2399 5821 2648 5885 omnibus
2678 5833 3053 5903 pr.etermissis
3079 5834 3221 5892 Deus
3245 5845 3299 5891 et
3326 5852 3481 5895 voca-
