4086 6438
608 395 727 456 375

610 517 715 581 νὴ,
741 525 792 571 et
812 528 997 583 magna
1019 512 1184 581 gratia
1210 510 1425 579 dignum
1452 509 1679 564 censuit.
1712 506 1864 576 Quid‘
1876 520 2005 560 vero
2035 519 2196 575 cory-

614 604 999 675 phmumillum
1020 601 1230 657 Petrum
1251 602 1275 653 ι
1300 614 1404 655 non
1433 608 1548 675 post
1565 595 1967 653 innumerabilia
1986 595 2133 664 signa
2145 600 2199 647 et

619 695 906 761 miracula,
946 702 1252 763 tantamque
1306 692 1724 747 admonitionem
1767 697 1825 745 et
1868 684 2197 742 exhortatio-

619 802 761 854 nem,
779 785 954 857 arguit
971 784 1021 839 in
1051 784 1418 855 gravissimum
1437 783 1583 837 illum
1611 782 1814 851 lapsum
1832 776 2122 834 cecidisse?
2139 774 2200 832 ll-

619 878 707 931 lml
736 887 911 932 tamen
940 874 1297 945 praetermisit,
1326 883 1382 930 et
1407 874 1770 943 apostolorum
1806 886 1927 927 eum
1967 870 2197 941 primum

617 968 910 1023 constituit.
943 967 1008 1021 Et
1046 966 1167 1021 ideo
1186 966 1319 1020 dixit
1343 982 1357 1019 :
1384 964 1584 1029 Sinton,
1618 964 1819 1027 Simon,
1842 978 1951 1015 ecce
1969 959 2211 1030 ea'petiuit'

622 1071 829 1127 satanas
854 1050 1080 1115 cribra"
1103 1068 1150 1113 te
1170 1070 1423 1129 tamquam
1454 1058 1672 1111 triticum
1701 1070 1721 1111 :
1750 1071 1842 1125 ego
1867 1065 2032 1107 autem
2061 1051 2201 1105 oraui

618 1162 800 1223 prole,
822 1169 885 1206 ne
904 1150 1108 1221 deﬁciat
1123 1150 1248 1219 ﬁdes
1270 1158 1355 1203 tua
1375 1148 1528 1217 (Luc.
1548 1147 1638 1202 ἥ.
1655 1148 1741 1203 3i.
1763 1145 1875 1216 32).
1894 1145 2061 1199 Porro
2080 1150 2202 1212 post

618 1246 951 1313 unoquoque
969 1243 1013 1295 si
1035 1255 1137 1295 non
1154 1254 1273 1295 cum
1290 1238 1649 1294 misericordia
1665 1236 2010 1293 etelemcntia
2026 1235 2202 1288 veniat

617 1331 684 1386 ad
706 1332 1075 1401 judicandum,
1105 1331 1199 1386 sed
1213 1332 1469 1385 rationem
1482 1331 1816 1397 summojure
1828 1328 2021 1397 exigat,
2047 1325 2201 1395 plane

621 1424 853 1478 inveniet
899 1437 1087 1478 omnes
1124 1435 1250 1477 reos
1287 1430 1343 1476 et
1370 1421 1649 1477 obnoxios.
1706 1419 1964 1486 Quocirca
1995 1418 2189 1472 Paulus

622 1528 837 1583 quoque
860 1513 1069 1567 dicebat
1098 1530 1112 1567 :
1157 1509 1309 1565 Nihil
1333 1509 1457 1565 milti
1481 1511 1711 1565 conscius
1733 1526 1867 1566 sum.
1900 1508 1989 1561 sed
2013 1523 2115 1561 non
2145 1507 2199 1560 in

617 1608 719 1658 νισι
734 1605 1046 1674 justi/iratus
1072 1619 1182 1657 sum
1210 1602 1228 1672 (
1256 1603 1304 1657 Ι.
1334 1601 1452 1656 Cor.
1474 1602 1528 1655 4.
1580 1599 1658 1672 ι).
1683 1598 1743 1655 Si
1780 1600 2065 1670 iniquitates
2112 1597 2201 1651 ob-

617 1699 924 1761 servaveris,
972 1695 1219 1762 Domine,
1259 1694 1492 1749 Domine.
1526 1692 1792 1763 Repetitio
1841 1700 1925 1746 est
1968 1705 2075 1745 non
2125 1699 2202 1745 te-

614 1803 785 1851 mere,
819 1800 917 1843 nec
947 1789 1043 1842 abs
1090 1803 1168 1852 re,
1200 1785 1296 1841 sed
1320 1785 1635 1840 admirantis
1680 1792 1733 1839 et
1770 1783 2033 1851 stupentis
2067 1781 2199 1835 insi-

616 1894 775 1948 gnem
802 1880 918 1948 ejus
949 1878 1311 1944 clementiam,
1342 1885 1395 1932 et
1435 1875 1696 1930 infinitam
1749 1874 2105 1943 majestatem.
2147 1880 2201 1925 et

608 1970 824 2023 tt'astum
881 1968 1100 2038 pelagus
1145 1967 1262 2036 ejus
1291 1967 1542 2020 bonitatis
1575 1964 1671 2035 (a).
1727 1964 1851 2032 Quis
1896 1962 2200 2017 sustinebit?

617 2048 731 2113 Non
753 2058 903 2121 dixit,
935 2057 1065 2126 Quis
1090 2056 1345 2127 effugiet?
1387 2055 1502 2123 sed,
1543 2056 1668 2123 Quis
1710 2053 2198 2123 sustinebitfsigni-

619 2154 781 2206 tleans
807 2150 947 2219 quod
983 2150 1083 2204 nec
1112 2158 1256 2203 stare
1286 2147 1500 2216 quidem
1544 2146 1755 2215 poterit.
1798 2146 1867 2201 4..
1900 2144 2034 2211 Quia
2060 2142 2212 2212 apud

617 2252 665 2293 te
690 2240 978 2312 propitiatio
1002 2249 1090 2294 est.
1111 2238 1248 2305 Quid
1274 2246 1375 2303 cst,
1398 2237 1548 2308 Apud
1576 2247 1621 2290 te
1642 2237 1931 2309 propitiatio
1952 2247 2023 2291 αι
2042 2237 2067 2290 .’
2083 2235 2196 2293 Non

618 2336 669 2387 in
717 2332 935 2397 nostris,
983 2332 1178 2402 inquit,
1211 2338 1356 2385 recte
1386 2328 1576 2393 factis,
1609 2328 1704 2384 sed
1728 2328 1781 2383 in
1828 2339 1916 2382 tua
1961 2328 2198 2384 bonitate

617 2423 741 2477 licet
791 2421 1024 2493 effugere
1049 2420 1391 2491 supplicium.
1421 2418 1491 2474 Ut
1523 2418 1782 2489 judicium
1812 2419 1955 2473 enim
1981 2418 2196 2489 effugia-

616 2528 756 2579 mus,
807 2512 858 2566 iu
891 2522 979 2566 tua
1024 2510 1308 2566 clementia
1339 2510 1501 2564 situm
1542 2518 1644 2565 est.
1672 2508 1823 2577 Quod
1869 2509 1914 2565 si
1944 2524 2061 2564 eam
2089 2525 2197 2565 non

616 2604 873 2659 fuerimus
897 2604 1189 2674 assequuti,
1223 2610 1401 2658 nostra
1434 2616 1541 2657 non
1588 2600 1857 2658 suﬂiciuut
1893 2601 1961 2656 ad
1993 2617 2092 2657 nos
2129 2604 2198 2657 ab

616 2696 690 2747 ira
723 2694 893 2748 futura
911 2694 1230 2763 eripiendos.

688 2789 740 2841 5.
781 2787 893 2841 Hoc
934 2789 1094 2841 etiam
1125 2800 1220 2857 per
1252 2784 1561 2856 prophetam
1607 2784 1911 2856 significans
1938 2783 2191 2840 dicebat:

620 2876 730 2948 Ego
754 2892 866 2932 sum
904 2876 990 2943 qui
1035 2876 1174 2931 deleo
1215 2876 1500 2947 iniquitates
1536 2885 1648 2931 tuas
1680 2874 1969 2947 (mets;
1991 2874 2115 2948 25).
2138 2876 2194 2933 Id

540 2960 545 2964 ’
610 2972 723 3034 est,
757 2968 868 3023 lloc
893 2975 972 3021 est
1008 2981 1209 3028 meum.
1251 2980 1383 3021 mea;
1409 2964 1681 3031 bonitatis,
1716 2979 1850 3021 mete
1873 2965 2192 3021 clementiae.

614 3060 743 3116 Nam
791 3073 909 3129 qua:
939 3066 1026 3113 tua
1051 3065 1195 3124 sunt,
1226 3071 1331 3111 non
1371 3055 1642 3111 sufficiunt
1692 3070 1943 3125 umquam
1972 3054 2029 3110 ut
2054 3064 2107 3110 te
2135 3056 2200 3111 li—

614 3152 801 3205 berent
852 3164 882 3202 a
933 3148 1209 3217 supplicio,
1263 3145 1365 3201 nisi
1402 3161 1517 3202 mea
1544 3146 1760 3202 accedat
1799 3144 2100 3202 clementia.
2130 3144 2200 3201 Et

617 3253 817 3302 rursus,
852 3237 963 3308 Ego
983 3254 1067 3293 uos
1080 3238 1317 3293 sustineo.
1352 3233 1572 3306 Propter
1599 3251 1779 3289 nomen
1813 3242 1953 3289 tuum
1975 3235 2197 3289 sustinui

616 3342 694 3396 te,
750 3330 983 3385 Domine.
1042 3329 1292 3385 Sustinuit
1336 3329 1507 3382 anima
1554 3344 1664 3381 mea
1700 3328 1754 3383 in
1798 3326 2000 3382 uerbum
2054 3334 2195 3382 tuum

623 3421 794 3491 (lsai.
824 3421 914 3477 46.
960 3420 1056 3491 4).
1112 3420 1169 3475 5.
1216 3418 1450 3489 Speravit
1477 3418 1647 3471 animi:
1693 3434 1807 3472 mea
1854 3418 1909 3472 in
1952 3416 2191 3472 Domino.

615 3512 783 3581 Alius,
828 3511 1045 3580 Propter
1085 3510 1244 3581 legem
1286 3519 1445 3567 tuam.
1479 3509 1626 3564 Alius
1670 3522 1873 3577 rursus,
1906 3505 1973 3563 Ut
2009 3523 2217 3583 cogno-_

602 3615 782 3658 scatur
819 3601 1017 3656 uerbum
1055 3611 1197 3655 tuum
1238 3598 1336 3670 (ὁ).
1381 3597 1533 3667 Quod
1558 3608 1734 3654 autem
1759 3598 1905 3665 dicit,
1934 3607 2018 3653 est
2044 3599 2192 3668 ejus-

615 3696 777 3751 modi.
837 3695 1058 3765 Propter
1096 3693 1452 3757 elcmeutiam,
1502 3701 1719 3762 propter
1765 3706 1957 3747 nomen
2000 3699 2147 3745 tuum
2175 3734 2189 3758 ,

614 3795 828 3856 propter
871 3784 1040 3855 legem
1072 3791 1216 3838 tuam
1246 3782 1546 3852 exspectavi
1583 3781 1807 3835 salutem
1834 3799 1848 3835 :
1873 3795 1994 3836 nam
2047 3782 2091 3836 si
2125 3781 2191 3835 ad

618 3892 731 3930 mea
755 3876 1127 3946 respexissent,
1145 3873 1255 3943 jam
1277 3872 1403 3927 olim
1419 3871 1806 3942 desperassent,
1828 3872 1956 3927 olim
1976 3888 2191 3927 omnem

618 3950 1200 4033 fiduciam‘abjecisscm
1229 3976 1408 4017 :uunc
1426 3951 1604 4016 autem
1628 3962 1796 4033 legem
1833 3954 1975 4016 tuam
1997 3972 2049 4016 et
2073 3977 2193 4017 ver-

616 4056 741 4109 bum
772 4064 917 4109 tuum
932 4053 1234 4118 attendens,
1253 4054 1446 4109 bonam
1467 4066 1615 4123 spem
1630 4052 1892 4123 concipio.
1913 4052 2191 4121 Quodnam

616 4143 875 4199 verbum?
898 4143 1127 4199 Verbum
1155 4143 1485 4219 clementia;
1508 4142 1619 4213 ipse
1642 4142 1787 4198 enim
1808 4152 1893 4198 est
1909 4145 1998 4213 qui
2024 4143 2187 4199 dicit:

621 4234 877 4301 Quantum
896 4235 1049 4289 distat
1073 4233 1250 4289 mlunt
1271 4242 1494 4299 atterra,
1523 4242 1717 4288 tantum
1752 4233 1942 4288 distant
1981 4235 2195 4288 consilia

615 4341 725 4377 mea
776 4340 809 4376 a
845 4325 1054 4378 consilio
1080 4332 1267 4389 uestro,
1296 4326 1344 4377 et
1367 4323 1461 4376 sic
1500 4338 1627 4376 mete
1648 4339 1679 4374 a
1703 4323 1795 4377 uiis
1821 4324 1995 4377 uestris
2022 4321 2189 4393 (Iani.

612 4414 705 4469 59.
735 4411 827 4482 9).
856 4412 924 4467 Et
949 4426 1132 4467 rursus
1160 4430 1175 4465 :
1206 4410 1495 4466 Secundum
1514 4412 1824 4465 altitudinem
1852 4414 1965 4465 eteli
2002 4429 2032 4465 a
2058 4422 2193 4466 terra

607 4504 933 4575 conﬁrmavit
952 4503 1199 4557 Dominus
1218 4502 1609 4557 misericordiam
1628 4517 1772 4556 suam
1793 4517 1947 4570 super
1965 4504 2193 4557 timentes

604 4598 779 4664 ipsum
824 4592 1007 4666 (*i’sal.
1056 4592 1175 4647 102.
1207 4593 1267 4647 il
1292 4592 1332 4663 ).
1362 4591 1428 4646 Et
1453 4606 1635 4646 rursus
1678 4608 1693 4645 :
1738 4591 1996 4657 Quantum
2043 4592 2192 4647 distat

607 4688 783 4741 oriens
820 4684 882 4738 ab
938 4701 1139 4749 occasu,
1183 4683 1358 4753 procul
1403 4683 1609 4737 removit
1656 4697 1689 4735 a
1718 4682 1863 4737 nobis
1906 4684 2192 4753 iniquitates

611 4785 810 4829 uestras
840 4772 1012 4845 (Ibid.
1046 4790 1094 4828 ν.
1128 4772 1196 4827 i2
1214 4772 1257 4845 ).
1289 4772 1401 4827 Hoc
1426 4780 1510 4828 est
1530 4813 1545 4837 ,
1572 4771 1688 4827 Non
1714 4787 1808 4828 eos
1836 4780 2040 4827 tantum
2070 4789 2187 4828 ser-

617 4866 731 4917 vavi
758 4864 846 4932 qui
871 4878 929 4918 se
958 4873 1099 4918 recte
1122 4870 1421 4933 gesserunt,
1449 4862 1542 4917 sed
1567 4864 1779 4933 peperci
1808 4863 1969 4917 etiam
2002 4878 2189 4932 pecca-

616 4954 839 5017 toribus,
884 4962 938 5007 et
988 4952 1126 5007 inter
1172 4951 1361 5007 delicta
1410 4962 1496 5005 tua
1530 4953 1879 5021 patrocinium
1904 4968 2103 5018 meum,
2136 4963 2191 5008 et

615 5060 774 5112 quam
804 5046 876 5099 tui
904 5059 1082 5099 curam
1112 5058 1261 5113 gero,
1314 5044 1541 5097 ostendi.
1572 5044 1718 5099 Alius
1762 5046 1951 5115 inquit,
2014 5045 2082 5100 Ut
2120 5047 2189 5101 sis

613 5130 1230 5202 terribilis(c),exspectavi
1253 5133 1545 5189 Dominum.
1568 5134 1842 5191 Terribil's
1866 5139 1950 5192 cui
1967 5138 1988 5191 τ
2006 5137 2188 5193 Inimi-

704 5284 731 5319 σι
784 5268 911 5326 Vox,
934 5266 1168 5327 bonitatis,
1187 5268 1330 5319 deest
1353 5269 1400 5317 in
1418 5268 1577 5325 Savil.,
1600 5270 1745 5319 male.

678 5271 753 5393 ibi
782 5338 862 5379 tiae
886 5332 1308 5393 interpretationes
1328 5330 1508 5393 quiane
1533 5339 1585 5379 et
1606 5341 1745 5381 sexta

699 5284 731 5330 ,σι
784 5272 911 5326 Vox,
934 5272 1168 5327 uastitatis,
1187 5272 1330 5319 deest
1353 5272 1400 5317 in
1418 5272 1577 5325 Savil.,
1600 5272 1745 5319 male.

699 5272 753 5394 lt;
782 5338 862 5379 lite
886 5332 1308 5394 interpretationes
1328 5330 1508 5394 quisue
1533 5339 1585 5379 et
1606 5341 1760 5381 sextae
1792 5332 2057 5382 editionum
2077 5345 2190 5384 esse

615 5388 857 5459 tidem!"-
880 5398 993 5459 eam
1018 5388 1079 5459 iu
1101 5388 1580 5459 ,δευιοιείιᾌίιυυέβν
1616 5393 1873 5459 Symmachi
1894 5400 1953 5459 uel
1974 5395 2192 5459 WW9-

616 5454 761 5503 tiouis
782 5450 1018 5513 lectiones
1038 5449 1274 5501 labentur
1302 5453 1363 5500 ab
1394 5449 1470 5501 his
1493 5449 1719 5502 divetim.
1746 5454 1867 5503 Vide
1890 5456 1939 5503 in
1962 5452 2191 5516 tlexaplls

616 5516 810 5562 nostris.

679 5582 1229 5666 inﬂammatae
1248 5585 1317 5636 εει
1336 5584 1849 5666 ιετνίρίιίξνξίεδτξξοβν
1865 5594 2007 5666 κήτη

615 5643 793 5716 Aquila
814 5652 867 5695 et
886 5643 1179 5716 Theodotio,
1206 5649 1362 5713 ius-usu
1402 5648 1488 5699 τοῦ
1514 5651 1680 5716 φρδου,
1718 5650 1776 5700 ob
1819 5643 2193 5716 metum.'§ym-

614 5706 845 5786 machus,
886 5709 951 5787 έν.
996 5725 1043 5757 τ.
1085 5706 1726 5775 νόμου,’ρνοριενίε9ωὶι,
1770 5726 1827 5762 ac
1867 5717 1910 5765 sl
1957 5706 2187 5780 legisset,

611 5780 755 5844 mm
776 5780 948 5870 tum,
971 5805 1063 5839 tu
1088 5793 1153 5843 ιν.
1178 5810 1222 5843 τ.
1248 5792 1495 5856 ὀνόματος,
1519 5802 1719 5858 propter
1743 5788 1934 5849 nam.

1336 393 1391 448 S.
1434 391 1710 447 JUANNIS
1736 385 2212 447 (IHIiYSOSTOMl
2253 386 2566 443 ARCllllil’.
2607 380 3142 443 (IUNSTANTINOP.

3803 387 3896 440 376

2312 505 2409 566 eis,
2442 501 2855 567 insidiatotibus,
2885 502 2947 556 iis
2976 504 3062 572 qui
3108 501 3237 556 mihi
3267 501 3454 556 infensi
3480 510 3627 554 Slllll.
3662 502 3803 568 Quid
3830 513 3902 553 t'al

2307 583 2514 658 rurSus,
2541 588 2767 662 Propter
2812 607 2992 645 notneu
3030 592 3218 647 tuum?
3255 590 3528 658 Quamvis,
3581 591 3781 660 inquit,
3812 605 3902 659 ego

2304 684 2403 738 sim
2431 694 2702 754 peccator,
2734 693 2787 739 et
2816 683 3006 752 plenus
3035 685 3191 739 malis
3220 684 3725 749 innumerabilibus,
3774 688 3904 739 scie—

2307 774 2427 829 bam
2458 786 2655 840 tamen,
2684 790 2753 830 ne
2778 790 2974 829 nomen
3024 787 3173 830 tuum
3232 777 3629 847 profanaretur,
3688 775 3807 831 fore
3855 788 3906 830 ut

2304 882 2405 922 nos
2432 876 2717 937 pereuntes
2740 867 2961 922 minime
2986 867 3313 936 despiceres.
3346 868 3497 935 Quod
3525 869 3645 938 ipse
3692 883 3906 939 quoque

2305 950 2439 1011 dixit
2464 957 2520 1010 in
2547 957 2871 1013 Ezechiele:
2906 955 3027 1010 Non
3070 966 3280 1027 propter
3334 974 3421 1011 eos
3469 974 3564 1029 ego
3610 959 3773 1029 facio,
3823 959 3905 1012 sed

2306 1057 2512 1115 prapter
2566 1063 2749 1102 nomen
2784 1064 2970 1112 meum,
3002 1058 3057 1101 ut
3103 1058 3205 1102 non
3245 1048 3544 1119 profanetur
3576 1050 3711 1103 inter
3739 1060 3907 1121 gentes

2310 1135 2329 1207 (
2348 1135 2536 1191 Eseeh.
2567 1139 2656 1193 36.
2686 1137 2757 1192 ΞΩ
2784 1138 2824 1209 ).
2867 1138 2980 1193 lioc
3030 1148 3133 1203 est,
3173 1139 3281 1195 Nos
3311 1140 3524 1209 quidem
3556 1157 3667 1195 non
3720 1158 3907 1198 suuuts

2305 1226 2448 1295 digni
2492 1228 2581 1297 qui
2633 1243 2931 1293 servemur,
2960 1244 3135 1299 neque
3179 1247 3243 1285 ex
3296 1230 3457 1286 rebus
3496 1246 3525 1283 a
3559 1232 3719 1286 nobis
3743 1233 3909 1302 gestis

2306 1319 2413 1372 ulla
2442 1320 2579 1374 bona
2608 1334 2703 1390 spe
2729 1321 2993 1390 ducimur,
3016 1322 3110 1378 sed
3146 1334 3522 1394 expectamus
3545 1323 3662 1379 fore
3692 1335 3749 1379 ut
3775 1341 3905 1380 con-

2306 1428 2583 1469 servemur
2627 1421 2841 1484 propter
2869 1430 3063 1472 nomen
3103 1426 3272 1481 tuum,
3297 1431 3467 1493 caque
3515 1418 3674 1471 nobis
3721 1418 3906 1473 relicta

2305 1514 2386 1559 est
2431 1519 2554 1573 spes
2599 1507 2803 1562 salutis.
2836 1507 3019 1573 Alius,
3057 1506 3270 1578 Propter
3310 1519 3495 1561 uictum
3531 1510 3756 1563 sustinui
3797 1508 3905 1564 De-

2304 1595 2518 1649 minum.
2544 1598 2717 1664 Alius,
2752 1597 2969 1667 Propter
2994 1598 3151 1669 legem
3183 1601 3400 1654 sustinui
3438 1599 3739 1655 Dominum.
3775 1602 3905 1656 Sus-

2306 1685 2451 1739 tinuit
2506 1687 2678 1740 anima
2731 1705 2842 1742 mea
2888 1691 2941 1743 in
3000 1690 3146 1745 uerbo
3200 1700 3305 1744 tuo.
3349 1691 3531 1756 Altus,
3574 1689 3904 1761 Exspectant

2304 1777 2475 1829 anima
2497 1794 2603 1831 mea
2624 1777 2826 1832 verbum
2850 1782 2960 1844 eius
2987 1780 3083 1853 (τι).
3106 1782 3274 1846 Alius,
3307 1783 3560 1839 Sustinuit
3576 1785 3751 1838 anima
3769 1800 3902 1847 mea.

2305 1875 2350 1919 et
2373 1866 2570 1921 verbum
2598 1869 2707 1937 ejus
2732 1873 3031 1939 exspectavi.
3053 1871 3164 1927 Hoc
3181 1882 3283 1941 est,
3312 1873 3386 1927 Ex
3410 1876 3690 1949 promissis
3716 1885 3771 1930 et
3794 1876 3902 1931 frc-

2305 1959 2587 2028 queutibus
2626 1961 3092 2029 pollicitationibus
3119 1966 3186 2020 de
3215 1964 3539 2035 benignitate
3568 1967 3687 2035 ejus
3714 1977 3771 2021 et
3789 1969 3902 2022 cle-

2306 2053 2503 2106 mentia
2532 2065 2795 2123 sumptam
2822 2070 3027 2109 sacram
3058 2057 3218 2111 habui
3259 2072 3532 2123 ancoram,
3552 2073 3651 2113 nec
3676 2058 3747 2114 de
3778 2075 3899 2116 mea

2305 2142 2474 2197 salute
2495 2158 2644 2213 spent
2684 2146 2877 2214 abjeci.
2906 2148 2957 2201 6.
2990 2148 3035 2200 Α
3063 2148 3294 2202 custodia
3319 2151 3569 2203 matutina
3620 2167 3782 2220 usque
3832 2153 3902 2204 ad

2304 2242 2497 2287 noctem
2517 2244 2681 2304 speret
2704 2234 2869 2291 Israel
2889 2239 2939 2291 in
2972 2236 3210 2293 Domino.
3241 2238 3373 2294 Tuta
3404 2242 3531 2307 vita,
3563 2242 3731 2310 inquit
3756 2258 3770 2304 ,
3799 2241 3901 2295 l-urc

2303 2334 2402 2388 est,
2434 2324 2588 2379 Omni
2611 2317 2698 2382 die
2724 2343 2789 2383 ac
2834 2338 3011 2384 nocte.
3047 2330 3187 2384 Nihil
3240 2342 3322 2386 est
3374 2332 3515 2386 enim
3562 2332 3630 2387 ad
3670 2334 3899 2388 salutent

2306 2409 2679 2482 praestabilius,
2722 2432 2879 2486 quam
2912 2432 3169 2489 perpetuo
3192 2420 3345 2475 illum
3389 2422 3680 2491 respiccne,
3731 2432 3787 2477 et
3832 2425 3900 2477 ab

2306 2506 2391 2559 illa
2441 2520 2538 2575 spe
2570 2508 2821 2576 pendere,
2874 2510 2994 2565 licet
3044 2512 3320 2567 innumera
3361 2513 3623 2579 accidant,
3651 2529 3771 2583 qua:
3799 2530 3900 2569 nos

2304 2596 2576 2666 impellant
2601 2599 2650 2651 in
2678 2599 3122 2669 desperationem.
3154 2602 3249 2658 llic
3272 2614 3355 2658 est
3386 2620 3568 2658 murus
3594 2604 3859 2660 infractus
3878 2647 3896 2670 ,

2303 2689 2493 2743 invicta
2521 2692 2775 2758 munitio,
2821 2692 2979 2747 turris
3020 2694 3464 2764 inexpugnabilis.
3512 2695 3623 2751 Etsi
3650 2711 3779 2766 ergo
3812 2712 3901 2750 res

2301 2780 2569 2835 minentur
2599 2794 2842 2849 mortem,
2872 2786 3188 2852 periculum,
3227 2796 3282 2840 et
3310 2784 3606 2853 interitum,
3658 2803 3725 2847 ne
3754 2788 3899 2843 tle-io

2300 2879 2411 2926 stas
2455 2887 2673 2941 sperare
2722 2874 2773 2927 in
2819 2874 3021 2941 Deum,
3054 2885 3104 2929 et
3136 2886 3450 2944 exspectare
3486 2876 3605 2946 ejus
3640 2878 3899 2931 salutem.

2301 2959 2489 3015 Omnia
2522 2972 2646 3017 sunt
2675 2962 2747 3018 illi
2782 2962 2949 3018 facilia
2980 2973 3034 3018 et
3070 2965 3338 3033 espedita,
3395 2978 3450 3020 et
3499 2966 3583 3021 vel
3625 2967 3675 3021 in
3734 2968 3902 3021 rebus

2302 3052 2631 3109 difficillimis
2679 3064 2735 3109 et
2785 3039 3205 3124 impeditissimis
3249 3058 3448 3112 exitum
3508 3058 3763 3113 inveniet.
3818 3058 3901 3114 Nu

2301 3153 2549 3215 exspecta
2578 3160 2708 3215 ergo
2738 3145 2852 3202 fore
2876 3156 2932 3202 ut
2957 3147 3132 3201 solum
3156 3147 3249 3202 tibi
3272 3148 3411 3203 adsit
3429 3149 3707 3215 auxilium,
3732 3151 3779 3205 si
3808 3166 3901 3205 res

2300 3238 2549 3291 secundas
2577 3236 2829 3293 afﬂuant:
2850 3239 2945 3294 sed
2976 3249 3101 3295 tune
3125 3241 3375 3305 maxime,
3399 3240 3611 3311 quando
3639 3251 3765 3295 sunt
3790 3241 3897 3296 nu-

2258 3384 2261 3387 .
2301 3336 2417 3383 ctus
2463 3328 2703 3394 maximi,
2755 3336 2813 3385 et
2850 3328 3142 3385 vehemens
3185 3339 3491 3401 tempestas,
3514 3343 3567 3386 et
3589 3338 3899 3387 extremum

2301 3420 2542 3474 imminet
2570 3418 2883 3491 periculum.
2910 3419 3060 3475 Tune
3100 3420 3243 3476 enim
3281 3423 3512 3476 maxime
3541 3422 3683 3477 Deus
3731 3437 3892 3477 suam

2300 3509 2536 3565 ostendit
2574 3510 2881 3581 potentiam.
2909 3509 3022 3570 Hoc
3046 3520 3129 3566 est
3156 3526 3284 3581 ergo
3308 3511 3449 3582 quod
3471 3511 3601 3567 dicit
3629 3530 3643 3568 :
3666 3512 3900 3583 Oportet

2300 3601 2353 3655 in
2380 3601 2543 3656 Deum
2570 3610 2828 3671 perpetuo
2841 3614 3078 3670 sperare,
3108 3610 3222 3656 toto
3244 3602 3361 3655 vita:
3383 3610 3644 3672 tempore.
3672 3603 3725 3657 7.
3757 3603 3896 3671 Quia

2296 3691 2439 3759 apud
2485 3688 2761 3745 Dominum
2814 3691 3193 3757 misericordia,
3241 3703 3289 3746 et
3329 3693 3532 3762 copiosa
3580 3695 3723 3763 apud
3778 3711 3896 3748 euut

2298 3782 2592 3851 redemptio.
2615 3781 2668 3837 8.
2698 3778 2767 3833 Et
2791 3780 2899 3850 ipse
2920 3780 3131 3835 redimet
3153 3779 3323 3837 Israel
3347 3780 3413 3839 ab
3436 3782 3667 3836 omnibus
3694 3783 3888 3853 iniqui-

2299 3871 2484 3925 tatibus
2527 3870 2658 3943 ejus.
2689 3870 2825 3938 Quid
2854 3879 2971 3937 est,
3022 3871 3177 3941 Apud
3203 3870 3475 3926 Demittunt
3497 3874 3849 3928 misericordia
3870 3876 3894 3913 ν

2299 3960 2441 4015 Fons
2465 3970 2520 4015 et
2562 3962 2859 4025 thesaurus,
2907 3960 3097 4031 inquit,
3128 3962 3234 4017 illic
3261 3970 3343 4017 est
3368 3962 3672 4018 clementia:
3695 3979 3891 4035 perpe-

2297 4061 2388 4107 tuo
2436 4052 2749 4108 scaturiens.
2781 4052 2881 4109 Ubi
2907 4062 3082 4108 autem
3109 4064 3193 4108 est
3238 4053 3621 4121 misericordia,
3658 4056 3769 4112 illic
3804 4069 3892 4113 est

2295 4148 2453 4201 etiam
2480 4146 2777 4214 redemptio
2801 4165 2816 4201 :
2838 4159 2938 4201 nec
2964 4145 3135 4200 solum
3166 4147 3480 4216 redemptio,
3512 4163 3699 4204 verum
3724 4153 3886 4207 etiam

2298 4237 2460 4292 multa
2486 4252 2549 4290 ac
2580 4239 2817 4306 copiosa,
2860 4244 2916 4291 et
2958 4237 3275 4291 immensum
3318 4238 3536 4311 pelagus
3558 4226 3885 4299 clementiae.

2298 4326 2411 4380 Etsi
2438 4318 2567 4395 ergo
2594 4340 2778 4381 sumus
2802 4340 2830 4379 a
2870 4328 3103 4395 peccatis
3144 4326 3361 4396 proditi.
3384 4343 3491 4384 non
3515 4340 3730 4399 oportet
3757 4347 3887 4388 con-

2295 4418 2473 4472 cidere
2498 4458 2511 4481 ,
2550 4431 2649 4472 nec
2685 4416 2988 4485 desperare.
3020 4415 3119 4473 Ubi
3148 4419 3291 4471 enim
3322 4428 3406 4473 est
3432 4419 3801 4477 misericordia
3829 4434 3885 4477 et

2294 4508 2597 4573 clementia,
2634 4524 2738 4564 non
2780 4509 3064 4577 exiguntur
3109 4517 3217 4563 tam
3251 4517 3514 4564 accuratas
3561 4509 3881 4569 delictorum

2297 4596 2547 4671 rationes,
2570 4599 2752 4669 judice
2780 4595 2996 4670 propter
3021 4603 3268 4671 magnam
3319 4601 3779 4669 misericordiam,
3828 4620 3884 4663 ct

2296 4692 2604 4746 multam‘ad
2634 4690 2969 4746 clementiam
3011 4692 3439 4760 prepensionem,
3464 4694 3625 4748 multa
3657 4708 3883 4764 prtetero

2293 4790 2558 4836 currente.
2593 4780 2903 4850 llujusmodi
2934 4782 3074 4833 enim
3116 4790 3198 4834 est
3224 4778 3384 4848 Deus,
3422 4798 3617 4852 nempe
3640 4786 3711 4839 ad
3740 4790 3882 4847 assi-

2293 4872 2394 4927 due
2419 4873 2780 4927 miserandum
2801 4883 2853 4926 et
2875 4866 3252 4940 ignoscendum
3284 4888 3577 4942 prapcnsus
3598 4888 3649 4929 et
3679 4880 3880 4946 proeli.-

2292 4964 2394 5018 vis.
2425 4963 2489 5017 Et
2517 4965 2624 5032 ipse
2642 4965 2847 5016 redimet
2871 4961 3039 5016 Israel
3062 4964 3123 5016 ab
3138 4963 3367 5018 omnibus
3383 4965 3729 5036 iniquitatibus
3748 4972 3878 5041 ejus.

2294 5056 2349 5110 Si
2378 5070 2505 5127 ergo
2531 5059 2600 5111 ita
2631 5065 2714 5111 est
2759 5056 2953 5124 ubique
2976 5055 3166 5109 diffusa
3197 5056 3312 5124 ejus
3338 5058 3639 5112 clementiae
3667 5064 3878 5132 magni~

2295 5148 2439 5215 tudo,
2465 5150 2669 5203 clarum
2685 5158 2770 5203 est
2788 5162 2907 5202 eum
2928 5162 3046 5202 esse
3068 5150 3319 5218 populum
3340 5163 3495 5202 suum
3514 5159 3875 5220 servaturum,

2292 5249 2344 5293 et
2359 5239 2703 5294 liberaturum
2720 5254 2821 5291 non
2839 5238 3005 5291 solum
3018 5253 3047 5291 a
3060 5238 3343 5307 supplicio,
3363 5238 3454 5293 sed
3471 5240 3633 5293 etiam
3647 5256 3677 5295 a
3698 5256 3883 5309 pecca-

2294 5332 2379 5384 tis.
2400 5329 2525 5385 Hice
2544 5345 2671 5398 ergo
2686 5343 2804 5382 cum
2822 5330 3069 5390 sciamus,
3096 5344 3503 5398 perseveremus
3522 5343 3810 5400 precantes
3828 5348 3884 5393 rt

2292 5430 2505 5475 orantes
2534 5438 2547 5474 :
2575 5430 2628 5475 et
2667 5434 2950 5489 numquam
2977 5419 3319 5482 desistatnus,
3345 5419 3458 5474 sive
3482 5423 3786 5490 acceperim
3798 5441 3878 5487 us,

2354 5596 2429 5657 (tt)
2461 5598 2544 5659 ttlc
2568 5596 2817 5658 interpres
2837 5604 2913 5647 est
2936 5595 3060 5646 forte
3081 5596 3403 5659 Symmachus.
3426 5597 3566 5657 cujus
3589 5605 3754 5645 tamen
3796 5612 3879 5647 no-

2291 5669 2405 5707 meu
2444 5658 2502 5707 ad
2527 5659 2653 5707 hunc
2675 5669 2867 5706 versum
2885 5658 3139 5726 nusquam
3164 5666 3475 5726 memoratur_.
3499 5668 3722 5726 sequens
3741 5660 3879 5726 jtttla

2291 5732 2438 5779 quem
2459 5732 2652 5770 versum
2672 5726 2763 5774 est,
2779 5718 2995 5769 sustinuit
3014 5718 3176 5768 animo
3198 5727 3416 5778 nwa,cst
3436 5719 3627 5780 Aquila,
3644 5728 3696 5767 ut
3718 5722 3887 5767 vitlem

2296 5781 2344 5827 in
2367 5787 2515 5844 llcxal
2535 5780 2593 5829 lis
2618 5783 2809 5829 nostris.
