4086 6446
248 385 354 441 577

249 499 367 551 sive
399 508 525 548 non.
554 491 610 548 Si
640 491 784 548 enim
807 489 936 545 dare
974 488 1136 543 situm
1176 495 1258 542 est
1297 486 1347 540 in
1401 488 1519 554 ejus
1570 493 1852 554 potestate,

253 591 306 644 in
337 589 455 659 ejus
482 588 642 642 etiam
669 593 937 657 potestate
965 583 1126 636 silum
1151 589 1254 645 est,
1287 578 1499 650 quando
1525 577 1658 641 vult,
1690 576 1855 631 dare:

253 691 465 751 tempus
485 689 661 733 autem
690 675 834 730 novit
857 675 1078 744 optime.
1102 673 1412 728 Maneatnus
1436 685 1563 741 ergo
1585 677 1856 739 rogantes,

252 774 634 844 supplicantes,
684 769 1017 824 conﬁdentes
1066 767 1184 834 ejus
1234 763 1616 818 misericordias
1669 772 1724 817 et
1751 762 1862 817 cle—

253 869 488 931 mentiae,
521 883 620 922 nec
652 881 902 935 umquam
931 863 999 918 de
1031 869 1211 916 nostra
1254 859 1429 914 salute
1484 858 1856 926 desperemus,

249 962 347 1017 sed
369 968 556 1015 nostra
582 958 870 1011 ali'eramus
889 996 902 1018 ,
936 964 989 1010 et
1031 953 1119 1007 ille
1151 950 1303 1005 nobis
1330 963 1620 1020 numquam
1646 946 1857 1011 deerit,

251 1047 685 1123 quandoquidem
725 1055 808 1100 est
834 1042 1210 1099 inenarrabilis
1242 1041 1381 1110 apud
1407 1055 1530 1095 eum
1555 1037 1860 1093 misericor-

249 1145 358 1212 dia,
385 1154 438 1198 et
461 1142 662 1197 inﬁnita
691 1139 973 1193 clementia
1001 1154 1014 1190 :
1045 1151 1202 1206 quam
1239 1134 1397 1189 detur
1426 1133 1580 1186 nobis
1599 1129 1851 1184 omnibus

251 1236 500 1306 assequi,
557 1233 725 1304 gratia
768 1238 823 1284 et
871 1229 1199 1298 batignitate
1246 1225 1454 1297 Domini
1509 1223 1675 1278 nostri
1721 1221 1848 1277 Jesu

250 1326 478 1393 Christi,
515 1328 730 1397 quicum
780 1321 924 1378 Patri
965 1333 1018 1376 et
1057 1319 1276 1390 Spiritui
1310 1326 1496 1372 sancto
1538 1315 1705 1386 gloria
1729 1355 1744 1380 ,
1797 1312 1852 1368 itt

261 1419 452 1475 secula
507 1417 850 1472 saeculorum.
905 1415 1096 1469 Amen.

709 1529 776 1584 IN
820 1526 1144 1583 PSALMUM
1195 1522 1413 1579 CXXX.

252 1646 304 1700 Ι.
339 1644 569 1709 Domine,
625 1658 727 1695 nou
755 1651 828 1695 est
871 1639 1145 1693 exaltatum
1168 1653 1256 1691 cor
1293 1649 1481 1698 meum,
1530 1648 1689 1704 neque
1731 1630 1851 1686 elati

321 1745 433 1791 sunt
452 1733 586 1788 oculi
608 1733 726 1787 mei.
757 1732 926 1794 Alius,
961 1729 1135 1798 Neque
1153 1727 1365 1782 exaltati
1389 1733 1506 1779 sunt
1531 1728 1638 1793 (a).
1673 1721 1853 1791 Neque

324 1825 576 1880 ambulavi
604 1825 661 1877 in
687 1823 908 1892 magnis,
933 1837 1091 1887 neque
1117 1821 1170 1872 in
1219 1815 1532 1870 mirabilibus
1561 1830 1714 1883 super
1754 1829 1855 1866 me.

322 1921 489 1984 Alius,
538 1917 604 1973 In
637 1913 1087 1987 magnitudinibus.
1114 1912 1282 1977 Alius,
1313 1909 1396 1963 In'
1435 1907 1855 1980 magni/icentiis,

321 2028 410 2065 nec
437 2026 517 2064 me
550 2005 987 2078 exsuperantibus.

324 2146 668 2214 Quandonam
693 2141 904 2213 gloriari
926 2140 1092 2192 liceat.
1113 2167 1186 2177 —
1201 2133 1336 2204 Quid
1367 2131 1473 2187 hoc
1496 2129 1618 2185 est?
1660 2127 1858 2183 Paulus

244 2238 380 2295 dicit
407 2237 626 2290 stultum
658 2247 778 2286 esse
803 2231 1036 2299 seipsum
1087 2227 1340 2286 laudare,
1394 2222 1602 2276 etiamsi
1649 2222 1718 2274 sit
1765 2233 1857 2270 ne-

243 2345 424 2392 cesse,
459 2337 511 2382 et
561 2327 681 2379 ideo
729 2322 1004 2393 subjnnxit
1051 2321 1236 2375 dicens
1271 2336 1285 2371 :
1315 2316 1420 2370 Fui
1466 2315 1620 2384 insipi
1652 2330 1711 2366 ns
1755 2311 1858 2383 glo-

243 2423 425 2482 rians;
469 2434 556 2471 vos
599 2433 679 2470 me
733 2413 965 2485 coegistis
1009 2411 1095 2482 (2.
1146 2408 1266 2465 Cor.
1297 2407 1383 2463 12.
1420 2405 1543 2476 Η).
1577 2402 1858 2472 Quomodo

245 2513 351 2568 hoc
374 2528 506 2581 ergo
533 2509 797 2579 ignoravit
823 2506 1104 2578 propheta,
1134 2513 1189 2558 et
1236 2516 1379 2555 nunc
1423 2499 1716 2569 gloriatur,
1750 2511 1855 2550 non

243 2607 384 2676 apud
415 2605 571 2666 duos,
600 2613 690 2657 aut
723 2612 854 2666 tres,
877 2609 969 2655 aut
993 2599 1201 2661 decem,
1232 2595 1325 2650 sed
1348 2592 1498 2663 .apud
1549 2591 1853 2645 universum

244 2697 432 2752 orbem
473 2695 665 2750 teme?
699 2692 968 2748 Gloriatur
1004 2701 1181 2745 autem
1228 2688 1414 2741 dicens
1444 2703 1456 2738 :
1484 2684 1611 2739 Sum
1642 2683 1856 2736 humilis

244 2801 298 2843 et
355 2788 688 2851 moderatus,
740 2793 797 2838 et
845 2782 1145 2838 mirandum
1179 2781 1230 2834 itt
1279 2779 1495 2832 modum
1527 2775 1744 2829 humilis
1792 2788 1857 2827 ac

243 2880 495 2950 simplex.
529 2878 641 2932 Hoc
665 2877 808 2933 enim
832 2875 931 2929 sibi
966 2875 1077 2928 vult
1109 2872 1272 2930 aliud.
1303 2870 1356 2924 2.
1387 2868 1685 2922 Ablactatus
1705 2883 1857 2934 super

243 2983 458 3026 mtrem
506 2986 671 3024 suam.
716 2971 894 3037 Quare
928 2982 1057 3036 ergo
1104 2964 1206 3018 hoc
1255 2961 1415 3016 facit?
1453 2960 1716 3026 Quoniam
1768 2973 1856 3012 res

242 3062 460 3133 quidem
486 3077 592 3115 non
620 3069 700 3113 est
724 3059 942 3112 omnino
971 3055 1232 3125 prohibita
1254 3095 1268 3118 ,
1299 3053 1405 3106 imo
1433 3067 1561 3105 vero
1589 3063 1856 3104 nonnum-

243 3171 403 3224 quam
437 3163 524 3207 est
552 3151 853 3206 necessaria
875 3190 890 3215 ,
921 3154 1080 3216 alque
1107 3147 1241 3199 adeo
1288 3155 1692 3210 nonnumquam
1725 3139 1858 3192 inci-

247 3244 348 3307 dit,
378 3252 436 3297 ut
467 3258 573 3295 non
601 3244 644 3296 si
671 3241 978 3309 gloriemur,
1012 3236 1106 3292 sed
1134 3236 1176 3289 si
1201 3251 1304 3288 non
1344 3233 1657 3304 gloriemur,
1684 3230 1855 3283 simus

243 3336 579 3403 insipientes.
628 3331 889 3398 Quocirca
933 3328 1126 3382 Paulus
1165 3341 1377 3396 quoque
1414 3325 1586 3379 dicit:
1618 3321 1720 3389 Qui
1739 3321 1868 3396 glo-_

243 3429 430 3489 riatur,
490 3425 545 3478 in
596 3422 818 3477 Domino
872 3421 1120 3491 glorietur
1174 3418 1258 3488 (2.
1306 3416 1425 3470 Cor.
1469 3415 1556 3470 10.
1594 3415 1722 3484 l7).
1753 3411 1852 3478 Qui

240 3519 384 3572 enim
417 3517 470 3569 in
501 3529 666 3569 cruce
697 3528 801 3567 non
828 3510 1106 3581 gloriatur,
1137 3517 1220 3561 est
1253 3506 1493 3560 omnium
1521 3503 1852 3572 insipientis-

239 3607 448 3667 simus;
474 3605 564 3674 qui
597 3619 702 3656 non
745 3602 796 3655 in
831 3595 932 3655 ﬁde
961 3599 1240 3670 gloriatur,
1283 3607 1366 3650 est
1394 3595 1635 3650 omnium
1666 3596 1856 3650 miser-

239 3696 558 3766 rintus;qui
618 3695 669 3748 itt
703 3693 784 3748 his
814 3708 919 3747 non
965 3692 1224 3762 gloriatur
1262 3697 1320 3744 et
1357 3689 1489 3754 ﬁdit,
1541 3689 1586 3743 is
1634 3688 1855 3742 omnino

240 3789 451 3859 peribit.
492 3787 560 3840 Et
600 3784 720 3839 ideo
748 3785 1001 3838 audacter
1027 3783 1240 3836 dicebat
1267 3782 1462 3836 Paulus
1487 3797 1501 3835 :
1528 3779 1661 3834 Mihi
1686 3790 1854 3832 autent

239 3880 370 3932 absit
392 3876 630 3950 gloriari,
661 3876 756 3929 nisi
785 3875 837 3929 in
876 3891 1024 3928 cruce
1051 3871 1260 3926 Domini
1303 3873 1462 3925 nostri
1502 3870 1624 3925 Iesu
1664 3871 1854 3926 Christi

240 3969 396 4039 (Gul.
428 3971 482 4023 6.
511 3968 579 4022 14
598 3966 643 4037 ).
671 3965 735 4019 Ει
762 3980 948 4019 rursus
981 3981 994 4017 :
1030 3963 1112 4017 Ne
1135 3964 1380 4035 glorietur
1404 3963 1542 4015 dives
1584 3962 1636 4016 in
1667 3962 1855 4017 divitiis

241 4065 366 4124 suis,
396 4057 562 4132 neque
586 4062 788 4132 sapiens
821 4060 874 4112 in
903 4058 1155 4129 sapientia
1184 4075 1278 4112 sua
1308 4073 1325 4110 :
1353 4058 1442 4110 sed
1469 4057 1522 4110 in
1549 4057 1643 4110 hoc
1669 4057 1853 4127 glorie-

241 4164 345 4218 tur,
389 4154 529 4221 quod
554 4152 802 4222 intelligat
829 4161 876 4203 et
900 4162 1170 4221 cognoscat
1201 4149 1476 4204 Dominum
1500 4146 1566 4217 (1
1573 4166 1648 4202 er.
1678 4147 1733 4203 9.
1759 4148 1850 4204 25.

241 4247 311 4301 ει
331 4245 374 4316 ).
406 4244 692 4312 Quomodo
722 4253 804 4298 est
844 4258 975 4313 ergo
1003 4243 1203 4297 malum
1233 4224 1491 4312 gloriari?
1521 4241 1576 4296 Si
1605 4241 1657 4295 id
1684 4242 1852 4296 facia-

243 4354 364 4394 mus
385 4348 443 4392 nt
466 4337 769 4392 Pharisaeus
799 4335 965 4409 (Luc.
992 4335 1118 4407 18).
1156 4335 1222 4388 Et
1245 4349 1432 4406 quare,
1459 4335 1688 4404 inquies,
1723 4334 1856 4390 dicit

243 4431 462 4491 Paulus,
519 4427 625 4482 Fui
673 4427 920 4497 insipiens
968 4426 1231 4498 glorians;
1264 4443 1349 4481 vos
1377 4442 1456 4480 me
1498 4426 1728 4497 coegistis
1758 4426 1848 4495 (2.

242 4521 474 4577 Con”.
510 4519 641 4593 ll)?
686 4520 948 4586 Quoniam
986 4519 1238 4573 narrabat
1287 4519 1542 4588 praeclara
1586 4520 1712 4573 vitae
1737 4535 1851 4574 sua:

245 4615 484 4669 instituta
516 4622 571 4666 et
594 4611 850 4671 facinora,
875 4626 995 4679 qua:
1031 4625 1138 4663 non
1167 4611 1451 4680 Oportebat
1479 4625 1717 4671 narrare.
1750 4611 1850 4664 nisi

245 4719 469 4760 necesse
504 4712 671 4757 esset.
706 4702 844 4756 Alibi
887 4709 1063 4755 autem
1089 4701 1218 4755 dicit
1252 4719 1263 4754 :
1299 4699 1359 4755 Si
1385 4702 1589 4755 voluero
1617 4701 1849 4772 gloriari,

245 4813 346 4850 non
386 4811 477 4848 ero
525 4793 804 4863 insipiens;
849 4793 1106 4845 veritatem
1131 4792 1263 4844 enim
1290 4792 1457 4845 dicam
1489 4792 1508 4861 (
1527 4791 1582 4845 2.
1607 4790 1725 4846 Cor.
1760 4791 1848 4844 12.

247 4891 336 4959 6).
367 4888 471 4956 Qui
518 4886 797 4940 veritatem
829 4901 959 4954 ergo
985 4884 1134 4946 dicit,
1182 4902 1302 4937 eum
1348 4894 1558 4954 tempus
1584 4884 1849 4952 postulat,

247 4997 352 5036 non
382 4988 469 5034 est
494 4979 770 5048 insipiens.
801 4975 917 5030 Non
945 4985 1178 5044 estergo
1201 4976 1455 5044 insipiens
1478 4977 1736 5044 propheta
1764 4975 1854 5043 qui

247 5073 508 5142 gloriatur
541 5088 554 5124 :
583 5086 706 5124 vera
733 5069 876 5123 enim
921 5070 1074 5123 dixit.
1106 5069 1209 5123 Sed
1251 5083 1494 5138 quautam
1526 5082 1686 5122 eausa
1729 5083 1852 5121 eum

246 5165 478 5230 induxit,
531 5171 589 5218 ttt
639 5163 756 5218 haec
803 5162 1045 5217 diceret?
1077 5161 1147 5216 Ut
1197 5161 1412 5214 doceret
1459 5160 1732 5214 auditores
1787 5175 1856 5214 ne

250 5267 528 5324 postquam
555 5255 764 5310 liberali
796 5262 922 5309 sunt
949 5268 976 5306 a
1009 5253 1162 5306 malis
1182 5294 1195 5318 ,
1225 5259 1560 5307 revertantur
1585 5251 1649 5304 ad
1674 5254 1854 5320 pristi-

250 5364 370 5401 nam
401 5347 694 5401 amentiam
728 5355 781 5401 et
825 5344 1188 5407 insolentiam,
1223 5357 1321 5396 nec
1351 5359 1380 5395 a
1412 5343 1623 5397 vinculo
1647 5343 1852 5397 liberati

249 5441 514 5502 resiliant,
559 5449 614 5492 et
653 5439 703 5492 in
736 5440 890 5492 aliam
931 5437 1256 5506 captivitatis
1305 5436 1676 5490 necessitatem
1719 5436 1852 5489 inci-

242 5534 400 5589 dant.
423 5532 761 5602 Quapropter
778 5531 904 5584 dum
933 5545 1026 5584 sua
1051 5536 1247 5591 narrat,
1273 5525 1569 5581 auditorem
1597 5526 1852 5595 corrigit:

306 5693 383 5766 (ς)
555 5689 620 5766 sit
742 5689 1278 5766 ittterpres'ignoralur.
1305 5691 1429 5766 stos,
1450 5682 1598 5766 alius,
1625 5700 1648 5728 α
1675 5691 1854 5766 {nima-

242 5744 538 5818 gniﬁccntiis
555 5764 573 5801 :
593 5768 616 5796 ν
637 5751 742 5800 haec
763 5744 1105 5818 interpretatio
1123 5757 1194 5796 est
1218 5748 1362 5818 iusta
1380 5744 1594 5808 Aquilam
1622 5754 1672 5794 et
1691 5745 1853 5795 ’l‘hco-

238 5809 514 5872 dotiouem,
538 5825 756 5879 sequens
780 5809 1057 5874 vero'juxta
1080 5809 1428 5872 Symmachum.

1363 372 1727 430 EXPOSITIO
1767 370 1830 427 IN
1872 369 2196 428 PSALMUM
2238 373 2456 428 CXXX.

3475 370 3579 429 378

1969 501 2076 541 non
2098 486 2226 542 dicit
2251 497 2452 553 autem,
2486 486 2760 541 Exaltatus
2781 485 2996 556 quidem
3038 501 3174 549 sum,
3220 485 3579 555 perturbatio-

1967 594 2091 633 ncm
2118 588 2298 634 autem
2325 579 2490 632 animi
2513 579 2751 632 continui
2774 596 2789 632 :
2818 576 2913 632 sed
2940 577 3103 647 quid?
3135 575 3257 630 Non
3283 588 3354 630 est
3376 576 3576 630 exalta-

1968 677 2074 723 tum
2103 686 2192 724 cor
2213 685 2418 734 meum;
2459 669 2561 724 hoc
2590 679 2692 731 est.
2727 669 2842 724 Non
2889 669 3061 738 tetigit
3103 668 3341 722 animum
3394 683 3581 724 meum

1968 765 2223 833 nequitia.
2258 762 2409 818 Mens
2435 763 2579 818 enim
2629 762 2746 832 ejus
2791 773 2907 817 erat
2937 761 3096 816 veluti
3129 761 3343 831 quidam
3393 772 3584 828 pot-tus

1970 859 2130 913 nullis
2174 856 2428 912 ﬂuctibus
2456 855 2706 926 agitatus,
2765 855 2884 924 ejus
2927 853 3097 909 morbi
3149 853 3320 906 undas
3357 849 3580 905 minima

1967 948 2286 1016 suscipiens,
2311 946 2403 1017 qui
2450 957 2533 1002 est
2577 962 2734 1001 causa
2764 947 3005 999 ninnium
3034 944 3321 1007 malorum,
3345 951 3401 996 et
3427 941 3576 995 radix

1966 1052 2225 1097 extremae
2275 1041 2595 1110 iniquitatis.
2631 1039 2769 1107 Quid
2811 1047 2892 1094 est
2941 1037 3082 1106 quod
3130 1037 3279 1098 dicit,
3333 1034 3575 1098 Domine,

1966 1149 2069 1186 non
2112 1139 2184 1186 est
2225 1133 2504 1187 exaltatum
2559 1148 2646 1186 cor
2684 1147 2872 1195 meum,
2924 1145 3083 1199 neque
3131 1129 3253 1181 elati
3283 1137 3401 1181 sunt
3442 1126 3591 1181 oculi

1966 1224 2107 1278 mei?
2145 1224 2262 1278 Non
2317 1224 2585 1290 contraxi,
2620 1223 2812 1293 inquit,
2868 1220 3150 1289 supercilia
3173 1261 3188 1284 ,
3221 1234 3395 1288 neque
3425 1216 3579 1272 erexi

1965 1317 2254 1370 cervicem.
2285 1315 2329 1369 A
2361 1314 2509 1369 fonte
2532 1316 2676 1370 enim
2707 1315 2919 1368 interno
2962 1311 3273 1380 perturbati:
3299 1310 3382 1365 nis
3411 1310 3580 1364 animi

1967 1410 2188 1464 morbus
2231 1409 2529 1463 scaturicns
2582 1408 2795 1462 interno
2839 1407 3032 1460 tumori
3077 1404 3355 1461 conformo
3379 1414 3581 1471 corpus

1965 1502 2194 1573 efﬁngit.
2227 1500 2409 1573 Neque
2433 1501 2692 1554 ambulavi
2719 1501 2771 1555 in
2799 1499 3017 1570 magnis,
3047 1513 3206 1565 neque
3234 1498 3288 1550 in
3324 1494 3578 1548 mirabili—

1967 1596 2057 1648 bus
2098 1610 2252 1664 super
2292 1610 2390 1648 nte.
2443 1593 2722 1667 Quidest,
2756 1590 2822 1645 In
2854 1591 3095 1662 magnis?
3141 1591 3194 1643 ltt
3227 1587 3536 1643 hominibus
3559 1629 3573 1652 ,

1967 1683 2166 1758 inquit,
2218 1689 2472 1752 tumidis,
2519 1687 2802 1751 divitibus,
2845 1684 3253 1757 arrogantibus,
3307 1676 3577 1752 superbis.

1967 1783 2156 1838 Vidisti
2189 1792 2387 1852 quanta
2411 1783 2482 1837 sit
2507 1781 2820 1836 humilitas?
2863 1780 2979 1835 Non
3023 1779 3196 1833 solum
3239 1789 3356 1832 erat
3401 1778 3516 1845 ipse
3546 1793 3575 1829 a

1966 1874 2156 1931 morbo
2186 1875 2416 1938 alienus,
2437 1874 2532 1928 sed
2562 1887 2657 1928 eos
2678 1873 2863 1938 etiam,
2886 1871 2976 1941 qui
3004 1882 3161 1927 erant
3184 1869 3393 1934 tumidi,
3417 1870 3580 1940 fugio-

1967 1969 2076 2034 bat,
2111 1977 2165 2022 et
2198 1983 2227 2021 a
2257 1967 2451 2021 talibus
2479 1964 2754 2021 resiliebat
2784 1964 3013 2020 canibus
3041 1972 3262 2033 propter
3298 1976 3574 2025 magnum,

1965 2064 2108 2134 quod
2167 2063 2220 2117 in
2267 2061 2631 2130 arrogantiam
2679 2066 3024 2127 conceperat,
3069 2057 3274 2110 odium.
3304 2053 3572 2122 Quoniam

1965 2153 2109 2210 enim
2142 2153 2352 2208 infenso
2387 2161 2502 2206 erat
2547 2152 2599 2205 in
2631 2150 2734 2205 hoc
2778 2149 2963 2203 vitium
3017 2147 3220 2212 animo,
3265 2161 3370 2199 non
3401 2145 3576 2199 solum

1964 2246 2032 2302 ab
2086 2261 2152 2303 eo
2191 2245 2482 2309 resiliebat,
2523 2259 2624 2299 nec
2670 2242 3034 2313 permittebat,
3089 2249 3148 2294 ιιι
3190 2241 3242 2295 itt
3290 2239 3576 2293 castellum

1965 2341 2160 2395 animae
2181 2348 2326 2394 esset
2347 2338 2401 2393 ei
2434 2337 2574 2392 ullus
2595 2335 2791 2398 aditus,
2824 2334 2916 2389 sed
2954 2349 3049 2388 eos
3090 2334 3275 2398 etiam,
3304 2331 3393 2402 qui
3443 2331 3573 2386 illud

1964 2435 2330 2498 sectabantur,
2360 2431 2676 2502 longissimo
2704 2428 2988 2484 intervallo
3018 2427 3272 2497 fugiebat,
3315 2436 3368 2479 ut
3397 2425 3467 2480 ab
3493 2424 3575 2479 eis

1964 2527 2097 2582 nihil
2126 2525 2434 2581 detrimenti
2466 2532 2704 2593 caperet.

2035 2622 2344 2690 Arrogantes
2373 2627 2418 2672 et
2443 2616 2647 2689 superbi
2674 2624 2986 2688 quanIOpere
3015 2613 3267 2687 fugiendi.
3297 2641 3363 2651 —
3389 2609 3577 2679 Neque

1963 2730 2092 2770 vero
2123 2715 2263 2768 inter
2294 2726 2452 2780 parva
2482 2719 2628 2764 recte
2654 2708 2787 2764 facta
2817 2705 3118 2761 ducendum
3155 2712 3238 2758 est
3277 2702 3462 2771 fugere
3487 2717 3570 2754 ar-

1963 2817 2216 2879 rogantes
2241 2850 2254 2869 ,
2285 2796 2640 2859 odio'habere
2672 2799 2903 2857 tumidos
2929 2805 2984 2854 et
3010 2795 3334 2857 insolentes,
3373 2807 3577 2859 eosque

1961 2901 2254 2958 abhorrere
2283 2908 2334 2953 et
2363 2895 2599 2952 aversari
2630 2912 2643 2948 :
2675 2893 2768 2948 sed
2797 2900 2882 2946 est
2918 2890 3147 2943 maxima
3177 2885 3388 2940 virtutis
3416 2899 3574 2938 secu-

1963 2996 2120 3056 ritas,
2158 2990 2478 3044 humilitatis
2508 2987 2743 3041 maxima
2769 2980 3035 3038 custodia.
3072 2976 3253 3048 Neque
3281 2978 3333 3030 in
3362 2975 3573 3029 mirabi-

1963 3088 2090 3141 libus
2118 3101 2270 3152 super
2293 3099 2387 3136 me.
2420 3081 2586 3140 Alius.
2623 3077 2801 3148 Neque
2829 3077 2880 3129 in
2909 3092 2986 3129 me
3009 3070 3433 3140 exsuperantibus
3468 3067 3568 3139 (a).

1961 3179 2013 3234 ἓ.
2069 3180 2129 3235 Si
2170 3195 2268 3232 non
2312 3175 2570 3230 humiliter
2601 3172 2875 3226 sentiebam
2900 3211 2914 3234 ,
2963 3167 3053 3220 sed
3083 3165 3304 3220 exaltavi
3348 3164 3574 3217 animant

1965 3291 2152 3330 meum.
2195 3273 2249 3325 5.
2277 3270 2425 3324 Sicut
2445 3268 2730 3322 obluctatus
2757 3274 2827 3317 est
2851 3277 3002 3329 super
3030 3270 3242 3312 matrem
3278 3273 3424 3311 suam
3446 3299 3461 3322 ,
3503 3256 3576 3309 ita

1962 3367 2204 3421 retribucs
2225 3365 2276 3416 in
2304 3363 2528 3415 animam
2553 3374 2733 3411 meum.
2763 3355 2932 3417 Alius,
2960 3350 3044 3407 Ita
3065 3349 3373 3405 retribuatnr
3388 3346 3573 3401 anima

1961 3475 2107 3514 meae.
2143 3457 2347 3511 Dictum
2374 3462 2459 3509 est
2484 3467 2581 3523 per
2606 3447 2961 3520 hyperbaton,
2997 3457 3190 3511 nempe
3216 3459 3228 3494 :
3259 3441 3314 3495 Si
3341 3455 3444 3493 non
3474 3437 3575 3493 hu-

1962 3552 2161 3605 militer
2203 3545 2499 3603 sentiebam
2526 3586 2540 3605 .
2585 3544 2715 3597 sicut
2765 3540 3088 3594 ablactalum
3137 3549 3302 3602 super
3347 3541 3573 3587 matrem

1962 3658 2112 3698 suam
2134 3684 2148 3705 ,
2176 3638 2272 3696 sed
2298 3637 2523 3693 exaltavi
2547 3651 2640 3688 cor
2668 3647 2845 3687 meum
2873 3671 2886 3694 ,
2918 3630 2987 3682 ita
3021 3625 3351 3682 retribuatttr
3379 3622 3574 3677 animat

1962 3751 2119 3789 mete.
2151 3731 2302 3798 Quod
2335 3739 2512 3784 autem
2535 3725 2684 3789 dicit,
2709 3731 2792 3777 est
2815 3720 3078 3790 ejusmodi
3111 3737 3124 3773 :
3155 3719 3268 3773 Non
3294 3716 3467 3770 sohnn
3499 3713 3568 3768 liti

1964 3827 2098 3882 liber
2118 3842 2146 3878 a
2178 3825 2305 3877 vitio
2331 3863 2344 3884 ,
2377 3817 2700 3889 arrogantia,
2734 3814 2950 3884 inquam
2971 3855 2985 3877 ,
3034 3826 3138 3866 nec
3163 3810 3336 3863 solum
3369 3807 3436 3862 ab
3466 3808 3566 3872 iis,

1961 3920 2050 3985 qui
2082 3918 2168 3971 illa
2202 3913 2411 3985 praediti
2456 3921 2580 3966 sunt
2601 3952 2615 3974 ,
2667 3906 2874 3961 alienus
2908 3922 2920 3958 :
2952 3902 3308 3959 verumetiam
3349 3908 3569 3954 contra-

1963 4014 2094 4067 riam
2124 4012 2172 4066 ci
2202 4010 2452 4064 virtutem
2482 4001 2866 4074 supramodum
2899 3998 3134 4068 suscepi,
3166 4009 3361 4061 nempe
3391 3992 3570 4046 humi-

1961 4106 2163 4159 litatcm
2192 4145 2206 4168 ,
2251 4099 2674 4155 moderationem
2703 4136 2717 4158 ,
2765 4091 3171 4147 contritionem.
3225 4084 3357 4140 Illud
3395 4084 3569 4153 ipsum

1961 4197 2210 4252 Christus
2237 4206 2452 4263 quoque
2479 4187 2722 4258 prtccipit
2745 4182 3020 4252 disCipulis
3045 4179 3178 4241 suis,
3201 4177 3387 4232 dicens
3412 4192 3425 4228 :
3453 4173 3506 4228 Ν
3511 4174 3554 4228 is

1962 4287 2190 4341 conversi
2220 4284 2447 4355 fueritis,
2478 4289 2526 4336 et
2557 4275 2843 4350 eﬂiciamini
2864 4276 2991 4328 sicut
3018 4268 3235 4341 parvuli,
3272 4285 3373 4321 non
3394 4267 3566 4336 ingre-

1963 4380 2167 4432 diemini
2190 4391 2397 4446 regnum
2419 4373 2658 4426 caelorum
2682 4371 2699 4437 (
2723 4367 2909 4421 Matth.
2935 4364 3025 4419 18.
3055 4365 3088 4419 5
3175 4361 3344 4424 Talis,
3373 4358 3567 4428 inquit.

1963 4469 2058 4524 fttit
2104 4483 2218 4523 mea
2263 4464 2535 4519 humilitas
2562 4503 2577 4526 ,
2627 4459 2803 4530 qualis
2846 4455 3062 4511 infantis
3088 4495 3102 4519 ,
3153 4452 3244 4522 qui
3279 4450 3473 4519 pendet
3501 4448 3572 4503 ab

1961 4563 2127 4617 ubere
2157 4560 2362 4614 matris.
2396 4552 2858 4623 Quemadmodum
2889 4549 3032 4604 enim
3065 4548 3151 4601 ille
3181 4543 3418 4598 tulhn-rel
3451 4556 3570 4594 ma-

1961 4654 2027 4708 tri
2049 4695 2065 4721 ,
2098 4651 2313 4706 humilis
2334 4657 2438 4713 est,
2465 4655 2520 4702 et
2547 4643 2694 4698 omni
2725 4639 3029 4710 arrogantia
3074 4651 3276 4690 vacuus
3302 4675 3316 4698 ,
3365 4632 3491 4687 vivit
3517 4630 3570 4686 in

1963 4745 2264 4803 innocentia
2297 4755 2504 4797 summa
2531 4746 2586 4793 et
2618 4733 3000 4802 simplicitate:
3031 4730 3101 4783 ita
3128 4743 3227 4798 ego
3250 4727 3409 4780 etiam
3444 4737 3570 4794 erga

1965 4841 2131 4894 Deum
2167 4852 2254 4889 me
2284 4831 2534 4903 gerebam
2556 4871 2570 4895 ,
2605 4828 2652 4881 ei
2683 4823 2945 4896 perpetuo
2971 4819 3277 4874 adhmrens.
3306 4811 3572 4870 Ablactali

1963 4941 2140 4985 autem
2169 4944 2275 4982 non
2297 4926 2395 4980 abs
2418 4939 2476 4980 re
2505 4921 2748 4976 meminit
2773 4933 2788 4983 ;
2823 4913 2917 4970 sed
2960 4912 3147 4968 Volens
3177 4907 3463 4964 ostendere
3489 4912 3574 4960 al-

1964 5025 2279 5086 llictionem,
2308 5017 2628 5085 angustiam,
2657 5012 2928 5073 dolorem,
2956 5007 3222 5062 malorum
3247 5001 3576 5073 magnitudi-

1965 5132 2108 5170 nem.
2161 5107 2623 5180 Quemadmodum
2656 5119 2785 5174 crgo
2825 5099 3117 5171 parvulus,
3166 5096 3255 5167 qui
3287 5109 3460 5163 nuper
3507 5093 3577 5147 ab

1966 5211 2128 5262 ubere
2155 5207 2371 5259 avulsus
2408 5207 2523 5262 est.
2568 5213 2638 5253 ne
2672 5198 2750 5252 sic
2779 5193 2997 5265 quidem
3041 5206 3071 5245 a
3117 5199 3292 5247 matre
3333 5187 3572 5251 recedit,

1965 5302 2057 5356 sed
2089 5300 2242 5361 ﬂens,
2269 5309 2513 5366 gemens,
2546 5294 2735 5363 lugens
2757 5332 2771 5354 ,
2804 5303 2946 5359 aegre
2973 5285 3154 5342 ferens
3188 5283 3206 5354 (
3223 5283 3288 5355 b)
3325 5291 3380 5339 et
3409 5298 3466 5337 se
3493 5280 3577 5334 af-

1966 5395 2196 5456 ﬁictans,
2228 5387 2383 5442 matri
2407 5400 2622 5455 semper
2642 5383 2904 5445 adhaeret,
2935 5394 3035 5434 nec
3056 5377 3124 5433 ab
3144 5392 3207 5431 ea
3233 5375 3437 5430 recedit
3463 5391 3476 5426 :
3508 5374 3579 5427 ita

1966 5501 2065 5556 ego
2087 5496 2320 5552 quoque,
2350 5479 2540 5548 inquit,
2563 5492 2685 5530 cum
2706 5489 2881 5529 essem
2905 5472 2956 5527 in
2975 5471 3288 5535 afﬂictione,
3314 5467 3575 5538 angustiis

2028 5617 2101 5681 (α)
2136 5625 2246 5681 Hmc
2267 5610 2613 5675 interpretatio
2639 5616 2717 5681 est
2745 5600 3580 5681 juxtaSymmacbnmAetfbgmlo-

1963 5660 2150 5731 nollem
2159 5660 2422 5726 illia—veri)
2435 5660 2646 5738 prorsus
2660 5660 2971 5738 desideratur
2992 5670 3039 5716 in
3064 5667 3285 5738 {Lditione
3299 5660 3481 5738 Savllil.

2257 5725 2598 5806 vocegjtegre
2629 5738 2812 5806 [ει-ρω-
2834 5734 3214 5806 (ὂυᾳχςραῖγον),
3252 5732 3466 5780 deerant
3517 5725 3570 5774 in

1967 5796 2150 5863 Monet.
2181 5809 2280 5856 Sed
2306 5804 2354 5854 itt
2381 5801 2491 5853 aliis
2514 5796 2896 5863 Exemplaribus
2920 5796 3186 5845 habentur.
