4086 6432
561 344 668 402 ω

560 472 616 515 et
643 460 821 514 multis
841 457 1250 534 calamitatibus,
1280 456 1391 510 Deo
1415 472 1630 525 semper
1647 455 1868 510 adhaesi.
1896 455 1950 511 Si
1977 466 2153 512 autem

562 553 632 604 ita
661 563 765 605 non
793 549 889 615 l‘ui,
917 550 1263 616 retribuatur',
1295 548 1488 618 inquit,
1520 563 1680 618 super
1696 549 1927 603 animam
1959 562 2155 611 meam,

495 643 500 647 '
568 644 668 696 hoc
694 649 795 705 est,
830 638 950 693 dem
981 625 1220 692 ultimum
1249 635 1588 709 supplicium.
1615 639 1668 692 ι.
1703 638 1882 708 Sperat
1909 635 2076 690 Israel
2101 640 2156 690 in

560 730 779 784 Domine
804 772 822 799 ,
852 746 915 784 ea:
942 731 1036 784 hoc
1061 746 1194 784 nunc
1232 739 1278 784 et
1315 744 1470 797 usque
1495 729 1549 784 in
1575 730 1838 783 sarculum.
1871 727 2033 784 Vides
2053 771 2068 794 ,
2099 736 2158 782 ut

558 822 668 877 dixi
695 825 747 876 in
779 824 1039 892 principio
1063 865 1078 889 ,
1125 824 1178 878 in
1207 823 1270 878 iis
1294 822 1504 893 quidem
1533 839 1652 894 qua:
1680 824 1746 878 ad
1775 824 1932 878 ﬁdem
1962 832 2014 879 et
2052 823 2155 878 do-

557 922 736 983 gmata
764 915 1032 986 pertinent
1056 957 1070 980 ,
1102 916 1201 969 etsi
1245 915 1387 968 nulla
1415 930 1576 970 causa
1605 916 1693 982 sit,
1737 924 1987 984 oportere
2015 915 2151 969 assi-

557 1006 664 1061 due
683 1004 920 1076 gloriari,
944 1013 998 1060 et
1022 1020 1145 1060 eum
1169 1006 1258 1074 qui
1289 1020 1394 1059 non
1421 1005 1678 1074 gloriatur
1699 1006 1906 1074 perire:
1929 1006 1981 1059 in
2007 1014 2153 1060 recte

559 1103 737 1150 autem
775 1094 948 1160 lactis,
976 1110 1096 1148 cum
1129 1102 1338 1166 tempus
1364 1095 1626 1166 postulat,
1656 1112 1761 1149 non
1794 1096 2150 1151 recusandum

558 1202 680 1242 esse
706 1187 942 1258 gloriari.
971 1185 1250 1255 Quodnam
1294 1198 1375 1241 est
1410 1195 1586 1240 autem
1619 1188 1864 1255 tempus?
1905 1187 2065 1242 Multa
2096 1198 2151 1243 et

562 1275 736 1341 varia,
764 1291 990 1346 quorum
1017 1290 1181 1331 unum
1212 1284 1298 1331 est
1322 1317 1338 1341 ,
1381 1275 1604 1331 docendi
1632 1277 1953 1332 auditorem.
1995 1278 2146 1346 Quod

487 1367 489 1369 ’
555 1367 642 1422 hic
669 1381 881 1436 quoque
906 1367 1106 1432 sciens,
1155 1376 1211 1423 et
1233 1368 1522 1424 ostendens
1567 1385 1628 1424 se
1677 1383 1770 1423 sua
1818 1381 1965 1425 recte
2007 1371 2143 1426 facta

555 1458 675 1513 ideo
692 1458 892 1524 dicere,
918 1468 976 1514 ut
996 1459 1293 1535 auditorem
1314 1459 1382 1514 ad
1404 1461 1485 1514 sui
1509 1461 1858 1516 imitationem
1887 1462 2140 1528 attrahat,

551 1550 827 1621 subjunxit
866 1552 1092 1608 dicens:
1125 1551 1307 1623 Sperat
1347 1551 1515 1608 Israel
1554 1554 1608 1607 in
1642 1552 1862 1608 Domino
1886 1595 1902 1614 .
1950 1537 2145 1610 ex-hoc

551 1657 688 1695 nunc
719 1649 768 1695 et
797 1658 950 1710 usque
975 1642 1030 1696 in
1055 1643 1319 1696 secutum.
1345 1642 1468 1698 Sive
1490 1682 1506 1710 ,
1555 1643 1742 1713 inquit,
1772 1645 2104 1700 calamitates
2124 1689 2139 1711 ,

550 1732 663 1786 sive
682 1731 1045 1802 aegritudines,
1068 1733 1180 1787 sive
1199 1733 1359 1801 bella,
1387 1742 1442 1788 et
1466 1735 1821 1803 captivitates,
1841 1738 1952 1791 sive
1973 1738 2143 1804 quod-

550 1841 779 1893 cumque
804 1825 944 1880 aliud
973 1841 1141 1895 grave
1168 1827 1568 1896 etinopinatum
1600 1830 1796 1882 malum
1827 1839 1879 1884 te
1905 1832 2138 1886 circnm-

550 1913 782 1980 sederit,
811 1927 957 1984 spem
989 1917 1042 1970 in
1075 1917 1239 1970 Deum
1268 1927 1340 1970 et
1371 1919 1820 1986 exspectationem
1849 1921 1990 1975 illam
2020 1930 2140 1976 tene

551 2007 776 2060 lirmitcr
801 2049 814 2069 .
848 2015 901 2059 et
937 2006 1154 2062 omnino
1188 2008 1360 2063 bonus
1388 2011 1489 2064 erit
1532 2008 1623 2063 tibi
1663 2011 1782 2063 linis
1829 2022 1882 2065 et
1929 2013 2136 2081 exitus,

552 2097 661 2150 Deo
702 2097 905 2152 scilicet
949 2096 1085 2152 hanc
1117 2107 1258 2153 tuam
1288 2100 1479 2154 bonam
1527 2113 1674 2184 spem
1707 2113 2081 2157 remunerante
2108 2119 2137 2158 a

548 2188 698 2242 inaiis
726 2188 818 2243 tibi
863 2189 982 2242 data
1031 2189 1344 2244 liberatione
1368 2232 1383 2256 ,
1431 2192 1480 2244 in
1525 2185 1735 2245 Christo
1765 2193 1891 2247 Jesu
1913 2194 2139 2249 Domino

545 2288 728 2333 nostro
758 2298 772 2333 :
804 2281 888 2334 cui
909 2279 1079 2349 gloria
1107 2287 1165 2335 et
1192 2282 1471 2351 imperium
1497 2283 1547 2336 in
1576 2285 1769 2337 saecula
1797 2285 2132 2339 smcnlorum.

546 2375 581 2422 Α
593 2384 712 2425 tuen
723 2412 736 2425 .

967 2461 1030 2516 l'N
1071 2461 1396 2518 PSALMUM
1436 2460 1676 2518 CXXXI.

546 2552 571 2605 ἰ
631 2550 882 2606 Memento
905 2593 921 2619 ,
953 2551 1172 2607 Domine
1193 2595 1208 2621 ,
1226 2554 1405 2608 David
1426 2596 1442 2621 ,
1475 2565 1520 2609 et
1547 2557 1708 2609 omnis
1738 2558 2134 2615 titansuetudinis

1255 2663 1386 2717 ejus.

614 2758 670 2812 1.
700 2756 865 2812 Hosis
887 2757 1323 2822 mansuetudo.—
1341 2757 1481 2812 Alibi
1504 2758 1717 2830 quidem
1747 2771 1936 2832 rogant
1957 2764 2131 2821 solum

543 2848 742 2904 servari
769 2863 835 2903 ex
863 2849 1121 2904 memoria
1148 2849 1411 2918 majorum
1443 2868 1456 2904 :
1491 2849 1576 2905 hic
1602 2859 1782 2907 autem
1807 2852 1944 2907 bona
1971 2867 2132 2922 opera

541 2948 761 2994 narrant
779 2978 797 3005 ,
830 2949 886 2995 et
926 2939 1068 3010 quod
1094 2946 1177 2996 est
1206 2942 1442 2996 omnium
1473 2942 1732 2996 bonorum
1759 2958 1918 3000 causa
1943 2986 1958 3009 ,
2013 2961 2131 3000 mo-

540 3024 908 3103 derationem,
948 3029 1301 3088 humilitatem
1325 3033 1871 3098 ,-ma‘asuetudiuem.
1914 3035 2039 3089 ideo
2077 3036 2129 3090 in

541 3121 770 3177 maxima
797 3137 1009 3192 quoque
1033 3121 1387 3178 admiratione
1414 3118 1709 3193 bibebatur
1732 3124 1925 3181 Moses.
1957 3124 2085 3180 Erat
2112 3169 2127 3194 ,

542 3213 751 3286 inquit,
796 3214 1088 3271 mitissimus
1114 3216 1340 3269 euntium
1367 3215 1629 3270 hominum
1648 3258 1662 3281 ,
1705 3219 1790 3288 qui
1813 3228 1953 3272 erant
1981 3237 2131 3289 super

541 3315 727 3360 terram
752 3304 773 3378 (
797 3303 960 3358 Nunt.
985 3305 1074 3360 12.
1104 3302 1194 3378 3).
1221 3304 1325 3361 Sed
1345 3306 1586 3363 nonnulli
1612 3306 1846 3363 haeretici
1871 3310 1986 3378 ejus
2010 3309 2131 3364 vitae

543 3397 862 3474 institutum,
889 3405 944 3451 et
969 3395 1023 3451 id
1043 3395 1185 3466 quod
1210 3389 1416 3454 dictum"
1437 3406 1519 3453 est
1547 3383 1999 3469 reprehendentes
2025 3401 2125 3474 (α),

542 3486 748 3552 dicunt,
797 3471 935 3555 Quid
962 3485 1135 3545 dicis?
1181 3496 1298 3543 erat
1328 3487 1416 3542 ille
1454 3489 1914 3561 mitissimus,qui
1937 3471 2130 3547 invasit

540 3577 848 3651 .AEgyptium
872 3620 888 3646 ,
937 3587 994 3635 et
1016 3594 1140 3635 eum
1181 3572 1487 3635 interiecit?
1517 3581 1607 3651 qui
1631 3580 1846 3637 Judaaos
1885 3583 2128 3652 implevit

539 3671 796 3744 sanguine
823 3679 880 3727 et
901 3671 1058 3728 bellis
1081 3671 1392 3727 intestinis?
1419 3671 1509 3742 qui
1528 3672 1689 3741 jussit
1718 3683 1776 3728 ut
1803 3677 2126 3746 consangui-

539 3762 626 3820 nei
649 3773 904 3834 cognatos
927 3761 1236 3818 occiderent
1252 3761 1278 3815 'l
1302 3762 1390 3834 qui
1419 3763 1666 3832 precibus
1689 3772 1749 3818 ut
1779 3775 1916 3821 terra
1945 3764 2128 3821 dehis-

539 3862 690 3910 ceret
713 3851 906 3919 ellecit,
935 3862 991 3908 et
1011 3867 1045 3908 e
1071 3852 1317 3922 supernis
1360 3851 1560 3934 fulmen
1580 3851 1846 3909 'deorsum
1872 3854 2124 3924 vibravit,

538 3955 593 3999 et
617 3944 742 4000 illos
768 3942 982 4014 quidem
1007 3943 1294 3999 submersit
1316 3983 1330 4010 ,
1377 3943 1477 3998 hos
1516 3958 1646 4000 vero
1691 3946 1934 4001 exussit?
1959 3949 2005 4002 si
2040 3948 2126 4004 hic

539 4036 704 4102 initis,
728 4012 846 4107 quis
873 4049 1045 4090 szevus
1074 4042 1129 4090 et
1154 4034 1472 4090 iracundus?
1491 4035 1706 4102 Desine,
1741 4053 1913 4106 neque
1937 4052 2128 4108 super-

540 4143 773 4182 vacanea
804 4128 1040 4197 loquere.
1073 4125 1226 4192 Quod
1252 4126 1395 4181 enim
1421 4137 1538 4182 erat
1576 4128 1741 4195 mitis,
1788 4138 1844 4184 et
1887 4131 2124 4186 omnium

541 4221 816 4276 hominum
837 4220 1171 4284 mitissimus,
1189 4229 1244 4274 et
1270 4219 1411 4281 dico.
1433 4234 1606 4290 neque
1626 4237 1878 4292 umquam
1904 4225 2127 4279 cessabo

536 4312 737 4377 dicere,
764 4321 817 4367 et
842 4312 886 4366 si
912 4311 1096 4377 vultis,
1119 4326 1223 4365 non
1249 4311 1463 4366 aliunde
1480 4327 1638 4382 quam
1669 4329 1735 4368 ex
1762 4313 1827 4368 iis
1845 4330 1965 4385 qua:
1985 4315 2125 4371 dicta

537 4412 662 4461 sunt
685 4404 924 4460 conabor
948 4402 1234 4459 ostendere
1273 4403 1391 4472 ejus
1432 4403 1916 4460 mansuetudinem.
1965 4408 2127 4478 Atqui

540 4505 779 4565 poteram
805 4494 986 4552 dicere
1012 4509 1132 4565 quae
1158 4493 1226 4548 de
1255 4507 1443 4551 sorore
1479 4493 1549 4548 ab
1572 4508 1639 4550 eo
1672 4495 1739 4550 ad
1763 4495 1943 4552 'Deum
1984 4496 2127 4554 dicta

539 4596 687 4650 sunt,
714 4586 1156 4658 supplicationem
1187 4599 1288 4654 qua
1318 4600 1415 4654 pro
1440 4585 1641 4654 populo
1668 4599 1798 4639 usus
1819 4595 1920 4649 est,
1948 4588 2127 4644 omnia

541 4677 704 4732 verba
735 4677 822 4733 illa
847 4677 1140 4747 apostolica
1167 4717 1181 4741 ,
1211 4685 1265 4730 et
1299 4675 1430 4731 caelo
1457 4674 1614 4745 digna
1639 4719 1655 4743 ,
1705 4676 2124 4752 moderationem

543 4785 648 4839 qua
668 4770 1038 4840 alloquebatur
1064 4769 1338 4836 populum.
1369 4768 1619 4823 Poterant
1648 4770 1762 4824 hzec
1780 4771 1883 4826 dici
1909 4812 1929 4838 ,
1961 4781 2016 4826 et
2042 4771 2126 4828 bis

537 4860 643 4917 alia
670 4860 828 4931 lctige
850 4859 1001 4930 plura
1029 4862 1366 4925 enumerari;
1391 4857 1486 4914 sed
1513 4860 1559 4914 si
1586 4861 1764 4925 vultis.
1789 4860 1873 4916 his
1903 4872 2126 4931 praeter-

541 4953 752 5016 missis,
795 4967 862 5008 ex
891 4951 957 5018 iis
982 4950 1115 5022 ipsis
1135 4966 1254 5020 qua:
1281 4954 1405 5006 ante
1431 4950 1573 5006 dicta
1611 4962 1740 5008 sunt
1773 4952 1842 5008 ab
1857 4954 2086 5009 inimicis
2106 4997 2125 5023 ,

538 5058 638 5114 age
663 5041 1006 5117 ostendamus
1036 5057 1159 5096 eum
1185 5041 1350 5098 fuisse
1372 5043 1609 5097 omnium
1641 5042 1914 5101 hominum
1951 5044 2126 5102 mitis-

541 5134 762 5200 simum,
793 5146 858 5187 ex
882 5131 1072 5202 quibus
1093 5145 1215 5186 eum
1243 5145 1442 5186 saevum
1467 5172 1484 5198 ,
1528 5131 1816 5190 immanem
1839 5145 1890 5191 et
1917 5135 2128 5192 iracun-

540 5223 668 5278 dum
693 5221 906 5291 quidam
931 5236 1052 5277 esse
1077 5223 1400 5278 existimant.
1422 5223 1701 5291 Quomodo
1726 5241 1854 5296 ergo
1879 5229 2128 5286 ostende-

542 5315 704 5371 mus?
735 5313 792 5370 Si
814 5314 971 5384 prius
993 5314 1394 5370 distinxerimus
1416 5355 1432 5380 .
1477 5332 1540 5372 ac
1567 5315 1933 5375 deﬁnierimus
1952 5360 1970 5388 ,
2000 5323 2127 5391 quid

542 5408 615 5463 sit
638 5407 1012 5474 mansuetudo,
1037 5415 1093 5462 et
1117 5407 1246 5477 quid
1267 5406 1534 5464 lerocitas.
1564 5408 1749 5480 Neque
1777 5412 1922 5468 enim
1945 5411 2123 5479 ferire,

543 5509 627 5554 est
654 5498 899 5576 absolute
927 5497 1253 5564 ferocitatis;
1293 5515 1464 5571 neque
1493 5515 1734 5571 parcere,
1765 5507 2126 5562 mansuetudi-

546 5592 629 5650 uis
656 5609 671 5645 :
697 5591 790 5646 sed
819 5591 962 5648 ruitis
987 5592 1078 5647 ille
1105 5604 1187 5648 est
1213 5634 1228 5660 ,
1277 5595 1365 5664 qui
1393 5595 1532 5650 ferre
1572 5604 1748 5664 potest
1788 5613 1908 5668 qua:
1941 5599 1991 5652 in
2019 5601 2128 5654 sci-

605 5705 794 5776 (a)_ttic
808 5705 1004 5776 yidetur
1030 5714 1200 5760 notare
1217 5710 1514 5771 nanichazos,
1539 5711 1622 5774 qui
1653 5709 1820 5776 legem
1846 5718 1896 5764 et
1921 5720 2126 5776 Moysen:

541 5766 991 5831 reponendarum.

1275 341 1331 396 S.
1372 340 1654 400 JOANNIS
1690 340 2166 405 CllllXSOSTOMl
2202 340 2520 396 ARClllEl’.
2562 342 3096 402 CONSTANTINOP.

3763 355 3888 410 380

2267 471 2416 524 psum
2449 468 2662 526 peccata
2692 467 2816 513 sunt
2850 501 2865 525 ,
2910 462 2999 530 qui
3043 461 3161 517 aliis
3206 462 3401 520 factam
3445 467 3696 538 injuriam
3746 489 3892 541 pru-

2263 547 2457 614 pulsat,
2480 558 2534 601 et
2558 548 2633 602 eis
2661 546 2761 602 l'ert
2780 563 2959 618 opem,
2985 560 3039 606 et
3062 563 3146 608 εει
3172 553 3464 612 vehemens
3485 559 3629 614 ultor
3649 575 3882 627 eorum,

2262 639 2354 705 qui
2383 639 2576 707 probra
2617 640 2906 709 ingerunt;
2947 642 3241 712 quiautem
3284 663 3386 702 non
3434 659 3516 706 est
3559 651 3829 720 ejusmodi
3862 695 3880 719 ,

2261 728 2355 781 sed
2381 737 2462 782 est
2492 728 2654 783 hebes
2673 769 2688 794 ,
2719 728 2898 797 deses,
2927 735 3298 792 somnolentus
3323 779 3335 802 ,
3368 750 3421 794 et
3450 751 3665 796 mortuo
3693 725 3833 799 nihil
3856 759 3879 794 ι

2263 819 2452 875 melius
2477 818 2718 896 allectus,
2751 836 2856 875 non
2889 832 2973 877 est
3012 825 3157 879 mitis
3181 842 3281 882 nec
3309 841 3643 887 mansuetus.
3673 833 3874 904 Despi-

2259 923 2381 964 ccre
2410 925 2504 966 eos
2527 912 2722 982 quibus
2752 912 2810 966 lit
2833 912 3025 983 injuria
3051 956 3066 981 ,
3113 931 3220 970 non
3241 917 3425 975 dolere
3447 922 3616 977 vicem
3669 937 3865 980 eorum

2257 1001 2347 1070 qui
2375 1001 2562 1071 injuria
2605 1002 2949 1068 afﬁciuntur,
2997 1020 3101 1062 nec
3154 1007 3217 1062 iis
3241 1009 3396 1066 irasci
3440 1013 3530 1081 qui
3562 1014 3778 1081 probris
3803 1026 3870 1070 ct

2255 1092 2594 1148 contumeliis
2617 1090 2894 1161 alliciunt,
2924 1110 3033 1152 non
3059 1108 3142 1153 est
3174 1103 3399 1166 virtutis,
3430 1104 3524 1158 sed
3558 1108 3669 1160 vitii
3703 1125 3717 1162 :
3749 1125 3869 1162 non

2254 1193 2335 1238 est
2377 1187 2838 1254 mansuetudinis,
2889 1191 2982 1245 sed
3014 1185 3258 1260 ignaviae.
3300 1193 3477 1261 Quare
3519 1198 3622 1252 hoc
3676 1201 3861 1270 ipsum

2253 1276 2490 1330 ostendit
2539 1277 2656 1347 ejus
2684 1272 3149 1339 mansuetudinem
3177 1326 3194 1350 ,
3240 1294 3294 1339 et
3341 1287 3484 1353 quod
3527 1291 3866 1347 essetadeo

2251 1367 2467 1434 ardens,
2502 1379 2558 1423 ut
2579 1372 2864 1438 prosiliret,
2896 1388 3018 1429 cum
3063 1376 3265 1432 videret
3300 1377 3433 1433 alios
3460 1381 3653 1450 injuria
3683 1383 3856 1453 allici,

2252 1456 2384 1510 iram
2424 1473 2521 1527 pro
2569 1459 2778 1529 jnstitia
2832 1479 2937 1519 non
2977 1465 3158 1522 valens
3204 1467 3456 1526 cohibere
3492 1482 3589 1526 :at
3631 1477 3857 1543 quando

2251 1546 2363 1614 ipse
2393 1551 2532 1602 maio
2559 1551 2739 1622 aliquo
2764 1554 2984 1610 allectus
3024 1567 3108 1612 est
3129 1599 3142 1621 ,
3175 1574 3274 1614 uec
3302 1563 3438 1616 nitus
3460 1575 3562 1628 est,
3594 1581 3696 1620 nec
3728 1582 3852 1636 pae-

2251 1655 2374 1693 nam
2406 1645 2674 1710 sumpsit,
2724 1659 2824 1699 nec
2863 1661 2894 1699 a
2943 1647 3294 1717 philosOphite
3322 1652 3564 1708 instituto
3592 1672 3847 1726 umquam

2248 1733 2490 1787 recessit.
2519 1734 2575 1789 Si
2615 1743 2790 1789 autem
2832 1737 3022 1794 fuisset
3065 1740 3197 1794 adeo
3221 1755 3397 1798 smvus
3425 1756 3478 1799 et
3504 1745 3798 1804 iracundus
3829 1770 3844 1802 :

2248 1825 2336 1893 qui
2368 1839 2464 1894 pro
2492 1825 2612 1880 aliis
2642 1827 2777 1882 adeo
2807 1829 3236 1886 inﬂammabazur
3278 1845 3332 1889 et
3371 1839 3804 1896 excandescebat
3828 1886 3840 1908 ,

2248 1931 2536 1986 numquam
2563 1919 2801 1974 animum
2831 1921 3150 1991 induxisset,
3180 1933 3238 1978 ut
3265 1942 3362 1995 pro
3389 1929 3453 1982 iis
3475 1946 3593 1998 quae
3611 1933 3678 1985 ad
3710 1935 3847 2005 seip-

2245 2021 2363 2060 sum
2393 2008 2751 2076 pertinebant,
2776 2014 3075 2081 quiesceret
3104 2032 3115 2065 :
3144 2017 3238 2070 scd
3262 2025 3385 2073 tunc
3411 2023 3579 2090 magis
3604 2025 3842 2079 irritatus

2244 2101 2451 2158 fuisset.
2499 2104 2658 2160 Scitis
2687 2107 2829 2160 enim
2873 2124 2972 2162 nos
3016 2111 3208 2179 aigrius
3257 2111 3396 2171 ferre
3444 2126 3624 2168 nostra
3675 2136 3836 2187 quam

2244 2196 2440 2251 aliena.
2466 2198 2558 2252 ille
2585 2209 2783 2262 autem,
2816 2216 2935 2254 cum
2961 2204 3046 2256 alii
3068 2204 3280 2271 quidem
3304 2207 3442 2259 male
3472 2210 3837 2278 patiebantur,

2246 2305 2352 2342 non
2382 2289 2556 2343 minus
2581 2301 2739 2358 quam
2771 2292 2846 2344 illi
2871 2294 2966 2363 ipsi
2993 2296 3188 2363 quibus
3211 2299 3348 2351 male
3395 2297 3572 2365 ﬁebat,
3612 2304 3843 2358 ulcisCe-

2243 2380 2396 2432 batur
2422 2397 2434 2430 :
2463 2379 2656 2434 delicta
2683 2391 2860 2435 autem
2891 2398 3011 2451 quae
3042 2385 3094 2438 in
3127 2386 3296 2455 ipsum
3335 2387 3566 2442 admissa
3601 2391 3836 2458 fuerant,

2241 2484 2362 2523 cum
2390 2470 2622 2524 maxima
2652 2473 3092 2539 praetermittebat
3142 2475 3420 2532 tolerantia
3448 2520 3460 2542 ,
3506 2480 3558 2532 in
3608 2491 3840 2552 utroque

2239 2570 2484 2617 extremo
2508 2565 2809 2619 consistens
2831 2606 2846 2630 ,
2881 2565 2970 2619 illo
2996 2566 3208 2636 quidem
3232 2610 3246 2633 ,
3288 2586 3346 2623 se
3372 2584 3491 2625 esse
3519 2572 3673 2628 malis
3703 2574 3840 2628 inim

2241 2667 2381 2709 stum
2405 2697 2422 2721 ,
2473 2655 2576 2711 hoc
2605 2671 2731 2712 vero
2759 2671 2817 2711 se
2866 2672 2986 2712 esse
3016 2659 3190 2713 lenem
3238 2671 3292 2714 et
3321 2663 3607 2729 patientem
3653 2660 3840 2720 osten-

2238 2747 2396 2801 deus.
2419 2745 2525 2801 Sed
2554 2746 2663 2813 dic,
2689 2762 2894 2817 quaeso,
2924 2749 3049 2818 quid
3074 2765 3197 2804 eum
3224 2750 3402 2808 facere
3425 2757 3692 2822 Oportuit?
3712 2773 3837 2812 eam

2239 2835 2553 2907 despicere,
2602 2851 2723 2905 quae
2752 2836 3116 2903 inferebatur,
3160 2839 3406 2907 injuriam
3433 2841 3471 2906 ',
3534 2853 3587 2898 et
3631 2847 3838 2902 malum

2239 2929 2380 2999 quod
2415 2928 2712 2998 pertinebat
2749 2929 2815 2983 ad
2849 2931 3141 2999 pepulum?
3173 2930 3279 2987 Sed
3319 2932 3373 2987 id
3418 2947 3671 3003 nouerat
3715 2939 3841 3008 ejus

2237 3020 2328 3090 qui
2357 3018 2576 3089 regebat
2603 3013 2879 3088 populum,
2914 3035 3013 3076 nec
3040 3023 3286 3090 patientis
3309 3023 3534 3096 alicujus
3560 3037 3616 3081 et
3644 3029 3791 3085 mitis
3820 3072 3836 3093 ,

2236 3111 2331 3168 sed
2357 3111 2556 3166 desidis
2585 3121 2641 3167 et
2659 3113 2858 3182 ignavi.
2882 3111 2962 3167 Tu
2991 3122 3168 3168 autem
3196 3115 3460 3171 medicum
3482 3118 3695 3188 quidem
3722 3137 3836 3176 non

2235 3204 2606 3275 reprehendis,
2635 3204 2726 3274 qui
2758 3205 3093 3274 putredinem
3122 3215 3291 3262 totum
3319 3223 3516 3279 corpus
3543 3226 3836 3280 permean-

2238 3304 2343 3350 tem
2370 3296 2609 3352 sectione
2629 3295 2872 3365 reprimit
2894 3313 2909 3350 :
2937 3296 3086 3352 illum
3107 3306 3285 3353 autem
3313 3298 3446 3355 dicis
3467 3317 3588 3357 esse
3607 3303 3840 3376 atrocis-

2236 3385 2428 3441 simum
2457 3426 2472 3452 ,
2503 3384 2593 3460 qui
2617 3385 2863 3441 morbum
2895 3386 3053 3457 longe
3079 3387 3362 3457 putredine
3401 3392 3702 3462 graviorem
3735 3411 3841 3466 per

2235 3486 2403 3531 totum
2431 3476 2686 3546 populum
2714 3486 3118 3546 permanentem
3148 3478 3258 3534 ictu
3287 3483 3442 3550 paulo
3465 3484 3702 3553 graviori
3731 3502 3836 3541 vo-

2235 3567 2392 3628 luerit
2419 3565 2706 3625 coercere?
2732 3567 2894 3636 Διᾳαί
2914 3566 3029 3623 haec
3050 3576 3176 3623 sunt
3195 3568 3390 3638 judicia
3413 3587 3517 3626 non
3547 3573 3679 3629 satis
3701 3590 3833 3632 con-

2233 3659 2472 3714 siderati.
2498 3655 2662 3720 Tanti.
2678 3658 2821 3714 enim
2845 3659 3027 3731 populi
3047 3659 3382 3730 .prtel‘ectum,
3408 3671 3465 3718 et
3487 3666 3578 3733 qui
3598 3665 3837 3726 ducebat

2233 3756 2447 3820 gentem
2473 3747 2609 3803 adeo
2634 3762 2903 3820 asperam,
2925 3747 3114 3803 duram
3143 3758 3198 3806 et
3222 3750 3637 3822 intractabilem,
3665 3771 3832 3827 oper-

2236 3841 2381 3896 lebat
2416 3841 2596 3897 statim
2623 3853 2654 3894 a
2687 3840 2947 3910 principio
2973 3842 3302 3910 reprimere,
3345 3851 3400 3899 et
3433 3845 3488 3900 in
3515 3846 3634 3914 ipso
3663 3851 3832 3904 vesti-

2234 3931 2361 3986 bulo
2375 3914 2701 3997 rescindere,
2721 3945 2790 3985 ne
2809 3930 3007 4002 malum
3026 3931 3235 4002 longius
3252 3945 3512 4007 serperet.
3536 3937 3608 3991 At
3625 3939 3828 4005 obruit,

2233 4022 2424 4094 inquit,
2455 4021 2660 4076 Datban
2681 4028 2737 4075 et
2764 4019 2986 4075 Abiron.
3008 4021 3146 4088 Quid
3169 4021 3339 4078 dicis?
3363 4025 3716 4094 oportebatnc
3736 4030 3830 4086 de-

2233 4115 2440 4185 spicere
2459 4113 2838 4179 sacerdotium,
2854 4114 3175 4182 conculcari,
3201 4123 3256 4170 et
3284 4116 3377 4172 Dei
3404 4118 3548 4188 leges
3570 4123 3760 4187 everti,
3775 4134 3828 4179 et

2233 4207 2288 4263 id
2312 4207 2455 4278 quod
2479 4207 2657 4261 omnia
2680 4206 2920 4260 continet
2947 4205 3162 4261 dissolvi
3192 4224 3209 4262 :
3235 4206 3358 4262 dico
3382 4218 3560 4264 autem
3597 4209 3828 4281 dignitao

2234 4308 2342 4354 tem
2383 4296 2668 4353 sacerdotii
2691 4312 2717 4365 ;,
2739 4303 2795 4350 et
2819 4295 3067 4350 omnibus
3090 4295 3249 4368 adyta
3280 4295 3618 4368 patefacere,
3660 4310 3719 4356 et
3759 4317 3826 4359 es

2234 4404 2422 4446 eorum
2447 4379 2755 4457 contemptu
2779 4387 3089 4457 permittere
3113 4395 3170 4440 ut
3195 4386 3380 4443 liceret
3408 4389 3711 4446 volentibus
3736 4409 3828 4447 sa-

2233 4492 2511 4539 crosancta
2540 4480 2857 4536 coacuit-are
2881 4487 3028 4548 septa
3052 4519 3070 4546 ,
3113 4488 3168 4535 et
3204 4481 3382 4535 omnia
3428 4495 3626 4552 susque
3655 4483 3830 4554 deque

2233 4589 2391 4644 agere
2406 4584 2460 4628 et
2473 4569 2739 4628 miscere?
2760 4571 2919 4639 Atqui
2935 4586 2998 4625 ea
3017 4585 3120 4625 non
3139 4572 3711 4637 eratmansuetudinis.
3732 4576 3828 4630 sed

2233 4658 2633 4721 inhumanitatis
2661 4673 2716 4718 et
2743 4662 3072 4718 crudelitatis
3092 4703 3108 4727 ,
3139 4661 3417 4731 despicere
3446 4671 3650 4719 tantum
3682 4665 3830 4733 quod

2231 4757 2507 4814 crescebat
2536 4755 2736 4810 malum
2763 4774 2776 4806 :
2807 4763 2863 4809 et
2887 4753 3014 4808 dum
3035 4751 3280 4809 ducentis
3303 4765 3569 4824 parceret,
3603 4755 3830 4823 perdere

2235 4858 2312 4904 tot
2333 4849 2515 4903 millia.
2548 4846 2646 4902 Dic
2667 4845 2810 4900 cnim
2841 4843 2969 4899 mihi
2989 4885 3005 4910 ,
3035 4859 3217 4915 quatso
3239 4885 3258 4911 ,
3305 4844 3520 4916 quando
3543 4845 3705 4915 jussit
3731 4863 3829 4918 ge-

2233 4954 2362 5008 nere
2387 4937 2715 5008 propinquos
2737 4934 2982 4991 occidere
2998 4976 3014 5002 ,
3037 4933 3165 5006 quid
3180 4950 3303 4990 eum
3344 4935 3522 4991 facere
3555 4940 3826 5007 oportuit,

2233 5005 2357 5084 cum
2385 5005 2528 5083 licus
2565 5005 2917 5093 irasceretur,
2945 5035 3214 5081 cresceret
3239 5025 3510 5096 impietas,
3539 5005 3660 5081 cum
3692 5029 3827 5086 nihil

2234 5129 2397 5186 esset,
2427 5118 2568 5191 quod
2597 5132 2692 5174 eos
2720 5125 2900 5188 posset
2935 5117 3003 5172 ab
3027 5117 3105 5172 ira
3143 5115 3397 5186 eripere?
3438 5119 3828 5186 permittet-ene

2233 5210 2417 5267 debuit
2438 5219 2495 5266 ut
2523 5209 2676 5281 plaga
2702 5209 2930 5265 celestis
2958 5209 3014 5264 in
3043 5223 3231 5264 omnes
3255 5209 3423 5264 tribus
3447 5209 3824 5282 descenderet,

2234 5313 2289 5359 et
2315 5302 2564 5358 universo
2591 5300 2773 5372 generi
2797 5300 3068 5356 interitum
3093 5297 3310 5356 aﬂ‘erret
3331 5339 3349 5366 ,
3388 5309 3444 5354 et
3466 5316 3587 5356 cum
3617 5302 3822 5373 suppli-

2234 5394 2320 5451 cio
2361 5394 2630 5465 negligere
2669 5401 2940 5463 peccatum
2978 5391 3412 5449 immedicabile?
3457 5407 3526 5448 an
3569 5408 3727 5463 ptena
3773 5409 3824 5452 ct

2298 5527 2317 5558 ι
2349 5522 2462 5587 Alii,
2481 5522 2730 5584 despicere
2767 5529 3063 5587 grassantem
3085 5523 3365 5587 mnium
3389 5531 3548 5587 perte
3569 5537 3663 5574 nou
3682 5538 3823 5586 sper-

2235 5586 2395 5637 nenda
2435 5586 2582 5636 lectio
2607 5598 2620 5632 ε
2649 5593 2891 5694 eruntque
2930 5586 3137 5657 fortasse
3161 5586 3256 5648 qui
3281 5586 3638 5658 praeferendam
3683 5587 3821 5636 alter:

2235 5649 2506 5694 mtabunt:
2538 5646 2628 5694 sed
2647 5659 2755 5694 ann
2777 5658 2805 5694 a
2829 5660 2922 5694 tam
2956 5644 3158 5694 Savdtus
3195 5653 3376 5694 pariter
3419 5654 3570 5694 atque
3603 5648 3821 5694 uomitus

2235 5649 2506 5712 {litabunt}
2538 5646 2628 5696 sed
2647 5659 2755 5694 ann
2777 5644 2922 5712 aliam
2956 5644 3158 5696 Saviiius
3192 5644 3376 5712 pariter
3419 5654 3570 5712 atque
3603 5648 3824 5698 ttorelius

2236 5709 2561 5766 adhibuerim,
2600 5714 2748 5769 atque
2779 5709 2848 5759 ita
2867 5709 2930 5757 ab
2954 5714 3227 5766 tnterprete
3262 5709 3440 5758 lcetum
3463 5711 3542 5758 sit.
3573 5722 3682 5756 eam
3707 5719 3818 5758 reti-

2239 5784 2361 5825 ncrc
2387 5774 2541 5821 visum
2558 5777 2634 5820 est
2660 5783 2671 5819 :
2693 5783 2802 5819 cum
2823 5769 3002 5837 alioqui
3024 5782 3104 5823 res
3124 5770 3187 5818 sit
3211 5770 3393 5820 minimi
3416 5775 3669 5821 nunucuti.
