4086 6442
519 379 620 436 381

519 492 614 546 καὶ
643 490 786 560 φόνῳ
820 484 1087 557 σωμάτων
1111 481 1308 551 ὀλίγων
1337 482 1396 538 τό
1430 499 1492 537 τε
1531 483 1836 555 ἁμάρτημα
1863 481 2096 544 ἀνελεῖν,

518 579 617 646 τήν
646 592 704 628 τε
737 572 906 645 ὀργὴν
947 571 1313 642 ἀναχαιτίσαι,
1352 571 1442 624 τόν
1464 587 1523 624 τε
1553 569 1686 623 Θεὸν
1719 569 1844 623 τλεω
1875 581 1901 610 ι
1929 585 2098 622 κατα-

520 661 714 732 στῆσαι
734 665 845 725 τοῖς
864 660 934 714 τά
962 658 1184 712 τοιαῦτα
1211 656 1766 728 πεπλημμεληκόσιν;
1795 657 1891 710 Ἀν
1925 653 2100 719 οὕτως

519 749 777 820 ἐξετάζῃς
809 747 877 802 τὰ
901 745 995 800 τοῦ
1020 745 1250 810 δικαίου,
1280 743 1399 814 ὕψει
1437 743 1670 815 μάλιστα
1697 742 1948 797 ἐντεῦθεν
1969 741 2097 795 ὄντα

517 838 681 890 αὑτὸν
711 837 1028 906 πραότατον.

590 924 656 994 β’.
697 920 861 976 Ἀλλά
879 921 1052 975 ταῦτα
1076 921 1140 973 ἐκ
1162 918 1267 972 τῶν
1287 918 1592 988 εἰρημένων
1606 919 1718 981 τοῖς
1745 916 2096 987 φιλομαθέσιν

517 1007 747 1079 ἀφέντες
772 1009 1074 1074 ἀναλέγειν,
1104 1007 1189 1059 ἵνα
1225 1006 1297 1076 μὴ
1324 1004 1384 1057 τὸ
1407 1006 1683 1077 πάρεργον
1713 1003 1804 1056 τοῦ
1836 1003 1973 1074 μετά
1993 1004 2098 1073 χεί-

520 1114 621 1169 ρας
651 1097 832 1168 μεῖξον
865 1095 1202 1165 ποιήσωμεν,
1233 1093 1325 1144 ἐπί
1355 1091 1415 1144 τὸ
1435 1089 1792 1161 προκείμενον
1815 1091 2003 1158 ἴωμεν.
2031 1089 2096 1142 Τί

515 1185 569 1236 δὲ
600 1180 666 1254 ῆν
696 1183 756 1236 τὸ
776 1182 1172 1253 ¹προκείμενοη
1199 1178 1534 1244 Μνήσθητι,
1573 1179 1773 1244 Κύριε,
1801 1173 1910 1230 τοῦ
1943 1175 2094 1250 [576]

516 1269 714 1335 Δαυῒδ,
756 1268 854 1322 καί
886 1266 1089 1332 πάσης
1117 1264 1224 1332 τῆς
1245 1265 1578 1332 πραότητος
1607 1263 1816 1318 αὐτοῦ’
1839 1265 1920 1329 ὡς
1954 1263 2097 1332 ὤμο-

515 1373 590 1418 σε
619 1355 698 1421 τῷ
738 1355 932 1421 Κυρίῳ
957 1355 1006 1418 δ,
1047 1355 1273 1423 ηὔξατο
1326 1350 1403 1417 τῷ
1453 1349 1576 1416 Θεῷ
1608 1350 1820 1406 Ἰακώϐ,
1867 1350 2094 1420 Προθεὶς

515 1446 688 1497 εἰπεῖν
711 1443 835 1514 περὶ
851 1441 1171 1515 πραότητος,
1197 1441 1352 1510 ἀφεὶς
1374 1437 1736 1509 διηγήσασθαι
1757 1437 1825 1491 τὰ
1845 1438 1985 1500 κατά
2004 1437 2096 1491 τὸν

517 1530 709 1595 Σαοὺλ,
741 1531 808 1583 τά
839 1529 982 1583 κατὰ
1005 1529 1134 1592 τοὺς
1164 1528 1445 1596 ἀδελφοὺς,
1475 1527 1540 1580 τά
1564 1526 1658 1579 τοῦ
1695 1526 1967 1588 Ἰωνάθαν,
1995 1525 2095 1598 τὴν

518 1617 897 1688 μακροθυμίαν
922 1615 1020 1686 τὴν
1041 1616 1133 1668 ἐπὶ
1163 1614 1256 1667 τοῦ
1278 1614 1610 1686 στρατιώτου
1635 1611 1729 1667 τοῦ
1754 1613 1967 1684 μυρίοις
1991 1614 2094 1667 αὺ-

512 1706 606 1758 τὸν
648 1703 1034 1775 περιϐαλόντος
1083 1701 1359 1764 ὀνείδεσιν,
1398 1701 1562 1772 ἐτερα
1609 1700 1828 1754 πλείονα
1866 1699 2089 1767 τούτων,

513 1791 600 1860 ὶφ⁹
625 1791 811 1860 ῑτερον
837 1788 1133 1858 κεφάλαιον
1157 1788 1280 1855 ἀγει
1302 1787 1393 1840 τὸν
1415 1786 1592 1854 λόγον,
1621 1787 1649 1839 6
1672 1785 1832 1855 ζήλου
1857 1786 2095 1855 μάλιστα

511 1873 581 1946 ἦν
615 1876 828 1932 πολλοῦ.
856 1876 1010 1937 Τίνος
1037 1875 1094 1928 δέ
1127 1875 1310 1929 ἐνεκεν
1334 1873 1493 1927 τοῦτο
1523 1876 1696 1937 ποιεῖς
1725 1875 1882 1927 Δυοῖν
1906 1874 2089 1926 ἕνεκα·

513 1966 631 2030 ἐνὸς
656 1964 776 2035 μὲν,
799 1963 986 2034 ἐπειδὴ
1017 1962 1190 2032 τούτῳ
1221 1963 1454 2034 μάλιστα
1486 1961 1838 2031 ἐπιτέρπεται
1869 1962 1898 2014 6
1936 1962 2088 2026 Θεός⁶

525 2052 655 2105 Ἐ’πί
707 2052 840 2104 τίνα
875 2050 985 2118 τὰρ
1013 2048 1338 2117 ἐπιϐλέψω,
1389 2048 1574 2118 φησὶν,
1609 2049 1746 2102 ἀλλ’
1781 2049 1818 2116 ἢ
1859 2049 1955 2102 ἐπὶ
1985 2049 2092 2103 τὸν

512 2136 706 2206 πρᾶον
731 2147 753 2176 ε
787 2137 884 2190 καί
909 2137 1189 2205 ἡσύχιον,
1224 2136 1320 2189 καί
1351 2135 1638 2205 τρέμον-τά
1655 2154 1775 2206 μου
1813 2135 1956 2202 τοὺς
1986 2139 2090 2190 λό-

510 2243 690 2295 rovc;
714 2227 900 2298 ἐτέρου
925 2226 1003 2291 δέ,
1033 2224 1217 2296 ἐπειδὴ
1240 2226 1299 2277 τὸ
1324 2229 1645 2294 κατεπεῖγον
1668 2225 1823 2279 τοῦτο
1857 2225 2089 2295 μάλιστα

507 2309 598 2383 ἦν,
668 2313 963 2376 ἀνάστασις
1026 2309 1177 2375 ναοῦ,
1244 2313 1338 2365 καὶ
1390 2312 1645 2382 οἰκοδομὴ
1708 2312 1933 2376 πόλεως,
1993 2313 2089 2365 καὶ

508 2401 542 2468 ἠ
566 2399 666 2470 τῆς
697 2399 932 2462 παλαιᾶς
962 2398 1237 2462 πολιτείας
1266 2397 1538 2460 ἀπόδοσις,
1572 2398 1708 2468 πρὸς
1730 2396 1890 2451 τοῦτο
1924 2398 2088 2469 μάλι-

506 2499 610 2538 στα
641 2471 851 2551 ἐπείγει
881 2481 971 2535 τὸν
995 2481 1174 2550 λόγον,
1204 2481 1298 2534 καὶ
1326 2480 1386 2533 τὸ
1423 2479 1520 2549 μέν
1548 2480 1622 2544 ὼς
1649 2479 1807 2548 δῆλον
1835 2482 1927 2535 καί
1951 2482 2085 2550 ὠμο-

504 2565 804 2637 λογημένον
836 2566 1068 2635 παρίησι
1092 2582 1106 2597 ο
1160 2563 1220 2617 τὸ
1266 2563 1324 2616 δὲ
1371 2563 1505 2616 πᾶσι
1539 2560 1868 2632 καταφανὲς,
1901 2563 1961 2616 τὸ
1989 2563 2089 2633 τῆς

505 2648 841 2720 πραότητοςο
874 2641 935 2701 οὗ
964 2647 1027 2717 δὴ
1058 2646 1291 2717 μάλιστα
1324 2644 1351 2684 ἀ
1383 2644 1551 2697 ἐδεῖτο
1580 2646 1660 2707 εἰς
1693 2644 1756 2698 τὸ
1783 2645 2084 2717 προκείμε-

503 2744 614 2795 νον,
654 2729 810 2784 τοῦτο
839 2731 918 2792 εἰς
959 2729 1124 2800 μέσον
1149 2729 1325 2797 φέρει.
1356 2727 1420 2779 Τί
1450 2726 1560 2797 γὰρ
1589 2726 1896 2797 ἐπεθύμουν
1922 2728 2082 2792 ἰδείν;

501 2812 607 2865 Τὸν
631 2811 758 2864 ναὸν
781 2811 1110 2875 ἀναστάντα,
1141 2812 1234 2864 καὶ
1256 2811 1357 2880 τὴν
1381 2809 1616 2862 παλαιὰν
1642 2810 1929 2878 ἀγιαστίαν
1952 2811 2084 2864 ἀπο·

500 2894 763 2948 δοθεῖσαν.
800 2895 952 2946 Ἐπεὶ
1001 2889 1094 2947 οὖν
1138 2895 1197 2947 ἐν
1251 2893 1428 2962 τούτῳ
1482 2893 1718 2962 μάλιστα
1775 2893 2018 2962 ἔλαμψεν
2057 2897 2087 2948 6

502 2975 686 3040 Δαυῖδ,
723 2976 913 3046 ὥσπερ
945 2975 1181 3047 ἀμοιϐὴν
1208 2975 1309 3046 τῆς
1361 2976 1571 3029 ἐκείνου
1605 2976 1838 3047 σπουδῆς
1866 2977 2089 3030 ἀπαιτεῖ

498 3060 593 3113 τὸν
620 3059 752 3112 Θεὸν
780 3057 876 3112 τοῦ
910 3059 1039 3112 ναοῦ
1068 3057 1165 3129 τὴν
1196 3057 1504 3128 οἰκοδομὴν,
1556 3057 1650 3112 καί
1700 3075 1832 3127 φησι
1852 3073 1866 3088 ο
1915 3057 2082 3124 Μνή-

499 3144 696 3208 σθητι,
735 3143 934 3210 Κύριε,
982 3141 1090 3195 τοῦ
1125 3140 1327 3204 Δαυίδ,
1377 3141 1475 3192 καὶ
1515 3139 1724 3207 πάσης
1761 3139 1872 3206 τῆς
1908 3140 2086 3208 πραόο

500 3242 674 3292 γητος
712 3223 934 3278 αὐτοῦ’
995 3223 1077 3289 ὡς
1108 3221 1307 3292 ὤμοσε
1348 3220 1428 3287 τῷ
1479 3223 1696 3290 Κυρίῳ,
1741 3223 1969 3290 ηὔξατο
2002 3223 2083 3288 τῷ

501 3305 623 3370 Θεῷ
655 3304 883 3360 ’1ακώ6’
919 3305 984 3357 Εἰ
1011 3306 1433 3374 εἰσελεύσομαι
1466 3308 1552 3370 εἰς
1581 3305 1872 3374 σκήνωμα
1910 3307 2081 3360 οίκου

493 3407 634 3458 μου,
679 3391 729 3442 εἰ
769 3389 1148 3455 ἀναϐήσομαι
1191 3387 1290 3441 ἐπὶ
1333 3388 1549 3454 κλίνης
1595 3386 1909 3456 στρωμνῆς
1938 3406 2078 3457 μου,

492 3474 548 3524 εί
596 3470 767 3523 δώσω
816 3471 1016 3524 ὕπνον
1064 3469 1189 3535 τοῖς
1241 3468 1568 3539 ὀφθαλμοῖς
1608 3487 1746 3537 μου,
1797 3470 1895 3523 καὶ
1955 3470 2080 3535 τοῖς

493 3551 824 3622 ,ϐλεφάροις
859 3570 980 3622 μου
1013 3552 1386 3620 νυσταγμὸν,
1437 3553 1535 3606 καί
1577 3553 1926 3606 ἀνάπαυσιν
1953 3554 2078 3619 τοῖς

494 3637 814 3704 κροτάφοις
849 3653 992 3704 μου,
1043 3635 1155 3700 ἕως
1192 3629 1264 3690 οὗ
1297 3634 1448 3701 εὕρω
1506 3635 1692 3688 τόπον
1739 3635 1819 3700 τῷ
1860 3639 2074 3704 Κιφίῳ,

489 3717 785 3786 σκήνωμα
823 3717 904 3783 τῷ
940 3716 1062 3782 Θεῷ
1095 3717 1307 3774 Ἰακώϐ.
1347 3718 1456 3770 Καὶ
1495 3718 1546 3770 τί
1601 3717 1758 3771 τοῦτο
1807 3720 1942 3791 πρὸς
1980 3720 2072 3787 σέ;

493 3804 618 3855 Ὅτι
657 3803 888 3863 ἐκείνου,
921 3802 1108 3871 φησὶν,
1158 3802 1380 3870 ἔκγονός
1410 3803 1546 3871 εἰμι,
1578 3801 1672 3855 καὶ
1717 3803 1839 3856 ἐπεὶ
1869 3804 2074 3858 ἐκεῖνον

494 3884 891 3954 ἀποδεξάμενος
924 3884 1023 3954 τῆς
1047 3883 1302 3953 σπουδῆς,
1335 3884 1542 3953 έφησας
1577 3887 1793 3953 στήσειν
1820 3885 1985 3939 αὐτοῦ
2012 3885 2073 3939 τὸ

494 3968 650 4034 γένος
689 3967 783 4020 καὶ
806 3967 905 4035 τὴν
937 3965 1233 4035 βασιλείαν,
1265 3966 1353 4020 διά
1381 3961 1541 4019 τοῦτο
1567 3966 1770 4030 ταύτας
1804 3969 2068 4022 ἀπαιτοῦ-

499 4066 598 4118 μεν
623 4049 722 4111 τάς
751 4047 1024 4118 συνθήκας
1051 4048 1165 4102 νῦν.
1197 4049 1307 4102 Καὶ
1333 4049 1433 4101 οὐκ
1457 4046 1630 4117 εἶπεν,
1660 4051 1764 4112 ἕως
1785 4046 1846 4104 οὗ
1877 4051 2072 4105 οἰκοδο-

495 4134 656 4200 μήσω
684 4129 862 4200 (τοῦτο
892 4130 1002 4200 γὰρ
1043 4130 1191 4200 αὐτῷ
1232 4131 1331 4184 οὐκ
1372 4133 1594 4200 ἐφεῖτο).
1647 4133 1784 4198 ἀλλ’,
1810 4133 1958 4200 Ἕως
1995 4129 2068 4190 οὗ

490 4213 642 4280 εὕρω
675 4213 863 4266 τόπον
889 4212 970 4278 τῷ
1004 4213 1331 4282 Κυρίῳκαί
1365 4213 1671 4283 σκήνωμα.
1697 4211 1830 4268 Εἶτα
1852 4215 1942 4269 τὸν
1970 4216 2068 4285 μέν

491 4294 922 4364 οἰκοδομήσαντα
971 4295 1334 4367 παρατρέχει·
1372 4296 1464 4349 τὸν
1505 4296 1560 4350 δὲ
1599 4297 2066 4368 ἐπαγγειλάμενον

489 4379 570 4439 εἰς
602 4375 768 4446 μέσον
789 4376 1023 4447 τίθησιν,
1053 4378 1140 4431 ἴνα
1173 4379 1351 4452 μάθῃς
1381 4381 1542 4432 πόσον
1571 4381 1688 4432 ἐστὶ
1719 4379 1911 4451 γνώμη
1934 4381 2069 4453 ὀρθὴ

487 4459 715 4526 ἀγαθὸν,
741 4459 834 4512 καὶ
862 4459 975 4522 πῶς
999 4461 1084 4512 ἀεὶ
1110 4463 1176 4531 τῇ
1205 4462 1520 4532 προαιρέσει
1550 4463 1640 4514 τὸν
1665 4463 1853 4533 μισθὸν
1881 4465 1909 4516 6
1937 4464 2068 4528 Θεὸς

481 4543 688 4611 ὁρίζειν
717 4543 876 4597 εἴωθε
899 4561 912 4576 ο
947 4544 1034 4616 Su}
1067 4544 1129 4613 δὴ
1158 4546 1315 4599 τοῦτο
1341 4546 1505 4600 αὑτοῦ
1536 4545 1809 4616 μέμνηται
1846 4545 2063 4616 μᾶλλον,

486 4607 674 4695 ἐπειδὴ
704 4627 798 4679 καὶ
842 4607 1031 4689 αὐτὸς.
1054 4607 1252 4698 μάλλόν
1285 4629 1434 4682 ἐστιν
1479 4630 1507 4680 6
1536 4607 1940 4699 ᾧίιοδδμηκώς,
1973 4629 2005 4700 ἢ

487 4711 637 4768 παῖς.
667 4707 726 4759 '0
763 4709 862 4778 μὲν
895 4709 1002 4778 γάρ
1035 4711 1424 4779 ἐπηγγείλατο,
1477 4713 1506 4764 6
1553 4711 1608 4764 δὲ
1643 4713 1908 4782 ἐπετάγη.
1955 4708 2065 4767 Κέιὶ

481 4789 585 4859 δρα
614 4789 777 4843 αὑτοῦ
805 4791 902 4862 τὴν
936 4793 1262 4863 προθυμίαν.
1287 4794 1361 4846 Οὐ
1388 4793 1546 4861 μόνον
1573 4795 1652 4856 εἰς
1679 4794 1856 4846 οἰκίαν
1899 4798 2064 4866 φησὶν

479 4873 583 4926 οὐκ
632 4873 1055 4936 εἰσελεύσεσθαι,
1113 4877 1235 4928 οὑδέ
1289 4878 1367 4939 εἰς
1419 4875 1606 4946 κλίνην
1666 4876 2061 4947 ἀναϐήσεσθαι,

481 4955 598 5008 ἀλλ’
637 4956 759 5010 οὐδὲ
786 4956 822 5011 ἃ
859 4957 967 5010 ἀπὸ
996 4958 1095 5028 τῆς
1123 4959 1358 5029 φυσικῆς
1387 4959 1630 5029 ἀνάγκης
1667 4954 1758 5030 ἦν.
1787 4961 1909 5013 οὐδὲ
1937 4962 2063 5014 τού-

482 5055 591 5090 των
618 5038 1020 5094 ἀπολαύσεσθαι
1057 5052 1080 5080 ο
1119 5041 1256 5112 μετά
1299 5042 1502 5106 ἀδείας,
1540 5041 1644 5104 ἕως
1691 5036 1751 5094 οὗ
1795 5043 1931 5115 εὕρῃ
1972 5045 2061 5097 τό·-

484 5137 585 5173 πον
623 5121 718 5175 καί⁵
757 5125 1020 5193 σκήνωμα
1062 5124 1141 5194 τῷ
1187 5124 1307 5193 Θεῷ
1348 5123 1565 5178 Ἰακώϐ.
1597 5119 1696 5177 f0v
1737 5124 1809 5177 τὰ
1843 5127 2061 5181 ἐναντία

481 5205 638 5258 αὐτοὶ
667 5207 1016 5261 ἐνεκαλοῦντο
1057 5208 1210 5278 παρὰ
1239 5208 1330 5261 τοῦ
1361 5208 1517 5272 Θεοῦ,
1561 5209 1805 5278 λέγοντος
1827 5225 1839 5239 '
1873 5209 2058 5282 Ὑμεῖς

543 5366 570 5397 ⁸
591 5367 702 5417 Sat.
726 5370 883 5418 ἵλεων.

548 5428 575 5498 Ιι
602 5429 721 5498 Mgr.
743 5433 1008 5498 __l_label_-;€.'»
1040 5435 1169 5498 Θεῷ,
1202 5435 1348 5485 male.
1391 5434 1514 5485 Ibid.
1553 5447 1663 5498 post
1710 5439 1884 5490 Ἰακώῦ
1909 5454 2052 5498 unus.

481 5493 614 5557 test
642 5492 844 5557 Savglip,
867 5492 1000 5543 addit
1037 5495 1082 5542 τί
1113 5492 1287 5557 λέγειες
1330 5511 1424 5546 non
1467 5492 1613 5548 ωείε.
1657 5502 1780 5549 Infra
1818 5501 1930 5549 Sav.
1967 5492 2052 5550 τοῦ

483 5551 664 5640 μυρίοις
701 5555 845 5624 αύτὸν
864 5557 1118 5629 πλύνοντος
1147 5551 1255 5608 ὸνιί
1281 5551 1450 5608 Paulo
1465 5569 1582 5632 post
1602 5563 1735 5636 ἱάεηι
1749 5562 1873 5610 δυεῖν
1895 5564 2047 5636 ἕνεκα.

598 5612 648 5660 In
674 5615 890 5664 editione
913 5633 1008 5664 των
1031 5618 1099 5666 0’
1140 5618 1351 5669 Romam
1379 5623 1558 5671 lentur
1577 5623 1652 5671 ἐπι
1690 5639 1770 5671 τον
1812 5639 2047 5671 ταπεινον·

943 5637 1008 5664 ων
1031 5637 1072 5666 υ
1141 5637 1351 5669 nomana
1379 5637 1558 5670 ιεεῐιιυτ
1577 5637 1652 5670 επι
1690 5639 1770 5670 τον
1812 5639 2052 5670 ταπεινον.

545 5633 565 5640 -
598 5633 648 5660 ιιι
674 5633 890 5664 euluune
913 5633 1008 5664 των
1031 5633 1093 5666 υ’
1141 5633 1351 5669 nomana
1379 5633 1558 5680 legitur
1577 5633 1652 5671 επι
1690 5633 1770 5672 τον
1812 5633 2029 5672 ταπεινόν

482 5671 740 5742 Μο-ιηειν.
764 5677 969 5742 μάλιστα
991 5679 1065 5737 ἦν·
1091 5681 1171 5727 καὶ
1193 5681 1282 5742 γὰρ
1303 5685 1332 5738 ἡ
1358 5682 1522 5732 ἀνάστ.

542 5733 566 5804 1'
590 5733 880 5804 §aV:.(r'é_6_+_.
901 5733 1079 5804 πεσέ-
1104 5733 1336 5804 τιμὴ·ὀῦ
1359 5745 1408 5793 δὲ
1432 5746 1511 5791 καὶ
1535 5747 1756 5804 μάλιστα.

539 5795 880 5905 ΞτξειιέτίὼλάλΡ
920 5801 1029 5849 οὐδὲ
1059 5801 1083 5849 ὃ
1104 5795 1199 5849 ἀπὸ
1222 5795 1304 5860 τῆς
1342 5795 1546 5867 φυσικῆς
1572 5807 1776 5868 ἀνάγκης
1815 5805 1890 5869 ἦν,
1935 5807 2043 5858 οὐδὲ

539 5871 541 5878 '
617 5873 643 5903 υ
795 5889 806 5905 .

477 5870 583 5902 εοντ
590 5872 643 5903 ου
667 5870 788 5906 απολ
795 5889 806 5905 ε

1209 368 1268 429 ε.
1305 366 1588 427 JOANNIS
1623 343 2117 424 CHRYSOSTOMI
2155 364 2478 423 ARCHIEP.
2517 366 3070 424 CONSTANTINOP.

3691 370 3798 426 389..

2199 479 2317 549 μὲν
2343 481 2558 536 οἰκεῖτε
2602 482 2672 535 ὲν
2699 483 2888 548 οἴκοις
2925 478 3385 550 κοιλοστάθμοις
3404 497 3417 512 ·
3465 483 3499 535 ό
3532 480 3602 534 δὲ
3627 479 3796 548 οἶκός

2195 564 2316 632 μού
2343 564 2516 618 ἐστιν
2536 564 2774 633 ἕρημος.
2797 566 2946 631 Ἕως
2978 559 3050 618 οὗ
3077 563 3228 630 εὕρω
3253 566 3443 618 τόπον
3463 563 3545 629 τῷ
3570 565 3792 632 Κειρίῳ,

2198 644 2492 715 σκήνωμα
2522 645 2601 715 τῷ
2631 645 2754 712 Θεῷ
2787 645 3014 703 Ἰακώϐ.
3039 647 3182 718 Ὅρα
3216 646 3378 701 πάλιν
3403 648 3497 700 καὶ
3536 646 3793 700 ἐντεῦθεν

2197 730 2294 798 τὴν
2326 729 2576 800 σπουδὴν,
2604 730 2700 782 καὶ
2727 730 2826 800 τὴν
2867 730 3356 800 μεμεριμνημένην
3392 729 3545 802 [377]
3584 729 3789 799 ψυχήν.

2209 811 2269 864 '0
2294 811 2543 880 βασιλεὺς
2575 812 2758 881 λέγει,
2784 813 2934 878 Ἕως
2959 807 3030 868 οὖ
3056 814 3210 881 εὕρω
3247 814 3436 872 τόπον
3467 809 3546 876 τῷ
3568 813 3789 878 Κυρίῳ,

2196 894 2490 965 σκήνωμα
2533 896 2616 962 τῷ
2661 897 2784 962 Θεῷ
2809 896 3010 950 Ἰακὼό
3037 898 3082 960 ι,
3113 901 3142 951 6
3179 898 3397 951 πάντων
3425 895 3667 968 κρατῶν.
3710 895 3789 947 Οὐ

2196 977 2305 1049 γὰρ
2336 978 2521 1042 ἀπλῶς
2551 979 2902 1050 οἰκοδομῆσαι
2928 979 3203 1040 ἐϐούλετο.
3240 980 3354 1033 ἀλλ’
3397 982 3455 1033 ἐν
3485 977 3792 1047 ἐπιτηδειο-

2198 1062 2349 1134 τάτῳ
2376 1063 2580 1134 χωρίῳ,
2614 1064 2708 1117 καὶ
2735 1063 2940 1136 σφόδρα
2969 1064 3047 1136 τῷ
3076 1063 3192 1134 ναῷ
3217 1065 3507 1134 πρέποντι,
3562 1062 3657 1115 καὶ
3685 1060 3790 1129 ζη-

2196 1147 2404 1216 τήσεως
2437 1147 2638 1200 ἐδεῖτο·
2700 1148 2873 1212 οὕτως
2913 1145 2982 1219 ἦν
3013 1149 3291 1220 ἄγρυπνος
3332 1151 3398 1218 τῇ
3445 1143 3788 1215 ψυχῇ.Ἰδοὺ

2193 1228 2544 1297 ἠκούσαμεν
2567 1229 2765 1298 αὐτὴν
2788 1232 2859 1284 ἐν
2888 1230 3164 1300 Ἐφραθὰ,
3205 1231 3462 1298 εὕρομεν
3489 1225 3689 1294 αὐτὴν
3715 1226 3788 1279 ἐν

2180 1310 2318 1377 ,τοῖς
2343 1312 2574 1377 πεδίοις
2600 1312 2707 1366 τοῦ
2737 1312 2986 1382 δρυμοῦ.
3025 1315 3107 1368 Τὰ
3137 1312 3343 1367 παλαιὰ
3374 1312 3642 1382 διηγεῖται
3665 1307 3785 1370 νῦν,

2194 1391 2410 1456 δεικνὺς
2438 1395 2520 1446 ὅτι
2566 1395 2661 1447 καὶ⁵
2705 1395 3013 1465 ἔμπροσθεν
3049 1397 3216 1449 πολὺν
3256 1395 3472 1464 περιῄει
3515 1394 3709 1462 χρόνον
3746 1393 3782 1458 ἠ

2193 1474 2445 1538 κιϐωτὸς.
2475 1477 2638 1530 τόπον
2663 1477 2727 1531 ἐκ
2756 1478 2922 1530 τόπου
2952 1478 3254 1548 ἀμείϐουσα
3272 1493 3286 1508 ⁸
3308 1477 3396 1530 διὰ
3411 1475 3569 1529 τοῦτό
3592 1485 3783 1545 φησιν·

2206 1557 2354 1611 Ἰδοὺ
2401 1559 2756 1629 ἠκούσαμεν
2802 1561 2998 1626 αὐτὴν
3050 1561 3121 1613 ἐν
3160 1559 3455 1629 Ἐφραθάο
3510 1559 3784 1618 τουτέστι,

2193 1639 2366 1696 ταῦτα
2402 1641 2731 1714 διηγήσαντο
2761 1645 2892 1714 ἡμῖν
2935 1646 2983 1697 οἰ
3028 1645 3264 1714 πατέρες
3307 1642 3487 1712 ἡμῶν,
3521 1639 3692 1695 ταῦτα
3724 1639 3786 1705 ἐξ

2194 1723 2363 1793 ἀκοῆς
2390 1725 2716 1795 κατέχομεν,
2757 1728 2840 1779 δτι
2873 1727 2966 1780 καὶ
2997 1726 3119 1778 τότε
3155 1725 3445 1796 περιιοῦσα
3474 1722 3784 1792 πανταχοῦ,

2193 1807 2251 1862 ἐν
2278 1808 2482 1871 πεδίοις
2531 1810 2625 1861 καὶ
2654 1810 2863 1881 ἀγροῖς,
2910 1810 3151 1881 ήδράσθη
3193 1809 3332 1876 μετά
3371 1807 3578 1861 ταῦτα·
3623 1804 3787 1859 τοῦτο

2191 1888 2256 1960 δὴ
2282 1890 2522 1955 γενέσθω
2548 1892 2642 1944 καὶ
2663 1891 2778 1946 νῦν.
2797 1892 3042 1961 Ἐφραθά
3063 1891 3296 1944 ἐνταῦθα
3319 1891 3418 1960 τὴν
3446 1889 3618 1943 Ἰούδα
3631 1888 3786 1956 λέγει

2193 1972 2384 2043 φυλὴν,
2415 1976 2496 2035 εἰς
2523 1974 2592 2044 ην
2630 1974 2765 2044 μετά
2804 1974 2904 2045 τὴν
2941 1975 3139 2045 πολλὴν
3170 1973 3420 2043 περίοδον
3462 1970 3780 2042 εἰσηνέχθη.

2190 2056 2678 2124 Είσελευσόμεθα
2706 2059 2793 2123 εἰς
2823 2057 2894 2110 τὰ
2937 2056 3302 2126 σκηνώματα
3347 2055 3560 2118 αὑτοῦ,
3598 2069 3786 2123 προσο

2189 2137 2544 2208 κυνήσομεν
2579 2141 2667 2206 εἰς
2696 2140 2804 2193 τὸν
2834 2142 3041 2205 τόπον,
3081 2137 3153 2196 οὗ
3188 2141 3466 2207 ἔστησαν
3502 2143 3556 2194 οἰ
3595 2138 3784 2204 πόδες

2190 2220 2396 2274 αὐτοῦ.
2449 2217 2606 2285 Εἶδες
2641 2221 2782 2295 πόσῃ
2829 2223 3103 2295 παχύτητι
3143 2224 3411 2295 κέχρηται
3449 2225 3550 2291 τῆς
3579 2221 3784 2286 λέξεως

2189 2300 2278 2354 διὰ
2307 2301 2403 2372 τὴν
2430 2302 2630 2373 πολλὴν
2663 2304 2772 2357 τῶν
2800 2306 3106 2360 ἀκουόντων
3145 2305 3524 2376 ἀναισθησίαν,
3561 2302 3784 2376 σκηνώ-

2195 2400 2340 2453 ματα
2372 2384 2546 2454 λέγων
2578 2385 2673 2439 τοῦ
2718 2386 2877 2451 Θεοῦ,
2913 2389 3009 2441 καὶ
3053 2388 3241 2454 πόδας,
3287 2387 3384 2442 καὶ
3424 2387 3612 2446 τόπον.
3647 2385 3786 2440 ἔνθα

2192 2465 2424 2537 ἔστησαν
2456 2468 2504 2520 οἰ
2539 2468 2720 2532 πόδες.
2761 2469 2949 2523 Ταῦτα
2995 2470 3052 2523 δέ
3099 2471 3278 2525 πάντα
3305 2471 3398 2524 τὸν
3422 2470 3588 2524 τόπον
3625 2469 3784 2538 λέγει

2188 2552 2288 2620 τῆς
2326 2549 2582 2616 κιϐωτοῦ,
2624 2552 2814 2623 ἐπειδὴ
2847 2554 3058 2608 ἐκεῖθεν
3088 2557 3144 2607 αἰ
3177 2555 3404 2627 φρικταὶ
3435 2553 3612 2624 φωναὶ
3646 2552 3781 2621 ἐφέ-

2190 2648 2345 2702 ροντο
2377 2633 2505 2706 περὶ
2549 2633 2657 2687 τῶν
2692 2637 2749 2688 ἐν
2780 2637 2895 2698 τοῖς
2924 2636 3199 2700 Ἰουδαίοις
3233 2637 3582 2708 πραγμάτων
3611 2635 3782 2691 λύου-

2189 2732 2280 2768 σαι
2313 2715 2383 2768 τὰ
2412 2717 2620 2787 ἀσαφῆ,
2663 2718 2759 2770 καὶ
2791 2719 2922 2790 περί
2966 2719 3078 2773 τῶν
3135 2720 3439 2791 μελλόντων
3473 2719 3774 2791 προλέγουο

2189 2815 2301 2853 σαι.
2337 2798 2668 2866 Ἀνάστηθι,
2715 2802 2911 2869 Κύριε,
2959 2804 3047 2867 εἰς
3091 2802 3207 2870 τὴν
3244 2802 3599 2858 άνάπαυσίν
3633 2819 3779 2867 σου.

2189 2881 2270 2934 σὺ
2301 2882 2400 2934 καί
2427 2881 2463 2948 ἡ
2499 2883 2744 2949 κιϐωτὸς
2785 2883 2891 2938 τοῦ
2934 2882 3308 2953 άτιάσματός
3357 2901 3495 2941 σου.
3521 2886 3776 2956 Ἕτερος.

2194 2962 2308 3032 Τῆς
2349 2965 2560 3033 ἰσχύος
2589 2979 2727 3019 σου.
2749 2966 2958 3029 Ἀλλοςξ
2985 2966 3095 3019 Τοῦ
3124 2966 3386 3034 κράτους
3413 2983 3530 3022 σου
3548 2983 3564 2998 ·
3595 2969 3768 3038 ἀμφόο

2183 3050 2318 3116 τερα
2343 3045 2400 3098 δὲ
2427 3046 2620 3116 ἀληθῆ.
2645 3048 2756 3100 Καὶ
2788 3049 2898 3120 γὰρ
2927 3049 2959 3120 ή
2992 3049 3269 3122 ἀγιωσύνη
3304 3050 3514 3104 ἐκεῖθεν
3546 3050 3775 3118 ἐδίδοτο,

2185 3129 2278 3181 καί
2325 3129 2635 3201 ἁγιωσύνης
2677 3126 2746 3200 ἦν
2779 3131 3038 3202 ποιητικά
3086 3132 3156 3186 τά
3200 3133 3508 3205 γράμματα
3551 3133 3619 3189 τά
3650 3134 3777 3190 ἐπι-

2184 3211 2429 3282 κείμενα,
2461 3213 2554 3266 καί
2584 3212 2786 3282 ἰσχύος.

2253 3293 2300 3364 γ’
2309 3339 2319 3349 .
2346 3297 2542 3360 Καλῶς
2568 3293 2660 3350 οὖν
2688 3296 2863 3359 οὕτως
2896 3291 3019 3351 εἷπε
3037 3313 3053 3330 ·
3077 3298 3277 3370 πολλὴν
3305 3300 3416 3371 γάρ
3439 3302 3468 3355 6
3492 3300 3628 3366 Θεὸς
3650 3301 3772 3355 ἐνε·

2180 3377 2391 3443 δείξατο
2431 3379 2500 3432 δι’
2540 3380 2708 3451 αὐτῆς
2749 3380 3001 3451 δύναμιν,
3039 3383 3134 3436 καὶ
3175 3382 3344 3448 ἅπαξ,
3399 3385 3494 3436 καὶ
3535 3383 3636 3448 δὶς,
3673 3388 3772 3441 καὶ

2183 3463 2462 3527 πολλάκις,
2495 3460 2608 3516 οἷον
2650 3466 2739 3518 ὅτε
2775 3466 2983 3538 ἐλήφθη
3026 3467 3179 3538 παρά
3214 3468 3323 3521 τῶν
3356 3469 3652 3535 Ἀζωτίων,
3678 3471 3770 3526 ὅτε

2178 3545 2246 3599 τὰ
2278 3546 2472 3600 εἴδωλα
2515 3549 2875 3619 κατήνεγκεν,
2908 3552 2997 3604 ὅτε
3037 3551 3238 3621 ἔπληξε
3275 3555 3402 3616 τοὺς
3449 3554 3767 3626 εἰληφότας,

2177 3629 2265 3681 ὅτε
2299 3629 2491 3699 ἔστησε
2522 3631 2618 3700 τὴν
2664 3631 2878 3704 πληγήν
2909 3634 3264 3704 ἀποδοθείσης
3315 3635 3511 3706 αὐτῆς,
3551 3637 3644 3691 καὶ
3679 3637 3769 3694 διὰ

2176 3711 2286 3764 τῶν
2313 3711 2486 3765 ἄλλων
2533 3712 2612 3775 δὲ’,
2657 3713 2724 3765 δι’
2768 3707 2844 3766 ὧν
2895 3716 3082 3769 αὐτόθι
3132 3718 3436 3788 εἰργάζετο,
3479 3719 3577 3790 τὴν
3609 3722 3768 3791 ἰσχὺν

2177 3793 2524 3846 ἐπεδείκνυτο
2555 3793 2654 3864 τὴν
2683 3795 2900 3848 ἐαυτοῦ.
2931 3796 2997 3848 Τί
3035 3799 3094 3852 δέ
3126 3801 3295 3864 ἐστιν,
3327 3799 3638 3869 Ἀνάστηθι
3675 3805 3767 3871 εἰς

2176 3874 2291 3941 τὴν
2345 3874 2696 3930 άνάπαυσίν
2741 3891 2898 3940 σου;
2955 3880 3163 3949 Στῆσον
3213 3883 3361 3952 ἡμᾶς
3421 3884 3762 3953 ἀλωμένους,

2175 3957 2329 4029 φησί,
2363 3959 2458 4012 καὶ
2483 3958 2580 4028 τὴν
2605 3958 2838 4014 κιϐωτὸν
2869 3964 3333 4035 περιφερομένην,
3380 3966 3474 4019 καὶ
3504 3967 3602 4037 ὸψέ
3628 3969 3765 4038 γοῦν

2173 4057 2304 4094 ποτε
2346 4040 2657 4095 ἀνάπαυσον
2686 4043 2878 4113 αὐτήν.
2925 4047 2991 4098 Ol
3034 4046 3210 4113 ἰερεῖς
3243 4063 3363 4102 σου
3391 4049 3764 4107 ἑνδύσονται

2171 4123 2586 4193 δικαιοσύνην.
2641 4126 2883 4197 Ἕτερος,
2943 4128 3491 4199 Ἀμφιεσθήτωσαν.
3537 4133 3760 4202 Ἄλλος,

2185 4207 2713 4273 Ἐνδυσάσθωσαν,
2753 4211 2891 4282 ὅπερ
2927 4213 3167 4280 μάλιστά
3212 4215 3329 4268 ἐστι
3383 4219 3754 4289 σαφέστερον·

2171 4291 2466 4360 εὐχομένου
2517 4293 2627 4362 γάρ
2664 4295 2833 4359 ἐστιν,
2881 4296 3002 4366 οὐχὶ
3050 4299 3504 4368 προφητεύοντος.
3544 4301 3638 4354 καὶ
3671 4304 3759 4356 αἰο

2169 4374 2386 4437 τοῦντος
2415 4375 2514 4446 τήν
2543 4376 2641 4445 τῆς
2670 4378 2874 4448 ἀρετῆς
2920 4380 3133 4450 κτῆσιν.
3181 4383 3539 4453 Δικαιοσύνην
3569 4384 3625 4438 δέ
3669 4389 3760 4441 ἐν-

2168 4455 2344 4510 ταῦθά
2377 4475 2510 4528 φησι
2535 4459 2634 4529 τήν
2676 4460 2984 4528 ἀγιαστίαν,
3014 4464 3112 4532 τὴν
3144 4465 3466 4537 ἱερωσύνην,
3514 4466 3612 4538 τὴν
3659 4469 3758 4523 λα-

2166 4540 2372 4609 τρείαν,
2404 4540 2503 4603 τάς
2533 4541 2744 4605 θυσίας,
2775 4542 2874 4606 τάς
2906 4547 3242 4617 προσφορὰς,
3270 4550 3364 4600 καὶ
3385 4549 3525 4617 μετά
3546 4550 3754 4605 τούτων

2165 4623 2264 4693 τὴν
2318 4624 2522 4694 ἀκριϐῆ
2581 4625 2878 4688 πολιτείαν,
2942 4628 3130 4699 ἐπειδὴ
3183 4630 3417 4698 μάλιστα
3462 4633 3555 4685 καί¹
3600 4635 3752 4705 παρὰ

2170 4705 2358 4777 ἱερέων
2385 4707 2591 4778 ταύτην
2631 4710 2980 4763 ἀπαιτεῖσθαι
3035 4713 3161 4782 χρή.
3203 4713 3313 4767 Καὶ
3343 4719 3398 4767 οἰ
3427 4715 3588 4770 ὅσιοί
3629 4735 3750 4773 σου

2165 4789 2674 4858 ἁγγαλλιάσονται
2696 4808 2708 4820 ·
2742 4792 2945 4845 τούτων
2968 4795 3295 4863 γενομένων.
3321 4797 3464 4867 Ὅρα
3495 4799 3660 4852 αὑτὸν
3683 4802 3749 4854 οὗ

2166 4871 2371 4933 πόλεως
2401 4872 2668 4942 ζητοῦντα
2693 4875 3002 4946 οἰκοδομὴν,
3035 4877 3134 4929 οὑκ
3163 4878 3422 4946 ἀφθονίαν
3450 4882 3648 4950 ὠνίων,
3682 4886 3745 4937 οὐ

2163 4954 2260 5024 τὴν
2293 4955 2459 5025 ἀλλην
2480 4957 2807 5026 εὐπραγίαν,
2833 4957 2970 5010 ἀλλὰ
2996 4958 3095 5030 τήν
3117 4960 3451 5030 εὐπρέπειαν
3470 4963 3564 5018 τοῦ
3588 4963 3744 5032 ναοῦ,

2161 5035 2258 5106 τὴν
2295 5037 2418 5119 τῆς,
2445 5038 2682 5091 κιϐωτοῦ
2730 5039 3097 5104 κατάπαυσιν,
3137 5043 3199 5096 τὸ
3227 5043 3336 5097 τῶν
3373 5045 3564 5115 ἱερέων
3603 5047 3746 5119 πλή-

2163 5135 2341 5200 ρωμα.
2371 5118 2470 5190 τήν
2503 5120 2813 5188 ἀγιαστίαν,
2844 5121 2944 5192 τὴν
2985 5121 3261 5195 λατρείαν,
3288 5126 3389 5198 τὴν
3417 5118 3741 5200 ἱερωσύνην.

2162 5197 2294 5254 Εἶτα
2326 5202 2513 5284 ἐπειδὴ
2542 5204 2713 5258 ταῦτα
2739 5205 2966 5275 ᾔτησαν,
2999 5208 3153 5260 αὐτοὶ
3173 5208 3231 5261 δὲ
3260 5197 3548 5264 ὑπεύθυνοι
3571 5197 3746 5284 ἀμαρο

2159 5285 2221 5350 τή
2233 5300 2397 5352 μασιν
2420 5281 2560 5356 ἦσαν
2601 5287 2833 5351 πολλοῖς,
2865 5290 2957 5343 ἐπὶ
2981 5291 3071 5343 τὸν
3113 5293 3376 5363 πρόγονον
3401 5281 3742 5364 καταφεύγει

2162 5365 2320 5418 πάλιν
2357 5367 2529 5435 λέγων
2549 5384 2564 5398 ο
2597 5370 2848 5424 Ἕνεκεν
2885 5373 3068 5426 Δαυῒδ
3104 5375 3212 5428 τοῦ
3236 5375 3464 5430 δούλου
3501 5394 3622 5432 σου
3653 5379 3739 5448 μὴ

2157 5448 2308 5522 1578]
2363 5452 2757 5521 άποστρέψῃς
2818 5455 2884 5507 τὸ
2939 5458 3265 5524 πρόσωπον
3317 5459 3426 5512 τοῦ
3480 5463 3740 5527 πριστοῦ

2154 5549 2293 5589 σου.
2337 5537 2401 5588 Τί
2445 5539 2616 5599 ἐστιν,
2653 5538 2900 5592 Ἕνεκεν
2933 5539 3118 5592 Δαυτδ
3164 5542 3270 5595 τοῦ
3317 5541 3546 5597 δούλου
3582 5561 3739 5609 σου;

2154 5619 2228 5671 Οὐ
2265 5619 2353 5672 διὰ
2380 5620 2475 5690 τὴν
2499 5621 2699 5690 ἀρετὴν
2727 5621 2936 5675 ἐκείνου
2968 5622 3151 5691 μόνον,
3175 5625 3363 5694 φησὶν,
3393 5626 3503 5680 οὐδ’
3535 5627 3618 5681 ὅτι
3644 5643 3735 5680 το-

2156 5702 2358 5772 σαύτην
2385 5702 2620 5772 σπουδὴν
2655 5705 2680 5744 Ι
2716 5704 3007 5774 ἐποιήσατο
3040 5706 3176 5776 πρὸς
3217 5707 3278 5761 τὸ
3317 5708 3406 5761 τὸν
3434 5709 3562 5762 ναὸν
3606 5711 3737 5763 ἀνα-

2223 5809 2241 5876 ξ
2423 5813 2655 5876 σκήνωμα
2678 5815 2746 5876 τῷ
2770 5815 2879 5876 Θεῷ
2925 5816 3116 5868 Ἰακώϐ.
3143 5833 3239 5866 non
3266 5818 3414 5868 habet
3433 5820 3544 5869 Sav.

2219 5873 2244 5912 Ι
2267 5873 2374 5920 SaV.
2401 5875 2463 5935 μή
2489 5875 2564 5922 διὰ
2588 5873 2671 5931 τήν
2690 5873 2915 5937 ἀρετήν...
2952 5883 3068 5943 μηδὲ
3095 5881 3212 5930 διότι
3238 5881 3471 5937 τοσαύτην
3499 5882 3728 5938 σπονδήν.
