4086 6452
348 391 443 448 38!

345 503 492 556 czede
518 511 809 572 paucorum
838 503 1125 560 corporum
1153 496 1208 543 et
1239 495 1514 558 peccatum
1544 489 1613 542 de
1643 485 1821 542 medio
1843 485 1944 541 tol-

345 593 456 645 lere
484 633 498 654 ,
527 600 578 643 et
608 591 741 643 iram
772 592 1018 640 avertere
1038 622 1055 648 ,
1111 580 1381 648 Deumque
1404 576 1628 632 reddere
1654 577 1944 648 propitium

347 683 430 745 lis,
463 682 553 752 qui
585 680 709 734 talia
749 672 1124 730 admiserant?
1148 671 1204 728 Si
1229 671 1299 725 ita
1327 669 1715 723 examinaveris
1756 683 1876 737 qua:
1915 681 1944 719 a

343 775 491 844 justo
521 775 654 826 facta
681 780 825 835 sunt,
857 783 922 824 ex
948 781 1014 823 eo
1035 766 1266 821 maxime
1285 761 1490 818 videbis
1514 777 1637 816 eum
1660 761 1822 816 fuisse
1848 761 1949 814 tui-

347 865 635 920 tissimum.

415 955 474 1011 Ξ.
503 953 610 1009 Sed
649 953 762 1007 haec
791 967 859 1006 ex
884 951 947 1004 iis
973 963 1090 1017 qum
1111 947 1249 1002 dicta
1280 953 1406 1000 sunt
1430 945 1668 999 sinentes
1695 941 1947 998 studiosis

346 1062 655 1111 recensere,
681 1062 747 1099 ne
773 1061 834 1098 ea
857 1085 872 1108 ,
904 1057 1025 1112 qua:
1044 1041 1219 1094 obiter
1243 1039 1541 1092 afferuntur
1559 1078 1574 1104 ,
1608 1036 1715 1090 sint
1745 1035 1946 1102 majora

347 1143 415 1198 iis
441 1157 563 1211 qua:
589 1149 714 1194 sunt
737 1140 787 1192 in
821 1135 1068 1189 manibus
1085 1173 1098 1196 ,
1139 1131 1203 1185 ad
1232 1130 1283 1185 id
1309 1129 1448 1200 quod
1475 1136 1560 1183 est
1581 1128 1734 1182 nobis
1756 1140 1952 1196 propo-

348 1234 553 1294 situm,
608 1238 964 1283 revertamur.
1009 1223 1146 1290 Quid
1179 1232 1294 1276 erat
1341 1227 1518 1274 autem
1566 1217 1945 1288 propositum:

347 1322 645 1385 Memento,
698 1318 946 1381 Domine,
1003 1314 1200 1375 David,
1250 1321 1299 1365 et
1347 1310 1510 1363 omnis
1549 1305 1950 1360 mansuetudinis

345 1419 459 1481 eius
481 1431 500 1467 :
521 1414 579 1467 ‘2.
608 1414 735 1466 sicut
766 1409 962 1482 juravit
994 1405 1216 1459 Domino
1236 1444 1250 1467 ,
1283 1412 1452 1455 colum
1478 1401 1606 1454 vovit
1633 1397 1743 1451 Deo
1763 1396 1947 1450 Iacob.

343 1510 483 1563 Cum
509 1505 874 1576 proposuisset
891 1500 1072 1554 dierre
1094 1497 1162 1552 de
1183 1494 1612 1558 mansuetudine,
1638 1492 1701 1545 iis
1732 1499 1956 1560 praeter-

346 1601 529 1656 missis
563 1613 681 1668 quzn
709 1594 853 1651 Sauli
884 1593 1113 1657 fecerat,
1142 1605 1261 1659 qua:
1288 1587 1540 1641 fratribus
1565 1626 1578 1649 ,
1625 1599 1746 1654 qua:
1783 1581 1952 1636 Jona-

348 1693 476 1754 tlnc,
509 1691 707 1742 omissa
751 1687 881 1740 item
917 1682 1168 1753 patientia
1195 1693 1298 1749 qua
1323 1693 1450 1731 usus
1474 1683 1588 1730 erat
1613 1675 1664 1728 in
1690 1672 1950 1736 militem,

347 1784 436 1854 qui
468 1796 590 1834 eum
618 1775 937 1848 aSpergebat
959 1772 1108 1826 mille
1134 1770 1342 1838 probris
1362 1783 1425 1821 ac
1445 1763 1766 1854 maledictis,
1795 1770 1850 1816 et
1873 1761 1955 1815 his

349 1853 507 1942 longe
540 1871 816 1940 pluribus,
868 1864 936 1918 ad
981 1862 1124 1915 aliud
1162 1869 1321 1928 caput
1346 1857 1563 1912 deducit
1609 1853 1950 1918 orationem,

349 1966 492 2035 quod
535 1962 828 2018 maximum
893 1959 1031 2011 inse
1085 1954 1259 2008 zelum
1309 1960 1363 2006 et
1401 1949 1648 2004 ardorem
1693 1947 1953 2000 continet.

349 2059 528 2124 Quare
552 2068 681 2122 ergo
706 2054 804 2106 hoc
828 2050 952 2104 facit
977 2047 999 2100 ’ἒ
1029 2047 1240 2101 Duabus
1261 2043 1330 2098 de
1348 2042 1525 2096 causis
1551 2061 1564 2097 :
1586 2055 1690 2094 una
1716 2039 1954 2108 quidem,

349 2147 604 2217 quoniam
643 2144 786 2198 Deus
829 2157 895 2196 eo
939 2139 1170 2194 maxime
1220 2136 1520 2190 delectatur
1554 2151 1566 2187 :
1598 2131 1770 2200 Super
1809 2144 1958 2200 quem

350 2239 505 2302 enim,
538 2237 744 2306 inquit,
773 2232 1068 2303 respiciam,
1096 2229 1194 2282 nisi
1223 2244 1375 2296 super
1401 2234 1719 2278 mansuetum
1742 2232 1789 2276 et
1813 2238 1958 2292 qure-

352 2341 481 2393 tum,
505 2336 555 2382 et
579 2334 872 2380 trementem
894 2320 1042 2375 rerba
1073 2337 1183 2373 mea
1212 2320 1231 2389 (
1255 2317 1381 2372 lsai.
1412 2317 1495 2372 66.
1531 2315 1643 2387 2)?
1671 2315 1776 2368 alia
1808 2325 1957 2378 vero,

351 2420 602 2491 quoniam
630 2417 734 2472 hoc
776 2415 918 2485 quod
962 2413 1196 2468 maxime
1225 2410 1488 2480 urgebat,
1540 2422 1734 2477 nempe
1777 2403 1958 2474 templi

352 2511 686 2567 constructio
705 2549 722 2575 ,
773 2517 830 2564 et
859 2506 1089 2561 civitatis
1115 2503 1396 2559 aediﬁcatio
1416 2541 1432 2567 ,
1479 2513 1531 2556 et
1558 2499 1762 2570 antiqui
1790 2506 1962 2552 status

355 2602 665 2672 reipublicae
693 2597 961 2653 restitutio
982 2637 997 2663 ,
1039 2593 1108 2649 ad
1137 2593 1238 2649 hoc
1265 2593 1498 2648 maxime
1543 2590 1724 2660 dirigit
1762 2588 1960 2642 oratio~

355 2710 502 2757 neut,
531 2700 588 2747 et
621 2689 750 2745 illud
777 2688 991 2759 quidem
1025 2684 1403 2757 praetermittit,
1437 2692 1492 2736 ut
1521 2680 1664 2752 quod
1693 2681 1759 2733 sit
1795 2679 1970 2733 mani-

357 2788 550 2841 festum
594 2793 652 2840 et
688 2783 742 2836 in
781 2779 1031 2836 confesso
1061 2795 1076 2832 :
1105 2776 1315 2847 cognita
1360 2775 1505 2830 enim
1551 2781 1667 2828 erat
1707 2773 1956 2826 omnibus

355 2882 474 2951 ejus
496 2875 883 2940 mansuetudo;
911 2873 962 2928 id
987 2881 1166 2928 autem
1192 2885 1298 2942 quo
1319 2869 1553 2924 maxime
1573 2882 1708 2937 Opus
1731 2865 1954 2919 habebat

357 2973 423 3027 ad
465 2985 622 3026 suum
670 2968 970 3023 institutmn
1000 3006 1016 3030 ,
1071 2963 1123 3019 id
1156 2963 1206 3016 in
1257 2961 1493 3017 medium
1545 2955 1778 3013 adducit.
1824 2954 1964 3022 Quid

355 3067 501 3122 enim
547 3063 730 3117 videre
774 3058 1102 3129 cupiebant?
1132 3055 1414 3125 Templum
1451 3054 1739 3108 excitatum
1765 3091 1782 3117 ,
1811 3056 1964 3104 vete-

360 3171 556 3226 resque
601 3155 733 3209 ritus
766 3160 821 3206 et
854 3149 1189 3206 ceremonias
1215 3147 1509 3201 restitutas.
1541 3143 1806 3210 Quoniam
1838 3155 1966 3209 ergo

363 3250 530 3306 David
572 3255 688 3302 erat
726 3260 788 3300 ea
834 3259 893 3299 re
939 3241 1172 3297 maxime
1224 3237 1468 3311 insignis,
1518 3235 1661 3291 illius
1709 3233 1868 3289 studii
1913 3240 1970 3287 et

359 3340 526 3396 animi
557 3338 708 3408 quasi
735 3332 1224 3390 remunerationem
1257 3331 1392 3399 petit
1416 3342 1445 3381 a
1477 3327 1584 3381 Deo
1612 3324 1795 3394 templi
1839 3323 1966 3377 a-di—

363 3432 693 3508 lication‘em,
716 3439 770 3484 et
793 3428 924 3482 dicit
953 3446 967 3482 :
997 3423 1272 3490 Memento,
1304 3420 1544 3484 Domine,
1570 3417 1759 3484 David,
1789 3427 1837 3471 et
1858 3432 1966 3468 ont-

362 3529 442 3582 nis
480 3523 884 3580 mansuetudinis
923 3522 1033 3586 eius
1060 3534 1079 3572 :
1116 3519 1244 3573 sicut
1275 3515 1468 3587 jurauit
1508 3513 1768 3575 Domino,
1797 3521 1969 3564 volun:

363 3620 494 3674 vovit
520 3616 629 3670 Deo
648 3614 830 3669 Iacob.
859 3614 914 3668 5.
939 3611 1000 3666 Si
1026 3609 1268 3664 introiere
1292 3607 1345 3660 in
1377 3603 1757 3659 tabernaculum
1778 3601 1969 3654 domus

365 3725 510 3776 mea,
533 3710 578 3762 si
597 3706 870 3761 ascendere
890 3705 942 3758 in
963 3704 1148 3757 lectum
1168 3699 1316 3754 strati
1340 3698 1457 3764 mei,
1480 3698 1530 3751 4.
1553 3696 1597 3749 si
1625 3695 1810 3748 dedero
1833 3709 1969 3746 som-

365 3819 488 3856 num
513 3800 672 3855 oculis
698 3798 841 3861 meis,
873 3806 919 3850 et
944 3792 1198 3865 palpebris
1228 3791 1350 3846 meis
1375 3787 1805 3851 dormitationem,
1839 3785 1895 3839 5.
1918 3792 1967 3837 et

366 3893 586 3962 requiem
601 3889 906 3959 temporibus
925 3887 1067 3951 meis,
1091 3884 1250 3938 donec
1268 3882 1519 3935 inueniam
1540 3879 1706 3932 locum
1726 3876 1965 3940 Domino,

366 3985 748 4040 tabernaculum
765 3979 876 4034 Deo
901 3976 1082 4032 Iacob.
1111 3977 1171 4030 Et
1196 3973 1322 4045 quid
1346 3974 1446 4027 hoc
1467 3971 1532 4025 ad
1558 3982 1610 4026 te
1636 3971 1659 4024 ?
1681 3969 1966 4036 Quoniam,

371 4076 562 4148 inquit,
595 4075 663 4128 ab
691 4089 756 4128 eo
785 4086 953 4143 genus
979 4070 1125 4131 duxi,
1155 4078 1208 4122 et
1235 4068 1486 4137 quoniam
1515 4081 1634 4119 cum
1661 4063 1752 4120 tibi
1783 4063 1971 4117 fuisset

369 4180 645 4237 acceptum
674 4166 788 4234 ejus
817 4164 1048 4216 studium
1075 4169 1132 4214 et
1159 4157 1430 4230 diligentia
1457 4197 1472 4222 ,
1521 4156 1703 4210 dixisti
1751 4166 1803 4211 te
1853 4156 1971 4224 ejus

370 4275 540 4332 genus
575 4268 628 4312 et
675 4271 894 4326 regnum
941 4264 1290 4308 erecturum:
1333 4260 1615 4320 propterea
1656 4249 1771 4303 haec
1817 4261 1968 4319 pacta

371 4362 633 4410 conventa
664 4365 807 4405 nunc
831 4365 861 4402 a
888 4358 940 4403 te
966 4348 1249 4417 exigimus.
1272 4343 1390 4398 Non
1415 4345 1550 4398 dixit
1567 4353 1770 4409 autem,
1791 4343 1972 4398 Donec

370 4446 712 4503 ardilicavero
733 4442 869 4514 (hoc
885 4441 1028 4516 enim
1051 4455 1156 4494 non
1182 4438 1356 4493 fuerat
1371 4437 1418 4491 ei
1441 4435 1823 4507 permissum),
1852 4437 1970 4503 sed,

373 4538 548 4593 Donec
571 4537 806 4589 invenero
837 4533 1001 4586 locum
1031 4530 1248 4582 Domino
1275 4539 1323 4583 et
1345 4528 1746 4582 tabernaculum.
1774 4528 1973 4582 Deinde

374 4644 496 4686 eum
525 4625 742 4698 quidem
769 4623 858 4694 qui
886 4630 971 4677 est
994 4620 1354 4674 aediﬁcaturus
1385 4621 1623 4687 praeterit
1655 4662 1665 4672 .
1695 4635 1818 4673 eum
1846 4635 1974 4675 vero

376 4722 466 4793 qui
492 4727 574 4774 est
603 4715 872 4787 pollicitus
892 4755 908 4781 ,
941 4714 993 4767 in
1022 4712 1256 4766 medium
1283 4710 1520 4776 adducit,
1553 4721 1611 4765 ut
1635 4711 1774 4765 scias
1805 4728 1973 4782 quau-

377 4826 484 4868 tum
514 4812 712 4866 bonum
735 4807 805 4862 sit
826 4813 1005 4862 rectus
1032 4803 1265 4868 animus,
1295 4811 1349 4857 et
1374 4804 1645 4872 quomodo
1673 4805 1812 4857 Deus
1834 4820 1976 4858 scm-

378 4923 471 4977 per
500 4900 842 4959 consueverit
868 4907 1015 4952 recto
1042 4896 1204 4950 animi
1234 4897 1475 4950 instituto
1503 4905 1557 4950 et
1598 4897 1753 4950 bonae
1784 4897 1975 4950 volun-

378 4999 468 5054 tati
499 4993 802 5052 mercedem
825 4991 1152 5046 constituere
1185 5006 1197 5041 :
1227 4998 1282 5044 et
1331 4989 1453 5044 ideo
1490 4991 1607 5058 ejus
1642 4991 1817 5060 potius
1858 5008 1976 5046 me-

379 5091 556 5157 minit,
589 5087 842 5158 quoniam
871 5085 984 5153 ipse
1027 5090 1110 5137 est
1141 5082 1315 5152 potius
1341 5082 1430 5151 qui
1465 5083 1783 5148 aedificavit,
1816 5101 1976 5154 quam

382 5182 540 5235 filius.
572 5178 671 5234 Hic
695 5177 840 5232 enim
883 5175 1152 5244 pollicitus
1180 5184 1259 5229 est
1292 5193 1304 5228 :
1339 5174 1428 5229 ille
1475 5190 1605 5230 vero
1645 5175 1829 5245 jussus
1873 5187 1975 5232 est.

383 5273 515 5330 Vide
552 5283 730 5326 autem
771 5269 1058 5323 maximam
1098 5267 1214 5336 ejus
1252 5268 1413 5322 animi
1464 5267 1818 5323 alacritatem.
1864 5269 1978 5325 Non

382 5365 558 5421 solum
584 5363 714 5417 dicit
741 5377 800 5416 se
831 5376 935 5413 neu
979 5361 1340 5428 ingressurum
1368 5359 1625 5426 domum,
1659 5377 1758 5416 nec
1784 5362 1979 5417 lectum

382 5470 732 5510 assensurum
754 5491 770 5513 ,
802 5451 897 5506 sed
931 5465 1006 5522 ne
1032 5466 1095 5505 ea
1122 5451 1337 5520 quidem
1379 5466 1501 5520 qua:
1543 5463 1698 5507 erant
1724 5456 1984 5510 naturalis

385 5547 720 5606 necessitatis
747 5546 914 5600 libere
940 5543 1346 5614 desumpturum
1370 5587 1384 5605 .
1418 5543 1592 5600 donec
1622 5545 1884 5601 invenerit
1905 5548 1980 5601 lo-

384 5657 504 5698 cum
535 5648 591 5694 et
622 5636 1022 5692 tabernaculum
1059 5635 1166 5689 Deo
1200 5634 1388 5690 Jacob.
1439 5636 1675 5703 Quorum
1716 5639 1984 5693 contraria

385 5735 463 5787 eis
492 5747 521 5785 a
551 5729 664 5785 Deo
692 5727 1102 5795 objiciebautur,
1130 5726 1341 5781 dicente
1373 5745 1384 5779 :
1432 5725 1527 5780 Vos
1557 5728 1758 5796 quidem
1786 5729 1983 5782 habita-

388 5828 447 5877 tis
496 5823 546 5875 in
590 5819 819 5874 domibus
862 5817 1107 5887 laqueatis
1137 5834 1154 5872 .'
1185 5819 1362 5872 domus
1407 5829 1574 5873 autem
1621 5837 1729 5874 mea
1778 5833 1851 5876 est
1895 5823 1983 5878 de-

1487 372 1844 431 EXPOSITIO
1883 372 1949 429 IN
1987 370 2312 428 PSALMUM
2351 371 2591 427 CXXXI.

3555 368 3659 426 332

2054 494 2187 539 serta
2216 483 2316 557 (a).
2352 482 2524 538 Donec
2551 485 2788 539 invenero
2816 484 2984 539 locum
3004 483 3224 538 Domino
3279 484 3662 540 tabernaculum

2055 574 2166 630 Deo
2205 575 2368 630 Iacob
2417 579 2585 646 (Agg.
2636 577 2687 631 Ι.
2734 576 2825 647 4).
2878 575 3012 631 Vide
3060 577 3149 632 hic
3196 592 3386 632 rursus
3423 579 3660 633 studium

2051 678 2107 723 et
2131 670 2296 723 animi
2346 669 2785 724 sollicitudinem.
2827 667 2942 724 Rex
2984 668 3152 733 dicit,
3207 667 3385 724 Donec
3428 670 3665 725 invenero

2040 761 2223 814 locum
2271 759 2494 815 Domino
2518 803 2532 824 ,
2577 762 2962 814 tabernaculum
2996 759 3106 814 Deo
3130 759 3293 815 Iacob
3348 760 3447 832 (ὁ)
3478 780 3494 816 :
3527 777 3620 816 rex
3643 802 3659 826 ,

2055 851 2271 921 inquam
2295 893 2310 916 ,
2341 853 2431 922 qui
2462 853 2514 906 in
2544 867 2734 906 omnes
2752 852 3086 906 dominatum
3113 851 3411 907 obtinebat.
3436 852 3666 907 Nolebat

2054 943 2202 999 enim
2229 945 2404 998 solum
2428 953 2733 1010 exstruere,
2756 945 2850 998 sed
2878 945 3040 999 etiam
3069 947 3120 998 in
3156 945 3276 998 loco
3302 946 3584 1013 aptissimo
3611 956 3668 1001 et

2053 1038 2144 1108 qui
2169 1037 2367 1105 templo
2397 1035 2550 1090 valde
2575 1047 2920 1106 congrueret,
2957 1045 3015 1090 et
3044 1051 3181 1107 opus
3207 1038 3257 1092 ei
3289 1049 3407 1093 erat
3437 1037 3667 1106 inquisi—

2054 1131 2204 1184 tione
2237 1146 2252 1183 :
2287 1137 2431 1181 tanta
2460 1138 2575 1183 erat
2599 1129 2766 1183 animi
2806 1129 3098 1199 vigilantia.
3131 1129 3184 1185 6.
3218 1128 3356 1185 Ecre
3379 1131 3670 1187 audiuimus

2054 1237 2167 1276 eam
2191 1219 2246 1272 in
2270 1207 2524 1289 Ephrata,
2554 1221 2838 1275 inuenimus
2862 1237 2973 1274 eam
3009 1220 3062 1274 in
3091 1222 3290 1291 campis
3325 1222 3502 1292 sylvat.
3527 1221 3668 1277 Nar-

2057 1320 2138 1365 rat
2185 1327 2334 1368 nunc
2360 1321 2562 1376 vetera,
2596 1310 2891 1365 ostendens
2930 1326 3111 1366 arcam
3139 1321 3300 1367 antea
3339 1313 3500 1383 longe
3527 1321 3667 1366 tem-

2059 1418 2190 1471 pore
2216 1417 2427 1457 errasse
2452 1443 2467 1466 ,
2511 1403 2685 1456 locum
2724 1401 2844 1456 loco
2869 1411 3202 1469 mutantem,
3245 1414 3298 1456 et
3338 1404 3460 1457 ideo
3489 1404 3621 1459 dicit
3652 1420 3667 1458 :

2058 1494 2194 1549 Ecce
2217 1495 2506 1550 audivimus
2548 1511 2660 1548 eam
2687 1494 2743 1548 in
2785 1493 3020 1564 Ephrem
3043 1511 3064 1559 ;
3101 1499 3203 1550 hoc
3228 1508 3308 1551 est
3330 1539 3345 1563 ,
3379 1497 3455 1551 Ea
3485 1513 3672 1552 narra-

2065 1594 2258 1639 verunt
2284 1585 2438 1640 nobis
2464 1594 2644 1654 patres
2672 1585 2864 1650 nostri,
2899 1584 3017 1640 luce
3043 1586 3262 1642 auribus
3294 1588 3492 1641 nostris
3513 1602 3670 1643 acce-

2061 1677 2257 1746 pimus,
2288 1676 2430 1747 quod
2466 1693 2587 1731 cum
2625 1685 2753 1731 tunc
2787 1689 3003 1746 quoque
3047 1677 3243 1747 ubique
3288 1678 3564 1733 oberraret
3615 1680 3668 1734 in

2059 1769 2201 1838 agris
2222 1777 2277 1822 et
2303 1768 2529 1837 campis,
2560 1777 2743 1838 postea
2770 1770 3030 1824 collocata
3056 1770 3125 1824 sit
3153 1786 3166 1821 :
3200 1770 3300 1824 hoc
3329 1772 3501 1840 ipsum
3528 1785 3674 1828 nunc

2061 1875 2274 1928 quoque
2310 1860 2424 1914 fiat.
2469 1859 2706 1929 Ephrala
2732 1860 2818 1915 hic
2847 1861 2977 1916 dicit
3008 1861 3205 1915 tribum
3231 1860 3387 1926 Juda,
3422 1861 3488 1916 ad
3512 1877 3671 1932 quam

2063 1963 2185 2021 post
2213 1953 2430 2021 longam
2459 1952 2832 2007 circuitionem
2857 1952 3088 2007 deducta
3118 1962 3221 2009 est.
3259 1954 3312 2008 7.
3339 1952 3674 2008 lntroibimus

2061 2045 2113 2096 in
2139 2043 2470 2097 tabernacula
2512 2046 2646 2114 ejus,
2678 2043 3009 2098 adorabimus
3055 2044 3112 2097 in
3154 2045 3289 2108 loco,
3317 2044 3402 2098 ubi
3429 2053 3676 2099 steterunt

2063 2137 2214 2204 pedes
2243 2138 2373 2207 ejus.
2401 2137 2592 2191 Vidisti
2640 2152 2804 2207 quam
2848 2129 3037 2192 crasso
3083 2136 3298 2192 dicendi
3353 2138 3516 2193 modo
3548 2153 3678 2193 usus

2062 2237 2146 2282 est
2178 2239 2398 2297 propter
2445 2239 2718 2298 stuporem
2769 2245 2957 2283 eorum
3002 2229 3091 2299 qui
3131 2229 3454 2298 audiebant,
3490 2229 3645 2286 dicen

2067 2321 2159 2374 Dei
2190 2321 2553 2386 tabernacula,
2581 2330 2635 2375 et
2674 2320 2858 2389 pedes.
2882 2329 2937 2375 ct
2975 2321 3152 2375 locum
3181 2377 3191 2390 _
3215 2321 3306 2376 ubi
3341 2322 3556 2376 stabant
3585 2338 3670 2392 pe,

2064 2411 2162 2466 des
2182 2412 2318 2481 ejus.
2345 2412 2439 2467 His
2464 2425 2641 2467 autem
2661 2413 2911 2467 omnibus
2935 2412 3136 2469 indicat
3157 2415 3333 2470 locum
3359 2430 3522 2482 arcae,
3545 2432 3674 2487 quo-

2066 2503 2208 2556 niam
2240 2518 2304 2557 ex
2335 2517 2400 2556 eo
2430 2502 2550 2557 loco
2578 2503 2875 2558 edebantur
2895 2518 3058 2559 voces
3098 2504 3392 2560 herribiles
3418 2506 3487 2561 de
3515 2507 3679 2562 rebus

2066 2608 2187 2662 qua:
2219 2592 2284 2646 ad
2315 2592 2533 2648 Iudaeos
2564 2595 2943 2664 pertinebant,
2975 2610 3096 2665 quae
3127 2605 3282 2651 erant
3306 2597 3533 2653 obscura
3570 2598 3682 2653 sol-

2068 2695 2276 2749 ventes,
2303 2695 2358 2740 et
2385 2685 2558 2739 futura
2591 2686 2967 2755 praedicentes.
2994 2688 3048 2742 8.
3083 2687 3287 2759 Surge,
3322 2688 3543 2744 Domine
3564 2730 3580 2754 ,
3629 2691 3684 2744 in

2067 2780 2290 2849 requiem
2350 2789 2489 2832 tuam
2513 2820 2527 2843 ,
2565 2790 2619 2834 tu
2667 2791 2713 2832 et
2746 2795 2869 2833 arca
2911 2781 3332 2850 sanctiﬁcationis
3359 2790 3478 2837 tum.
3534 2783 3688 2839 Alius

2067 2871 2237 2938 dicit,
2271 2869 2616 2925 Fortitudinis
2645 2879 2766 2929 tute.
2788 2871 2978 2944 IAlius,
3012 2870 3230 2942 Imperii
3267 2874 3382 2929 tui:
3415 2874 3490 2945 (ε)
3540 2885 3688 2929 utra-

2068 2979 2173 3034 que
2202 2976 2383 3018 autem
2413 2980 2561 3019 vera.
2610 2963 2763 3018 llline
2791 2965 2938 3018 enim
2967 2961 3283 3021 tradebatur
3311 2969 3570 3023 sanctitas
3590 3011 3602 3034 ,
3632 2977 3690 3024 et

2066 3070 2188 3126 quze
2238 3065 2394 3110 erant
2440 3056 2488 3110 ei
2541 3056 2806 3125 impositas
2837 3055 3007 3112 literae
3031 3097 3046 3124 ,
3081 3066 3240 3112 erant
3277 3067 3334 3114 et
3378 3059 3684 3115 sanctitatis

2069 3144 2373 3201 effectrices
2403 3156 2456 3200 et
2499 3147 2732 3202 roboris.

2141 3240 2192 3294 5.
2238 3239 2468 3294 Pulchre
2500 3254 2630 3308 ergo
2656 3241 2733 3295 sic
2756 3240 2919 3306 dixit;
2949 3255 3197 3311 magnam
3225 3242 3369 3298 enim
3400 3242 3543 3299 Deus
3577 3259 3675 3314 per

2070 3347 2188 3386 eam
2217 3332 2508 3400 potentiam
2533 3332 2766 3386 ostendit
2790 3335 2982 3400 semel,
3009 3341 3064 3387 ct
3091 3334 3196 3402 bis,
3219 3343 3274 3389 et
3293 3350 3689 3406 smpenumcro,

2071 3433 2129 3477 ut
2155 3424 2366 3493 quando
2384 3432 2537 3493 capta
2569 3424 2637 3479 ab
2659 3425 2886 3492 Azotiis,
2918 3426 3134 3495 quando
3158 3428 3447 3483 simulacra
3473 3429 3690 3500 dejecit,

2071 3516 2286 3587 quando
2311 3532 2406 3572 eos
2437 3518 2527 3588 qui
2560 3519 2844 3589 tetigerant
2887 3521 3188 3589 percussit,
3219 3522 3436 3592 quando
3464 3539 3526 3578 ea
3561 3523 3690 3579 red-

2071 3609 2178 3662 dita
2222 3616 2280 3662 ut
2311 3608 2462 3678 plaga
2512 3619 2750 3666 cessaret
2777 3611 2954 3665 eﬂ'ecit
2979 3653 2996 3676 ,
3025 3622 3081 3666 et
3110 3627 3209 3682 per
3232 3614 3334 3668 alia
3365 3655 3381 3680 ,
3413 3630 3533 3684 quae
3583 3616 3695 3672 illic

2075 3700 2220 3766 fecit,
2245 3715 2395 3754 suam
2420 3701 2658 3756 ostendit
2681 3705 2996 3771 potentiam.
3020 3703 3158 3771 Quid
3181 3714 3264 3760 est
3293 3716 3500 3773 autem,
3524 3707 3694 3778 Surge

2073 3795 2126 3848 in
2153 3795 2375 3865 requiem
2422 3804 2559 3848 tuam
2581 3796 2607 3849 ?
2637 3795 2778 3862 Fac,
2810 3796 3002 3865 inquit,
3033 3806 3092 3851 ut
3123 3813 3221 3852 nos
3246 3798 3577 3854 desistamus
3601 3816 3693 3854 er-

2075 3900 2215 3949 rare,
2232 3897 2281 3939 et
2304 3901 2425 3938 arca
2451 3885 2806 3955 circumferri,
2832 3899 2888 3942 et
2908 3903 2970 3943 ea
2996 3889 3210 3944 tandem
3232 3891 3520 3962 aliquando
3539 3893 3694 3961 quie-

2074 3985 2209 4032 scat.
2242 3977 2300 4031 9.
2328 3977 2631 4031 Sacerdotes
2673 3980 2747 4031 tui
2775 3980 3052 4033 induentur
3088 3981 3310 4053 iustitia.
3343 3982 3513 4046 Alius,
3549 3985 3694 4035 Ami-

2074 4072 2293 4137 ciautur,
2314 4071 2471 4134 alius,
2489 4071 2801 4136 Induantur,
2828 4073 2969 4142 quod
2989 4070 3204 4143 quidem
3223 4084 3304 4130 est
3325 4077 3591 4145 apertius:
3614 4086 3699 4131 est

2075 4164 2219 4218 enim
2250 4175 2540 4232 precantis,
2566 4178 2671 4217 non
2697 4163 3055 4232 praedicentis,
3076 4175 3129 4220 et
3153 4167 3384 4234 petentis
3400 4168 3700 4238 possessio.

2077 4273 2199 4309 nem
2220 4257 2454 4311 virtutis.
2473 4256 2739 4311 Justitiam
2758 4267 2937 4312 autem
2965 4257 3049 4312 hic
3073 4259 3202 4312 dicit
3232 4261 3364 4315 ritus
3382 4274 3587 4326 sacros,
3607 4274 3698 4313 sa-

2077 4349 2400 4412 cerdotium,
2421 4349 2647 4413 cultum,
2669 4349 3015 4414 sacrificium,
3039 4350 3362 4417 oblationes,
3390 4362 3585 4407 etcum
3616 4352 3698 4407 his

2081 4441 2373 4509 perfectam
2394 4441 2515 4494 vita:
2547 4440 2958 4504 institutionem,
2983 4442 3237 4509 quoniam
3257 4457 3319 4494 ea
3351 4452 3435 4498 est
3464 4443 3702 4499 maxime

2079 4533 2397 4602 requirenda
2421 4547 2450 4584 a
2472 4532 2860 4588 sacerdotibus.
2886 4531 2952 4584 Et
2965 4534 3128 4587 sancti
3149 4534 3221 4587 tui
3241 4533 3564 4589 exsultabant
3579 4536 3701 4592 ,ουΙή

2082 4626 2196 4679 hazc
2211 4625 2416 4680 scilicet
2427 4623 2562 4678 facta
2580 4624 2793 4680 fuerint.
2807 4624 2935 4678 Vide
2949 4638 3072 4679 eum
3089 4640 3194 4679 non
3208 4640 3451 4695 qua-rere
3465 4635 3710 4684 constru-

2080 4719 2312 4773 ctionem
2337 4718 2591 4784 civitatis,
2619 4734 2723 4772 non
2757 4732 2935 4772 rerum
2969 4717 3236 4772 venalium
3260 4718 3643 4774 abundantiam
3676 4758 3694 4785 ,

2083 4825 2191 4863 non
2214 4809 2438 4864 aliarum
2455 4824 2634 4862 rerum
2655 4807 3088 4879 prosperitatem,
3114 4809 3206 4864 sed
3229 4811 3413 4880 templi
3426 4810 3700 4876 decorem,

2082 4909 2136 4951 ct
2164 4914 2304 4953 arca-
2344 4902 2582 4972 requiem
2603 4939 2619 4964 ,
2648 4898 2990 4954 sacerdotum
3025 4897 3235 4967 plenam
3270 4899 3655 4969 perfectionem
3688 4942 3703 4968 ,

2085 4993 2221 5045 ritus
2247 5005 2431 5044 sacros
2460 5031 2474 5052 ,
2509 4991 2749 5054 cultum,
2781 4990 3163 5044 sacerdotium.
3201 4991 3404 5047 Deinde
3432 4998 3553 5063 quia
3586 4994 3701 5050 lucc

2086 5085 2374 5153 petierunt,
2410 5083 2619 5160 ipsique
2647 5083 2858 5137 fuerunt
2887 5082 3066 5136 multis
3096 5084 3329 5152 peccatis
3353 5085 3602 5150 obnoxii,
3637 5087 3705 5142 ad

2089 5183 2363 5246 parentem
2383 5188 2567 5229 rursus
2585 5174 2842 5244 confugit,
2863 5173 3048 5229 (licens
3063 5193 3072 5228 :
3086 5175 3170 5230 ιο.
3192 5174 3409 5246 Propter
3427 5176 3593 5231 David
3603 5196 3708 5233 ser-

2088 5286 2200 5323 uum
2221 5278 2360 5320 tuum
2376 5283 2476 5320 non
2495 5275 2692 5320 avertas
2709 5269 2889 5335 facient
2909 5266 3084 5321 Christi
3107 5268 3196 5320 tui.
3211 5263 3352 5329 Quid
3369 5276 3477 5333 est,
3495 5268 3710 5339 Propter

2095 5360 2258 5414 David
2272 5375 2468 5413 servum
2494 5367 2633 5411 tuum
2655 5359 2679 5412 ?
2700 5357 2811 5412 Non
2837 5367 3073 5429 propter,
3105 5359 3275 5428 inquit
3293 5400 3307 5422 ,
3334 5359 3474 5414 illius
3507 5371 3712 5416 tantum

2093 5453 2364 5518 virtutem,
2395 5466 2493 5505 nec
2534 5451 2676 5521 quod
2709 5459 2914 5505 tantum
2943 5451 3179 5505 studium
3211 5452 3390 5522 posuit
3425 5452 3493 5509 ad
3525 5452 3627 5507 hoc
3659 5464 3711 5508 ut

2121 5651 2128 5658 ι
2157 5587 2231 5649 (a)
2257 5594 2375 5658 iure
2396 5587 2596 5636 omnino
2644 5587 2809 5636 verbis
2853 5584 3088 5638 diﬂ‘eruut
3109 5600 3135 5634 a
3163 5592 3306 5635 textu
3330 5585 3504 5651 Αεεωί
3529 5587 3581 5636 in
3607 5587 3709 5636 t-Idi-

2096 5656 2231 5698 tione
2257 5656 2478 5698 nontam.

2159 5711 2234 5772 (ὁ)
2269 5716 2318 5759 ιιι
2343 5708 2486 5760 Savil.
2507 5709 2689 5758 desunt
2711 5709 2817 5772 lucc
2842 5707 3392 5768 verba,tabeniaculmn
3423 5718 3520 5760 Deo
3542 5710 3704 5759 Jacob-

2165 5771 2235 5829 (ε)
2260 5779 2435 5821 Harum
2457 5780 2508 5821 et
2527 5771 2841 5835 sequentium
2859 5772 3318 5834 interpretationum
3339 5780 3564 5824 auctores
3577 5777 3718 5836 igno-

2102 5846 2290 5884 rantur.
