4086 6448
431 353 536 407 583

430 463 682 531 templtun
716 463 995 524 excitaret,
1017 459 1109 513 sed
1133 458 1291 513 etiam
1323 459 1444 527 quia
1477 457 1527 511 id
1557 474 1615 513 es
1645 459 1693 511 ci
1730 457 2016 526 pollicitus.

431 552 649 621 Propter
681 551 849 606 David
888 546 1083 606 servum
1105 559 1242 602 tuum
1268 591 1283 614 ,
1316 566 1379 602 ne
1404 560 1597 602 avertas
1625 549 1806 618 facient
1851 546 2026 600 clo-isti

427 639 523 689 ικίο
551 640 1064 713 Cujuuunninquit?
1091 641 1218 710 Ejus
1238 642 1326 708 qui
1352 648 1476 693 tunc
1505 649 1696 694 unctus
1718 649 1820 702 εει,
1853 652 2026 707 popu-

428 738 646 806 lumque
669 734 806 805 regit
828 745 879 790 et
909 734 958 792 ei
985 744 1200 803 praeest.
1236 733 1318 786 tl.
1351 728 1551 785 Iuravit
1581 730 1830 785 Dominus
1856 728 2023 784 David

429 829 684 881 ceritatem
712 836 759 881 et
799 843 901 880 non
926 825 1250 894 fructi-obitur
1279 839 1409 876 eam.
1439 822 1516 875 De
1541 824 1710 891 [ructu
1735 821 1921 875 ventris
1954 820 2025 873 cui

429 932 615 984 ponam
640 933 792 985 super
807 918 974 970 sedem
996 927 1158 971 tuam.
1191 914 1477 982 Postquam
1499 916 1641 966 enim
1672 913 2028 966 Davidisme-

429 1009 607 1073 mittit,
636 1018 691 1062 et
715 1009 926 1062 virtutis
954 1007 1074 1072 viri,
1102 1017 1156 1062 et
1177 1006 1335 1059 studii
1367 1006 1505 1075 quod
1533 1006 1582 1058 in
1613 1005 1867 1074 templum
1896 1021 2026 1060 cutt-

436 1100 651 1161 tulcrat,
671 1115 746 1164 ac
773 1109 948 1153 vetem
979 1101 1212 1153 narravit
1236 1140 1250 1161 ,
1281 1107 1334 1151 et
1362 1107 1420 1151 ut
1447 1099 1498 1151 in
1526 1097 1685 1166 priori
1713 1098 1833 1151 vita:
1864 1097 2021 1151 insti-

431 1198 554 1259 tuto
576 1200 892 1260 appareret,
928 1192 1150 1259 rogavit,
1184 1190 1232 1242 id
1260 1189 1398 1258 quod
1427 1200 1509 1244 est
1538 1189 1836 1243 maximum
1860 1203 2017 1257 caput

429 1281 682 1347 adducit,
716 1282 806 1336 Dei
840 1284 1404 1350 prmnissa.-Qu:nnam
1441 1292 1618 1336 autem
1662 1297 1724 1337 ea
1752 1283 1918 1336 sunt?
1947 1282 2025 1338 De

429 1379 597 1442 fructu
640 1379 824 1428 castris
859 1375 932 1426 tui
973 1391 1155 1442 ponam
1188 1389 1341 1440 super
1369 1373 1536 1428 sedem
1564 1384 1723 1426 tuam.
1746 1374 1856 1429 Sed
1895 1388 2014 1443 pro-

431 1465 592 1520 missa
622 1480 725 1518 non
756 1465 890 1518 facta
937 1473 1062 1518 sunt
1093 1481 1224 1534 pure
1263 1476 1316 1520 et
1359 1465 1624 1530 absolute,
1651 1465 1743 1520 sed
1786 1467 2022 1521 cutn'eis

429 1552 718 1607 accedente
743 1556 969 1621 quadam
999 1555 1324 1609 conditione.
1344 1557 1599 1621 Quaenam
1623 1566 1798 1610 autem
1815 1567 1929 1612 erat
1957 1573 2018 1611 ea

429 1644 696 1698 conditio?
722 1645 858 1698 Audi
883 1662 898 1705 ;
929 1645 1200 1715 subjungit
1228 1647 1372 1701 enim
1400 1647 1416 1678 ³
1439 1663 1452 1700 :
1490 1648 1576 1700 12.
1611 1648 1671 1702 Si
1697 1649 2023 1702 custodierint

431 1734 528 1801 lilii
549 1735 623 1788 tui
643 1745 992 1790 testamentum
1015 1754 1178 1791 meum
1201 1757 1219 1800 ς
1250 1749 1296 1790 et
1332 1740 1616 1792 testimonia
1653 1756 1762 1791 mea
1788 1740 1895 1792 hinc
1913 1755 2026 1808 qua:

429 1825 614 1879 docebo
640 1829 776 1895 ipsos
797 1869 811 1890 ,
851 1839 896 1880 et
933 1829 1028 1895 filii
1050 1845 1221 1881 eorum
1248 1829 1477 1899 usqtte‘in
1515 1832 1755 1883 strcnlnm
1783 1832 2022 1885 sedebant

409 1929 576 1986 'super
593 1917 828 1978 thronum
850 1928 1008 1970 tuum.
1034 1918 1166 1971 Cum
1188 1920 1268 1972 bis
1290 1921 1461 1973 verbis
1481 1931 1736 1990 concepta
1762 1923 2019 1990 promissa

431 2008 568 2062 Deus
608 2009 858 2075 fecisset,
889 2009 966 2062 eis
1014 2009 1226 2063 tradidit
1251 2011 1662 2080 chirographum
1699 2029 1712 2064 :
1743 2012 1814 2066 illi
1839 2021 2018 2067 autem

429 2112 619 2152 rursus
643 2098 923 2164 dixerunt,
957 2099 1140 2153 Omnia
1158 2116 1484 2168 qutrcumque
1511 2103 1631 2153 dicit
1663 2101 1910 2155 Dominus
1935 2107 2014 2171 [a-

427 2192 614 2251 ciemus
639 2201 695 2257 [et
730 2191 990 2244 audiemus
1035 2190 1241 2260 (Exod.
1291 2192 1379 2245 26.
1409 2195 1437 2246 7
1462 2191 1500 2263 ).
1545 2193 1743 2247 Deinde
1769 2195 2017 2262 quoniam

426 2282 636 2337 videbat
673 2297 830 2336 unam
859 2293 1064 2350 partem
1097 2297 1218 2336 esse
1245 2294 1394 2350 pacta
1424 2295 1682 2338 cooventa
1720 2296 2017 2355 transgres-

423 2387 559 2438 sam,
587 2372 801 2428 deducit
825 2375 1118 2428 orationem
1145 2375 1212 2427 ad
1241 2376 1435 2433 locum.
1466 2377 1883 2430 consolationem
1917 2395 2018 2430 uu-

422 2464 584 2533 dique
607 2467 870 2530 excitans,
891 2478 946 2522 et
969 2468 1154 2522 dicens
1171 2487 1189 2521 τ
1214 2469 1297 2522 13.
1334 2470 1584 2532 Quoniam
1604 2472 1749 2540 elegit
1775 2471 2018 2526 Dominus

423 2557 576 2624 Sion,
599 2561 746 2630 elegit
767 2577 876 2613 eam
903 2562 956 2614 in
997 2562 1351 2615 habitationem
1382 2564 1494 2615 sibi.
1527 2563 1611 2617 14.
1657 2562 1784 2616 Htec
1823 2567 2017 2633 requies

415 2667 534 2707 mea
568 2653 625 2705 in
661 2653 906 2716 secutum
946 2654 1143 2707 seculi.
1184 2653 1281 2707 llic
1306 2655 1540 2709 habitabo
1562 2698 1575 2720 ,
1621 2659 1861 2726 quoniam
1890 2660 2015 2728 elegi

419 2757 550 2802 eam.
576 2739 689 2797 Hoc
709 2751 808 2807 est,
835 2741 953 2798 Non
977 2746 1140 2799 homo
1158 2744 1332 2800 locum
1358 2747 1533 2817 elegit,
1559 2749 1652 2802 sed
1683 2749 1821 2803 Deus
1843 2751 2014 2819 ipsum

419 2851 516 2890 sua
540 2839 805 2891 sententia
843 2837 1156 2901 constituit,
1193 2854 1253 2892 se
1283 2839 1347 2892 ad
1373 2854 1556 2893 eorum
1598 2840 2014 2898 imbecillitatem

421 2927 730 2981 detnittena.
771 2926 884 2982 Hoc
908 2936 992 2982 est
1027 2943 1158 2998 ergo
1180 2930 1323 2998 quod
1365 2930 1492 2984 dicit
1525 2947 1539 2982 :
1570 2932 1737 2997 Quem
1768 2932 2011 3001 elegisti,

417 3030 575 3086 quem
601 3026 687 3071 tua
714 3019 975 3074 sententis
995 3019 1332 3083 conatituisti,
1357 3035 1516 3089 quem
1534 3031 1715 3088 aptum
1741 3036 1862 3077 esse
1882 3037 2013 3077 ceno

417 3108 590 3171 soisti,
615 3125 679 3163 ne
702 3112 974 3182 permittas
993 3118 1049 3166 ut
1068 3112 1362 3186 collabatur
1377 3122 1434 3167 et
1453 3115 1696 3168 intereat.
1727 3114 2010 3170 Haecenim

416 3200 619 3265 dixisti,
651 3201 749 3254 Hic
767 3203 1019 3256 habitabo.
1044 3201 1149 3257 Sed
1179 3203 1292 3258 huic
1317 3204 1525 3260 diccbat
1556 3221 1676 3260 cum
1710 3206 1812 3261 illis
1844 3208 2013 3276 pactis

419 3294 716 3346 cumculis.
768 3293 1137 3358 Quibusnam?
1167 3293 1228 3347 Si
1258 3297 1583 3350 custodierint
1625 3297 1720 3361 lilii
1751 3299 1822 3350 tui
1861 3308 2012 3352 testa-

425 3392 644 3437 mentum
671 3401 854 3437 meum.
884 3385 970 3440 15.
1011 3384 1331 3440 Venationem
1349 3387 1456 3454 ejus
1486 3387 1778 3442 benedicens
1806 3390 2009 3443 benedi-

417 3491 548 3528 σωκ.
578 3477 728 3531 Alius
747 3515 762 3541 ,
791 3475 968 3530 Cibum
997 3478 1040 3531 ’.
1060 3477 1419 3532 'Venationetu
1449 3479 1614 3546 dicit,
1645 3497 1822 3536 rerum
1849 3497 2012 3538 vena-

421 3567 546 3623 lium
573 3567 950 3624 abundantiam
975 3608 991 3635 ,
1025 3558 1351 3624 let-tilitatem
1373 3573 1477 3638 {tet
1517 3582 1764 3640 precatur
1797 3583 1855 3629 ut
1892 3575 2010 3631 hmc

417 3659 604 3718 uinctis,
626 3659 707 3714 eis
749 3670 1014 3730 tamquam
1062 3676 1092 3714 a
1124 3643 1644 3720 fontibusiaftluant.
1676 3665 1820 3724 Talis
1862 3669 2007 3726 enim

416 3747 681 3804 eratolim
708 3749 1013 3804 Judaeorum
1041 3752 1350 3821 reipublicm
1378 3763 1549 3810 status
1572 3797 1588 3820 ,
1632 3765 1691 3810 ut
1725 3758 1803 3813 eis
1827 3761 2008 3816 omnia

413 3857 510 3896 ceu
541 3856 570 3894 a
593 3840 827 3896 fontibus
846 3842 1152 3907 aftluerent,
1179 3860 1276 3899 nec
1296 3848 1554 3902 sentirent
1578 3848 1711 3904 ullas
1740 3853 2006 3908 naturales

423 3933 770 3987 necessitates
798 3976 812 3997 ,
846 3934 1108 4002 siquando
1154 3935 1318 3990 Deum
1371 3933 1630 3992 liaberent
1671 3941 1957 4010 propitium
1988 3958 2003 3997 :

417 4025 560 4079 nulla
587 4025 728 4080 enim
754 4036 870 4081 erat
912 4026 1050 4095 apud
1080 4041 1176 4083 eos
1205 4028 1422 4097 penuria
1446 4070 1460 4092 ,
1503 4046 1610 4084 non
1655 4030 1824 4088 fames
1846 4073 1862 4098 ,
1896 4051 2002 4090 non

415 4115 581 4184 pestis
599 4143 621 4178 ,-
644 4130 743 4169 nec
768 4131 910 4170 mors
939 4116 1223 4171 immatura
1245 4157 1260 4182 ,
1295 4133 1396 4173 nec
1437 4120 1632 4190 aliquid
1673 4137 1856 4177 eorum
1884 4141 2004 4194 qua:

406 4205 580 4262 sulcat
614 4207 832 4262 evenire
866 4207 1192 4272 hominibus,
1224 4209 1317 4263 sed
1342 4209 1418 4264 eis
1458 4213 1633 4265 omnia
1660 4227 1758 4268 ceu
1788 4229 1850 4269 ex
1880 4214 2001 4271 fon-

413 4299 554 4354 tibus
580 4298 888 4361 aﬂluebant,
918 4298 1013 4352 Dri
1034 4300 1237 4353 scilicet
1256 4312 1428 4354 manu
1445 4301 1466 4332 ³
1493 4304 1790 4373 corrigente
1809 4305 2002 4362 huma-

412 4405 599 4444 narum
621 4405 802 4444 rerum
829 4389 1273 4446 imbecillitatem.
1308 4392 1418 4446 Hoc
1441 4408 1570 4464 ergo
1601 4395 1687 4450 hic
1708 4397 1855 4461 dicit,
1884 4397 2003 4452 Pol-

410 4481 585 4535 licitus
608 4495 672 4535 ea
693 4489 750 4535 te
772 4495 898 4536 esse
919 4481 1324 4537 benedicturum
1355 4483 1472 4552 ejus
1498 4486 1832 4541 venationem
1853 4529 1868 4554 ,
1899 4487 2002 4544 hoc

409 4580 512 4636 est,
542 4583 594 4627 te
620 4572 961 4641 pra-biturum
993 4589 1169 4627 rerum
1201 4576 1622 4630 necessariarum
1649 4579 1856 4647 copiam
1878 4594 1998 4636 cum

409 4663 580 4722 multa
606 4665 919 4719 securitate.
950 4663 1216 4735 Paupcres
1245 4667 1353 4736 ejus
1374 4667 1612 4722 saturabo
1641 4670 1876 4739 panibus.
1909 4673 1996 4728 16.

405 4755 706 4810 Sacerdotes
729 4762 840 4824 eius
866 4756 1074 4810 induam
1097 4755 1314 4812 uiatori
1333 4800 1345 4820 .
1371 4768 1416 4811 et
1453 4761 1616 4814 sancti
1640 4763 1750 4833 ejus
1770 4765 1999 4817 exsulta-

405 4848 544 4902 tione
576 4845 922 4902 “Dabunt.
961 4848 1049 4902 17.
1101 4846 1237 4903 Illuc
1275 4851 1551 4919 producant
1593 4867 1750 4906 cornu
1788 4852 1998 4911 David:

410 4939 583 5011 paravi
600 4939 857 4994 lucernam
887 4938 1074 4993 christo
1099 4956 1228 4994 meo.
1257 4940 1342 4995 18.
1376 4939 1619 4997 Inimicos
1654 4945 1764 5014 ejus
1789 4945 1996 5001 induant

407 5033 702 5102 confusione
724 5046 746 5086 :
770 5048 925 5101 super
973 5032 1140 5101 ipsum
1186 5044 1352 5086 autem
1391 5033 1624 5104 eﬂlorebit
1661 5038 1996 5106 sanctiﬁcatio

405 5140 535 5176 mea.
559 5122 689 5179 Vide
705 5123 937 5192 undique
955 5124 1294 5178 constitutam
1321 5124 1743 5193 prosperitatem.
1768 5142 1833 5182 eo
1852 5129 1992 5199 quod

404 5215 562 5270 rebus
586 5213 904 5269 necessariis
926 5228 1032 5268 non
1059 5224 1268 5284 egeant,
1297 5215 1437 5284 quod
1464 5215 1514 5268 in
1540 5225 1652 5270 tuto
1679 5217 1790 5272 sint
1817 5232 1994 5274 sacer-

477 5388 662 5446 ‘lllud.
689 5391 832 5454 Audi,
870 5391 1115 5454 subtmgtt
1150 5397 1294 5454 enim,
1332 5392 1700 5444 desiderabatur
1739 5409 1787 5445 tn
1826 5395 1991 5446 Itorel.

404 5455 494 5502 sed
519 5455 728 5504 habetur
744 5453 794 5503 iu
820 5453 1234 5503 Edidone’s‘avllii.

470 5534 492 5599 ξ
530 5532 582 5599 in
619 5532 848 5599 GPECOL
872 5533 1034 5599 θήραν.
1059 5532 1231 5599 ,ιιιιιιο
1276 5532 1398 5599 LXI
1433 5535 1742 5599 exemplaria
1766 5574 1780 5595 ,
1822 5540 1920 5596 iam
1961 5555 1987 5589 a

408 5595 585 5659 priscis
625 5594 947 5655 temporibus.
996 5594 1198 5648 habent.
1242 5595 1409 5658 χήραν,
1460 5594 1692 5658 viduum;
1729 5594 1836 5649 sedi
1873 5614 1987 5651 vera

408 5659 560 5711 lectio
583 5667 679 5730 est,
711 5664 888 5730 Oﬁptav,
919 5663 1061 5712 hebr.
1101 5664 1251 5723 DJ’Y.
1292 5667 1423 5725 quod
1463 5667 1642 5730 Aquila
1691 5671 1846 5723 vertit
1883 5670 1989 5719 tm-

404 5722 644 5781 σιτισμόν.
679 5722 851 5772 Ctbttm.

469 5783 494 5816 ³
513 5783 599 5834 Sic
629 5783 804 5844 Satn,
838 5785 1031 5848 Morel,
1058 5784 1143 5838 Dci
1165 5785 1347 5839 st'ilirct
1369 5787 1547 5853 gratia.

683 5986 738 6019 Ι

1161 349 1215 404 S.
1247 348 1528 404 JUANNIS
1564 342 2388 404 CllR'YSOSTONLARCIIIEP.
2423 343 2959 402 CONSTANTINOP.

3609 343 3731 400 ’581

2139 456 2313 523 dates,
2337 457 2477 526 quod
2504 460 2728 528 populus
2753 459 2823 514 sit
2845 457 3120 525 iulia-tilia,
3140 456 3282 528 quod
3309 472 3402 511 rex
3417 458 3486 510 sit
3507 454 3664 510 fortis
3682 469 3735 509 et

2116 551 2452 617 :potculeic
2471 552 2612 605 enim
2636 551 2765 606 dicit
2790 552 3082 614 lucernam,
3097 551 3190 606 vel
3210 564 3414 621 regem,
3443 549 3524 604 vel
3545 550 3738 605 defert-

2133 641 2447 704 sionem,vel
2463 642 2709 701 salutem,
2729 641 2815 696 vel
2834 643 3000 696 lucem
3021 656 3174 695 :cum
3190 640 3270 694 Itis
3282 649 3459 694 autem
3477 640 3606 693 dicit
3623 655 3738 692 ma-

2118 735 2338 788 ximum
2365 730 2533 804 genus
2557 735 2945 803 prosperitatis.
2965 734 3243 801 Quodnam
3261 734 3311 787 id
3329 734 3436 788 est?
3459 733 3735 788 Abscondi

2137 825 2402 891 inimicos,
2442 835 2495 880 et
2517 827 2721 879 nullum
2752 842 2875 881 esse
2906 827 2994 896 qui
3025 829 3106 880 his
3151 827 3306 882 bonis
3334 826 3733 894 possit‘aliquid

2131 918 2438 973 detrimenti
2468 917 2679 970 all‘errc.
2720 917 2836 971 Non
2869 917 3001 972 dixit
3045 927 3224 970 autem
3256 917 3512 970 absolute
3539 916 3736 971 Interi-

2135 1018 2266 1074 tum,
2297 1009 2414 1074 sed,
2447 1007 2830 1063 Confusionem
2850 1049 2865 1074 ,
2899 1009 3081 1063 volens
3111 1024 3206 1064 cos
3234 1024 3293 1064 se
3321 1009 3468 1064 vivos
3496 1009 3736 1064 abscon-

2131 1102 2295 1167 dere,
2326 1112 2380 1156 et
2408 1100 2641 1157 latebras
2666 1117 2906 1172 quiem-re
2929 1143 2943 1165 ,
2970 1111 3025 1155 et
3055 1117 3150 1171 per
3186 1117 3251 1156 ea
3295 1117 3412 1170 qua:
3456 1103 3739 1171 patiuntur

2134 1193 2316 1247 testari
2359 1199 2554 1261 quanta
2599 1194 2668 1249 sit
2714 1193 2794 1246 vis
2836 1203 2892 1246 et
2921 1192 3143 1247 felicitas
3192 1192 3316 1245 huic
3359 1195 3529 1262 genti.
3559 1192 3737 1262 Super

2130 1285 2299 1352 ipsum
2325 1295 2492 1338 autem
2519 1285 2754 1356 eﬁtorebit
2781 1284 3117 1353 sanctiﬁcatio
3140 1299 3269 1338 mea.
3291 1283 3429 1350 Quid
3451 1293 3555 1346 cst,
3580 1291 3738 1352 super

2130 1379 2296 1448 ipsum
2318 1379 2346 1432 .9
2367 1379 2537 1448 Super
2563 1381 2810 1449 populum
2838 1374 3034 1433 meum.
3065 1378 3170 1432 Pro
3193 1392 3262 1433 eo
3286 1387 3464 1431 autem
3487 1380 3630 1446 quod
3652 1391 3739 1434 est

2132 1472 2485 1542 Sanctiﬁcatio
2505 1511 2519 1532 ,
2541 1473 2687 1526 alios
2709 1470 2875 1535 dixit,
2903 1467 3074 1523 Coma
3107 1470 3146 1524 ⁸.
3183 1469 3366 1532 Alius,
3399 1466 3535 1538 Ejus
3561 1484 3732 1538 segre-

2129 1565 2282 1636 galia.
2314 1565 2465 1619 Alius
2486 1603 2500 1627 ,
2527 1562 2658 1634 Ejus
2684 1571 3013 1634 segregatum.
3042 1559 3182 1630 Quid
3212 1569 3295 1615 est
3323 1575 3453 1628 ergo
3477 1561 3620 1628 quod
3648 1561 3733 1614 di-

2130 1665 2270 1709 ctum
2299 1653 2428 1709 est?
2453 1653 2578 1708 Mihi
2611 1653 2819 1708 videtur
2851 1654 2934 1707 hic
2974 1651 3155 1707 dicere
3185 1651 3616 1722 prosperitatem,
3647 1666 3736 1706 se-

2127 1747 2432 1812 curitatem,
2463 1745 2623 1807 vires,
2652 1760 2898 1815 regnum.

2205 1838 2461 1892 Promissa
2491 1837 2584 1891 Dei
2606 1838 2943 1908 operationem
2966 1846 3188 1890 nostram
3211 1835 3733 1902 exspectant.——Qu:u

2128 1931 2176 1984 ei
2209 1929 2480 2000 scgregavi
2505 1927 2909 1994 abinitio,htcc,
2935 1929 3124 1998 inquit,
3145 1929 3438 1982 manebunt
3462 1929 3731 1995 florentia,

2131 2022 2443 2091 pullulanlirt
2470 2063 2484 2086 ,
2513 2037 2619 2074 non
2650 2021 2897 2085 ﬂaccida,
2931 2036 3104 2089 neque
3123 2019 3422 2074 decidenlia
3448 2036 3462 2082 ;
3495 2020 3587 2074 sed
3617 2020 3734 2074 ha-c

2127 2116 2303 2167 omn'a
2334 2121 2511 2176 erunt,
2536 2113 2578 2164 si
2610 2126 2814 2166 maneat
2841 2127 2906 2166 ea
2932 2126 3051 2180 qua:
3080 2114 3223 2179 prius
3257 2111 3396 2164 dicta
3425 2121 3507 2164 est
3537 2111 3730 2164 modi-

2129 2207 2220 2260 tio.
2269 2208 2521 2274 Quintium
2571 2219 2746 2260 autem
2780 2221 2840 2259 ea
2889 2211 3006 2260 cst?
3050 2205 3112 2260 Si
3141 2207 3468 2260 custodieiint
3514 2208 3610 2273 lilii
3658 2208 3731 2257 [αἱ

2130 2309 2473 2352 testamentum
2503 2316 2686 2351 nmini.
2721 2298 2860 2353 Solae
2881 2299 3021 2351 cnim
3048 2297 3140 2353 Dei
3171 2299 3508 2367 promissiom
3527 2314 3552 2352 s
3578 2299 3732 2352 nobis

2129 2391 2263 2444 bona
2297 2408 2401 2446 non
2437 2392 2675 2460 pru'bent
2701 2433 2712 2452 .
2743 2391 2846 2444 nisi
2894 2405 2990 2444 nos
3035 2405 3246 2460 queque
3281 2389 3538 2443 faciamus
3565 2433 3580 2454 ,
3609 2407 3730 2456 qua:

2129 2483 2178 2535 in
2211 2493 2392 2536 nostra
2435 2491 2707 2551 potestate
2751 2482 2849 2535 sita
2881 2492 3035 2544 sunt,
3061 2496 3160 2534 nec
3186 2489 3400 2548 oportet
3437 2495 3529 2534 eas
3557 2491 3731 2534 atten-

2125 2575 2312 2627 dentes
2341 2589 2459 2628 essc
2490 2575 2710 2641 supinos
2732 2614 2745 2637 ,
2779 2588 2879 2628 nec
2909 2574 3185 2626 remissos.
3226 2571 3386 2626 Multa
3418 2571 3562 2625 enim
3606 2586 3730 2640 qua:

2123 2666 2364 2736 promisit
2408 2666 2545 2720 bona
2578 2665 2716 2719 Deus
2746 2680 2850 2718 non
2882 2663 3030 2731 facit,
3058 2665 3102 2718 si
3129 2664 3217 2734 qui
3251 2665 3514 2733 promissa
3545 2679 3731 2717 susce-

2125 2769 2316 2827 perunt
2360 2759 2699 2812 inveniantur
2748 2756 2948 2827 indigni
2979 2773 2999 2810 :
3025 2757 3472 2826 quemadmodum
3504 2766 3558 2810 et
3587 2759 3725 2810 mala

2122 2865 2242 2918 qum
2283 2851 2623 2904 minatus‘est
2645 2890 2660 2912 ,
2691 2865 2796 2902 non
2839 2849 3021 2903 educit
3047 2849 3102 2902 in
3133 2863 3268 2916 opus
3293 2889 3307 2913 ,
3347 2847 3390 2901 si
3423 2849 3455 2901 ii
3479 2849 3568 2918 qui
3599 2863 3725 2902 eum

2121 2941 2432 3006 irritarunt,
2464 2951 2646 3010 postea
2678 2948 2984 3005 mutentur,
3015 2949 3068 2995 et
3111 2939 3243 2994 iram
3274 2940 3562 3008 expellant.
3599 2940 3727 2996 llaac

2119 3049 2240 3088 cum
2267 3043 2365 3088 nos
2388 3045 2600 3104 queque
2620 3035 2874 3097 sciamus,
2899 3049 3004 3086 non
3022 3033 3192 3086 simus
3214 3042 3435 3102 propter
3459 3033 3722 3101 promissa

2120 3126 2393 3194 socordes,
2417 3143 2486 3181 ne
2521 3141 2856 3190 corruamus,
2891 3139 2989 3180 nec
3019 3133 3237 3195 propter
3258 3125 3430 3179 minas
3459 3124 3723 3193 despere-

2121 3236 2240 3276 mus
2263 3262 2279 3287 ,
2306 3221 2399 3276 sed
2429 3229 2715 3275 mutemus.
2757 3217 2830 3274 Ita
2869 3219 3011 3273 enim
3044 3218 3340 3288 poterimus
3369 3214 3470 3272 nos
3505 3233 3724 3288 quoque

2120 3305 2297 3366 futura
2328 3312 2466 3366 bona
2497 3310 2783 3382 consequi,
2808 3309 2977 3380 gratia
3017 3319 3070 3364 et
3107 3307 3474 3364 misericordia
3504 3308 3720 3367 Doniiui

2119 3404 2287 3458 nostri
2316 3403 2446 3460 Jesu
2475 3397 2695 3470 Christi,
2726 3401 2812 3457 cui
2841 3400 3008 3473 gloria
3035 3411 3090 3457 et
3118 3389 3404 3473 imperium
3436 3401 3487 3456 in
3515 3401 3721 3458 mula

2115 3497 2456 3553 saeculorum.
2486 3497 2680 3551 Amen.

2549 3631 2616 3687 IN
2648 3629 2969 3688 PSALMUII
2994 3628 3232 3685 CXXXII
3241 3666 3254 3681 .

2117 3747 2167 3802 1.
2197 3744 2328 3801 Ecce
2339 3760 2489 3816 quam
2506 3745 2690 3799 bonum
2713 3751 2760 3796 et
2783 3758 2936 3812 quam
2954 3742 3248 3812 jucundum
3269 3738 3448 3809 (Alius
3463 3735 3563 3813 [tt],
3584 3735 3718 3791 Ec“

2183 3838 2308 3905 quid
2325 3839 2511 3892 bonum
2535 3846 2583 3892 et
2605 3835 2728 3908 quid
2751 3833 3070 3906 pulchrum),
3085 3833 3185 3888 nisi
3209 3834 3437 3888 habitare
3459 3837 3645 3904 fratres
3660 3833 3715 3886 in

2181 3945 2361 3984 unmn.

2183 4045 2357 4100 Multae
2379 4041 2592 4114 quidem
2618 4055 2705 4096 res
2723 4049 2847 4095 sunt
2873 4041 3107 4110 pulchra:
3131 4049 3186 4094 et
3210 4039 3469 4109 honestae,
3493 4045 3589 4100 sed
3613 4062 3709 4103 ca-

2108 4145 2230 4192 rent
2253 4134 2648 4195 delectatione;
2675 4131 2796 4186 alia:
2824 4139 2950 4186 sunt
2975 4131 3190 4200 quidem
3221 4143 3407 4187 rursus
3429 4134 3707 4205 jucundze,

2109 4228 2203 4284 sed
2229 4228 2383 4282 deest
2407 4227 2488 4280 eis
2519 4225 2799 4279 honestum
2833 4241 2846 4277 :
2875 4239 2980 4278 non
3013 4222 3167 4279 facile
3211 4233 3388 4279 autem
3421 4229 3706 4299 contingit,

2109 4331 2166 4376 ut
2188 4326 2413 4389 utraque
2453 4317 2795 4374 conveniant.
2822 4315 2930 4371 Sed
2959 4315 3013 4370 in
3043 4317 3144 4371 hoc
3181 4317 3321 4386 quod
3367 4317 3568 4373 dictum
3598 4332 3704 4388 est,

2108 4415 2222 4468 tunc
2251 4417 2476 4484 utraque
2495 4416 2842 4476 conCurrnnt,
2871 4418 2926 4464 et
2951 4409 3214 4479 voluptas,
3237 4419 3294 4464 et
3323 4409 3574 4466 honestas
3600 4427 3704 4468 ma-

2107 4507 2270 4562 xima.
2288 4505 2400 4561 Hoc
2423 4503 2566 4560 enim
2589 4499 2641 4557 in
2659 4501 2844 4573 primis
2858 4499 3252 4566 habeturitas,
3265 4501 3405 4571 quod
3426 4517 3547 4557 cum
3564 4505 3705 4560 utili-

2106 4609 2211 4656 tate
2230 4599 2299 4656 sit
2316 4597 2503 4665 eadcm
2533 4595 2779 4653 facillima
2807 4606 2968 4666 atque
2989 4594 3390 4665 iucundissima.
3418 4594 3549 4652 Eam
3571 4595 3704 4671 ergo

2104 4690 2191 4745 hic
2208 4691 2418 4762 quodue
2446 4687 2642 4743 laudat.
2662 4685 2780 4742 Non
2809 4685 2945 4741 dixit
2968 4685 3110 4740 enim
3139 4684 3383 4741 absolute
3410 4687 3701 4744 habitatio-

2104 4799 2247 4851 nem,
2277 4797 2449 4854 neque
2489 4797 2592 4838 una
2634 4777 2897 4845 contineri
2941 4777 3286 4844 domuncula,
3323 4777 3419 4834 sed
3450 4781 3502 4834 in
3531 4796 3698 4838 unum

2104 4876 2360 4939 habitare,
2396 4875 2498 4929 hoc
2537 4881 2640 4936 est,
2668 4886 2790 4926 cum
2835 4869 3119 4926 concordia
3148 4877 3204 4926 et
3227 4869 3516 4929 dilectione
3547 4891 3561 4926 :
3595 4871 3702 4938 hee

2099 4971 2241 5028 enim
2268 4971 2393 5026 facit
2421 4982 2580 5023 unam
2606 4981 2729 5022 esse
2754 4965 3005 5019 animam.
3032 4963 3232 5018 Deinde
3255 4974 3533 5036 postquam
3561 4966 3699 5023 dixit

2100 5065 2384 5122 honestum
2409 5058 2788 5132 ctjucundum,
2819 5057 2871 5114 id
2896 5057 3092 5114 clarius
3113 5056 3364 5123 reddens,
3389 5072 3484 5126 per
3511 5073 3699 5114 exeni-

2102 5155 2184 5226 pla
2233 5171 2346 5210 rem
2386 5151 2672 5222 exprimit,
2702 5157 2756 5204 et
2782 5147 3090 5218 corporales
3133 5145 3531 5213 similitudines,
3573 5164 3696 5219 qua:

2100 5255 2323 5318 possunt
2364 5241 2620 5298 auditorls
2655 5241 2824 5297 oculis
2853 5254 2970 5293 eam
3014 5238 3207 5296 melius
3241 5239 3526 5306 subjicere.
3562 5239 3696 5297 Vide

2098 5349 2274 5394 autem
2318 5349 2563 5407 quaenam
2602 5342 2728 5388 aiunt
2767 5330 3163 5387 similitudines.
3191 5329 3246 5384 2.
3279 5329 3425 5385 Sicut
3465 5347 3695 5401 unguen-

2097 5440 2202 5484 tum
2230 5429 2284 5484 in
2311 5429 2495 5497 capite,
2517 5425 2655 5496 quod
2678 5423 2934 5480 descendit
2951 5425 3006 5478 in
3019 5422 3246 5490 barbam,
3266 5422 3472 5477 barbam
3495 5425 3690 5488 Aaron,

2097 5526 2148 5581 5.
2187 5522 2324 5596 quod
2368 5518 2622 5576 descendit
2658 5519 2713 5574 in
2754 5534 2898 5573 oram
2929 5517 3206 5573 vestimenti
3241 5518 3371 5588 ejus.
3410 5513 3508 5570 Hic
3544 5517 3690 5571 cnim

2161 5659 2177 5691 ι
2213 5661 2298 5706 \‘tx
2323 5666 2506 5718 apere
2545 5653 2722 5717 possim
2760 5665 2859 5716 quo
2888 5659 3027 5716 pacto
3057 5650 3324 5714 quispiam.
3359 5654 3497 5716 πη.
3536 5660 3688 5700 (om

2097 5730 2223 5798 ejus,
2243 5727 2795 5798 vertet-itaquatroptcr
2827 5721 3056 5798 mendum
3077 5722 3314 5798 sumptum

2159 5793 2233 5853 (tt)
2263 5793 2375 5850 ρυη
2398 5789 2461 5840 sit
2481 5787 2557 5839 hic
2582 5789 2827 5850 interi-rce
2851 5787 3116 5849 ignoratur.
