4086 6442
275 426 408 480 38ῗὶ

275 553 424 594 eum
453 543 594 590 esset
629 527 886 603 pontifex,
909 521 1204 594 ungebatur
1230 517 1332 570 hoc
1356 520 1650 583 unguento.
1673 517 1727 562 et
1745 503 1903 560 undi-

273 614 404 702 que
432 596 730 682 distillabat
758 638 771 676 :
801 626 919 674 erat
955 623 1133 668 autem
1180 606 1335 663 valde
1381 611 1588 675 gratus,
1616 596 1902 699 jucundua,

277 686 344 774 et
372 716 623 771 amabilis
639 713 710 768 iis
737 709 827 780 qui
858 721 983 763 cum
1009 703 1279 780 videbant,
1296 704 1512 769 propter
1536 691 1675 746 hanc
1700 686 1907 780 unctio-

286 823 450 864 ttcm.
493 775 954 876 Quemadmodum
1001 810 1130 865 ergo
1157 775 1266 858 ille,
1311 786 1523 860 inquit,
1571 791 1764 837 unctus
1804 777 1908 832 hoc

285 874 614 971 unguento,
659 905 743 950 est
788 893 889 947 hoc
924 889 1106 942 habitu
1148 883 1398 944 decorus,
1444 877 1590 931 vultu
1637 874 1823 935 laetus,
1852 877 1906 924 et

285 961 468 1047 multa
496 987 733 1057 repletus
761 979 1070 1052 fragrantia,
1110 974 1442 1048 gratiamque
1469 966 1670 1038 praebet
1715 961 1904 1015 viden-

287 1083 446 1139 tibus
475 1052 647 1134 oculis
669 1097 681 1131 ε
704 1078 774 1132 ita
792 1075 952 1130 etiam
986 1071 1089 1125 hoc
1117 1066 1400 1138 pulchrum
1430 1069 1513 1115 est
1536 1077 1551 1122 ;
1575 1067 1630 1112 et
1650 1052 1906 1126 quemad-

289 1173 523 1228 modum
565 1167 691 1225 illud
732 1162 1097 1236 spectaculum
1139 1173 1243 1213 non
1290 1156 1465 1209 solum
1507 1158 1590 1204 est
1635 1148 1748 1201 visu
1786 1145 1900 1216 pul-

288 1265 526 1328 chrum,
581 1259 675 1315 sed
725 1257 884 1314 etiam
933 1253 1166 1308 delectat
1213 1246 1400 1300 oculos
1429 1263 1442 1296 :
1473 1243 1543 1296 ita
1592 1238 1753 1294 etiam
1805 1236 1906 1289 hoc

292 1355 456 1409 aﬁ'ert
493 1327 825 1420 voluptatem
867 1347 1080 1400 animm.
1107 1341 1160 1396 4.
1197 1338 1342 1394 Sicut
1384 1351 1469 1389 ros
1513 1329 1773 1390 Hermon,
1820 1327 1905 1396 qui

292 1440 557 1499 descendit
576 1417 870 1497 iri—montem
918 1435 1068 1490 Sion.
1115 1428 1351 1486 Adduxit
1391 1427 1551 1480 etiam
1596 1417 1904 1474 similitudi-

294 1553 448 1601 nem,
475 1551 597 1606 qua:
644 1533 862 1586 nmltam
910 1527 1072 1581 habet
1107 1518 1516 1594 iucunditatem,
1541 1523 1591 1568 et
1616 1508 1902 1580 spectatori

296 1601 512 1700 pvazhei
535 1623 972 1682 delectationem.
997 1615 1123 1671 Haec
1147 1623 1324 1666 autem
1352 1622 1458 1664 non
1485 1605 1580 1659 abs
1599 1619 1656 1657 re
1681 1601 1859 1671 posuit
1889 1616 1901 1650 :

295 1693 395 1779 sed
423 1721 672 1792 quoniam
711 1725 837 1772 ante
875 1709 1236 1781 captivitatem
1284 1702 1470 1757 decem
1500 1698 1607 1753 illa:
1656 1693 1824 1748 tribus
1852 1700 1907 1745 et

297 1782 569 1870 ditat-aliae
609 1798 766 1865 erant
808 1806 1088 1875 dispersat,
1110 1813 1172 1853 ac
1200 1795 1410 1857 divisae,
1441 1801 1497 1847 et
1520 1805 1581 1847 ea
1607 1801 1766 1842 causa
1806 1782 1905 1837 fuit

298 1901 485 1961 multa
522 1901 837 1973 iniquitatis,
860 1908 1062 1965 eosque
1089 1891 1156 1946 ad
1187 1888 1500 1951 seditiones,
1531 1879 1906 1939 contentiones

296 2017 355 2060 et
379 2001 513 2058 bella
559 1969 766 2066 impulit
799 2010 812 2046 :
845 1991 960 2045 haec
998 2004 1065 2042 ne
1095 1985 1286 2040 ﬁerent
1329 1980 1540 2044 suadet,
1571 1981 1627 2066 et
1675 1969 1908 2028 consulit

299 2111 371 2151 ne
399 2062 882 2164 pomtlus'amplius
927 2078 1292 2138 distrahatur;
1324 2068 1420 2125 sed
1467 2065 1629 2122 simul
1678 2062 1903 2126 habitet,

298 2188 366 2243 sit
399 2156 759 2253 coniunctus,
808 2174 1005 2244 unique
1040 2160 1457 2224 administratori
1478 2170 1534 2215 et
1560 2156 1672 2228 regi
1702 2160 1903 2224 pareat,

297 2281 598 2348 caritasque
620 2275 689 2329 ab
727 2270 878 2327 initio
903 2268 966 2321 ad
998 2262 1156 2319 tinem
1184 2273 1349 2330 usque
1375 2255 1606 2321 dil‘lluat,
1634 2261 1905 2318 tamquam

298 2386 391 2426 ros
416 2347 606 2437 omnes
628 2362 948 2436 pervadens.
970 2357 1262 2424 comparat
1288 2361 1467 2405 autem
1495 2347 1774 2400 caritatem
1808 2357 1907 2394 un-

297 2434 500 2535 guento
524 2468 579 2513 et
602 2432 712 2512 rori
744 2473 758 2509 :
791 2468 886 2523 per
908 2448 1034 2505 illud
1078 2444 1296 2517 quidem
1345 2439 1661 2500 suavitatem
1701 2432 1904 2535 odoris,

301 2522 399 2623 per
428 2551 575 2605 hunc
605 2559 734 2602 vero
771 2522 1000 2613 quietem
1033 2546 1086 2592 et
1111 2532 1522 2590 delectationem
1549 2528 1696 2581 visus
1722 2522 1908 2588 volens

297 2616 608 2700 ostendere.
659 2637 912 2706 Quoniam
956 2631 1081 2686 illuc
1106 2625 1366 2682 mandauit
1407 2622 1661 2677 Dominus
1699 2616 1906 2674 benedi-

297 2738 537 2792 (tionem.
583 2731 739 2795 Illuc,
789 2724 1057 2799 quonam?
1086 2721 1142 2776 In
1185 2721 1348 2775 talem
1395 2716 1802 2779 habitationem,
1854 2713 1906 2765 in

300 2826 461 2882 talem
506 2820 873 2883 concordiam,
901 2817 953 2870 in
986 2815 1144 2869 talem
1175 2823 1524 2873 consensum,
1553 2807 1606 2860 in
1639 2806 1742 2861 tale
1779 2817 1910 2860 cou-

301 2918 634 2976 tubernium.
669 2912 784 2968 Hoc
827 2910 970 2965 enim
1013 2914 1095 2959 est
1141 2901 1467 2961 benedictio,
1508 2899 1647 2952 sicut
1694 2905 1911 2949 contra-

303 3013 446 3067 rium
499 3005 826 3063 maledictio.
871 2997 1135 3067 Quocirca
1177 2994 1280 3049 hoc
1307 3004 1520 3062 quoque
1556 2986 1736 3043 laudat
1765 2987 1911 3053 quis-

302 3105 446 3176 piam
473 3143 490 3170 ,
521 3101 708 3158 dicens
738 3113 754 3151 :
780 3092 1016 3150 Amicitia
1062 3093 1281 3159 fratrum
1303 3127 1318 3151 ,
1347 3093 1394 3140 et
1421 3080 1694 3137 concordia
1739 3079 1911 3146 prosi-

303 3168 526 3258 inonnu,
553 3200 598 3245 et
623 3190 699 3244 vir
723 3197 768 3242 et
792 3185 973 3240 mulier
1008 3195 1180 3236 secum
1201 3175 1562 3232 consentientes
1593 3170 1778 3243 (Eccli.
1816 3168 1909 3223 25.

303 3286 385 3356 Ξ).
417 3283 484 3340 Ει
512 3282 646 3336 alius
683 3278 825 3332 vires
863 3274 981 3344 ejus
1012 3267 1353 3339 acuigmatice
1377 3261 1707 3336 signiﬁcans,
1740 3259 1907 3315 dicit:

306 3352 370 3434 Si
390 3377 493 3430 duo
527 3371 841 3430 dormierint,
879 3367 1020 3420 calor
1062 3363 1157 3416 erit
1188 3360 1334 3427 ipsis,
1363 3371 1411 3412 et
1431 3356 1690 3426 funiculus
1729 3352 1914 3423 triplex

307 3486 409 3522 non
440 3465 593 3538 facile
634 3471 894 3530 rumpetur
927 3454 1123 3527 (Eccle.
1152 3452 1208 3508 4.
1239 3450 1328 3506 ll.
1364 3447 1475 3518 12).
1509 3446 1639 3501 Nam
1669 3455 1725 3500 et
1759 3444 1910 3497 volu-

309 3535 512 3629 ptatem
563 3553 648 3607 hic
691 3549 946 3611 Ostendit,
980 3555 1031 3601 et
1071 3545 1252 3598 vires:
1284 3553 1477 3609 nempe
1517 3535 1916 3608 quiescentibus

308 3625 559 3718 magnam
593 3643 706 3698 fore
727 3641 1076 3708 voluptatem,
1109 3644 1164 3689 et
1192 3625 1412 3700 magnas
1455 3630 1596 3684 vires
1644 3625 1917 3696 operanti-

311 3711 432 3795 bus:
456 3740 515 3793 Et
549 3749 754 3797 rursus,
809 3731 991 3786 Frater
1013 3746 1044 3780 a
1072 3711 1230 3798 fratre
1272 3724 1503 3791 adiutus,
1547 3727 1618 3773 est
1658 3729 1916 3786 tamquam

310 3831 433 3887 urbs
462 3828 630 3882 valida
662 3825 843 3896 (Prov.
871 3823 956 3877 l8.
990 3819 1275 3890 19).Porro
1301 3815 1547 3868 Christus
1582 3824 1794 3879 qucque
1835 3808 1918 3862 di—

312 3926 410 3991 cit,
437 3921 537 3978 Ubi
563 3920 668 3974 duo
690 3929 779 3976 aut
811 3928 910 3970 tres
941 3911 1233 3984 congregati
1254 3901 1446 3980 fuerint
1471 3905 1526 3958 in
1556 3903 1756 3957 nomine
1784 3918 1913 3964 meo,

313 4017 422 4071 illic
465 4030 578 4068 sum
609 4013 663 4065 in
706 4010 869 4064 medio
908 4022 1084 4062 eorum
1109 4002 1320 4077 (Matth.
1355 4000 1443 4062 18,
1477 3996 1592 4069 20).
1627 3995 1743 4050 Jam
1791 4008 1920 4048 vero

319 4110 434 4180 ipsa
479 4119 695 4175 quoque
739 4102 842 4155 hoc
886 4108 1073 4153 natura
1128 4094 1308 4164 exigit.
1353 4090 1614 4159 Quocirca
1658 4086 1726 4140 ab
1771 4087 1921 4139 initio

318 4176 463 4255 Deus
491 4213 611 4253 cum
643 4194 913 4252 hominem
944 4191 1186 4258 lingeret,
1217 4176 1449 4249 dicebat,
1487 4179 1607 4234 Non
1634 4189 1707 4233 est
1736 4177 1922 4230 bonum

319 4291 574 4347 hominem
601 4304 706 4342 esse
739 4284 901 4338 solum
926 4280 1079 4351 (Gen.
1108 4279 1162 4332 2.
1197 4277 1288 4345 18)
1320 4293 1332 4326 :
1365 4285 1414 4328 et
1444 4287 1565 4326 cum
1597 4271 1795 4325 laceret
1821 4268 1923 4321 hoc

317 4382 539 4446 animal,
573 4381 851 4435 mulierem
888 4369 1126 4443 inquam,
1161 4377 1376 4439 propter
1401 4363 1775 4420 necessitatem
1803 4375 1921 4413 eam

321 4479 439 4531 viro
459 4472 750 4542 colligavit,
777 4467 921 4523 mille
944 4465 1117 4519 modis
1146 4477 1242 4516 nos
1273 4461 1412 4517 inter
1442 4465 1539 4512 nos
1568 4455 1918 4524 eonjungcns.

323 4565 391 4625 Et
416 4570 566 4624 vitam
594 4549 748 4635 usque
774 4563 827 4615 in
851 4558 1112 4614 sarculum.
1166 4554 1275 4608 lloc
1305 4550 1530 4621 pulchre
1554 4548 1768 4618 adjecit.
1825 4544 1923 4600 Ubi

322 4665 466 4721 enim
490 4669 574 4715 est
599 4657 836 4720 dilectio,
868 4652 976 4707 illic
1005 4660 1086 4704 est
1116 4663 1303 4717 magna
1335 4646 1614 4704 securitas,
1645 4648 1701 4695 et
1738 4636 1925 4706 copio-

324 4769 444 4810 sum
467 4767 495 4805 a
526 4751 636 4805 Deo
665 4747 940 4803 auxilium.
967 4742 1040 4797 Ea
1067 4725 1208 4795 enim
1239 4745 1322 4792 est
1346 4743 1516 4792 mater
1545 4731 1830 4788 bonorum,
1861 4743 1923 4781 ea

323 4855 408 4901 est
456 4843 574 4898 fons
598 4851 652 4914 et
692 4837 872 4901 radix,
901 4849 964 4888 ea
1009 4839 1094 4887 est
1129 4829 1392 4884 bellorum
1436 4823 1680 4903 exitium,
1706 4830 1929 4874 conten-

325 4935 488 4990 tionis
514 4908 777 4987 interitus.
808 4925 1065 4992 Quocirca
1095 4920 1144 4974 id
1176 4917 1501 4988 signiﬁcans,
1530 4912 1826 4980 subiunxit,
1864 4907 1928 4962 Et

324 5031 480 5084 citam
504 5038 663 5093 usque
687 5022 740 5075 in
769 5017 1034 5074 saeculum.
1061 5007 1521 5083 Quemadmodum
1549 5005 1692 5060 enim
1736 5001 1929 5056 seditio

327 5129 380 5175 et
408 5092 947 5175 comentio_mortem
977 5106 1135 5176 parit,
1168 5114 1394 5169 eamque
1442 5098 1782 5150 immaturam
1813 5106 1827 5146 :
1858 5092 1927 5145 ita

330 5211 490 5265 etiam
518 5203 738 5264 dilectio
759 5209 814 5256 et
842 5196 1126 5253 consensio
1150 5207 1330 5262 pacem
1354 5200 1408 5244 et
1427 5185 1805 5249 concordiam;
1839 5181 1927 5236 ubi

329 5309 510 5354 autem
553 5304 637 5350 est
679 5308 777 5362 pax
827 5298 882 5345 et
921 5286 1232 5348 concordia,
1282 5283 1386 5334 vita
1435 5288 1518 5334 est
1558 5277 1842 5337 tutissima,
1876 5282 1931 5326 et

331 5393 486 5458 longe
512 5387 873 5442 securissima.
898 5378 1105 5448 thnid
1134 5390 1268 5444 opus
1294 5383 1378 5428 est
1395 5373 1575 5426 dicere
1609 5365 1931 5439 praesentia?

329 5482 402 5537 lia
428 5479 575 5534 enim
604 5476 760 5530 nobis
783 5471 974 5528 emittm
1018 5467 1260 5536 largitur,
1283 5474 1340 5520 et
1364 5465 1503 5518 bona
1537 5460 1845 5526 ineﬂ'abilia,
1873 5467 1932 5512 et

328 5582 411 5629 est
455 5571 633 5640 regina
668 5568 947 5622 me‘i.
1001 5562 1126 5616 [hec
1175 5573 1304 5628 ergo
1339 5572 1462 5611 eum
1516 5555 1766 5616 sciamus,
1810 5565 1929 5605 eam

328 5664 612 5733 diligenter
674 5670 1100 5726 persequamur,
1141 5660 1204 5704 ut
1253 5658 1309 5704 et
1358 5646 1715 5718 praesentibus
1770 5640 1932 5697 bouis

327 5753 348 5806 l
378 5766 590 5814 nan-ur,
624 5754 682 5802 et
702 5745 894 5802 futuris
923 5784 935 5797 .
962 5758 1084 5813 qua:
1127 5741 1283 5796 detur
1323 5738 1476 5792 nobis
1500 5735 1751 5792 omnibus
1777 5745 1929 5785 asse-

325 5845 440 5920 qui,
463 5846 631 5916 gratia
659 5848 714 5897 et
742 5833 1068 5908 benignitate
1102 5829 1312 5887 Domini
1359 5829 1528 5884 nostri
1552 5828 1678 5884 Iesu
1707 5825 1926 5882 Christi.

1417 391 1782 456 EXPOSITIO
1822 383 1889 447 IN
1920 382 2248 447 PSALIIUM
2283 379 2578 443 CXXXIII.

3522 366 3630 421 386

2013 483 2136 553 etim
2165 511 2274 568 quo
2317 493 2464 550 Patri
2509 489 2681 564 gloria
2725 488 2888 545 simul
2928 502 3050 543 cum
3089 495 3277 541 sancto
3317 483 3546 554 Spiritu,
3575 484 3628 538 in

2011 589 2206 644 sarcula
2238 587 2581 643 mulorum.
2613 585 2807 639 Amen.

2443 695 2509 752 IN
2537 691 2866 751 PSALDIUM
2893 687 3188 746 CXXXIII.

2016 816 2066 868 1.
2103 813 2233 870 Ecce
2253 829 2387 866 nunc
2413 810 2690 866 benedicite
2718 807 3018 872 Dominum,
3040 820 3216 860 omnes
3236 801 3367 860 servi
3397 797 3635 860 Domini,

2419 901 2512 971 qui
2529 900 2675 954 statis
2704 899 2761 952 iu
2792 898 2944 951 domo
2973 893 3196 951 Domini.

2083 1039 2327 1110 Psalmos
2347 1037 2414 1092 de
2440 1035 2696 1107 gradibus
2725 1031 2813 1088 hic
2841 1029 3094 1092 absolvit,
3121 1027 3371 1082 oratione
3397 1023 3632 1097 pulchro

2011 1132 2119 1186 ﬁne
2144 1131 2420 1192 conclusa,
2452 1125 2610 1182 laude
2635 1126 2910 1179 seilieetet
2939 1119 3336 1177 benedictione.
3363 1116 3489 1170 Vult
3504 1130 3627 1170 esse

2014 1224 2104 1278 Dei
2133 1236 2320 1278 servos
2370 1236 2475 1274 non
2513 1219 2689 1273 solum
2727 1215 3091 1286 dogmatibus,
3133 1195 3231 1266 sed
3275 1209 3438 1263 etiam
3467 1221 3630 1262 accito

2011 1325 2124 1371 rata
2165 1313 2287 1368 vitae
2325 1311 2702 1366 institutione:
2733 1316 2790 1362 et
2829 1307 2951 1362 ideo
2985 1303 3202 1374 adjecit,
3248 1300 3350 1368 Qui
3389 1301 3537 1355 statis
3573 1300 3628 1352 in

2011 1406 2162 1459 domo
2205 1402 2434 1466 Domini,
2471 1403 2525 1455 in
2569 1399 2714 1453 atriis
2752 1397 2936 1450 donius
2966 1393 3060 1447 Dei
3092 1391 3274 1447 nostri.
3305 1391 3440 1446 Eum
3477 1390 3626 1444 enim

2011 1499 2210 1568 quiest
2257 1497 2497 1563 impurus
2544 1500 2598 1548 et
2635 1490 2914 1562 profanus,
2960 1485 3111 1542 nefas
3160 1496 3244 1540 est
3279 1493 3625 1538 sacrOSaocta

2012 1598 2163 1659 septa
2201 1586 2424 1657 ingredi.
2465 1583 2826 1651 Quamobrem
2852 1581 2898 1635 si
2930 1578 3052 1649 quis
3096 1576 3290 1646 dignus
3318 1584 3403 1630 est
3427 1575 3516 1644 qui
3547 1575 3628 1628 ia-

2011 1679 2307 1750 g'rediatur,
2331 1679 2376 1732 is
2397 1691 2612 1747 quoque
2640 1675 2836 1744 dignus
2860 1670 3056 1740 estqui
3088 1667 3391 1725 benedicat.
3423 1666 3629 1720 Demus

2011 1772 2156 1828 enim
2203 1771 2298 1826 Dei
2337 1779 2421 1824 cst
2462 1770 2596 1825 caelo
2618 1767 2811 1823 similis
2838 1781 2854 1822 :
2878 1773 2932 1821 et
2956 1761 3409 1834 quemadmodum
3435 1774 3502 1814 ex
3528 1758 3627 1813 ad-

2013 1861 2264 1917 versariis
2308 1859 2662 1933 potestatibus
2700 1857 2908 1913 nullam
2931 1854 3015 1910 l‘as
3035 1863 3119 1910 est
3149 1852 3274 1907 illuc
3299 1850 3525 1918 intrare,
3554 1845 3628 1904 ita

2013 1971 2114 2012 nec
2135 1958 2187 2010 in
2219 1954 2438 2010 domum
2470 1951 2584 2008 Dei.

2087 2048 2346 2114 Quantam
2388 2044 2615 2115 requirat
2650 2042 2972 2097 sanctitatem
3001 2035 3345 2092 Eucharistio
3373 2033 3631 2102 receptio:

2014 2138 2212 2208 Corpus
2235 2147 2281 2194 et
2307 2137 2519 2210 sanguis
2547 2134 2755 2190 Domini
2772 2134 2827 2187 in
2856 2116 3223 2194 Eucharist‘ra;
3253 2127 3380 2182 No.1:
3397 2143 3500 2181 non
3524 2136 3631 2180 tota

2012 2248 2190 2287 somno
2237 2229 2605 2308 consumenda.
2630 2255 2710 2268 --
2731 2225 3050 2290 Considera,
3084 2237 3118 2277 ο
3143 2221 3326 2284 homo,
3369 2227 3626 2291 quantam

2012 2320 2327 2394 dignitatem
2369 2319 2717 2391 assequeris:
2752 2325 2809 2372 et
2835 2331 2958 2372 cum
2994 2325 3047 2369 tu
3080 2314 3194 2384 ipse
3236 2325 3452 2382 quoque
3493 2320 3631 2364 teni-

2013 2414 2159 2484 plum
2193 2413 2364 2468 factus
2403 2412 2500 2478 sis,
2529 2420 2726 2482 quanta
2750 2425 2781 2464 a
2812 2417 2865 2463 te
2886 2407 3009 2477 jure
3041 2405 3110 2460 sit
3136 2403 3437 2476 praesuinda
3486 2403 3633 2470 puri-

2016 2516 2116 2561 tas.
2159 2498 2444 2571 Quomodo
2488 2514 2668 2557 autem
2717 2499 3028 2555 exhibueris
3071 2490 3394 2566 puritatem?
3423 2494 3476 2550 Si
3505 2508 3627 2548 0m-

2015 2612 2136 2651 nem
2186 2597 2379 2652 malam
2421 2593 2799 2666 cogitationem
2848 2587 3142 2658 expuleris,
3171 2587 3214 2642 si
3252 2584 3447 2640 feceris
3472 2595 3536 2640 ut
3560 2583 3628 2637 ad

2016 2686 2213 2743 mentis
2244 2687 2524 2741 castellum
2569 2682 2850 2739 diabolicis
2896 2679 3201 2735 actionibus
3243 2676 3424 2732 nullus
3450 2685 3632 2746 mit-at

2015 2781 2214 2846 aditus,
2249 2781 2596 2847 sitamquam
2626 2778 2676 2830 in
2699 2775 2905 2831 sanctis
2947 2772 3125 2843 adytis
3172 2778 3434 2841 perpetuo
3480 2779 3629 2826 tuum

2015 2871 2252 2925 animum
2281 2883 2534 2924 exornes.
2560 2868 2616 2922 Si
2644 2867 2790 2921 enim
2814 2866 2867 2919 in
2893 2861 3092 2932 templo
3121 2861 3345 2916 Iudaico
3366 2875 3474 2914 non
3503 2858 3631 2913 liee-

2016 2965 2108 3020 bat
2132 2963 2381 3018 omnibus
2409 2961 2652 3032 quemvis
2677 2960 2854 3014 locum
2879 2955 3087 3028 ingredi
3117 2973 3129 3009 :
3162 2954 3259 3010 sed
3288 2963 3442 3009 erant
3462 2938 3631 3007 multa

2016 3066 2072 3112 ct
2094 3073 2157 3110 va
2168 3057 2244 3111 ria
2269 3055 2603 3115 discrimina,
2625 3061 2682 3105 et
2709 3061 2828 3106 erat
2857 3051 2945 3104 hic
2972 3047 3189 3119 quidem
3216 3045 3370 3100 locus
3407 3046 3626 3116 prasti-

2018 3161 2164 3207 tutus
2208 3148 2510 3221 proselytis,
2547 3148 2636 3202 ille
2681 3159 2813 3201 vero
2837 3143 3040 3211 ludatis
3079 3141 3168 3211 qui
3199 3140 3407 3195 fuerant
3430 3139 3502 3193 ab
3526 3139 3626 3193 ini.

2019 3245 2114 3309 tio,
2147 3242 2286 3296 alius
2310 3239 2700 3306 sacerdotibus,
2733 3237 2872 3291 alius
2905 3232 3148 3304 pontiﬁci
3171 3231 3298 3319 ’oIi,
3331 3230 3492 3301 idque
3520 3246 3630 3284 non

2017 3349 2252 3406 semper,
2280 3332 2377 3388 sed
2417 3331 2586 3387 semel
2625 3330 2677 3384 io
2723 3342 2869 3383 anno
2899 3327 3109 3396 :cog‘iu
3151 3323 3297 3393 apud
3331 3331 3388 3376 te
3430 3331 3629 3392 quanta

2019 3424 2115 3479 tibi
2143 3423 2425 3478 sanctitate
2449 3435 2587 3490 opus
2625 3419 2715 3483 sit,
2748 3418 2839 3490 qui
2870 3417 3018 3486 signa
3052 3414 3222 3469 multo
3242 3411 3446 3481 majora
3471 3427 3636 3466 acce-

2020 3516 2184 3586 peris,
2211 3529 2370 3585 quam
2394 3528 2514 3582 quae
2554 3520 2737 3565 saneta
2776 3521 3086 3564 sanctorum
3135 3515 3262 3560 tunc
3299 3509 3629 3572 acceperint.

2020 3607 2203 3676 Neque
2228 3606 2370 3660 enim
2391 3603 2703 3666 Clterubim,
2738 3601 2832 3656 sed
2865 3601 3102 3668 ipsorum
3131 3593 3426 3651 Clterubim
3455 3592 3636 3648 Domi-

2027 3711 2155 3751 num
2189 3695 2356 3750 habes
2400 3693 2814 3756 inhabitantetn,
2842 3703 3016 3758 neque
3057 3699 3524 3760 urnam,qmanna,
3553 3691 3637 3736 ta-

2024 3786 2178 3843 bulas
2221 3785 2482 3855 lapideas,
2514 3793 2568 3838 et
2595 3784 2798 3852 virgam
2828 3782 3031 3846 Aaron,
3071 3777 3165 3832 sed
3209 3790 3408 3844 corpus
3436 3783 3491 3829 et
3515 3788 3639 3827 san-

2023 3881 2236 3950 guinem
2281 3876 2632 3939 dominicum;
2664 3883 2719 3929 et
2766 3871 3026 3942 Spiritum
3073 3883 3171 3940 pro
3209 3868 3382 3932 litera,
3417 3877 3469 3922 et
3511 3881 3637 3936 gra-

2027 3972 2176 4036 tiam,
2205 3986 2324 4040 qua:
2355 3975 2581 4038 superat
2607 3966 2892 4020 humanam
2919 3961 3322 4032 cogitationem,
3352 3967 3408 4013 et
3436 3956 3638 4012 donum

2026 4060 2408 4118 inenarrabile.
2438 4060 2555 4126 Quo
2583 4067 2764 4112 autem
2812 4053 3104 4124 majoribus
3130 4052 3298 4121 signis
3322 4064 3385 4104 ac
3413 4048 3635 4119 symbo-

2029 4155 2096 4210 lis
2122 4163 2177 4210 et
2198 4154 2370 4224 magis
2390 4149 2718 4207 venerandis
2741 4145 3016 4219 mysteriis
3039 4142 3291 4212 dignatus
3310 4154 3392 4202 es,
3420 4153 3492 4194 eo
3521 4154 3639 4191 uta-

2026 4247 2113 4316 jor
2142 4255 2226 4300 est
2245 4255 2286 4299 a'
2306 4233 2357 4298 te
2379 4241 2681 4314 prasstanda
2716 4238 2993 4299 sanctitas,
3017 4241 3076 4289 et
3098 4249 3166 4288 eo
3191 4233 3299 4286 eris
3324 4230 3514 4298 majori
3540 4230 3641 4282 ob-

2030 4337 2222 4391 noxius
2246 4334 2532 4404 supplicio,
2565 4332 2610 4386 si
2639 4347 2760 4402 qua:
2799 4329 2949 4399 jussa
2975 4334 3102 4380 sunt
3119 4321 3466 4378 transilieris.
3486 4320 3540 4373 Ω.
3569 4318 3640 4372 In

2029 4429 2260 4484 noctibus
2281 4427 2505 4482 extollite
2526 4440 2705 4478 manus
2724 4431 2914 4476 uestras
2935 4419 2988 4472 in
3008 4427 3208 4472 sancta.
3228 4413 3403 4477 Alius,
3430 4412 3642 4466 Sancte.

2031 4523 2199 4585 Alius,
2221 4519 2565 4587 Sanctiﬁcate.
2586 4515 2652 4569 Et
2671 4512 2945 4568 benedicite
2958 4509 3236 4565 Dominum
3251 4505 3348 4578 (a).
3366 4504 3475 4558 Cur
3486 4503 3644 4569 dixit,

2031 4613 2100 4668 In
2129 4611 2396 4666 noctibus?
2421 4609 2634 4663 Docens
2659 4621 2757 4659 nos
2782 4620 2888 4656 non
2916 4617 3038 4656 eam
3084 4607 3252 4654 totam
3278 4611 3470 4650 somno
3506 4610 3643 4648 con-

2035 4702 2350 4758 sumendam
2408 4713 2559 4763 esse,
2606 4695 3006 4762 ostendensque
3059 4691 3305 4760 puriores
3347 4698 3472 4741 tunc
3519 4699 3644 4741 esse

2034 4809 2244 4865 preces,
2275 4791 2489 4863 quando
2515 4799 2568 4843 et
2608 4804 2761 4841 mens
2809 4795 2892 4839 est
2931 4784 3118 4846 levior,
3148 4789 3205 4836 et
3231 4778 3387 4834 nobis
3411 4786 3496 4837 est
3525 4777 3648 4846 plus

2035 4886 2154 4940 otii.
2200 4882 2356 4952 Quod
2409 4881 2454 4936 si
2497 4881 2552 4935 in
2602 4890 2759 4934 nocte
2804 4885 3018 4946 oportet
3041 4873 3108 4928 ad
3137 4881 3322 4926 saneta
3364 4870 3644 4934 accedere,

2035 4975 2316 5031 considera
2377 4985 2664 5044 quamuam
2722 4974 3087 5038 consequetur
3144 4965 3391 5027 veniam,
3441 4962 3531 5032 qui
3576 4977 3648 5016 ne

2035 5070 2181 5126 domi
2227 5067 2444 5139 quidem
2489 5065 2584 5120 illo
2627 5073 2872 5132 tempore
2910 5072 3099 5129 ιιι-ροϐε
3134 5055 3325 5115 l'tmd'tt.
3375 5053 3645 5124 Propheta

2036 5162 2178 5216 enim
2215 5168 2318 5214 tee
2343 5158 2486 5213 lecto
2527 5155 2747 5218 excitat,
2789 5161 2848 5206 et
2890 5150 3106 5204 deducit
3144 5148 3207 5206 in
3234 5147 3516 5215 ternplum.
3555 5146 3646 5215 jo-

2039 5255 2171 5307 lyens
2199 5262 2362 5306 totam
2388 5251 2495 5303 illic
2527 5257 2740 5301 noctem
2767 5258 2928 5314 agere
2952 5259 2973 5296 τ
3001 5251 3057 5295 at
3077 5251 3131 5294 tn
3163 5255 3230 5294 ne
3258 5238 3401 5293 domi
3428 5237 3645 5306 quidem

2039 5361 2264 5399 manens
2287 5345 2391 5396 hoc
2411 5340 2560 5395 lacis.
2582 5337 2814 5394 Pulchre
2835 5345 3018 5389 autem
3040 5333 3195 5396 dixit,
3217 5331 3426 5390 Sancte,
3442 5328 3646 5383 docens

2040 5453 2160 5493 esse
2207 5433 2466 5489 orandum
2513 5431 2717 5499 absque
2756 5426 2914 5480 malis
2947 5422 3362 5494 cogitationibus
3387 5460 3403 5486 ,
3450 5420 3653 5487 absque

2039 5531 2164 5587 odio
2208 5539 2263 5584 et
2307 5521 2707 5586 malevolentia,
2754 5521 2958 5587 absque
3004 5516 3248 5578 avaritia,
3286 5513 3494 5580 absone
3535 5509 3651 5563 tilio

2041 5622 2146 5678 alio
2166 5617 2427 5690 ejusmodi
2456 5621 2698 5685 peccato,
2725 5609 2869 5680 quod
2900 5608 3056 5662 altert
3081 5607 3278 5660 anima:
3300 5604 3546 5659 exitittot.
3568 5600 3648 5654 'Et

2044 5712 2322 5770 benedicite
2363 5706 2660 5763 Dominum.
2686 5703 2802 5757 Hoc
2827 5709 2911 5756 est
2947 5701 3090 5754 enim
3139 5697 3369 5752 maxime
3411 5694 3651 5765 perit.st

2109 5825 2182 5888 (α)
2209 5823 2262 5873 tti
2283 5821 2586 5885 interpretes
2613 5815 2698 5879 qui
2721 5814 2820 5866 sint
2841 5817 3116 5878 Ignoratur.
