4086 6446
552 378 654 440 537

553 501 871 567 benedictio,
897 495 1109 567 quando
1147 493 1429 550 verborum
1460 501 1514 549 et
1533 492 1653 547 vitm
1702 490 1859 546 lberit
1897 502 2127 543 consen-

549 607 664 657 sus,
686 601 741 647 et
770 605 863 659 per
882 602 1045 667 opera
1074 580 1242 641 Deum
1271 585 1360 654 qui
1381 593 1430 639 te
1449 584 1655 667 creavit
1675 582 1840 654 gloria
1865 580 2126 646 effeceris,

549 692 603 735 ut
642 679 763 732 vult
780 661 1122 749 Evangelium
1164 676 1348 730 dicens
1376 691 1390 728 :
1414 661 1604 728 Luccat
1640 673 1731 728 luo:
1761 680 1922 726 vestra
1958 686 2128 723 coram

549 772 851 835 hominibus,
875 779 930 823 ut
951 768 1153 823 videant
1196 781 1350 836 opera
1396 774 1557 819 vestra
1599 764 1749 825 bona,
1780 773 1827 815 et
1847 761 2128 832 gloriﬁcent

547 860 757 917 Patrem
792 848 1031 925 vestrum,
1052 859 1141 929 qui
1158 866 1230 912 est
1249 858 1304 910 in
1326 855 1461 910 catis
1481 852 1692 924 (Matth.
1718 848 1773 909 5.
1806 853 1913 923 16).
1942 853 1997 907 3.
2029 849 2127 905 Be-

547 951 742 1004 ncdicat
768 956 817 1003 te
846 948 1091 1002 Dominus
1114 963 1179 1001 ea:
1207 946 1357 1012 Sion,
1383 945 1470 1015 qui
1496 944 1612 1016 fecit
1636 942 1817 998 calum
1844 952 1890 996 et
1917 952 2122 1033 terram.

548 1041 662 1107 Hoc
684 1050 787 1106 est,
808 1040 865 1096 Si
884 1042 998 1096 haec
1030 1038 1235 1103 ieceris,
1250 1036 1601 1107 consequeris
1624 1049 1835 1106 quoque
1858 1033 1950 1089 Dei
1968 1031 2126 1088 bene-

546 1133 850 1192 dictionem,
882 1131 927 1186 si
953 1128 1255 1199 pernootes.
1281 1127 1326 1189 si
1357 1133 1541 1181 sancte
1586 1140 1728 1193 ores,
1756 1126 1800 1179 si
1824 1124 1897 1178 sis
1932 1122 2124 1193 dignus

544 1219 973 1276 stamine-dumo
1016 1218 1249 1279 Domini,
1274 1216 1321 1273 si
1362 1216 1595 1287 ,teipsum
1622 1215 1897 1285 templum
1940 1223 2120 1285 aptum

545 1312 861 1382 prwbneris.
890 1311 1177 1381 Postquam
1220 1324 1349 1379 ergo
1371 1323 1558 1381 eaqua
1596 1307 1829 1378 oportuit
1869 1305 2121 1361 exhorta-

544 1413 838 1456 nonousus
867 1408 972 1463 est,
1004 1399 1307 1469 precstioue
1334 1396 1603 1459 concludit
1646 1396 1961 1461 orationem.
2008 1394 2122 1451 Hoc

538 1502 624 1547 est
647 1492 791 1546 enim
828 1490 1015 1560 optimi
1059 1489 1313 1553 doctoris,
1336 1474 1633 1563 eteousilio
1671 1488 1967 1575 auditorem
2009 1486 2119 1543 eri-

538 1598 688 1652 gere,
711 1592 763 1637 et
791 1579 1401 1652 precibuscoullrmare,
1441 1580 1825 1648 robustumque
1871 1577 2117 1633 reddere.

539 1673 674 1739 Quid
693 1672 801 1727 sibi
832 1671 944 1727 vult
973 1670 1074 1731 hoc
1100 1669 1250 1742 quod
1269 1670 1417 1730 dicit.
1450 1667 1531 1724 Et:
1554 1668 1722 1724 Sion?
1760 1668 1886 1736 Erat
1911 1668 1988 1723 eis
2017 1681 2117 1721 no-

542 1777 665 1818 men
695 1760 1068 1826 desiderabile,
1112 1759 1357 1830 sam-ique
1382 1773 1569 1812 omnes
1591 1758 1726 1813 ritus
1756 1756 1863 1812 illic
1892 1770 2115 1831 perage-

540 1855 767 1908 bantur:
798 1860 855 1907 et
878 1852 1000 1910 ideo
1022 1862 1285 1921 precatur
1308 1858 1367 1905 ut
1391 1855 1709 1919 recuperent
1752 1847 1981 1917 priorem
2010 1854 2118 1901 sta-

532 1954 648 1997 tum
681 1942 971 2013 religionis,
998 1928 1220 2011 illosque
1246 1954 1428 1995 sacros
1452 1940 1585 1994 ritus
1613 1944 1883 2009 peragant,
1903 1947 1957 1991 et
1981 1936 2119 1993 hanc

536 2042 926 2105 consequamur
943 2032 1388 2109 benedictionem.
1412 2030 1609 2091 Deinde
1633 2045 1729 2087 eos
1748 2030 2033 2100 sustollens
2047 2028 2115 2084 ad

536 2127 721 2180 altiora
767 2126 1034 2198 dogmata,
1065 2132 1120 2179 et
1144 2122 1309 2179 Deum
1354 2121 1549 2190 ubique
1592 2136 1715 2177 esse
1753 2119 1972 2187 ducens,
1996 2120 2113 2190 jus-

534 2216 672 2270 sisse
697 2215 1151 2286 autemtemplum
1179 2212 1427 2268 mdilicari
1459 2220 1675 2283 propter
1704 2211 1911 2283 illorum
1948 2212 2113 2271 imbe-

533 2303 831 2369 cillitatem,
847 2313 901 2359 et
924 2312 1175 2373 oportere
1198 2318 1319 2357 eum
1347 2302 1578 2375 undique
1602 2303 1868 2369 invocare,
1886 2303 2111 2374 subjun-

534 2394 630 2458 xit,
668 2394 766 2461 Qui
788 2395 905 2467 fecit
922 2394 1103 2451 calum
1126 2404 1170 2449 et
1196 2404 1400 2449 tetram.

605 2485 787 2542 Preces
832 2488 1010 2558 ubique
1037 2485 1432 2540 enitittenda.—
1467 2484 1572 2541 Sed
1616 2470 1940 2556 illi'quidcm
1989 2501 2112 2541 eum

531 2586 660 2631 tunc
704 2577 811 2631 illic
856 2578 1192 2645 invocabant,
1238 2592 1335 2632 nos
1382 2585 1561 2631 autem
1604 2577 1658 2631 in
1703 2577 2030 2641 omniloco,
2057 2578 2110 2633 in

530 2670 680 2729 omni
702 2683 850 2739 agro,
904 2669 956 2723 in
1001 2669 1180 2734 domo,
1214 2669 1265 2722 in
1294 2667 1433 2733 foro,
1465 2666 1517 2722 in
1546 2668 1850 2733 solitudine,
1884 2668 1934 2723 in
1965 2669 2106 2734 nari,

534 2756 587 2810 in
624 2757 946 2822 diversorio,
991 2768 1046 2813 et
1075 2758 1390 2826 ubicumque
1437 2756 1711 2823 fuerimus.
1747 2759 1787 2813 A
1820 2758 1939 2814 luco
1964 2761 2107 2815 enim

531 2860 639 2905 non
685 2846 1036 2917 prohibentur
1072 2861 1279 2918 preces,
1308 2846 1471 2903 modo
1511 2847 1618 2903 sint
1642 2862 1839 2913 mores,
1873 2850 1962 2920 qui
1990 2866 2109 2920 pre-

530 2939 680 2994 cibus
704 2940 1043 2995 conveniant.
1056 2939 1354 3010 Postquam
1384 2954 1513 3010 ergo
1542 2941 1593 2994 in
1619 2940 1719 2996 hac
1744 2956 1802 2996 re
1836 2956 1935 3011 nos
1963 2952 2108 3005 recte

529 3030 866 3097 gesserimus,
889 3027 1076 3086 Deum'
1096 3030 1287 3099 ubique
1327 3030 1650 3097 invocem“,
1681 3040 1736 3087 et
1771 3031 1960 3099 aderit,
1985 3047 2108 3087 nos-

528 3119 960 3189 quo-adiuvabit,
995 3128 1059 3174 et
1086 3135 1435 3192 quacumque
1475 3132 1598 3180 sunt
1646 3122 1802 3179 nobis
1846 3124 2100 3190 difﬁcilia,

528 3210 698 3266 facilia
718 3211 910 3267 reddet
924 3220 987 3268 et
1007 3213 1274 3283 expedita,
1303 3228 1505 3283 nosque
1532 3214 1686 3271 bonis
1708 3215 1903 3272 futuris
1920 3217 2103 3288 digna-

528 3302 669 3357 bitur
693 3319 708 3357 :
753 3318 872 3373 qua:
916 3302 1073 3368 detur
1103 3303 1257 3359 nobis
1284 3305 1532 3361 omnibus
1558 3310 1833 3379 consequi,
1854 3312 2022 3379 gratia
2051 3322 2105 3367 et

528 3384 848 3462 lumignitate
898 3393 1108 3449 Domini
1152 3396 1318 3451 nostri
1343 3394 1470 3451 Jesu
1500 3396 1714 3462 Christi,
1748 3402 1832 3466 cui
1852 3402 2022 3472 gloria
2049 3388 2105 3458 et

520 3480 807 3553 imperium
849 3498 988 3539 nunc
1027 3494 1081 3540 et
1121 3500 1351 3555 semper,
1381 3494 1434 3541 ct
1462 3486 1517 3542 in
1540 3489 1736 3544 secula
1762 3493 2099 3549 sucularum.

526 3579 714 3630 Antea.

930 3690 998 3747 IN
1050 3690 1168 3749 PSA
1177 3692 1366 3752 LMUH
1401 3694 1681 3753 CXXXIV.

526 3801 577 3855 l.
622 3798 847 3856 Laudato
883 3819 1062 3857 nomen
1112 3800 1338 3872 Domini,
1367 3807 1591 3874 laudate,
1618 3810 1768 3874 servi,
1804 3810 2095 3868 Dominum.

593 3895 646 3948 2.
694 3894 790 3958 Qui
820 3896 979 3948 statis
1019 3897 1072 3948 in
1116 3895 1265 3949 domo
1296 3897 1520 3985 Domini,
1548 3900 1600 3953 in
1634 3900 1774 3954 atriis
1800 3903 1979 3957 domus
2007 3904 2103 3958 Dei

593 3985 769 4037 nostri.
800 3983 851 4037 5.
886 3981 1114 4039 Laudato
1134 3983 1431 4051 Dominum,
1459 3981 1577 4058 quia
1602 3988 1759 4045 bonus
1781 3988 2048 4047 Dominus.

593 4115 646 4167 ι.
687 4112 764 4167 Ad
814 4113 917 4169 hoc
956 4129 1143 4173 rursus
1190 4113 1431 4183 hortatur
1475 4118 1812 4188 sacriﬁcium,
1864 4123 2007 4193 quod
2038 4124 2098 4179 ﬁt

518 4220 615 4274 per
652 4203 853 4261 laudes.
897 4204 1010 4260 Hoc
1036 4217 1120 4259 est
1144 4208 1286 4265 enim
1316 4208 1422 4263 Deo
1455 4211 1773 4277 sacriﬁcium
1799 4222 1853 4268 et
1876 4214 2094 4271 oblatio.

522 4294 589 4348 Et
626 4294 745 4349 ideo
784 4296 908 4350 alibi
951 4311 1163 4365 quoque
1198 4292 1362 4352 dicit:
1389 4298 1627 4354 Laudabo
1656 4319 1836 4365 nomen
1880 4304 1975 4359 Dei
2001 4308 2098 4361 mei

518 4401 631 4437 cum
655 4386 871 4450 cantico,
898 4386 1230 4456 magniﬁcabo
1254 4404 1369 4440 cum
1396 4390 1449 4442 in
1478 4391 1656 4453 laude;
1685 4402 1730 4446 et
1756 4394 1967 4461 placebit
1992 4396 2096 4451 Deo

519 4491 671 4540 super
708 4476 916 4530 vitulum
956 4478 1225 4545 novellum,
1257 4495 1445 4533 cornua
1470 4483 1822 4550 producentem
1847 4486 1896 4540 et
1932 4503 2095 4558 ungu-

517 4568 595 4620 las
623 4568 641 4635 (
670 4565 814 4621 Psal.
839 4567 930 4622 68.
955 4568 1045 4623 51.
1072 4569 1144 4622 52
1163 4568 1205 4640 ).
1235 4570 1360 4625 Loci
1390 4582 1569 4628 autem
1598 4584 1652 4629 et
1674 4577 1934 4633 atriorum
1957 4581 2095 4635 assi-

517 4657 620 4711 tlue
642 4657 904 4723 meminit,
926 4674 1021 4713 eos
1040 4661 1155 4714 loco
1177 4661 1415 4731 amgens,
1442 4673 1496 4719 et
1525 4666 1633 4720 non
1658 4668 1840 4723 sitiens
1866 4670 2092 4737 resilire;

517 4749 1039 4819 quandoquidemju
1072 4753 1327 4820 principio
1350 4770 1559 4827 quoque
1588 4757 1760 4827 ipsum
1791 4759 1909 4815 ideo
1935 4761 2095 4831 jussit

517 4848 813 4904 exstruere,
854 4854 959 4908 quo
1006 4841 1178 4894 omnis
1218 4842 1461 4912 impietas
1508 4857 1561 4901 et
1606 4849 1888 4905 simulacra
1944 4853 2094 4908 tolle-

519 4936 719 4990 rentur,
768 4937 823 4981 ut
854 4943 1038 4981 omnes
1061 4929 1111 4983 in
1140 4945 1303 4986 unum
1334 4933 1505 4989 locum
1530 4949 1865 5007 cogerentur,
1904 4953 1956 4997 et
1986 4959 2091 4997 non

476 5052 479 5053 ν
518 5018 683 5071 libere
727 5016 997 5087 cll‘useque
1048 5030 1386 5091 vagarentur,
1433 5041 1532 5081 nec
1586 5043 1837 5095 nemora,
1898 5032 2090 5099 inritos,

518 5117 725 5161 nmntes
748 5117 801 5160 ct
825 5108 990 5162 colles
1016 5121 1332 5180 usurparent
1356 5126 1829 5189 converterentquc
1860 5122 1911 5174 in
1938 5138 2094 5177 occa-

515 5198 720 5253 sionem
768 5199 1074 5269 impietatis,
1124 5202 1232 5256 illic
1273 5206 1655 5275 sacriﬁcantes,
1684 5220 1739 5265 et
1787 5214 2010 5271 libantes
2039 5218 2089 5273 in

514 5289 1061 5354 excelsis.,Quocirca
1104 5308 1227 5347 cum
1261 5311 1472 5365 quoque
1515 5310 1686 5354 morte
1732 5303 1948 5359 damnat
2001 5311 2091 5379 qui

518 5392 662 5431 ostra
712 5380 967 5449 templum
1010 5384 1287 5451 sacriﬁcat,
1338 5388 1561 5446 dicens.-
1594 5393 1697 5459 Qui
1734 5412 1833 5451 non
1861 5401 2094 5456 obtulerit

520 5467 575 5519 in
595 5471 939 5537 tabernaculo,
967 5482 1013 5526 et
1037 5477 1405 5544 sacriﬁcaverit,
1452 5484 1656 5552 sanguis
1685 5486 1729 5539 ei
1766 5488 2101 5556 imputabitur

515 5558 701 5627 (Lavit.
728 5562 788 5615 Π
850 5562 921 5632 ιι).
958 5562 1032 5619 Ea
1062 5565 1128 5621 de
1152 5582 1310 5623 causa
1342 5586 1435 5625 eos
1463 5574 1691 5645 undique
1718 5578 1825 5631 illic
1853 5579 1905 5633 in
1928 5598 2093 5638 unum

514 5651 691 5705 locum
739 5653 899 5723 cogit,
950 5662 1007 5708 ut
1056 5656 1331 5715 audientes
1378 5676 1437 5718 se
1458 5665 1700 5720 modeste
1723 5679 1774 5722 et
1802 5680 2093 5737 temperate

518 5753 720 5807 gerant,
749 5758 780 5800 a
822 5743 1057 5816 falsaque
1081 5758 1133 5804 et
1164 5765 1382 5806 errouca
1420 5756 1736 5825 cogitatione
1766 5762 2085 5819 abstineant.

1252 381 1305 437 S.
1343 376 1623 437 JOALVNIS
1657 372 2127 437 CIIRYSOSTOMI
2165 372 2486 435 ARCHIEP.
2524 378 3063 440 CONSTANTINOP.

3728 391 3832 447 588

2241 487 2403 546 Jubet
2425 502 2604 549 autem
2631 511 2726 551 eos
2748 513 2964 565 canere,
2992 499 3222 570 psallere
3247 511 3299 556 et
3323 501 3561 569 laudare,
3589 504 3713 577 quia
3740 507 3835 562 Dei

2239 578 2424 638 laudes
2438 596 2591 640 erant
2611 588 2688 642 eis
2709 589 2923 645 occasio
2944 591 3170 659 pietatis,
3194 592 3324 648 dum
3338 592 3836 653 continerentvete-

2236 661 2324 727 res
2345 676 2696 758 narrationes,
2714 670 2989 757 ea'nempe
3007 692 3127 753 qua:
3144 683 3198 738 in’
3210 681 3465 758 Egypto,
3481 704 3605 758 qua
3622 689 3676 745 in
3701 691 3800 745 soli
3813 720 3834 731 -

2238 760 2442 829 tudine,
2459 780 2579 835 quae
2599 754 2655 820 in
2687 777 2825 823 terra
2847 754 3224 839 promissionis
3238 754 3375 830 tincta
3394 754 3544 843 sunt.
3557 772 3835 851 quosnodo

2236 849 2323 906 lex
2356 852 2459 908 lata
2489 854 2715 925 sit,qu:r.
2728 866 2877 929 gesta
2908 866 3032 937 sunt
3056 862 3109 916 in
3138 871 3320 924 monte
3334 865 3481 933 Sina,
3513 849 3835 941 etqnasnam

2232 939 2372 995 bella
2395 942 2740 1018 confecerunt
2771 964 2784 999 :
2813 949 3082 1022 simulque
3104 946 3220 1008 uno
3255 955 3565 1028 eodemque
3583 939 3828 1033 tempore

2233 1030 2373 1109 Deus
2394 1031 2545 1089 laude
2564 1034 2916 1121 afﬁciebatur,
2945 1050 3002 1097 et
3023 1044 3111 1112 qui
3136 1046 3415 1113 canebant,
3444 1030 3828 1121 argumentum

2232 1119 2492 1179 doctrina:
2511 1118 2814 1209 capiebant,
2829 1146 2949 1203 qua:
2968 1142 3022 1187 ct
3045 1135 3209 1203 vitam
3230 1153 3419 1208 eorum
3440 1118 3827 1213 componebat,

2229 1212 2380 1295 etad
2404 1214 2633 1284 perfecta
2657 1206 2908 1289 dogmata
2929 1221 3248 1283 deducebat.
3270 1206 3501 1286 Laudato

2226 1304 2467 1372 quoniam
2518 1303 2686 1363 bonus‘
2701 1306 2969 1398 Dominus.
2997 1309 3169 1395 Alius,
3198 1318 3275 1392 (α)
3297 1314 3551 1387 Quoniam
3576 1326 3827 1398 benignus

2226 1405 2319 1486 est.
2355 1398 2507 1465 Quod
2535 1410 2620 1456 est
2660 1402 2726 1458 iis
2767 1389 2871 1475 qui
2886 1389 3113 1464 audiunt
3161 1389 3391 1469 maxime
3432 1389 3818 1486 expetendum,

2226 1484 2329 1542 hoc
2348 1491 2497 1558 ponit
2527 1491 2765 1561 assidue,
2798 1494 3206 1570 humanitatem,
3239 1484 3701 1576 miscricordiam,
3730 1484 3822 1565 be;

2224 1577 2555 1646 nignitatem.

2268 1666 2611 1727 ’Psnltnodic
2655 1675 2744 1729 vis.
2780 1662 2992 1733 dudai'ci
3045 1684 3221 1753 populi
3275 1684 3473 1742 electio.
3500 1720 3574 1731 —
3600 1690 3823 1748 Psalh'te

2223 1758 2418 1811 nomini
2437 1764 2571 1839 ejus,
2597 1765 2833 1832 quoniam
2867 1760 3021 1823 suave
3047 1781 3138 1825 est.
3189 1768 3300 1829 lloc
3340 1774 3471 1832 dicit
3520 1782 3822 1839 osxendens

2222 1861 2334 1902 rem
2380 1848 2547 1921 ipsam
2593 1852 2789 1934 habere
2826 1858 3115 1929 quamdam
3151 1865 3236 1919 vel
3268 1881 3362 1935 per
3383 1881 3445 1923 se
3482 1871 3815 1941 voluptatein

2221 1954 2339 1993 nos
2356 1956 2478 2027 cum
2506 1944 2750 2030 utilitate.
2769 1948 3104 2023 Prucipuum
3131 1955 3292 2010 etiam
3317 1956 3435 2027 ejus
3465 1959 3677 2017 lucrum
3706 1975 3811 2031 est,

2218 2034 2286 2089 ad
2313 2036 2478 2093 Deum
2505 2030 2734 2125 hymnos
2760 2044 2964 2114 dicere,
2995 2036 3230 2107 animam
3258 2052 3581 2129 expurgare,
3607 2064 3815 2132 cogita-

2220 2126 2417 2181 tionem
2444 2129 2497 2183 in
2528 2132 2691 2186 altum
2722 2136 3009 2205 extollere,
3042 2155 3169 2197 vera
3206 2152 3261 2209 et
3288 2126 3535 2203 accurata
3560 2126 3812 2221 dogmata

2216 2214 2448 2292 discere,
2472 2220 2540 2275 de
2564 2226 2913 2291 prmsentihus
2931 2237 2989 2284 et
3018 2228 3208 2288 futuris
3231 2234 3618 2307 philosophari.
3635 2214 3816 2305 liabet

2217 2317 2393 2362 autem
2419 2325 2541 2369 cum
2588 2314 2672 2369 his
2711 2332 2806 2386 per
2848 2320 3135 2379 molodiam
3177 2327 3396 2383 multam
3446 2332 3808 2404 voluptatem.

2216 2400 2634 2459 consolationem
2675 2405 2908 2478 aliquam
2953 2421 3010 2468 et
3056 2418 3464 2487 recreationem,
3492 2400 3655 2493 atq-tte
3683 2442 3811 2482 eum

2218 2492 2304 2557 qui
2334 2493 2475 2573 canit
2504 2500 2867 2571 venerandum
2886 2504 3082 2559 reddit.
3112 2508 3265 2576 Quod
3307 2523 3489 2568 autem
3521 2492 3656 2571 tales
3685 2516 3805 2573 elli-

2206 2580 2342 2654 ciat,
2391 2583 2595 2639 clarum
2635 2598 2720 2643 est
2761 2606 2826 2647 ex
2874 2608 2939 2649 eo
2964 2598 3109 2666 quod
3132 2599 3272 2655 alter
3294 2602 3509 2670 quidem
3538 2606 3812 2677 interpres

2214 2668 2376 2736 dicat,
2410 2672 2544 2739 Quia
2570 2676 2809 2734 decorant
2834 2680 2936 2754 (lt);
2954 2686 3091 2742 alter
3111 2703 3259 2757 vero,
3290 2668 3423 2758 Quia
3436 2710 3606 2750 suave.
3631 2668 3811 2754 Ambo

2213 2770 2390 2816 autem
2422 2778 2543 2817 vera
2575 2766 2777 2824 dicunt.
2820 2771 2953 2827 Nam
2999 2774 3119 2831 licet
3158 2778 3227 2834 sit
3257 2770 3453 2839 millies
3501 2785 3733 2843 lascivus
3761 2791 3810 2846 is

2212 2852 2300 2947 qui
2328 2854 2491 2947 cauit,
2522 2856 2649 2912 dum
2678 2861 2940 2929 psalmum
2969 2880 3273 2937 reveretur,
3291 2874 3433 2945 sopit
3465 2878 3810 2947 tyrannidem

2213 2940 2443 2998 lascivia:
2469 2960 2580 3001 sua:
2609 2966 2622 3001 :
2658 2950 2782 3007 licet
2806 2954 2871 3008 sit
2901 2969 3191 3033 oppressus
3234 2940 3388 3019 malis
3428 2940 3806 3025 innumerabi-

2213 3034 2370 3100 libus,
2399 3046 2454 3092 et
2480 3039 2549 3093 ab
2573 3043 2887 3112 aegritudine
2912 3047 3075 3103 animi
3100 3060 3408 3122 occupetur,
3432 3055 3562 3114 dum
3587 3059 3806 3119 demul-

2209 3136 2363 3183 cetur
2386 3143 2415 3183 a
2446 3130 2716 3201 voluptate
2744 3172 2760 3199 ,
2790 3133 2932 3191 levat
2971 3139 3230 3209 animum,
3271 3147 3478 3213 extollit
3520 3134 3807 3221 cogitatio-

2210 3232 2355 3286 nem,
2385 3230 2438 3274 et
2464 3234 2699 3278 mentem
2725 3226 3008 3284 sublimem
3034 3232 3234 3288 evehit.
3266 3235 3319 3290 4.
3356 3235 3611 3302 Quoniam
3635 3240 3803 3299 Iacob

2207 3312 2355 3382 elegit
2401 3316 2498 3369 sibi
2552 3316 2819 3387 Dominus,
2864 3319 3032 3377 Israel
3070 3325 3122 3378 in
3149 3316 3648 3401 possessionem-sibi,
3676 3335 3801 3393 Non

2209 3403 2337 3458 dicit
2366 3405 2617 3461 beneﬁcia
2646 3424 2765 3480 quae
2783 3419 2910 3468 sunt
2936 3414 3016 3469 eis
3043 3429 3164 3471 cum
3192 3419 3309 3475 aliis
3338 3427 3663 3493 communia,
3700 3430 3799 3485 scd

2206 3497 2348 3565 quod
2378 3504 2460 3554 cst
2488 3515 2674 3575 eorum
2704 3506 2977 3575 proprium
3006 3518 3061 3564 et
3089 3511 3367 3567 eximium.
3394 3515 3674 3583 Quodnam
3696 3536 3799 3575 au-

2209 3596 2313 3658 tetu
2347 3587 2449 3644 hoc
2490 3593 2643 3647 erat?
2668 3593 2819 3662 Quod
2848 3597 3104 3657 Dominus
3146 3604 3397 3674 populum
3438 3622 3563 3663 eum
3608 3612 3796 3684 elegit,

2204 3689 2260 3735 et
2279 3680 2381 3736 sibi
2412 3681 2697 3753 dedicavit,
2743 3696 2797 3741 et
2839 3703 2951 3758 pra:
2990 3693 3110 3746 aliis
3138 3696 3459 3764 peculiarem
3507 3680 3797 3771 quamdam

2206 3771 2259 3826 in
2286 3788 2380 3828 eos
2406 3776 2637 3830 ostendit
2662 3776 3103 3838 benevolentiam.
3153 3782 3212 3838 ld
3241 3797 3421 3842 autem
3450 3787 3649 3846 iaciunt
3674 3794 3795 3849 ubi-

2204 3879 2309 3934 que
2338 3867 2629 3935 praphettc,
2658 3883 2727 3923 ex
2759 3871 3032 3927 beneﬁciis
3059 3874 3112 3928 in
3140 3876 3283 3946 ipsos
3303 3882 3511 3935 collatis
3526 3886 3794 3952 permulta

2202 3957 2342 4012 dicta
2372 3974 2467 4013 sua
2496 3972 2899 4029 componentes.
2926 3964 3061 4032 Quid
3091 3979 3174 4023 est
3197 3980 3399 4033 autem.
3429 3972 3496 4027 ln
3520 3979 3793 4044 possessio-

2202 4065 2316 4104 nem
2342 4052 2436 4105 sibi
2448 4053 2475 4105 .9
2499 4051 2553 4106 ln
2584 4067 2735 4122 opes,
2764 4056 2815 4109 in
2838 4055 3133 4115 facultates.
3159 4059 3274 4116 Etsi
3296 4064 3440 4118 enim
3470 4066 3543 4120 sit
3562 4069 3795 4139 populus

2202 4144 2445 4214 exiguus,
2476 4160 2597 4199 eum
2630 4140 2898 4217 tamquam
2929 4149 3159 4219 divitias,
3184 4153 3364 4225 elegit,
3412 4172 3518 4213 non
3555 4163 3793 4229 partcita-

2203 4241 2329 4298 tem,
2381 4234 2475 4289 sed
2524 4237 2774 4292 virtutem
2806 4240 3111 4309 attendens,
3132 4244 3198 4299 ad
3226 4229 3383 4314 quam
3414 4250 3599 4305 volens
3618 4252 3790 4307 dedu-

2200 4340 2327 4381 cere
2345 4329 2504 4398 clegit
2532 4343 2646 4393 eos,
2679 4346 2745 4389 eo
2771 4333 2975 4387 scilicet
2994 4336 3134 4404 quod
3158 4337 3244 4391 alii
3268 4338 3515 4397 homines
3534 4358 3644 4399 non
3673 4353 3792 4400 tan-

2204 4424 2286 4471 tas
2312 4416 2361 4471 ci
2388 4433 2517 4489 opes
2543 4430 2753 4487 parent,
2782 4431 3009 4490 quantas
3058 4425 3145 4480 hic
3168 4429 3398 4497 populus
3417 4470 3434 4495 ,
3486 4431 3559 4485 ita
3591 4442 3648 4487 ut
3687 4434 3793 4490 hoc

2204 4509 2523 4574 processerit
2567 4518 2622 4565 et
2648 4527 2712 4565 ex
2741 4513 2857 4581 ejus
2886 4514 2975 4584 qui
3016 4514 3162 4569 illum
3192 4517 3354 4588 elegit
3390 4519 3789 4592 benevolentia,

2200 4608 2252 4652 et
2274 4599 2343 4653 ad
2382 4614 2571 4655 eorum
2616 4601 3027 4659 institutionem.
3059 4604 3212 4660 Solet
3240 4610 3382 4662 enim
3423 4610 3621 4667 Paulus
3656 4630 3790 4684 quo-

2200 4704 2303 4759 que
2344 4683 2612 4760 appellare
2650 4692 2869 4750 divitias
2905 4695 3130 4751 salutem
3159 4696 3455 4767 hominum,
3487 4713 3545 4756 ut
3572 4683 3791 4773 quando

2199 4779 2327 4834 dicit
2356 4798 2369 4833 :
2396 4780 2540 4834 Idem
2579 4783 2709 4835 enim
2748 4781 3015 4849 Dominus,
3055 4786 3143 4855 qui
3183 4798 3257 4842 est
3283 4790 3420 4849 dines
3442 4792 3494 4845 in
3520 4808 3713 4860 omnes,
3742 4808 3789 4849 et

2198 4886 2348 4937 super
2384 4888 2552 4924 omnes
2593 4873 2680 4942 qui
2731 4873 2965 4928 invocant
3012 4876 3217 4946 ipsum(
3250 4878 3401 4932 Rom.
3436 4880 3524 4936 10.
3558 4881 3626 4937 η
3646 4882 3690 4954 ).
3720 4885 3791 4941 Et

2199 4978 2403 5027 rursus,
2431 4963 2647 5017 Domino
2674 4981 2765 5019 suo
2787 4975 2906 5031 stat,
2933 4978 3021 5019 aut
3040 4969 3172 5021 cadit
3203 4968 3377 5044 (Rom.
3409 4973 3496 5028 η.
3521 4974 3599 5043 ι).
3620 4960 3791 5035 Vides

2200 5054 2466 5121 quomodo
2492 5056 2847 5111 ostendit-Dei
2896 5058 2948 5112 in
2992 5074 3087 5113 eos
3117 5055 3568 5132 benevolentiam,
3602 5072 3786 5136 provi-

2198 5145 2452 5208 dentiam,
2482 5160 2689 5213 curam,
2717 5147 3071 5217 allectioncm,
3099 5166 3219 5204 cum
3246 5167 3342 5208 eos
3367 5160 3645 5212 vocaverit
3666 5175 3787 5228 pos.

2199 5238 2517 5293 sessionem.
2558 5239 2663 5294 Per
2708 5239 2822 5295 hare
2860 5251 3084 5312 utraque
3114 5259 3242 5315 ergo
3274 5248 3511 5303 ostendit
3536 5253 3786 5307 eximiam

2200 5328 2259 5403 in.
2299 5344 2393 5383 eos
2436 5330 2845 5399 providentiam,
2885 5341 2940 5389 et
2979 5334 3122 5404 quod
3168 5338 3410 5406 elegerit,
3459 5350 3514 5395 et
3559 5343 3702 5410 quod
3735 5346 3786 5401 in

2259 5429 2329 5496 (a_)
2357 5429 2479 5496 Quis
2499 5428 2567 5478 sit
2597 5428 2679 5496 hic
2706 5427 2957 5496 interpres
2988 5431 3292 5496 ignoramus.
3320 5436 3443 5488 Tota
3464 5444 3636 5491 autem
3661 5427 3783 5496 ’δίη

2196 5488 2363 5546 lectio,
2403 5488 2559 5548 Alius,
2596 5506 2612 5537 ι
2648 5488 2882 5548 Quoniam
2914 5488 3147 5560 benignus
3184 5502 3274 5557 est,
3311 5513 3330 5546 ι
3360 5498 3506 5548 deest
3542 5488 3783 5555 inserit:

2258 5560 2605 5636 (biﬂHebr‘aiCa
2634 5563 2785 5636 verba
2814 5572 2971 5636 sunt,
3006 5568 3139 5621 εμπ)
3177 5568 3255 5618 ’3.
3294 5567 3657 5636 Interpretalto
3698 5588 3784 5623 su-

2194 5624 2707 5693 temuanﬁesnpsnéc,
2740 5624 2856 5688 quia
2892 5624 3093 5693 deem,
3120 5636 3223 5689 aut,
3260 5627 3374 5693 quia
3401 5632 3661 5693 decorum,
3710 5646 3782 5683 est

2194 5685 2403 5754 aquilae.
2431 5684 2662 5754 Sequens
2688 5684 2857 5754 autem
2891 5684 3283 5754 interpretatio,"
3319 5690 3443 5749 Quia
3482 5684 3689 5749 smtve'l
3712 5700 3782 5744 ὅτι

2192 5746 2323 5805 ἡδὺ),
2353 5759 2449 5816 non
2478 5746 2735 5816 observata
2762 5748 2853 5799 fuit
2884 5764 2932 5798 tn
2968 5746 3209 5815 lle'xaplis
3242 5746 3456 5816 nostris,
3493 5763 3545 5805 et
3577 5764 3655 5806 est
3681 5746 3776 5807 lor-

2195 5815 2326 5855 tasse
2356 5808 2650 5866 Symmachi.
