4086 6438
255 421 383 476 389

250 548 424 589 sitam
454 531 867 604 possessionem.
897 526 1090 582 V'idisti
1113 523 1384 597 quomodo
1412 519 1712 577 ostenderit
1753 517 1872 588 ejus

252 623 705 682 humanitatem?
733 630 789 678 et
809 619 931 676 ideo
957 619 1218 687 incipiens
1243 616 1397 681 dixit,
1431 613 1660 693 Laudate
1689 611 1871 666 Domi-

250 732 412 784 num,
461 716 581 788 quia
611 715 768 768 bonus
813 720 888 765 est
926 708 1193 762 Dominus.
1251 707 1304 761 5.
1356 705 1490 772 Quia
1520 721 1612 774 ego
1637 703 1868 775 cognovi,

253 809 401 878 quod
431 821 644 877 magnus
671 814 743 860 est
772 800 1042 857 Dominus.
1070 800 1210 853 Ecce
1229 797 1395 851 'aliam
1421 795 1575 849 affert
1619 793 1869 852 laudandi

251 916 507 956 causam.
552 899 645 954 Dic
689 897 820 952 mihi
867 905 1070 960 autem,
1115 906 1245 962 rogo
1277 906 1292 946 :
1326 897 1381 944 lu
1408 887 1571 956 nosti,
1611 887 1701 942 alii
1741 901 1871 942 vero

257 1005 377 1044 non
409 988 640 1045 narunt?
666 987 877 1042 Norunt
908 983 1146 1054 quidem,
1177 981 1273 1037 sed
1303 994 1408 1035 non
1435 981 1507 1034 ita
1542 986 1600 1033 ut
1625 993 1748 1048 ego.
1774 977 1871 1031 Est

256 1081 413 1136 enim
463 1079 696 1133 maxime
745 1085 1075 1138 sanctorum,
1135 1081 1190 1129 et
1235 1086 1420 1128 eorum
1464 1070 1555 1141 qui
1577 1069 1866 1139 plurimum

253 1171 645 1233 ascenderunt,
673 1168 980 1224 accuratius
1008 1166 1125 1235 ejus
1147 1176 1478 1233 cognoscere
1506 1163 1863 1233 majestatem,

253 1275 374 1318 non
395 1262 609 1333 quidem
641 1241 943 1314 universam
976 1257 995 1326 (
1024 1257 1127 1310 hoc
1153 1254 1296 1310 enim
1324 1252 1437 1307 fieri
1472 1266 1578 1307 non
1605 1252 1863 1323 potest‘),

259 1351 362 1407 scd
389 1352 630 1420 apertius
661 1365 820 1420 quam
850 1347 961 1402 alii.
992 1345 1062 1400 Et
1099 1344 1241 1399 Deus
1285 1354 1455 1399 noster
1484 1359 1592 1413 pro:
1635 1341 1866 1396 munibus

259 1443 384 1498 diis.
411 1443 569 1506 Ecce,
600 1439 949 1511 inquies,_qui
981 1438 1104 1491 dicit
1133 1451 1380 1506 magnum
1410 1449 1531 1489 esse
1558 1435 1862 1499 Dominum,

255 1549 317 1596 et
357 1548 416 1588 se
445 1532 498 1588 id
530 1532 766 1595 novisse,
799 1530 1100 1603 procedens,
1117 1529 1166 1583 ei
1190 1526 1332 1597 quod
1360 1526 1572 1581 dixerat
1605 1525 1862 1593 detrahit,

252 1631 315 1680 et
339 1639 460 1678 eum
505 1621 718 1678 confert
763 1637 888 1676 cum
915 1621 1034 1675 aliis
1054 1662 1067 1683 ,
1097 1629 1151 1674 et
1190 1633 1286 1688 per
1327 1610 1783 1686 comparationem
1814 1615 1862 1670 ei

260 1715 634 1774 excellentiam
662 1714 868 1768 tribuit.
894 1711 1263 1782 Nequaquam,
1290 1709 1483 1779 inquit,
1508 1708 1601 1764 sed
1626 1694 1755 1763 iuuc
1786 1707 1865 1760 lo-

258 1805 526 1877 quebalur
546 1805 750 1859 habens
777 1804 1037 1859 rationem
1059 1817 1267 1868 eorum,
1286 1800 1376 1870 qui
1396 1798 1706 1865 audiebant,
1733 1813 1863 1868 pau-

259 1897 411 1952 latim
432 1913 530 1954 eos
558 1896 628 1952 ad
658 1895 710 1952 id
751 1896 1040 1952 deducens.
1064 1893 1246 1963 Neque
1272 1892 1415 1947 enim
1444 1892 1548 1946 hoc
1573 1891 1863 1945 admodum

260 2003 513 2059 magnum
553 2003 677 2044 eum
707 1987 963 2052 ostendit,
1010 1984 1154 2056 quod
1181 1985 1390 2039 dicatur
1420 1984 1561 2038 Deus
1599 1996 1720 2037 esse
1750 1996 1862 2055 ma-

259 2079 424 2146 jor.et
448 2092 674 2149 magnus
701 2092 811 2148 pra:
837 2076 942 2131 illis
971 2074 1138 2149 :_sed,
1166 2075 1305 2159 siput
1329 2074 1461 2134 dixi,
1487 2072 1706 2142 adaptat
1739 2085 1858 2124 ora-

260 2170 463 2225 tionem
505 2168 792 2223 humilitati
835 2167 1166 2232 auditorum,
1211 2181 1305 2222 eos
1344 2165 1597 2235 paulatim
1622 2164 1854 2233 erigens.

256 2261 405 2317 Bene
439 2262 584 2317 enim
613 2271 739 2316 tunc
763 2276 889 2316 cum
933 2261 1015 2317 eis
1057 2261 1336 2335 agebatur,
1391 2261 1532 2331 quod
1565 2258 1682 2313 haec
1707 2257 1858 2313 audi-

256 2353 483 2418 vissent,
513 2363 564 2406 et
595 2367 849 2422 persuasa
876 2352 1158 2407 haberent.

326 2441 382 2497 Ξ.
459 2443 613 2510 Quod
642 2443 784 2499 enim
815 2459 1002 2498 omnes
1042 2444 1174 2497 citra
1203 2443 1364 2498 ullam
1401 2443 1854 2513 comparationem

252 2545 512 2604 superet,
556 2535 790 2591 ostendit
833 2551 929 2604 per
969 2551 1034 2591 ea
1085 2552 1207 2607 qua:
1250 2546 1575 2606 sequuntur,
1624 2535 1855 2591 affcrcus

252 2627 548 2682 maximum
597 2636 966 2696 argumentum
997 2626 1112 2696 ejus
1158 2630 1442 2696 potentite,
1475 2639 1528 2682 et
1565 2626 1855 2682 ostendens

250 2729 314 2773 se
339 2717 522 2788 priora
550 2716 756 2773 dixisse
800 2726 1018 2788 propter
1045 2717 1463 2774 imbecillitatem
1493 2720 1800 2774 auditorum
1835 2737 1849 2774 :

251 2817 308 2862 et
336 2807 460 2863 idco
486 2807 708 2879 quando,
723 2818 925 2865 tantum
956 2811 1193 2866 eumttiat
1212 2850 1228 2876 ,
1265 2823 1429 2878 parva
1459 2805 1856 2878 dicit;quando

251 2909 433 2956 autem
460 2900 775 2966 conlinunt,
804 2912 860 2958 et
901 2902 1267 2968 demonstrat,
1320 2911 1377 2959 et
1403 2901 1526 2971 ejus
1552 2903 1857 2972 majestatis

251 2993 410 3048 affert
437 2995 828 3064 probationem,
875 3011 1063 3067 magna
1094 2997 1310 3065 profert.
1344 2993 1486 3062 Quid
1507 3006 1638 3064 ergo
1663 3005 1854 3066 postea

252 3086 489 3151 adducit,
507 3086 646 3157 quod
674 3087 746 3142 sit
774 3103 838 3142 eo
859 3087 1076 3158 dignum
1099 3096 1177 3154 ,ct
1203 3087 1346 3156 quod
1387 3089 1457 3142 sit
1483 3087 1573 3140 Dei
1596 3086 1856 3167 tantum?

253 3177 387 3234 Vide
435 3179 746 3258 :subjungit
780 3180 966 3235 enim:
1014 3179 1067 3235 6.
1100 3179 1284 3233 Omnia
1328 3195 1649 3258 quiscumque
1683 3179 1852 3235 voluit

250 3256 539 3340 Dominus,
568 3273 684 3343 fecit
713 3273 770 3325 in
808 3271 935 3326 calo
989 3282 1033 3326 et
1063 3272 1114 3325 in
1157 3283 1322 3337 terra,
1349 3289 1401 3324 tn
1439 3256 1661 3326 maribus
1712 3281 1759 3326 et
1797 3274 1850 3326 in

250 3363 481 3418 omnibus
525 3363 738 3434 abyssis.
768 3363 956 3418 Vidisti
997 3363 1283 3432 potentiam
1327 3363 1411 3417 cui
1452 3361 1583 3416 nihil
1629 3365 1849 3416 omnino

247 3454 400 3510 deest
430 3458 454 3506 ν
495 3455 672 3510 vidisti
698 3454 898 3510 fontem
927 3454 1092 3509 vitm?
1139 3454 1314 3508 vidisti
1357 3455 1500 3509 vires
1520 3456 1847 3523 inexpugna-

247 3545 386 3601 biles
409 3544 435 3599 ἵ
455 3545 633 3599 vidisti
666 3545 1033 3601 excellentiam
1067 3545 1286 3598 omnino
1326 3544 1795 3614 incomparabilem
1826 3547 1849 3598 ?

247 3637 423 3691 vidisti
447 3644 763 3706 potestatem
789 3651 907 3707 qua:
929 3636 1075 3690 nullo
1105 3634 1263 3689 modo
1292 3635 1641 3705 prohibetur?
1671 3638 1845 3691 vidisti

245 3727 296 3784 ei
320 3727 501 3782 omnia
530 3727 774 3797 expedita
801 3737 856 3783 et
880 3726 1094 3784 facilia?
1123 3727 1307 3782 Omnia
1332 3729 1497 3795 enim,
1518 3729 1850 3799 inquit,quaz-

245 3834 460 3889 cumque
499 3818 652 3872 voluit
678 3818 811 3890 fecit.
844 3817 960 3887 Dic,
987 3818 1238 3873 ubinam?
1276 3819 1344 3873 In
1369 3819 1494 3873 cwlo
1531 3830 1576 3872 et
1605 3820 1656 3872 in
1690 3828 1843 3873 terra.

247 3908 362 3964 lloc
385 3918 472 3964 est
499 3925 603 3984 non
625 3908 712 3965 ltic
730 3911 923 3978 solum,
949 3910 1043 3966 sed
1064 3912 1222 3966 etiam
1253 3911 1303 3964 in
1322 3911 1474 3967 cado.
1497 3911 1612 3966 Non
1636 3912 1689 3966 in
1714 3915 1846 3966 caelo

245 3999 460 4065 solum,
500 4000 595 4054 sed
641 4000 802 4055 etiam
842 4001 896 4055 in
926 4008 1090 4056 terra.
1136 4000 1252 4055 Non
1278 4001 1516 4056 solumin
1547 4012 1707 4067 terra,
1752 4004 1846 4058 scd

247 4094 410 4149 etiam
460 4091 532 4146 In
561 4094 815 4159 maribus,
845 4102 893 4148 et
922 4093 975 4147 in
1002 4093 1230 4147 omnibus
1270 4093 1463 4165 abyssis
1483 4131 1496 4146 .
1545 4094 1647 4150 Per
1685 4096 1845 4166 abys-

247 4199 366 4240 sum
383 4186 528 4241 enim
559 4185 683 4241 dicit
704 4201 824 4257 qua:
846 4193 973 4242 sunt
992 4185 1126 4242 infra
1156 4194 1374 4255 terram,
1397 4189 1844 4258 quemadmodum

247 4276 582 4342 dicendan
601 4278 818 4345 calo,ea
845 4293 964 4348 quae
995 4286 1117 4333 sunt
1138 4293 1300 4349 super
1336 4279 1518 4334 caelos.
1543 4279 1697 4336 Unde
1717 4297 1836 4336 cum

251 4379 330 4423 tot
353 4379 408 4424 ct
433 4378 575 4423 tanta
605 4371 741 4435 sint,
776 4371 1022 4425 voluntas
1041 4369 1505 4442 ejusuequaquam
1538 4372 1842 4441 impeditur,

249 4460 344 4514 sed
371 4461 550 4514 omnia
571 4460 842 4531 pervadit,
862 4470 917 4514 et
932 4459 1074 4531 quod
1092 4469 1172 4515 est
1194 4461 1530 4526 admirabile,
1564 4463 1608 4517 is
1629 4505 1644 4529 ,
1668 4466 1754 4532 qui
1783 4480 1844 4517 ea

249 4551 402 4615 fecit,
436 4550 585 4605 nullo
633 4551 878 4621 negotio,
911 4551 995 4605 vel
1025 4550 1208 4606 labore
1228 4593 1243 4616 ,
1273 4568 1380 4607 non
1418 4552 1602 4622 jussu,
1630 4555 1724 4608 sed
1757 4571 1848 4606 m—

251 4642 455 4697 luntale
480 4643 640 4697 fecit:
665 4644 836 4697 solum
863 4641 1006 4697 enim
1035 4643 1230 4710 voluit,
1256 4653 1310 4698 et
1337 4659 1471 4714 opus
1497 4646 1673 4700 statim
1719 4661 1848 4699 cou-

251 4745 536 4803 sequutum
579 4744 679 4787 est.
753 4733 941 4792 Vidisti
996 4735 1266 4805 quomodo
1333 4738 1627 4793 ostenderit
1685 4755 1845 4810 quam

260 4824 423 4879 {acilia
455 4842 518 4881 ac
542 4829 756 4896 copiosa
781 4827 974 4883 fuerint
999 4828 1115 4898 ejus
1137 4844 1298 4898 opera
1316 4872 1328 4893 ,
1360 4840 1413 4884 et
1433 4832 1702 4900 quomodo
1729 4833 1848 4902 ejus

256 4927 490 4988 potestas
533 4917 798 4987 prohiberi
844 4936 952 4975 non
1005 4923 1254 4992 poterat?
1286 4922 1486 4978 Deinde
1522 4926 1740 4980 mittens
1769 4927 1849 4979 di-

257 5029 378 5069 cere
410 5012 478 5069 de
507 5014 641 5068 caelo
679 5025 735 5069 et
765 5025 906 5070 terra
957 5025 1013 5071 et
1063 5018 1220 5082 mari,
1253 5017 1408 5074 affert
1458 5034 1518 5073 ea
1574 5036 1694 5091 qua:
1725 5031 1850 5076 sunt

256 5106 306 5158 in
351 5105 468 5170 eis,
529 5103 623 5159 sed
674 5121 772 5160 nec
826 5107 1005 5160 omnia
1055 5108 1270 5178 quidem
1315 5125 1433 5179 qua:
1481 5122 1606 5163 sunt
1657 5112 1708 5164 in
1747 5113 1845 5174 eis,

255 5199 344 5255 sed
369 5214 495 5254 cum
527 5201 955 5267 prtetermisisset
980 5215 1042 5254 ea
1065 5217 1184 5270 qua:
1204 5211 1324 5256 sunt
1352 5202 1405 5256 in
1427 5202 1581 5271 ca-lo,
1600 5204 1701 5259 etsi
1727 5217 1853 5260 sunt

255 5290 671 5357 admirabilium,
703 5291 831 5346 dicit
874 5305 937 5346 ea
963 5308 1082 5362 qua:
1120 5303 1244 5348 sunt
1293 5295 1434 5350 circa
1478 5297 1690 5351 cadum.
1736 5298 1849 5366 Qua

255 5380 321 5436 de
369 5379 466 5436 re?
510 5380 771 5449 Quoniam
821 5381 908 5437 illa
959 5383 1196 5455 quidem,
1248 5387 1349 5441 etsi
1399 5403 1590 5458 magna
1633 5401 1847 5455 essent,

256 5480 408 5526 crant
463 5480 639 5527 tamen
671 5473 851 5528 multis
883 5476 1105 5545 ignota:
1147 5477 1262 5532 Ι)ωο
1306 5489 1523 5545 autem,
1570 5482 1701 5538 licet
1749 5485 1852 5537 titi-

258 5580 405 5628 nora,
436 5565 793 5621 cernebantur
823 5577 1022 5633 tamen,
1071 5578 1127 5625 et.
1168 5585 1358 5626 omnes
1407 5571 1678 5630 habebant
1727 5592 1853 5648 spe-

259 5666 511 5710 ctatores.
539 5655 673 5724 Quia
698 5672 826 5726 ergo
850 5660 1014 5714 verba
1043 5659 1268 5716 faciebat
1295 5662 1434 5733 apud
1465 5665 1731 5733 homines,
1764 5669 1856 5738 qui

320 5773 350 5844 ξ’
374 5777 476 5820 nuo
499 5777 632 5844 usq"
648 5770 742 5844 ita:
764 5771 892 5841 enim
912 5773 1180 5827 absurdum
1203 5784 1303 5840 est;
1328 5793 1441 5842 quae
1471 5782 1668 5844 quidem
1697 5790 1858 5837 vcrsio

257 5831 438 5889 optime
460 5832 662 5895 quadrat
687 5833 745 5881 ad
768 5838 969 5885 seriem.

1389 403 1753 464 EXPOSITIO
1791 400 1857 459 IN
1902 401 2225 461 PSALMUM
2263 404 2555 461 CXXXIV.

3478 415 3580 469 390

1989 533 2095 574 non
2128 527 2334 574 tantum
2353 519 2457 596 fide
2483 519 2813 577 ducebantur
2829 522 2898 576 ad
2926 538 2988 578 ea
3018 525 3300 594 cogitanda
3326 542 3448 598 quas
3472 545 3580 586 non

1981 609 2334 681 apparebant,
2367 621 2627 682 quantum
2653 627 2718 668 ex
2766 613 2833 669 iis
2869 629 2992 684 quae
3037 615 3368 686 apparebant
3411 621 3580 676 veluti

1985 716 2147 755 manu
2178 700 2512 757 ducebantur
2543 718 2557 754 :
2590 702 2658 758 ab
2688 704 2754 757 iis
2777 703 2959 774 incipit
2993 713 3176 762 texere
3203 707 3499 766 orationem
3526 720 3581 767 et

1981 792 2303 859 doctrinam,
2339 793 2480 863 quod
2505 795 2624 848 aliis
2672 795 2972 857 faciendum
3000 797 3190 854 suadet
3219 799 3323 855 hoc
3365 811 3420 856 et
3463 802 3579 870 ipse

1978 882 2202 938 faciens.
2229 884 2508 951 Quodnam
2537 886 2671 942 hoc?
2716 888 2881 942 Deum
2923 904 2986 943 ex
3029 889 3146 958 ejus
3175 891 3428 961 operibus
3458 893 3578 949 lan-

1976 973 2126 1041 dare,
2160 992 2282 1031 eum
2311 978 2400 1047 qui
2447 979 2653 1048 singula
2693 979 2810 1048 ejus
2848 995 3010 1050 opera
3038 980 3285 1038 didicerit
3311 1025 3327 1050 ,
3369 985 3578 1055 ipsique

1979 1080 2076 1132 pro
2097 1065 2322 1136 singulis
2345 1068 2571 1146 gloriam
2601 1069 2820 1125 referre.
2846 1071 2980 1138 Quia
3009 1074 3152 1127 enim
3175 1075 3244 1129 ad
3282 1091 3405 1131 eum
3458 1077 3576 1132 latt—

1974 1153 2209 1210 dandum
2240 1157 2554 1225 adhortans,
2595 1160 2811 1216 assidue
2839 1161 3051 1217 dicebat
3081 1180 3096 1217 :
3127 1162 3360 1219 Laudale
3392 1183 3574 1222 nomen

1977 1245 2207 1316 Domini,
2232 1249 2456 1317 laudate,
2479 1253 2627 1316 servi,
2655 1252 2927 1307 Demittunt
2956 1270 2975 1308 :
3000 1256 3238 1311 ostendit
3255 1258 3415 1314 etiam
3443 1275 3572 1328 quo-

1977 1337 2138 1392 modo
2167 1339 2386 1395 laudare
2414 1350 2679 1410 oporteat,
2709 1343 3082 1419 persequendo
3109 1346 3416 1402 universum
3449 1363 3571 1404 cor-

1974 1443 2074 1497 pus
2115 1440 2396 1498 creatum,
2420 1433 2724 1511 laudando,
2755 1446 2814 1490 et-
2834 1435 3154 1493 admirando
3178 1440 3570 1508 Lsapientiam,

1976 1519 2391 1588 providentiam,
2428 1525 2742 1593 potentiam,
2780 1541 2986 1581 curam.
3013 1528 3150 1583 Hinc
3176 1528 3433 1586 discimus
3464 1543 3574 1585 non

1971 1627 2093 1668 esse
2126 1613 2227 1679 hoc
2248 1615 2420 1669 solum
2452 1627 2691 1672 nostrum
2721 1634 2888 1684 mare,
2916 1621 3014 1676 sed
3044 1623 3210 1676 multa
3257 1632 3312 1677 et
3334 1623 3568 1688 diversa,

1970 1714 2025 1759 et
2047 1704 2246 1759 infinita
2277 1708 2464 1761 maria.
2500 1709 2641 1763 Dixit
2671 1710 2812 1764 enim
2833 1751 2848 1776 ,
2889 1711 2958 1765 In
2985 1714 3214 1768 maribus
3257 1724 3302 1768 et
3337 1715 3569 1769 omnibus

1968 1794 2182 1865 abyssis.
2216 1789 2476 1865 Caspium
2492 1799 2655 1860 enim.
2675 1809 2730 1855 et
2748 1800 2986 1858 Indicum
3002 1811 3058 1858 et
3082 1802 3323 1858 Rubrum
3352 1815 3477 1858 sunt
3501 1807 3569 1859 ab

1968 1884 2071 1939 ltoc
2101 1887 2282 1951 utique
2309 1887 2596 1957 disjuncta,
2628 1899 2684 1943 et
2709 1889 2954 1946 Oceanus
2979 1888 3070 1962 qui
3100 1894 3270 1949 ambit
3299 1899 3564 1952 extrinse-

1966 1991 2088 2031 cus.
2114 1977 2181 2030 7.·
2199 1975 2437 2033 Educens
2462 1979 2617 2034 nubes
2645 1979 2707 2034 ab
2728 1992 2948 2037 extremo
2973 1992 3137 2038 tet-rw.
3169 1986 3340 2051 Alius,
3360 1986 3567 2043 Sustol-

1966 2065 2094 2121 lens.
2122 2068 2294 2131 Alius,
2325 2069 2547 2123 Altrahit
2575 2069 2638 2123 ab
2653 2073 2891 2126 extremis
2916 2058 3123 2141 ﬁnibus.
3152 2076 3324 2144 Alius,
3366 2079 3413 2134 Α
3439 2081 3564 2148 ﬁni-

1966 2156 2058 2210 bus
2090 2157 2186 2228 (a).
2215 2158 2326 2213 lloc
2351 2161 2509 2214 etiam
2540 2161 2592 2215 in
2617 2161 2720 2217 Job
2745 2147 2948 2218 dictum
2980 2173 3095 2219 est:
3118 2163 3350 2238 Alligans
3379 2147 3563 2238 aquam

1963 2250 2016 2303 in
2055 2251 2267 2304 nubibus
2296 2254 2401 2307 suis
2445 2252 2592 2318 (Job.
2622 2253 2713 2308 26.
2756 2255 2834 2324 8).
2865 2254 2934 2311 Et
2975 2255 3269 2313 Salomon:
3292 2258 3564 2318 Continens

1961 2357 2148 2410 aquam
2186 2343 2238 2397 in
2287 2344 2576 2398 vestimento
2605 2343 2799 2417 (Prov.
2829 2345 2919 2402 30.
2953 2347 3048 2419 ι).
3094 2348 3190 2404 Hic
3227 2360 3408 2406 autem
3453 2369 3559 2407 non

1964 2431 2065 2487 hoc
2109 2433 2258 2500 dicit,
2306 2435 2404 2490 sed
2457 2436 2601 2490 aliud
2633 2437 2898 2493 mirabile.
2930 2438 3238 2505 Quidnam?
3277 2442 3432 2511 Quod
3468 2463 3563 2501 aer

1962 2537 2084 2593 cum
2114 2526 2352 2580 crassior
2393 2526 2573 2592 fuerit,
2617 2541 2833 2581 sursum
2895 2527 3070 2585 fertur
3122 2541 3178 2586 et
3228 2537 3552 2590 transmitti-

1961 2621 2066 2679 tur,
2118 2624 2171 2670 et
2196 2616 2439 2670 ascendit
2465 2618 2516 2671 id
2547 2618 2688 2689 quod
2714 2634 2877 2689 grave
2901 2628 3018 2686 est,
3047 2621 3131 2677 via
3171 2627 3438 2681 contraria
3471 2628 3556 2682 iu-

1957 2703 2224 2771 grediens.
2259 2706 2588 2764 Admirabile
2611 2718 2790 2762 autem
2819 2719 2901 2764 est
2929 2711 3069 2779 quod
3095 2727 3230 2782 aqua
3256 2715 3307 2768 in
3335 2731 3400 2771 eo
3424 2733 3558 2772 con-

1959 2793 2194 2849 tineatur
2224 2813 2238 2850 :
2272 2797 2364 2850 sed
2417 2798 2586 2854 multo
2627 2798 3018 2866 admirabilius,
3048 2804 3186 2872 quod
3223 2805 3272 2858 in
3315 2822 3380 2860 eo
3413 2809 3556 2877 quod

1957 2884 2076 2940 leve
2122 2893 2209 2940 est
2255 2895 2507 2942 contenta
2559 2889 2803 2947 feratur:
2840 2903 2896 2948 et
2943 2894 3121 2949 adhuc
3150 2895 3555 2964 admirabilius,

1957 2973 2100 3042 quod
2130 2988 2268 3043 aqua
2309 2992 2428 3044 qu:e
2457 2978 2511 3032 in
2551 2978 2646 3033 illo
2672 2994 2797 3037 aere
2836 2984 3180 3049 continetur,
3213 2998 3493 3057 postquam
3525 3005 3556 3043 c

1957 3062 2099 3118 nube
2126 3060 2414 3132 efﬂuxerit,
2463 3067 2531 3123 ab
2555 3083 2683 3124 aere
2709 3070 2798 3139 qui
2840 3073 3084 3142 sequitur
3107 3116 3121 3139 ,
3171 3091 3279 3129 non
3325 3078 3556 3145 amplius

1955 3156 2314 3221 contineatur,
2343 3158 2437 3213 scd
2469 3160 2703 3230 undique
2731 3161 2959 3232 difﬂuat,
2983 3173 3038 3220 et
3081 3167 3131 3219 iu
3166 3176 3361 3222 terram
3403 3168 3555 3224 defe-

1955 3253 2124 3301 ratur.
2152 3248 2316 3318 Atqui
2363 3248 2408 3303 si
2440 3265 2502 3304 ca
2528 3252 2900 3330 contineretur
2924 3270 2990 3309 ex
3030 3265 3252 3323 natura,
3283 3269 3558 3329 oporteret

1952 3352 2072 3392 eam
2099 3338 2260 3392 etiam
2289 3340 2553 3397 contineri
2580 3341 2632 3396 in
2663 3357 2810 3400 aere.
2836 3345 3297 3414 Quemadmodum
3325 3352 3467 3406 enim
3508 3354 3553 3407 si

1953 3431 2072 3500 quis
2092 3438 2264 3486 utrem
2285 3431 2339 3486 in
2358 3447 2537 3488 aerem
2550 3434 2698 3490 abire
2712 3436 2934 3504 sineret,
2950 3455 3087 3510 aqua
3108 3442 3344 3510 plenum,
3359 3444 3554 3502 deinde

1955 3520 2185 3575 ferretur
2203 3522 2271 3578 ab
2284 3537 2429 3591 aere,
2444 3523 2674 3580 ferretur
2689 3528 2850 3584 etiam
2868 3545 3001 3601 aqua
3025 3547 3146 3604 quae
3161 3533 3304 3589 intus
3315 3537 3558 3593 contine-

1954 3619 2060 3675 tur,
2079 3612 2122 3665 si
2142 3611 2440 3669 efﬂuxisset
2468 3615 2535 3670 ab
2562 3627 2679 3673 utre
2708 3634 2721 3672 :
2755 3617 2828 3673 ita
2858 3633 3278 3690 consentaneum
3307 3628 3556 3684 essethic

1952 3720 2167 3776 quoque
2184 3707 2319 3764 fieri.
2338 3708 2443 3764 Sed
2460 3711 2581 3782 quia
2594 3720 2786 3768 cuneta
2803 3730 2967 3785 Opera
2985 3706 3481 3785 suntadmirabilia,
3501 3733 3557 3778 et

1953 3806 2211 3866 superant
2234 3800 2568 3870 Opinionem,
2595 3817 2757 3874 supra
2783 3820 2963 3861 rerum
2994 3808 3237 3864 ordinem
3289 3821 3346 3866 et
3384 3813 3553 3868 ratio-

1954 3903 2076 3942 nem
2108 3903 2324 3945 omnem
2371 3889 2506 3946 fiunt
2551 3891 2669 3949 haec
2704 3896 2904 3959 omnia.
2930 3897 3083 3964 Quod
3112 3900 3256 3956 enim
3300 3903 3350 3956 in
3397 3905 3558 3960 nubis

1952 3995 2078 4035 aere
2103 3981 2430 4050 continetur,
2463 3999 2571 4040 non
2593 3987 2898 4043 continetur
2927 3989 2982 4044 in
3009 4005 3134 4045 aere
3154 3995 3243 4062 qui
3265 3997 3550 4067 consequi-

1954 4081 2059 4124 tur.
2094 4072 2283 4126 Vidisti
2335 4090 2448 4129 rem
2496 4075 2906 4138 admirabilem.
2959 4089 3013 4134 et
3061 4084 3374 4152 quomodo.
3411 4088 3554 4157 quod

1951 4165 2162 4219 ueteris
2193 4166 2402 4221 videtur
2432 4183 2552 4222 esse
2598 4169 2809 4233 minus,
2853 4172 2905 4226 id
2945 4187 3066 4227 cum
3102 4186 3299 4243 posuit,
3345 4176 3474 4234 fecit
3501 4195 3560 4233 ut

1955 4244 2412 4311 sit'admirabile?
2442 4259 2645 4313 Deinde
2671 4260 2908 4315 ostendit
2933 4263 3094 4317 etiam
3124 4266 3268 4319 aliud
3316 4267 3554 4323 admira-

1955 4345 2081 4412 bile,
2115 4347 2322 4410 dicens.
2355 4350 2431 4403 Ab
2466 4360 2688 4406 extremo
2722 4361 2904 4420 terra,
2935 4353 3056 4421 vel,
3089 4356 3131 4408 Α
3156 4373 3354 4410 summo
3383 4367 3554 4414 terra.

1953 4437 2068 4493 Non
2119 4441 2293 4496 solum
2332 4442 2477 4496 enim
2506 4442 2823 4508 ascendunt,
2854 4445 2948 4499 sed
2979 4447 3143 4501 etiam
3182 4446 3404 4513 vadunt,
3456 4467 3557 4503 Ilcc

1953 4531 2043 4586 ubi
2089 4541 2486 4603 apparuerunt,
2535 4533 2643 4588 illic
2685 4534 2942 4589 emittunt
2983 4535 3254 4603 pluviam,
3295 4537 3390 4592 sed
3431 4552 3556 4594 cunt

1954 4624 2120 4677 multa
2139 4623 2411 4693 saepeloca
2432 4626 2921 4696 przetcrcurrerint,
2942 4625 3068 4680 alibi
3093 4626 3292 4683 imbres
3319 4629 3554 4698 pariunt,

1956 4713 2259 4767 civitatibus
2288 4724 2343 4768 et
2369 4713 2618 4785 gentibus
2645 4715 2952 4784 praeteritis.
3001 4715 3118 4772 Non
3166 4727 3408 4791 estergo
3455 4719 3559 4776 hoc

1955 4804 2127 4859 solum
2155 4804 2420 4871 mirabile,
2467 4805 2610 4875 quod
2650 4797 3038 4874 susto’lluntur,
3062 4807 3156 4863 sed
3197 4809 3361 4866 etiam
3412 4813 3558 4883 quod

1957 4896 2211 4951 incedunt
2240 4907 2511 4968 tamquam
2542 4899 2593 4952 in
2629 4897 2900 4966 tabulatis,
2925 4898 3160 4956 ferentes
3187 4910 3390 4958 tantam
3437 4920 3564 4958 mm

1956 4987 2060 5042 lem
2089 5004 2370 5056 aquarum.

2029 5083 2081 5137 5.
2117 5081 2254 5135 Mira
2281 5083 2640 5137 elementorum
2663 5085 3031 5138 contrariorum
3063 5086 3273 5152 mixtio;
3300 5099 3562 5145 ventorum

1956 5175 2263 5238 connnoda;
2294 5176 2428 5228 venti
2467 5176 2720 5246 quomodo
2762 5178 2815 5230 in
2855 5177 3122 5233 thesauris.
3151 5210 3225 5226 ρ-
3252 5178 3486 5252 Fulgura
3513 5186 3564 5237 in

1959 5269 2179 5340 pluviam
2223 5269 2360 5337 fecit.
2396 5268 2529 5323 Vide
2575 5285 2762 5323 rursus
2815 5270 2958 5325 aliud
3007 5272 3290 5337 mirabile,
3322 5273 3564 5330 diversas

1961 5371 2181 5415 naturas
2204 5361 2606 5416 convenientes.
2635 5360 2819 5432 Neque
2863 5363 3007 5417 enim
3053 5362 3263 5434 fulgure
3300 5374 3384 5420 est
3411 5367 3565 5435 quid-

1960 5468 2118 5523 quam
2149 5452 2318 5521 magis
2358 5452 2595 5524 igneum,
2638 5469 2812 5524 neque
2861 5456 3014 5524 aquis
3051 5467 3135 5512 est
3174 5457 3372 5528 aliquid
3419 5458 3534 5528 frigi

1961 5542 2114 5598 dius:
2148 5557 2209 5597 ea
2246 5551 2425 5595 tamen
2471 5543 2778 5605 miscentur,
2816 5560 2913 5600 nec
2934 5545 3356 5611 confunduntur,
3393 5564 3567 5619 neque

1963 5643 2450 5703 contemperantur,
2494 5633 2587 5690 sed
2635 5650 2966 5703 unaquaeque
3005 5650 3287 5693 conservat
3328 5653 3454 5694 suos
3507 5642 3568 5692 ti-

2032 5791 2048 5820 ι
2085 5797 2164 5837 ttae
2186 5800 2354 5841 voces.
2380 5794 2426 5838 et
2448 5788 2759 5841 admirando.
2779 5788 2959 5840 desunt
2982 5793 3029 5841 in
3054 5792 3198 5842 Savil.

2030 5852 2104 5910 (a)
2139 5851 2220 5908 qui
2246 5853 2340 5899 sint
2366 5847 2414 5898 lti
2437 5851 2740 5913 interpretes
2764 5851 3030 5912 ignoratur.
