4086 6438
537 407 643 461 τω

530 530 659 573 ‘nus.
713 517 925 570 Manens
974 516 1114 568 enim
1164 513 1298 584 ignis
1342 513 1394 566 in
1439 526 1596 580 aqua,
1629 521 1684 565 et
1723 525 1857 580 aqua
1887 510 1940 564 in
1973 511 2114 579 igne,

544 625 716 678 neque
761 608 846 661 hic
885 605 1027 660 illam
1057 603 1362 667 exsiceavit,
1406 615 1504 656 nec
1540 601 1625 654 illa
1667 615 1790 656 eum
1837 600 2115 654 exstinxit.

542 697 700 770 Atqui
729 695 900 767 fulgur
937 705 1020 752 est
1053 695 1172 765 igne
1204 692 1362 749 solari
1408 688 1632 757 acutius,
1672 700 1727 744 et
1767 688 2116 758 splendidius,

539 797 596 842 et
632 802 697 842 eo
735 786 902 856 magis
935 793 1110 850 secat,
1148 797 1214 838 ac
1241 782 1446 838 dividit.
1484 779 1542 836 id
1574 787 1807 840 testatur
1835 779 2002 843 visus,
2027 777 2118 848 qui

543 893 668 933 eum
723 875 884 932 radiis
931 874 1059 929 soiis
1100 872 1313 929 assidue
1352 871 1730 943 congreditur;
1774 869 1916 924 iliius
1941 877 2120 924 autem

543 968 794 1038 impetum
825 981 892 1022 ne
919 964 1179 1021 tantillum
1202 963 1417 1035 quidem
1439 962 1584 1020 ferre
1604 970 1798 1033 potest.
1825 961 1890 1017 Et
1915 961 1995 1016 sol
2025 974 2120 1031 per

540 1067 711 1114 totum
755 1056 896 1113 diem
933 1057 1121 1112 omium
1162 1054 1456 1126 percurrit;
1498 1054 1625 1111 illud
1667 1062 1847 1110 autem
1895 1053 2119 1108 minimo

541 1156 814 1204 momento
838 1156 1090 1217 temporis
1135 1144 1438 1200 universum
1475 1143 1661 1199 orbem
1688 1151 1886 1200 terra:
1925 1156 2117 1213 quem-

535 1236 825 1293 admodum
851 1233 1094 1292 Christus
1115 1246 1325 1304 quoque
1349 1239 1576 1288 testatur
1597 1230 1782 1287 dicens
1810 1249 1826 1287 :
1859 1229 2118 1300 Quand-

541 1329 745 1384 msdtmt
771 1325 1300 1399 fligi-rprcﬂeiscittu'
1328 1321 1391 1378 ab
1416 1324 1622 1390 oriente,
1648 1333 1697 1380 at
1719 1326 1930 1395 apparet
1953 1339 2116 1394 usque

541 1420 613 1473 nt
639 1417 942 1473 occidantur
965 1413 1179 1489 (nam.
1207 1413 1299 1472 st.
1327 1414 1442 1486 ετ).
1476 1413 1579 1482 Qui
1605 1414 1836 1485 producit
1862 1422 2033 1489 sentos
2052 1414 2118 1469 da

540 1509 785 1566 thesauris
817 1508 943 1564 suis.
981 1487 1118 1563 Vlixes
1162 1514 1246 1563 est
1291 1497 1481 1562 rursus
1521 1504 1624 1559 alia
1659 1512 1862 1560 natura
1885 1487 2113 1575 species,

534 1615 658 1671 qua!
697 1598 850 1654 nobis
879 1611 984 1654 non
1008 1611 1230 1668 parvum
1259 1609 1412 1651 usum
1432 1594 1675 1660 exhibet,
1700 1593 1794 1651 sed
1825 1602 2029 1650 tantum
2058 1601 2117 1648 ut

543 1694 665 1748 vitae
710 1700 906 1747 nostra:
931 1687 1235 1760 pint-imum
1272 1684 1534 1752 conferat,
1574 1693 1630 1742 et
1662 1684 1850 1740 labore
1873 1683 2123 1740 confecta

539 1797 762 1853 corpora
789 1789 998 1837 recreet
1015 1794 1080 1836 ac
1105 1777 1402 1851 refrigeret,
1430 1787 1486 1835 et
1507 1793 1688 1835 aerem
1717 1777 1919 1834 efficiat
1941 1778 2113 1834 levio-

540 1888 677 1926 rem.
701 1870 814 1926 Hoc
843 1880 925 1926 est
940 1869 1089 1927 enim
1115 1884 1307 1926 munus
1325 1877 1625 1934 ventorum,
1653 1883 1830 1924 aerem
1854 1869 2114 1926 suscitare

538 1981 602 2021 ac
628 1964 904 2032 ventilare,
943 1978 1033 2030 ne,
1061 1952 1204 2019 sisit
1232 1962 1537 2028 immobilis,
1565 1973 1960 2034 corrumpatur,
2004 1961 2116 2018 fru-

537 2069 661 2114 ctus
690 2066 974 2122 maturare,
1022 2069 1248 2128 corpora
1288 2054 1513 2112 nutrire.
1549 2053 1685 2124 Quid
1728 2069 1879 2121 vero,
1918 2054 2113 2110 dixerit

536 2148 820 2220 quispiam,
845 2159 975 2203 usus
992 2159 1181 2203 eorum
1220 2145 1276 2201 in
1307 2144 1661 2216 navigatione.
1709 2153 1946 2215 tempora
1995 2144 2116 2214 qui-

538 2241 637 2297 bus
660 2248 810 2297 certo
843 2248 900 2296 et
932 2239 1221 2295 constituto
1264 2236 1452 2294 ordine
1488 2236 1754 2302 oriuntur,
1796 2243 1852 2292 et
1884 2235 1984 2291 sibi
2032 2235 2113 2291 in-

538 2341 621 2388 ter
671 2345 732 2389 se
772 2331 1010 2388 vicissim
1048 2329 1266 2396 cedunt,
1305 2327 1360 2385 in
1398 2328 1533 2385 mari
1571 2327 1796 2384 choreas
1835 2315 2110 2394 ducentos,

534 2430 592 2478 et
614 2418 1295 2492 nautas'transportantmt
1331 2417 1428 2475 llic
1462 2417 1608 2476 enim
1657 2417 1984 2483 transmittit,
2026 2418 2114 2474 ille

535 2527 665 2569 vero
707 2512 926 2584 excipit,
947 2520 1005 2568 et
1023 2509 1319 2568 cotrarias
1339 2510 1454 2566 vias
1493 2508 1862 2581 ingrediuntur
1881 2516 1938 2564 'et
1957 2507 2113 2564 minio

534 2612 730 2670 ιιι-ιιι..
757 2613 813 2660 et
839 2617 1012 2675 pugna
1036 2616 1224 2660 eorum
1249 2609 1334 2658 est
1352 2615 1540 2658 rursus
1567 2601 1688 2657 vita:
1715 2609 1910 2655 nostra
1944 2598 2108 2656 utilis.

533 2697 653 2752 Alia
697 2697 974 2752 innumera
1005 2694 1116 2752 dici
1161 2702 1380 2765 possent
1410 2703 1685 2750 ventorum
1713 2706 1953 2748 munera.
1986 2691 2113 2749 liae

535 2796 710 2842 tamen
732 2785 913 2843 omnia
937 2783 1195 2856 propheta
1216 2783 1643 2854 praetermittens.
1667 2790 1724 2840 et
1741 2781 1967 2839 auditori
1996 2782 2113 2854 col-

533 2874 742 2950 ligada
788 2875 1114 2947 relinquens,
1162 2889 1351 2932 eorum
1388 2874 1746 2932 fabricationis
1801 2874 2108 2932 facilitatem

531 2966 788 3023 ostendit.
829 2966 962 3053 Νρω
991 2965 1132 3038 quod
1159 2966 1310 3033 dixit,
1342 2963 1424 3022 Es
1449 2966 1696 3022 thesauris
1716 2966 1842 3035 satis,
1875 2982 1981 3022 non
2009 2966 2113 3024 hoc

531 3057 810 3129 signiﬁcat,
837 3058 1044 3128 aliquos
1083 3065 1523 3113 esse-ventorum
1540 3056 1844 3123 thesauros,
1871 3055 1970 3113 sed
1996 3055 2114 3128 ejus

533 3152 621 3220 qui
647 3145 1248 3205 constitaiﬂaciiitatem
1267 3146 1480 3214 indicat,
1504 3155 1560 3204 et
1585 3161 1744 3219 quam
1773 3147 1843 3202 sit
1867 3155 2112 3203 creatura

535 3251 774 3312 prompta
809 3249 864 3296 et
884 3239 1149 3311 expedita.
1180 3237 1638 3309 Quemadmodum
1663 3239 1806 3295 enim
1831 3240 1926 3311 qui
1952 3239 2116 3297 habet

535 3334 601 3388 in'
618 3332 867 3389 thesauro
890 3372 906 3399 ,
935 3344 1124 3387 secure
1149 3330 1324 3386 omnia
1339 3371 1358 3398 ,
1383 3337 1440 3385 et
1462 3330 1675 3401 quando
1703 3329 1834 3396 vult,
1858 3329 2068 3401 profert
2093 3349 2110 3388 :

535 3427 606 3480 ita
650 3425 808 3480 etiam
844 3422 1079 3478 universi
1121 3419 1310 3492 Opifex
1346 3421 1526 3477 omnia
1566 3421 1719 3476 facile
1758 3420 2016 3486 condidit,
2053 3429 2114 3477 et

537 3525 738 3572 natura
761 3513 990 3571 tradidit.
1023 3512 1187 3571 Vides
1212 3523 1407 3585 quanta
1436 3514 1507 3570 sit
1533 3513 1696 3570 etiam
1723 3515 1777 3570 in
1803 3529 1928 3570 aere
1952 3514 2108 3570 diffe-

536 3609 726 3674 rcutia,
769 3605 1211 3679 Quemadmodum
1264 3613 1388 3661 sunt
1430 3604 1482 3660 in
1522 3620 1657 3676 aqua
1692 3613 1747 3660 et
1775 3606 1897 3676 igne
1926 3605 2107 3661 multm

539 3699 892 3755 mutationes“?
920 3699 1187 3768 Aquarum
1231 3696 1373 3752 enim
1413 3697 1532 3753 alia:
1558 3706 1683 3754 sunt
1714 3696 1962 3764 fontium,
1998 3699 2114 3755 alite

539 3807 665 3846 vero
696 3791 935 3856 marinae,
954 3788 1073 3844 alite
1103 3787 1486 3854 autem-aeriae,
1503 3787 1622 3842 alite
1636 3787 1835 3843 suntin
1861 3788 2111 3856 nubibus,

538 3882 658 3936 alim
686 3896 813 3934 vero
838 3879 1078 3934 cmicstes
1095 3919 1112 3944 ,
1139 3879 1258 3932 aiite
1282 3878 1666 3949 supra-etiios,
1695 3878 1813 3934 alia:
1840 3878 2114 3934 subterra-

540 3988 675 4028 ηοω.
703 3971 771 4027 Et
795 3972 846 4026 in
869 3973 1013 4042 igne,
1043 3969 1131 4025 hic
1153 3968 1366 4040 quidem
1404 3978 1488 4025 est
1517 3969 1568 4024 in
1595 3971 1726 4031 sole.
1769 3971 1860 4026 ille
1897 3986 2025 4026 vero
2061 3973 2112 4025 in

540 4064 684 4131 luna,
727 4063 866 4117 alius
907 4062 959 4116 in
999 4061 1190 4126 stellis,
1227 4060 1365 4116 alius
1388 4060 1441 4116 in
1473 4059 1700 4131 fulgure,
1723 4061 1861 4116 alius
1889 4061 1940 4116 in
1964 4075 2111 4124 aere.

540 4153 674 4207 alius
695 4152 783 4222 qui
826 4151 883 4206 lit
919 4166 984 4206 ex
1013 4150 1190 4222 lignis,
1212 4151 1300 4221 qui
1329 4160 1411 4206 est
1437 4150 1576 4220 apud
1602 4165 1721 4214 nos,
1753 4158 1805 4205 et
1833 4151 1877 4204 is
1903 4151 1991 4221 qui
2032 4158 2117 4206 est

541 4243 593 4298 in
630 4241 882 4308 lucernis,
918 4240 1052 4296 alius
1090 4241 1177 4312 qui
1216 4256 1286 4296 ex
1320 4248 1498 4297 terra:
1533 4249 1614 4296 est
1638 4243 1780 4295 enim
1805 4255 1949 4311 stupe
1975 4240 2118 4310 ejus-

539 4330 682 4386 modi
710 4331 867 4401 ignis,
898 4332 988 4403 qui
1008 4345 1040 4386 e
1065 4339 1202 4386 terra
1227 4330 1589 4395 editurhsicut
1624 4332 1798 4388 fontes
1821 4348 2112 4402 aquarum:

539 4425 673 4478 alius
694 4423 784 4493 qui
818 4423 876 4477 fit
903 4438 968 4478 ex
997 4422 1195 4478 wilisis
1223 4421 1501 4492 lapidibus,
1529 4423 1663 4477 alius
1698 4424 1786 4492 qui
1821 4433 1905 4479 est
1941 4425 1992 4478 in
2026 4438 2119 4478 co-

541 4513 643 4568 mis
686 4513 966 4580 arborum,
1008 4529 1128 4582 quae
1172 4513 1299 4582 ipsa
1336 4526 1547 4583 quoque
1589 4511 1946 4568 colliduntur:
1984 4514 2120 4569 alius

545 4615 719 4660 autem
767 4604 818 4658 in
855 4603 1181 4658 fulminibus.
1216 4602 1290 4657 ita
1320 4601 1564 4658 etiamin
1593 4618 1719 4658 aere
1741 4643 1756 4669 ,
1790 4603 1875 4659 hic
1908 4603 2117 4673 quidem

541 4708 623 4753 est
649 4699 896 4762 crassior,
929 4697 1018 4766 qui
1045 4705 1126 4752 est
1176 4696 1318 4752 Cinea
1332 4711 1444 4752 nos
1467 4737 1481 4761 ,
1509 4695 1611 4751 ilic
1649 4711 1779 4752 vero
1830 4697 2071 4751 subtilior
2103 4714 2118 4751 :

540 4790 631 4860 qui
655 4799 830 4842 autem
856 4797 938 4843 est
961 4787 1226 4857 superior,
1256 4789 1422 4857 magis
1444 4785 1948 4857 igneusNentorum
1983 4801 2120 4857 quo-

537 4895 645 4950 que
684 4887 808 4933 sunt
855 4878 1033 4933 omitte
1083 4876 1432 4933 differentia:
1486 4877 1572 4931 hic
1611 4877 1824 4947 quidem
1851 4877 2117 4943 subtilior,

538 4971 627 5025 ille
657 4984 784 5024 vero
807 4969 1074 5024 crassior:
1104 4967 1241 5022 alius
1278 4967 1536 5038 frigidior,
1563 4966 1705 5022 alius
1732 4967 1955 5023 siccior:
1987 4967 2123 5023 alius

542 5061 827 5119 humidior.
849 5062 983 5116 alius
1007 5049 1247 5115 calidior.
1278 5061 1385 5116 Aer
1400 5063 1576 5115 autem
1601 5066 1656 5114 et
1685 5059 1873 5126 nubes,
1900 5059 1984 5114 Itic
2009 5059 2125 5128 qui-

540 5152 664 5207 dem
719 5151 938 5217 tardior,
977 5149 1070 5207 illa
1093 5165 1225 5206 vero
1249 5149 1584 5220 progreditur
1607 5149 1866 5215 celerius,
1902 5149 2125 5220 perinde

541 5258 606 5298 ac
633 5243 676 5298 si
705 5252 848 5298 esset
871 5255 1054 5312 eques.
1093 5241 1166 5297 Ita
1200 5242 1357 5297 etiam
1397 5241 1450 5298 in
1489 5241 1718 5298 nubibtts
1743 5250 1798 5297 et
1820 5244 2014 5307 ventis,
2043 5241 2125 5297 Ine

545 5334 760 5405 quidem
795 5342 924 5388 sunt
962 5332 1334 5388 similesxurnis
1353 5342 1420 5389 et
1449 5331 1879 5402 easisaquariis,
1907 5340 1968 5387 ut
2003 5346 2122 5403 quae

548 5423 830 5495 aliquando
867 5420 1179 5496 aiutham
1202 5423 1352 5492 aquis
1374 5463 1390 5488 ,
1419 5422 1715 5502 aliquando
1739 5423 1976 5477 ferantur
2013 5422 2127 5476 ina.

551 5529 678 5571 nes:
706 5514 823 5569 alia:
847 5527 977 5570 vero
1003 5522 1130 5571 sunt
1167 5510 1376 5568 ﬂabello
1394 5513 1624 5569 similes.
1667 5513 1747 5569 Tu
1784 5522 1962 5567 autem
2011 5511 2127 5568 hsce

551 5619 841 5681 eorumque
888 5604 1248 5660 diversitatem
1294 5613 1350 5660 et
1398 5605 1706 5659 varietatem
1754 5603 2123 5670 considerans,

551 5695 818 5754 admirare
837 5697 1110 5768 Opiﬂeem.
1134 5697 1186 5753 8.
1217 5694 1317 5764 Qui
1349 5697 1588 5766 percussit
1613 5697 1942 5766 primogenita
1964 5693 2128 5767 Egy-

552 5785 646 5858 ptt'.
680 5784 958 5859 Postquam
982 5786 1120 5843 dixit
1156 5787 1423 5856 gct'eraiia
1446 5828 1461 5853 ,
1486 5797 1542 5842 et
1568 5785 1800 5843 ostendit
1830 5785 1919 5840 Dei
1947 5786 2122 5857 provi-

1271 402 1339 455 ε.
1380 399 1653 455 JOANNIS
1678 352 2165 454 cttnrsosrmtt
2205 395 2520 450 .tnClilFJ’.
2563 374 3096 451 misnnnnor.

3711 400 3820 453 395

2231 508 2463 562 dentiant
2491 508 2542 562 in
2572 509 2875 563 universum
2912 510 3096 564 orbem
3119 518 3305 575 terra),
3339 525 3432 578 per
3459 509 3689 579 fulgura,
3723 531 3821 584 ρνι·

2228 610 2437 668 ventos,
2474 614 2572 669 per
2594 613 2796 666 acrem,
2827 601 3140 669 per'nttbes,
3170 617 3265 670 per
3288 602 3514 670 pluvias,
3544 613 3601 657 et
3627 620 3823 658 eorum

2227 703 2395 761 nugas
2412 690 2604 760 arguit,
2627 691 2724 760 qui
2737 690 2921 745 dicunt
2945 686 3330 760 providentiam
3353 707 3523 763 usque
3542 694 3612 749 ad
3635 696 3824 750 lunam

2227 781 2530 850 pertingere
2559 779 2636 853 (α)
2663 779 2907 836 :aecedit
2946 779 3016 834 ad
3055 780 3359 851 singularia,
3407 798 3602 856 nempe
3641 785 3710 840 ad
3748 801 3825 842 ca

2225 886 2346 940 quae
2385 873 2652 944 sigillatim
2691 874 3041 944 privatimque
3076 873 3278 931 Iudaeis
3313 875 3452 946 (acta
3479 885 3629 932 sunt.
3657 877 3821 945 Quod

2224 960 2367 1016 enim
2393 969 2559 1028 terra,
2590 970 2647 1017 et
2675 962 2889 1027 omium,
2918 971 2974 1018 et
3001 963 3248 1018 universa
3273 980 3395 1035 quc
3420 965 3689 1030 videntur,
3721 968 3821 1023 Dei

2222 1050 2601 1121 benignitatem
2630 1053 2883 1118 sentiant,
2908 1068 2974 1108 ex
3003 1054 3066 1108 iis
3090 1069 3210 1123 quae
3230 1054 3371 1112 dicta
3400 1066 3526 1111 sunt
3552 1059 3818 1114 ostendit:

2222 1149 2283 1196 ut
2303 1151 2481 1198 autem
2523 1143 2745 1198 memori
2788 1151 2844 1198 et
2881 1154 3036 1214 grato
3074 1145 3256 1200 animo
3293 1144 3510 1203 Iudaee
3548 1148 3815 1215 efﬁceret,

2221 1239 2406 1286 narrat
2468 1231 2629 1287 etiam
2686 1233 3006 1302 singularia,
3073 1235 3364 1290 ostendens
3429 1238 3816 1296 mirersorum

2221 1320 2417 1388 Deum,
2446 1331 2502 1378 et
2528 1323 2618 1393 qui
2646 1323 2882 1378 omnium
2908 1337 3092 1379 curam
3117 1325 3274 1394 gerit,
3301 1325 3381 1381 eis
3408 1329 3655 1397 quadam
3681 1347 3815 1400 pro-

2221 1409 2334 1480 pria
2359 1409 2612 1468 beneﬁcia
2641 1411 2883 1484 largitum
2908 1426 3048 1469 esse.
3091 1413 3423 1486 Quamquam
3452 1434 3574 1490 quze
3605 1420 3657 1474 in
3689 1421 3816 1476 illos

2219 1515 2434 1572 qoque
2473 1501 2704 1570 ﬂebant,
2748 1512 2902 1559 erant
2942 1519 3130 1582 rursus
3169 1507 3458 1576 generalia.
3503 1510 3658 1578 Quod
3708 1512 3814 1578 ipsi

2219 1592 2364 1647 enim
2393 1591 2550 1649 electi
2574 1601 2756 1648 essent
2780 1608 2845 1648 ex
2873 1593 2993 1648 aliis
3011 1634 3028 1659 ,
3059 1593 3112 1650 id
3137 1593 3366 1651 faciebat
3393 1606 3451 1651 ut
3486 1598 3608 1654 illos
3641 1617 3816 1656 ternu-

2220 1681 2493 1739 larentur:
2523 1683 2666 1754 quod
2689 1684 2888 1741 Paulus
2909 1701 3122 1757 quoque
3141 1687 3469 1757 significans,
3498 1690 3628 1746 dicit
3655 1710 3671 1746 :
3695 1691 3811 1748 Eoo

2217 1788 2331 1826 runt
2369 1769 2552 1826 delicto
2586 1772 2725 1828 anius
2749 1772 2998 1844 gentibus,
3031 1785 3087 1830 ut
3111 1779 3624 1852 rescinderent“
3649 1781 3805 1836 (iam.

2220 1862 2311 1928 ii,
2343 1863 2406 1918 ii
2437 1860 2483 1932 ).
2523 1861 2980 1930 Quemadmodum
3005 1866 3148 1921 enim
3177 1877 3347 1938 pater,
3379 1884 3501 1924 cum
3527 1869 3621 1926 filii
3647 1875 3718 1928 ab
3737 1889 3810 1928 eo

2217 1951 2507 2008 abscedunt
2523 1992 2541 2019 ,
2585 1967 2751 2009 unum
2778 1968 2847 2010 ex
2871 1954 2950 2011 eis
2974 1956 3144 2012 sumit
3168 1967 3222 2013 et
3248 1959 3528 2016 considere
3549 1961 3684 2017 iaCit
3707 1978 3804 2017 su-

2218 2056 2311 2112 pra
2335 2058 2430 2098 sua
2460 2057 2672 2115 genua:
2702 2059 2808 2100 non
2838 2047 2940 2101 hoc
2971 2056 3150 2103 autem
3185 2047 3324 2106 facit
3353 2061 3583 2123 propter
3624 2054 3803 2121 illum,

2217 2132 2310 2188 sed
2337 2133 2507 2190 multo
2533 2136 2701 2208 magis
2747 2145 2965 2206 propter
3011 2137 3177 2204 alios,
3214 2150 3273 2194 ut
3297 2155 3364 2196 eo
3383 2141 3587 2199 honore
3609 2148 3803 2216 perciti

2217 2222 2283 2278 ad
2314 2233 2517 2293 patrem
2536 2235 2835 2290 accurrunt,
2867 2227 3110 2284 eamdem
3145 2229 3524 2302 indulgentiam
3548 2238 3759 2290 sensuri
3784 2256 3800 2292 :

2218 2314 2288 2369 ita
2315 2315 2474 2370 etiam
2505 2316 2647 2372 Deus
2664 2316 2797 2373 ~1'ecit
2821 2316 3040 2373 Judaeis.
3066 2319 3166 2376 Eis
3189 2323 3331 2378 enim
3369 2337 3477 2378 non
3517 2339 3685 2396 super
3711 2341 3806 2398 ge-

2219 2419 2346 2472 nua,
2398 2404 2493 2461 sed
2539 2421 2700 2478 super
2741 2405 2980 2472 brachia,
3007 2418 3066 2464 ut
3094 2410 3223 2465 dicit
3258 2413 3538 2483 propheta,
3559 2424 3615 2470 et
3639 2430 3806 2488 super

2217 2493 2434 2550 dorsum
2468 2496 2754 2568 assumptis
2779 2497 2799 2568 (
2828 2497 2963 2554 Osee
2992 2500 3076 2556 ti.
3103 2500 3138 2555 3
3161 2500 3209 2568 '),
3234 2515 3353 2571 quae
3376 2505 3610 2559 suuteis
3635 2519 3802 2576 expe-

2219 2587 2376 2644 tenda
2420 2586 2666 2660 largitur,
2701 2590 2974 2662 templum,
3016 2590 3300 2658 sata-ilicis,
3330 2601 3384 2647 et
3415 2609 3536 2662 qua:
3564 2597 3804 2652 maxime

2215 2691 2448 2735 ac-cu
2491 2679 2694 2751 majore
2737 2695 2865 2735 cura
2911 2682 3240 2752 querebant.
3288 2684 3341 2737 in
3375 2682 3530 2740 'heilo
3578 2686 3799 2751 auxilia.
3900 2703 3904 2708 ·

2216 2773 2485 2839 victorias,
2507 2781 2727 2844 tropea,
2755 2788 2932 2828 rerum
2957 2782 3289 2830 terrenarum
3327 2776 3559 2848 copiam,
3598 2787 3655 2832 et
3693 2776 3804 2833 fru-

2215 2873 2398 2922 ctuum
2426 2865 2745 2922 fertilitatem
2775 2864 2950 2937 (Deut.
2980 2866 3051 2921 ‘52
3101 2866 3192 2926 il)
3217 2907 3235 2932 ,
3275 2867 3355 2923 eis
3381 2867 3501 2922 illos
3528 2867 3803 2925 instruens

2216 2965 2272 3012 et
2297 2956 2594 3022 adornatis,
2620 2965 2674 3012 ct
2700 2957 2834 3012 alios
2860 2957 2926 3012 ad
2955 2956 3344 3014 mulationem
3360 2957 3665 3015 adducens.
3693 2958 3802 3016 Sed

2217 3047 2469 3119 quoniam
2498 3047 2708 3103 evasuri
2733 3055 2886 3102 erant
2911 3046 3160 3118 improbi,
3189 3049 3236 3102 si
3261 3049 3340 3102 eis
3353 3058 3622 3118 perpetuo
3653 3050 3803 3105 blan-

2199 3137 2442 3213 diretur,
2466 3139 2611 3208 ipsos
2629 3153 2840 3210 quoque
2861 3153 2955 3208 per
2973 3139 3230 3209 supplicia
3256 3140 3586 3195 moderatur.
3610 3141 3798 3212 Magna

2215 3237 2297 3285 est
2322 3229 2463 3284 enim
2496 3228 2587 3284 Dei
2614 3228 2871 3299 sapientia
2891 3267 2910 3296 ,
2954 3239 3010 3283 et
3030 3225 3083 3283 in
3108 3228 3272 3284 rebus
3314 3227 3638 3285 difﬁcillimis
3662 3233 3800 3286 riam

2216 3320 2522 3389 exitumque
2547 3317 2771 3374 invenit.

2291 3411 2345 3464 4.
2381 3408 2711 3464 Providentia
2734 3407 2830 3463 Dei
2853 3407 2922 3462 ad
2939 3408 3108 3462 omnia
3124 3409 3370 3480 pertinet.
3388 3408 3594 3465 -—'Vide
3615 3421 3806 3467 autem

2216 3499 2489 3571 prophetae
2527 3499 2882 3570 prudentiam,
2912 3498 3001 3568 qui
3039 3513 3070 3552 a
3098 3500 3527 3568 generalibus-ad
3557 3504 3671 3555 tunc
3699 3487 3806 3556 de-

2216 3596 2366 3651 duxit
2394 3596 2690 3650 orationem
2721 3612 2735 3648 :
2784 3609 2853 3648 ne
2896 3594 3018 3662 quis
3053 3592 3197 3648 enim
3243 3593 3434 3648 stultus
3465 3593 3807 3648 existimaret

2222 3689 2313 3743 Dei
2345 3686 2954 3758 providentiamversari
2985 3686 3034 3738 in
3057 3684 3446 3754 singularibus,
3468 3685 3682 3754 quando
3713 3701 3808 3739 ve-

2218 3782 2297 3836 nit
2342 3779 2408 3834 ad
2452 3777 2736 3851 generalia,
2761 3786 2894 3832 tunc
2940 3775 3053 3830 inec
3093 3789 3305 3845 quoque
3334 3775 3540 3845 attingit
3566 3774 3754 3830 dicens
3789 3795 3802 3830 :

2223 3873 2323 3941 Qui
2353 3853 2596 3941 percussit
2636 3868 2965 3941 primogenita
2993 3865 3231 3939 Egypti.
3279 3867 3473 3921 Annon
3513 3866 3668 3921 vobis
3723 3869 3806 3920 sic

2217 3964 2411 4019 dentur
2461 3962 2575 4018 haec
2623 3962 2791 4030 magis
2825 3958 2973 4013 'f..cta
3010 3973 3130 4014 esse
3178 3966 3397 4027 propter
3441 3955 3700 4012 Indicos?
3745 3958 3804 4011 Si

2220 4055 2376 4125 igitur
2391 4054 2694 4116 ostendero,
2725 4051 2843 4107 haec
2863 4063 3074 4121 quoque
3095 4051 3232 4104 facta
3257 4064 3374 4104 esse
3407 4056 3622 4119 propter
3645 4050 3805 4115 alios,

2219 4147 2344 4218 quid
2374 4148 2552 4202 dicent
2578 4147 2614 4202 ii
2645 4144 3007 4218 qui-cﬂutittnt
3036 4146 3127 4201 Dei
3162 4145 3544 4215 providentiam
3585 4146 3652 4198 ad
3689 4147 3806 4198 uni-

2221 4254 2375 4294 versa
2417 4241 2634 4295 minime
2664 4239 2934 4310 pertinere
2959 4240 2981 4292 2
3022 4237 3304 4305 Quomodo
3342 4252 3471 4306 ergo
3496 4247 3675 4306 potest
3705 4238 3806 4290 hoc

2223 4331 2466 4385 ostendi?
2492 4329 2650 4386 Certe
2673 4330 2868 4386 sufﬁcit
2892 4346 2921 4382 a
2953 4330 3061 4384 Deo
3086 4331 3357 4384 enuntiata
3384 4330 3649 4384 sententia
3688 4346 3808 4398 qua:

2225 4421 2326 4476 hoc
2365 4421 2643 4492 signiﬁcat,
2672 4431 2727 4476 et
2775 4421 2942 4476 dicit:
2978 4420 3054 4474 'L't
3095 4421 3354 4474 ostendam
3378 4420 3432 4474 in
3458 4431 3503 4473 te
3533 4421 3807 4488 potentiam

2225 4528 2410 4576 meam,
2440 4522 2486 4566 et
2513 4521 2565 4566 ut
2597 4513 2922 4567 annnntietnr
2946 4527 3126 4564 nomen
3157 4528 3319 4564 meum
3345 4511 3396 4564 in
3419 4514 3652 4564 uniuerso
3672 4521 3810 4563 terra

2226 4606 2418 4680 (Exod.
2463 4605 2516 4660 9.
2567 4605 2668 4669 l6;
2705 4604 2859 4660 Rom.
2888 4603 2954 4660 '9.
2983 4604 3095 4670 Π).
3152 4601 3340 4656 Vidisti
3391 4611 3616 4657 mortem
3666 4603 3808 4655 illam

2225 4699 2389 4754 fuisse
2417 4696 2746 4767 evangelium
2767 4738 2782 4763 ,
2815 4705 2868 4751 et
2903 4696 3110 4765 plagam
3141 4693 3280 4748 iilam
3317 4694 3571 4748 divinitus
3604 4694 3813 4747 immis-

2227 4802 2339 4842 sam
2380 4787 2544 4842 fuisse
2573 4787 3026 4856 praedicationem,
3050 4794 3109 4838 ut
3133 4798 3252 4854 qua:
3277 4784 3470 4854 ubique
3497 4783 3816 4852 pervaderet

2227 4889 2283 4932 et
2336 4877 2424 4932 Dei
2477 4876 2766 4946 potentiam
2817 4874 3175 4946 praedicaret?
3224 4873 3465 4930 Universi
3505 4889 3634 4945 ergo
3663 4873 3818 4931 orbis

2228 4971 2490 5023 teri-arum
2515 4981 2702 5023 curam
2727 4967 2883 5037 gerit,
2924 4967 3088 5020 etiam
3125 4966 3341 5036 quando
3378 4981 3469 5024 res
3502 4964 3813 5021 Judtcorum

2228 5059 2584 5115 administrat.
2614 5057 2772 5129 Atqui
2811 5058 3105 5128 potentiam
3147 5073 3298 5113 suam
3326 5059 3453 5114 olim
3483 5059 3695 5129 quoque
3723 5060 3817 5114 de-

2230 5155 2480 5219 claravit,
2527 5163 2584 5208 ut
2626 5151 2924 5223 iuJoseplt,
2973 5160 3032 5207 ut
3081 5153 3136 5207 in
3185 5151 3478 5218 Abraham,
3530 5152 3626 5208 sed
3676 5166 3819 5208 nunc

2231 5253 2407 5299 tamen
2443 5243 2698 5313 apertius.
2725 5240 3040 5310 Quomodo?
3078 5241 3229 5298 Tunc
3253 5241 3466 5312 quidem
3497 5256 3591 5312 per
3615 5241 3821 5296 benea-

2231 5335 2405 5389 cium:
2438 5349 2580 5389 nunc
2614 5342 2791 5389 autem
2836 5347 2932 5403 per
2974 5333 3221 5403 plagam:
3267 5346 3369 5387 nec
3411 5331 3733 5398 intermittit,
3771 5341 3831 5384 ιιι

2228 5423 2336 5494 jam
2373 5438 2519 5493 saepe
2559 5421 2701 5489 dixi,
2732 5422 2945 5481 assidue
2965 5431 3021 5478 et
3049 5423 3102 5478 in
3132 5436 3447 5492 unaquaque
3471 5421 3821 5490 generatione

2232 5516 2466 5585 seipsum
2490 5513 2795 5580 ostendere,
2816 5522 2873 5570 et
2895 5529 2992 5585 per
3010 5528 3173 5585 opera
3201 5512 3543 5568 manifestum
3567 5511 3819 5568 reddere.

2233 5607 2347 5663 Non
2380 5607 2429 5662 id
2454 5617 2633 5664 autem
2658 5621 2873 5678 semper
2893 5605 3016 5663 facit
3044 5605 3234 5662 eodem
3262 5603 3445 5672 modo,
3473 5603 3569 5660 sed
3597 5604 3745 5659 varie
3771 5618 3822 5660 et

2621 5736 2686 5775 eo
2710 5721 2939 5780 stultitiae
2978 5729 3238 5782 venerant,
3273 5727 3329 5772 ut
3351 5717 3477 5770 tates
3509 5730 3662 5783 nugas
3693 5731 3818 5769 eom-
