4086 6444
249 427 394 488 ..395

286 537 520 597 diversis
562 532 772 597 modis;
816 539 942 585 tunc
977 525 1196 598 quidem
1243 536 1336 592 per
1372 530 1597 573 uxorem
1623 507 1878 575 Abrahae,

287 629 574 687 sterilitate
610 624 753 680 illam
784 620 1032 690 afﬂigens
1059 627 1081 682 ζ
1109 618 1295 687 postea
1327 617 1510 665 autem
1539 619 1636 675 per
1664 601 1882 664 famem,

288 719 486 777 deinde
510 732 609 788 per
639 727 818 770 rerum
843 710 1050 780 copiam
1077 723 1096 773 ;
1123 713 1244 777 post
1270 703 1387 758 iure
1415 713 1551 754 vero
1581 711 1677 766 per
1708 693 1889 788 plagas

289 786 772 881 frequentissimas.
803 803 1063 872 Quoniam
1101 813 1232 869 ergo
1269 789 1698 852 condemnabam
1721 786 1887 881 Detim

293 874 696 962 imbecillitatis,
729 895 830 965 ipsi
854 900 910 949 et
939 887 1323 961 primogenitae
1351 881 1681 943 occiderunt,
1706 884 1762 932 et
1783 874 1888 931 flu-

291 994 439 1047 vium
462 995 844 1045 cruentarum:
873 998 939 1038 eo
963 983 1078 1050 ipso
1100 987 1342 1048 tempore
1368 974 1512 1028 vires
1530 981 1744 1042 quoque
1765 979 1891 1022 suas

293 1082 376 1138 eis
403 1078 641 1136 ostendit
680 1091 777 1148 per
809 1073 1051 1145 quaedam
1079 1066 1242 1140 paulo
1263 1063 1600 1121 obscuriora.
1625 1057 1894 1115 Obstetri-

293 1188 390 1232 θοι
432 1159 577 1228 enim
603 1167 997 1240 Egyptiorum,
1042 1178 1164 1219 cum
1204 1157 1442 1214 crudelia
1467 1156 1553 1211 illa
1579 1153 1728 1224 jussa
1755 1166 1891 1206 con-

297 1262 665 1334 tempsissent,
696 1269 750 1314 et
806 1270 1010 1312 sevum
1057 1251 1200 1323 regis
1261 1246 1533 1303 decretum
1567 1242 1891 1334 elusissent,

298 1329 489 1426 magna
522 1366 700 1409 rerum
727 1349 881 1419 copia
909 1345 1122 1401 donata
1147 1350 1292 1398 sunt.
1316 1338 1552 1408 Utraque
1572 1342 1753 1426 autem
1777 1329 1895 1386 haec

297 1425 452 1505 erant
475 1445 569 1502 Dei
599 1438 946 1513 providentia:
966 1477 982 1503 ,
1012 1434 1218 1490 scilicet
1243 1428 1386 1502 quod
1415 1437 1470 1484 et
1496 1425 1752 1482 mulieres
1778 1437 1893 1477 ma-

296 1539 469 1612 jorem
524 1535 773 1589 virtutem
821 1527 1178 1592 ostenderint,
1221 1537 1382 1595 quam
1433 1521 1467 1576 ii
1513 1526 1742 1591 querum
1779 1523 1896 1572 erat

301 1611 465 1698 caput
489 1625 795 1682 redimitum
825 1619 1126 1678 diademate
1152 1635 1168 1672 :
1195 1625 1251 1672 et
1273 1612 1414 1686 quod
1441 1626 1534 1667 eas
1553 1611 1894 1666 remunerata

301 1722 396 1784 sit,
443 1728 499 1774 et
539 1719 591 1772 in
633 1729 879 1786 magnam
923 1708 1330 1769 multitudinem
1364 1721 1460 1762 eas
1501 1700 1892 1775 propagaverit.

303 1811 438 1870 Illud
468 1810 634 1874 enim,
665 1805 921 1878 Benefecit
950 1795 1290 1859 obstetricibus
1320 1797 1518 1874 (Exod.
1549 1798 1602 1851 1.
1629 1793 1725 1865 20)
1745 1832 1762 1859 ,
1794 1794 1898 1847 hoc

300 1911 409 1970 est,
443 1901 672 1956 Extensa
701 1906 786 1955 est
810 1910 994 1952 earum
1021 1894 1269 1965 cognatio
1299 1909 1315 1948 :
1343 1891 1539 1946 etenim
1570 1903 1665 1958 per
1693 1902 1755 1941 ea
1784 1885 1898 1958 ipsa

304 1993 588 2059 beneﬂcia,
616 1989 736 2062 quz'e
773 1988 827 2044 in
868 1985 1081 2044 Judmos
1124 1985 1484 2046 contulerunt,
1532 1978 1835 2036 mercedem
1866 1992 1897 2030 a

305 2085 420 2142 Deo
441 2091 782 2153 acceperunt.
801 2079 1062 2154 Quoniam
1089 2090 1218 2148 ergo
1243 2090 1352 2150 non
1376 2071 1690 2130 occidebant
1711 2083 1900 2154 eorum

304 2177 558 2236 infantes.
615 2185 955 2230 numerosam
1005 2168 1213 2242 prolem
1248 2168 1328 2223 eis
1370 2167 1511 2221 Deus
1544 2164 1768 2234 largitus
1795 2170 1898 2216 est.

306 2266 418 2324 Sed
443 2265 691 2336 quoniam
721 2262 1012 2334 pergebant
1053 2274 1176 2318 esse
1214 2257 1437 2332 stupidi,
1473 2269 1529 2312 et
1568 2255 1713 2310 omni
1740 2269 1902 2310 sensu

310 2365 526 2435 privati,
550 2361 810 2415 acriorem
837 2360 916 2413 eis
949 2356 1158 2427 plagam
1182 2351 1422 2431 inﬂixit:
1461 2359 1517 2407 et
1559 2349 1746 2405 didicit
1783 2350 1904 2419 qui-

308 2455 434 2510 dem
467 2451 749 2506 universus
775 2446 922 2503 orbis
953 2457 1130 2508 terrae,
1172 2442 1478 2500 didicerunt
1515 2449 1696 2513 autem
1740 2439 1902 2494 etiam

309 2545 588 2619 Egyptii:
630 2543 724 2597 sed
770 2541 845 2596 illi
883 2538 1098 2612 quidem
1128 2554 1193 2594 ex
1223 2523 1429 2605 auditu,
1463 2535 1524 2618 bi
1547 2548 1725 2591 autem
1757 2534 1809 2588 in
1840 2533 1904 2588 iis

310 2639 468 2694 malis
505 2650 623 2706 qua:
652 2632 887 2703 sibiipsis
915 2639 1246 2699 evenerunt,.
1274 2636 1331 2684 et
1367 2629 1506 2696 visu,
1537 2636 1592 2682 et
1624 2625 1704 2681 rei
1738 2639 1905 2694 espe-

310 2728 503 2785 ricntia
560 2724 652 2780 Dei
705 2731 1026 2794 potestatem
1068 2720 1337 2776 viderunt.
1393 2717 1607 2773 Etenim
1654 2715 1778 2771 ideo
1827 2715 1908 2770 eis

311 2818 582 2892 praedixit,
632 2831 718 2871 ne:
741 2814 1014 2869 videretur
1057 2827 1180 2868 esse
1227 2811 1380 2882 plaga
1423 2809 1661 2880 vulgaris
1693 2808 1905 2876 mortis,

311 2926 433 2980 qua:
463 2908 684 2963 fortuito
712 2906 889 2976 aliquo
918 2919 1045 2960 casu
1087 2902 1374 2959 evenisset.
1405 2900 1560 2971 Quod
1602 2902 1781 2971 itaque
1805 2899 1908 2954 ali-

312 3001 436 3057 cubi
465 2999 668 3057 dictum
695 3007 777 3053 est
804 2997 870 3052 de
897 2996 1206 3062 Servatum,
1237 2994 1342 3050 hoc
1368 2994 1454 3049 hic
1486 3007 1702 3064 quoque
1727 2992 1908 3047 dicere

315 3107 621 3163 possumus.
647 3087 956 3158 Quidnam?
989 3085 1269 3141 Dominarc
1305 3085 1359 3138 in
1397 3085 1562 3140 medio
1589 3083 1911 3138 inimicorum

313 3195 514 3241 tuorum
526 3181 696 3256 (Psai.
717 3179 838 3237 109.
853 3179 931 3248 Ξ).
950 3178 1064 3234 Non
1081 3177 1225 3235 enim
1241 3177 1320 3232 eis
1346 3176 1397 3230 in
1414 3174 1753 3241 solitudinem
1775 3173 1909 3229 edu-

315 3278 438 3343 etis,
467 3289 568 3329 nec
597 3273 652 3329 in
680 3275 858 3341 aliquo
884 3271 991 3326 alio
1017 3269 1159 3334 loco,
1196 3267 1292 3324 sed
1333 3268 1384 3321 in
1416 3267 1530 3337 ipsa
1555 3267 1771 3322 civitate
1799 3267 1912 3336 pla-

311 3381 432 3437 gam
460 3365 663 3420 intulit.
693 3363 822 3418 Vide
846 3371 1025 3417 autem
1054 3361 1113 3415 in
1149 3359 1260 3430 ipsa
1291 3360 1451 3414 etiam
1479 3361 1630 3428 plaga
1667 3359 1910 3416 clemen-

315 3455 656 3526 tiamfapit
679 3455 821 3510 enim
853 3454 1000 3524 prius
1024 3467 1054 3507 a
1083 3453 1388 3524 pecoribus,
1415 3458 1470 3507 ct
1499 3461 1627 3507 tunc
1649 3450 1714 3505 ad
1750 3451 1912 3506 homi-

313 3564 411 3605 nes
460 3546 741 3616 processit.
767 3544 897 3612 Quis
936 3559 1064 3615 ergo
1106 3558 1212 3598 non
1255 3542 1552 3598 admiretur
1594 3543 1908 3612 potentiam,

315 3639 588 3714 quomodo
634 3640 812 3692 omnia
862 3638 914 3692 in
963 3653 1070 3692 uno
1120 3636 1379 3706 temporis
1429 3643 1702 3690 momento
1754 3635 1908 3690 simul

315 3730 513 3795 attulit,
535 3727 918 3798 indulgentiam
951 3728 1098 3793 item,
1125 3736 1180 3781 et
1207 3726 1523 3796 sapientiam
1552 3725 1912 3781 ineﬂ'abilem?

296 3822 500 3892 Neque
530 3819 674 3876 enim
699 3818 838 3873 bane
868 3818 1094 3888 primum
1119 3817 1326 3888 plagam
1355 3816 1567 3883 inﬂixit,
1599 3831 1694 3871 eos
1721 3817 1912 3873 volens

317 3930 412 3984 per
438 3913 572 3967 alias
597 3913 888 3982 corrigere.
931 3926 1030 3966 nec
1054 3910 1267 3981 quando
1290 3909 1500 3975 inﬂixit,
1529 3924 1635 3963 non
1664 3925 1915 3980 prauum-

319 4007 502 4061 tiatam
528 4003 736 4059 inﬂixit.
761 4002 1157 4071 Quamobrem?
1183 4002 1250 4058 Ut
1276 4017 1370 4058 eos
1394 4002 1575 4057 verbis
1601 4003 1911 4073 castigaret,

317 4108 374 4154 et
399 4112 469 4153 ne
495 4096 809 4152 devenirent
832 4095 898 4150 ad
929 4109 1107 4150 rerum
1138 4092 1522 4163 experientiam
1558 4110 1572 4145 :
1601 4108 1701 4147 nec
1728 4107 1914 4147 rursus

315 4189 572 4260 queniam
594 4202 701 4241 non
719 4185 946 4242 correcti
972 4184 1208 4250 fuerunt,
1239 4184 1484 4260 permisit
1503 4193 1562 4238 ut
1590 4192 1733 4239 esset
1761 4184 1912 4255 plaga

317 4258 497 4336 dubia.
519 4277 598 4334 Ne
617 4277 736 4349 quis
760 4277 902 4336 enim
926 4258 1258 4331 existimaret
1281 4274 1500 4329 fortuito
1526 4283 1620 4329 aut
1639 4273 1908 4341 morbum,

320 4382 413 4427 aut
440 4379 647 4442 pestem
680 4369 966 4436 incidisse,
999 4366 1120 4424 vide
1147 4374 1279 4438 quot
1300 4382 1391 4423 res
1415 4377 1757 4422 concurrant.
1791 4366 1912 4421 Pri-

319 4480 466 4522 tnum
508 4478 696 4519 omnes
732 4463 784 4517 in
817 4477 918 4518 una
951 4469 1127 4516 nocte.
1159 4460 1410 4516 Secundo
1435 4462 1614 4517 omnia
1643 4462 1912 4532 primoge-

322 4559 453 4614 nita.
477 4556 531 4612 Si
554 4555 695 4610 enim
719 4554 907 4610 fuisset
936 4553 1118 4622 pestis,
1152 4568 1257 4606 non
1285 4553 1394 4605 sola
1425 4551 1685 4623 tetigisset
1714 4553 1915 4621 primo-

316 4649 516 4718 genita,
549 4646 800 4701 secundis
838 4659 968 4699 vero
1009 4642 1332 4714 pepercisset
1362 4659 1377 4696 :
1422 4641 1518 4697 sed
1549 4658 1739 4698 oumes
1780 4644 1911 4697 citra

320 4738 484 4792 ullum
515 4735 803 4791 discrimen
837 4732 1398 4804 pervasisset.Tertio,
1431 4733 1475 4786 si
1507 4731 1692 4788 fuisset
1723 4733 1908 4802 pestis,

320 4842 426 4881 non
450 4825 797 4880 abstinuisset
823 4825 1043 4880 omnino
1063 4838 1096 4880 a
1119 4822 1340 4889 ludatis,
1365 4838 1466 4878 nec
1486 4823 1631 4878 solos
1650 4824 1914 4894 tetigisset

317 4917 622 4990 Egyptios,
654 4916 748 4970 sed
775 4931 839 4971 ea
865 4916 1034 4972 multo
1080 4915 1250 4985 magis
1291 4929 1517 4985 corpora
1558 4913 1905 4991 confecisset,

319 5025 437 5080 quae
469 5007 651 5062 labore
677 5015 732 5062 et
767 5007 1000 5071 miseria,
1033 5014 1087 5061 et
1115 5012 1196 5060 tot
1220 5014 1274 5060 et
1302 5005 1464 5060 tantis
1488 5005 1644 5060 malis
1669 5004 1912 5060 confecta

319 5101 550 5164 fuerant,
597 5113 717 5169 quas
764 5105 1079 5168 paupertate
1120 5106 1176 5151 et
1214 5095 1356 5151 fame
1399 5095 1722 5167 jampridem
1774 5096 1912 5151 adeo

317 5191 576 5245 exhausta
614 5199 805 5245 erant:
841 5177 949 5244 non
975 5203 1180 5259 regum,
1209 5197 1264 5243 et
1301 5203 1486 5242 eorum
1515 5188 1604 5257 qui
1631 5197 1784 5243 erant
1812 5204 1911 5243 au-

319 5286 567 5337 ctoritate
594 5293 647 5336 et
677 5280 932 5350 dignitate
960 5279 1191 5351 praediti,
1224 5280 1314 5348 qui
1345 5279 1512 5334 libere
1538 5279 1593 5334 et
1617 5295 1807 5335 secure
1836 5282 1914 5335 vi-

323 5375 535 5436 vebaut,
580 5371 771 5442 quibus
817 5372 993 5426 omnia
1047 5386 1168 5440 quae
1213 5371 1281 5424 ad
1328 5371 1529 5425 cultum
1559 5380 1612 5426 et
1650 5371 1718 5425 ad
1752 5354 1912 5426 vitam

321 5464 586 5534 pertinent
630 5462 842 5518 abunde
883 5462 1256 5531 suppetebant.
1289 5460 1346 5517 Si
1375 5460 1566 5517 fuisset
1587 5461 1775 5532 pestis,
1805 5477 1910 5517 non

321 5565 542 5627 repente
593 5556 850 5620 venisset,
895 5553 990 5610 sed
1038 5562 1320 5623 antequam
1367 5554 1674 5624 ingruisset,
1711 5555 1911 5624 praevia

323 5647 584 5704 adventus
606 5646 752 5713 signa
779 5643 1030 5699 dedisset.
1059 5642 1210 5697 Nunc
1234 5653 1410 5698 autem
1434 5643 1552 5698 hare
1577 5643 1734 5698 simul
1759 5642 1910 5708 fiunt,

325 5749 379 5793 ut
407 5737 775 5809 [Egyptiorum
804 5746 1056 5806 arguatur
1083 5734 1326 5789 vecordia
1363 5751 1376 5787 :
1401 5734 1598 5787 etenim
1630 5743 1748 5804 pust
1779 5733 1914 5800 bane

333 5831 528 5900 plagam
573 5834 626 5883 et
668 5831 947 5895 postquam
985 5834 1170 5895 aperte
1213 5824 1524 5880 didicissent
1549 5839 1667 5879 esse
1697 5826 1901 5896 plagam

1429 396 1794 459 EXPOSITIO
1832 391 1898 449 IN
1935 388 2264 448 PSALMUM
2293 386 2590 444 CXXXIV.

3487 375 3556 430 $2)
3570 385 3591 425 ῑ

1991 503 2248 561 divinitus
2295 502 2992 579 immissam,.perseqnuti
3048 505 3174 555 sunt
3229 493 3449 555 Iudaeos
3501 493 3594 563 qui

1989 604 2350 662 recesserant,
2368 588 2511 664 quod
2542 601 2624 648 est
2649 591 2862 663 signum
2902 589 3158 647 maxima:
3180 603 3368 646 eorum
3397 603 3593 646 vecor-

1992 685 2096 742 diae
2120 694 2178 743 et
2208 681 2307 740 De’i
2334 684 2563 762 maxima
2594 681 2856 738 defensio.
2875 681 3140 752 Quoniam
3165 681 3308 737 enim
3335 688 3502 739 erant:
3521 681 3596 736 si-

1992 786 2096 849 gna
2120 784 2419 842 cessatura,
2453 789 2516 831 ea
2543 773 2809 845 ejusmodi
2836 773 2974 844 signi
3000 773 3152 828 exitu
3172 773 3598 842 conclusit,.qun

1994 884 2057 926 ea
2100 884 2222 939 qum
2252 873 2378 922 ante
2407 865 2544 923 facta
2576 875 2700 921 sunt
2724 864 2970 922 defendit
2991 852 3132 936 pud
3171 880 3265 921 eos
3292 867 3382 935 qui
3411 867 3599 921 volunt

1995 958 2295 1016 attendere.
2343 957 2424 1014 Ne
2475 957 2596 1028 quis
2649 957 2792 1014 enim
2849 957 3092 1023 diceret,
3142 954 3252 1012 Cur
3307 957 3603 1027 puniuntur

1996 1065 2206 1118 omnes,
2246 1064 2368 1106 cum
2396 1065 2488 1120 rex
2515 1049 2734 1105 Judzeos
2762 1048 3063 1113 detineret,
3089 1057 3145 1104 et
3172 1057 3422 1119 peccaret
3455 1065 3470 1104 :
3507 1065 3606 1117 per

2000 1145 2102 1200 hoc
2127 1144 2372 1199 ultimum
2398 1141 2560 1198 solvit
2586 1141 2724 1197 bane
2751 1139 3166 1196 dubitationem.
3191 1139 3605 1210 Quomodo-per

1999 1236 2277 1292 ultimum?
2301 1235 2566 1303 Quoniam
2597 1231 2811 1305 quando
2840 1247 3094 1302 percussa
3124 1242 3248 1288 sunt
3274 1245 3462 1287 eorum
3487 1233 3605 1302 pri-

1999 1327 2286 1397 mogenita,
2319 1325 2405 1382 vel
2433 1325 2600 1381 invito
2625 1335 2752 1394 rege
2788 1322 3008 1391 Judmos
3047 1323 3392 1394 expulerunt.
3425 1321 3620 1393 Quare.

1999 1422 2165 1476 etiam
2187 1421 2238 1476 si-
2256 1420 2555 1475 voluissent
2578 1418 2646 1472 ab
2674 1418 2843 1482 initio,
2871 1417 3173 1489 potuissent
3192 1431 3314 1472 esse
3340 1431 3408 1473 eo
3438 1431 3607 1487 supe-

2001 1514 2196 1570 riores.
2219 1513 2341 1568 Non
2359 1512 2517 1583 igitur
2543 1526 2724 1583 regem
2755 1510 2879 1567 ideo
2905 1525 3009 1565 non
3039 1511 3305 1578 vicerunt,
3331 1508 3472 1581 quod
3495 1525 3607 1565 nou

2001 1615 2256 1676 possent,
2297 1604 2394 1659 sed
2418 1602 2560 1675 quod
2603 1603 2827 1658 nollent.
2857 1602 3162 1681 Quinetiam
3203 1617 3265 1659 ea
3293 1617 3415 1676 qua:
3461 1610 3612 1674 post»

2002 1713 2064 1753 ea
2113 1704 2449 1767 consequuta
2483 1705 2565 1752 est
2607 1695 2969 1767 persequutio-
2987 1695 3209 1767 crimen
3247 1711 3437 1754 eorum
3485 1712 3626 1753 ant--

2005 1787 2225 1861 plillcat.

2078 1883 2132 1939 5.
2176 1881 2289 1936 Hoc
2316 1881 2477 1936 etiam
2500 1880 2680 1937 evenit
2710 1880 2764 1936 in
2793 1879 2944 1937 Salii.
2976 1872 3213 1948 Quando
3233 1880 3379 1937 enim
3409 1881 3526 1952 ejus
3548 1881 3615 1936 ﬂs

2006 1973 2135 2028 lium
2158 1974 2371 2043 eripere
2392 1973 2697 2042 oportebat.
2729 1987 2920 2029 omnes
2941 1973 3101 2045 vulgo
3128 1981 3469 2030 assentautes
3495 1975 3625 2047 regi

2006 2082 2128 2121 eum
2148 2108 2165 2133 ,
2211 2067 2421 2122 tametsi
2450 2067 2622 2137 legem
2652 2067 2738 2123 ille
2778 2076 3149 2139 transgressus
3181 2077 3327 2124 esset
3347 2109 3361 2132 ,
3395 2068 3613 2138 eripue-

2005 2166 2133 2212 runt
2157 2157 2232 2230 (l.
2259 2156 2388 2228 Reg.
2415 2158 2502 2213 14.
2524 2156 2616 2229 45)
2651 2175 2666 2212 :
2687 2157 2904 2229 quando
2928 2168 3105 2213 autem
3129 2157 3341 2214 volebat
3365 2159 3618 2217 occidere

2010 2259 2088 2305 tot
2110 2248 2535 2317 sacerdotesque
2577 2257 2766 2306 vocem
2791 2250 3008 2326 quidem
3038 2251 3357 2318 emiserunt,
3391 2266 3494 2307 nec
3519 2267 3617 2308 eos

2007 2342 2366 2400 defenderunt
2395 2328 2474 2415 (1.
2507 2341 2637 2413 Reg.
2658 2342 2750 2399 2‘2.
2780 2343 2891 2413 l7).
2921 2341 3084 2411 Quod
3106 2344 3150 2398 si
3181 2352 3308 2398 tunc
3347 2330 3620 2402 liabebattt

2011 2441 2257 2490 naturam
2283 2450 2402 2504 quas
2427 2449 2526 2505 pro
2547 2435 2626 2490 eis
2648 2436 2867 2501 faceret,
2895 2433 2982 2490 hic
3000 2435 3163 2491 etiam
3193 2434 3464 2492 habebant
3480 2435 3620 2507 juris

2012 2540 2282 2584 naturam.
2312 2528 2478 2583 Erant
2502 2528 2646 2584 enim
2674 2521 3006 2596 sacerdotes,
3030 2538 3085 2584 et
3110 2535 3228 2584 erat
3263 2528 3442 2585 credes
3466 2528 3618 2583 tit-fa-

2012 2619 2112 2682 ria,
2145 2628 2200 2675 et
2224 2618 2301 2673 ira
2340 2634 2448 2674 non
2491 2631 2559 2675 ex
2597 2627 2747 2674 recto
2785 2616 2990 2687 judicio
3033 2617 3290 2690 profecta.
3320 2617 3427 2675 Sed
3462 2619 3619 2690 hujus

2013 2716 2090 2771 rei
2107 2729 2268 2770 causa
2284 2722 2400 2768 erat
2414 2713 2684 2782 socordia,
2704 2722 2760 2769 et
2785 2711 2929 2786 quod
2949 2713 3291 2772 sacerdotum
3312 2715 3486 2772 vicem
3511 2734 3617 2772 non

2013 2806 2167 2862 valde
2187 2805 2460 2862 dolebant.
2492 2805 2622 2862 Vide
2640 2820 2773 2877 ergo
2792 2821 2911 2877 quae
2935 2807 3071 2861 mala
3091 2817 3275 2878 postea
3291 2808 3579 2866 inciderint
3604 2829 3617 2864 :

2015 2898 2156 2952 illius
2199 2898 2346 2952 enim
2389 2896 2730 2969 negligentiae
2770 2912 2880 2954 non
2923 2898 3068 2955 leves
3097 2915 3286 2970 pmnas
3330 2900 3618 2958 deder-mit.

2014 2989 2240 3058 Quando
2271 3005 2401 3060 ergo
2421 2989 2616 3047 factum
2645 2989 2807 3046 fuerit
2834 2991 3034 3064 aliquid
3060 2990 3346 3060 nefarium,
3372 3008 3532 3050 nemo
3553 2997 3619 3049 sit

2018 3083 2164 3137 iners
2187 3090 2242 3136 et
2271 3081 2510 3152 ignavus,
2543 3081 2638 3137 sed
2684 3082 2806 3154 igne
2841 3081 3115 3139 ardentior
3146 3101 3160 3137 :
3191 3099 3293 3140 nec
3321 3072 3500 3141 minus
3525 3087 3623 3140 dn-

2017 3176 2143 3242 leat,
2172 3190 2330 3245 quam
2364 3175 2398 3230 ii
2442 3175 2636 3246 quibus
2663 3174 2722 3230 fit
2747 3174 2937 3246 injuria
2959 3216 2974 3241 ,
3001 3184 3056 3232 et
3085 3175 3157 3233 ita
3203 3175 3431 3248 plurima
3481 3179 3621 3234 mala

2017 3267 2293 3320 sistentur.
2325 3266 2400 3319 Ab
2428 3265 2632 3321 homine
2650 3277 2809 3338 usque
2831 3267 2900 3321 ad
2919 3282 3093 3337 pecus.
3122 3266 3229 3324 Cur
3256 3276 3436 3325 autem
3458 3268 3639 3325 etiam.

2018 3356 2252 3427 pecora?
2293 3356 2554 3425 Quoniam
2609 3368 2829 3429 propter
2877 3357 3122 3415 homines
3167 3359 3304 3416 facta
3351 3370 3512 3431 sunt,
3557 3377 3643 3420 es.

2016 3465 2232 3521 quoque
2257 3449 2410 3519 punit
2435 3457 2656 3520 propter
2686 3449 2981 3527 hominem,
3013 3462 3072 3508 ut
3099 3463 3294 3526 augeat
3332 3455 3579 3513 timorem
3601 3499 3622 3524 ,

2019 3557 2075 3599 ut
2100 3545 2440 3600 intentiorem
2463 3543 2650 3600 reddat
2671 3545 3050 3614 calamitatem,
3069 3555 3128 3602 ut
3149 3548 3393 3604 ostendat
3411 3550 3621 3624 plagam

2017 3651 2137 3690 esse
2166 3635 2422 3690 divinitus
2448 3635 2763 3701 immissam,
2794 3645 2849 3691 et
2876 3635 3078 3692 bellum
3107 3637 3400 3708 procedere
3426 3641 3496 3705 de
3516 3656 3623 3698 ca:-

2018 3728 2103 3781 lis.
2134 3726 2187 3782 9.
2223 3726 2404 3783 Emisit
2427 3727 2574 3798 signa
2607 3737 2658 3783 et
2693 3726 2928 3799 prodigia
2953 3729 3009 3783 in
3034 3729 3200 3785 ntedio
3225 3731 3322 3800 tui,
3367 3730 3622 3806 Egypts.

2018 3821 2155 3889 Quid
2181 3829 2284 3885 est,
2317 3821 2384 3876 In
2411 3821 2576 3875 medio
2605 3821 2681 3874 tui
2699 3821 2725 3874 2
2753 3821 2849 3878 Vel
2876 3821 3052 3878 locum
3083 3822 3233 3892 dicit,
3264 3825 3344 3881 vel
3375 3825 3646 3888 idcum“.

2017 3914 2179 3986 quod,
2228 3914 2528 3969 manifeste.
2576 3913 2710 3969 illud
2739 3914 2906 3981 enim,
2936 3912 3004 3969 In
3041 3915 3226 3990 medio,
3255 3908 3457 3988 ubique
3476 3917 3622 3990 idem

2018 4005 2280 4078 significat
2307 4006 2448 4077 quod
2476 4013 2684 4077 aperte,
2714 4015 2771 4062 ut
2798 4006 3013 4078 quando
3039 3987 3169 4064 dicit
3195 3987 3392 4066 alicubi
3417 4053 3432 4076 ,
3475 3987 3635 4067 .Fecia

2018 4102 2231 4154 salutem
2271 4099 2324 4155 in
2355 4098 2522 4154 medio
2549 4108 2698 4155 terra
2736 4097 2908 4174 (Psal.
2941 4101 3029 4160 75.
3064 4101 3154 4173 i2)
3182 4119 3198 4158 :
3228 4111 3310 4158 est
3333 4103 3478 4160 enim
3510 4120 3626 4161 me-

2019 4191 2164 4247 dium
2193 4190 2531 4248 manifestum
2553 4192 2822 4248 omnibus.
2857 4192 3044 4248 Emisit
3067 4195 3279 4267 signa-et
3308 4196 3545 4269 prodigia
3569 4198 3628 4251 in

2020 4283 2184 4338 medio
2218 4283 2312 4351 mi,
2339 4281 2588 4356 .Egyprc.
2628 4282 2758 4340 Iure
2784 4293 2962 4340 autem
2989 4285 3196 4355 optimo
3227 4303 3240 4342 :
3270 4300 3333 4341 ea
3356 4287 3499 4342 enim
3531 4287 3625 4344 ﬂe-

2020 4375 2146 4431 bant
2165 4375 2234 4431 ad
2255 4375 2670 4444 correctionem,
2689 4385 2744 4432 et
2762 4375 2828 4431 ad
2849 4391 2942 4431 eos
2963 4377 3327 4436 ostendendos
3352 4379 3440 4448 qui
3463 4389 3628 4436 erant

2019 4467 2273 4524 lucraturi
2323 4484 2336 4522 :
2382 4483 2490 4523 non
2531 4475 2736 4523 temere
2762 4468 2906 4522 enim
2950 4468 3290 4535 eveniebant,
3320 4469 3416 4525 sed
3461 4471 3625 4528 modo

2019 4559 2523 4616 admirabilissimo:
2555 4574 2723 4630 quare
2745 4569 2796 4615 et
2822 4574 2887 4614 eo
2907 4559 3050 4630 quod
3079 4559 3364 4630 feriebant,
3388 4577 3454 4617 eo
3477 4564 3621 4634 quod

2020 4652 2356 4715 mirabiliter,
2408 4651 2672 4722 duplicem
2713 4650 3012 4706 aﬂ'ercbaut
3040 4652 3344 4708 utilitatem.
3374 4652 3440 4708 In
3478 4653 3626 4710 Pha-

2019 4763 2245 4811 raonem,
2271 4755 2316 4800 rt
2337 4746 2391 4799 in
2419 4761 2589 4799 euntes
2605 4760 2774 4799 servos
2801 4745 2933 4815 ejus.
2961 4743 3150 4799 Vidisti
3169 4745 3464 4816 potentiam
3489 4746 3624 4803 inef-

2020 4839 2271 4893 fabilem?
2295 4837 2564 4908 quomodo
2593 4852 2714 4891 eum
2758 4851 2949 4892 omnes
2990 4836 3147 4891 simul
3188 4844 3407 4904 essent,
3448 4838 3516 4895 dc
3543 4841 3625 4895 eis

2019 4941 2292 5004 sumptum
2333 4941 2416 4988 est
2441 4931 2756 5001 supplicium
2780 4971 2795 4996 ,
2824 4940 2881 4986 et
2915 4931 2988 4986 illi
3017 4930 3232 5001 quidem
3261 4931 3620 5000 patiebantur,

2019 5025 2108 5078 alii
2135 5039 2265 5079 vero
2299 5021 2686 5080 lucrabantur?
2716 5022 2996 5089 Quomodo
3020 5031 3200 5077 autem
3228 5022 3376 5088 dicit,
3420 5021 3486 5077 In
3509 5040 3623 5078 om-

2019 5131 2106 5171 nes
2137 5132 2303 5170 servos
2329 5116 2484 5185 ejus?
2510 5115 2668 5186 Atqui
2697 5129 2804 5168 non
2829 5113 3098 5169 habebant
3123 5129 3318 5170 omnes
3348 5116 3622 5187 primoge-

2021 5209 2130 5262 nita
2162 5225 2176 5262 :
2204 5206 2299 5262 sed
2327 5206 2452 5262 dicit
2483 5206 2550 5262 de
2571 5206 2688 5260 aliis
2708 5205 2900 5277 signis,
2933 5213 2988 5260 et
3012 5204 3139 5260 dum
3165 5206 3216 5260 in
3247 5203 3485 5278 Egypto
3507 5209 3623 5278 qui.

2019 5300 2142 5355 dem
2171 5299 2224 5353 bi
2255 5300 2557 5362 ferirentur,
2582 5297 2787 5352 lucrum
2818 5295 3084 5351 faciebant
3119 5295 3290 5351 Judazi
3314 5312 3328 5349 :
3354 5297 3624 5353 dum-au—-

2020 5404 2128 5450 tem
2174 5394 2227 5447 in
2277 5392 2563 5447 solitudine
2605 5390 2868 5446 beneficio
2911 5389 3082 5444 Judaei
3132 5388 3497 5455 afficerentur,
3532 5392 3619 5444 alii

2016 5485 2340 5558 juvabantur
2363 5483 2474 5558 (a);
2501 5491 2557 5539 et
2585 5484 2762 5555 plagas
2785 5482 3000 5556 quidem
3025 5481 3218 5538 inﬂixit
3239 5482 3504 5552 hostibus,
3524 5483 3633 5541 hos

2085 5642 2158 5707 (α)
2192 5639 2388 5707 Quando
2411 5640 2513 5707 alt,_
2541 5639 2720 5707 audacis
2755 5640 2802 5688 in
2840 5640 3103 5707 solitmline
3125 5637 3377 5707 beneﬂcio
3409 5639 3634 5707 all'ect_is,.

2022 5700 2170 5755 etiam
2206 5703 2329 5752 alios
2352 5701 2588 5750 beneﬂcio
2613 5701 2815 5764 affectos
2839 5702 3007 5764 fuisse,
3032 5701 3081 5749 id
3121 5700 3356 5764 intelligit
3393 5704 3458 5751 de
3488 5701 3621 5764 vulgi

2023 5767 2276 5831 pl'OtI‘tiSClll
2292 5762 2992 5836 innumeramliJnultitudine,
3013 5775 3128 5836 quae
3152 5776 3265 5813 cum
3286 5762 3389 5836 illis
3406 5762 3624 5836 proiecta

2025 5824 2246 5880 narratur
2291 5826 2434 5875 Exmli
2467 5838 2570 5888 cap.
2619 5826 2688 5873 ιδ.
2733 5827 2792 5874 Hi
2812 5833 2949 5876 erant
2983 5824 3542 5892 alienigenzehﬁlgyptii
3571 5832 3638 5878 et.
