4086 6436
533 406 641 463 395

536 537 665 579 vero
687 521 861 578 albuit
888 519 1159 577 betteliciis
1176 561 1190 585 ,
1215 534 1311 590 per
1339 527 1561 589 utraque
1594 532 1783 574 omnes
1798 518 2012 588 juvans.
2041 516 2110 571 Et

533 628 635 671 cur
662 629 766 668 non
797 613 896 667 hos
927 625 1138 684 quoque
1163 598 1423 665 beneﬁcio
1449 608 1615 664 afﬁcit
1631 609 1657 663 2
1682 606 1943 677 Quoniam
1966 606 2113 663 soliti

536 713 664 761 sunt
707 704 943 773 plerique
970 700 1212 757 homines
1239 699 1477 771 percussi
1517 692 1693 769 potius
1718 713 1887 770 quam
1912 696 2114 753 benen-

531 795 619 851 cio
641 793 815 849 allecti
844 794 1007 849 Deum
1034 805 1338 863 agnoscere.
1363 789 1514 858 Quod
1540 787 1683 845 enim
1712 787 1880 859 nollet
1900 801 1995 843 eos
2014 801 2113 857 pu-

534 886 671 953 nire,
698 886 815 941 vidc
833 899 956 941 eum
977 883 1191 939 assidue
1213 883 1563 948 diﬂerentem,
1580 889 1637 937 et
1654 881 1832 951 plagas
1851 878 2111 937 cohiben-

535 984 641 1029 tem
680 984 737 1031 et
763 989 859 1044 per
892 983 1114 1044 utraque
1151 970 1518 1028 ostendentem
1547 971 1836 1041 potentiam
1875 983 2027 1025 suam
2056 977 2112 1026 et

530 1054 893 1120 clementiam.
940 1063 1099 1132 Atqui
1140 1071 1223 1118 sat
1248 1062 1433 1117 fuisset
1458 1069 1577 1130 post
1605 1059 2107 1128 unam,secundam

530 1166 587 1214 et
609 1156 847 1221 tertiam,
880 1164 1147 1226 tamquam
1166 1155 1254 1224 qui
1290 1152 1476 1209 morbo
1501 1151 1870 1209 immedicabili
1894 1150 2107 1207 labora-

531 1256 671 1313 rent,
701 1262 795 1303 eos
818 1247 1036 1301 omnino
1057 1246 1378 1315 perderent
1401 1245 1585 1311 noluit,
1601 1242 1696 1299 sed
1720 1251 2105 1314 etquamquam

528 1338 703 1392 futura
733 1339 1026 1407 praesciret,
1053 1343 1107 1389 et
1133 1332 1274 1405 quod
1302 1349 1403 1389 nec
1422 1333 1624 1404 quinta,
1650 1346 1751 1387 nec
1797 1340 1977 1396 sexta,
2008 1346 2108 1387 nec

527 1428 733 1483 decima
777 1426 1026 1482 meliores
1066 1425 1223 1479 luturi
1266 1433 1485 1490 essent,
1513 1438 1618 1478 non
1651 1423 1899 1478 destitit‘
1930 1424 2107 1477 facere

526 1533 645 1589 qua:
669 1533 761 1573 sua
785 1527 934 1573 erant
958 1534 971 1569 :
995 1515 1134 1570 unde
1149 1516 1379 1571 maxime
1399 1511 1518 1583 ejus
1544 1522 1879 1583 potestatem,
1897 1528 2101 1577 curam,

526 1610 838 1683 sapientiam
869 1621 923 1665 et
950 1610 1238 1665 bonitatem
1264 1608 1517 1663 admirari
1544 1622 1754 1677 aequum
1779 1616 1880 1663 est.
1910 1607 2106 1662 Poten-

528 1701 656 1756 tiam
682 1740 698 1765 ,
742 1699 883 1770 quod
927 1698 1282 1769 percusserit;
1317 1714 1499 1755 curam
1528 1739 1545 1765 ,
1576 1698 1721 1769 quod
1766 1697 2100 1763 cohibuerit;

526 1790 839 1860 sapientiam
867 1830 883 1856 ,
915 1789 1054 1861 quod
1079 1806 1199 1845 cum
1233 1790 1395 1845 sciret
1434 1788 1611 1845 futura
1635 1830 1650 1853 ,
1679 1805 1799 1860 qua:
1828 1804 1921 1843 sua
1948 1782 2123 1845 erant

526 1882 746 1937 fecerit:
774 1881 916 1952 quod
942 1883 1115 1953 ipsum
1139 1898 1351 1953 quoque
1377 1891 1459 1939 est
1487 1882 1733 1937 maxima:
1763 1883 2063 1937 clementia:
2083 1922 2099 1946 ,

523 1972 665 2042 quod
693 1972 910 2044 incipiat
933 1987 964 2026 a
992 1972 1286 2028 minoribus
1308 2012 1323 2037 ,
1352 1970 1494 2043 quod
1520 1971 1588 2026 ab
1609 1972 1674 2026 iis
1699 1987 1819 2043 qua:
1844 1987 1951 2027 non
1977 1981 2103 2027 sunt

525 2048 729 2123 ratione
749 2065 985 2136 praedita.
1015 2064 1363 2135 Progrediens
1387 2074 1562 2119 autem
1587 2064 1758 2134 ipsum
1786 2078 1999 2134 quoque
2025 2079 2102 2119 re-

523 2172 646 2227 gem
674 2157 882 2227 attigit,
910 2156 1050 2226 quod
1079 2156 1238 2212 etiam
1269 2155 1499 2211 maxime
1518 2153 1646 2211 fecit
1668 2162 1725 2209 ut
1740 2152 2101 2232 pnedicaren-

525 2258 612 2303 tur
628 2262 748 2318 quae
769 2246 1102 2304 eveniebant.
1124 2246 1253 2315 Qua:
1269 2248 1409 2302 enim
1434 2246 1636 2316 privato
1653 2245 1811 2301 alicui
1829 2245 2097 2312 accidunt,

523 2340 689 2397 latere
713 2342 872 2398 etiam
892 2348 1305 2396 consentaneum
1332 2352 1443 2394 est:
1471 2339 1682 2410 quando
1706 2347 1885 2394 autem
1908 2338 1993 2394 vir
2019 2346 2103 2394 est

522 2432 745 2505 insignis
768 2432 857 2503 qui
887 2430 1093 2502 plagam
1113 2430 1347 2501 accipit,
1377 2428 1510 2483 nihil
1538 2438 1679 2484 vetat
1704 2428 1989 2499 quominus
2013 2443 2102 2484 res

525 2524 721 2594 ubique
759 2522 1019 2577 audiatur.
1052 2521 1339 2593 Postquam
1384 2536 1512 2576 vero
1551 2520 1684 2575 dixit
1711 2536 1925 2576 oausam
1954 2561 1968 2584 ,
2002 2536 2100 2574 cur

523 2613 848 2684 percusserit
879 2654 895 2680 ,
940 2611 1070 2668 dicit
1098 2612 1257 2668 etiam
1285 2613 1485 2685 plagas.
1512 2611 1615 2667 Sed
1641 2626 1813 2682 neque
1838 2626 1930 2667 eas
1955 2627 2098 2680 saepe

521 2712 759 2760 recenset
785 2744 802 2770 ,
830 2717 1002 2773 neque
1025 2702 1294 2775 sigillatim
1322 2702 1654 2772 persequitur
1685 2720 1699 2757 :
1729 2700 1823 2757 Sed
1852 2716 1973 2757 cutn
2004 2718 2096 2757 eas

520 2811 627 2852 nuo
654 2795 817 2852 verbo
836 2794 1205 2865 signiﬁca.set,
1235 2794 1594 2864 prxtcrcurrit
1620 2792 1846 2849 dicendo
1865 2834 1882 2859 ,
1911 2791 2097 2849 Emisit

521 2886 669 2956 signa
698 2896 744 2939 et
772 2885 1003 2956 prodigia
1018 2885 1070 2938 in
1092 2884 1256 2938 medio
1283 2884 1359 2938 tui
1383 2924 1399 2951 ,
1422 2882 1671 2955 Egypte.
1691 2882 1892 2939 Deinde
1919 2882 2099 2937 educit

519 2992 705 3033 rursus
729 2977 979 3050 populum
1008 2993 1071 3032 ex
1098 2977 1329 3049 [Egypto
1352 2978 1403 3030 in
1429 2976 1696 3032 desertum
1721 3019 1737 3043 ,
1772 2977 1966 3046 ubique
2003 2991 2098 3030 os-

525 3070 748 3125 tendens
775 3083 835 3124 se
876 3084 983 3123 non
1012 3083 1132 3125 esse
1169 3068 1333 3122 Deum
1376 3077 1577 3122 tantum
1622 3066 1845 3137 alicujus
1882 3068 2047 3136 partis
2076 3107 2092 3132 ,

522 3178 621 3219 nec
650 3162 702 3216 in
729 3177 890 3216 unam
928 3161 1095 3216 solam
1126 3160 1398 3231 regionem
1433 3159 1761 3215 dominatum
1800 3159 2044 3214 obtinere
2074 3199 2091 3224 ,

515 3254 612 3310 sed
657 3255 709 3308 in
755 3253 1056 3309 universum
1086 3252 1268 3307 orbem
1312 3263 1487 3307 terrae.
1529 3251 1789 3318 Quocirca
1818 3250 2092 3318 subjunxit

516 3344 735 3399 dicens:
766 3344 853 3398 10.
885 3342 987 3407 Qui
1006 3345 1247 3412 percussit
1273 3351 1443 3412 gentes
1472 3343 1657 3395 multas
1688 3383 1705 3407 ,
1743 3352 1789 3394 et
1819 3342 1999 3394 occidit
2024 3357 2093 3392 re-

522 3449 609 3501 ges
628 3432 783 3502 fortes
809 3447 830 3485 :
853 3446 951 3501 per
977 3439 1141 3486 lotam
1162 3431 1299 3485 viam
1328 3432 1546 3500 pignora
1568 3430 1729 3484 variis
1757 3429 1929 3483 modis
1953 3444 2090 3497 pra:-

517 3524 650 3578 bens
672 3537 780 3575 sua:
810 3520 1087 3591 potentiae,
1119 3530 1173 3575 et
1200 3524 1252 3575 in
1278 3520 1404 3590 ipsis
1430 3520 1681 3575 docendis
1714 3536 1806 3588 per
1832 3535 1917 3573 res
1948 3522 2089 3587 ipsas

514 3614 801 3671 deducens.
832 3612 935 3668 Per
960 3611 1101 3669 bella
1127 3611 1272 3668 enim
1296 3611 1471 3681 priora
1496 3626 1708 3680 quoque
1733 3609 1952 3675 docuit,
1982 3623 2089 3663 non

516 3715 754 3762 naturam
773 3704 930 3771 aeris,
944 3719 1048 3759 non
1061 3705 1350 3773 potentiam
1362 3704 1874 3768 elementorum,th
1891 3702 2090 3773 aliquid

512 3797 655 3851 aliud
683 3794 940 3865 ejusmodi
963 3838 979 3861 ,
1007 3796 1100 3849 sed
1144 3795 1538 3865 imperatoriam
1579 3810 1793 3848 manum
1822 3835 1838 3859 ,
1858 3810 1976 3864 qua:
1996 3810 2090 3849 eos

513 3889 742 3945 ducebat
756 3930 771 3955 ,
787 3904 883 3957 pro
897 3890 973 3942 eis
990 3886 1185 3942 bellum
1202 3901 1407 3957 gerere;
1431 3895 1484 3940 et
1499 3897 1780 3955 utrumque
1792 3901 1885 3952 per
1897 3894 2092 3938 utrum-

512 3995 617 4050 que
636 3978 905 4044 ostendit,
935 3992 1031 4048 per
1054 3992 1117 4031 ea
1158 3992 1275 4047 qua:
1310 3977 1444 4031 facta
1488 3986 1611 4030 sunt
1639 3976 1692 4030 in
1732 3975 1961 4046 Egypto
1984 4019 1999 4041 ,
2028 3992 2088 4031 ea

513 4088 633 4141 qua:
662 4071 714 4124 in
735 4068 1021 4125 solitudine
1040 4067 1176 4123 iacta
1201 4076 1343 4132 sunt,
1372 4077 1426 4122 et
1452 4082 1544 4135 per
1569 4082 1635 4122 ea
1660 4082 1778 4137 quae
1806 4065 1941 4119 facta
1963 4076 2088 4121 sunt

516 4165 567 4216 in
595 4161 909 4227 solitudine,
937 4175 1000 4216 ea
1024 4176 1142 4228 quae
1180 4160 1232 4215 in
1262 4158 1493 4229 Egypto
1522 4168 1645 4213 sunt
1671 4158 1831 4214 edita.
1863 4159 2089 4230 Quando

513 4254 654 4307 enim
704 4252 803 4321 ipsi
840 4251 1041 4321 absque
1068 4250 1230 4305 armis
1262 4291 1278 4316 ,
1307 4252 1424 4305 acie
1455 4291 1468 4312 ,
1500 4260 1554 4305 et
1593 4250 1775 4319 prmlio
1798 4292 1813 4316 ,
1844 4250 2089 4307 inimicos

516 4343 864 4412 proﬂigabant
890 4382 904 4405 ,
936 4342 1017 4396 eis
1052 4350 1234 4409 aperte
1272 4340 1629 4407 ostendebat,
1669 4356 1728 4395 se
1766 4341 1818 4395 in
1859 4341 2089 4412 [Egypto
2132 4404 2137 4408 ι

510 4447 724 4502 quoque
766 4449 871 4486 non
916 4446 1051 4501 opus
1077 4430 1327 4484 habuisse
1360 4432 1634 4485 elementis
1663 4440 1807 4485 utea
1834 4432 2089 4487 adversus

512 4525 632 4578 illos
661 4533 898 4577 moveret
924 4562 939 4586 ,
964 4520 1059 4577 sed
1084 4521 1244 4575 variis
1272 4529 1329 4576 et
1364 4521 1594 4575 diversis
1619 4522 1791 4576 modis
1822 4524 2086 4577 volentem

510 4630 657 4669 suam
681 4613 963 4669 ostendere
977 4614 1287 4683 potentiam,
1311 4612 1566 4667 creaturis
1592 4613 1657 4667 ad
1675 4629 1733 4667 ea
1769 4630 1919 4668 usum
1946 4630 2086 4669 esse.

518 4708 535 4759 l
555 4709 599 4759 ι.
632 4704 769 4759 Scon
789 4720 956 4777 regem
969 4704 1378 4758 Amorrlnzorum
1396 4715 1443 4757 et
1468 4704 1545 4774 Og
1566 4721 1729 4773 regem
1755 4705 1944 4761 Busan.
1971 4704 2087 4761 Non

516 4796 848 4864 persequitur
876 4796 1033 4849 urbes
1061 4834 1076 4859 ,
1110 4809 1281 4864 neque
1306 4795 1362 4848 in
1388 4794 1607 4863 singulis
1631 4795 1927 4850 insisteudo
1953 4812 2087 4865 pau-

513 4890 657 4944 latim
686 4897 867 4943 narrat
886 4888 1086 4957 praelia,
1117 4888 1210 4942 sed
1239 4902 1422 4941 rursus
1452 4902 1643 4956 ntagno
1662 4890 1842 4947 animo
1865 4900 2087 4958 praeter-

508 4981 677 5033 currit
720 4972 1142 5030 innumerabiles
1186 4988 1432 5031 catervas
1502 4979 1900 5034 miraculorum.
1949 4979 2084 5035 Cum

509 5071 653 5124 enim
684 5078 860 5137 posset
886 5068 1175 5131 immorari,
1200 5076 1255 5121 et
1281 5067 1587 5137 tragmdiam
1620 5068 1765 5123 illam
1794 5070 2085 5139 ampliﬁca—

511 5177 587 5221 re.
614 5175 717 5213 non
742 5159 841 5213 boc
869 5159 997 5212 facit
1022 5176 1034 5211 :
1062 5158 1155 5213 sed
1178 5174 1299 5214 cum
1322 5158 1549 5213 maxima
1574 5176 1633 5215 se
1657 5162 1875 5216 oﬂ‘crret
1902 5163 2086 5218 multi-

512 5253 636 5307 tudo
661 5268 845 5307 eorum
875 5268 993 5321 qua:
1023 5266 1053 5304 a
1082 5250 1190 5306 Deo
1217 5261 1360 5320 gesta
1383 5261 1544 5316 sunt,
1569 5268 1631 5307 ea
1657 5255 1834 5309 omnia
1860 5264 2083 5323 praeter-

509 5345 774 5402 eurrendo
792 5344 1142 5415 prosequitur.
1167 5344 1321 5413 Atqui
1352 5344 1427 5399 illi
1456 5345 1667 5414 quidem
1694 5357 1848 5402 erant
1871 5348 2082 5413 amnti,

512 5447 568 5490 ct
596 5436 754 5491 urbes
784 5435 1013 5490 munitas
1043 5434 1351 5488 habitabant
1380 5478 1395 5498 ,
1427 5443 1481 5489 et
1522 5437 1597 5490 rei
1646 5437 1891 5494 militaris
1923 5447 1979 5493 et
2004 5440 2080 5493 in-

512 5526 783 5581 struenda:
803 5523 937 5581 aciei
956 5533 1114 5580 erant
1141 5525 1290 5595 periti
1323 5543 1335 5577 :
1372 5526 1423 5578 hi
1456 5540 1581 5579 vero
1612 5529 1854 5594 exsules,
1886 5538 1939 5584 et
1969 5530 2085 5585 bel-

508 5681 615 5739 alii,
658 5672 741 5744 qui
776 5682 1116 5731 beneﬁciorum
1168 5683 1213 5729 in
1247 5682 1486 5733 Israelitas
1522 5682 1802 5735 collatorum
1834 5694 2083 5737 consortes

507 5751 665 5793 «aut.

572 5806 587 5839 ⁸
624 5802 778 5862 ωλι,
804 5816 895 5853 non
917 5802 1113 5853 desistit.

1289 400 1349 458 8.
1387 398 1664 458 JOANNIS
1698 391 2170 456 οιιιιῑεοετοδιι
2205 398 2520 459 ΔιιωΙΕΡ.
2560 404 3089 467 CONSTANTINOP.

2221 516 2365 579 laudi
2395 518 2595 589 ignari,
2616 535 2647 575 a
2673 520 2826 593 longa
2853 526 3114 582 servitute
3151 535 3208 581 et
3239 525 3491 581 diuturna
3518 530 3813 599 tyrannide

2216 606 2444 675 liberati,
2462 608 2601 667 {astte
2622 620 2678 668 et
2698 616 2954 670 arumnis
2971 617 3297 687 consumpti.
3313 617 3563 677 omnibus
3581 618 3649 675 ad
3669 621 3813 676 acci-

2217 697 2469 768 piendam
2514 702 2759 772 injuriam
2810 705 3075 773 expositi:
3105 706 3202 763 sed
3240 707 3329 764 illa
3366 706 3599 765 ducente
3639 725 3814 765 manu

2215 789 2453 844 omnium
2479 791 2833 862 potentissimi
2863 804 3039 851 erant.

2287 882 2342 937 6.
2370 882 2498 938 Erat
2524 884 2683 938 etiam
2709 884 2910 941 bellum
2930 886 3157 956 justum.
3188 886 3376 959 Neque
3399 890 3545 945 enim
3584 904 3682 946 eos
3712 890 3813 945 in-

2214 973 2500 1040 vasissent,
2528 973 2629 1028 nisi
2664 973 2741 1028 illi
2770 974 2850 1029 eis
2869 989 3089 1031 causam
3117 976 3396 1033 dedissent
3418 1019 3436 1045 ,
3466 987 3523 1033 et
3546 980 3693 1036 viam
3720 980 3813 1037 eis

2214 1063 2680 1132 interclusissent,
2722 1065 2864 1137 quod
2911 1077 3027 1122 erat
3063 1078 3317 1125 extrema:
3348 1070 3761 1127 inhumanitatia
3792 1090 3812 1127 :

2213 1163 2269 1210 et
2308 1154 2566 1211 Idumaeos
2604 1170 2709 1212 non
2738 1156 2863 1211 sivit
2904 1157 2975 1213 ad
3012 1158 3214 1215 bellum
3239 1160 3518 1218 accedere.
3547 1161 3627 1219 Ne
3652 1163 3809 1219 enim

2212 1244 2426 1300 silentio
2453 1246 2800 1313 conﬁdentes,
2829 1258 2953 1319 post
2976 1247 3095 1305 haec
3112 1266 3296 1306 rursus
3317 1251 3631 1309 invaderent
3654 1294 3672 1319 ,
3701 1253 3809 1310 sed

2210 1334 2410 1389 scirent
2434 1352 2553 1390 cum
2580 1337 2897 1406 quibusnam
2921 1339 3125 1396 bellare
3147 1380 3164 1405 ,
3190 1355 3222 1395 a
3244 1341 3436 1411 quibus
3466 1358 3596 1399 vero
3624 1344 3806 1399 absti-

2216 1440 2347 1480 nere
2366 1436 2660 1496 oporteret,
2691 1426 2793 1484 hoc
2811 1428 2940 1485 facit
2969 1432 3023 1486 in
3052 1432 3341 1489 solitudine
3363 1474 3378 1498 ,
3408 1449 3505 1505 per
3530 1449 3618 1490 res
3645 1436 3806 1505 ipsas

2211 1514 2383 1585 legem
2409 1515 2488 1570 eis
2516 1520 2845 1575 constituens
2867 1561 2884 1587 ,
2909 1521 3179 1590 quomodo
3206 1531 3474 1592 oporteret
3505 1525 3577 1578 uti
3598 1526 3681 1579 eis
3706 1526 3807 1596 qui

2209 1603 2316 1658 illis
2344 1616 2706 1663 occurrerent.
2728 1606 2798 1662 Et
2827 1610 3000 1664 omnia
3023 1627 3179 1681 regna
3206 1611 3472 1666 Chanaan.
3497 1612 3691 1668 Vidisti
3722 1631 3801 1668 ex

2209 1695 2293 1750 bis
2318 1696 2499 1752 doceri
2545 1699 2847 1761 universum
2882 1702 3068 1757 orbem
3096 1709 3254 1758 terra:
3276 1703 3302 1757 3
3329 1703 3804 1772 Quemadmodum

2206 1788 2349 1842 enim
2381 1787 2517 1859 ignis
2544 1789 2746 1859 spinas,
2773 1791 2845 1845 ita
2867 1791 2904 1845 ii
2930 1805 3117 1847 omnes
3143 1792 3472 1861 invaserunt,
3505 1810 3607 1849 nec
3636 1804 3801 1864 pote-

2208 1885 2292 1931 rat
2333 1879 2614 1948 quisquam
2657 1894 2755 1935 eos
2805 1881 3093 1938 sustinere.
3136 1881 3275 1937 Audi
3315 1898 3445 1953 ergo
3495 1885 3624 1954 quid
3651 1885 3807 1941 dicat

2205 1966 2443 2033 Balaam,
2475 1970 2565 2041 qui
2594 1983 2700 2024 non
2722 1985 2755 2024 a
2786 1969 3083 2041 prepbetis,
3114 1988 3219 2028 non
3249 1987 3279 2027 a
3322 1972 3468 2029 lose
3493 1973 3760 2030 didicerat
3781 2016 3800 2040 ,

2203 2056 2298 2111 sed
2328 2073 2359 2110 a
2384 2058 2546 2113 rebus
2575 2058 2703 2127 ipsis
2730 2076 2743 2113 :
2774 2057 2899 2113 Hec
2938 2070 3013 2114 est
3056 2077 3178 2130 gens
3220 2076 3339 2131 qua:
3369 2060 3551 2134 elingit
3587 2080 3801 2120 omnis

2204 2156 2393 2199 terram
2426 2144 2501 2217 (ιι)
2540 2145 2729 2218 (Nunt.
2757 2147 2849 2202 22.
2878 2147 2961 2219 4).
2995 2148 3186 2205 Vidisti
3215 2151 3430 2221 proprie
3446 2152 3646 2208 dictam
3676 2169 3803 2208 rne-

2206 2235 2484 2307 tapltoram
2508 2236 2668 2292 lNon
2688 2238 2857 2304 dixit,
2882 2238 3011 2307 Qua:
3037 2240 3232 2295 bellum
3259 2242 3433 2311 gerit,
3464 2258 3585 2312 qua:
3621 2245 3805 2298 tundit

2202 2335 2259 2382 et
2285 2328 2511 2395 evertit,
2538 2328 2633 2385 sed
2652 2371 2667 2394 ,
2694 2329 2826 2396 Qua
2851 2330 3026 2401 etingit
3052 2371 3069 2396 ,
3098 2331 3285 2387 volens
3319 2331 3604 2389 ostendere
3630 2350 3801 2404 quam

2203 2416 2363 2474 facile
2418 2419 2487 2473 ab
2533 2419 2617 2475 eis
2667 2421 2905 2491 pariatur
2954 2421 3174 2478 victoria
3214 2463 3229 2486 ,
3279 2432 3336 2477 et
3383 2424 3656 2493 quomodo
3709 2425 3798 2479 ci-

2205 2516 2284 2563 tra
2311 2511 2624 2579 sanguinem
2651 2511 2719 2567 ab
2741 2512 2821 2567 eis
2842 2521 3040 2581 tropea
3062 2512 3352 2582 erigantur,
3379 2523 3435 2569 et
3459 2514 3574 2569 sola
3602 2529 3799 2570 eorum

2204 2599 2509 2656 incursione
2551 2600 2751 2657 inimici
2797 2602 3163 2673 prodigi-Mur.
3211 2602 3329 2659 Non
3368 2620 3505 2674 opus
3530 2646 3547 2673 ,
3578 2605 3754 2676 inquit
3777 2647 3797 2672 ,

2204 2687 2402 2744 habent
2462 2690 2719 2745 instructa
2779 2692 2895 2747 acie
2919 2734 2935 2759 ,
2984 2707 3084 2747 nec
3140 2702 3198 2747 ut
3246 2694 3489 2764 praelium
3544 2697 3805 2752 conlinit-

2204 2787 2345 2833 tatur
2376 2820 2392 2846 ,
2446 2780 2539 2835 sed
2597 2790 2801 2835 tantum
2857 2782 3109 2838 invadere
3148 2786 3277 2839 satis
3317 2795 3402 2840 est
3434 2828 3451 2852 ,
3506 2795 3565 2841 et
3605 2788 3797 2841 omnia

2201 2871 2281 2926 eis
2304 2871 2519 2926 cedunt.
2548 2871 2665 2927 Non
2693 2873 2866 2927 solum
2894 2876 3035 2929 enim
3067 2884 3125 2929 ut
3152 2875 3267 2945 lege
3294 2876 3421 2931 belli
3449 2889 3506 2932 et
3533 2879 3798 2934 instructa

2200 2964 2316 3017 acie
2340 2966 2612 3019 vimerent
2635 2964 2833 3031 eﬂecit,
2862 2981 2931 3020 ne
2960 2966 3079 3036 quis
3110 2982 3172 3021 ea
3213 2984 3332 3037 qua:
3360 2968 3573 3035 ﬁebant,
3605 2970 3686 3026 eis
3712 2980 3799 3024 at-

2202 3052 2473 3118 tribueret,
2509 3054 2605 3108 sed
2632 3055 2896 3109 elementa
2938 3056 3083 3110 orbis
3109 3066 3264 3113 terra:
3291 3060 3342 3112 in
3368 3074 3462 3114 eos
3484 3075 3799 3117 commove-

2200 3141 2290 3196 bat
2318 3158 2333 3196 :
2363 3151 2418 3197 et
2441 3140 2562 3198 ideo
2592 3144 2803 3200 animos
2820 3140 3007 3200 eorum
3034 3147 3263 3217 primum
3289 3147 3649 3217 dejiciebatet
3668 3167 3796 3224 per-

2200 3233 2465 3297 turbabat,
2508 3242 2564 3288 et
2602 3234 2798 3290 cadens
2836 3237 3039 3306 grando
3077 3239 3275 3294 mullos
3312 3241 3564 3312 perdidit,
3607 3254 3663 3299 et
3705 3245 3795 3301 aol

2198 3325 2363 3391 stetit,
2391 3335 2445 3380 et
2470 3325 2665 3380 bellum
2695 3327 2903 3397 longius
2932 3331 3212 3400 protraxit,
3238 3341 3294 3386 et
3318 3332 3485 3387 multa
3525 3334 3797 3404 ejusmodi

2197 3417 2527 3472 admirabilia
2558 3418 2693 3473 facta
2724 3429 2871 3486 sunt,
2916 3431 2970 3476 et
3015 3421 3258 3478 tubarum
3303 3427 3512 3480 sonitus
3534 3428 3618 3481 vel
3666 3416 3794 3499 igne

2199 3509 2564 3565 vehementius
2602 3511 2653 3565 in
2700 3520 2874 3566 turres
2902 3512 3111 3568 irruens
3137 3528 3319 3569 muros
3345 3514 3527 3570 diruit.
3557 3516 3671 3572 Hoc
3696 3533 3796 3572 au-

2197 3611 2300 3654 tent
2331 3592 2567 3672 utrisque
2597 3603 2691 3657 fuit
2718 3604 2863 3658 utile.
2891 3604 3021 3657 Nam
3050 3614 3105 3659 et
3134 3605 3207 3659 illi
3235 3606 3539 3671 discebant,
3586 3608 3793 3664 bellum

2196 3704 2300 3745 non
2330 3692 2439 3761 geri
2465 3692 2534 3747 ab
2560 3692 2891 3757 hominibus;
2920 3703 2976 3747 et
3002 3692 3055 3748 hi
3083 3693 3411 3749 docebantur
3439 3704 3494 3749 ut
3520 3697 3589 3751 ad
3614 3699 3792 3758 Deum

2196 3784 2539 3851 respicerent,
2564 3801 2663 3840 nec
2694 3801 2940 3857 umquam
2963 3785 3031 3840 de
3049 3788 3211 3843 rebus
3232 3788 3395 3858 gestis
3417 3804 3479 3845 se
3496 3789 3788 3859 jactareut,

2197 3891 2486 3945 magnosve
2506 3878 2723 3945 spiritus
2747 3888 3036 3945 sumerent,
3067 3880 3161 3935 sed
3191 3894 3250 3936 se
3279 3880 3500 3937 honeste
3524 3894 3579 3936 et
3602 3884 3791 3938 nimie-

2197 3976 2309 4021 rate
2353 3978 2621 4037 gererent.
2652 3968 2765 4023 Hoc
2793 3971 2935 4025 enim
2976 3970 3137 4025 modo
3164 3972 3356 4028 vicisse
3394 3972 3566 4041 majus
3594 3975 3675 4029 eis
3699 3988 3791 4029 or-

2196 4067 2500 4113 namentum
2522 4059 2795 4126 all‘erebat,
2822 4075 2979 4129 quam
3001 4061 3173 4115 solum
3198 4063 3407 4127 vicisse,
3436 4073 3493 4115 ut
3525 4064 3668 4132 quad
3691 4079 3736 4118 et
3757 4079 3787 4118 s

2192 4148 2495 4216 Splendidos
2533 4148 2801 4214 redderet,
2831 4158 2886 4204 et
2911 4151 3228 4206 modestiam
3264 4152 3519 4217 doceret;
3546 4152 3788 4221 splendi-

2193 4241 2290 4294 dos
2335 4250 2499 4305 certe,
2540 4240 2680 4309 quod
2722 4242 2879 4295 talem
2926 4241 3183 4297 baberent
3211 4243 3623 4313 imperatorem;
3671 4259 3788 4298 mo-

2193 4332 2372 4386 destos
2399 4341 2597 4391 autem.
2629 4332 2768 4400 quod
2801 4333 3068 4403 prteclaris
3093 4335 3205 4388 suis
3231 4335 3385 4389 lactis
3411 4350 3517 4389 non
3546 4335 3785 4390 intume-

2193 4432 2422 4476 scerent.
2467 4422 2554 4475 12.
2585 4420 2651 4475 Et
2680 4423 2817 4476 dedit
2842 4432 3026 4477 terram
3053 4441 3226 4479 eorum
3262 4426 3607 4492 hereditatem,
3636 4427 3786 4480 liere-

2193 4514 2396 4567 ditatem
2428 4512 2591 4567 Israel
2611 4516 2796 4584 populo
2833 4531 2943 4568 suo.
2975 4514 3089 4570 Hoc
3128 4530 3339 4587 quoque
3375 4526 3457 4572 est
3491 4518 3782 4573 maximunt

2193 4605 2529 4668 miraculum,
2559 4607 2699 4675 quod
2732 4622 2836 4661 non
2862 4608 3035 4662 solum
3060 4608 3416 4678 expellerent,
3447 4609 3542 4664 sed
3582 4620 3783 4665 terram

2191 4697 2349 4750 etiam
2396 4711 2656 4766 occupare
2684 4707 2920 4765 possent,
2961 4707 3017 4753 et
3043 4700 3202 4755 urbes
3244 4699 3562 4755 distribuere
3596 4718 3610 4755 :
3639 4702 3782 4770 quod

2192 4788 2271 4841 eis
2306 4803 2516 4857 quoque
2545 4804 2785 4857 magnam
2832 4789 3099 4859 przebebat
3139 4790 3486 4855 voluptatem,
3530 4807 3778 4861 magnum

2192 4892 2583 4943 ornamentum,
2619 4897 2860 4951 magnam
2884 4883 3142 4937 lanitium.
3174 4882 3229 4937 id
3249 4893 3427 4937 autem
3454 4884 3543 4937 Dei
3566 4901 3782 4955 quoque

2192 4982 2273 5026 est
2299 4974 2566 5039 potentiae.
2595 4973 2705 5026 Non
2732 4974 2874 5027 enim
2898 4989 3055 5042 parva
3082 4991 3166 5030 res
3188 4984 3271 5031 est
3294 4990 3585 5044 occupasse
3607 4978 3784 5046 regio-

2193 5078 2313 5118 nem
2340 5064 2593 5130 bostium,
2626 5067 2719 5120 sed
2762 5065 2829 5121 ad
2856 5067 2956 5121 hoc
2984 5084 3193 5138 quoque
3222 5086 3414 5138 magno
3442 5071 3533 5125 Dei
3580 5073 3781 5127 auxilio

2193 5168 2323 5224 Opus
2352 5165 2451 5209 est.
2484 5157 2570 5211 15.
2600 5156 2834 5223 Domine,
2860 5175 3041 5215 nomen
3065 5172 3206 5217 tuum
3234 5161 3286 5213 in
3306 5171 3569 5227 aeternum,
3602 5173 3647 5215 et
3678 5181 3778 5217 mc-

2191 5246 2399 5301 moriale
2428 5258 2567 5301 tuum
2604 5248 2656 5299 in
2684 5250 3051 5316 generationem
3095 5259 3141 5303 et
3183 5252 3575 5322 generationem.
3605 5254 3777 5319 Alius,

2192 5336 2493 5391 Recordatio
2518 5340 2589 5393 tui
2621 5341 2720 5405 (ὸ).
2751 5339 2845 5395 liic
2869 5340 3135 5409 intercipit
3160 5342 3415 5398 orationis
3440 5346 3634 5399 seriem
3661 5347 3779 5414 glo-

2192 5429 2503 5493 rilicatione,
2548 5432 2689 5498 quod
2735 5446 2945 5499 semper
2967 5432 3144 5487 solent
3178 5433 3344 5488 sancti
3396 5434 3589 5489 facere.
3622 5436 3777 5492 Pest-

2190 5535 2345 5588 quani
2385 5521 2525 5575 enim
2556 5520 2622 5574 de
2652 5522 2742 5574 Dei
2775 5522 3044 5577 miraculis
3081 5523 3279 5593 ahquid
3305 5524 3485 5579 dicere
3517 5525 3775 5595 incipienv

2252 5632 2323 5689 (a)
2357 5638 2464 5699 llaec
2486 5638 2599 5699 sunt
2624 5633 2961 5699 v_erba_Moahi.
3104 5635 3328 5699 Balaami,
3348 5650 3443 5685 nec
3467 5651 3667 5699 parvum
3701 5654 3774 5687 m-

2190 5699 2345 5758 terest
2366 5692 2623 5742 discrimen
2649 5694 2753 5742 haec
2779 5696 2905 5744 inter
2930 5702 2984 5745 et
3006 5693 3085 5744 illa
3102 5710 3214 5758 quae
3239 5701 3283 5745 iu
3316 5695 3441 5748 libro
3462 5692 3777 5751 Sunicmrum

2190 5753 2436 5813 leguntur.

2255 5813 2325 5875 (ὁ)
2359 5821 2466 5863 Haec
2492 5816 2827 5878 interpretatio
2851 5817 2987 5882 cuju-
3019 5828 3080 5868 stt
3104 5828 3365 5883 ignoratur.
