4086 6460
315 391 421 445 597

316 513 416 569 trs,
461 501 770 559 inﬂammati
813 500 1032 567 fuerint,
1065 514 1169 554 non
1214 499 1360 568 prius
1403 496 1467 550 ad
1514 496 1672 552 linem
1720 510 1907 565 perve-

314 595 486 661 niunt,
526 609 684 665 quam
731 607 828 662 pro
869 593 933 646 iis
971 606 1090 662 qua:
1131 587 1270 644 dicta
1297 598 1423 642 sunt
1449 587 1616 642 Deum
1644 575 1809 656 gloria
1855 596 1910 640 et

315 687 467 742 laude
496 687 792 750 all'eeerint,
825 692 882 740 et
908 686 980 738 ita
1009 697 1164 737 suum
1192 679 1517 744 desiderium
1547 669 1905 748 impleverim.

310 780 460 846 Quod
491 781 650 834 etiam
697 774 893 830 Paulus
928 774 1125 844 ubique
1165 773 1290 826 facit
1330 789 1344 827 :
1378 767 1608 825 maxime
1633 781 1808 825 autem
1852 770 1905 824 in

306 864 585 938 prooemiis
614 868 972 939 Epistolarum
992 909 1006 931 ,
1040 878 1093 920 ut
1121 863 1336 936 quando
1365 865 1492 919 dicit
1518 863 1774 919 Ecclesiis
1801 862 1908 918 Ga-

309 961 448 1014 latia-
487 976 499 1011 :
523 953 710 1012 Gratia
741 956 878 1010 vobis
904 944 956 1010 et
987 973 1089 1029 pax
1108 974 1139 1008 a
1163 955 1272 1009 Deo
1319 952 1476 1009 Patre
1503 966 1694 1019 nostra,
1721 964 1765 1007 et
1798 953 1905 1007 Do-

307 1051 441 1101 mino
463 1047 590 1101 Jesu
616 1048 838 1112 Christo,
863 1047 946 1115 qui
965 1045 1102 1099 dedit
1120 1046 1342 1115 seipsum
1365 1045 1460 1114 pro
1486 1045 1700 1121 peccatis
1720 1044 1905 1098 nostris

304 1142 583 1194 secundum
628 1139 934 1194 voluntatem
975 1138 1072 1193 Dei
1099 1148 1146 1192 et
1187 1137 1361 1192 Patris
1394 1138 1574 1198 nostri,
1621 1139 1703 1196 cui
1739 1137 1904 1208 gloria

303 1234 356 1287 in
400 1218 590 1287 secula
632 1231 954 1286 stet-alarum.
983 1231 1140 1285 Amen
1167 1228 1308 1303 (Cal.
1336 1231 1387 1285 1.
1420 1230 1474 1299 3.
1507 1230 1585 1297 5).
1614 1228 1682 1284 Ει
1707 1231 1759 1284 in
1787 1230 1903 1299 epi-

302 1325 440 1379 stola
472 1323 538 1377 ad
567 1322 846 1378 Romanos
871 1338 885 1374 :
924 1321 1150 1388 Quorum
1174 1321 1404 1392 adoptio,
1432 1330 1480 1375 et
1507 1321 1693 1392 gloria,
1722 1329 1769 1374 et
1791 1320 1902 1374 eul-

302 1424 404 1477 tus,
433 1423 482 1467 et
507 1398 796 1483 promissio,
835 1429 1050 1484 quorum
1081 1423 1268 1482 patres,
1299 1421 1348 1483 et
1373 1428 1437 1466 ea:
1465 1412 1646 1482 quibus
1671 1410 1902 1467 Christus

305 1505 583 1558 secundum
608 1520 832 1567 cantem,
862 1503 951 1572 qui
979 1512 1051 1557 est
1079 1519 1233 1573 super
1256 1501 1428 1556 omnia
1457 1502 1740 1556 benedictus
1765 1501 1900 1555 Dens

301 1596 354 1648 in
385 1595 593 1650 stecula.
624 1595 784 1648 Amen
828 1592 1003 1664 (Rom.
1034 1594 1091 1648 9.
1133 1593 1211 1664 ι).
1253 1590 1323 1647 Et
1365 1606 1550 1648 rursus
1573 1592 1698 1647 alibi
1727 1610 1741 1646 :
1776 1590 1900 1662 Regi

299 1695 471 1740 autem
498 1685 801 1739 seculorum
822 1683 1118 1747 immortali,
1139 1683 1397 1748 inuisibili,
1426 1685 1524 1749 soli
1543 1683 1762 1752 sapienti
1789 1681 1899 1737 Deo

299 1777 467 1831 honor
493 1787 539 1830 et
557 1774 722 1848 gloria
742 1776 798 1829 in
822 1774 1009 1830 secula
1035 1776 1357 1830 saeculorum.
1385 1775 1544 1829 Amen
1571 1775 1650 1842 (1.
1682 1773 1817 1829 Tim.
1843 1780 1895 1831 1.

300 1871 418 1939 17).
442 1868 528 1922 'lta
560 1870 718 1923 etiam
745 1868 833 1923 hic
860 1853 1116 1939 propheta
1137 1883 1264 1922 cum
1297 1860 1476 1922 mente
1504 1865 1760 1937 agitasset
1785 1868 1898 1920 uni-

301 1977 510 2015 versam
541 1961 632 2016 Dei
662 1959 1072 2030 providentiam,
1121 1959 1328 2030 plagam
1369 1959 1422 2013 in
1462 1958 1718 2029 Egypto,
1750 1958 1895 2028 varia

296 2063 354 2110 et
368 2055 579 2111 diversa
605 2053 862 2109 beneficia
885 2069 1003 2123 quae
1025 2052 1076 2106 in
1105 2051 1390 2107 solitudine
1410 2051 1477 2105 ab
1496 2052 1587 2106 illo
1614 2052 1665 2105 in
1682 2050 1895 2123 Judaeos

295 2144 489 2202 collata
516 2153 659 2206 sunt.
682 2160 804 2215 quae
827 2120 922 2214 pro
949 2143 1050 2199 illis
1079 2143 1338 2198 adversus
1366 2142 1549 2196 hostes
1576 2142 1710 2196 facta
1733 2120 1851 2196 sunt
1878 2160 1892 2198 :

294 2235 367 2290 ab
412 2236 529 2303 ejus
583 2234 835 2289 ineﬂ‘abili
889 2232 1217 2301 benignitate
1267 2231 1664 2297 inﬂammatus,
1718 2232 1897 2286 emisit

295 2327 763 2396 gloriﬁcationem,
789 2325 974 2380 dicens
998 2314 1273 2389 :Domine,
1304 2339 1482 2377 nomen
1510 2332 1652 2376 tuum
1677 2323 1731 2376 in
1751 2333 1896 2377 teter-

295 2435 442 2482 num,
471 2416 707 2483 Domine,
739 2415 1029 2470 memoriule
1052 2424 1192 2467 tuum
1212 2431 1242 2466 a
1262 2414 1584 2484 generatione
1606 2406 1661 2466 in
1685 2430 1898 2484 genera-

295 2513 505 2563 tionem.
536 2508 647 2562 lloc
687 2516 804 2573 est,
843 2505 1022 2561 Gloria
1052 2519 1136 2560 tua
1167 2515 1244 2560 est
1274 2515 1546 2576 perpetua.
1581 2504 1724 2559 Nihil
1749 2507 1892 2560 enim

293 2604 344 2656 ei
373 2601 527 2656 aﬂ‘ert
578 2600 743 2654 ullum
788 2598 1189 2674 detrimentum,
1214 2598 1343 2651 nihil
1369 2611 1487 2652 eam
1532 2577 1894 2666 interrumpit,t

293 2695 389 2748 sed
419 2704 505 2748 est
532 2706 764 2761 semper,
808 2699 862 2746 et
889 2677 1075 2745 manet.
1095 2674 1460 2754 immutabilis,
1507 2699 1561 2745 et
1596 2705 1624 2744 a
1665 2705 1896 2745 conver-

293 2786 449 2840 sione
477 2784 696 2837 omnino
721 2783 914 2846 aliena,
940 2781 1138 2837 ﬂorens
1178 2798 1242 2837 ac
1287 2783 1490 2853 vigens.
1524 2782 1661 2850 Quid
1690 2791 1772 2837 est
1798 2797 1894 2835 au-

294 2885 426 2939 tam,
451 2860 750 2926 Hemoriale
775 2882 913 2926 tuum
943 2872 994 2925 in
1023 2873 1392 2943 generationem
1417 2882 1464 2926 et
1487 2873 1894 2943 generationem?

293 2965 415 3028 Tui,
445 2965 634 3032 lnquit,
668 2964 922 3018 memoria
947 2978 1052 3017 non
1080 2963 1295 3028 desinit,
1323 2974 1377 3018 et
1396 2961 1555 3017 linem
1579 2978 1683 3018 non
1707 2963 1888 3019 habet.

294 3059 383 3114 14.
420 3057 552 3124 Quia
567 3044 821 3128 iudicabit
846 3055 1092 3110 Dominus
1117 3057 1360 3126 pupulum
1386 3073 1553 3122 suum,
1585 3067 1631 3110 et
1657 3057 1709 3109 in
1738 3058 1892 3111 semis

292 3153 398 3206 suis
423 3151 791 3221 deprecabitur.
821 3147 916 3203 Vel
947 3157 1170 3219 utraque
1196 3148 1311 3203 [nec
1337 3148 1439 3203 dici
1468 3159 1692 3218 possunt
1711 3149 1778 3203 de
1804 3164 1892 3219 po-

291 3244 440 3314 pulo,
463 3243 604 3313 quod
633 3242 700 3296 de
725 3255 790 3296 eo
819 3255 1009 3312 ptenas
1033 3248 1229 3303 sumet,
1261 3250 1315 3295 et
1347 3249 1526 3308 postea
1554 3241 1806 3308 cessabit,
1835 3252 1890 3299 et

291 3336 440 3404 ipsos
467 3333 728 3389 recreabit
759 3348 773 3384 :
806 3331 889 3386 vel
929 3330 1161 3395 divisim,
1197 3329 1630 3405 Consolationem
1671 3333 1886 3401 quidem

291 3427 539 3497 accipiet,
585 3424 656 3479 de
701 3424 897 3493 populo
935 3440 948 3477 :
994 3421 1252 3476 Judicabit
1277 3413 1491 3485 autem,
1524 3423 1589 3478 de
1628 3422 1886 3477 Imstibus.

293 3517 407 3572 lloc
437 3525 540 3578 est,
574 3514 698 3569 Illos
741 3512 955 3583 quidem
1000 3512 1302 3577 recreabit;
1337 3511 1438 3566 hoc
1474 3512 1619 3566 enim
1651 3512 1751 3587 sibi
1780 3513 1892 3568 vult

291 3608 422 3664 illud
451 3648 467 3668 .
495 3605 930 3663 Consolationem
974 3600 1228 3674 accipiet;
1258 3603 1520 3658 Iudicabit
1563 3616 1741 3660 autem
1796 3607 1890 3660 bo-

289 3709 406 3756 stcs
437 3717 450 3754 :
483 3699 585 3753 hoc
606 3707 708 3764 est,
732 3697 802 3753 de
822 3697 950 3766 ipsis
977 3711 1162 3768 poenas
1191 3706 1386 3752 sumet.

371 3795 423 3850 7.
457 3793 661 3848 Deinde
683 3791 934 3862 quoniam
958 3803 1061 3844 non
1088 3799 1297 3860 poterat
1318 3790 1498 3846 dicere
1522 3805 1708 3845 eorum
1745 3800 1892 3848 recte

292 3884 562 3952 lacta,hac
585 3881 906 3953 justiﬁcandi
934 3883 1140 3938 ratione
1160 3882 1342 3948 utitur,
1361 3897 1553 3952 nempe
1566 3884 1780 3937 nomine
1797 3899 1892 3953 po-

291 3977 426 4046 puli,
441 3985 493 4031 et
512 3975 725 4030 nomine
740 3987 1036 4028 servorum.
1057 3973 1188 4027 Cum
1215 3982 1390 4028 autem
1409 3972 1564 4039 dixit,
1584 3969 1890 4044 Depreéabi-

294 4078 398 4133 tur,
438 4065 670 4122 ostendit
708 4065 1193 4128 rec0nciliationem
1228 4079 1350 4120 esse
1384 4065 1523 4119 illius
1564 4066 1886 4131 clementize,

292 4174 400 4214 non
434 4167 611 4211 autem
639 4173 702 4210 ex
743 4156 954 4210 illorum
985 4155 1211 4209 meritis.
1239 4155 1335 4231 tibi
1374 4156 1518 4211 enim
1543 4157 1887 4228 deprecatio,

292 4251 452 4304 venia
506 4262 641 4319 Opus
695 4255 779 4301 est
825 4264 839 4300 :
891 4246 981 4302 ubi
1031 4257 1209 4301 autem
1255 4261 1390 4316 opus
1439 4257 1524 4303 est
1563 4251 1734 4316 venia,
1781 4267 1888 4308 non

290 4350 418 4398 sunt
467 4350 613 4396 recte
668 4340 925 4393 factorum
977 4345 1194 4406 merita,
1245 4339 1340 4394 scd
1392 4349 1476 4396 est
1519 4350 1728 4412 tempus
1779 4345 1892 4402 cle-

293 4432 529 4488 mentiae.
578 4430 840 4497 Quoniam
884 4445 1012 4498 ergo
1061 4430 1194 4484 dixit
1243 4433 1485 4501 superius
1526 4432 1890 4490 :Jlemoriale

291 4535 437 4578 tnurn
465 4524 518 4577 in
546 4506 917 4594 generationem
957 4530 1003 4574 et
1041 4523 1434 4591 generationem,
1466 4523 1566 4577 soli
1597 4533 1776 4579 autem
1821 4542 1886 4581 ex

288 4618 406 4672 aliis
434 4614 682 4688 gentibus
712 4614 812 4682 ipsi
852 4620 978 4666 tunc
1008 4613 1172 4666 Deum
1219 4613 1319 4667 sibi
1364 4614 1760 4684 adscribebaut,
1795 4633 1890 4686 per

292 4711 392 4765 hoc
418 4709 525 4764 tale
551 4707 676 4778 quid
698 4705 980 4778 signiﬁcat,
1008 4713 1064 4759 et
1089 4705 1239 4770 dicit,
1265 4705 1420 4761 Salus
1447 4708 1625 4776 populi
1655 4709 1890 4765 ostendit

290 4812 435 4856 tuam
467 4801 605 4872 apud
637 4799 834 4875 multos
860 4797 1105 4867 gloriam.
1135 4798 1264 4864 Qua:
1290 4800 1432 4852 enim
1461 4809 1648 4855 natura
1675 4801 1721 4858 ci
1749 4802 1891 4858 inest

289 4893 455 4963 gloria
478 4934 494 4958 ,
525 4892 622 4945 etsi
653 4881 832 4944 nullus
859 4902 980 4943 eum
1023 4887 1166 4941 colat
1206 4897 1260 4942 et
1300 4889 1586 4957 observet,
1629 4900 1889 4962 perpetuo

290 4992 491 5047 manet,
515 4990 571 5037 et
598 4996 697 5035 nec
727 4979 912 5039 minui,
945 4993 1045 5033 nec
1070 4978 1312 5044 dissolvi,
1339 4995 1438 5034 nec
1459 4982 1652 5034 mutari
1676 4990 1886 5049 poteSt:

289 5091 410 5146 qnte
452 5074 524 5129 sit
549 5082 728 5126 autem
755 5071 871 5142 ejus
898 5069 1037 5139 apud
1084 5071 1282 5124 multos
1325 5071 1578 5133 laudatio.
1626 5089 1655 5127 a
1708 5084 1888 5130 nostra

289 5169 450 5223 etiam
497 5167 667 5220 salute
708 5163 1040 5222 ostendetur.
1087 5178 1207 5216 cum
1249 5180 1346 5218 nos
1385 5166 1674 5231 civitatem,
1717 5169 1887 5223 aedem

289 5274 516 5322 sacram,
550 5266 603 5312 et
632 5253 889 5325 templum
930 5256 1315 5321 receperimus,
1348 5265 1403 5312 ct
1439 5258 1675 5327 pristina:
1706 5261 1888 5330 reipu-

290 5349 442 5405 blicae
468 5347 698 5402 restituti
726 5346 1002 5401 fuerimus.
1113 5403 1116 5405 _

363 5438 769 5495 Simulacrorum
811 5441 1025 5494 vanitas.
1071 5440 1286 5495 Damon
1329 5456 1419 5494 cur
1457 5439 1610 5494 idolis
1647 5441 1883 5499 assideat.

291 5560 360 5575 --ι
390 5529 478 5584 15.
529 5528 821 5584 Simulacra
864 5532 1087 5600 gentium
1123 5541 1387 5600 argentum
1415 5540 1462 5584 et
1491 5547 1670 5584 aurum
1692 5573 1707 5596 ,
1732 5549 1886 5603 opera

292 5639 533 5677 manuum
573 5621 854 5676 hominum;
900 5623 1168 5690 Quoniam
1224 5624 1275 5677 in
1327 5622 1587 5692 principio
1641 5624 1883 5688 dixerat,

296 5713 543 5767 Dominus
572 5721 736 5765 autem
767 5723 933 5766 noster
964 5729 1070 5782 pro:
1096 5713 1325 5766 omnibus
1357 5715 1473 5778 diis,
1520 5723 1572 5767 ct
1615 5714 1759 5768 visus
1805 5726 1886 5772 est

287 5800 863 5872 percomparationcm
926 5803 1259 5859 introducere
1302 5802 1580 5870 q::amdam
1623 5805 1884 5858 excellen-

1425 378 1785 437 EXPOSITIO
1825 377 1890 435 IN
1928 378 2254 465 ΡεΑιμυω
2292 379 2578 439 CXXXIV.

3514 383 3619 438 398

2018 493 2145 548 tiam
2194 507 2413 564 propter
2467 498 2883 553 imbecillitatem
2927 513 3114 554 eorum
3155 498 3243 570 qui
3289 499 3616 564 audiebant,

2016 585 2138 638 vide
2166 587 2434 654 quomodo
2461 578 2571 643 hoc
2587 589 2763 644 verbis
2800 591 3106 660 ampliﬁcat.
3152 591 3441 660 Postquam
3471 593 3616 647 enim

2015 691 2046 729 a
2074 675 2164 731 Dei
2211 679 2443 745 potentia
2494 678 2701 734 initium
2747 680 2920 748 duxit,
2962 690 3016 736 et
3053 683 3189 736 dixit
3222 697 3343 752 qua:
3392 683 3443 736 iu
3485 687 3619 736 czelo

2016 776 2159 830 sunt,
2196 783 2316 838 quae
2355 769 2407 823 in
2451 781 2613 836 terra,
2641 786 2762 839 quae
2796 772 2847 826 in
2876 772 3105 844 abyssis,
3133 789 3252 842 alia:
3284 774 3335 826 in
3377 772 3613 838 Judmis,

2013 874 2133 927 qua:
2159 859 2211 913 in
2237 861 2469 929 prepria,
2499 877 2619 932 qua:
2646 862 2698 917 in
2721 862 2889 918 aliena
2921 874 3081 925 terra,
3112 880 3231 935 quae
3263 865 3314 918 in
3349 865 3612 930 hostibus,

2011 964 2130 1017 quae
2162 941 2212 1003 in
2237 949 2502 1020 gentibus,
2539 951 2676 1007 facta
2702 963 2846 1016 sunt,
2870 953 3063 1009 deinde
3083 970 3204 1009 cum
3228 955 3347 1024 ejus
3371 955 3616 1025 benigni-

2010 1050 2175 1096 tatem
2208 1056 2510 1099 revocasset
2541 1045 2594 1099 in
2634 1047 2970 1112 memoriam,
3014 1046 3328 1111 bonitatem,
3368 1046 3612 1102 clemen-

2012 1134 2158 1196 tiam,
2187 1137 2539 1203 curationem,
2566 1139 2907 1208 sapientiam,
2938 1148 2993 1193 et
3024 1139 3335 1207 potentiam.
3359 1147 3413 1194 et
3441 1139 3607 1194 Deum

2008 1239 2130 1279 esse
2158 1227 2550 1291 universorum,
2582 1241 2635 1283 et
2660 1229 2896 1284 universi
2926 1229 3073 1284 orbis
3102 1238 3258 1285 terra:
3296 1245 3481 1284 curam
3519 1243 3613 1298 ge-

2007 1330 2130 1370 rere
2173 1315 2532 1396 ostendisset,”
2553 1318 2738 1374 irridet
2763 1318 3017 1389 deinceps
3045 1329 3101 1374 et
3130 1319 3430 1374 ludiﬁcatur
3457 1318 3612 1374 idoli-

2006 1395 2189 1461 corunt
2217 1408 2439 1463 deorum
2472 1409 2916 1486 imbecillitatem,
2944 1419 3002 1468 et
3022 1413 3202 1467 statim
3249 1412 3317 1468 ab
3362 1414 3474 1482 ipsa
3515 1428 3610 1466 ua-

2008 1505 2124 1551 tura
2169 1499 2222 1552 in
2253 1499 2398 1568 ipsos
2445 1500 2715 1554 invehitur
2747 1519 2764 1556 :
2793 1502 2901 1555 imo
2929 1517 3061 1558 vero
3105 1503 3278 1572 ipsum
3311 1516 3507 1557 nomen
3538 1503 3605 1557 ad

2004 1601 2190 1640 eorum
2240 1591 2712 1660 reprehensionem
2750 1591 2988 1661 adducit.
3035 1591 3239 1648 Idolum
3280 1593 3423 1646 enim
3474 1591 3604 1648 nihil

2005 1679 2258 1736 estaliud
2286 1696 2444 1749 quam
2472 1681 2596 1751 quid
2641 1681 2962 1737 imbecillum
3000 1690 3056 1737 et
3091 1683 3386 1751 abiectum.
3426 1692 3484 1738 et
3509 1697 3607 1737 no-

2006 1788 2126 1824 men
2175 1770 2401 1827 snmmtn
2442 1773 2787 1828 infirmitatis.
2833 1773 3094 1843 Quocirca
3126 1774 3250 1830 hinc
3276 1775 3487 1843 incipit,
3516 1776 3603 1830 di-

2002 1853 2153 1929 cens,
2183 1863 2472 1933 Simulacra
2495 1867 2721 1934 gentium
2746 1875 3012 1938 argentum
3036 1877 3084 1920 et
3105 1883 3308 1920 aurum.
3341 1866 3598 1932 Primum,

2001 1957 2145 2026 quod
2170 1959 2549 2025 simulacrum;
2578 1959 2898 2027 secundum,
2919 1960 3064 2030 quod
3090 1957 3324 2015 inanima
3345 1959 3600 2024 materia;

2005 2049 2242 2116 tertium,
2273 2051 2414 2120 quod
2444 2050 2546 2106 hoc
2576 2053 2693 2120 ipso
2715 2053 2859 2122 quod
2887 2061 3014 2106 sunt
3041 2052 3347 2117 simulacra,
3379 2068 3484 2106 non
3511 2068 3597 2106 so~

2002 2138 2110 2192 lum
2141 2154 2204 2193 ex
2249 2140 2442 2209 seipsis
2487 2141 2775 2206 imbecilla,
2818 2139 2941 2196 vilia
2973 2151 3028 2197 et
3072 2142 3296 2212 abjecta.
3323 2144 3458 2206 sint,
3506 2143 3600 2198 sed

2000 2232 2160 2284 etiam
2187 2231 2327 2300 quod
2368 2217 2439 2287 ab
2468 2225 2778 2288 hominibus
2818 2234 2971 2288 facta.
2999 2232 3260 2301 Quocirca
3303 2235 3599 2303 subjunxit,

2004 2321 2172 2391 ορωά
2194 2339 2434 2377 manuum
2458 2324 2738 2389 hominum,
2761 2324 2903 2395 quod
2924 2325 3138 2393 quidem
3161 2334 3244 2381 est
3264 2327 3491 2382 maxima
3515 2343 3602 2383 re-

2001 2413 2286 2482 prehensio
2331 2429 2516 2470 eorum
2563 2416 2652 2486 qui
2698 2416 2785 2470 illa
2832 2417 3045 2482 colunt;
3078 2432 3271 2487 nempe
3308 2418 3449 2487 quod
3476 2432 3597 2472 cum

2001 2508 2098 2575 ipsi
2128 2507 2234 2561 sint
2263 2509 2315 2562 in
2345 2523 2506 2563 causa
2531 2524 2630 2564 cur
2649 2523 2712 2564 ea
2741 2510 2870 2575 sint,
2900 2509 2953 2563 in
2982 2509 3062 2564 eis
3089 2518 3271 2565 tamen
3301 2524 3413 2564 sua:
3440 2514 3608 2578 spem

1998 2599 2494 2654 salutis-collucent.
2523 2599 2609 2654 16.
2639 2598 2710 2653 0s
2731 2599 2936 2665 habent,
2966 2609 3012 2654 et
3034 2617 3134 2654 non
3158 2600 3441 2670 loquentur.
3471 2600 3601 2656 Ocu-

1999 2689 2074 2742 los
2113 2689 2316 2754 habent,
2347 2701 2523 2744 etnon
2564 2691 2820 2745 uidebunt.
2845 2693 2938 2747 17.
2961 2691 3123 2746 Aures
3162 2693 3364 2757 habent,
3407 2703 3454 2748 et
3495 2711 3599 2750 non

1998 2783 2224 2838 audient.
2259 2781 2437 2853 Neque
2473 2785 2605 2837 enim
2652 2793 2725 2838 est
2765 2785 2975 2855 spiritus
3003 2785 3055 2838 in
3102 2801 3190 2838 ore
3230 2787 3476 2855 ipsorum.
3506 2789 3594 2842 18.

1999 2870 2203 2928 Similes
2229 2876 2331 2930 illis
2358 2876 2486 2944 ﬁant
2509 2877 2594 2945 qui
2621 2876 2818 2944 faciunt
2844 2893 2924 2942 ea,
2956 2885 3004 2930 et
3029 2892 3199 2931 omnes
3220 2879 3306 2946 qui
3331 2880 3596 2944 conﬁdunt

1997 2969 2048 3022 in
2075 2970 2167 3024 eis.
2217 2969 2312 3038 0s,
2358 2972 2547 3039 inquit,
2579 2973 2799 3036 ,habent,
2853 2983 2901 3027 et
2943 2991 3044 3026 non
3088 2974 3372 3042 loquentur.
3406 2971 3593 3026 Vidisti

1996 3061 2266 3130 quomodo
2290 3071 2448 3131 auget
2473 3063 2797 3128 irrisionem,
2823 3071 2878 3118 et
2904 3063 3142 3119 fraudem
3164 3063 3437 3132 coarguit?
3457 3061 3597 3129 Quo-

1997 3153 2138 3206 niam
2173 3154 2318 3207 enim
2360 3168 2421 3207 ea
2451 3169 2595 3224 smpe
2641 3164 2858 3210 movent
2899 3155 3194 3218 daemones,
3228 3155 3495 3210 lictionem
3541 3165 3596 3210 et

1996 3245 2298 3298 simulatum
2326 3254 2502 3299 actum
2545 3261 2731 3300 eorum
2759 3245 2978 3315 detegit,
3005 3245 3296 3300 ostendens
3341 3260 3444 3299 non
3473 3234 3594 3299 esse

1995 3337 2238 3408 spiritum
2271 3337 2322 3390 in
2352 3350 2447 3390 ore
2476 3335 2735 3405 ipsorum.
2769 3337 2833 3390 Et
2877 3352 3120 3406 quamam
3152 3345 3236 3390 est
3262 3350 3422 3391 causa
3452 3336 3592 3404 quod

1998 3427 2169 3481 malus
2205 3426 2416 3482 daemon
2446 3426 2667 3496 absque.
2693 3428 2799 3505 illis
2842 3427 2972 3482 nihil
3005 3428 3148 3492 facit,
3181 3443 3281 3482 nec
3320 3427 3595 3496 loquitur?

1995 3519 2258 3586 Quoniam
2303 3521 2494 3588 stupri,
2537 3519 2805 3586 adulterii,
2852 3531 2906 3574 et
2934 3521 3404 3576 innumerabilium
3436 3521 3591 3574 vitio-

1996 3628 2114 3665 rum
2145 3612 2408 3666 rolumnze
2437 3621 2564 3665 sunt
2589 3611 2777 3665 horum
2809 3612 3216 3666 simulacrorum
3249 3612 3431 3682 ﬁgura:
3458 3630 3472 3666 :
3499 3603 3596 3666 do;

1995 3717 2126 3756 cens
2154 3717 2249 3758 eos
2276 3703 2364 3773 qui
2392 3702 2722 3757 scducuutur
2745 3742 2761 3769 ,
2791 3718 2886 3772 per
2914 3703 3086 3770 ipsum
3113 3712 3408 3758 statuarum
3437 3718 3595 3771 aspe-

1994 3803 2142 3847 ctum
2171 3807 2262 3847 eas
2287 3808 2375 3848 res
2404 3794 2630 3863 imitari,
2653 3808 2876 3863 quarum
2902 3793 3122 3864 ﬁguram
3163 3796 3451 3864 praeferunt
3495 3808 3598 3849 sta-

1997 3893 2122 3950 tum,
2154 3885 2232 3938 eis
2258 3884 2455 3938 assidet
2481 3899 2542 3939 ea
2573 3898 2814 3948 movens,
2851 3893 2905 3939 et
2931 3885 3221 3953 decipiens.
3258 3880 3458 3941 Deinde
3484 3902 3596 3940 rur-

1995 3990 2088 4029 sus
2112 3976 2217 4030 alio
2261 3974 2640 4030 ludiﬁcationis
2667 3991 2863 4045 genere
2906 3990 2968 4030 ea
3009 3976 3316 4046 aggreditur
3345 3993 3359 4030 :
3390 3975 3598 4031 Similes

1995 4069 2100 4123 illis
2131 4069 2256 4137 ﬁant
2284 4068 2369 4136 qui
2399 4069 2593 4137 faciunt
2623 4084 2701 4121 ea.
2730 4066 3025 4122 Considera
3051 4066 3192 4136 apud
3226 4080 3276 4122 te
3306 4067 3493 4137 quales
3521 4067 3596 4121 dii

1995 4161 2120 4226 sint,
2167 4160 2359 4230 quibus
2385 4159 2498 4213 lieri
2530 4158 2736 4214 similes
2763 4158 2876 4212 dira
2906 4168 2988 4214 est
3032 4158 3363 4228 imprecatio.
3404 4157 3597 4215 Nostra

1995 4261 2173 4306 autem
2197 4267 2302 4304 non
2335 4251 2403 4304 ita
2432 4249 2648 4304 habent.
2675 4249 2959 4304 Extremus
2975 4251 3118 4304 enim
3141 4249 3350 4304 virtutis
3370 4248 3488 4303 linis
3515 4258 3599 4303 est

1995 4345 2047 4400 id
2073 4343 2212 4416 quod
2258 4342 2381 4398 facit
2408 4343 2473 4398 ad
2502 4357 2770 4398 summum
2800 4342 3064 4408 bonorum
3095 4342 3359 4413 fastigium
3395 4341 3599 4411 pertin-

1994 4451 2143 4504 gere,
2171 4443 2231 4489 ut
2257 4434 2349 4489 Dei
2380 4443 2637 4502 quantum
2661 4432 2773 4487 ﬁeri
2802 4439 2977 4502 potest
2998 4431 3202 4486 similes
3223 4431 3411 4486 simus.
3441 4432 3595 4500 Apud

1997 4527 2116 4580 illos
2143 4533 2342 4586 autem,
2377 4523 2567 4593 inquit,
2600 4531 2654 4577 et
2683 4523 2861 4577 cultus
2905 4531 3004 4585 est,
3036 4531 3090 4577 et
3114 4522 3187 4575 dii
3222 4521 3372 4580 tales.
3416 4533 3473 4576 ut
3514 4524 3595 4578 cis

1995 4633 2116 4673 esse
2161 4616 2364 4671 similes
2409 4616 2583 4670 locum
2639 4621 2819 4670 teneat
2868 4624 3123 4668 extrema:
3173 4615 3594 4683 imprecationis.

1996 4709 2146 4778 Quod
2194 4709 2356 4779 igitur
2392 4707 2500 4761 sint
2530 4707 2751 4760 materia
2797 4705 3053 4771 inanima,
3081 4707 3222 4773 quod
3254 4707 3382 4760 ﬁant
3425 4706 3494 4760 ab
3519 4711 3599 4760 eis

1996 4801 2086 4870 qui
2129 4802 2214 4855 illa
2245 4801 2446 4866 colunt,
2495 4799 2637 4868 quod
2678 4799 2785 4853 sint
2823 4799 3107 4854 simulacra
3139 4799 3407 4865 informia,
3456 4799 3597 4868 quod

1993 4894 2203 4963 iaceant
2223 4893 2368 4946 nullo
2395 4907 2554 4946 sensu
2578 4890 2820 4961 praedita,
2844 4901 2900 4946 et
2920 4890 3061 4957 quod
3083 4890 3342 4959 adjecerit
3363 4906 3461 4959 pro
3482 4892 3596 4944 dira

1997 4977 2412 5046 imprecatione.
2463 4983 2521 5030 ut
2563 4976 2684 5043 quis
2727 4974 2807 5029 eis
2831 4973 3024 5029 evadat
3065 4974 3298 5029 similis:
3330 4989 3428 5045 per
3461 4977 3595 5036 hinc.

1997 5072 2234 5139 inquam,
2269 5069 2446 5123 omnia
2491 5067 2790 5122 ostenditur
2818 5081 3062 5121 summus
3097 5083 3271 5122 error.
3306 5067 3597 5136 Postquam

1997 5176 2125 5231 ergo
2148 5159 2383 5215 ostendit
2407 5174 2593 5214 eorum
2625 5158 3066 5222 imbecillitatem,
3099 5173 3362 5225 errorem,
3397 5159 3599 5213 danun-

1997 5267 2123 5305 num
2151 5250 2572 5320 improbitatem,
2604 5265 2790 5303 eorum
2821 5249 2909 5319 qui
2942 5249 3027 5303 illa
3061 5248 3262 5303 faciunt
3291 5249 3596 5316 stultitiam,

1996 5343 2178 5398 abhis
2220 5343 2328 5397 cito
2357 5342 2632 5405 liberatus,
2678 5341 2952 5395 concludit
2994 5341 3294 5395 orationem
3339 5340 3601 5407 glorillra-

1999 5439 2160 5501 tione,
2190 5451 2296 5490 non
2323 5435 2556 5503 amplius
2587 5448 2812 5487 narrans
2840 5449 2903 5488 ea
2933 5449 3051 5503 quae
3083 5435 3222 5488 Deus
3249 5431 3395 5498 fecit,
3425 5442 3484 5487 ut
3511 5434 3598 5498 qui

1997 5545 2056 5583 ea
2079 5529 2188 5599 jam
2216 5527 2348 5581 satis
2373 5525 2776 5586 demonstrarit,
2808 5524 2901 5579 sed
2929 5540 3029 5592 pro
3045 5524 3295 5578 omnibus
3320 5539 3440 5593 qua:
3471 5534 3596 5579 sunt

1997 5621 2049 5674 in
2096 5618 2363 5682 confesso,
2395 5618 2610 5672 laudem
2646 5615 2865 5685 exigens
2896 5614 2964 5669 ab
2989 5615 3052 5670 iis
3091 5615 3183 5686 qui
3213 5615 3459 5671 fruuntur
3482 5615 3600 5684 ejus

2001 5710 2261 5766 beneﬁcio
2287 5728 2298 5762 :
2323 5720 2375 5763 et
2407 5709 2526 5763 ideo
2556 5716 2709 5761 vocat
2732 5721 2920 5761 omnes
2944 5707 3006 5760 ad
3032 5706 3497 5776 gloriﬁcationem,
3521 5706 3596 5761 sic

2004 5804 2184 5858 dicens
2260 5801 2342 5857 l9.
2380 5801 2571 5854 Dmnns
2606 5798 2789 5864 Israel,
2831 5797 3105 5851 benedicite
3134 5795 3376 5850 Domino.
3406 5792 3602 5854 Domus
