4086 6434
580 377 685 431 399

580 490 770 551 Aaron,
802 486 1073 543 benedieite
1097 485 1336 542 Domino.
1364 486 1455 541 20.
1486 484 1679 539 Domus
1714 483 1851 545 Lari.
1880 482 2151 538 bent-dicite

576 575 813 630 Domino.
848 576 951 643 Qui
976 575 1158 631 timetis
1180 572 1470 639 Domitiani,
1498 574 1769 630 benedicite
1795 569 2028 628 Domind’.
2057 572 2146 628 2|.

576 666 874 722 Benedictis
896 665 1147 722 Dominus
1172 675 1238 722 ea:
1263 666 1414 733 Sion,
1439 666 1525 737 qui
1550 653 1740 720 habitat
1764 664 1816 720 in
1844 663 2148 720 Jerusalem.

649 756 1054 813 Renedictionam
1082 755 1398 825 diluentis.
1425 786 1498 798 -—
1517 755 1627 811 Cur
1661 771 1790 827 ergo
1818 770 1925 812 non
1965 770 2152 811 omnes

570 845 731 903 simul
764 858 936 913 vocat,
960 846 1054 902 sed
1097 848 1150 901 in
1180 845 1393 902 ordines
1430 845 1715 903 dividens?
1754 845 1823 902 lit
1850 846 1989 901 scias
2032 860 2151 901 esse

576 954 819 1009 magnam
836 938 1183 997 dill'erentiatn
1203 934 1608 993 benedictionis.
1626 936 1796 991 Aliter
1806 936 1948 991 enim
1969 949 2151 990 sacer-

575 1030 695 1093 dos,
713 1029 868 1085 aliter
886 1028 1086 1096 Levita,
1099 1027 1253 1083 aliter
1276 1027 1461 1093 laicus,
1480 1026 1637 1082 aliter
1658 1025 1904 1097 frequens
1924 1024 2155 1095 populus

578 1119 860 1174 liettedicit.
884 1118 1071 1173 Dicere
1089 1125 1288 1183 autem,
1308 1114 1613 1180 Benedicite,
1634 1125 1716 1171 est
1734 1116 1849 1185 ejus
1860 1115 1947 1184 qui
1968 1124 2150 1171 osten-

576 1211 655 1264 dit
686 1210 891 1265 beatam
921 1208 1064 1263 illam
1092 1217 1332 1263 naturam
1358 1216 1416 1264 et
1438 1206 1507 1263 ab
1538 1205 1754 1262 interitu
1779 1205 2029 1261 alienam.
2054 1202 2154 1259 Be-

577 1300 788 1355 nedicite
804 1300 967 1365 enim,
994 1299 1180 1370 lnquit,
1197 1297 1338 1370 quod
1359 1298 1565 1355 liberati
1586 1299 1715 1354 estis
1726 1294 1797 1352 ab
1809 1295 2148 1361 adversariis,

575 1389 717 1461 quod
757 1389 902 1461 digni
940 1390 1111 1446 habiti
1138 1390 1268 1447 estis
1306 1390 1400 1465 qui
1432 1390 1589 1447 talem
1621 1388 1792 1445 Deum
1833 1387 2146 1451 adoraretis,

576 1479 720 1549 quod
746 1482 1022 1536 veritatem
1047 1480 1362 1551 agnovistis.
1389 1470 1492 1535 Est-
1508 1479 1649 1534 enim
1674 1479 1789 1549 ipse
1814 1493 2026 1548 quoque
2056 1476 2149 1530 lic-

577 1568 840 1639 nedictus,
868 1570 920 1625 lu
951 1570 1138 1625 natura
1163 1569 1369 1625 habens
1396 1568 1842 1633 benedictionem,
1872 1583 1970 1641 nec
1997 1565 2151 1621 laude

577 1663 802 1716 aliorqu
825 1659 1085 1731 indigens,
1104 1669 1468 1717 verumtamen
1488 1676 1584 1715 vos
1603 1675 1813 1731 quoque
1832 1658 2147 1721 benedicite,

580 1768 687 1807 non
728 1752 868 1823 quod
912 1753 960 1807 ei
987 1750 1188 1822 aliquid
1214 1768 1282 1808 ex
1327 1767 1395 1809 eo
1439 1750 1679 1816 accedat,
1724 1751 1818 1808 sed
1862 1751 2002 1821 quod
2052 1751 2149 1819 ipsi

580 1859 826 1915 magnum
868 1842 1096 1899 fructum
1120 1846 1189 1900 ex
1225 1858 1289 1899 ea
1330 1858 1388 1899 re
1416 1844 1733 1913 percipiatis.
1759 1842 1871 1898 l-itsi
1899 1842 2041 1896 enim
2069 1850 2153 1897 est

580 1926 766 1994 natura
793 1932 1123 2001 benedictus,
1151 1941 1210 1989 ut
1250 1940 1394 1989 certe
1419 1941 1529 1999 est,
1574 1932 1685 1986 vult
1714 1943 1887 1988 tamen
1916 1933 2075 1988 etiam
2118 1946 2150 1987 a

580 2014 733 2079 nobis
753 2021 1014 2079 benedici.
1041 2022 1169 2080 Sion
1194 2030 1371 2078 autem
1399 2036 1585 2077 rursus
1609 2030 1887 2087 memorat,
1915 2019 2151 2077 et'leru-

580 2116 767 2171 sulem.
795 2108 1053 2183 Quoniam
1078 2115 1221 2170 enim
1241 2113 1350 2170 illic
1370 2123 1487 2169 erat
1508 2115 1795 2170 constituta
1818 2128 2003 2170 eorum
2034 2128 2150 2168 res-

578 2206 808 2277 publica.
830 2205 937 2262 illic
954 2205 1205 2262 fundatus
1221 2215 1337 2263 erat
1360 2221 1547 2262 eorum
1572 2206 1765 2272 cultus,
1785 2214 1841 2262 et
1860 2221 1925 2261 ex
1948 2205 2152 2275 eo'loco

578 2295 904 2352 dou-ebantur
929 2307 987 2353 et
1014 2296 1443 2361 instituebantur,
1472 2297 1585 2353 vult
1611 2312 1673 2354 ea
1702 2297 1819 2352 loca
1847 2296 2148 2352 veneranda

538 2452 541 2455 η
577 2401 643 2441 ac
682 2386 962 2455 magniﬁca
1006 2385 1363 2455 reddereipso
1404 2385 1498 2441 Dei
1540 2386 1880 2457 cognomine,
1928 2394 1985 2440 ut
2029 2401 2150 2441 cum

576 2474 1100 2543 essent'venerauda,
1128 2475 1301 2545 majus
1325 2475 1535 2531 illorum
1561 2485 1703 2531 esset
1725 2476 1778 2531 in
1804 2492 1866 2532 ea
1894 2477 2149 2543 studium,

580 2575 633 2621 et
656 2582 780 2623 eum
800 2576 943 2641 esset
969 2570 1139 2637 majus
1162 2569 1417 2632 studium,
1449 2569 1515 2624 ad
1540 2585 1600 2625 ea
1629 2568 1796 2640 magis
1819 2568 2153 2623 attraheren-

579 2656 925 2718 tur,-attracti
946 2671 1093 2716 vero.
1124 2658 1177 2713 in
1204 2658 1295 2713 Dei
1335 2659 1535 2713 cultum
1563 2658 1731 2729 magis
1753 2656 2109 2728 deligerentur
2130 2696 2148 2724 ,

577 2744 733 2799 delixi
777 2754 978 2811 autem,
1022 2744 1087 2800 ad
1134 2746 1391 2817 majorem
1437 2748 1681 2802 virtutem
1722 2747 2148 2812 deducerentur,

580 2848 794 2906 propter
830 2853 987 2907 quam
1029 2838 1205 2892 omnia
1254 2839 1389 2895 tacta
1435 2848 1577 2893 sunt.
1620 2837 1724 2895 Sed
1766 2849 1891 2894 tunc
1936 2839 2153 2910 quidem

576 2938 730 2983 erant
756 2927 1048 2984 Jerusalem
1091 2938 1144 2983 et
1188 2929 1337 2994 Sion,
1386 2930 1543 2985 hodie
1586 2942 1759 2985 autem
1797 2932 1909 2986 creti
1952 2940 2008 2986 et
2033 2945 2153 2999 qua:

577 3008 701 3074 sunt
742 3020 794 3073 in
819 3021 980 3075 curiis.
1011 3021 1085 3076 l.‘li
1126 3037 1253 3090 ergo
1296 3036 1414 3087 nos,
1452 3038 1654 3092 quaso,
1680 3022 1837 3077 δικηχί
1866 3022 2051 3083 simus.
2096 3031 2151 3075 ut

578 3109 750 3163 l'utura
793 3109 952 3163 etiam
980 3109 1115 3165 bona
1140 3124 1548 3180 consequamur,
1572 3112 1739 3180 gratia
1767 3120 1818 3165 et
1843 3111 2143 3171 misericor-

576 3199 662 3254 dia
696 3199 898 3255 Domini
925 3199 1089 3255 nostri
1127 3198 1253 3256 Iesu
1279 3200 1499 3269 Christi,
1527 3202 1613 3256 cui
1655 3199 1819 3271 gloria
1860 3201 1913 3255 iu
1956 3200 2149 3256 sucula

576 3290 913 3344 seculorum.
946 3292 1133 3345 Amen.
2064 3302 2077 3309 '

1002 3377 1067 3432 IN
1104 3378 1420 3435 PSALMUM
1469 3377 1728 3435 CXXXV.

617 3471 666 3525 ί.
707 3466 1022 3538 Con/itemini
1046 3468 1293 3531 Domino,
1320 3471 1555 3537 quoniam
1577 3471 1733 3523 bonus
1754 3510 1767 3532 ,
1799 3470 2033 3539 quoniam
2060 3471 2112 3522 in

961 3559 1199 3613 malum
1237 3560 1580 3613 misericordia
1627 3562 1754 3629 ejus.

650 3649 699 3703 Ι.
744 3646 878 3701 Deus
906 3657 1142 3718 perpetuo
1171 3649 1447 3701 miseretur.
1476 3679 1546 3688 —
1576 3649 1856 3718 Postquam
1906 3661 2028 3703 ante
2070 3650 2147 3702 lo-

574 3747 770 3807 quutus
793 3748 876 3793 est
902 3738 969 3792 de
999 3738 1087 3792 Dei
1117 3739 1168 3792 in
1200 3738 1440 3793 homines
1460 3739 1750 3804 beneﬂciis,
1781 3742 1846 3794 de
1872 3741 1987 3808 ejus
2013 3745 2147 3809 quo-

575 3846 681 3899 que
701 3828 1079 3883 misericordia
1109 3830 1471 3900 magnitudine
1491 3830 1721 3896 disserit,
1753 3848 1855 3885 non
1886 3846 2002 3893 eam
2032 3846 2144 3884 tne-

576 3922 713 3973 tiens
745 3934 759 3972 :
795 3934 895 3973 nec
917 3918 1060 3974 enim
1084 3918 1135 3973 id
1160 3920 1272 3974 ﬁeri
1296 3929 1497 3990 potest;
1529 3919 1630 3973 sed
1651 3935 1742 3988 per
1770 3922 2027 3975 inﬁnitum
2054 3938 2148 3974 vo-

580 4011 695 4063 lens
712 4008 995 4063 ostendere
1023 4010 1138 4078 ejus
1171 4010 1607 4079 magnitudinem,
1637 4009 1929 4078 iuvitatque
1956 4026 2147 4064 omnes

574 4102 642 4156 ad
687 4103 1143 4170 gloriﬁcatiouem,
1167 4105 1347 4159 dicens
1376 4122 1390 4157 :
1414 4103 1729 4169 ϐοηθείαιϋηὶ
1754 4103 1972 4159 Domino
2000 4121 2018 4157 :
2046 4104 2145 4160 hoc

572 4204 676 4258 est,
708 4194 915 4250 Gratias
939 4198 1096 4265 agite,
1122 4195 1328 4250 laudate
1358 4196 1807 4265 ipsum.Quoniam
1827 4198 1879 4249 in
1905 4197 2145 4250 siccatum

578 4286 919 4339 misericordia
955 4287 1084 4356 ejus.
1127 4287 1263 4352 Quid
1307 4282 1422 4350 est,
1456 4284 1521 4339 In
1578 4286 1865 4340 secutum?
1892 4286 2005 4340 Non
2050 4288 2147 4340 ali-

578 4404 607 4441 η
636 4373 790 4427 tando
822 4375 1067 4443 quidem,
1098 4374 1294 4444 inquit.
1333 4375 1591 4429 beneﬂcio
1616 4375 1816 4439 afﬁcit,
1858 4376 2146 4446 aliquando

579 4479 710 4516 vero
740 4465 941 4518 recedit
966 4482 980 4518 :
1011 4480 1179 4534 neque
1205 4464 1363 4519 modo
1394 4466 1677 4519 miseretur
1696 4506 1711 4527 ,
1741 4464 1897 4517 modo
1927 4466 2142 4532 desiuit,

574 4555 715 4623 quod
741 4556 914 4610 evenit
944 4556 995 4609 in
1026 4554 1325 4610 hominibus
1348 4596 1362 4618 ,
1392 4570 1527 4624 quos
1568 4554 1813 4623 prohibet
1834 4555 1994 4607 animi
2022 4570 2145 4623 per-

576 4649 827 4711 turbatio,
854 4648 1100 4707 distrahit
1125 4647 1321 4702 fractus
1345 4657 1397 4702 et
1440 4648 1681 4715 abiectus
1710 4649 1937 4707 animus.
1973 4648 2145 4717 impe-

576 4742 653 4793 dit
682 4740 1009 4810 obsequium,
1043 4755 1141 4794 nec
1170 4742 1474 4809 permittunt
1506 4740 1633 4793 varii
1664 4755 1836 4806 casus,
1862 4755 2146 4809 rerumque

573 4825 930 4884 eonditio:at
980 4830 1119 4884 Deus
1166 4845 1270 4884 non
1319 4840 1400 4883 est
1419 4830 1713 4898 ejusmodi,
1757 4830 1849 4882 sed
1891 4840 2145 4899 perpetuo

577 4920 877 4984 miseretur,
906 4935 1005 4975 nec
1045 4934 1289 4990 umquam
1314 4920 1505 4973 desiuit
1555 4918 1654 4974 hoc
1696 4920 1869 4975 lacere
1889 4959 1903 4981 .
1936 4920 2143 4974 etiamsi

576 5008 678 5063 hoc
708 5008 862 5063 iaciat
890 5011 1053 5066 variis
1076 5018 1131 5063 et
1152 5008 1377 5064 diversis
1407 5008 1595 5064 modis.
1620 5009 1843 5078 Semper
1885 5025 2013 5080 ergo
2040 5011 2142 5063 mi-

573 5110 801 5162 setetur,
831 5115 929 5154 nec
957 5116 1204 5169 umquam
1230 5110 1404 5155 cessat
1449 5100 1707 5154 beneﬂcio
1746 5101 1987 5155 homines
2029 5100 2146 5153 oili-

574 5208 717 5247 cere.
748 5190 946 5246 Deinde
971 5200 1246 5261 postquam
1277 5192 1412 5245 dixit
1438 5206 1560 5246 eum
1590 5191 1831 5246 misereri
1862 5201 2133 5259 perpetuo,

573 5281 808 5337 ostendi;
839 5283 999 5337 etiam
1050 5292 1356 5351 argumenta
1404 5282 1813 5348 misericordiae,
1840 5282 1979 5352 quod
2027 5284 2143 5350 ejus

572 5371 935 5425 misericordia
962 5387 1174 5439 semper
1201 5383 1443 5435 maneat,
1476 5387 1540 5427 ex
1572 5373 1635 5426 iis
1663 5387 1781 5441 quae
1809 5372 2053 5427 videntur
2076 5386 2141 5425 ea

572 5476 864 5526 asserens;
903 5451 1240 5529 etquoniam
1290 5477 1383 5517 eos
1432 5461 1727 5517 deducebat
1779 5464 1844 5516 ad
1894 5464 2140 5531 pietatem

575 5568 861 5621 veramque
922 5551 1258 5623 religionem,
1312 5553 1431 5608 vide
1472 5553 1739 5623 quomodo
1787 5568 1909 5608 eum
1956 5569 2144 5608 rursus

574 5642 779 5699 oonfert
814 5659 933 5695 cum
990 5642 1091 5697 diis
1140 5643 1443 5714 gentilium,
1470 5644 1535 5698 ad
1579 5652 1792 5712 captum
1840 5644 2140 5698 auditorttm

574 5728 759 5791 eodem
791 5733 947 5787 modo
974 5749 1029 5788 se
1055 5734 1354 5790 demittens.
1387 5735 1520 5800 Quid
1552 5736 1691 5791 enim
1718 5734 1880 5789 dicit?
1900 5733 1953 5787 2.
1979 5733 2143 5803 Con/i-

1285 376 1343 431 S.
1379 372 1656 431 δολΝΝιδ
1690 370 2168 429 (ςιιῐιῑεοοτοω
2208 370 2523 429 ARCHIEP.
2562 371 3100 431 CONSTANTINOP.

3738 375 3846 430 ιω

2258 484 2430 538 ιακὶηἱ
2455 483 2562 541 Deo
2581 485 2793 541 deorum
2815 502 2840 546 :
2863 485 3085 556 singulis
3106 485 3431 556 subjungens
3450 527 3466 549 ,
3495 486 3751 551 Quirinus
3788 490 3844 541 iss

2254 576 2495 630 secutam
2519 578 2860 632 misericordia
2884 582 3013 647 ejus.
3044 575 3112 647 Et
3131 618 3146 641 ,
3171 576 3227 632 3.
3253 574 3577 645 Conﬁtentius'
3624 576 3849 631 Daniua

2254 665 2576 721 dominorum
2622 664 2793 739 (Psat.
2842 668 2963 723 154.
3006 668 3086 739 5).
3126 667 3183 723 In
3243 667 3566 738 [incedenti
3619 668 3846 736 quidem

2255 756 2470 812 Psalmo
2504 756 2712 813 dicebat
2742 774 2865 815 eum
2885 774 3007 816 esse
3032 775 3142 830 prae
3168 759 3417 815 omnibus
3450 758 3558 814 diis
3586 776 3601 811 :
3628 758 3717 812 liic
3745 774 3854 815 au-

2256 857 2363 903 tem
2390 848 2565 905 adhuc
2590 850 2842 920 amplius,
2874 860 2997 905 eum
3026 864 3148 905 esse
3172 850 3384 906 illorum
3412 849 3616 905 Herum
3644 858 3701 906 et
3734 849 3848 904 Do-

2254 940 2456 993 minum
2477 940 2649 1001 ,‘sive
2691 941 2956 997 idolorum
3003 941 3171 1009 dicas,
3203 942 3316 998 sive
3347 939 3677 999 dmmonutn.
3726 942 3847 997 Etsi

2253 1030 2397 1083 enim
2437 1030 2755 1087 oll‘enderint
2778 1032 3087 1099 dtinones,
3113 1032 3325 1103 sintque
3348 1033 3549 1105 probro
3587 1041 3644 1089 et
3682 1034 3845 1105 igno-

2256 1118 2420 1175 niinia
2464 1123 2653 1189 notati,
2679 1124 2827 1178 servi
2857 1134 3033 1179 tamen
3070 1132 3229 1190 sunt,
3258 1125 3416 1195 eique
3450 1125 3672 1181 subditi.
3704 1126 3846 1181 Pro-

2254 1220 2436 1279 pterea
2505 1226 2672 1282 ergo.
2730 1210 2941 1283 inquit,
2994 1214 3318 1269 conlltemini
3344 1254 3361 1280 ,
3405 1215 3549 1285 quod
3593 1214 3848 1269 habeatis

2258 1299 2423 1355 Deum
2448 1303 2683 1356 omnium
2705 1316 3035 1373 supremum,
3062 1303 3149 1358 cui
3177 1303 3354 1359 nullus
3378 1313 3463 1360 est
3487 1304 3677 1363 similis
3698 1344 3714 1367 ,
3742 1303 3848 1373 qui

2254 1388 2429 1445 Herus
2469 1399 2553 1446 est
2590 1391 2827 1446 omnium
2856 1401 2913 1447 et
2940 1392 3217 1448 Dominus.
3245 1395 3406 1463 Atqui
3448 1393 3647 1447 dicitur
3672 1390 3847 1448 etiam

2255 1480 2396 1536 Deus
2424 1477 2612 1537 eorum
2637 1481 2727 1552 qui
2767 1482 2842 1537 illi
2874 1482 3120 1553 placent,
3151 1493 3209 1538 ut
3255 1483 3472 1553 quando
3516 1483 3647 1538 dicit
3677 1481 3849 1551 1E9.

2253 1589 2366 1627 sunt
2391 1572 2530 1627 Deus
2556 1573 2832 1638 Abraham,
2850 1572 2988 1628 Deus
3014 1574 3186 1640 Isaac,
3216 1584 3263 1628 et
3293 1573 3431 1627 Deus
3447 1574 3612 1628 Jucob
3635 1572 3842 1646 (Εζωέ.

2254 1662 2308 1717 5.
2339 1661 2419 1733 ϐ).
2444 1662 2723 1731 Quomodo
2747 1677 2876 1733 ergo
2906 1663 2995 1718 hic
3018 1664 3165 1729 dicit,
3191 1664 3547 1718 Dzemouumi
3572 1661 3855 1719 Sedillutb

2254 1752 2426 1817 aliter,
2454 1760 2509 1806 et
2538 1751 2641 1806 ltoc
2669 1752 2845 1807 aliter.
2876 1751 2987 1807 lll.c
3011 1753 3155 1807 enim
3183 1761 3243 1808 ut
3267 1752 3516 1807 ostendat
3553 1750 3848 1807 familiari.-

2256 1850 2416 1897 tatem
2445 1851 2500 1899 et
2538 1845 2997 1913 conjunctionem,
3036 1860 3394 1914 magnumque
3438 1858 3596 1898 suum
3642 1844 3699 1899 ia
3740 1856 3852 1899 eos

2251 1946 2490 1987 amorem
2523 1951 2540 1988 :
2567 1933 2653 1989 hic
2678 1945 2877 2000 autem,
2906 1943 2964 1989 ut
2986 1948 3135 1989 suam
3162 1932 3427 2004 signiticet
3463 1933 3842 1990 eminentiam.

2324 2020 2578 2076 lliracala
2630 2022 2723 2078 Dei
2760 2042 2861 2079 non
2901 2025 3137 2094 potauit
3177 2026 3343 2078 solum
3386 2034 3527 2089 satu,
3559 2023 3652 2079 ad
3686 2024 3850 2078 etiam

2250 2108 2590 2183 benignitatis.
2625 2113 2817 2169 Colunt
2845 2125 3051 2184 propter
3075 2114 3331 2169 hominem
3352 2116 3590 2186 fama;
3615 2113 3847 2169 sim

2254 2209 2422 2256 torum
2442 2203 2708 2259 iisan—4.
2733 2198 2842 2265 Qui
2866 2199 2999 2270 [icit
3025 2204 3279 2260 mirabilia
3302 2204 3644 2276 »παραδοίη
3665 2219 3859 2267 :th

2248 2292 2392 2345 niam
2413 2293 2467 2346 in
2487 2292 2725 2362 secutam
2749 2294 3091 2349 misericordia
3123 2295 3255 2364 ejus.
3294 2294 3581 2365 Postquam
3607 2293 3853 2349 mit

2254 2396 2375 2435 eum
2402 2396 2522 2437 esse
2547 2382 2770 2437 deorum
2797 2384 2996 2438 Herum
3041 2392 3100 2438 et
3140 2382 3448 2455 Dominum,
3480 2384 3845 2441 assertionem

2253 2469 2507 2540 deinceps
2533 2471 2751 2541 probat,
2783 2471 3003 2543 etquod
3039 2473 3244 2529 dictum
3286 2481 3371 2528 est
3412 2473 3732 2549 conﬁrmat.
3769 2487 3853 2529 et

2256 2563 2489 2633 potentia
2512 2578 2636 2619 eum
2660 2578 2844 2619 rursus
2870 2564 3188 2635 medicans.
3210 2563 3326 2620 Non
3347 2565 3480 2619 dixit
3497 2574 3705 2632 autem,
3734 2563 3852 2633 Qui

2254 2650 2382 2707 fecit
2399 2693 2417 2718 ,
2444 2650 2537 2707 sed
2556 2691 2573 2718 ,
2606 2650 2707 2717 Qui
2731 2656 2890 2724 facit.
2919 2653 3212 2710 ostendens
3240 2669 3363 2711 eum
3387 2653 3603 2709 assidue
3631 2654 3847 2710 beneﬁ-

2251 2743 2338 2797 cio
2365 2741 2622 2808 allicere,
2651 2759 2843 2812 resque
2866 2744 3243 2809 admirabiles,
3271 2755 3327 2799 et
3376 2760 3494 2813 qua:
3546 2755 3677 2800 sunt
3717 2746 3848 2816 opi-

2256 2830 2415 2886 nione
2452 2832 2719 2901 majores,
2745 2832 2939 2887 facere.
2988 2833 3117 2889 Hoc
3154 2842 3334 2889 autem
3372 2834 3480 2889 duo
3525 2834 3675 2903 petiit
3717 2850 3850 2906 qua

2255 2929 2380 2974 sunt
2428 2921 2479 2974 in
2529 2937 2595 2976 eo
2637 2922 2864 2988 eximia,
2895 2931 2951 2977 et
2992 2923 3133 2992 quod
3165 2921 3357 2989 faciat,
3387 2932 3445 2978 et
3493 2922 3638 2991 quod
3686 2924 3851 2979 solus

2257 3012 2453 3068 iaciat:
2494 3022 2651 3083 atque
2701 3012 2836 3068 adeo
2875 3014 2974 3068 tria
3020 3024 3076 3068 et
3138 3025 3398 3084 quatuor;
3452 3028 3648 3084 nempe
3692 3016 3842 3085 quod

2257 3101 2432 3167 iaciat,
2453 3104 2592 3171 quod
2625 3104 2897 3167 miracula,
2927 3104 3066 3175 quod
3093 3120 3278 3174 magna
3310 3107 3583 3170 miracula,
3611 3115 3668 3164 et
3692 3106 3854 3175 quid

2254 3194 2401 3247 Solus
2432 3193 2609 3247 iaciat.
2639 3194 2762 3248 llzec
2786 3205 2964 3248 autem
3005 3194 3143 3249 dicta
3168 3204 3294 3249 sunt
3321 3212 3425 3248 non
3452 3206 3511 3250 ut
3538 3195 3845 3265 vilipcude-

2255 3293 2401 3339 retur
2426 3284 2590 3339 Filius
2610 3326 2625 3349 ,
2655 3283 2749 3340 sed
2782 3293 2838 3339 ut
2862 3285 3001 3340 inter
3024 3300 3147 3340 eum
3176 3296 3233 3339 et
3270 3285 3539 3340 daemones
3576 3285 3848 3340 ostende-

2255 3384 2404 3429 retur
2449 3374 2735 3430 discrimen
2777 3382 2836 3431 et
2874 3375 3164 3430 distinctio.
3194 3376 3260 3430 Et
3286 3390 3531 3445 quasnam
3574 3376 3683 3430 sint
3720 3375 3842 3430 hate

2255 3466 2506 3520 miracula
2540 3480 2727 3537 magna
2752 3466 3025 3522 videamus
3044 3509 3060 3533 ,
3091 3482 3211 3536 quae
3237 3468 3383 3521 solus
3404 3466 3546 3522 facit.
3581 3470 3759 3537 Atque
3782 3468 3842 3521 ia

2256 3557 2517 3626 principio
2538 3572 2642 3611 non
2671 3557 2986 3627 loquebatur
3006 3556 3075 3611 de
3096 3556 3352 3626 potentia,
3375 3556 3470 3612 sed
3496 3557 3564 3612 de
3590 3558 3840 3627 benignio

2256 3660 2361 3705 late
2389 3658 2441 3705 et
2466 3650 2769 3719 clementia.
2798 3648 3120 3718 Conﬁtendni
3146 3650 3314 3712 enim,
3347 3649 3549 3718 inquit,
3571 3648 3835 3715 Domino,

2252 3736 2488 3810 quoniam
2518 3740 2694 3793 bonus.
2712 3738 2989 3807 Quomodo
3011 3754 3140 3809 ergo
3163 3738 3378 3800 accidit.
3393 3746 3450 3793 ut
3475 3754 3619 3793 nunc
3644 3738 3836 3813 loqua-

2255 3840 2339 3884 tur
2363 3830 2430 3885 de
2458 3829 2693 3898 potentia
2711 3829 2737 3882 7
2760 3828 3023 3895 Quoniam
3051 3829 3165 3883 haec
3205 3829 3459 3883 miracula
3503 3844 3611 3884 non
3656 3829 3834 3883 solum

2253 3930 2373 3974 sunt
2412 3922 2689 3986 potentiae,
2721 3920 2817 3975 sed
2846 3920 3006 3974 etiam
3036 3919 3377 3989 benignitatis
3406 3928 3460 3974 et
3502 3919 3831 3974 clementia;

2253 4013 2507 4076 Qumnam
2539 4019 2715 4065 autem
2754 4018 2879 4065 sunt
2924 4010 3175 4065 miracula
3216 4009 3524 4073 ostendens,
3559 4008 3834 4077 subjungit

2251 4101 2431 4156 dicens
2460 4119 2475 4154 :
2503 4102 2556 4155 5.
2591 4100 2689 4166 Qui
2712 4101 2828 4170 fecit
2854 4100 3001 4154 cazlos
3026 4101 3076 4151 in
3103 4100 3376 4153 intellectu.
3405 4101 3458 4155 ϐ.
3480 4100 3582 4165 Qui
3610 4100 3833 4168 ﬁrmarit

2252 4202 2437 4246 terram
2459 4208 2606 4256 super
2635 4208 2811 4260 aquas.
2842 4190 3025 4255 Alius,
3069 4190 3169 4254 Qui
3211 4190 3500 4260 compilavit
3543 4200 3730 4243 terrent
3776 4190 3832 4244 in

2252 4284 2415 4349 aquis.
2446 4282 2499 4335 7.
2535 4282 2632 4346 Qui
2654 4282 2767 4351 fecit
2800 4281 3071 4334 luminaria
3098 4296 3281 4351 mgna
3304 4282 3460 4335 solus.
3486 4281 3541 4335 8.
3572 4280 3748 4335 Solem
3776 4282 3833 4335 in

2254 4380 2542 4443 potestatem
2568 4371 2687 4423 diei.
2716 4370 2771 4425 9.
2801 4370 2998 4422 Lunam
3027 4380 3074 4423 et
3124 4369 3295 4423 stellas
3328 4370 3379 4423 in
3411 4378 3709 4439 potestatein
3738 4387 3831 4424 no-

2250 4464 2361 4515 ctis.
2395 4462 2517 4516 ll:ec
2538 4460 2637 4514 etsi
2668 4459 2783 4529 ejus
2816 4459 3106 4530 potentiam
3135 4470 3189 4515 et
3213 4461 3526 4530 sapientiam
3551 4461 3785 4515 indicant
3809 4502 3826 4527 ,

2254 4563 2485 4606 attamen
2524 4550 2639 4619 ejus
2666 4565 2878 4620 quoque
2923 4565 3167 4620 magnam
3217 4550 3597 4619 benignitatem
3634 4564 3829 4607 osten-

2249 4644 2401 4698 dunt.
2433 4644 2566 4707 Quia
2592 4643 2737 4696 enim
2762 4650 2885 4695 sunt
2912 4640 3047 4696 adeo
3070 4655 3278 4711 magna,
3307 4641 3547 4710 pulchra.
3569 4650 3625 4696 et
3649 4642 3827 4708 ﬁrma,

2250 4738 2389 4791 vires
2419 4736 2533 4802 ejus
2578 4742 2632 4787 et
2673 4733 2984 4800 sapientiam
3012 4722 3308 4799 praedicant
3338 4748 3350 4783 :
3380 4733 3521 4801 quod
3550 4746 3611 4785 ea
3648 4740 3829 4786 autem

2252 4839 2467 4897 propter
2496 4840 2593 4878 nos
2618 4834 2670 4879 et
2694 4838 2845 4877 usum
2892 4832 3130 4876 nostrum
3173 4821 3308 4874 laeta
3339 4824 3486 4883 sint.
3521 4822 3830 4892 benignita-

2251 4928 2355 4973 tem
2398 4926 2451 4971 et
2500 4924 2805 4986 perpetuam
2851 4913 3159 4967 bonitatem.
3182 4913 3340 4966 Vides
3371 4913 3638 4982 quomodo
3662 4916 3738 4968 sit
3776 4914 3829 4970 in

2249 5021 2502 5064 mteruum
2544 5008 2659 5075 ejus
2695 5002 3226 5059 misericordiaiNott
3250 5006 3391 5057 enim
3429 5003 3501 5057 ad
3544 5004 3733 5059 decem
3774 5015 3831 5063 et

2250 5100 2429 5170 viginti
2463 5108 2663 5151 tantum
2692 5109 2863 5149 annos
2907 5093 3022 5147 haec
3068 5093 3209 5154 fecit,
3242 5108 3414 5161 neque
3452 5094 3520 5148 ad
3569 5108 3824 5160 centum,

2250 5190 2472 5243 ducenta
2495 5229 2509 5247 ,
2541 5199 2593 5239 et
2622 5186 2801 5250 millia,
2830 5184 2923 5239 sed
2952 5200 3013 5238 ea
3043 5184 3177 5237 ultra
3202 5192 3365 5238 totam
3400 5188 3557 5238 vitam
3587 5196 3826 5243 nostram

2250 5278 2516 5347 produxit.
2582 5278 2647 5340 Et
2691 5274 2809 5330 ideo
2861 5274 2961 5329 hoc
3006 5274 3344 5345 signiﬁcans,
3399 5275 3451 5329 in
3507 5262 3829 5349 unoquoque

2249 5385 2407 5423 versu
2446 5369 2751 5437 subjungit,
2787 5366 3038 5433 Quoniam
3081 5366 3136 5419 in
3176 5367 3419 5420 malum
3481 5367 3830 5423 misericordia

2249 5462 2376 5529 ejus.
2411 5460 2477 5513 Et
2504 5458 2643 5528 quod
2667 5465 2749 5511 est
2781 5456 3151 5511 admirandum
3177 5497 3194 5522 ,
3222 5472 3286 5511 ea
3327 5456 3448 5511 iecit
3479 5458 3697 5524 quidem
3728 5476 3742 5510 :
3776 5470 3827 5511 et

2248 5568 2367 5607 cum
2395 5552 2529 5605 laeta
2556 5557 2754 5611 essent,
2772 5548 2921 5604 dedit
2942 5549 3009 5602 ab
3036 5548 3186 5602 initio
3209 5565 3224 5602 :
3248 5548 3343 5601 sed
3367 5559 3645 5617 postquam
3669 5551 3826 5603 Itomu

2252 5652 2616 5711 transgressus
2646 5647 2750 5704 est,
2775 5654 2841 5693 ne
2870 5638 2946 5693 sic
2970 5638 3185 5707 quidem
3222 5654 3343 5693 eum
3374 5639 3613 5706 expulit.
3645 5640 3737 5693 sed
3766 5656 3825 5693 ca

2251 5749 2367 5804 qua:
2419 5730 2467 5786 ei
2503 5730 2722 5785 dederat
2766 5744 2886 5783 cum
2938 5745 3042 5782 tum
3094 5730 3622 5797 peccas¢«.~t,rcliquit
3667 5731 3824 5784 etiam
