4086 6452
241 409 335 465 illi

244 521 467 579 fruenda
503 523 623 587 post
654 520 956 584 peccatum,
989 520 1087 589 nec
1110 502 1385 575 prohibuit.
1409 497 1697 570 quominus
1725 506 1844 565 post

243 613 373 672 illud
400 618 681 683 peccatum
702 607 783 662 eis
805 603 880 658 uti
905 611 958 658 et
979 599 1079 653 frui
1101 604 1303 668 posset.
1319 594 1502 664 Neque
1528 606 1656 645 vero
1685 603 1848 683 unum

245 679 432 761 caelum
455 703 633 758 solum
659 699 803 761 fecit,
829 695 925 750 sed
947 693 1107 749 etiam
1136 692 1364 745 alterum
1389 703 1402 740 :
1430 684 1516 741 vel
1539 684 1607 738 ab
1629 679 1851 738 exordio

243 797 546 854 ostendens
567 809 668 847 uos
695 791 765 844 ah
793 804 861 844 eo
890 803 997 842 non
1027 783 1412 852 relinquendos
1453 783 1508 834 in
1542 789 1684 832 terra
1710 818 1726 842 ,
1755 775 1850 830 sed

243 891 360 945 fore
391 897 447 944 ut
474 903 572 941 nos
601 885 726 938 hinc
752 871 1158 936 transferantur.
1182 877 1239 931 Si
1266 875 1411 929 enim
1436 887 1550 928 non
1579 877 1727 925 esset
1753 883 1851 924 nos

243 984 370 1039 illuc
393 978 776 1041 translaturus,
795 988 894 1028 cur
922 970 1239 1042 productum
1267 974 1414 1022 esset
1432 962 1648 1019 caelum?
1670 960 1854 1030 Neque

243 1075 388 1131 enim
416 1079 500 1126 est
529 1069 632 1123 hoc
660 1067 737 1122 illi
763 1066 1090 1121 elementum
1120 1061 1250 1116 utile
1276 1058 1466 1128 :hnulla
1498 1071 1558 1112 re
1587 1053 1731 1109 enim
1765 1055 1852 1109 inv

243 1163 391 1233 diget
424 1179 439 1215 :
473 1156 570 1213 sed
601 1172 723 1212 cum
771 1155 900 1210 velit
935 1167 1033 1208 nos
1086 1152 1214 1207 illuc
1252 1165 1282 1203 a
1333 1159 1473 1203 terra
1528 1145 1810 1200 traducere
1834 1185 1850 1206 .

246 1251 574 1326 praeparavit
601 1246 927 1303 habitacula.

313 1392 370 1447 2.
412 1391 777 1462 Quamobrem
825 1401 946 1442 eum
981 1385 1096 1440 hare
1128 1384 1291 1440 sciret
1323 1382 1606 1453 propheta,
1641 1379 1852 1434 unicui-

156 1497 168 1503 ’
244 1503 350 1555 que
372 1485 550 1540 versui
582 1481 860 1554 subjungit
901 1499 913 1535 :
947 1480 1014 1534 In
1044 1463 1289 1535 secutum
1322 1476 1671 1531 misericordia
1699 1476 1851 1546 ‘ejus,

245 1566 519 1632 admirans
552 1577 671 1645 ejus
700 1574 1106 1644 benignitatem.
1140 1571 1242 1638 Qui
1288 1569 1518 1638 [irritavit
1541 1577 1728 1622 terram
1769 1583 1856 1619 su-

248 1687 340 1740 per
386 1685 566 1739 aquas.
605 1667 739 1721 Vide
797 1666 887 1720 hic
930 1678 1147 1735 quaque
1199 1674 1389 1741 rursus
1441 1661 1851 1730 benignitatem.

248 1760 545 1832 Postquam
574 1753 874 1815 enim‘facti
906 1771 1094 1812 sumus
1135 1755 1420 1818 mortales,
1451 1762 1506 1808 et
1545 1768 1611 1808 eo
1652 1750 1855 1806 redacti

247 1867 460 1926 sumus,
502 1862 560 1905 nt
599 1851 783 1906 multis
823 1845 1126 1918 egeremus,
1156 1862 1225 1902 ne
1255 1848 1334 1902 sic
1357 1845 1574 1916 quidem
1603 1857 1704 1899 nos
1728 1843 1856 1899 reli-

246 1947 367 2016 quit
396 1985 414 2010 ,
447 1945 541 1999 sed
571 1942 657 1997 hic
683 1956 900 2012 quoque
934 1941 1149 1996 interim
1194 1938 1350 1993 nobis
1379 1950 1676 2007 congruum
1708 1933 1859 1989 dedit

247 2019 642 2106 habitaculum,
668 2043 724 2091 et
751 2043 830 2090 tot
862 2034 1132 2105 tantisque
1158 2046 1271 2087 suae
1297 2029 1643 2100 benignitatis
1663 2028 1857 2083 claris-

247 2130 406 2186 simis
452 2129 664 2185 indiciis
694 2131 896 2186 terram
923 2125 1251 2187 reierSit,ut
1299 2140 1370 2178 ne
1411 2124 1592 2178 verbis
1638 2107 1857 2192 quidem

248 2237 314 2278 ea
345 2222 554 2292 possint
579 2220 857 2291 explicari.
889 2217 1156 2289 Propheta
1186 2218 1317 2287 ergo
1344 2229 1466 2271 cum
1499 2215 1778 2270 incidisset
1803 2215 1857 2269 in

249 2313 508 2385 abyssum
537 2311 728 2367 horum
777 2309 1189 2375 beneficiorum,
1227 2318 1280 2363 et
1320 2297 1547 2362 vidisset
1589 2306 1858 2376 quoddam

251 2393 465 2471 vastum
492 2411 548 2458 et
572 2392 900 2462 immensum
934 2390 1154 2470 pelagus
1177 2441 1194 2462 ,
1218 2397 1419 2453 exsiliit
1443 2399 1552 2453 alta
1589 2412 1724 2453 voce
1751 2397 1862 2453 cla-

251 2510 431 2561 mans,
460 2505 516 2549 et
544 2495 773 2549 dicens:
796 2489 970 2560 Quam
1006 2492 1337 2566 magniﬁcam
1385 2498 1506 2559 sunt
1544 2506 1702 2560 θρα-α
1735 2501 1856 2557 tua,

256 2586 476 2641 Domine
501 2585 524 2641 !
545 2584 732 2640 Omnia
785 2586 839 2639 in
883 2585 1140 2655 sapientia
1189 2583 1352 2654 fecisti
1381 2582 1557 2655 (Psal.
1590 2583 1716 2638 105.
1739 2581 1857 2650 24).

253 2677 427 2733 Porro
447 2677 494 2732 si
522 2678 641 2747 quis
669 2677 863 2731 viderit
886 2677 1056 2729 solem
1105 2683 1160 2728 et
1198 2675 1378 2728 lunam
1404 2714 1422 2740 ,
1449 2684 1505 2728 et
1557 2681 1861 2742 temporum

252 2769 529 2834 ordinem,
553 2770 742 2823 rursus
787 2767 990 2822 videbit
1027 2767 1336 2820 universam
1388 2766 1508 2836 ejus
1554 2764 1860 2835 benignita-

255 2874 386 2920 tem.
413 2862 599 2933 Neque
625 2859 769 2917 enim
798 2877 984 2932 parum
1009 2856 1076 2914 ad
1109 2862 1230 2914 vitae
1276 2857 1447 2914 decus
1475 2866 1531 2914 et
1567 2872 1862 2912 ornamen-

255 2966 391 3020 tum,
414 2956 525 3010 imo
549 2969 679 3009 vero
704 2953 772 3008 ad
820 2947 989 3023 ipsam
1036 2951 1204 3006 vitam
1252 2951 1368 3005 haec
1404 2948 1567 3004 nobis
1593 2950 1862 3004 elementa

254 3049 564 3114 conferunt,
590 3059 646 3103 ut
674 3063 795 3118 quae
824 3046 1067 3100 nutriant
1093 3043 1406 3113 fructusque
1428 3044 1722 3105 maturent,
1745 3041 1864 3097 sine

256 3143 458 3213 quibus
498 3141 602 3195 vivi
657 3155 765 3195 non
820 3147 1019 3208 potest,
1056 3147 1299 3208 tempora
1350 3135 1508 3189 nobis
1551 3134 1860 3199 ostendant,

256 3234 423 3289 horas
463 3234 789 3302 exprimant,
821 3229 927 3284 diei
958 3240 1013 3283 et
1055 3229 1230 3283 noctis
1275 3240 1468 3280 cursus
1507 3224 1861 3295 distinguant,

257 3342 358 3396 per
383 3335 580 3380 terram
609 3332 669 3378 et
687 3338 835 3376 mare
855 3322 1095 3375 viatores
1116 3317 1421 3382 deducant,
1443 3316 1864 3372 innumerabiles

259 3420 400 3473 alios
428 3433 556 3471 usus
591 3411 1091 3486 praebeantNidisti
1120 3410 1396 3482 quomodo
1419 3410 1492 3467 sit
1518 3410 1571 3464 in
1601 3417 1863 3462 aeternum

261 3510 638 3568 misericordia
665 3507 805 3579 ejus,
829 3505 1104 3578 quomodo
1126 3507 1178 3558 in
1209 3517 1534 3574 unoquoque
1558 3491 1720 3557 versu
1742 3502 1867 3569 jure

259 3604 367 3659 hoc
382 3602 671 3673 subjuugat
699 3601 958 3669 propheta
977 3595 1169 3650 i'Alius
1198 3604 1378 3649 autem
1410 3594 1673 3663 interpres
1699 3591 1825 3645 illud
1847 3631 1862 3655 ,

262 3695 336 3750 In
364 3704 663 3766 potestatem
686 3693 809 3756 diei,
837 3692 991 3755 dixit,
1018 3687 1089 3744 Ut
1118 3684 1405 3741 dominetur
1423 3687 1525 3742 diei
1556 3684 1658 3759 (a).
1690 3685 1862 3749 Alius,

259 3787 332 3844 In
358 3797 654 3858 potestatem
679 3780 864 3848 noctis,
893 3783 1048 3848 dixit,
1079 3779 1144 3834 In
1175 3790 1475 3849 potestatem
1501 3780 1554 3832 in
1587 3776 1864 3832 nocteilO.

265 3882 366 3944 Qui
385 3878 634 3951 percussit
663 3874 954 3946 Egyptian
993 3890 1109 3926 cum
1155 3869 1507 3942 primogenitis
1553 3885 1750 3933 eorum,
1776 3867 1865 3922 Η.

263 3977 366 4042 Qui
388 3950 574 4030 eduxit
602 3969 768 4040 Israel
805 3973 871 4024 de
913 3967 1079 4022 medio
1122 3983 1299 4022 eorum
1347 3963 1435 4020 l2.
1470 3950 1537 4018 In
1574 3979 1730 4016 manu
1772 3976 1868 4031 po-

261 4067 388 4121 tenti
423 4074 468 4119 et
505 4065 557 4117 iu
583 4061 789 4116 brachio
823 4044 1042 4114 excelso.
1080 4048 1310 4112 Assidue
1333 4064 1514 4112 versat
1552 4054 1869 4108 miraculum

261 4159 408 4231 quod
441 4159 496 4212 in
516 4155 751 4226 Egypto
773 4153 972 4208 factum
996 4161 1100 4216 est,
1126 4159 1345 4231 propter
1376 4152 1641 4220 ingratum
1683 4166 1870 4204 eorum

263 4227 528 4315 animum,
558 4259 614 4303 et
637 4246 781 4317 quod
803 4261 924 4302 cum
954 4259 1017 4300 ea
1050 4227 1266 4313 semper
1286 4242 1655 4320 audivissent,
1682 4257 1868 4297 eorum

264 4342 740 4396 obliviscerentur.
766 4336 883 4392 Non
912 4344 998 4391 est
1034 4346 1213 4389 autem
1260 4333 1378 4388 inec
1397 4349 1614 4405 quoque
1657 4334 1873 4403 miseri-

265 4433 449 4488 cordia
501 4444 722 4500 parvum
774 4428 1030 4498 signum:
1061 4424 1164 4480 hoc
1196 4427 1340 4481 enim
1384 4425 1630 4479 liberavit
1660 4411 1799 4480 illos
1843 4439 1874 4478 a

267 4523 560 4587 servitute,
602 4529 658 4574 et
693 4518 926 4588 posteris
970 4516 1069 4570 fuit
1125 4505 1342 4570 occasio
1393 4509 1490 4570 Dei
1527 4510 1870 4584 cognitionis.

267 4611 430 4669 Aliud
457 4621 637 4665 autem
663 4609 752 4665 hic
786 4621 1001 4678 quoque
1027 4595 1314 4678 signiﬁcat.
1344 4603 1613 4673 Quidnam
1634 4604 1661 4658 τ
1704 4605 1874 4678 Etiam

269 4712 395 4774 post
420 4700 628 4772 plagam
669 4677 893 4753 illamiu
921 4698 1038 4770 ejus
1069 4677 1234 4750 fuisse
1263 4697 1498 4772 potentia
1528 4677 1761 4751 liberare.
1783 4711 1879 4750 eos

268 4809 301 4848 a
329 4791 610 4854 servitute,
640 4806 762 4844 eum
808 4789 927 4843 illos
973 4779 1182 4866 terrore
1229 4779 1612 4851 concessisset,
1642 4796 1697 4841 et
1742 4790 1878 4841 mari

271 4885 561 4941 obruisset.
590 4883 716 4936 llaec
739 4893 922 4935 autem
948 4879 1116 4945 dicit,
1147 4893 1216 4954 ne
1239 4878 1361 4948 quis
1389 4875 1548 4948 paulo
1574 4877 1878 4932 inconside-

273 4979 442 5034 ratior
471 4984 703 5045 putaret,
726 4988 847 5030 cum
871 4973 1033 5045 jussit
1062 4983 1157 5026 eos
1180 4970 1428 5040 accipere
1455 4986 1645 5024 aurum
1669 4980 1722 5024 et
1751 4985 1878 5026 vasa

274 5079 550 5140 argentea,
583 5070 698 5120 tunc
742 5073 964 5135 propter
1001 5062 1424 5119 imbecillitatem
1467 5062 1717 5131 jussisse.
1747 5061 1880 5115 Nam

277 5161 381 5216 hoc
409 5158 538 5214 fecit
563 5157 749 5212 volens
774 5156 923 5211 omni
950 5156 1156 5210 ratione
1181 5168 1302 5209 esse
1334 5153 1587 5209 terribilis
1612 5152 1878 5218 hostibus,

277 5261 330 5305 et
357 5249 644 5305 ostendere
683 5235 750 5303 se
771 5255 826 5303 et
854 5246 906 5301 vi
935 5253 990 5302 et
1030 5247 1347 5301 auctoritate
1386 5259 1545 5316 posse
1587 5245 1769 5299 omnia
1799 5244 1881 5298 la-

276 5361 424 5411 cere,
456 5357 660 5414 eosque
688 5340 872 5398 fallere
898 5338 1257 5412 acdecipere.
1285 5338 1418 5394 Nam
1438 5355 1559 5410 qua:
1587 5349 1774 5410 aperte
1803 5337 1884 5394 fe-

279 5439 353 5491 cit
384 5450 492 5490 non
522 5434 645 5489 ideo
670 5433 795 5489 fecit
820 5442 1090 5502 tamquam
1130 5445 1236 5486 non
1272 5438 1458 5502 posset
1477 5429 1758 5499 decipere;
1788 5445 1884 5484 nc-

279 5543 384 5598 que
411 5541 534 5583 cum
562 5526 791 5595 decepit,
815 5523 866 5579 id
890 5522 1011 5578 ideo
1032 5522 1175 5589 fecit,
1195 5520 1338 5593 quod
1365 5537 1472 5576 non
1494 5529 1676 5590 posset
1696 5531 1886 5588 aperte

279 5632 474 5689 capere
491 5659 506 5683 ,
529 5615 628 5698 sed
652 5615 708 5670 iu
737 5624 962 5685 utraque
987 5623 1138 5683 parte
1175 5627 1330 5668 suam
1357 5611 1647 5668 ostendens
1691 5621 1884 5682 poten-

341 5767 592 5840 (aLJuxta
615 5779 767 5874 quem
794 5769 874 5836 sit_
892 5767 1001 5817 hac
1029 5767 1202 5829 lectio,
1228 5774 1282 5820 ut
1314 5766 1594 5821 dominetur
1622 5766 1725 5820 diei
1747 5768 1875 5832 (im-

341 5842 468 5874 ιτιιν
498 5835 585 5874 τῆς
639 5829 838 5874 hisac).
862 5843 1164 5874 mum-amns-

278 5829 468 5893 sparsiv
498 5835 585 5887 τῆς
616 5829 838 5892 ἡμέρας),
862 5829 1164 5892 ignoramus.

1289 384 1653 444 EXPOSITIO
1685 383 1750 439 IN
1789 380 2110 438 PSALMUM
2150 381 2410 438 CXXXV.

3459 382 3568 435 illi

1963 495 2112 550 tiam.
2140 496 2271 551 Nam
2297 496 2441 569 quod
2469 497 2571 551 hoc
2599 510 2812 567 quoque
2838 510 3090 567 maguum
3129 504 3331 553 metum
3368 499 3562 554 attule-

1961 586 2083 642 lerit
2109 588 2425 656 alienigenis
2453 627 2467 652 ,
2494 587 2616 641 audi
2643 587 2770 658 quid
2810 599 2995 656 postea
3026 588 3212 643 dicant
3249 598 3402 643 vates
3429 589 3566 643 Atto.

1961 681 2157 735 tiorum
2177 696 2193 734 :
2213 679 2324 753 llic
2348 689 2422 733 est
2444 678 2582 735 Deus
2603 681 2836 747 acerbus,
2863 680 2952 750 qui
2976 681 3224 752 percussit
3249 677 3324 734 1E
3328 691 3567 751 gyptum,

1958 782 2007 827 et
2044 772 2250 843 quando
2286 773 2449 836 illusit
2480 773 2584 840 eis,
2622 783 2742 826 tunc
2770 771 2910 842 ipsos
2935 772 3111 828 eduxit
3138 773 3215 844 (l.
3239 771 3364 844 Reg.
3400 773 3454 827 6.
3485 771 3566 843 6).

1965 864 2127 920 Vides
2158 879 2253 920 eos
2277 873 2499 935 propter
2525 864 2626 935 hoc
2649 865 2824 935 ipsum
2846 864 3272 920 eontremiscere
3292 906 3306 929 ,
3345 870 3572 935 propter

1962 958 2182 1021 furtum,
2209 968 2433 1028 propter
2462 957 2728 1037 iratidem,
2757 957 2900 1028 quod
2934 973 3030 1015 eos
3059 959 3407 1015 interfecerit.

2033 1051 2199 1106 Maris
2230 1049 2388 1124 Rubri
2408 1050 2700 1106 divisiones.
2734 1049 3108 1122 Egyptiorum
3137 1052 3432 1106 obstinatio.
3467 1049 3572 1104 Mi-

1961 1146 2140 1198 racula
2182 1160 2304 1198 rara
2349 1140 2492 1199 sunt.
2519 1173 2593 1184 —
2632 1143 2722 1200 15.
2766 1144 2865 1208 Qui
2915 1143 3084 1197 divisit
3139 1160 3280 1199 mare
3336 1126 3572 1199 Rubrum

1961 1236 2014 1289 in
2044 1236 2347 1293 divisiones.
2382 1237 2574 1304 Alius,
2637 1234 2707 1291 In
2750 1236 3053 1307 διατίθησιν
3107 1237 3289 1300 Alius,
3345 1233 3417 1290 In
3475 1252 3574 1290 se—

1960 1340 2184 1400 gmenta.
2249 1330 2502 1386 Nonnulli
2565 1332 2708 1386 enim
2767 1332 2953 1388 dicunt
3007 1348 3113 1389 non
3175 1331 3343 1387 fuisse
3406 1347 3570 1386 uuam

1960 1423 2130 1489 viam,
2149 1421 2244 1476 sed
2269 1438 2365 1489 pro
2392 1437 2620 1477 numero
2649 1422 2882 1477 tribuum
2915 1422 3079 1484 fuisse
3105 1439 3299 1493 aquam
3321 1423 3570 1489 scissam,

1963 1523 2020 1566 ut
2045 1514 2232 1567 multae
2256 1523 2438 1568 essent
2486 1514 2852 1583 trajectiones.
2879 1514 3005 1569 [hec
3034 1524 3214 1570 autem
3244 1515 3428 1570 omnia
3468 1515 3572 1571 etsi

1963 1620 2210 1676 magnam
2268 1604 2625 1660 ostendebant
2668 1605 2960 1678 potentiam
2992 1590 3452 1679 rt‘erribiletnque
3517 1613 3576 1660 et

1962 1711 2214 1766 magnum
2243 1710 2510 1759 eum-esse
2536 1697 2867 1763 indicabant,
2896 1683 3119 1768 multam
3145 1706 3325 1753 tamen
3354 1711 3572 1769 quoque

1968 1790 2020 1842 in
2047 1802 2112 1863 se,
2138 1787 2404 1843 habebant
2430 1788 2838 1858 benignitatem,
2871 1805 2978 1843 non
3019 1789 3196 1843 solum
3218 1789 3269 1842 in
3299 1804 3394 1844 eos
3439 1803 3578 1857 quo-

1965 1897 2083 1934 rum
2116 1881 2286 1959 gratia
2317 1895 2378 1934 ea
2419 1877 2641 1947 ﬁebant,
2672 1879 2765 1934 sed
2809 1879 2854 1936 si
2903 1881 3201 1935 voluissent
3250 1879 3532 1935 attendere
3557 1921 3572 1946 ,

1966 1971 2212 2033 etiamin
2247 1970 2624 2036 adversarios;
2655 1987 2761 2027 non
2809 1971 2955 2042 enim
2995 1987 3092 2027 eos
3137 1963 3338 2026 temere
3384 1960 3440 2026 et
3482 1960 3578 2026 ne-

1965 2061 2257 2131 quidquam
2289 2063 2424 2116 mari
2453 2061 2668 2124 obruit,
2696 2061 2792 2116 sed
2818 2061 2964 2132 quod
2989 2069 3111 2131 post
3139 2070 3218 2116 tot
3247 2052 3384 2117 facta
3414 2062 3579 2116 mira-

1966 2154 2088 2208 cuia
2120 2153 2386 2208 adversus
2413 2167 2582 2224 aquas
2610 2153 2788 2207 adlmc
2808 2168 2984 2224 suam
3015 2153 3366 2208 ostenderent
3406 2153 3579 2208 auda-

1965 2247 2126 2302 ciam.
2184 2244 2481 2317 Oportebat
2532 2255 2710 2300 autem
2766 2233 2862 2300 eos
2913 2243 3125 2300 etiamsi
3187 2255 3368 2300 essent
3414 2260 3578 2314 supra

1965 2355 2155 2397 omnes
2182 2324 2432 2394 homines
2463 2338 2612 2393 nullo
2637 2352 2799 2393 sensu
2829 2338 3075 2406 praediti,
3106 2351 3229 2392 cum
3259 2337 3578 2409 prmcedeu-

1967 2431 2058 2497 tia,
2092 2429 2400 2503 przrsentia.
2431 2440 2484 2486 et
2511 2446 2632 2495 qua:
2668 2439 2823 2484 erant
2859 2444 2972 2500 prae
3017 2419 3192 2485 oculis
3237 2419 3579 2486 consideras-
3625 2495 3627 2498 Q

1966 2534 2107 2588 sent,
2142 2518 2260 2594 ejus
2307 2521 2602 2591 potentiam
2655 2521 2841 2576 mirari
2882 2529 2938 2576 et
2979 2521 3208 2576 adorare
3236 2563 3252 2588 ,
3298 2528 3463 2590 atque
3508 2520 3579 2574 ab
3637 2533 3646 2539 '

1967 2614 2270 2686 importuna
2311 2615 2656 2669 contentione.
2686 2618 2922 2669 cessare.
2952 2611 3034 2668 Illi
3066 2623 3245 2676 autem
3276 2627 3400 2675 eum
3433 2613 3580 2666 vide-

1967 2717 2090 2763 rent
2114 2708 2422 2763 universam
2445 2720 2749 2761 creaturam
2771 2719 2876 2776 pro
2897 2705 3016 2774 ejus
3045 2705 3270 2779 arbitrio
3293 2705 3488 2760 mutari
3517 2721 3580 2759 ac

1969 2791 2381 2868 transformari,
2414 2809 2468 2857 et
2495 2815 2616 2855 eum
2648 2800 2728 2855 eis
2755 2799 3079 2877 belligerare
3099 2838 3116 2866 ,
3139 2812 3210 2854 ne
3249 2798 3328 2853 sic
3354 2797 3574 2866 quidem

1967 2910 1997 2949 a
2031 2894 2215 2951 furore
2247 2894 2596 2958 destiterunt,
2624 2893 2719 2949 sed
2769 2894 2930 2949 etiam
2980 2907 3104 2948 cum
3150 2891 3397 2946 viderent
3449 2889 3581 2944 illud

1970 2986 2288 3043 miraculum
2330 2988 2348 3018 ί
2403 2986 2547 3056 quod
2591 3001 2807 3041 onmem
2856 2984 3163 3057 superabat
3227 2984 3578 3053 opinionem,

1968 3078 2145 3134 aliena
2180 3077 2272 3132 illa
2302 3085 2357 3132 et
2401 3092 2537 3132 nova
2569 3078 2653 3130 via
2704 3075 2912 3148 ingredi
2958 3075 3076 3130 ausi
3125 3088 3270 3130 sunt.
3316 3073 3581 3144 Quocirca

1971 3184 2120 3227 mare
2161 3169 2268 3223 illis
2313 3169 2619 3238 sepulcrum
2651 3167 2906 3224 efticitur.
2938 3167 3056 3236 Non
3100 3167 3246 3224 enim
3289 3175 3407 3222 erat
3443 3180 3583 3236 opus

1973 3261 2356 3343 naturze'quod
2379 3261 2540 3317 ﬁebat
2559 3303 2574 3328 ,
2603 3261 2697 3317 sed
2728 3263 2896 3334 plaga:
2920 3260 3180 3336 divinitus
3210 3261 3464 3316 immissa:
3489 3277 3504 3315 ε
3527 3269 3584 3314 et.

1972 3355 2097 3410 ideo'
2129 3356 2275 3410 brevi
2317 3363 2596 3410 momento
2647 3354 2906 3424 temporis
2937 3354 3141 3410 fiebant
3183 3352 3454 3408 contraria
3483 3368 3498 3407 :
3528 3361 3584 3408 ct

1972 3461 2080 3500 non
2107 3444 2454 3501 scindebatur
2484 3453 2690 3499 tantum
2721 3445 2773 3499 in
2801 3453 3218 3516 unampartem,
3241 3443 3337 3501 sed
3357 3458 3457 3514 pro
3478 3459 3584 3497 uu-

1973 3554 2124 3592 moro
2152 3538 2392 3592 omnium
2439 3537 2695 3592 tribuum.
2731 3536 2784 3590 In
2833 3550 3159 3606 unoquoque.
3202 3543 3382 3601 autem
3427 3534 3584 3608 signa

1974 3629 2219 3684 meminit
2241 3629 2628 3684 misericordia:
2660 3645 2673 3680 :
2707 3628 2810 3683 hoc
2838 3629 2982 3682 enim
3017 3616 3128 3681 Deo
3157 3619 3405 3680 maiima:
3438 3640 3585 3680 cura:

1976 3730 2114 3783 crat,
2143 3719 2579 3790 quandoquidem
2622 3733 2720 3788 per
2751 3717 3019 3791 elementa
3054 3717 3256 3770 ﬁebant
3299 3707 3582 3780 miracula,

1974 3828 2044 3867 ne
2060 3827 2180 3883 quae
2206 3810 2425 3877 ﬁebant,
2443 3811 2888 3865 existimarentur
2912 3824 3032 3865 esse
3059 3808 3291 3876 alicujus
3317 3802 3584 3862 naturalis

1975 3903 2184 3960 ordinis
2212 3919 2417 3968 rerum,
2453 3903 2546 3958 sed
2577 3890 3028 3970 superni'auxilii,
3060 3902 3202 3972 quod
3231 3916 3446 3955 omnem
3471 3901 3588 3969 opi.

1975 3999 2192 4055 nionem
2236 3984 2544 4072 superantia
2583 3996 2751 4051 eﬂicit
2791 3991 3258 4072 miracula.Quod
3306 3995 3470 4048 etiam
3533 3992 3585 4044 in

1978 4093 2116 4147 mari
2154 4074 2349 4146 accidit
2377 4107 2392 4145 :
2423 4090 2584 4159 idque
2612 4098 2799 4159 aperte
2825 4096 3104 4143 ostensum
3137 4097 3219 4141 est
3243 4103 3308 4142 ex
3336 4101 3422 4151 eo,
3446 4085 3590 4155 quod

1980 4195 2105 4254 post
2129 4184 2256 4239 illud
2284 4197 2390 4238 non
2415 4181 2646 4251 amplius
2685 4180 2885 4235 factum
2913 4181 2983 4234 sit
3017 4197 3030 4234 :
3063 4194 3183 4248 quae
3222 4191 3401 4232 autem
3428 4189 3588 4232 statu-

1981 4277 2168 4333 raliter
2196 4277 2331 4337 iiuut
2350 4317 2365 4337 ,
2395 4285 2522 4330 sunt
2546 4273 2866 4344 frequentia,
2891 4282 2945 4328 et
2965 4283 3117 4326 certo
3140 4280 3386 4343 tempore
3413 4269 3591 4323 solent

1983 4372 2120 4426 ﬁeri.
2152 4371 2236 4426 Η.
2273 4368 2341 4424 Et
2382 4370 2554 4425 eduxit
2594 4367 2762 4422 Israel
2799 4383 2890 4438 per
2924 4366 3146 4419 inediam
3173 4366 3283 4435 ejus
3309 4379 3327 4417 :
3351 4363 3592 4433 quoniam

1982 4470 2034 4520 iu
2064 4467 2309 4525 secutum
2334 4463 2686 4519 misericordia
2710 4463 2843 4533 ejus.

2055 4562 2109 4615 ὅ.
2140 4559 2299 4613 Vides
2322 4556 2594 4628 quomodo
2612 4555 2669 4613 in
2694 4568 3021 4625 unoquoque
3037 4567 3195 4608 versu
3221 4551 3345 4622 jure
3369 4547 3594 4619 subjun-

1983 4654 2062 4723 git
2087 4652 2241 4714 illud,
2293 4650 2360 4705 In
2403 4650 2646 4704 secutum
2697 4648 3049 4715 misericordia
3102 4646 3264 4717 ejus!
3301 4644 3428 4700 lltec
3447 4647 3594 4699 enim

1985 4749 2164 4803 omnia
2187 4746 2481 4801 ostendunt
2527 4748 2846 4814 perpetuam
2875 4739 2995 4810 eius
3021 4738 3442 4812 previdentiam.
3473 4735 3594 4791 Etsi

1986 4840 2130 4895 enim
2153 4853 2272 4909 qua:
2315 4835 2452 4895 facta
2480 4843 2607 4891 sunt
2652 4833 2814 4889 tinem
2863 4839 3144 4902 ceperunt,
3193 4843 3383 4885 eorum
3413 4836 3596 4883 tamen

1986 4932 2266 4988 memorize
2309 4930 2655 5001 pratbuerunt
2683 4927 2918 4998 posteris
2948 4939 3217 4995 imagnam
3267 4935 3456 4981 ansam
3501 4919 3601 4976 Dei

1986 5023 2436 5098 cognitionis.‘ln
2491 5021 2811 5079 memoriam
2851 5019 2994 5075 enim
3020 5015 3273 5072 mandata
3317 5023 3376 5072 et
3422 5024 3600 5068 trans-

1989 5122 2152 5174 missa
2183 5118 2248 5173 ad
2281 5128 2546 5187 posteros,
2577 5114 2920 5171 deducebant
2965 5110 3030 5166 ad
3076 5123 3324 5179 magnam
3356 5105 3600 5177 philoso—

1990 5213 2191 5284 phiam.
2214 5210 2556 5278 Quamquam
2576 5204 2778 5275 alioqui
2795 5217 2907 5260 non
2925 5197 3056 5255 illud
3072 5197 3246 5252 solum
3266 5195 3470 5252 factum
3485 5204 3593 5260 est,

1991 5317 2044 5360 et
2069 5303 2164 5359 Dei
2186 5306 2420 5358 cessavit
2438 5296 2681 5362 curatio;
2716 5309 2892 5364 neque
2932 5293 2985 5347 in
3017 5291 3178 5346 rebus
3215 5287 3392 5344 solum
3421 5286 3592 5356 Egy-

1991 5395 2180 5465 ptiacis
2218 5392 2456 5448 substitit
2498 5389 2624 5459 ejus
2645 5386 2948 5456 benignitas
2973 5424 2989 5450 ,
3030 5381 3126 5439 sed
3175 5377 3598 5449 unumquodque

1995 5498 2206 5555 tempus
2225 5483 2391 5540 habet
2413 5479 2592 5550 ampla
2620 5488 2676 5534 et
2703 5477 2810 5532 late
2838 5474 3030 5531 diffusa
3061 5474 3178 5543 ejus
3218 5465 3606 5525 inenarrabilis

1993 5575 2337 5647 benignitatis
2363 5572 2579 5642 indicia.
2612 5569 2743 5638 Quae
2769 5567 2987 5638 quidem
3018 5565 3114 5635 ille
3141 5562 3437 5623 admirans,
3460 5560 3604 5614 assi-

1993 5671 2098 5725 due
2127 5666 2401 5737 subjungit
2425 5662 2576 5730 illud,
2614 5660 2872 5727 Quoniam
2901 5660 2955 5714 in
2982 5656 3225 5714 saeculum
3239 5653 3619 5712 misericordia.

2064 5825 2080 5856 ί
2117 5822 2227 5886 Alii,
2254 5818 2379 5872 illud
2399 5817 2743 5884 spectaculum,
2769 5830 2866 5868 non
2882 5815 3024 5868 male.
