4056 6440
220 394 337 451 ωε

660 618 728 677 ιΝ
763 613 1090 675 PSALMUI!
1125 610 1410 671 CXXXVI.

232 739 289 795 1.
333 736 502 808 Super
529 731 746 804 ﬂumina
773 728 1048 800 Babylonis
1074 728 1181 782 illic
1209 725 1432 780 sedimus
1453 764 1468 790 ,
1499 731 1546 777 et
1573 720 1821 791 ﬂeuimus,

674 824 794 876 dum
823 820 1204 874 recordaremur
1229 817 1378 872 Sion.

311 981 364 1036 Ι.
406 977 652 1047 Magnum
693 983 776 1028 est
813 972 898 1028 his
923 970 1052 1027 viris
1080 983 1191 1024 sua
1227 966 1457 1023 civitatis
1482 963 1827 1031 desiderium,

238 1085 432 1141 magna
468 1067 672 1124 reditus
698 1063 978 1136 cupiditas.
1011 1059 1278 1127 Quamdiu
1305 1058 1448 1113 enim
1492 1056 1631 1110 bona
1662 1053 1833 1109 habe-

239 1163 370 1218 bant
398 1162 452 1214 in
477 1158 752 1222 nianibus,
784 1155 980 1226 probra
1006 1161 1062 1207 et
1083 1151 1309 1221 injurias
1335 1149 1532 1204 inferre
1557 1161 1665 1202 non
1689 1145 1833 1203 desi-

234 1255 451 1310 stebant
482 1269 496 1304 :
529 1251 624 1306 sed
651 1257 932 1318 postquam
963 1244 1032 1299 ab
1067 1243 1175 1299 illis
1215 1238 1633 1298 sunt-exturbati
1653 1278 1671 1306 ,
1701 1244 1832 1291 tunc

234 1357 425 1399 eorum
468 1328 736 1396 desiderio
778 1335 952 1392 allecti
994 1341 1120 1389 sunt
1160 1351 1175 1388 :
1218 1340 1504 1402 propterea
1546 1329 1689 1385 enim
1733 1341 1831 1383 eos

233 1432 458 1504 expulit,
486 1439 546 1485 ut
571 1430 834 1486 excitaret
870 1427 923 1482 in
963 1426 1030 1482 iis
1067 1424 1241 1495 majus
1266 1421 1615 1480 desiderium.
1644 1418 1702 1474 Id
1729 1433 1829 1473 au-

232 1533 344 1579 tem
368 1522 508 1579 solet
545 1535 690 1591 saepe
729 1519 870 1574 Deus
899 1517 1094 1572 facere.
1124 1513 1352 1584 Quando
1390 1514 1535 1570 enim
1559 1554 1574 1580 ,
1606 1511 1732 1567 dum
1775 1512 1830 1567 In

232 1615 462 1672 summis
505 1628 693 1670 sumus
735 1611 986 1679 deliciis,
1032 1618 1092 1668 et
1135 1600 1369 1664 maxima
1408 1607 1671 1662 bonorum
1711 1605 1832 1678 ejus

232 1705 529 1771 afﬂuentia,
569 1718 679 1760 non
707 1703 1004 1765 sentimus,
1044 1709 1198 1756 curat
1233 1707 1292 1755 ut
1326 1699 1405 1754 eis
1431 1711 1731 1764 careamus,
1771 1704 1831 1753 ut

231 1797 535 1867 privatione
558 1808 744 1848 eorum
770 1791 1034 1862 castigati,
1061 1791 1141 1848 eis
1165 1804 1352 1846 rursus
1375 1789 1476 1845 frui
1503 1802 1825 1860 quaeramus.

229 1886 340 1942 Sed
382 1899 610 1956 quanam
648 1883 718 1939 de
745 1898 904 1938 causa
941 1882 1203 1939 sedebant
1228 1881 1296 1936 ad
1334 1880 1599 1936 ﬂusnina‘l
1645 1879 1711 1936 Ut
1737 1879 1829 1950 qui

230 1985 418 2032 essent
453 1975 685 2044 captivi,
717 1983 772 2029 et
809 1974 1047 2043 regionis
1082 1971 1317 2028 hostium
1359 1971 1555 2026 finibus
1593 1970 1828 2026 circum-

228 2067 440 2136 scripti,
463 2074 620 2119 extra
646 2079 829 2118 muros
853 2072 908 2120 et
934 2065 1098 2120 urbes
1126 2063 1450 2118 habitarent.
1475 2060 1529 2116 2.
1559 2057 1626 2115 ιη
1651 2060 1827 2116 salici-

229 2157 326 2210 bus
353 2156 409 2208 in
435 2155 600 2208 medio
646 2155 756 2223 ejus
789 2153 1147 2223 suspendimus
1175 2168 1369 2225 organa
1410 2161 1606 2208 nostra.
1651 2152 1825 2217 Alius,

229 2245 468 2300 Citltaras
489 2246 563 2316 (α)
587 2255 808 2300 nostras.
831 2245 1003 2313 Alius,
1027 2243 1211 2316 Lyras.
1236 2245 1303 2300 Et
1326 2258 1557 2315 quanam
1577 2244 1647 2300 de
1665 2257 1827 2300 causa

228 2339 469 2395 tulerunt
496 2353 694 2408 Organa
723 2353 820 2394 sua
847 2353 968 2394 cum
1007 2338 1061 2393 in
1096 2338 1457 2406 captivitatem
1488 2337 1824 2405 recederent,

227 2429 320 2496 qui
363 2428 444 2484 eis
483 2411 719 2483 minime.
748 2435 906 2483 erant
948 2429 1142 2484 usuri?
1178 2427 1293 2484 Hoc
1337 2444 1552 2500 quoque
1596 2429 1768 2485 fuerat
1792 2443 1825 2484 a

227 2519 343 2574 Deo
372 2520 666 2588 provisum,
695 2526 756 2573 ut
779 2517 867 2573 vel
903 2519 956 2573 in
989 2519 1164 2574 aliena
1186 2519 1407 2589 regione
1435 2519 1696 2575 baberent
1720 2535 1827 2576 mo-

226 2611 468 2665 nimenta
512 2609 709 2679 prioris
751 2609 1081 2679 reipublicae,
1130 2611 1407 2681 magisque
1449 2612 1826 2667 morderentnr

223 2714 281 2758 et
305 2704 501 2774 a-grius
523 2701 751 2770 ferrent,
782 2701 910 2763 dum
940 2702 1081 2757 illius
1110 2702 1386 2773 religionis
1424 2710 1480 2758 et
1519 2703 1615 2758 Dei
1649 2704 1824 2760 cultus

224 2794 318 2851 illa
340 2795 495 2863 signa
524 2793 788 2849 viderent.
818 2795 874 2850 ὃ.
908 2793 1044 2861 Quia
1080 2795 1188 2849 illic
1229 2795 1667 2867 interrogaverunt
1706 2813 1820 2867 nos,

223 2888 312 2957 qui
339 2887 568 2956 captiuos
596 2886 850 2952 disserunt
874 2899 988 2952 nos,
1015 2886 1164 2940 verba
1190 2888 1522 2942 cantionum:
1551 2896 1600 2942 et
1621 2888 1710 2958 qui
1729 2888 1823 2942 ab-

224 2979 481 3032 τίκτει-κω
505 2992 598 3032 nos
622 2994 639 3032 :
661 2976 926 3048 Hymuum
952 2987 1153 3032 cantate
1171 2979 1314 3033 nobis
1347 2979 1411 3034 de
1435 2980 1643 3034 comicis
1671 2979 1819 3035 Sion.

221 3069 341 3126 Non
373 3085 563 3140 parum
590 3070 717 3125 hinc
751 3068 1175 3135 lucrifaciebant,
1209 3071 1352 3140 quod
1392 3072 1470 3127 eis
1508 3070 1722 3126 barbari
1751 3072 1823 3128 in-

221 3170 453 3226 starent,
481 3169 539 3216 et
563 3161 768 3216 cantica
804 3176 994 3216 eorum
1017 3161 1204 3216 audire
1242 3171 1519 3232 cuperent.
1563 3163 1697 3219 Vide
1720 3180 1819 3219 au-

222 3260 331 3307 tem
357 3261 615 3320 quantam
655 3252 780 3308 hinc
810 3253 1198 3309 correctionem
1238 3250 1499 3321 ceperunt
1539 3272 1606 3311 ex
1647 3258 1820 3327 capti-

219 3346 408 3398 vitate.
437 3343 539 3409 Qui
563 3344 707 3398 enim
733 3344 1027 3400 insolentes
1054 3345 1178 3400 facti
1200 3345 1527 3413 defecerant,
1555 3356 1610 3403 et
1633 3363 1664 3402 a
1690 3350 1820 3405 reli-

217 3437 381 3505 gione
416 3449 513 3490 sua
538 3435 861 3502 resilieraut,
903 3444 958 3492 et
981 3437 1154 3507 legem
1176 3438 1322 3492 omni
1356 3439 1566 3494 ratione
1604 3442 1821 3496 concul-

217 3531 498 3591 caverant,
530 3539 590 3580 se
616 3526 668 3579 in
690 3525 860 3580 aliena
886 3526 1234 3595 regionetam
1255 3528 1490 3598 graviter
1513 3539 1817 3600 gesserunt,

218 3626 277 3671 nt
308 3618 398 3671 vel
427 3617 737 3686 urgentibus
761 3625 816 3673 et
841 3619 1167 3674 minantibus
1207 3619 1469 3687 barbaris,
1496 3629 1552 3678 et
1585 3622 1820 3693 undique

215 3707 755 3774 circumsistentibus,
805 3718 858 3763 et
897 3709 1084 3765 audire
1112 3712 1479 3778 cupientibus,
1510 3729 1578 3768 ne
1605 3715 1684 3770 sic
1705 3715 1818 3785 qui-

219 3796 340 3853 dem
372 3813 559 3853 eorum
594 3799 861 3855 desiderio
883 3802 1344 3871 gratificarentur,
1373 3805 1466 3860 sed
1491 3805 1662 3876 legem
1688 3822 1820 3878 prte-

218 3890 443 3952 ferrent,
467 3905 699 3962 eamque
712 3893 998 3965 diligenter
1023 3904 1427 3950 conservarent.
1454 3897 1586 3952 lllud
1613 3908 1816 3965 autem,

218 3981 320 4046 Qui
339 3982 678 4050 abduxerunt,
708 3985 844 4040 alius
872 3985 945 4056 (ὁ)
973 3985 1129 4052 dixit,
1157 3986 1259 4050 Qui
1284 3999 1580 4059 arroganter
1604 3992 1817 4061 agebant

214 4084 396 4126 contra
424 4089 538 4140 nos,
583 4075 970 4144 propemodum
1001 4076 1104 4132 hoc
1141 4078 1328 4133 dicens
1363 4094 1378 4132 :
1423 4079 1525 4148 Qui
1564 4091 1720 4136 antea
1761 4083 1815 4136 in

214 4178 315 4218 nos
348 4161 739 4218 invebebantur
764 4204 780 4230 ,
821 4175 878 4220 et
922 4167 976 4221 in
1017 4183 1115 4222 nos
1162 4168 1540 4239 insurgebant,
1575 4179 1816 4240 tempore

213 4255 350 4310 adeo
380 4254 552 4320 lenes,
598 4257 755 4310 mites
796 4266 850 4312 et
888 4259 1153 4314 mansueti
1199 4258 1322 4313 facti
1351 4269 1495 4327 sunt,
1535 4271 1592 4316 ut
1619 4262 1817 4317 vellent

213 4344 376 4398 etiam
408 4353 589 4398 nostra
616 4345 804 4401 audire
827 4347 1055 4401 cantica.
1091 4347 1154 4402 Hi
1183 4356 1360 4404 tamen
1388 4365 1496 4405 non
1533 4365 1814 4407 concesse-

214 4445 363 4491 runt.
410 4435 598 4490 Vidisti
641 4453 872 4504 quonam
915 4439 1078 4494 modo
1123 4441 1301 4497 reddit
1346 4442 1514 4498 fortes
1554 4443 1814 4498 afﬂictio?

212 4519 485 4592 quomodo
530 4530 924 4596 compunctos?
969 4531 1239 4600 quomodo
1267 4542 1501 4588 mentem
1545 4536 1813 4590 conterit?

213 4616 441 4672 Flebant
483 4619 664 4685 enim,
695 4628 750 4674 et
791 4621 962 4692 legem
1007 4623 1399 4692 observabant,
1447 4637 1501 4683 et
1530 4631 1656 4699 qui.
1689 4645 1811 4685 cum

211 4710 490 4780 prophetae
518 4699 973 4783 lacrymarentur,
1003 4715 1284 4782 ridebant,
1330 4719 1735 4776 ludificabantur
1759 4733 1812 4778 et

209 4803 614 4859 subsannabant
658 4822 672 4858 :
717 4806 771 4861 bi
810 4822 953 4863 nunc
996 4809 1212 4865 nemine
1255 4825 1348 4866 eos
1391 4812 1716 4870 admonente
1743 4817 1810 4871 ad

212 4895 480 4965 lncrymas
525 4899 1012 4966 convertebantur,
1057 4911 1112 4957 et
1155 4901 1372 4958 ﬂebant.
1423 4904 1502 4959 Ex
1540 4919 1607 4960 eo
1649 4908 1808 4962 etiam

211 4986 502 5055 plurimum
551 4976 817 5043 comniodi
868 4993 1236 5062 percipiebant
1291 4995 1491 5051 hostes.
1545 4995 1810 5054 Videbant

212 5079 356 5130 enim
399 5092 492 5132 eos
525 5094 628 5162 non
661 5082 828 5148 premi
860 5084 1165 5151 captivitate
1185 5125 1201 5149 ,
1233 5101 1332 5141 nec
1370 5088 1678 5143 servitutem
1709 5090 1806 5146 de-

211 5168 364 5234 tlere,
389 5186 488 5226 nec
510 5172 647 5244 quod
675 5174 724 5227 in
751 5174 922 5229 aliena
953 5179 1173 5246 regione
1198 5177 1519 5246 habitarent,
1549 5182 1642 5236 sed
1664 5183 1804 5254 quod

211 5274 242 5312 a
273 5275 372 5314 suo
395 5262 492 5316 Dei
537 5264 680 5318 cultu
725 5267 1068 5321 excidissent.
1118 5267 1184 5322 Et
1233 5269 1353 5325 ideo
1396 5271 1634 5340 adjecit:
1668 5273 1806 5328 Dum

212 5352 596 5407 recordaremur
636 5355 787 5410 Sion.
833 5357 1015 5428 Neque
1058 5361 1201 5415 enim
1240 5361 1428 5417 leviter
1472 5373 1675 5420 tantum
1719 5366 1802 5422 lu-

209 5450 336 5510 cent
355 5483 368 5504 ,
402 5443 496 5497 sed
525 5445 687 5500 veluti
717 5448 981 5516 quoddam
1015 5460 1328 5522 perpetuum
1358 5455 1571 5526 lugendi
1609 5475 1803 5516 munus

210 5531 429 5588 obeunt.
460 5532 720 5600 Quocirca
745 5539 875 5595 dicit
901 5541 955 5596 in
984 5542 1266 5616 principio,
1297 5545 1554 5617 Scdimus,
1586 5560 1633 5604 et
1659 5551 1802 5621 ﬂevi-

276 5785 350 5848 (a)
384 5780 508 5833 Vide
531 5786 762 5848 Hexaplg.

277 5839 353 5914 (ὁ)
385 5851 498 5908 (μηδ
519 5851 584 5900 sit
608 5839 684 5901 hic
707 5839 956 5916 interpres
977 5854 1241 5917 ignoratur.

1261 388 1624 456 ΕΧΙὍΒΙΤΙΟ
1659 388 1728 452 ΙΝ
1765 389 2094 452 ΡΕΑΙΔΙΠΜ
2133 393 2416 454 CXXXVI.

3425 404 3531 458 406

1941 535 2077 585 mus,
2104 521 2466 592 significantes
2495 538 2555 582 se
2582 528 2706 584 ideo
2729 526 3041 584 consedisse
3068 534 3127 581 ut
3150 526 3357 583 cierent
3383 514 3540 581 fletus

1937 619 1994 668 et
2017 611 2266 683 ejulatus.
2295 611 2401 669 Sed
2442 627 2541 671 cur
2567 616 2647 672 eis
2676 632 2784 674 non
2826 618 3237 689 permittebatur
3263 633 3458 673 canere
3486 619 3539 673 in

1937 704 2114 760 aliena
2143 705 2328 759 terra?
2354 706 2614 772 Quoniam
2645 724 2752 764 non
2780 710 3064 780 oportebat
3101 717 3261 764 aures
3289 709 3540 778 profanas

1935 804 2127 863 audire
2170 805 2265 864 illa
2303 821 2524 862 arcana.
2555 808 2609 863 4.
2644 807 2913 876 Quomodo
2944 808 3261 863 cantabimus
3288 809 3539 862 canticum

1936 896 2147 954 Domini
2173 899 2228 954 in
2250 907 2388 954 terra
2415 901 2582 954 aliena
2608 901 2634 953 1’
2675 901 2788 956 lloc
2815 909 2896 955 est
2921 919 2935 953 :
2966 900 3082 954 Non
3111 901 3236 956 licet
3265 900 3418 955 nobis
3446 916 3539 954 ca—

1935 1003 2084 1045 nere.
2130 986 2251 1050 Etsi
2294 991 2436 1045 enim
2484 1005 2515 1044 a
2559 990 2728 1060 patria
2771 990 3088 1058 excidimus,
3140 990 3312 1061 legem
3358 999 3539 1045 tamen

1933 1087 2196 1150 perpetuo
2231 1095 2542 1145 servamus,
2574 1079 2735 1150 idque
2763 1080 3196 1151 diligentissime.
3228 1080 3407 1149 Quare
3435 1080 3542 1136 etsi

1933 1170 1989 1225 in
2018 1185 2246 1242 corpora
2274 1172 2570 1228 dominium
2598 1173 2922 1240 obtineatis‘,
2951 1173 3190 1228 animum
3221 1180 3402 1228 tamen
3431 1188 3538 1227 non

1931 1258 2278 1331 superabitis.
2308 1260 2498 1317 Vidisti
2529 1262 2762 1318 animam
2788 1263 2858 1319 ab
2883 1263 3174 1320 afflictione
3215 1278 3336 1319 esse
3363 1262 3537 1319 dedu-

1932 1362 2075 1408 ctam
2103 1352 2172 1408 ad
2199 1340 2436 1409 studium
2468 1354 2747 1424 sapientia:
2769 1397 2786 1424 ,
2815 1357 3180 1426 aarumnisqne
3221 1365 3275 1411 et
3314 1355 3541 1411 calami-

1932 1443 2131 1501 tatibus
2155 1459 2278 1502 esse
2305 1445 2681 1517 superiorem"?
2705 1447 2761 1503 ὅ.
2785 1441 2848 1504 Si
2875 1448 3062 1504 oblitus
3091 1452 3238 1520 fuero
3267 1448 3362 1515 tui,
3385 1446 3544 1502 Jeru-

1929 1537 2111 1604 salem,
2138 1535 2382 1590 oblivioni
2411 1536 2559 1592 detur
2578 1539 2787 1592 dextera
2811 1554 2944 1592 mea.
2977 1539 3032 1594 ϐ.
3057 1537 3330 1593 ΑάΙιωγεαι
3359 1539 3541 1610 lingua

1929 1642 2053 1682 mea
2069 1628 2303 1698 faucibus
2329 1627 2476 1683 meis.
2506 1626 2644 1684 Vide
2685 1627 2774 1683 hic
2811 1642 3028 1700 quoque
3065 1643 3313 1700 magnam
3345 1627 3539 1683 factam

1928 1717 2303 1774 mutationem.
2356 1719 2461 1787 Qui
2513 1719 2659 1776 enim
2701 1719 2925 1791 singulis
2970 1720 3163 1776 diebus
3211 1719 3536 1782 audiebant,

1931 1805 2048 1863 fore
2076 1815 2135 1863 ut
2161 1823 2227 1864 ex
2257 1808 2470 1864 civitate
2498 1809 3009 1877 exterminarentur,
3037 1819 3094 1867 et
3115 1825 3223 1866 non
3251 1810 3534 1874 curabant,

1927 1913 2073 1953 nunc
2100 1898 2216 1953 dira
2246 1899 2349 1954 sibi
2380 1899 2782 1970 imprecantur,
2814 1902 2860 1956 si
2903 1901 3021 1972 ejus
3050 1904 3158 1956 sint
3187 1901 3363 1957 obliti.
3393 1901 3535 1968 Quid

1928 1996 2011 2042 est
2033 1997 2235 2053 autem,
2263 1987 2518 2043 Oblivioni
2543 1988 2695 2044 detur
2716 1991 2923 2045 dextera
2948 2007 3062 2045 mea
3082 1992 3108 2044 Ρ
3133 1990 3311 2058 Vires,
3342 1991 3534 2060 inquit,

1929 2088 2065 2132 mea:
2106 2078 2216 2134 mei
2261 2079 2665 2147 obliviscantur,
2716 2090 2772 2134 et
2819 2091 3000 2136 mutus
3044 2080 3270 2137 evadam
3319 2093 3538 2152 propter

1927 2169 2191 2225 malorum
2217 2170 2659 2241 magnitudinem,
2689 2171 2752 2227 Si
2780 2188 2884 2227 non
2909 2173 3185 2227 meminero
3199 2173 3289 2226 'tui
3314 2189 3333 2226 :
3363 2174 3407 2227 si
3436 2190 3540 2228 non

1926 2277 2266 2333 praposttero
2282 2262 2572 2340 Jerusalem
2599 2265 2727 2319 sicut
2756 2265 2773 2296 ¹
2802 2265 2856 2318 in
2885 2265 3138 2335 principio
3177 2265 3369 2319 latitia:
3392 2281 3536 2319 ntere.

1925 2353 2062 2421 Quid
2091 2363 2208 2421 est,
2242 2354 2312 2409 Si
2331 2370 2435 2409 non
2460 2369 2787 2426 pmposuero
2806 2353 3096 2410 Jerusalem
3116 2355 3144 2409 τ
3183 2355 3300 2410 Non
3330 2355 3534 2420 solum,

1925 2445 2118 2516 inquit,
2166 2446 2240 2501 tui
2281 2449 2580 2503 meminero
2605 2448 2659 2501 in
2685 2448 2805 2503 aliis
2827 2489 2842 2514 ,
2875 2447 2972 2503 sed
3018 2449 3180 2503 etiam
3221 2449 3273 2502 in
3301 2449 3537 2520 ,bymnis

1925 2545 1981 2593 et
2009 2537 2062 2592 in
2092 2537 2338 2592 canticis.
2373 2538 2504 2594 Illud
2544 2550 2723 2595 autem
2747 2581 2762 2606 ,
2793 2538 3167 2611 Praeposuero,
3196 2541 3303 2595 hoc
3326 2549 3439 2606 est,
3475 2541 3535 2596 In

1923 2629 2114 2684 cantici
2145 2629 2410 2699 prooemio
2433 2644 2498 2684 ac
2524 2629 2780 2699 praeludio
2810 2647 3070 2700 posuero,
3101 2632 3383 2706 loquentes
3408 2649 3532 2687 ver-

1923 2719 2049 2776 bum
2081 2735 2289 2788 eorum,
2330 2722 2422 2791 qui
2467 2721 2624 2776 valde
2661 2721 2991 2787 desiderant,
3039 2723 3149 2776 imo
3172 2737 3302 2777 vero
3344 2738 3533 2778 eorum

1922 2813 2012 2882 qui
2061 2811 2180 2881 ejus
2225 2827 2422 2882 magno
2469 2812 2960 2868 amore'tenentur
3007 2822 3063 2867 et
3108 2808 3531 2867 inﬂammantur.

1921 2902 2215 2958 Audiamus
2245 2902 2361 2957 haec
2388 2917 2599 2969 omnes,
2629 2913 2685 2958 et
2708 2901 2999 2958 discamus.
3033 2903 3246 2958 Etenim
3272 2902 3534 2973 quemad-

1921 2991 2143 3049 modum
2170 2992 2226 3048 lti
2255 3009 2379 3048 cum
2407 2994 2477 3050 ab
2518 3009 2581 3050 ea
2609 2993 2950 3059 exciderant,
2984 3003 3110 3049 tunc
3134 3003 3383 3064 quaerunt
3414 3011 3428 3050 :
3458 2994 3530 3048 ita

1921 3087 2085 3141 etiam
2110 3087 2294 3142 multis
2318 3102 2384 3145 ex
2411 3087 2564 3144 nobis
2593 3087 2826 3152 eveniet,
2856 3101 2978 3142 cum
3007 3088 3061 3142 in
3088 3088 3181 3142 illo
3205 3088 3292 3143 die
3319 3103 3348 3140 a
3376 3087 3532 3143 leru-

1921 3177 2091 3232 salem
2135 3177 2336 3232 caelesti
2379 3177 2757 3260 excidet-imus.
2790 3174 2897 3233 Sed
2939 3177 2994 3231 1ιί
3037 3178 3251 3246 quidem
3279 3192 3400 3231 eum
3432 3193 3530 3232 ex-

1920 3268 2201 3337 cidissent,
2232 3283 2385 3340 spem
2415 3269 2685 3325 habebant
2711 3268 2916 3324 reditus
2937 3311 2952 3336 ,
2983 3270 3140 3325 nobis
3169 3281 3348 3325 autem
3378 3272 3529 3325 exci-

1920 3362 2170 3418 dentibus
2206 3349 2360 3417 'nulla
2405 3361 2610 3432 reliqua
2649 3376 2772 3431 spes
2814 3370 2898 3416 est
2940 3363 3287 3417 reversionis.
3334 3361 3528 3417 Verulis

1927 3457 2061 3509 enim
2095 3469 2268 3508 eorum
2298 3455 2701 3520 non'morielur,
2737 3455 2942 3523 inquit,
2976 3465 3024 3508 et
3066 3457 3198 3525 ignis
3228 3472 3401 3510 eorum
3427 3473 3531 3512 non

1921 3547 2265 3616 exstinguetur
2294 3543 2486 3615 (Marc.
2511 3543 2566 3598 9.
2589 3543 2701 3614 45).
2733 3543 2800 3597 Ει
2829 3543 2952 3599 ideo
2975 3554 3191 3614 oportet
3215 3561 3314 3600 nos
3341 3556 3526 3600 nostra

1919 3635 2227 3711 diligentius
2255 3634 2569 3701 attendere,
2603 3644 2659 3689 et
2688 3635 2742 3690 in
2774 3638 3029 3704 praesenti
3061 3638 3166 3690 vita
3198 3636 3276 3690 sie
3303 3651 3400 3691 nos
3429 3652 3528 3708 ge-

1919 3743 2069 3793 rere,
2101 3737 2289 3782 utnon
2333 3729 2502 3782 simus
2528 3726 2747 3797 captivi,
2793 3743 2894 3782 nec
2934 3728 3092 3782 alieni
3133 3745 3196 3783 ac
3237 3729 3429 3784 remoti
3460 3730 3529 3782 ab

1919 3819 2007 3875 illa
2041 3820 2349 3890 metropoli.
2383 3822 2438 3874 7.
2462 3819 2663 3875 Memor
2691 3831 2815 3886 esto,
2843 3819 3081 3885 Domine,
3110 3821 3336 3891 filiorum
3359 3819 3528 3874 Edam

1917 3913 1972 3967 in
1999 3912 2082 3966 die
2105 3911 2391 3966 Jerusalem
2416 3928 2434 3966 :
2464 3913 2550 3982 qui
2577 3911 2749 3966 dicunt
2772 3927 2790 3965 :
2818 3911 3096 3966 Exinanile
3113 3954 3129 3980 ,
3158 3913 3414 3967 eainanite
3438 3931 3524 3966 us-

1918 4018 2015 4073 que
2039 4002 2107 4055 ad
2134 4002 2469 4072 fundamenta
2495 4003 2624 4073 ejus.
2655 4003 2826 4066 Alius,
2853 4000 2902 4054 F
2904 4001 3006 4056 iliis
3038 4001 3226 4056 Edam.
3257 4003 3370 4057 lloc
3395 4012 3530 4072 qud-

1917 4109 2026 4164 que
2064 4093 2287 4150 verbum
2332 4102 2416 4148 est
2459 4109 2645 4148 eorum
2677 4095 2767 4165 qui
2812 4095 3210 4148 inﬂammantur
3255 4089 3526 4150 desiderio

1917 4185 2169 4241 civitatis.
2218 4186 2330 4240 Hoc
2359 4194 2443 4240 est
2482 4196 2662 4240 autem
2693 4185 2834 4256 quod
2865 4185 3051 4257 dicunt
3079 4205 3091 4240 :
3122 4186 3318 4242 Poenas
3347 4187 3419 4243 de
3447 4187 3527 4242 eis

1917 4289 2093 4343 sume,
2122 4278 2314 4348 quibus
2339 4292 2444 4331 non
2471 4276 2770 4331 sufﬁciebat
2790 4277 2932 4346 quod
2958 4287 3114 4346 capta
3142 4289 3286 4332 esset
3316 4279 3520 4343 civitas,

1919 4384 2021 4424 nec
2065 4370 2239 4423 satiati
2287 4378 2441 4424 erant
2483 4369 2601 4438 ejus
2640 4369 2948 4433 eversione,
2991 4369 3086 4424 sed
3136 4371 3426 4435 instabant,
3471 4381 3526 4425 et

1917 4460 2191 4529 dicebant,
2217 4460 2444 4516 Effodite
2465 4460 2720 4530 quamdiu
2744 4459 2903 4515 fuerit
2927 4460 2979 4515 in
3002 4475 3065 4515 ea
3090 4460 3521 4517 fundamentum.

1918 4551 2216 4622 Cupiebant
2256 4552 2399 4606 cnim
2438 4566 2506 4606 ne
2545 4551 2704 4607 bases
2746 4551 2962 4620 quidem
3006 4567 3228 4608 manere
3270 4553 3519 4620 civitatis,

1918 4642 2013 4698 sed
2044 4642 2126 4698 vel
2174 4644 2287 4713 ipsa
2317 4643 2435 4712 ejus
2463 4641 2808 4698 fundamenta
2836 4643 3087 4698 convelli.

1987 4733 2042 4788 2.
2075 4734 2140 4788 lli
2171 4745 2349 4788 autem
2379 4743 2535 4790 erant
2559 4734 2784 4800 Arabes,
2809 4735 2899 4804 qui
2926 4749 3032 4790 una
3064 4750 3185 4791 cum
3211 4734 3525 4808 Babyloniis

1918 4825 2133 4881 Iudaeos
2163 4826 2509 4880 invaserant:
2544 4842 2770 4896 quorum
2797 4824 3107 4897 frequenter
3130 4828 3378 4883 meminit
3399 4843 3524 4898 pro-

1915 4918 2100 4990 pheta,
2135 4929 2189 4972 ει
2221 4932 2315 4972 eos
2341 4917 2498 4972 valde
2525 4916 2902 4987 reprehendit,
2943 4918 3087 4988 quod
3130 4935 3253 4974 cum
3285 4921 3522 4975 interce-

1915 5011 2068 5065 deret
2098 5011 2237 5064 inter
2267 5024 2362 5065 eos
2397 5009 2685 5080 cognatio,
2717 5009 2962 5064 hostibus
3003 5009 3153 5065 fuere
3191 5011 3517 5067 acerbiores.

1916 5101 1970 5157 8.
2001 5101 2140 5156 Filia
2166 5099 2444 5171 Babylonis
2485 5101 2690 5155 misera.
2722 5101 2902 5163 Alius,
2944 5099 3171 5156 Vastuta.
3214 5103 3385 5167 Alius,
3424 5101 3514 5158 Di-

1914 5193 2167 5263 ripienda.
2205 5192 2300 5247 Hic
2329 5193 2619 5247 ostendens
2648 5193 2740 5245 Dei
2763 5193 2903 5247 vires
2930 5209 3035 5247 non
3060 5194 3112 5247 in
3148 5193 3466 5250 liberatione
3488 5210 3517 5249 a

1914 5287 2101 5354 malis,
2135 5287 2230 5342 sed
2272 5288 2324 5340 in
2351 5286 2606 5357 parandis
2633 5285 2697 5341 iis
2726 5286 2934 5341 insidiis
2963 5287 3056 5357 qui
3091 5288 3209 5342 illos
3240 5304 3519 5360 Oppugna-

1913 5370 2074 5446 ru‘nt,
2121 5379 2366 5448 praedicit
2408 5372 2670 5449 propheta
2712 5378 2849 5433 mala
2892 5394 3012 5450 quae
3057 5391 3214 5435 erant
3258 5369 3523 5437 eventu'ra

1912 5471 2196 5546 Babyloni.
2228 5480 2282 5526 et
2311 5479 2466 5524 vocat
2504 5486 2622 5525 eam
2669 5471 2922 5525 miseram
2953 5480 3172 5541 propter
3215 5473 3354 5528 mala
3392 5487 3515 5540 qua:

1914 5563 2057 5617 illam
2084 5573 2241 5620 erant
2272 5563 2520 5617 invasura
2554 5582 2566 5616 :
2598 5563 2652 5617 in
2684 5563 2785 5620 hoc
2809 5579 3022 5635 quoque
3051 5566 3250 5620 docens
3275 5564 3514 5632 iud-ros,

1977 5745 1992 5774 ι
2031 5740 2166 5802 Illud,
2190 5742 2312 5791 sicut
2332 5779 2346 5798 ,
2369 5739 2612 5803 adjectum
2637 5741 2725 5791 fuit
2748 5754 2845 5790 non
2869 5742 3013 5792 modo
3035 5744 3083 5792 in
3106 5742 3340 5803 Lxx,sed
3366 5745 3513 5794 etiam

1917 5810 1966 5867 in
1990 5805 2299 5854 versiouiints
2321 5803 2994 5867 Symuiachi,jrbcotlotionis,
3033 5807 3217 5867 quinta:
3244 5815 3296 5858 et
3317 5813 3477 5858 sexta
3500 5821 3514 5860 :

1920 5864 2063 5920 iubis
2082 5868 2265 5930 quippe
2287 5863 2514 5914 omnibus
2539 5866 2711 5914 eadem
2734 5863 2879 5915 lectio
2903 5863 3212 5918 observatur.
