  <div class='ocr_page' id='page_1' title='image "/cluster/home/n/w/nwhite01/storage/ocr_20150623/55/ien.35556001660828/401.png"; bbox 0 0 4056 6432; ppageno 0'>
   <div class='ocr_carea' id='block_1_1' title="bbox 624 384 720 438">
    <p class='ocr_par' dir='ltr' id='par_1_1' title="bbox 624 384 720 438">
     <span class='ocr_line' id='line_1_1' title="bbox 624 384 720 438; baseline 0 0"><span class='ocrx_word' id='word_1_1' title='bbox 624 384 720 438; x_wconf 75' lang='grc' dir='ltr'><strong>ιυἹ</strong></span> 
     </span>
    </p>
   </div>
   <div class='ocr_carea' id='block_1_2' title="bbox 617 485 2185 559">
    <p class='ocr_par' dir='ltr' id='par_1_2' title="bbox 617 485 2185 559">
     <span class='ocr_line' id='line_1_2' title="bbox 617 485 2185 559; baseline -0.005 -15"><span class='ocrx_word' id='word_1_2' title='bbox 617 505 670 547; x_wconf 73' lang='lat' dir='ltr'><strong>ut</strong></span> <span class='ocrx_word' id='word_1_3' title='bbox 711 492 996 547; x_wconf 87' lang='lat' dir='ltr'><strong>ostendens</strong></span> <span class='ocrx_word' id='word_1_4' title='bbox 1047 490 1135 544; x_wconf 88' lang='lat' dir='ltr'><strong>Dei</strong></span> <span class='ocrx_word' id='word_1_5' title='bbox 1180 490 1466 559; x_wconf 64' lang='lat' dir='ltr'><strong>William</strong></span> <span class='ocrx_word' id='word_1_6' title='bbox 1503 502 1624 543; x_wconf 82' lang='lat' dir='ltr'><strong>esse</strong></span> <span class='ocrx_word' id='word_1_7' title='bbox 1662 501 1757 557; x_wconf 88' lang='lat' dir='ltr'><strong>per</strong></span> <span class='ocrx_word' id='word_1_8' title='bbox 1796 495 1966 541; x_wconf 90' lang='lat' dir='ltr'><strong>totum</strong></span> <span class='ocrx_word' id='word_1_9' title='bbox 2003 485 2185 538; x_wconf 83' lang='lat' dir='ltr'><strong>urbem</strong></span> 
     </span>
    </p>
   </div>
   <div class='ocr_carea' id='block_1_3' title="bbox 620 564 2186 652">
    <p class='ocr_par' dir='ltr' id='par_1_3' title="bbox 620 564 2186 652">
     <span class='ocr_line' id='line_1_3' title="bbox 620 564 2186 652; baseline -0.008 -15"><span class='ocrx_word' id='word_1_10' title='bbox 620 596 773 637; x_wconf 64' lang='lat' dir='ltr'><strong>terra!</strong></span> <span class='ocrx_word' id='word_1_11' title='bbox 794 591 1113 652; x_wconf 76' lang='lat' dir='ltr'><strong>porrectam.</strong></span> <span class='ocrx_word' id='word_1_12' title='bbox 1135 578 1321 634; x_wconf 85' lang='lat' dir='ltr'><strong>Beatus</strong></span> <span class='ocrx_word' id='word_1_13' title='bbox 1344 580 1429 647; x_wconf 86' lang='lat' dir='ltr'><strong>qui</strong></span> <span class='ocrx_word' id='word_1_14' title='bbox 1450 578 1687 635; x_wconf 79' lang='lat' dir='ltr'><strong>retribuet</strong></span> <span class='ocrx_word' id='word_1_15' title='bbox 1707 576 1795 630; x_wconf 84' lang='lat' dir='ltr'><strong>tibi</strong></span> <span class='ocrx_word' id='word_1_16' title='bbox 1817 564 2186 629; x_wconf 76' lang='lat' dir='ltr'><strong>retributionem</strong></span> 
     </span>
    </p>
   </div>
   <div class='ocr_carea' id='block_1_4' title="bbox 616 665 2189 745">
    <p class='ocr_par' dir='ltr' id='par_1_4' title="bbox 616 665 2189 745">
     <span class='ocr_line' id='line_1_4' title="bbox 616 665 2189 745; baseline -0.006 -17"><span class='ocrx_word' id='word_1_17' title='bbox 616 687 775 741; x_wconf 86' lang='lat' dir='ltr'><strong>tuam,</strong></span> <span class='ocrx_word' id='word_1_18' title='bbox 807 689 958 745; x_wconf 82' lang='lat' dir='ltr'><strong>quant</strong></span> <span class='ocrx_word' id='word_1_19' title='bbox 983 672 1256 727; x_wconf 87' lang='lat' dir='ltr'><strong>retribuisti</strong></span> <span class='ocrx_word' id='word_1_20' title='bbox 1281 671 1443 725; x_wconf 87' lang='lat' dir='ltr'><strong>nobis.</strong></span> <span class='ocrx_word' id='word_1_21' title='bbox 1472 671 1654 735; x_wconf 78' lang='lat' dir='ltr'><strong>Alius,</strong></span> <span class='ocrx_word' id='word_1_22' title='bbox 1688 668 1854 734; x_wconf 81' lang='lat' dir='ltr'><strong>Quam</strong></span> <span class='ocrx_word' id='word_1_23' title='bbox 1884 679 2001 721; x_wconf 83' lang='lat' dir='ltr'><strong>ante</strong></span> <span class='ocrx_word' id='word_1_24' title='bbox 2026 665 2189 736; x_wconf 65' lang='lat' dir='ltr'><strong>[editi</strong></span> 
     </span>
    </p>
   </div>
   <div class='ocr_carea' id='block_1_5' title="bbox 616 758 2190 837">
    <p class='ocr_par' dir='ltr' id='par_1_5' title="bbox 616 758 2190 837">
     <span class='ocr_line' id='line_1_5' title="bbox 616 758 2190 837; baseline -0.006 -18"><span class='ocrx_word' id='word_1_25' title='bbox 616 766 758 820; x_wconf 78' lang='lat' dir='ltr'><strong>nobis</strong></span> <span class='ocrx_word' id='word_1_26' title='bbox 782 762 879 837; x_wconf 88' lang='lat' dir='ltr'><strong>(a).</strong></span> <span class='ocrx_word' id='word_1_27' title='bbox 915 764 971 820; x_wconf 81' lang='lat'><strong>9.</strong></span> <span class='ocrx_word' id='word_1_28' title='bbox 992 763 1178 817; x_wconf 84' lang='lat' dir='ltr'><strong>Beatus</strong></span> <span class='ocrx_word' id='word_1_29' title='bbox 1204 764 1288 831; x_wconf 85' lang='lat' dir='ltr'><strong>qui</strong></span> <span class='ocrx_word' id='word_1_30' title='bbox 1314 762 1514 829; x_wconf 78' lang='lat' dir='ltr'><strong>tenebit,</strong></span> <span class='ocrx_word' id='word_1_31' title='bbox 1544 770 1589 816; x_wconf 91' lang='lat' dir='ltr'><strong>et</strong></span> <span class='ocrx_word' id='word_1_32' title='bbox 1614 759 1790 814; x_wconf 86' lang='lat' dir='ltr'><strong>allidet</strong></span> <span class='ocrx_word' id='word_1_33' title='bbox 1812 758 2054 829; x_wconf 74' lang='lat' dir='ltr'><strong>parvulos</strong></span> <span class='ocrx_word' id='word_1_34' title='bbox 2079 766 2190 810; x_wconf 86' lang='lat' dir='ltr'><strong>tuos</strong></span> 
     </span>
    </p>
   </div>
   <div class='ocr_carea' id='block_1_6' title="bbox 614 856 916 925">
    <p class='ocr_par' dir='ltr' id='par_1_6' title="bbox 614 856 916 925">
     <span class='ocr_line' id='line_1_6' title="bbox 614 856 916 925; baseline -0.003 -16"><span class='ocrx_word' id='word_1_35' title='bbox 614 856 687 909; x_wconf 88' lang='lat' dir='ltr'><strong>ad</strong></span> <span class='ocrx_word' id='word_1_36' title='bbox 704 866 916 925; x_wconf 84' lang='lat' dir='ltr'><strong>petram.</strong></span> 
     </span>
    </p>
   </div>
   <div class='ocr_carea' id='block_1_7' title="bbox 688 938 2189 1014">
    <p class='ocr_par' dir='ltr' id='par_1_7' title="bbox 688 938 2189 1014">
     <span class='ocr_line' id='line_1_7' title="bbox 688 938 2189 1014; baseline -0.005 -17"><span class='ocrx_word' id='word_1_37' title='bbox 688 945 1063 1014; x_wconf 71' lang='lat' dir='ltr'><strong>Prophetarum</strong></span> <span class='ocrx_word' id='word_1_38' title='bbox 1092 960 1219 998; x_wconf 73' lang='grc' dir='ltr'><strong>ιιιοε.</strong></span> <span class='ocrx_word' id='word_1_39' title='bbox 1248 971 1319 984; x_wconf 88' lang='lat'><strong>—-</strong></span> <span class='ocrx_word' id='word_1_40' title='bbox 1343 938 1467 997; x_wconf 65' lang='lat' dir='ltr'><strong>Hac</strong></span> <span class='ocrx_word' id='word_1_41' title='bbox 1496 941 1594 995; x_wconf 88' lang='lat' dir='ltr'><strong>etsi</strong></span> <span class='ocrx_word' id='word_1_42' title='bbox 1639 939 1713 993; x_wconf 90' lang='lat' dir='ltr'><strong>ira</strong></span> <span class='ocrx_word' id='word_1_43' title='bbox 1755 939 1907 1009; x_wconf 88' lang='lat' dir='ltr'><strong>plena</strong></span> <span class='ocrx_word' id='word_1_44' title='bbox 1947 945 2073 990; x_wconf 83' lang='lat' dir='ltr'><strong>sunt</strong></span> <span class='ocrx_word' id='word_1_45' title='bbox 2097 948 2189 989; x_wconf 87' lang='lat' dir='ltr'><strong>ve-</strong></span> 
     </span>
    </p>
   </div>
   <div class='ocr_carea' id='block_1_8' title="bbox 616 1029 2188 1104">
    <p class='ocr_par' dir='ltr' id='par_1_8' title="bbox 616 1029 2188 1104">
     <span class='ocr_line' id='line_1_8' title="bbox 616 1029 2188 1104; baseline -0.007 -14"><span class='ocrx_word' id='word_1_46' title='bbox 616 1036 955 1104; x_wconf 88' lang='lat' dir='ltr'><strong>hementique</strong></span> <span class='ocrx_word' id='word_1_47' title='bbox 978 1048 1133 1103; x_wconf 74' lang='lat' dir='ltr'><strong>ptena</strong></span> <span class='ocrx_word' id='word_1_48' title='bbox 1153 1042 1206 1089; x_wconf 90' lang='lat' dir='ltr'><strong>et</strong></span> <span class='ocrx_word' id='word_1_49' title='bbox 1228 1034 1487 1103; x_wconf 88' lang='lat' dir='ltr'><strong>supplicio</strong></span> <span class='ocrx_word' id='word_1_50' title='bbox 1509 1040 1666 1087; x_wconf 86' lang='lat' dir='ltr'><strong>:sunt</strong></span> <span class='ocrx_word' id='word_1_51' title='bbox 1685 1038 1862 1085; x_wconf 83' lang='lat' dir='ltr'><strong>tamen</strong></span> <span class='ocrx_word' id='word_1_52' title='bbox 1881 1029 2039 1084; x_wconf 86' lang='lat' dir='ltr'><strong>verba</strong></span> <span class='ocrx_word' id='word_1_53' title='bbox 2063 1040 2188 1096; x_wconf 80' lang='lat' dir='ltr'><strong>per-</strong></span> 
     </span>
    </p>
   </div>
   <div class='ocr_carea' id='block_1_9' title="bbox 622 1119 2189 1195">
    <p class='ocr_par' dir='ltr' id='par_1_9' title="bbox 622 1119 2189 1195">
     <span class='ocr_line' id='line_1_9' title="bbox 622 1119 2189 1195; baseline -0.006 -15"><span class='ocrx_word' id='word_1_54' title='bbox 622 1127 941 1182; x_wconf 76' lang='lat' dir='ltr'><strong>turbationis</strong></span> <span class='ocrx_word' id='word_1_55' title='bbox 962 1127 1127 1181; x_wconf 87' lang='lat' dir='ltr'><strong>animi</strong></span> <span class='ocrx_word' id='word_1_56' title='bbox 1167 1122 1525 1195; x_wconf 87' lang='lat' dir='ltr'><strong>captivorum,</strong></span> <span class='ocrx_word' id='word_1_57' title='bbox 1556 1124 1646 1193; x_wconf 88' lang='lat' dir='ltr'><strong>qui</strong></span> <span class='ocrx_word' id='word_1_58' title='bbox 1670 1136 1913 1191; x_wconf 89' lang='lat' dir='ltr'><strong>magnam</strong></span> <span class='ocrx_word' id='word_1_59' title='bbox 1958 1119 2189 1188; x_wconf 85' lang='lat' dir='ltr'><strong>aliquant</strong></span> 
     </span>
    </p>
   </div>
   <div class='ocr_carea' id='block_1_10' title="bbox 616 1200 2182 1284">
    <p class='ocr_par' dir='ltr' id='par_1_10' title="bbox 616 1200 2182 1284">
     <span class='ocr_line' id='line_1_10' title="bbox 616 1200 2182 1284; baseline -0.007 -13"><span class='ocrx_word' id='word_1_60' title='bbox 616 1200 852 1284; x_wconf 64' lang='lat' dir='ltr'><strong>painam,</strong></span> <span class='ocrx_word' id='word_1_61' title='bbox 883 1224 936 1271; x_wconf 91' lang='lat' dir='ltr'><strong>et</strong></span> <span class='ocrx_word' id='word_1_62' title='bbox 965 1214 1289 1270; x_wconf 84' lang='lat' dir='ltr'><strong>horrendum</strong></span> <span class='ocrx_word' id='word_1_63' title='bbox 1319 1214 1619 1281; x_wconf 88' lang='lat' dir='ltr'><strong>mirumque</strong></span> <span class='ocrx_word' id='word_1_64' title='bbox 1648 1209 1963 1281; x_wconf 89' lang='lat' dir='ltr'><strong>supplicium</strong></span> <span class='ocrx_word' id='word_1_65' title='bbox 1992 1214 2182 1277; x_wconf 83' lang='lat' dir='ltr'><strong>postu-</strong></span> 
     </span>
    </p>
   </div>
   <div class='ocr_carea' id='block_1_11' title="bbox 615 1294 2189 1375">
    <p class='ocr_par' dir='ltr' id='par_1_11' title="bbox 615 1294 2189 1375">
     <span class='ocr_line' id='line_1_11' title="bbox 615 1294 2189 1375; baseline -0.005 -14"><span class='ocrx_word' id='word_1_66' title='bbox 615 1307 746 1361; x_wconf 81' lang='lat' dir='ltr'><strong>lant.</strong></span> <span class='ocrx_word' id='word_1_67' title='bbox 777 1304 1056 1375; x_wconf 75' lang='lat' dir='ltr'><strong>Propheta:</strong></span> <span class='ocrx_word' id='word_1_68' title='bbox 1075 1306 1216 1360; x_wconf 89' lang='lat' dir='ltr'><strong>enim</strong></span> <span class='ocrx_word' id='word_1_69' title='bbox 1243 1304 1410 1359; x_wconf 87' lang='lat' dir='ltr'><strong>multa</strong></span> <span class='ocrx_word' id='word_1_70' title='bbox 1436 1317 1579 1373; x_wconf 63' lang='lat' dir='ltr'><strong>saepe</strong></span> <span class='ocrx_word' id='word_1_71' title='bbox 1608 1294 1893 1373; x_wconf 86' lang='lat' dir='ltr'><strong>loquuntur</strong></span> <span class='ocrx_word' id='word_1_72' title='bbox 1918 1313 2023 1354; x_wconf 87' lang='lat' dir='ltr'><strong>non</strong></span> <span class='ocrx_word' id='word_1_73' title='bbox 2049 1306 2189 1354; x_wconf 83' lang='lat' dir='ltr'><strong>taut-</strong></span> 
     </span>
    </p>
   </div>
   <div class='ocr_carea' id='block_1_12' title="bbox 614 1392 2189 1467">
    <p class='ocr_par' dir='ltr' id='par_1_12' title="bbox 614 1392 2189 1467">
     <span class='ocr_line' id='line_1_12' title="bbox 614 1392 2189 1467; baseline -0.004 -15"><span class='ocrx_word' id='word_1_74' title='bbox 614 1413 773 1467; x_wconf 88' lang='lat' dir='ltr'><strong>quam</strong></span> <span class='ocrx_word' id='word_1_75' title='bbox 803 1411 950 1463; x_wconf 86' lang='lat' dir='ltr'><strong>suos,</strong></span> <span class='ocrx_word' id='word_1_76' title='bbox 981 1397 1073 1451; x_wconf 89' lang='lat' dir='ltr'><strong>sed</strong></span> <span class='ocrx_word' id='word_1_77' title='bbox 1098 1396 1323 1451; x_wconf 88' lang='lat' dir='ltr'><strong>aliorum</strong></span> <span class='ocrx_word' id='word_1_78' title='bbox 1347 1395 1569 1450; x_wconf 78' lang='lat' dir='ltr'><strong>affectus</strong></span> <span class='ocrx_word' id='word_1_79' title='bbox 1590 1401 1892 1461; x_wconf 77' lang='lat' dir='ltr'><strong>narrantes,</strong></span> <span class='ocrx_word' id='word_1_80' title='bbox 1916 1399 1971 1448; x_wconf 78' lang='lat' dir='ltr'><strong>et</strong></span> <span class='ocrx_word' id='word_1_81' title='bbox 1990 1392 2042 1446; x_wconf 91' lang='lat' dir='ltr'><strong>in</strong></span> <span class='ocrx_word' id='word_1_82' title='bbox 2072 1406 2189 1447; x_wconf 87' lang='lat' dir='ltr'><strong>me-</strong></span> 
     </span>
    </p>
   </div>
   <div class='ocr_carea' id='block_1_13' title="bbox 542 1477 2184 1557">
    <p class='ocr_par' dir='ltr' id='par_1_13' title="bbox 542 1477 2184 1557">
     <span class='ocr_line' id='line_1_13' title="bbox 542 1477 2184 1557; baseline -0.003 -15"><span class='ocrx_word' id='word_1_83' title='bbox 542 1550 547 1551; x_wconf 28' lang='lat'><strong>,</strong></span> <span class='ocrx_word' id='word_1_84' title='bbox 615 1488 759 1542; x_wconf 89' lang='lat' dir='ltr'><strong>dium</strong></span> <span class='ocrx_word' id='word_1_85' title='bbox 807 1486 1108 1557; x_wconf 73' lang='lat' dir='ltr'><strong>aderentes.</strong></span> <span class='ocrx_word' id='word_1_86' title='bbox 1155 1486 1211 1543; x_wconf 87' lang='lat' dir='ltr'><strong>Si</strong></span> <span class='ocrx_word' id='word_1_87' title='bbox 1255 1487 1397 1541; x_wconf 90' lang='lat' dir='ltr'><strong>enim</strong></span> <span class='ocrx_word' id='word_1_88' title='bbox 1444 1477 1560 1554; x_wconf 77' lang='lat' dir='ltr'><strong>ejus</strong></span> <span class='ocrx_word' id='word_1_89' title='bbox 1597 1483 1792 1556; x_wconf 60' lang='lat' dir='ltr'><strong>quieris</strong></span> <span class='ocrx_word' id='word_1_90' title='bbox 1836 1482 2184 1548; x_wconf 85' lang='lat' dir='ltr'><strong>sententiam,</strong></span> 
     </span>
    </p>
   </div>
   <div class='ocr_carea' id='block_1_14' title="bbox 614 1575 2192 1645">
    <p class='ocr_par' dir='ltr' id='par_1_14' title="bbox 614 1575 2192 1645">
     <span class='ocr_line' id='line_1_14' title="bbox 614 1575 2192 1645; baseline -0.004 -11"><span class='ocrx_word' id='word_1_91' title='bbox 614 1580 799 1636; x_wconf 90' lang='lat' dir='ltr'><strong>audies</strong></span> <span class='ocrx_word' id='word_1_92' title='bbox 826 1580 1109 1645; x_wconf 85' lang='lat' dir='ltr'><strong>dicentem,</strong></span> <span class='ocrx_word' id='word_1_93' title='bbox 1142 1578 1203 1635; x_wconf 84' lang='lat' dir='ltr'><strong>Si</strong></span> <span class='ocrx_word' id='word_1_94' title='bbox 1228 1578 1427 1633; x_wconf 79' lang='lat' dir='ltr'><strong>reddidi</strong></span> <span class='ocrx_word' id='word_1_95' title='bbox 1472 1575 1857 1632; x_wconf 86' lang='lat' dir='ltr'><strong>retribuentibus</strong></span> <span class='ocrx_word' id='word_1_96' title='bbox 1897 1575 2021 1629; x_wconf 82' lang='lat' dir='ltr'><strong>mihi</strong></span> <span class='ocrx_word' id='word_1_97' title='bbox 2055 1576 2192 1629; x_wconf 69' lang='lat' dir='ltr'><strong>mala</strong></span> 
     </span>
    </p>
   </div>
   <div class='ocr_carea' id='block_1_15' title="bbox 617 1667 2189 1742">
    <p class='ocr_par' dir='ltr' id='par_1_15' title="bbox 617 1667 2189 1742">
     <span class='ocr_line' id='line_1_15' title="bbox 617 1667 2189 1742; baseline -0.004 -15"><span class='ocrx_word' id='word_1_98' title='bbox 617 1671 791 1741; x_wconf 87' lang='lat' dir='ltr'><strong>(Psal.</strong></span> <span class='ocrx_word' id='word_1_99' title='bbox 819 1674 873 1727; x_wconf 87' lang='lat'><strong>7.</strong></span> <span class='ocrx_word' id='word_1_100' title='bbox 900 1673 980 1742; x_wconf 67' lang='grc' dir='ltr'><strong>Β),</strong></span> <span class='ocrx_word' id='word_1_101' title='bbox 1018 1680 1075 1727; x_wconf 93' lang='lat' dir='ltr'><strong>et</strong></span> <span class='ocrx_word' id='word_1_102' title='bbox 1095 1672 1179 1727; x_wconf 88' lang='lat' dir='ltr'><strong>vel</strong></span> <span class='ocrx_word' id='word_1_103' title='bbox 1210 1671 1448 1733; x_wconf 89' lang='lat' dir='ltr'><strong>modum,</strong></span> <span class='ocrx_word' id='word_1_104' title='bbox 1483 1669 1574 1739; x_wconf 86' lang='lat' dir='ltr'><strong>qui</strong></span> <span class='ocrx_word' id='word_1_105' title='bbox 1600 1684 1629 1722; x_wconf 90' lang='lat' dir='ltr'><strong>a</strong></span> <span class='ocrx_word' id='word_1_106' title='bbox 1656 1670 1771 1739; x_wconf 89' lang='lat' dir='ltr'><strong>lege</strong></span> <span class='ocrx_word' id='word_1_107' title='bbox 1802 1677 1917 1724; x_wconf 86' lang='lat' dir='ltr'><strong>erat</strong></span> <span class='ocrx_word' id='word_1_108' title='bbox 1940 1668 1987 1722; x_wconf 89' lang='lat' dir='ltr'><strong>ei</strong></span> <span class='ocrx_word' id='word_1_109' title='bbox 2014 1667 2189 1733; x_wconf 83' lang='lat' dir='ltr'><strong>datus,</strong></span> 
     </span>
    </p>
   </div>
   <div class='ocr_carea' id='block_1_16' title="bbox 615 1758 2191 1832">
    <p class='ocr_par' dir='ltr' id='par_1_16' title="bbox 615 1758 2191 1832">
     <span class='ocr_line' id='line_1_16' title="bbox 615 1758 2191 1832; baseline -0.003 -15"><span class='ocrx_word' id='word_1_110' title='bbox 615 1770 973 1832; x_wconf 78' lang='lat' dir='ltr'><strong>superantem.</strong></span> <span class='ocrx_word' id='word_1_111' title='bbox 1031 1760 1271 1828; x_wconf 49' lang='lat' dir='ltr'><strong>Quando.</strong></span> <span class='ocrx_word' id='word_1_112' title='bbox 1306 1770 1483 1816; x_wconf 87' lang='lat' dir='ltr'><strong>autent</strong></span> <span class='ocrx_word' id='word_1_113' title='bbox 1536 1768 1720 1814; x_wconf 88' lang='lat' dir='ltr'><strong>narrat</strong></span> <span class='ocrx_word' id='word_1_114' title='bbox 1766 1758 2191 1829; x_wconf 81' lang='lat' dir='ltr'><strong>perturbationes</strong></span> 
     </span>
    </p>
   </div>
   <div class='ocr_carea' id='block_1_17' title="bbox 615 1848 2191 1918">
    <p class='ocr_par' dir='ltr' id='par_1_17' title="bbox 615 1848 2191 1918">
     <span class='ocr_line' id='line_1_17' title="bbox 615 1848 2191 1918; baseline -0.001 -11"><span class='ocrx_word' id='word_1_115' title='bbox 615 1852 777 1907; x_wconf 86' lang='lat' dir='ltr'><strong>animi</strong></span> <span class='ocrx_word' id='word_1_116' title='bbox 802 1853 1049 1915; x_wconf 89' lang='lat' dir='ltr'><strong>aliorum,</strong></span> <span class='ocrx_word' id='word_1_117' title='bbox 1072 1852 1327 1907; x_wconf 85' lang='lat' dir='ltr'><strong>describit</strong></span> <span class='ocrx_word' id='word_1_118' title='bbox 1351 1852 1481 1905; x_wconf 90' lang='lat' dir='ltr'><strong>iram</strong></span> <span class='ocrx_word' id='word_1_119' title='bbox 1508 1859 1563 1905; x_wconf 90' lang='lat' dir='ltr'><strong>et</strong></span> <span class='ocrx_word' id='word_1_120' title='bbox 1580 1849 1846 1905; x_wconf 86' lang='lat' dir='ltr'><strong>dolorem:</strong></span> <span class='ocrx_word' id='word_1_121' title='bbox 1868 1848 2011 1918; x_wconf 92' lang='lat' dir='ltr'><strong>quod</strong></span> <span class='ocrx_word' id='word_1_122' title='bbox 2029 1849 2191 1905; x_wconf 87' lang='lat' dir='ltr'><strong>etiam</strong></span> 
     </span>
    </p>
   </div>
   <div class='ocr_carea' id='block_1_18' title="bbox 614 1936 2193 2009">
    <p class='ocr_par' dir='ltr' id='par_1_18' title="bbox 614 1936 2193 2009">
     <span class='ocr_line' id='line_1_18' title="bbox 614 1936 2193 2009; baseline -0.003 -13"><span class='ocrx_word' id='word_1_123' title='bbox 614 1954 760 1997; x_wconf 82' lang='lat' dir='ltr'><strong>nunc</strong></span> <span class='ocrx_word' id='word_1_124' title='bbox 787 1941 929 2009; x_wconf 89' lang='lat' dir='ltr'><strong>fecit,</strong></span> <span class='ocrx_word' id='word_1_125' title='bbox 960 1939 1265 1997; x_wconf 71' lang='lat' dir='ltr'><strong>Judaeorum</strong></span> <span class='ocrx_word' id='word_1_126' title='bbox 1302 1940 1644 2009; x_wconf 81' lang='lat' dir='ltr'><strong>cupiditatem</strong></span> <span class='ocrx_word' id='word_1_127' title='bbox 1676 1939 1730 1993; x_wconf 90' lang='lat' dir='ltr'><strong>in</strong></span> <span class='ocrx_word' id='word_1_128' title='bbox 1760 1937 1995 1993; x_wconf 88' lang='lat' dir='ltr'><strong>medium</strong></span> <span class='ocrx_word' id='word_1_129' title='bbox 2023 1936 2193 1992; x_wconf 81' lang='lat' dir='ltr'><strong>addu-</strong></span> 
     </span>
    </p>
   </div>
   <div class='ocr_carea' id='block_1_19' title="bbox 526 2028 2193 2101">
    <p class='ocr_par' dir='ltr' id='par_1_19' title="bbox 526 2028 2193 2101">
     <span class='ocr_line' id='line_1_19' title="bbox 526 2028 2193 2101; baseline -0.003 -14"><span class='ocrx_word' id='word_1_130' title='bbox 526 2094 531 2101; x_wconf 34' lang='grc' dir='ltr'><strong>η</strong></span> <span class='ocrx_word' id='word_1_131' title='bbox 616 2045 764 2095; x_wconf 86' lang='lat' dir='ltr'><strong>cens,</strong></span> <span class='ocrx_word' id='word_1_132' title='bbox 794 2045 1019 2099; x_wconf 88' lang='lat' dir='ltr'><strong>quorum</strong></span> <span class='ocrx_word' id='word_1_133' title='bbox 1058 2032 1135 2085; x_wconf 91' lang='lat' dir='ltr'><strong>ira</strong></span> <span class='ocrx_word' id='word_1_134' title='bbox 1163 2030 1242 2084; x_wconf 89' lang='lat' dir='ltr'><strong>vel</strong></span> <span class='ocrx_word' id='word_1_135' title='bbox 1268 2029 1334 2083; x_wconf 89' lang='lat' dir='ltr'><strong>ad</strong></span> <span class='ocrx_word' id='word_1_136' title='bbox 1366 2028 1601 2093; x_wconf 69' lang='lat' dir='ltr'><strong>infantia:</strong></span> <span class='ocrx_word' id='word_1_137' title='bbox 1626 2044 1794 2098; x_wconf 87' lang='lat' dir='ltr'><strong>usque</strong></span> <span class='ocrx_word' id='word_1_138' title='bbox 1833 2034 2044 2082; x_wconf 68' lang='lat' dir='ltr'><strong>aetatem</strong></span> <span class='ocrx_word' id='word_1_139' title='bbox 2070 2042 2193 2098; x_wconf 87' lang='lat' dir='ltr'><strong>pro-</strong></span> 
     </span>
    </p>
   </div>
   <div class='ocr_carea' id='block_1_20' title="bbox 616 2118 2191 2186">
    <p class='ocr_par' dir='ltr' id='par_1_20' title="bbox 616 2118 2191 2186">
     <span class='ocr_line' id='line_1_20' title="bbox 616 2118 2191 2186; baseline -0.001 -10"><span class='ocrx_word' id='word_1_140' title='bbox 616 2121 861 2176; x_wconf 77' lang='lat' dir='ltr'><strong>cedebat.</strong></span> <span class='ocrx_word' id='word_1_141' title='bbox 899 2120 1104 2175; x_wconf 83' lang='lat' dir='ltr'><strong>Novum</strong></span> <span class='ocrx_word' id='word_1_142' title='bbox 1129 2134 1235 2175; x_wconf 91' lang='lat' dir='ltr'><strong>non</strong></span> <span class='ocrx_word' id='word_1_143' title='bbox 1276 2120 1347 2175; x_wconf 88' lang='lat' dir='ltr'><strong>ita</strong></span> <span class='ocrx_word' id='word_1_144' title='bbox 1378 2134 1436 2175; x_wconf 88' lang='lat' dir='ltr'><strong>se</strong></span> <span class='ocrx_word' id='word_1_145' title='bbox 1474 2118 1655 2186; x_wconf 74' lang='lat' dir='ltr'><strong>habet,</strong></span> <span class='ocrx_word' id='word_1_146' title='bbox 1692 2118 1785 2174; x_wconf 86' lang='lat' dir='ltr'><strong>sed</strong></span> <span class='ocrx_word' id='word_1_147' title='bbox 1821 2118 2066 2174; x_wconf 89' lang='lat' dir='ltr'><strong>inimicos</strong></span> <span class='ocrx_word' id='word_1_148' title='bbox 2090 2133 2191 2174; x_wconf 82' lang='lat' dir='ltr'><strong>no-</strong></span> 
     </span>
    </p>
   </div>
   <div class='ocr_carea' id='block_1_21' title="bbox 616 2208 2193 2280">
    <p class='ocr_par' dir='ltr' id='par_1_21' title="bbox 616 2208 2193 2280">
     <span class='ocr_line' id='line_1_21' title="bbox 616 2208 2193 2280; baseline -0.001 -13"><span class='ocrx_word' id='word_1_149' title='bbox 616 2220 759 2267; x_wconf 85' lang='lat' dir='ltr'><strong>stros</strong></span> <span class='ocrx_word' id='word_1_150' title='bbox 783 2219 837 2267; x_wconf 91' lang='lat' dir='ltr'><strong>et</strong></span> <span class='ocrx_word' id='word_1_151' title='bbox 865 2224 1105 2280; x_wconf 88' lang='lat' dir='ltr'><strong>pascere,</strong></span> <span class='ocrx_word' id='word_1_152' title='bbox 1133 2219 1188 2266; x_wconf 91' lang='lat' dir='ltr'><strong>et</strong></span> <span class='ocrx_word' id='word_1_153' title='bbox 1209 2210 1285 2265; x_wconf 88' lang='lat' dir='ltr'><strong>eis</strong></span> <span class='ocrx_word' id='word_1_154' title='bbox 1311 2210 1487 2265; x_wconf 85' lang='lat' dir='ltr'><strong>cibum</strong></span> <span class='ocrx_word' id='word_1_155' title='bbox 1515 2209 1642 2265; x_wconf 86' lang='lat' dir='ltr'><strong>dare</strong></span> <span class='ocrx_word' id='word_1_156' title='bbox 1665 2208 1934 2279; x_wconf 70' lang='lat' dir='ltr'><strong>iubemur,</strong></span> <span class='ocrx_word' id='word_1_157' title='bbox 1961 2220 2015 2265; x_wconf 89' lang='lat' dir='ltr'><strong>et</strong></span> <span class='ocrx_word' id='word_1_158' title='bbox 2034 2220 2193 2265; x_wconf 79' lang='lat' dir='ltr'><strong>orare</strong></span> 
     </span>
    </p>
   </div>
   <div class='ocr_carea' id='block_1_22' title="bbox 616 2298 2191 2378">
    <p class='ocr_par' dir='ltr' id='par_1_22' title="bbox 616 2298 2191 2378">
     <span class='ocr_line' id='line_1_22' title="bbox 616 2298 2191 2378; baseline -0.001 -23"><span class='ocrx_word' id='word_1_159' title='bbox 616 2316 716 2373; x_wconf 90' lang='lat' dir='ltr'><strong>pro</strong></span> <span class='ocrx_word' id='word_1_160' title='bbox 738 2301 818 2355; x_wconf 88' lang='lat' dir='ltr'><strong>eis</strong></span> <span class='ocrx_word' id='word_1_161' title='bbox 837 2300 927 2370; x_wconf 87' lang='lat' dir='ltr'><strong>qui</strong></span> <span class='ocrx_word' id='word_1_162' title='bbox 954 2315 1051 2355; x_wconf 83' lang='lat' dir='ltr'><strong>nos</strong></span> <span class='ocrx_word' id='word_1_163' title='bbox 1069 2300 1321 2355; x_wconf 64' lang='lat' dir='ltr'><strong>aerumnis</strong></span> <span class='ocrx_word' id='word_1_164' title='bbox 1345 2299 1602 2355; x_wconf 84' lang='lat' dir='ltr'><strong>alliciunt.</strong></span> <span class='ocrx_word' id='word_1_165' title='bbox 1625 2300 1737 2378; x_wconf 84' lang='lat' dir='ltr'><strong>Iloc</strong></span> <span class='ocrx_word' id='word_1_166' title='bbox 1764 2306 1940 2354; x_wconf 87' lang='lat' dir='ltr'><strong>autem</strong></span> <span class='ocrx_word' id='word_1_167' title='bbox 1967 2298 2191 2354; x_wconf 82' lang='lat' dir='ltr'><strong>facimus</strong></span> 
     </span>
    </p>
   </div>
   <div class='ocr_carea' id='block_1_23' title="bbox 615 2388 2193 2462">
    <p class='ocr_par' dir='ltr' id='par_1_23' title="bbox 615 2388 2193 2462">
     <span class='ocr_line' id='line_1_23' title="bbox 615 2388 2193 2462; baseline -0.001 -17"><span class='ocrx_word' id='word_1_168' title='bbox 615 2398 835 2462; x_wconf 85' lang='lat' dir='ltr'><strong>propter</strong></span> <span class='ocrx_word' id='word_1_169' title='bbox 860 2391 1029 2460; x_wconf 86' lang='lat' dir='ltr'><strong>legem</strong></span> <span class='ocrx_word' id='word_1_170' title='bbox 1056 2405 1175 2460; x_wconf 68' lang='lat' dir='ltr'><strong>qua:</strong></span> <span class='ocrx_word' id='word_1_171' title='bbox 1200 2402 1283 2445; x_wconf 87' lang='lat' dir='ltr'><strong>est</strong></span> <span class='ocrx_word' id='word_1_172' title='bbox 1309 2390 1461 2445; x_wconf 86' lang='lat' dir='ltr'><strong>nobis</strong></span> <span class='ocrx_word' id='word_1_173' title='bbox 1486 2391 1794 2445; x_wconf 87' lang='lat' dir='ltr'><strong>constituta.</strong></span> <span class='ocrx_word' id='word_1_174' title='bbox 1819 2388 2074 2457; x_wconf 71' lang='lat' dir='ltr'><strong>Quaenam</strong></span> <span class='ocrx_word' id='word_1_175' title='bbox 2094 2403 2193 2444; x_wconf 87' lang='lat' dir='ltr'><strong>au-</strong></span> 
     </span>
    </p>
   </div>
   <div class='ocr_carea' id='block_1_24' title="bbox 617 2479 2194 2552">
    <p class='ocr_par' dir='ltr' id='par_1_24' title="bbox 617 2479 2194 2552">
     <span class='ocr_line' id='line_1_24' title="bbox 617 2479 2194 2552; baseline 0 -17"><span class='ocrx_word' id='word_1_176' title='bbox 617 2494 725 2537; x_wconf 87' lang='lat' dir='ltr'><strong>tem</strong></span> <span class='ocrx_word' id='word_1_177' title='bbox 752 2496 815 2537; x_wconf 86' lang='lat' dir='ltr'><strong>ea</strong></span> <span class='ocrx_word' id='word_1_178' title='bbox 857 2484 975 2536; x_wconf 80' lang='lat' dir='ltr'><strong>est?</strong></span> <span class='ocrx_word' id='word_1_179' title='bbox 1004 2479 1120 2535; x_wconf 88' lang='lat' dir='ltr'><strong>Nisi</strong></span> <span class='ocrx_word' id='word_1_180' title='bbox 1165 2483 1529 2545; x_wconf 78' lang='lat' dir='ltr'><strong>abundaverit,</strong></span> <span class='ocrx_word' id='word_1_181' title='bbox 1558 2481 1747 2551; x_wconf 87' lang='lat' dir='ltr'><strong>inquit,</strong></span> <span class='ocrx_word' id='word_1_182' title='bbox 1782 2482 1985 2552; x_wconf 83' lang='lat' dir='ltr'><strong>justitia</strong></span> <span class='ocrx_word' id='word_1_183' title='bbox 2030 2491 2194 2535; x_wconf 74' lang='lat' dir='ltr'><strong>vestra</strong></span> 
     </span>
    </p>
   </div>
   <div class='ocr_carea' id='block_1_25' title="bbox 618 2573 2193 2657">
    <p class='ocr_par' dir='ltr' id='par_1_25' title="bbox 618 2573 2193 2657">
     <span class='ocr_line' id='line_1_25' title="bbox 618 2573 2193 2657; baseline -0.001 -28"><span class='ocrx_word' id='word_1_184' title='bbox 618 2576 736 2657; x_wconf 82' lang='lat' dir='ltr'><strong>plus</strong></span> <span class='ocrx_word' id='word_1_185' title='bbox 760 2591 911 2644; x_wconf 84' lang='lat' dir='ltr'><strong>quam</strong></span> <span class='ocrx_word' id='word_1_186' title='bbox 933 2575 1209 2628; x_wconf 76' lang='lat' dir='ltr'><strong>scribarum</strong></span> <span class='ocrx_word' id='word_1_187' title='bbox 1233 2584 1279 2627; x_wconf 90' lang='lat' dir='ltr'><strong>et</strong></span> <span class='ocrx_word' id='word_1_188' title='bbox 1302 2573 1709 2639; x_wconf 77' lang='lat' dir='ltr'><strong>Pliaristeorum,</strong></span> <span class='ocrx_word' id='word_1_189' title='bbox 1740 2590 1843 2627; x_wconf 86' lang='lat' dir='ltr'><strong>non</strong></span> <span class='ocrx_word' id='word_1_190' title='bbox 1866 2574 2117 2627; x_wconf 88' lang='lat' dir='ltr'><strong>intrabitis</strong></span> <span class='ocrx_word' id='word_1_191' title='bbox 2137 2573 2193 2628; x_wconf 87' lang='lat' dir='ltr'><strong>in</strong></span> 
     </span>
    </p>
   </div>
   <div class='ocr_carea' id='block_1_26' title="bbox 618 2664 2191 2736">
    <p class='ocr_par' dir='ltr' id='par_1_26' title="bbox 618 2664 2191 2736">
     <span class='ocr_line' id='line_1_26' title="bbox 618 2664 2191 2736; baseline 0 -18"><span class='ocrx_word' id='word_1_192' title='bbox 618 2681 828 2734; x_wconf 83' lang='lat' dir='ltr'><strong>regnum</strong></span> <span class='ocrx_word' id='word_1_193' title='bbox 855 2666 1095 2718; x_wconf 66' lang='lat' dir='ltr'><strong>caelorum</strong></span> <span class='ocrx_word' id='word_1_194' title='bbox 1132 2664 1340 2736; x_wconf 72' lang='lat' dir='ltr'><strong>(Matth.</strong></span> <span class='ocrx_word' id='word_1_195' title='bbox 1376 2665 1428 2719; x_wconf 86' lang='lat'><strong>5.</strong></span> <span class='ocrx_word' id='word_1_196' title='bbox 1465 2664 1577 2734; x_wconf 78' lang='lat'><strong>20).</strong></span> <span class='ocrx_word' id='word_1_197' title='bbox 1621 2664 1864 2735; x_wconf 74' lang='lat' dir='ltr'><strong>Magnum</strong></span> <span class='ocrx_word' id='word_1_198' title='bbox 1908 2678 2038 2733; x_wconf 84' lang='lat' dir='ltr'><strong>ergo</strong></span> <span class='ocrx_word' id='word_1_199' title='bbox 2078 2673 2191 2718; x_wconf 82' lang='lat' dir='ltr'><strong>stu-</strong></span> 
     </span>
    </p>
   </div>
   <div class='ocr_carea' id='block_1_27' title="bbox 618 2754 2189 2821">
    <p class='ocr_par' dir='ltr' id='par_1_27' title="bbox 618 2754 2189 2821">
     <span class='ocr_line' id='line_1_27' title="bbox 618 2754 2189 2821; baseline 0.001 -14"><span class='ocrx_word' id='word_1_200' title='bbox 618 2755 763 2807; x_wconf 89' lang='lat' dir='ltr'><strong>dium</strong></span> <span class='ocrx_word' id='word_1_201' title='bbox 786 2754 1151 2821; x_wconf 82' lang='lat' dir='ltr'><strong>adhibeamus,</strong></span> <span class='ocrx_word' id='word_1_202' title='bbox 1180 2763 1235 2809; x_wconf 89' lang='lat' dir='ltr'><strong>et</strong></span> <span class='ocrx_word' id='word_1_203' title='bbox 1261 2762 1425 2809; x_wconf 86' lang='lat' dir='ltr'><strong>totam</strong></span> <span class='ocrx_word' id='word_1_204' title='bbox 1450 2769 1569 2810; x_wconf 88' lang='lat' dir='ltr'><strong>eam</strong></span> <span class='ocrx_word' id='word_1_205' title='bbox 1591 2754 1805 2809; x_wconf 80' lang='lat' dir='ltr'><strong>abunde</strong></span> <span class='ocrx_word' id='word_1_206' title='bbox 1818 2754 2189 2821; x_wconf 84' lang='lat' dir='ltr'><strong>observemus,</strong></span> 
     </span>
    </p>
   </div>
   <div class='ocr_carea' id='block_1_28' title="bbox 618 2844 2190 2913">
    <p class='ocr_par' dir='ltr' id='par_1_28' title="bbox 618 2844 2190 2913">
     <span class='ocr_line' id='line_1_28' title="bbox 618 2844 2190 2913; baseline 0.001 -15"><span class='ocrx_word' id='word_1_207' title='bbox 618 2855 677 2898; x_wconf 90' lang='lat' dir='ltr'><strong>ut</strong></span> <span class='ocrx_word' id='word_1_208' title='bbox 703 2844 793 2913; x_wconf 91' lang='lat' dir='ltr'><strong>qui</strong></span> <span class='ocrx_word' id='word_1_209' title='bbox 818 2844 1070 2913; x_wconf 75' lang='lat' dir='ltr'><strong>deinceps</strong></span> <span class='ocrx_word' id='word_1_210' title='bbox 1096 2844 1148 2898; x_wconf 92' lang='lat' dir='ltr'><strong>in</strong></span> <span class='ocrx_word' id='word_1_211' title='bbox 1178 2853 1317 2899; x_wconf 84' lang='lat' dir='ltr'><strong>terra</strong></span> <span class='ocrx_word' id='word_1_212' title='bbox 1345 2853 1610 2913; x_wconf 80' lang='lat' dir='ltr'><strong>tamquam</strong></span> <span class='ocrx_word' id='word_1_213' title='bbox 1640 2846 1691 2897; x_wconf 92' lang='lat' dir='ltr'><strong>in</strong></span> <span class='ocrx_word' id='word_1_214' title='bbox 1716 2844 1849 2899; x_wconf 72' lang='lat' dir='ltr'><strong>caelo</strong></span> <span class='ocrx_word' id='word_1_215' title='bbox 1870 2844 2190 2911; x_wconf 78' lang='lat' dir='ltr'><strong>habitamus,</strong></span> 
     </span>
    </p>
   </div>
   <div class='ocr_carea' id='block_1_29' title="bbox 619 2934 2199 3005">
    <p class='ocr_par' dir='ltr' id='par_1_29' title="bbox 619 2934 2199 3005">
     <span class='ocr_line' id='line_1_29' title="bbox 619 2934 2199 3005; baseline -0.001 -15"><span class='ocrx_word' id='word_1_216' title='bbox 619 2945 673 2991; x_wconf 89' lang='lat' dir='ltr'><strong>et</strong></span> <span class='ocrx_word' id='word_1_217' title='bbox 701 2950 821 2989; x_wconf 90' lang='lat' dir='ltr'><strong>cum</strong></span> <span class='ocrx_word' id='word_1_218' title='bbox 849 2936 1053 3005; x_wconf 80' lang='lat' dir='ltr'><strong>angelis</strong></span> <span class='ocrx_word' id='word_1_219' title='bbox 1071 2935 1266 2990; x_wconf 83' lang='lat' dir='ltr'><strong>choros</strong></span> <span class='ocrx_word' id='word_1_220' title='bbox 1289 2935 1569 2990; x_wconf 82' lang='lat' dir='ltr'><strong>ducamus.</strong></span> <span class='ocrx_word' id='word_1_221' title='bbox 1600 2934 1674 2989; x_wconf 86' lang='lat' dir='ltr'><strong>Ita</strong></span> <span class='ocrx_word' id='word_1_222' title='bbox 1702 2935 1845 2989; x_wconf 86' lang='lat' dir='ltr'><strong>enim</strong></span> <span class='ocrx_word' id='word_1_223' title='bbox 1860 2934 2037 2990; x_wconf 78' lang='lat' dir='ltr'><strong>latura</strong></span> <span class='ocrx_word' id='word_1_224' title='bbox 2063 2949 2199 3005; x_wconf 90' lang='lat' dir='ltr'><strong>quo-</strong></span> 
     </span>
    </p>
   </div>
   <div class='ocr_carea' id='block_1_30' title="bbox 620 3024 2197 3098">
    <p class='ocr_par' dir='ltr' id='par_1_30' title="bbox 620 3024 2197 3098">
     <span class='ocr_line' id='line_1_30' title="bbox 620 3024 2197 3098; baseline -0.003 -15"><span class='ocrx_word' id='word_1_225' title='bbox 620 3044 724 3098; x_wconf 92' lang='lat' dir='ltr'><strong>que</strong></span> <span class='ocrx_word' id='word_1_226' title='bbox 764 3027 901 3083; x_wconf 87' lang='lat' dir='ltr'><strong>bona</strong></span> <span class='ocrx_word' id='word_1_227' title='bbox 945 3041 1374 3097; x_wconf 80' lang='lat' dir='ltr'><strong>consequemur:</strong></span> <span class='ocrx_word' id='word_1_228' title='bbox 1403 3041 1524 3097; x_wconf 70' lang='lat' dir='ltr'><strong>qum</strong></span> <span class='ocrx_word' id='word_1_229' title='bbox 1556 3024 1713 3081; x_wconf 89' lang='lat' dir='ltr'><strong>detur</strong></span> <span class='ocrx_word' id='word_1_230' title='bbox 1754 3026 1908 3081; x_wconf 87' lang='lat' dir='ltr'><strong>nobis</strong></span> <span class='ocrx_word' id='word_1_231' title='bbox 1948 3025 2197 3081; x_wconf 85' lang='lat' dir='ltr'><strong>omnibus</strong></span> 
     </span>
    </p>
   </div>
   <div class='ocr_carea' id='block_1_31' title="bbox 619 3115 2198 3189">
    <p class='ocr_par' dir='ltr' id='par_1_31' title="bbox 619 3115 2198 3189">
     <span class='ocr_line' id='line_1_31' title="bbox 619 3115 2198 3189; baseline -0.001 -17"><span class='ocrx_word' id='word_1_232' title='bbox 619 3119 863 3189; x_wconf 88' lang='lat' dir='ltr'><strong>assequi,</strong></span> <span class='ocrx_word' id='word_1_233' title='bbox 908 3120 1078 3187; x_wconf 87' lang='lat' dir='ltr'><strong>gratia</strong></span> <span class='ocrx_word' id='word_1_234' title='bbox 1107 3128 1161 3172; x_wconf 92' lang='lat' dir='ltr'><strong>et</strong></span> <span class='ocrx_word' id='word_1_235' title='bbox 1207 3116 1566 3171; x_wconf 87' lang='lat' dir='ltr'><strong>misericordia</strong></span> <span class='ocrx_word' id='word_1_236' title='bbox 1612 3116 1822 3171; x_wconf 86' lang='lat' dir='ltr'><strong>Domini</strong></span> <span class='ocrx_word' id='word_1_237' title='bbox 1865 3117 2031 3171; x_wconf 86' lang='lat' dir='ltr'><strong>nostri</strong></span> <span class='ocrx_word' id='word_1_238' title='bbox 2068 3115 2198 3171; x_wconf 86' lang='lat' dir='ltr'><strong>Jesu</strong></span> 
     </span>
    </p>
   </div>
   <div class='ocr_carea' id='block_1_32' title="bbox 619 3208 2192 3280">
    <p class='ocr_par' dir='ltr' id='par_1_32' title="bbox 619 3208 2192 3280">
     <span class='ocr_line' id='line_1_32' title="bbox 619 3208 2192 3280; baseline 0.004 -16"><span class='ocrx_word' id='word_1_239' title='bbox 619 3209 834 3276; x_wconf 83' lang='lat' dir='ltr'><strong>Christi,</strong></span> <span class='ocrx_word' id='word_1_240' title='bbox 863 3211 946 3265; x_wconf 91' lang='lat' dir='ltr'><strong>cui</strong></span> <span class='ocrx_word' id='word_1_241' title='bbox 971 3210 1136 3280; x_wconf 80' lang='lat' dir='ltr'><strong>gloria</strong></span> <span class='ocrx_word' id='word_1_242' title='bbox 1158 3218 1212 3265; x_wconf 93' lang='lat' dir='ltr'><strong>et</strong></span> <span class='ocrx_word' id='word_1_243' title='bbox 1236 3209 1513 3280; x_wconf 84' lang='lat' dir='ltr'><strong>imperium</strong></span> <span class='ocrx_word' id='word_1_244' title='bbox 1542 3208 1597 3265; x_wconf 91' lang='lat' dir='ltr'><strong>in</strong></span> <span class='ocrx_word' id='word_1_245' title='bbox 1624 3208 1821 3265; x_wconf 63' lang='lat' dir='ltr'><strong>uacula</strong></span> <span class='ocrx_word' id='word_1_246' title='bbox 1849 3210 2192 3270; x_wconf 66' lang='lat' dir='ltr'><strong>saeculorum.</strong></span> 
     </span>
    </p>
   </div>
   <div class='ocr_carea' id='block_1_33' title="bbox 620 3302 1939 3354">
    <p class='ocr_par' dir='ltr' id='par_1_33' title="bbox 620 3302 1939 3354">
     <span class='ocr_line' id='line_1_33' title="bbox 620 3302 1939 3354; baseline -0.008 0"><span class='ocrx_word' id='word_1_247' title='bbox 620 3302 814 3354; x_wconf 69' lang='lat' dir='ltr'><strong>Amen.</strong></span> <span class='ocrx_word' id='word_1_248' title='bbox 1932 3314 1939 3315; x_wconf 50' lang='grc' dir='ltr'>ί</span> 
     </span>
    </p>
   </div>
   <div class='ocr_carea' id='block_1_34' title="bbox 1030 3388 1799 3446">
    <p class='ocr_par' dir='ltr' id='par_1_34' title="bbox 1030 3388 1799 3446">
     <span class='ocr_line' id='line_1_34' title="bbox 1030 3388 1799 3446; baseline 0.003 -4"><span class='ocrx_word' id='word_1_249' title='bbox 1030 3388 1097 3444; x_wconf 83' lang='lat' dir='ltr'><strong>IN</strong></span> <span class='ocrx_word' id='word_1_250' title='bbox 1134 3388 1456 3445; x_wconf 71' lang='lat' dir='ltr'><strong>PSALMUM</strong></span> <span class='ocrx_word' id='word_1_251' title='bbox 1494 3388 1799 3446; x_wconf 77' lang='lat' dir='ltr'><strong>CXXXVII.</strong></span> 
     </span>
    </p>
   </div>
   <div class='ocr_carea' id='block_1_35' title="bbox 770 3476 2050 3570">
    <p class='ocr_par' dir='ltr' id='par_1_35' title="bbox 770 3476 2050 3570">
     <span class='ocr_line' id='line_1_35' title="bbox 770 3476 2050 3570; baseline 0.001 -15"><span class='ocrx_word' id='word_1_252' title='bbox 770 3501 822 3555; x_wconf 76' lang='grc' dir='ltr'><strong>ί.</strong></span> <span class='ocrx_word' id='word_1_253' title='bbox 851 3499 1135 3570; x_wconf 80' lang='lat' dir='ltr'><strong>Conﬁtebor</strong></span> <span class='ocrx_word' id='word_1_254' title='bbox 1154 3476 1259 3566; x_wconf 83' lang='lat' dir='ltr'><strong>tibi,</strong></span> <span class='ocrx_word' id='word_1_255' title='bbox 1291 3499 1522 3566; x_wconf 82' lang='lat' dir='ltr'><strong>Domine,</strong></span> <span class='ocrx_word' id='word_1_256' title='bbox 1544 3502 1599 3555; x_wconf 81' lang='lat' dir='ltr'><strong>in</strong></span> <span class='ocrx_word' id='word_1_257' title='bbox 1627 3510 1730 3555; x_wconf 88' lang='lat' dir='ltr'><strong>toto</strong></span> <span class='ocrx_word' id='word_1_258' title='bbox 1748 3500 1901 3555; x_wconf 82' lang='lat' dir='ltr'><strong>corde</strong></span> <span class='ocrx_word' id='word_1_259' title='bbox 1920 3517 2050 3557; x_wconf 69' lang='lat' dir='ltr'><strong>meo.</strong></span> 
     </span>
    </p>
   </div>
   <div class='ocr_carea' id='block_1_36' title="bbox 702 3631 2200 3703">
    <p class='ocr_par' dir='ltr' id='par_1_36' title="bbox 702 3631 2200 3703">
     <span class='ocr_line' id='line_1_36' title="bbox 702 3631 2200 3703; baseline 0.001 -16"><span class='ocrx_word' id='word_1_260' title='bbox 702 3634 750 3687; x_wconf 79' lang='grc' dir='ltr'><strong>ι.</strong></span> <span class='ocrx_word' id='word_1_261' title='bbox 782 3633 856 3689; x_wconf 90' lang='lat' dir='ltr'><strong>De</strong></span> <span class='ocrx_word' id='word_1_262' title='bbox 902 3632 1005 3688; x_wconf 82' lang='lat' dir='ltr'><strong>hoc</strong></span> <span class='ocrx_word' id='word_1_263' title='bbox 1042 3631 1183 3703; x_wconf 87' lang='lat' dir='ltr'><strong>apud</strong></span> <span class='ocrx_word' id='word_1_264' title='bbox 1211 3646 1307 3687; x_wconf 90' lang='lat' dir='ltr'><strong>vos</strong></span> <span class='ocrx_word' id='word_1_265' title='bbox 1344 3646 1487 3701; x_wconf 72' lang='lat' dir='ltr'><strong>saepe</strong></span> <span class='ocrx_word' id='word_1_266' title='bbox 1534 3631 1782 3687; x_wconf 87' lang='lat' dir='ltr'><strong>disserui.</strong></span> <span class='ocrx_word' id='word_1_267' title='bbox 1830 3631 2093 3700; x_wconf 73' lang='lat' dir='ltr'><strong>Quocirca</strong></span> <span class='ocrx_word' id='word_1_268' title='bbox 2133 3647 2200 3689; x_wconf 89' lang='lat' dir='ltr'><strong>eo</strong></span> 
     </span>
    </p>
   </div>
   <div class='ocr_carea' id='block_1_37' title="bbox 625 3724 2196 3797">
    <p class='ocr_par' dir='ltr' id='par_1_37' title="bbox 625 3724 2196 3797">
     <span class='ocr_line' id='line_1_37' title="bbox 625 3724 2196 3797; baseline 0.001 -18"><span class='ocrx_word' id='word_1_269' title='bbox 625 3724 990 3797; x_wconf 75' lang='lat' dir='ltr'><strong>przetermisso</strong></span> <span class='ocrx_word' id='word_1_270' title='bbox 1045 3726 1318 3780; x_wconf 79' lang='lat' dir='ltr'><strong>veniemus</strong></span> <span class='ocrx_word' id='word_1_271' title='bbox 1359 3724 1426 3780; x_wconf 88' lang='lat' dir='ltr'><strong>ad</strong></span> <span class='ocrx_word' id='word_1_272' title='bbox 1457 3724 1540 3791; x_wconf 91' lang='lat' dir='ltr'><strong>id,</strong></span> <span class='ocrx_word' id='word_1_273' title='bbox 1569 3725 1710 3795; x_wconf 90' lang='lat' dir='ltr'><strong>quod</strong></span> <span class='ocrx_word' id='word_1_274' title='bbox 1755 3734 1837 3780; x_wconf 89' lang='lat' dir='ltr'><strong>est</strong></span> <span class='ocrx_word' id='word_1_275' title='bbox 1876 3726 2196 3795; x_wconf 79' lang='lat' dir='ltr'><strong>proximum.</strong></span> 
     </span>
    </p>
   </div>
   <div class='ocr_carea' id='block_1_38' title="bbox 624 3814 2201 3886">
    <p class='ocr_par' dir='ltr' id='par_1_38' title="bbox 624 3814 2201 3886">
     <span class='ocr_line' id='line_1_38' title="bbox 624 3814 2201 3886; baseline 0.003 -19"><span class='ocrx_word' id='word_1_276' title='bbox 624 3814 761 3879; x_wconf 88' lang='lat' dir='ltr'><strong>Quid</strong></span> <span class='ocrx_word' id='word_1_277' title='bbox 789 3815 888 3869; x_wconf 87' lang='lat' dir='ltr'><strong>hoc</strong></span> <span class='ocrx_word' id='word_1_278' title='bbox 912 3815 1012 3869; x_wconf 87' lang='lat' dir='ltr'><strong>sibi</strong></span> <span class='ocrx_word' id='word_1_279' title='bbox 1041 3816 1175 3883; x_wconf 87' lang='lat' dir='ltr'><strong>vult,</strong></span> <span class='ocrx_word' id='word_1_280' title='bbox 1203 3814 1271 3869; x_wconf 83' lang='lat' dir='ltr'><strong>Et</strong></span> <span class='ocrx_word' id='word_1_281' title='bbox 1298 3816 1352 3869; x_wconf 89' lang='lat' dir='ltr'><strong>in</strong></span> <span class='ocrx_word' id='word_1_282' title='bbox 1376 3826 1640 3885; x_wconf 88' lang='lat' dir='ltr'><strong>conspectu</strong></span> <span class='ocrx_word' id='word_1_283' title='bbox 1663 3817 1956 3886; x_wconf 86' lang='lat' dir='ltr'><strong>angelorum</strong></span> <span class='ocrx_word' id='word_1_284' title='bbox 1972 3816 2201 3886; x_wconf 89' lang='lat' dir='ltr'><strong>.psallam</strong></span> 
     </span>
    </p>
   </div>
   <div class='ocr_carea' id='block_1_39' title="bbox 625 3902 2198 3976">
    <p class='ocr_par' dir='ltr' id='par_1_39' title="bbox 625 3902 2198 3976">
     <span class='ocr_line' id='line_1_39' title="bbox 625 3902 2198 3976; baseline 0.003 -19"><span class='ocrx_word' id='word_1_285' title='bbox 625 3902 754 3957; x_wconf 79' lang='lat' dir='ltr'><strong>tibi?</strong></span> <span class='ocrx_word' id='word_1_286' title='bbox 778 3902 929 3969; x_wconf 85' lang='lat' dir='ltr'><strong>Quod</strong></span> <span class='ocrx_word' id='word_1_287' title='bbox 951 3905 1165 3973; x_wconf 84' lang='lat' dir='ltr'><strong>quidem</strong></span> <span class='ocrx_word' id='word_1_288' title='bbox 1194 3905 1328 3959; x_wconf 88' lang='lat' dir='ltr'><strong>alius</strong></span> <span class='ocrx_word' id='word_1_289' title='bbox 1348 3904 1481 3960; x_wconf 78' lang='lat' dir='ltr'><strong>dixit</strong></span> <span class='ocrx_word' id='word_1_290' title='bbox 1503 3906 1784 3976; x_wconf 82' lang='lat' dir='ltr'><strong>interpres,</strong></span> <span class='ocrx_word' id='word_1_291' title='bbox 1816 3904 2008 3973; x_wconf 80' lang='lat' dir='ltr'><strong>Libere,</strong></span> <span class='ocrx_word' id='word_1_292' title='bbox 2036 3905 2198 3974; x_wconf 89' lang='lat' dir='ltr'><strong>Deus,</strong></span> 
     </span>
    </p>
   </div>
   <div class='ocr_carea' id='block_1_40' title="bbox 627 3994 2202 4066">
    <p class='ocr_par' dir='ltr' id='par_1_40' title="bbox 627 3994 2202 4066">
     <span class='ocr_line' id='line_1_40' title="bbox 627 3994 2202 4066; baseline 0.006 -20"><span class='ocrx_word' id='word_1_293' title='bbox 627 4010 809 4047; x_wconf 86' lang='lat' dir='ltr'><strong>canam</strong></span> <span class='ocrx_word' id='word_1_294' title='bbox 831 4004 899 4049; x_wconf 91' lang='lat' dir='ltr'><strong>te.</strong></span> <span class='ocrx_word' id='word_1_295' title='bbox 932 3995 1101 4060; x_wconf 85' lang='lat' dir='ltr'><strong>Alius,</strong></span> <span class='ocrx_word' id='word_1_296' title='bbox 1136 3994 1200 4049; x_wconf 85' lang='lat' dir='ltr'><strong>In</strong></span> <span class='ocrx_word' id='word_1_297' title='bbox 1228 4006 1497 4066; x_wconf 81' lang='lat' dir='ltr'><strong>conspectu</strong></span> <span class='ocrx_word' id='word_1_298' title='bbox 1535 3996 1743 4051; x_wconf 87' lang='lat' dir='ltr'><strong>deorum</strong></span> <span class='ocrx_word' id='word_1_299' title='bbox 1768 3998 1981 4054; x_wconf 88' lang='lat' dir='ltr'><strong>cantabo</strong></span> <span class='ocrx_word' id='word_1_300' title='bbox 2011 3998 2117 4053; x_wconf 88' lang='lat' dir='ltr'><strong>tibi.</strong></span> <span class='ocrx_word' id='word_1_301' title='bbox 2144 4000 2202 4055; x_wconf 87' lang='lat' dir='ltr'><strong>Si</strong></span> 
     </span>
    </p>
   </div>
   <div class='ocr_carea' id='block_1_41' title="bbox 628 4086 2203 4161">
    <p class='ocr_par' dir='ltr' id='par_1_41' title="bbox 628 4086 2203 4161">
     <span class='ocr_line' id='line_1_41' title="bbox 628 4086 2203 4161; baseline 0.004 -22"><span class='ocrx_word' id='word_1_302' title='bbox 628 4100 758 4155; x_wconf 86' lang='lat' dir='ltr'><strong>ergo</strong></span> <span class='ocrx_word' id='word_1_303' title='bbox 787 4086 929 4140; x_wconf 89' lang='lat' dir='ltr'><strong>dicat</strong></span> <span class='ocrx_word' id='word_1_304' title='bbox 951 4087 1171 4155; x_wconf 78' lang='lat' dir='ltr'><strong>angelos</strong></span> <span class='ocrx_word' id='word_1_305' title='bbox 1195 4088 1284 4157; x_wconf 89' lang='lat' dir='ltr'><strong>qui</strong></span> <span class='ocrx_word' id='word_1_306' title='bbox 1313 4098 1436 4142; x_wconf 87' lang='lat' dir='ltr'><strong>sunt</strong></span> <span class='ocrx_word' id='word_1_307' title='bbox 1464 4088 1517 4142; x_wconf 92' lang='lat' dir='ltr'><strong>in</strong></span> <span class='ocrx_word' id='word_1_308' title='bbox 1544 4088 1719 4155; x_wconf 76' lang='lat' dir='ltr'><strong>ctelis,</strong></span> <span class='ocrx_word' id='word_1_309' title='bbox 1750 4098 1835 4146; x_wconf 88' lang='lat' dir='ltr'><strong>est</strong></span> <span class='ocrx_word' id='word_1_310' title='bbox 1864 4089 1914 4145; x_wconf 93' lang='lat' dir='ltr'><strong>id</strong></span> <span class='ocrx_word' id='word_1_311' title='bbox 1955 4090 2095 4161; x_wconf 92' lang='lat' dir='ltr'><strong>quod</strong></span> <span class='ocrx_word' id='word_1_312' title='bbox 2124 4091 2203 4145; x_wconf 87' lang='lat' dir='ltr'><strong>di-</strong></span> 
     </span>
    </p>
   </div>
   <div class='ocr_carea' id='block_1_42' title="bbox 628 4176 2201 4250">
    <p class='ocr_par' dir='ltr' id='par_1_42' title="bbox 628 4176 2201 4250">
     <span class='ocr_line' id='line_1_42' title="bbox 628 4176 2201 4250; baseline 0.004 -21"><span class='ocrx_word' id='word_1_313' title='bbox 628 4176 765 4229; x_wconf 90' lang='lat' dir='ltr'><strong>citur</strong></span> <span class='ocrx_word' id='word_1_314' title='bbox 785 4176 1045 4244; x_wconf 82' lang='lat' dir='ltr'><strong>ejusmodi</strong></span> <span class='ocrx_word' id='word_1_315' title='bbox 1070 4195 1082 4230; x_wconf 94' lang='lat'><strong>:</strong></span> <span class='ocrx_word' id='word_1_316' title='bbox 1108 4176 1357 4233; x_wconf 80' lang='lat' dir='ltr'><strong>Cenabor</strong></span> <span class='ocrx_word' id='word_1_317' title='bbox 1383 4192 1577 4234; x_wconf 86' lang='lat' dir='ltr'><strong>cauere</strong></span> <span class='ocrx_word' id='word_1_318' title='bbox 1602 4193 1725 4234; x_wconf 80' lang='lat' dir='ltr'><strong>cum</strong></span> <span class='ocrx_word' id='word_1_319' title='bbox 1751 4182 1973 4250; x_wconf 79' lang='lat' dir='ltr'><strong>angelis,</strong></span> <span class='ocrx_word' id='word_1_320' title='bbox 1996 4189 2052 4237; x_wconf 89' lang='lat' dir='ltr'><strong>et</strong></span> <span class='ocrx_word' id='word_1_321' title='bbox 2079 4196 2201 4236; x_wconf 89' lang='lat' dir='ltr'><strong>cum</strong></span> 
     </span>
    </p>
   </div>
   <div class='ocr_carea' id='block_1_43' title="bbox 630 4266 2202 4342">
    <p class='ocr_par' dir='ltr' id='par_1_43' title="bbox 630 4266 2202 4342">
     <span class='ocr_line' id='line_1_43' title="bbox 630 4266 2202 4342; baseline 0.004 -21"><span class='ocrx_word' id='word_1_322' title='bbox 630 4266 710 4321; x_wconf 91' lang='lat' dir='ltr'><strong>eis</strong></span> <span class='ocrx_word' id='word_1_323' title='bbox 734 4266 1059 4321; x_wconf 87' lang='lat' dir='ltr'><strong>contendere</strong></span> <span class='ocrx_word' id='word_1_324' title='bbox 1078 4307 1094 4333; x_wconf 91' lang='lat'><strong>,</strong></span> <span class='ocrx_word' id='word_1_325' title='bbox 1122 4279 1175 4322; x_wconf 90' lang='lat' dir='ltr'><strong>et</strong></span> <span class='ocrx_word' id='word_1_326' title='bbox 1197 4268 1420 4322; x_wconf 85' lang='lat' dir='ltr'><strong>choreas</strong></span> <span class='ocrx_word' id='word_1_327' title='bbox 1445 4268 1640 4323; x_wconf 89' lang='lat' dir='ltr'><strong>ducere</strong></span> <span class='ocrx_word' id='word_1_328' title='bbox 1676 4284 1797 4324; x_wconf 84' lang='lat' dir='ltr'><strong>cum</strong></span> <span class='ocrx_word' id='word_1_329' title='bbox 1830 4271 2077 4342; x_wconf 88' lang='lat' dir='ltr'><strong>supernis</strong></span> <span class='ocrx_word' id='word_1_330' title='bbox 2105 4287 2202 4342; x_wconf 88' lang='lat' dir='ltr'><strong>po-</strong></span> 
     </span>
    </p>
   </div>
   <div class='ocr_carea' id='block_1_44' title="bbox 632 4357 2201 4425">
    <p class='ocr_par' dir='ltr' id='par_1_44' title="bbox 632 4357 2201 4425">
     <span class='ocr_line' id='line_1_44' title="bbox 632 4357 2201 4425; baseline 0.005 -14"><span class='ocrx_word' id='word_1_331' title='bbox 632 4357 934 4411; x_wconf 89' lang='lat' dir='ltr'><strong>testatibus.</strong></span> <span class='ocrx_word' id='word_1_332' title='bbox 977 4358 1087 4411; x_wconf 84' lang='lat' dir='ltr'><strong>Etsi</strong></span> <span class='ocrx_word' id='word_1_333' title='bbox 1116 4360 1258 4413; x_wconf 89' lang='lat' dir='ltr'><strong>enim</strong></span> <span class='ocrx_word' id='word_1_334' title='bbox 1302 4368 1490 4412; x_wconf 85' lang='lat' dir='ltr'><strong>natura</strong></span> <span class='ocrx_word' id='word_1_335' title='bbox 1522 4357 1980 4425; x_wconf 79' lang='lat' dir='ltr'><strong>diii‘eram,auimi</strong></span> <span class='ocrx_word' id='word_1_336' title='bbox 2023 4371 2201 4419; x_wconf 88' lang='lat' dir='ltr'><strong>tamen</strong></span> 
     </span>
    </p>
   </div>
   <div class='ocr_carea' id='block_1_45' title="bbox 630 4447 2204 4518">
    <p class='ocr_par' dir='ltr' id='par_1_45' title="bbox 630 4447 2204 4518">
     <span class='ocr_line' id='line_1_45' title="bbox 630 4447 2204 4518; baseline 0.006 -17"><span class='ocrx_word' id='word_1_337' title='bbox 630 4447 921 4513; x_wconf 85' lang='lat' dir='ltr'><strong>alacritate,</strong></span> <span class='ocrx_word' id='word_1_338' title='bbox 949 4458 1007 4501; x_wconf 91' lang='lat' dir='ltr'><strong>ut</strong></span> <span class='ocrx_word' id='word_1_339' title='bbox 1033 4462 1153 4502; x_wconf 88' lang='lat' dir='ltr'><strong>cum</strong></span> <span class='ocrx_word' id='word_1_340' title='bbox 1198 4449 1277 4503; x_wconf 90' lang='lat' dir='ltr'><strong>eis</strong></span> <span class='ocrx_word' id='word_1_341' title='bbox 1314 4458 1458 4503; x_wconf 89' lang='lat' dir='ltr'><strong>stare</strong></span> <span class='ocrx_word' id='word_1_342' title='bbox 1498 4449 1733 4518; x_wconf 89' lang='lat' dir='ltr'><strong>possim,</strong></span> <span class='ocrx_word' id='word_1_343' title='bbox 1774 4451 2079 4508; x_wconf 87' lang='lat' dir='ltr'><strong>deoertabo.</strong></span> <span class='ocrx_word' id='word_1_344' title='bbox 2109 4453 2204 4511; x_wconf 85' lang='lat' dir='ltr'><strong>Sin</strong></span> 
     </span>
    </p>
   </div>
   <div class='ocr_carea' id='block_1_46' title="bbox 632 4538 2205 4609">
    <p class='ocr_par' dir='ltr' id='par_1_46' title="bbox 632 4538 2205 4609">
     <span class='ocr_line' id='line_1_46' title="bbox 632 4538 2205 4609; baseline 0.007 -20"><span class='ocrx_word' id='word_1_345' title='bbox 632 4547 806 4591; x_wconf 85' lang='lat' dir='ltr'><strong>autem</strong></span> <span class='ocrx_word' id='word_1_346' title='bbox 840 4539 1158 4607; x_wconf 82' lang='lat' dir='ltr'><strong>accipiamus</strong></span> <span class='ocrx_word' id='word_1_347' title='bbox 1183 4538 1323 4609; x_wconf 89' lang='lat' dir='ltr'><strong>quod</strong></span> <span class='ocrx_word' id='word_1_348' title='bbox 1356 4538 1555 4594; x_wconf 88' lang='lat' dir='ltr'><strong>dictum</strong></span> <span class='ocrx_word' id='word_1_349' title='bbox 1587 4550 1668 4596; x_wconf 89' lang='lat' dir='ltr'><strong>est</strong></span> <span class='ocrx_word' id='word_1_350' title='bbox 1689 4557 1754 4597; x_wconf 79' lang='lat' dir='ltr'><strong>ex</strong></span> <span class='ocrx_word' id='word_1_351' title='bbox 1786 4542 2010 4598; x_wconf 87' lang='lat' dir='ltr'><strong>aliorum</strong></span> <span class='ocrx_word' id='word_1_352' title='bbox 2037 4545 2205 4600; x_wconf 90' lang='lat' dir='ltr'><strong>inter-</strong></span> 
     </span>
    </p>
   </div>
   <div class='ocr_carea' id='block_1_47' title="bbox 634 4630 2205 4711">
    <p class='ocr_par' dir='ltr' id='par_1_47' title="bbox 634 4630 2205 4711">
     <span class='ocr_line' id='line_1_47' title="bbox 634 4630 2205 4711; baseline 0.005 -29"><span class='ocrx_word' id='word_1_353' title='bbox 634 4630 949 4699; x_wconf 79' lang='lat' dir='ltr'><strong>pretatione,</strong></span> <span class='ocrx_word' id='word_1_354' title='bbox 977 4630 1186 4685; x_wconf 86' lang='lat' dir='ltr'><strong>videtur</strong></span> <span class='ocrx_word' id='word_1_355' title='bbox 1228 4630 1355 4685; x_wconf 87' lang='lat' dir='ltr'><strong>mihi</strong></span> <span class='ocrx_word' id='word_1_356' title='bbox 1397 4631 1575 4687; x_wconf 87' lang='lat' dir='ltr'><strong>dicere</strong></span> <span class='ocrx_word' id='word_1_357' title='bbox 1614 4633 1681 4711; x_wconf 74' lang='lat' dir='ltr'><strong>de</strong></span> <span class='ocrx_word' id='word_1_358' title='bbox 1723 4633 2119 4699; x_wconf 88' lang='lat' dir='ltr'><strong>sacerdotibus,</strong></span> <span class='ocrx_word' id='word_1_359' title='bbox 2152 4635 2205 4690; x_wconf 88' lang='lat' dir='ltr'><strong>id</strong></span> 
     </span>
    </p>
   </div>
   <div class='ocr_carea' id='block_1_48' title="bbox 632 4718 2204 4793">
    <p class='ocr_par' dir='ltr' id='par_1_48' title="bbox 632 4718 2204 4793">
     <span class='ocr_line' id='line_1_48' title="bbox 632 4718 2204 4793; baseline 0.006 -21"><span class='ocrx_word' id='word_1_360' title='bbox 632 4718 773 4787; x_wconf 84' lang='lat' dir='ltr'><strong>quod</strong></span> <span class='ocrx_word' id='word_1_361' title='bbox 799 4720 866 4774; x_wconf 89' lang='lat' dir='ltr'><strong>de</strong></span> <span class='ocrx_word' id='word_1_362' title='bbox 890 4719 989 4773; x_wconf 85' lang='lat' dir='ltr'><strong>diis</strong></span> <span class='ocrx_word' id='word_1_363' title='bbox 1013 4719 1223 4775; x_wconf 89' lang='lat' dir='ltr'><strong>dicitur.</strong></span> <span class='ocrx_word' id='word_1_364' title='bbox 1250 4721 1400 4777; x_wconf 83' lang='lat' dir='ltr'><strong>Solet</strong></span> <span class='ocrx_word' id='word_1_365' title='bbox 1416 4725 1557 4777; x_wconf 90' lang='lat' dir='ltr'><strong>enim</strong></span> <span class='ocrx_word' id='word_1_366' title='bbox 1582 4722 1852 4793; x_wconf 87' lang='lat' dir='ltr'><strong>Scriptura</strong></span> <span class='ocrx_word' id='word_1_367' title='bbox 1873 4726 2204 4782; x_wconf 90' lang='lat' dir='ltr'><strong>sacerdotem</strong></span> 
     </span>
    </p>
   </div>
   <div class='ocr_carea' id='block_1_49' title="bbox 634 4812 2203 4885">
    <p class='ocr_par' dir='ltr' id='par_1_49' title="bbox 634 4812 2203 4885">
     <span class='ocr_line' id='line_1_49' title="bbox 634 4812 2203 4885; baseline 0.01 -25"><span class='ocrx_word' id='word_1_368' title='bbox 634 4824 829 4865; x_wconf 74' lang='lat' dir='ltr'><strong>vocare</strong></span> <span class='ocrx_word' id='word_1_369' title='bbox 856 4820 914 4865; x_wconf 88' lang='lat' dir='ltr'><strong>et</strong></span> <span class='ocrx_word' id='word_1_370' title='bbox 941 4812 1188 4881; x_wconf 83' lang='lat' dir='ltr'><strong>angelum</strong></span> <span class='ocrx_word' id='word_1_371' title='bbox 1220 4822 1273 4868; x_wconf 91' lang='lat' dir='ltr'><strong>et</strong></span> <span class='ocrx_word' id='word_1_372' title='bbox 1299 4813 1458 4867; x_wconf 90' lang='lat' dir='ltr'><strong>deum</strong></span> <span class='ocrx_word' id='word_1_373' title='bbox 1493 4831 1507 4867; x_wconf 93' lang='lat'><strong>:</strong></span> <span class='ocrx_word' id='word_1_374' title='bbox 1547 4829 1691 4869; x_wconf 90' lang='lat' dir='ltr'><strong>nunc</strong></span> <span class='ocrx_word' id='word_1_375' title='bbox 1718 4816 1931 4885; x_wconf 87' lang='lat' dir='ltr'><strong>quidem</strong></span> <span class='ocrx_word' id='word_1_376' title='bbox 1973 4817 2155 4873; x_wconf 89' lang='lat' dir='ltr'><strong>dicens</strong></span> <span class='ocrx_word' id='word_1_377' title='bbox 2187 4838 2203 4875; x_wconf 91' lang='lat'><strong>:</strong></span> 
     </span>
    </p>
   </div>
   <div class='ocr_carea' id='block_1_50' title="bbox 636 4901 2207 4976">
    <p class='ocr_par' dir='ltr' id='par_1_50' title="bbox 636 4901 2207 4976">
     <span class='ocr_line' id='line_1_50' title="bbox 636 4901 2207 4976; baseline 0.008 -23"><span class='ocrx_word' id='word_1_378' title='bbox 636 4901 749 4955; x_wconf 85' lang='lat' dir='ltr'><strong>Diis</strong></span> <span class='ocrx_word' id='word_1_379' title='bbox 774 4919 874 4956; x_wconf 82' lang='lat' dir='ltr'><strong>non</strong></span> <span class='ocrx_word' id='word_1_380' title='bbox 898 4904 1185 4969; x_wconf 78' lang='lat' dir='ltr'><strong>maledices,</strong></span> <span class='ocrx_word' id='word_1_381' title='bbox 1214 4913 1262 4958; x_wconf 90' lang='lat' dir='ltr'><strong>et</strong></span> <span class='ocrx_word' id='word_1_382' title='bbox 1286 4905 1501 4974; x_wconf 86' lang='lat' dir='ltr'><strong>principi</strong></span> <span class='ocrx_word' id='word_1_383' title='bbox 1526 4906 1703 4976; x_wconf 83' lang='lat' dir='ltr'><strong>populi</strong></span> <span class='ocrx_word' id='word_1_384' title='bbox 1723 4908 1795 4960; x_wconf 86' lang='lat' dir='ltr'><strong>tui</strong></span> <span class='ocrx_word' id='word_1_385' title='bbox 1820 4924 1919 4961; x_wconf 87' lang='lat' dir='ltr'><strong>non</strong></span> <span class='ocrx_word' id='word_1_386' title='bbox 1939 4908 2207 4965; x_wconf 71' lang='lat' dir='ltr'><strong>maledica</strong></span> 
     </span>
    </p>
   </div>
   <div class='ocr_carea' id='block_1_51' title="bbox 642 4988 2205 5064">
    <p class='ocr_par' dir='ltr' id='par_1_51' title="bbox 642 4988 2205 5064">
     <span class='ocr_line' id='line_1_51' title="bbox 642 4988 2205 5064; baseline 0.006 -19"><span class='ocrx_word' id='word_1_387' title='bbox 642 4988 833 5060; x_wconf 70' lang='lat' dir='ltr'><strong>(Exod.</strong></span> <span class='ocrx_word' id='word_1_388' title='bbox 866 4992 955 5047; x_wconf 70' lang='lat'><strong>22.</strong></span> <span class='ocrx_word' id='word_1_389' title='bbox 981 4995 1074 5064; x_wconf 72' lang='lat'><strong>28)</strong></span> <span class='ocrx_word' id='word_1_390' title='bbox 1100 5014 1113 5048; x_wconf 89' lang='lat'><strong>:</strong></span> <span class='ocrx_word' id='word_1_391' title='bbox 1141 5011 1281 5051; x_wconf 87' lang='lat' dir='ltr'><strong>nunc</strong></span> <span class='ocrx_word' id='word_1_392' title='bbox 1313 5003 1490 5051; x_wconf 85' lang='lat' dir='ltr'><strong>autem</strong></span> <span class='ocrx_word' id='word_1_393' title='bbox 1524 4996 1734 5052; x_wconf 85' lang='lat' dir='ltr'><strong>:Labia</strong></span> <span class='ocrx_word' id='word_1_394' title='bbox 1766 5000 2082 5054; x_wconf 80' lang='lat' dir='ltr'><strong>sacerdotum</strong></span> <span class='ocrx_word' id='word_1_395' title='bbox 2108 5014 2205 5055; x_wconf 80' lang='lat' dir='ltr'><strong>cu-</strong></span> 
     </span>
    </p>
   </div>
   <div class='ocr_carea' id='block_1_52' title="bbox 637 5083 2203 5161">
    <p class='ocr_par' dir='ltr' id='par_1_52' title="bbox 637 5083 2203 5161">
     <span class='ocr_line' id='line_1_52' title="bbox 637 5083 2203 5161; baseline 0.007 -27"><span class='ocrx_word' id='word_1_396' title='bbox 637 5083 855 5136; x_wconf 73' lang='lat' dir='ltr'><strong>stodiant</strong></span> <span class='ocrx_word' id='word_1_397' title='bbox 889 5085 1165 5153; x_wconf 82' lang='lat' dir='ltr'><strong>judicium,</strong></span> <span class='ocrx_word' id='word_1_398' title='bbox 1196 5095 1243 5139; x_wconf 88' lang='lat' dir='ltr'><strong>et</strong></span> <span class='ocrx_word' id='word_1_399' title='bbox 1268 5102 1332 5140; x_wconf 81' lang='lat' dir='ltr'><strong>ea:</strong></span> <span class='ocrx_word' id='word_1_400' title='bbox 1359 5103 1446 5140; x_wconf 86' lang='lat' dir='ltr'><strong>ore</strong></span> <span class='ocrx_word' id='word_1_401' title='bbox 1488 5088 1597 5157; x_wconf 83' lang='lat' dir='ltr'><strong>ejus</strong></span> <span class='ocrx_word' id='word_1_402' title='bbox 1635 5090 1894 5158; x_wconf 66' lang='lat' dir='ltr'><strong>exquirent</strong></span> <span class='ocrx_word' id='word_1_403' title='bbox 1924 5089 2203 5161; x_wconf 79' lang='lat' dir='ltr'><strong>justitiam,</strong></span> 
     </span>
    </p>
   </div>
   <div class='ocr_carea' id='block_1_53' title="bbox 638 5174 2203 5253">
    <p class='ocr_par' dir='ltr' id='par_1_53' title="bbox 638 5174 2203 5253">
     <span class='ocr_line' id='line_1_53' title="bbox 638 5174 2203 5253; baseline 0.01 -29"><span class='ocrx_word' id='word_1_404' title='bbox 638 5174 874 5243; x_wconf 84' lang='lat' dir='ltr'><strong>quoniam</strong></span> <span class='ocrx_word' id='word_1_405' title='bbox 890 5184 962 5226; x_wconf 82' lang='lat' dir='ltr'><strong>est</strong></span> <span class='ocrx_word' id='word_1_406' title='bbox 976 5175 1181 5245; x_wconf 82' lang='lat' dir='ltr'><strong>angelus</strong></span> <span class='ocrx_word' id='word_1_407' title='bbox 1192 5174 1400 5230; x_wconf 81' lang='lat' dir='ltr'><strong>Domini</strong></span> <span class='ocrx_word' id='word_1_408' title='bbox 1409 5178 1763 5248; x_wconf 82' lang='lat' dir='ltr'><strong>omnipotentis</strong></span> <span class='ocrx_word' id='word_1_409' title='bbox 1776 5178 2029 5249; x_wconf 72' lang='lat' dir='ltr'><strong>(Halach.</strong></span> <span class='ocrx_word' id='word_1_410' title='bbox 2047 5182 2102 5236; x_wconf 74' lang='lat'><strong>2.</strong></span> <span class='ocrx_word' id='word_1_411' title='bbox 2122 5183 2203 5253; x_wconf 87' lang='lat'><strong>7).</strong></span> 
     </span>
    </p>
   </div>
   <div class='ocr_carea' id='block_1_54' title="bbox 639 5266 2206 5343">
    <p class='ocr_par' dir='ltr' id='par_1_54' title="bbox 639 5266 2206 5343">
     <span class='ocr_line' id='line_1_54' title="bbox 639 5266 2206 5343; baseline 0.006 -22"><span class='ocrx_word' id='word_1_412' title='bbox 639 5266 695 5321; x_wconf 89' lang='lat' dir='ltr'><strong>Si</strong></span> <span class='ocrx_word' id='word_1_413' title='bbox 721 5267 887 5321; x_wconf 82' lang='lat' dir='ltr'><strong>liceat</strong></span> <span class='ocrx_word' id='word_1_414' title='bbox 909 5281 1040 5335; x_wconf 85' lang='lat' dir='ltr'><strong>ergo</strong></span> <span class='ocrx_word' id='word_1_415' title='bbox 1075 5268 1177 5321; x_wconf 91' lang='lat' dir='ltr'><strong>boc</strong></span> <span class='ocrx_word' id='word_1_416' title='bbox 1210 5267 1282 5321; x_wconf 86' lang='lat' dir='ltr'><strong>ita</strong></span> <span class='ocrx_word' id='word_1_417' title='bbox 1318 5268 1580 5338; x_wconf 87' lang='lat' dir='ltr'><strong>accipere,</strong></span> <span class='ocrx_word' id='word_1_418' title='bbox 1607 5270 1734 5324; x_wconf 89' lang='lat' dir='ltr'><strong>illud</strong></span> <span class='ocrx_word' id='word_1_419' title='bbox 1763 5280 1975 5343; x_wconf 90' lang='lat' dir='ltr'><strong>oportet</strong></span> <span class='ocrx_word' id='word_1_420' title='bbox 2014 5274 2206 5330; x_wconf 80' lang='lat' dir='ltr'><strong>intelli-</strong></span> 
     </span>
    </p>
   </div>
   <div class='ocr_carea' id='block_1_55' title="bbox 639 5356 2208 5434">
    <p class='ocr_par' dir='ltr' id='par_1_55' title="bbox 639 5356 2208 5434">
     <span class='ocr_line' id='line_1_55' title="bbox 639 5356 2208 5434; baseline 0.007 -23"><span class='ocrx_word' id='word_1_421' title='bbox 639 5372 763 5426; x_wconf 86' lang='lat' dir='ltr'><strong>gere</strong></span> <span class='ocrx_word' id='word_1_422' title='bbox 794 5374 809 5411; x_wconf 88' lang='lat'><strong>:</strong></span> <span class='ocrx_word' id='word_1_423' title='bbox 834 5356 963 5411; x_wconf 89' lang='lat' dir='ltr'><strong>Cum</strong></span> <span class='ocrx_word' id='word_1_424' title='bbox 991 5358 1374 5426; x_wconf 86' lang='lat' dir='ltr'><strong>sacerdotibus,</strong></span> <span class='ocrx_word' id='word_1_425' title='bbox 1396 5360 1527 5429; x_wconf 87' lang='lat' dir='ltr'><strong>ipsis</strong></span> <span class='ocrx_word' id='word_1_426' title='bbox 1547 5360 1915 5419; x_wconf 85' lang='lat' dir='ltr'><strong>inchoantibus</strong></span> <span class='ocrx_word' id='word_1_427' title='bbox 1933 5372 1987 5419; x_wconf 91' lang='lat' dir='ltr'><strong>et</strong></span> <span class='ocrx_word' id='word_1_428' title='bbox 2010 5380 2208 5434; x_wconf 68' lang='lat' dir='ltr'><strong>praece-</strong></span> 
     </span>
    </p>
   </div>
   <div class='ocr_carea' id='block_1_56' title="bbox 638 5448 2206 5522">
    <p class='ocr_par' dir='ltr' id='par_1_56' title="bbox 638 5448 2206 5522">
     <span class='ocr_line' id='line_1_56' title="bbox 638 5448 2206 5522; baseline 0.008 -21"><span class='ocrx_word' id='word_1_429' title='bbox 638 5448 904 5511; x_wconf 87' lang='lat' dir='ltr'><strong>dentibus,</strong></span> <span class='ocrx_word' id='word_1_430' title='bbox 929 5462 1048 5501; x_wconf 85' lang='lat' dir='ltr'><strong>cum</strong></span> <span class='ocrx_word' id='word_1_431' title='bbox 1075 5463 1139 5503; x_wconf 88' lang='lat' dir='ltr'><strong>eo</strong></span> <span class='ocrx_word' id='word_1_432' title='bbox 1157 5465 1262 5519; x_wconf 92' lang='lat' dir='ltr'><strong>quo</strong></span> <span class='ocrx_word' id='word_1_433' title='bbox 1284 5465 1378 5519; x_wconf 82' lang='lat' dir='ltr'><strong>par</strong></span> <span class='ocrx_word' id='word_1_434' title='bbox 1403 5460 1485 5504; x_wconf 90' lang='lat' dir='ltr'><strong>est</strong></span> <span class='ocrx_word' id='word_1_435' title='bbox 1508 5450 1693 5507; x_wconf 89' lang='lat' dir='ltr'><strong>ordine</strong></span> <span class='ocrx_word' id='word_1_436' title='bbox 1717 5468 1927 5522; x_wconf 86' lang='lat' dir='ltr'><strong>sequar,</strong></span> <span class='ocrx_word' id='word_1_437' title='bbox 1946 5466 2000 5510; x_wconf 91' lang='lat' dir='ltr'><strong>et</strong></span> <span class='ocrx_word' id='word_1_438' title='bbox 2019 5471 2206 5514; x_wconf 86' lang='lat' dir='ltr'><strong>canam</strong></span> 
     </span>
    </p>
   </div>
   <div class='ocr_carea' id='block_1_57' title="bbox 645 5532 2208 5605">
    <p class='ocr_par' dir='ltr' id='par_1_57' title="bbox 645 5532 2208 5605">
     <span class='ocr_line' id='line_1_57' title="bbox 645 5532 2208 5605; baseline 0.009 -14"><span class='ocrx_word' id='word_1_439' title='bbox 645 5532 779 5592; x_wconf 85' lang='lat' dir='ltr'><strong>tibi:</strong></span> <span class='ocrx_word' id='word_1_440' title='bbox 815 5538 1067 5604; x_wconf 79' lang='lat' dir='ltr'><strong>Quoniam</strong></span> <span class='ocrx_word' id='word_1_441' title='bbox 1109 5542 1295 5595; x_wconf 83' lang='lat' dir='ltr'><strong>audisti</strong></span> <span class='ocrx_word' id='word_1_442' title='bbox 1332 5543 1502 5595; x_wconf 87' lang='lat' dir='ltr'><strong>omnia</strong></span> <span class='ocrx_word' id='word_1_443' title='bbox 1536 5543 1683 5596; x_wconf 84' lang='lat' dir='ltr'><strong>verba</strong></span> <span class='ocrx_word' id='word_1_444' title='bbox 1725 5545 1828 5598; x_wconf 86' lang='lat' dir='ltr'><strong>oris</strong></span> <span class='ocrx_word' id='word_1_445' title='bbox 1857 5548 1975 5600; x_wconf 87' lang='lat' dir='ltr'><strong>mei.</strong></span> <span class='ocrx_word' id='word_1_446' title='bbox 2017 5547 2208 5605; x_wconf 83' lang='lat' dir='ltr'><strong>Vidisti</strong></span> 
     </span>
    </p>
   </div>
   <div class='ocr_carea' id='block_1_58' title="bbox 641 5632 2205 5700">
    <p class='ocr_par' dir='ltr' id='par_1_58' title="bbox 641 5632 2205 5700">
     <span class='ocr_line' id='line_1_58' title="bbox 641 5632 2205 5700; baseline 0.01 -16"><span class='ocrx_word' id='word_1_447' title='bbox 641 5645 883 5699; x_wconf 83' lang='lat' dir='ltr'><strong>magnam</strong></span> <span class='ocrx_word' id='word_1_448' title='bbox 909 5632 1191 5700; x_wconf 85' lang='lat' dir='ltr'><strong>gratiarum</strong></span> <span class='ocrx_word' id='word_1_449' title='bbox 1216 5634 1511 5688; x_wconf 84' lang='lat' dir='ltr'><strong>actionem?</strong></span> <span class='ocrx_word' id='word_1_450' title='bbox 1542 5635 1717 5689; x_wconf 79' lang='lat' dir='ltr'><strong>vidisti</strong></span> <span class='ocrx_word' id='word_1_451' title='bbox 1740 5651 2004 5695; x_wconf 83' lang='lat' dir='ltr'><strong>summam</strong></span> <span class='ocrx_word' id='word_1_452' title='bbox 2032 5649 2205 5699; x_wconf 83' lang='lat' dir='ltr'><strong>atten-</strong></span> 
     </span>
    </p>
   </div>
   <div class='ocr_carea' id='block_1_59' title="bbox 703 5743 1989 5812">
    <p class='ocr_par' dir='ltr' id='par_1_59' title="bbox 703 5743 1989 5812">
     <span class='ocr_line' id='line_1_59' title="bbox 703 5743 1989 5812; baseline 0.007 -19"><span class='ocrx_word' id='word_1_453' title='bbox 703 5743 777 5808; x_wconf 68' lang='grc' dir='ltr'><strong>(αὶ</strong></span> <span class='ocrx_word' id='word_1_454' title='bbox 810 5750 917 5795; x_wconf 62' lang='lat' dir='ltr'><strong>Haec</strong></span> <span class='ocrx_word' id='word_1_455' title='bbox 940 5747 1271 5809; x_wconf 81' lang='lat' dir='ltr'><strong>interpretatio</strong></span> <span class='ocrx_word' id='word_1_456' title='bbox 1286 5749 1424 5811; x_wconf 79' lang='lat' dir='ltr'><strong>juxta</strong></span> <span class='ocrx_word' id='word_1_457' title='bbox 1446 5760 1592 5811; x_wconf 85' lang='lat' dir='ltr'><strong>quem</strong></span> <span class='ocrx_word' id='word_1_458' title='bbox 1613 5749 1676 5799; x_wconf 86' lang='lat' dir='ltr'><strong>sit</strong></span> <span class='ocrx_word' id='word_1_459' title='bbox 1698 5751 1989 5812; x_wconf 72' lang='lat' dir='ltr'><strong>ignoramus.</strong></span> 
     </span>
    </p>
   </div>
   <div class='ocr_carea' id='block_1_60' title="bbox 1322 369 3145 433">
    <p class='ocr_par' dir='ltr' id='par_1_60' title="bbox 1322 369 3145 433">
     <span class='ocr_line' id='line_1_60' title="bbox 1322 369 3145 433; baseline -0.002 0"><span class='ocrx_word' id='word_1_460' title='bbox 1322 378 1378 433; x_wconf 88' lang='lat' dir='ltr'><strong>S.</strong></span> <span class='ocrx_word' id='word_1_461' title='bbox 1420 374 1696 433; x_wconf 70' lang='lat' dir='ltr'><strong>JOANNIS</strong></span> <span class='ocrx_word' id='word_1_462' title='bbox 1731 370 2211 432; x_wconf 69' lang='lat' dir='ltr'><strong>CHRYSOSTOMI</strong></span> <span class='ocrx_word' id='word_1_463' title='bbox 2253 369 2571 428; x_wconf 78' lang='lat' dir='ltr'><strong>ARCHIEP.</strong></span> <span class='ocrx_word' id='word_1_464' title='bbox 2612 369 3145 432; x_wconf 75' lang='lat' dir='ltr'><strong>CONSTANTINOP.</strong></span> 
     </span>
    </p>
   </div>
   <div class='ocr_carea' id='block_1_61' title="bbox 3766 370 3868 433">
    <p class='ocr_par' dir='ltr' id='par_1_61' title="bbox 3766 370 3868 433">
     <span class='ocr_line' id='line_1_61' title="bbox 3766 370 3868 433; baseline 0 0"><span class='ocrx_word' id='word_1_465' title='bbox 3766 370 3868 433; x_wconf 67' lang='grc' dir='ltr'><strong>ωδ</strong></span> 
     </span>
    </p>
   </div>
   <div class='ocr_carea' id='block_1_62' title="bbox 2296 483 3875 554">
    <p class='ocr_par' dir='ltr' id='par_1_62' title="bbox 2296 483 3875 554">
     <span class='ocr_line' id='line_1_62' title="bbox 2296 483 3875 554; baseline 0.004 -17"><span class='ocrx_word' id='word_1_466' title='bbox 2296 484 2535 539; x_wconf 78' lang='lat' dir='ltr'><strong>tionem?</strong></span> <span class='ocrx_word' id='word_1_467' title='bbox 2559 483 2673 539; x_wconf 83' lang='lat' dir='ltr'><strong>Non</strong></span> <span class='ocrx_word' id='word_1_468' title='bbox 2702 486 3153 554; x_wconf 86' lang='lat' dir='ltr'><strong>quemadmodum</strong></span> <span class='ocrx_word' id='word_1_469' title='bbox 3183 487 3426 542; x_wconf 89' lang='lat' dir='ltr'><strong>nonnulli</strong></span> <span class='ocrx_word' id='word_1_470' title='bbox 3461 486 3658 542; x_wconf 88' lang='lat' dir='ltr'><strong>molles</strong></span> <span class='ocrx_word' id='word_1_471' title='bbox 3684 498 3740 543; x_wconf 90' lang='lat' dir='ltr'><strong>ct</strong></span> <span class='ocrx_word' id='word_1_472' title='bbox 3766 490 3875 543; x_wconf 82' lang='lat' dir='ltr'><strong>dis-</strong></span> 
     </span>
    </p>
   </div>
   <div class='ocr_carea' id='block_1_63' title="bbox 2292 573 3876 646">
    <p class='ocr_par' dir='ltr' id='par_1_63' title="bbox 2292 573 3876 646">
     <span class='ocr_line' id='line_1_63' title="bbox 2292 573 3876 646; baseline 0.003 -18"><span class='ocrx_word' id='word_1_473' title='bbox 2292 573 2475 641; x_wconf 87' lang='lat' dir='ltr'><strong>soluti,</strong></span> <span class='ocrx_word' id='word_1_474' title='bbox 2515 575 2606 644; x_wconf 90' lang='lat' dir='ltr'><strong>qui</strong></span> <span class='ocrx_word' id='word_1_475' title='bbox 2636 584 2922 643; x_wconf 86' lang='lat' dir='ltr'><strong>antequam</strong></span> <span class='ocrx_word' id='word_1_476' title='bbox 2965 575 3184 645; x_wconf 85' lang='lat' dir='ltr'><strong>quidem</strong></span> <span class='ocrx_word' id='word_1_477' title='bbox 3221 576 3516 646; x_wconf 80' lang='lat' dir='ltr'><strong>accipiant,</strong></span> <span class='ocrx_word' id='word_1_478' title='bbox 3561 585 3693 633; x_wconf 89' lang='lat' dir='ltr'><strong>sunt</strong></span> <span class='ocrx_word' id='word_1_479' title='bbox 3718 578 3876 633; x_wconf 81' lang='lat' dir='ltr'><strong>vehe-</strong></span> 
     </span>
    </p>
   </div>
   <div class='ocr_carea' id='block_1_64' title="bbox 2293 670 3880 741">
    <p class='ocr_par' dir='ltr' id='par_1_64' title="bbox 2293 670 3880 741">
     <span class='ocr_line' id='line_1_64' title="bbox 2293 670 3880 741; baseline 0.001 -19"><span class='ocrx_word' id='word_1_480' title='bbox 2293 678 2537 736; x_wconf 88' lang='lat' dir='ltr'><strong>mentes,</strong></span> <span class='ocrx_word' id='word_1_481' title='bbox 2568 678 2845 739; x_wconf 85' lang='lat' dir='ltr'><strong>postquam</strong></span> <span class='ocrx_word' id='word_1_482' title='bbox 2886 679 3065 724; x_wconf 89' lang='lat' dir='ltr'><strong>autem</strong></span> <span class='ocrx_word' id='word_1_483' title='bbox 3106 670 3431 740; x_wconf 88' lang='lat' dir='ltr'><strong>acceperint,</strong></span> <span class='ocrx_word' id='word_1_484' title='bbox 3474 672 3880 741; x_wconf 83' lang='lat' dir='ltr'><strong>languescunt:</strong></span> 
     </span>
    </p>
   </div>
   <div class='ocr_carea' id='block_1_65' title="bbox 2292 750 3879 833">
    <p class='ocr_par' dir='ltr' id='par_1_65' title="bbox 2292 750 3879 833">
     <span class='ocr_line' id='line_1_65' title="bbox 2292 750 3879 833; baseline 0.003 -21"><span class='ocrx_word' id='word_1_485' title='bbox 2292 757 2389 812; x_wconf 67' lang='lat' dir='ltr'><strong>scil</strong></span> <span class='ocrx_word' id='word_1_486' title='bbox 2417 757 2503 813; x_wconf 85' lang='lat' dir='ltr'><strong>hic</strong></span> <span class='ocrx_word' id='word_1_487' title='bbox 2526 760 2739 828; x_wconf 82' lang='lat' dir='ltr'><strong>quidem</strong></span> <span class='ocrx_word' id='word_1_488' title='bbox 2756 769 2811 814; x_wconf 89' lang='lat' dir='ltr'><strong>et</strong></span> <span class='ocrx_word' id='word_1_489' title='bbox 2828 769 3113 829; x_wconf 80' lang='lat' dir='ltr'><strong>antequam</strong></span> <span class='ocrx_word' id='word_1_490' title='bbox 3135 761 3421 831; x_wconf 76' lang='lat' dir='ltr'><strong>acceperit,</strong></span> <span class='ocrx_word' id='word_1_491' title='bbox 3453 750 3636 833; x_wconf 69' lang='lat' dir='ltr'><strong>urget,</strong></span> <span class='ocrx_word' id='word_1_492' title='bbox 3658 771 3715 818; x_wconf 77' lang='lat' dir='ltr'><strong>et</strong></span> <span class='ocrx_word' id='word_1_493' title='bbox 3735 773 3879 833; x_wconf 79' lang='lat' dir='ltr'><strong>post-</strong></span> 
     </span>
    </p>
   </div>
   <div class='ocr_carea' id='block_1_66' title="bbox 2293 850 3886 923">
    <p class='ocr_par' dir='ltr' id='par_1_66' title="bbox 2293 850 3886 923">
     <span class='ocr_line' id='line_1_66' title="bbox 2293 850 3886 923; baseline 0.004 -23"><span class='ocrx_word' id='word_1_494' title='bbox 2293 862 2452 918; x_wconf 85' lang='lat' dir='ltr'><strong>quam</strong></span> <span class='ocrx_word' id='word_1_495' title='bbox 2493 850 2728 919; x_wconf 88' lang='lat' dir='ltr'><strong>aceepit,</strong></span> <span class='ocrx_word' id='word_1_496' title='bbox 2761 858 2985 922; x_wconf 81' lang='lat' dir='ltr'><strong>‘perstat</strong></span> <span class='ocrx_word' id='word_1_497' title='bbox 3027 865 3195 920; x_wconf 84' lang='lat' dir='ltr'><strong>agens</strong></span> <span class='ocrx_word' id='word_1_498' title='bbox 3240 854 3455 909; x_wconf 87' lang='lat' dir='ltr'><strong>assidue</strong></span> <span class='ocrx_word' id='word_1_499' title='bbox 3495 853 3725 923; x_wconf 82' lang='lat' dir='ltr'><strong>gratias.</strong></span> <span class='ocrx_word' id='word_1_500' title='bbox 3753 852 3886 908; x_wconf 82' lang='lat' dir='ltr'><strong>lline</strong></span> 
     </span>
    </p>
   </div>
   <div class='ocr_carea' id='block_1_67' title="bbox 2293 939 3882 1014">
    <p class='ocr_par' dir='ltr' id='par_1_67' title="bbox 2293 939 3882 1014">
     <span class='ocr_line' id='line_1_67' title="bbox 2293 939 3882 1014; baseline 0.005 -24"><span class='ocrx_word' id='word_1_501' title='bbox 2293 946 2469 992; x_wconf 86' lang='lat' dir='ltr'><strong>autem</strong></span> <span class='ocrx_word' id='word_1_502' title='bbox 2486 939 2783 995; x_wconf 86' lang='lat' dir='ltr'><strong>ostenditur</strong></span> <span class='ocrx_word' id='word_1_503' title='bbox 2800 956 2924 997; x_wconf 91' lang='lat' dir='ltr'><strong>eum</strong></span> <span class='ocrx_word' id='word_1_504' title='bbox 2938 956 3100 1013; x_wconf 84' lang='lat' dir='ltr'><strong>puras</strong></span> <span class='ocrx_word' id='word_1_505' title='bbox 3119 953 3175 1000; x_wconf 85' lang='lat' dir='ltr'><strong>et</strong></span> <span class='ocrx_word' id='word_1_506' title='bbox 3193 942 3423 1014; x_wconf 85' lang='lat' dir='ltr'><strong>optimas</strong></span> <span class='ocrx_word' id='word_1_507' title='bbox 3443 955 3641 1013; x_wconf 82' lang='lat' dir='ltr'><strong>preces</strong></span> <span class='ocrx_word' id='word_1_508' title='bbox 3659 940 3882 1006; x_wconf 80' lang='lat' dir='ltr'><strong>fudisse.</strong></span> 
     </span>
    </p>
   </div>
   <div class='ocr_carea' id='block_1_68' title="bbox 2293 1028 3887 1098">
    <p class='ocr_par' dir='ltr' id='par_1_68' title="bbox 2293 1028 3887 1098">
     <span class='ocr_line' id='line_1_68' title="bbox 2293 1028 3887 1098; baseline 0.003 -16"><span class='ocrx_word' id='word_1_509' title='bbox 2293 1042 2361 1081; x_wconf 79' lang='lat' dir='ltr'><strong>ex</strong></span> <span class='ocrx_word' id='word_1_510' title='bbox 2385 1042 2453 1083; x_wconf 90' lang='lat' dir='ltr'><strong>eo</strong></span> <span class='ocrx_word' id='word_1_511' title='bbox 2480 1028 2619 1098; x_wconf 92' lang='lat' dir='ltr'><strong>quod</strong></span> <span class='ocrx_word' id='word_1_512' title='bbox 2660 1043 2692 1083; x_wconf 87' lang='lat' dir='ltr'><strong>a</strong></span> <span class='ocrx_word' id='word_1_513' title='bbox 2730 1030 2839 1085; x_wconf 69' lang='lat' dir='ltr'><strong>Da)</strong></span> <span class='ocrx_word' id='word_1_514' title='bbox 2863 1031 2935 1086; x_wconf 79' lang='lat' dir='ltr'><strong>sit</strong></span> <span class='ocrx_word' id='word_1_515' title='bbox 2960 1031 3193 1087; x_wconf 89' lang='lat' dir='ltr'><strong>auditus.</strong></span> <span class='ocrx_word' id='word_1_516' title='bbox 3241 1031 3356 1088; x_wconf 84' lang='lat' dir='ltr'><strong>Hoc</strong></span> <span class='ocrx_word' id='word_1_517' title='bbox 3376 1033 3521 1087; x_wconf 88' lang='lat' dir='ltr'><strong>enim</strong></span> <span class='ocrx_word' id='word_1_518' title='bbox 3562 1031 3808 1087; x_wconf 75' lang='lat' dir='ltr'><strong>maxime</strong></span> <span class='ocrx_word' id='word_1_519' title='bbox 3832 1041 3887 1086; x_wconf 88' lang='lat' dir='ltr'><strong>ut</strong></span> 
     </span>
    </p>
   </div>
   <div class='ocr_carea' id='block_1_69' title="bbox 2292 1116 3756 1193">
    <p class='ocr_par' dir='ltr' id='par_1_69' title="bbox 2292 1116 3756 1193">
     <span class='ocr_line' id='line_1_69' title="bbox 2292 1116 3756 1193; baseline 0.004 -23"><span class='ocrx_word' id='word_1_520' title='bbox 2292 1116 2574 1173; x_wconf 88' lang='lat' dir='ltr'><strong>audiamur</strong></span> <span class='ocrx_word' id='word_1_521' title='bbox 2600 1117 2787 1185; x_wconf 88' lang='lat' dir='ltr'><strong>efﬁcit,</strong></span> <span class='ocrx_word' id='word_1_522' title='bbox 2805 1120 3017 1189; x_wconf 82' lang='lat' dir='ltr'><strong>quando</strong></span> <span class='ocrx_word' id='word_1_523' title='bbox 3041 1134 3231 1191; x_wconf 86' lang='lat' dir='ltr'><strong>preces</strong></span> <span class='ocrx_word' id='word_1_524' title='bbox 3254 1119 3305 1177; x_wconf 91' lang='lat' dir='ltr'><strong>ei</strong></span> <span class='ocrx_word' id='word_1_525' title='bbox 3331 1130 3498 1193; x_wconf 65' lang='lat' dir='ltr'><strong>gratae</strong></span> <span class='ocrx_word' id='word_1_526' title='bbox 3523 1120 3756 1178; x_wconf 74' lang='lat' dir='ltr'><strong>fuerint.</strong></span> 
     </span>
    </p>
   </div>
   <div class='ocr_carea' id='block_1_70' title="bbox 2371 1207 3887 1291">
    <p class='ocr_par' dir='ltr' id='par_1_70' title="bbox 2371 1207 3887 1291">
     <span class='ocr_line' id='line_1_70' title="bbox 2371 1207 3887 1291; baseline 0.005 -29"><span class='ocrx_word' id='word_1_527' title='bbox 2371 1207 2440 1263; x_wconf 83' lang='lat' dir='ltr'><strong>Ut</strong></span> <span class='ocrx_word' id='word_1_528' title='bbox 2469 1224 2503 1262; x_wconf 89' lang='lat' dir='ltr'><strong><em>a</em></strong></span> <span class='ocrx_word' id='word_1_529' title='bbox 2538 1208 2647 1264; x_wconf 86' lang='lat' dir='ltr'><strong>Deo</strong></span> <span class='ocrx_word' id='word_1_530' title='bbox 2685 1212 3016 1273; x_wconf 55' lang='lat' dir='ltr'><strong>«audiamur</strong></span> <span class='ocrx_word' id='word_1_531' title='bbox 3046 1213 3102 1267; x_wconf 84' lang='lat' dir='ltr'><strong>in</strong></span> <span class='ocrx_word' id='word_1_532' title='bbox 3137 1212 3281 1267; x_wconf 80' lang='lat' dir='ltr'><strong>nobis</strong></span> <span class='ocrx_word' id='word_1_533' title='bbox 3315 1213 3697 1271; x_wconf 80' lang='lat' dir='ltr'><strong>est.—Unde</strong></span> 
     </span>
    </p>
   </div>
   <div class='ocr_carea' id='block_1_71' title="bbox 2295 1298 3888 1374">
    <p class='ocr_par' dir='ltr' id='par_1_71' title="bbox 2295 1298 3888 1374">
     <span class='ocr_line' id='line_1_71' title="bbox 2295 1298 3888 1374; baseline 0.004 -20"><span class='ocrx_word' id='word_1_534' title='bbox 2295 1306 2378 1354; x_wconf 85' lang='lat' dir='ltr'><strong>est</strong></span> <span class='ocrx_word' id='word_1_535' title='bbox 2401 1298 2453 1353; x_wconf 92' lang='lat' dir='ltr'><strong>in</strong></span> <span class='ocrx_word' id='word_1_536' title='bbox 2480 1307 2658 1355; x_wconf 90' lang='lat' dir='ltr'><strong>nostra</strong></span> <span class='ocrx_word' id='word_1_537' title='bbox 2686 1308 2947 1369; x_wconf 88' lang='lat' dir='ltr'><strong>potestate</strong></span> <span class='ocrx_word' id='word_1_538' title='bbox 2969 1309 3027 1357; x_wconf 90' lang='lat' dir='ltr'><strong>ut</strong></span> <span class='ocrx_word' id='word_1_539' title='bbox 3048 1302 3347 1359; x_wconf 88' lang='lat' dir='ltr'><strong>audiamur.</strong></span> <span class='ocrx_word' id='word_1_540' title='bbox 3373 1302 3599 1371; x_wconf 82' lang='lat' dir='ltr'><strong>Quando</strong></span> <span class='ocrx_word' id='word_1_541' title='bbox 3624 1304 3778 1360; x_wconf 83' lang='lat' dir='ltr'><strong>enim</strong></span> <span class='ocrx_word' id='word_1_542' title='bbox 3803 1319 3888 1374; x_wconf 73' lang='lat' dir='ltr'><strong>po</strong></span> 
     </span>
    </p>
   </div>
   <div class='ocr_carea' id='block_1_72' title="bbox 2294 1390 3885 1465">
    <p class='ocr_par' dir='ltr' id='par_1_72' title="bbox 2294 1390 3885 1465">
     <span class='ocr_line' id='line_1_72' title="bbox 2294 1390 3885 1465; baseline 0.004 -20"><span class='ocrx_word' id='word_1_543' title='bbox 2294 1390 2459 1445; x_wconf 86' lang='lat' dir='ltr'><strong>timus</strong></span> <span class='ocrx_word' id='word_1_544' title='bbox 2485 1406 2603 1461; x_wconf 65' lang='lat' dir='ltr'><strong>quae</strong></span> <span class='ocrx_word' id='word_1_545' title='bbox 2635 1405 2668 1446; x_wconf 87' lang='lat' dir='ltr'><strong>a</strong></span> <span class='ocrx_word' id='word_1_546' title='bbox 2695 1392 2804 1447; x_wconf 86' lang='lat' dir='ltr'><strong>Deo</strong></span> <span class='ocrx_word' id='word_1_547' title='bbox 2829 1391 2943 1447; x_wconf 84' lang='lat' dir='ltr'><strong>dari</strong></span> <span class='ocrx_word' id='word_1_548' title='bbox 2974 1408 3069 1463; x_wconf 87' lang='lat' dir='ltr'><strong>par</strong></span> <span class='ocrx_word' id='word_1_549' title='bbox 3090 1402 3206 1462; x_wconf 88' lang='lat' dir='ltr'><strong>est,</strong></span> <span class='ocrx_word' id='word_1_550' title='bbox 3232 1394 3445 1465; x_wconf 89' lang='lat' dir='ltr'><strong>quando</strong></span> <span class='ocrx_word' id='word_1_551' title='bbox 3468 1395 3636 1450; x_wconf 82' lang='lat' dir='ltr'><strong>alacri</strong></span> <span class='ocrx_word' id='word_1_552' title='bbox 3665 1397 3885 1458; x_wconf 85' lang='lat' dir='ltr'><strong>animo.</strong></span> 
     </span>
    </p>
   </div>
   <div class='ocr_carea' id='block_1_73' title="bbox 2294 1479 3888 1556">
    <p class='ocr_par' dir='ltr' id='par_1_73' title="bbox 2294 1479 3888 1556">
     <span class='ocr_line' id='line_1_73' title="bbox 2294 1479 3888 1556; baseline 0.004 -22"><span class='ocrx_word' id='word_1_553' title='bbox 2294 1479 2506 1550; x_wconf 79' lang='lat' dir='ltr'><strong>quando</strong></span> <span class='ocrx_word' id='word_1_554' title='bbox 2544 1495 2645 1537; x_wconf 90' lang='lat' dir='ltr'><strong>nos</strong></span> <span class='ocrx_word' id='word_1_555' title='bbox 2686 1481 2983 1551; x_wconf 72' lang='lat' dir='ltr'><strong>praebemus</strong></span> <span class='ocrx_word' id='word_1_556' title='bbox 3018 1481 3207 1555; x_wconf 88' lang='lat' dir='ltr'><strong>dignos</strong></span> <span class='ocrx_word' id='word_1_557' title='bbox 3231 1484 3323 1554; x_wconf 90' lang='lat' dir='ltr'><strong>qui</strong></span> <span class='ocrx_word' id='word_1_558' title='bbox 3349 1485 3676 1556; x_wconf 86' lang='lat' dir='ltr'><strong>accipiamus</strong></span> <span class='ocrx_word' id='word_1_559' title='bbox 3695 1526 3711 1550; x_wconf 87' lang='lat'><strong>,</strong></span> <span class='ocrx_word' id='word_1_560' title='bbox 3739 1485 3888 1541; x_wconf 85' lang='lat' dir='ltr'><strong>audit</strong></span> 
     </span>
    </p>
   </div>
   <div class='ocr_carea' id='block_1_74' title="bbox 2293 1570 3887 1643">
    <p class='ocr_par' dir='ltr' id='par_1_74' title="bbox 2293 1570 3887 1643">
     <span class='ocr_line' id='line_1_74' title="bbox 2293 1570 3887 1643; baseline 0.004 -20"><span class='ocrx_word' id='word_1_561' title='bbox 2293 1579 2545 1633; x_wconf 85' lang='lat' dir='ltr'><strong>vocatus,</strong></span> <span class='ocrx_word' id='word_1_562' title='bbox 2576 1578 2629 1625; x_wconf 89' lang='lat' dir='ltr'><strong>et</strong></span> <span class='ocrx_word' id='word_1_563' title='bbox 2665 1570 2851 1639; x_wconf 86' lang='lat' dir='ltr'><strong>implet</strong></span> <span class='ocrx_word' id='word_1_564' title='bbox 2884 1570 3027 1641; x_wconf 90' lang='lat' dir='ltr'><strong>quod</strong></span> <span class='ocrx_word' id='word_1_565' title='bbox 3064 1574 3278 1643; x_wconf 89' lang='lat' dir='ltr'><strong>petitur.</strong></span> <span class='ocrx_word' id='word_1_566' title='bbox 3307 1574 3364 1628; x_wconf 76' lang='lat'><strong>2.</strong></span> <span class='ocrx_word' id='word_1_567' title='bbox 3393 1574 3631 1630; x_wconf 77' lang='lat' dir='ltr'><strong>Adorabo</strong></span> <span class='ocrx_word' id='word_1_568' title='bbox 3654 1575 3728 1629; x_wconf 80' lang='lat' dir='ltr'><strong>ad</strong></span> <span class='ocrx_word' id='word_1_569' title='bbox 3760 1584 3887 1630; x_wconf 74' lang='lat' dir='ltr'><strong>tan-</strong></span> 
     </span>
    </p>
   </div>
   <div class='ocr_carea' id='block_1_75' title="bbox 2294 1662 3885 1738">
    <p class='ocr_par' dir='ltr' id='par_1_75' title="bbox 2294 1662 3885 1738">
     <span class='ocr_line' id='line_1_75' title="bbox 2294 1662 3885 1738; baseline 0.007 -23"><span class='ocrx_word' id='word_1_570' title='bbox 2294 1662 2437 1733; x_wconf 82' lang='lat' dir='ltr'><strong>plunt</strong></span> <span class='ocrx_word' id='word_1_571' title='bbox 2461 1670 2688 1717; x_wconf 83' lang='lat' dir='ltr'><strong>sanctum</strong></span> <span class='ocrx_word' id='word_1_572' title='bbox 2712 1673 2872 1717; x_wconf 82' lang='lat' dir='ltr'><strong>tuum.</strong></span> <span class='ocrx_word' id='word_1_573' title='bbox 2894 1663 3010 1719; x_wconf 86' lang='lat' dir='ltr'><strong>Non</strong></span> <span class='ocrx_word' id='word_1_574' title='bbox 3036 1677 3118 1721; x_wconf 88' lang='lat' dir='ltr'><strong>est</strong></span> <span class='ocrx_word' id='word_1_575' title='bbox 3142 1665 3245 1722; x_wconf 86' lang='lat' dir='ltr'><strong>hoc</strong></span> <span class='ocrx_word' id='word_1_576' title='bbox 3268 1681 3477 1737; x_wconf 85' lang='lat' dir='ltr'><strong>quoque</strong></span> <span class='ocrx_word' id='word_1_577' title='bbox 3498 1682 3667 1738; x_wconf 81' lang='lat' dir='ltr'><strong>parva</strong></span> <span class='ocrx_word' id='word_1_578' title='bbox 3691 1669 3885 1734; x_wconf 78' lang='lat' dir='ltr'><strong>virtus,</strong></span> 
     </span>
    </p>
   </div>
   <div class='ocr_carea' id='block_1_76' title="bbox 2292 1752 3888 1830">
    <p class='ocr_par' dir='ltr' id='par_1_76' title="bbox 2292 1752 3888 1830">
     <span class='ocr_line' id='line_1_76' title="bbox 2292 1752 3888 1830; baseline 0.005 -23"><span class='ocrx_word' id='word_1_579' title='bbox 2292 1766 2453 1822; x_wconf 87' lang='lat' dir='ltr'><strong>posse</strong></span> <span class='ocrx_word' id='word_1_580' title='bbox 2478 1752 2734 1822; x_wconf 89' lang='lat' dir='ltr'><strong>templum</strong></span> <span class='ocrx_word' id='word_1_581' title='bbox 2772 1753 3061 1811; x_wconf 80' lang='lat' dir='ltr'><strong>ascendere</strong></span> <span class='ocrx_word' id='word_1_582' title='bbox 3077 1795 3094 1822; x_wconf 91' lang='lat'><strong>,</strong></span> <span class='ocrx_word' id='word_1_583' title='bbox 3117 1763 3172 1810; x_wconf 91' lang='lat' dir='ltr'><strong>et</strong></span> <span class='ocrx_word' id='word_1_584' title='bbox 3198 1756 3576 1814; x_wconf 84' lang='lat' dir='ltr'><strong>ascendentem</strong></span> <span class='ocrx_word' id='word_1_585' title='bbox 3600 1771 3888 1830; x_wconf 76' lang='lat' dir='ltr'><strong>cumpura</strong></span> 
     </span>
    </p>
   </div>
   <div class='ocr_carea' id='block_1_77' title="bbox 2294 1841 3889 1919">
    <p class='ocr_par' dir='ltr' id='par_1_77' title="bbox 2294 1841 3889 1919">
     <span class='ocr_line' id='line_1_77' title="bbox 2294 1841 3889 1919; baseline 0.006 -23"><span class='ocrx_word' id='word_1_586' title='bbox 2294 1841 2519 1897; x_wconf 89' lang='lat' dir='ltr'><strong>adorare</strong></span> <span class='ocrx_word' id='word_1_587' title='bbox 2542 1842 2888 1898; x_wconf 82' lang='lat' dir='ltr'><strong>conscientia.</strong></span> <span class='ocrx_word' id='word_1_588' title='bbox 2908 1842 3024 1899; x_wconf 86' lang='lat' dir='ltr'><strong>Non</strong></span> <span class='ocrx_word' id='word_1_589' title='bbox 3047 1846 3188 1901; x_wconf 89' lang='lat' dir='ltr'><strong>enim</strong></span> <span class='ocrx_word' id='word_1_590' title='bbox 3212 1846 3431 1903; x_wconf 79' lang='lat' dir='ltr'><strong>ﬂectere</strong></span> <span class='ocrx_word' id='word_1_591' title='bbox 3452 1862 3650 1919; x_wconf 82' lang='lat' dir='ltr'><strong>genus,</strong></span> <span class='ocrx_word' id='word_1_592' title='bbox 3677 1863 3782 1905; x_wconf 84' lang='lat' dir='ltr'><strong>nec</strong></span> <span class='ocrx_word' id='word_1_593' title='bbox 3807 1850 3889 1905; x_wconf 89' lang='lat' dir='ltr'><strong>in-</strong></span> 
     </span>
    </p>
   </div>
   <div class='ocr_carea' id='block_1_78' title="bbox 2293 1931 3887 2004">
    <p class='ocr_par' dir='ltr' id='par_1_78' title="bbox 2293 1931 3887 2004">
     <span class='ocr_line' id='line_1_78' title="bbox 2293 1931 3887 2004; baseline 0.007 -19"><span class='ocrx_word' id='word_1_594' title='bbox 2293 1931 2480 2003; x_wconf 86' lang='lat' dir='ltr'><strong>gredi,</strong></span> <span class='ocrx_word' id='word_1_595' title='bbox 2506 1940 2591 1989; x_wconf 83' lang='lat' dir='ltr'><strong>est</strong></span> <span class='ocrx_word' id='word_1_596' title='bbox 2618 1931 2673 1987; x_wconf 91' lang='lat' dir='ltr'><strong>id</strong></span> <span class='ocrx_word' id='word_1_597' title='bbox 2699 1932 2840 2003; x_wconf 89' lang='lat' dir='ltr'><strong>quod</strong></span> <span class='ocrx_word' id='word_1_598' title='bbox 2862 1933 3151 2004; x_wconf 76' lang='lat' dir='ltr'><strong>quteritur,</strong></span> <span class='ocrx_word' id='word_1_599' title='bbox 3177 1936 3273 1991; x_wconf 87' lang='lat' dir='ltr'><strong>sed</strong></span> <span class='ocrx_word' id='word_1_600' title='bbox 3308 1951 3432 1993; x_wconf 87' lang='lat' dir='ltr'><strong>cum</strong></span> <span class='ocrx_word' id='word_1_601' title='bbox 3470 1938 3583 1995; x_wconf 91' lang='lat' dir='ltr'><strong>acri</strong></span> <span class='ocrx_word' id='word_1_602' title='bbox 3620 1947 3807 1995; x_wconf 80' lang='lat' dir='ltr'><strong>ments</strong></span> <span class='ocrx_word' id='word_1_603' title='bbox 3833 1951 3887 1996; x_wconf 89' lang='lat' dir='ltr'><strong>et</strong></span> 
     </span>
    </p>
   </div>
   <div class='ocr_carea' id='block_1_79' title="bbox 2293 2020 3882 2094">
    <p class='ocr_par' dir='ltr' id='par_1_79' title="bbox 2293 2020 3882 2094">
     <span class='ocr_line' id='line_1_79' title="bbox 2293 2020 3882 2094; baseline 0.007 -19"><span class='ocrx_word' id='word_1_604' title='bbox 2293 2020 2499 2077; x_wconf 87' lang='lat' dir='ltr'><strong>intento</strong></span> <span class='ocrx_word' id='word_1_605' title='bbox 2524 2023 2706 2078; x_wconf 86' lang='lat' dir='ltr'><strong>animo</strong></span> <span class='ocrx_word' id='word_1_606' title='bbox 2725 2064 2741 2090; x_wconf 93' lang='lat'><strong>,</strong></span> <span class='ocrx_word' id='word_1_607' title='bbox 2768 2037 2874 2079; x_wconf 90' lang='lat' dir='ltr'><strong>non</strong></span> <span class='ocrx_word' id='word_1_608' title='bbox 2899 2038 3124 2094; x_wconf 88' lang='lat' dir='ltr'><strong>corpore</strong></span> <span class='ocrx_word' id='word_1_609' title='bbox 3149 2025 3323 2082; x_wconf 89' lang='lat' dir='ltr'><strong>solum</strong></span> <span class='ocrx_word' id='word_1_610' title='bbox 3344 2067 3360 2094; x_wconf 93' lang='lat'><strong>,</strong></span> <span class='ocrx_word' id='word_1_611' title='bbox 3392 2026 3488 2083; x_wconf 88' lang='lat' dir='ltr'><strong>sed</strong></span> <span class='ocrx_word' id='word_1_612' title='bbox 3515 2036 3700 2085; x_wconf 87' lang='lat' dir='ltr'><strong>mente</strong></span> <span class='ocrx_word' id='word_1_613' title='bbox 3721 2030 3882 2086; x_wconf 84' lang='lat' dir='ltr'><strong>etiam</strong></span> 
     </span>
    </p>
   </div>
   <div class='ocr_carea' id='block_1_80' title="bbox 2294 2110 3883 2191">
    <p class='ocr_par' dir='ltr' id='par_1_80' title="bbox 2294 2110 3883 2191">
     <span class='ocr_line' id='line_1_80' title="bbox 2294 2110 3883 2191; baseline 0.008 -26"><span class='ocrx_word' id='word_1_614' title='bbox 2294 2110 2441 2167; x_wconf 89' lang='lat' dir='ltr'><strong>intus</strong></span> <span class='ocrx_word' id='word_1_615' title='bbox 2473 2125 2595 2168; x_wconf 88' lang='lat' dir='ltr'><strong>esse</strong></span> <span class='ocrx_word' id='word_1_616' title='bbox 2622 2129 2637 2168; x_wconf 91' lang='lat'><strong>:</strong></span> <span class='ocrx_word' id='word_1_617' title='bbox 2662 2112 3109 2183; x_wconf 89' lang='lat' dir='ltr'><strong>quemadmodum</strong></span> <span class='ocrx_word' id='word_1_618' title='bbox 3147 2130 3249 2172; x_wconf 89' lang='lat' dir='ltr'><strong>nec</strong></span> <span class='ocrx_word' id='word_1_619' title='bbox 3289 2132 3452 2187; x_wconf 88' lang='lat' dir='ltr'><strong>parva</strong></span> <span class='ocrx_word' id='word_1_620' title='bbox 3491 2126 3576 2174; x_wconf 89' lang='lat' dir='ltr'><strong>est</strong></span> <span class='ocrx_word' id='word_1_621' title='bbox 3611 2118 3883 2191; x_wconf 84' lang='lat' dir='ltr'><strong>dignitas.</strong></span> 
     </span>
    </p>
   </div>
   <div class='ocr_carea' id='block_1_81' title="bbox 2292 2196 3887 2281">
    <p class='ocr_par' dir='ltr' id='par_1_81' title="bbox 2292 2196 3887 2281">
     <span class='ocr_line' id='line_1_81' title="bbox 2292 2196 3887 2281; baseline 0.006 -26"><span class='ocrx_word' id='word_1_622' title='bbox 2292 2196 2661 2258; x_wconf 73' lang='lat' dir='ltr'><strong>universorum</strong></span> <span class='ocrx_word' id='word_1_623' title='bbox 2688 2202 2855 2259; x_wconf 88' lang='lat' dir='ltr'><strong>Deum</strong></span> <span class='ocrx_word' id='word_1_624' title='bbox 2876 2213 2931 2259; x_wconf 89' lang='lat' dir='ltr'><strong>ut</strong></span> <span class='ocrx_word' id='word_1_625' title='bbox 2951 2203 3108 2261; x_wconf 90' lang='lat' dir='ltr'><strong>decet</strong></span> <span class='ocrx_word' id='word_1_626' title='bbox 3128 2206 3378 2264; x_wconf 87' lang='lat' dir='ltr'><strong>adorare.</strong></span> <span class='ocrx_word' id='word_1_627' title='bbox 3404 2207 3462 2263; x_wconf 89' lang='lat' dir='ltr'><strong>Si</strong></span> <span class='ocrx_word' id='word_1_628' title='bbox 3487 2208 3629 2264; x_wconf 87' lang='lat' dir='ltr'><strong>enim</strong></span> <span class='ocrx_word' id='word_1_629' title='bbox 3660 2210 3716 2266; x_wconf 88' lang='lat' dir='ltr'><strong>in</strong></span> <span class='ocrx_word' id='word_1_630' title='bbox 3744 2214 3887 2281; x_wconf 83' lang='lat' dir='ltr'><strong>regl-</strong></span> 
     </span>
    </p>
   </div>
   <div class='ocr_carea' id='block_1_82' title="bbox 2293 2291 3889 2369">
    <p class='ocr_par' dir='ltr' id='par_1_82' title="bbox 2293 2291 3889 2369">
     <span class='ocr_line' id='line_1_82' title="bbox 2293 2291 3889 2369; baseline 0.006 -23"><span class='ocrx_word' id='word_1_631' title='bbox 2293 2291 2395 2347; x_wconf 87' lang='lat' dir='ltr'><strong>bus</strong></span> <span class='ocrx_word' id='word_1_632' title='bbox 2424 2291 2526 2347; x_wconf 85' lang='lat' dir='ltr'><strong>hoc</strong></span> <span class='ocrx_word' id='word_1_633' title='bbox 2552 2307 2650 2363; x_wconf 88' lang='lat' dir='ltr'><strong>pro</strong></span> <span class='ocrx_word' id='word_1_634' title='bbox 2678 2292 2879 2350; x_wconf 84' lang='lat' dir='ltr'><strong>honore</strong></span> <span class='ocrx_word' id='word_1_635' title='bbox 2902 2293 3134 2361; x_wconf 87' lang='lat' dir='ltr'><strong>ducitur,</strong></span> <span class='ocrx_word' id='word_1_636' title='bbox 3160 2298 3335 2352; x_wconf 90' lang='lat' dir='ltr'><strong>multo</strong></span> <span class='ocrx_word' id='word_1_637' title='bbox 3358 2298 3525 2369; x_wconf 85' lang='lat' dir='ltr'><strong>magis</strong></span> <span class='ocrx_word' id='word_1_638' title='bbox 3546 2299 3601 2353; x_wconf 91' lang='lat' dir='ltr'><strong>in</strong></span> <span class='ocrx_word' id='word_1_639' title='bbox 3630 2299 3744 2355; x_wconf 89' lang='lat' dir='ltr'><strong>Deo</strong></span> <span class='ocrx_word' id='word_1_640' title='bbox 3768 2302 3889 2356; x_wconf 52' lang='lat' dir='ltr'><strong>nni.</strong></span> 
     </span>
    </p>
   </div>
   <div class='ocr_carea' id='block_1_83' title="bbox 2296 2382 3889 2459">
    <p class='ocr_par' dir='ltr' id='par_1_83' title="bbox 2296 2382 3889 2459">
     <span class='ocr_line' id='line_1_83' title="bbox 2296 2382 3889 2459; baseline 0.004 -21"><span class='ocrx_word' id='word_1_641' title='bbox 2296 2396 2593 2439; x_wconf 83' lang='lat' dir='ltr'><strong>versurum.</strong></span> <span class='ocrx_word' id='word_1_642' title='bbox 2620 2382 2689 2438; x_wconf 85' lang='lat' dir='ltr'><strong>Et</strong></span> <span class='ocrx_word' id='word_1_643' title='bbox 2714 2385 2986 2457; x_wconf 74' lang='lat' dir='ltr'><strong>conﬁtebor</strong></span> <span class='ocrx_word' id='word_1_644' title='bbox 3012 2386 3205 2441; x_wconf 82' lang='lat' dir='ltr'><strong>nomini</strong></span> <span class='ocrx_word' id='word_1_645' title='bbox 3233 2397 3320 2442; x_wconf 88' lang='lat' dir='ltr'><strong>tuo</strong></span> <span class='ocrx_word' id='word_1_646' title='bbox 3350 2404 3502 2459; x_wconf 84' lang='lat' dir='ltr'><strong>super</strong></span> <span class='ocrx_word' id='word_1_647' title='bbox 3534 2390 3889 2445; x_wconf 76' lang='lat' dir='ltr'><strong>misericordia</strong></span> 
     </span>
    </p>
   </div>
   <div class='ocr_carea' id='block_1_84' title="bbox 2297 2462 3889 2551">
    <p class='ocr_par' dir='ltr' id='par_1_84' title="bbox 2297 2462 3889 2551">
     <span class='ocr_line' id='line_1_84' title="bbox 2297 2462 3889 2551; baseline 0.006 -23"><span class='ocrx_word' id='word_1_648' title='bbox 2297 2482 2384 2528; x_wconf 86' lang='lat' dir='ltr'><strong>tua</strong></span> <span class='ocrx_word' id='word_1_649' title='bbox 2421 2484 2470 2529; x_wconf 83' lang='lat' dir='ltr'><strong>et</strong></span> <span class='ocrx_word' id='word_1_650' title='bbox 2506 2476 2709 2529; x_wconf 77' lang='lat' dir='ltr'><strong>veritate</strong></span> <span class='ocrx_word' id='word_1_651' title='bbox 2742 2482 2850 2531; x_wconf 88' lang='lat' dir='ltr'><strong>tua.</strong></span> <span class='ocrx_word' id='word_1_652' title='bbox 2870 2462 3017 2543; x_wconf 82' lang='lat' dir='ltr'><strong>&#39;Quid</strong></span> <span class='ocrx_word' id='word_1_653' title='bbox 3044 2475 3147 2533; x_wconf 83' lang='lat' dir='ltr'><strong>hoc</strong></span> <span class='ocrx_word' id='word_1_654' title='bbox 3183 2478 3301 2533; x_wconf 76' lang='lat' dir='ltr'><strong>est?</strong></span> <span class='ocrx_word' id='word_1_655' title='bbox 3328 2478 3493 2549; x_wconf 84' lang='lat' dir='ltr'><strong>Agam</strong></span> <span class='ocrx_word' id='word_1_656' title='bbox 3514 2521 3529 2545; x_wconf 88' lang='lat'><strong>,</strong></span> <span class='ocrx_word' id='word_1_657' title='bbox 3556 2480 3764 2551; x_wconf 81' lang='lat' dir='ltr'><strong>inquit,</strong></span> <span class='ocrx_word' id='word_1_658' title='bbox 3791 2482 3889 2537; x_wconf 84' lang='lat' dir='ltr'><strong>tibi</strong></span> 
     </span>
    </p>
   </div>
   <div class='ocr_carea' id='block_1_85' title="bbox 2294 2564 3886 2635">
    <p class='ocr_par' dir='ltr' id='par_1_85' title="bbox 2294 2564 3886 2635">
     <span class='ocr_line' id='line_1_85' title="bbox 2294 2564 3886 2635; baseline 0.008 -19"><span class='ocrx_word' id='word_1_659' title='bbox 2294 2564 2529 2633; x_wconf 86' lang='lat' dir='ltr'><strong>gratias,</strong></span> <span class='ocrx_word' id='word_1_660' title='bbox 2564 2564 2707 2635; x_wconf 92' lang='lat' dir='ltr'><strong>quod</strong></span> <span class='ocrx_word' id='word_1_661' title='bbox 2750 2580 2995 2635; x_wconf 88' lang='lat' dir='ltr'><strong>magnam</strong></span> <span class='ocrx_word' id='word_1_662' title='bbox 3043 2576 3185 2622; x_wconf 87' lang='lat' dir='ltr'><strong>tuam</strong></span> <span class='ocrx_word' id='word_1_663' title='bbox 3234 2568 3339 2623; x_wconf 90' lang='lat' dir='ltr'><strong>mei</strong></span> <span class='ocrx_word' id='word_1_664' title='bbox 3374 2582 3557 2625; x_wconf 87' lang='lat' dir='ltr'><strong>curam</strong></span> <span class='ocrx_word' id='word_1_665' title='bbox 3595 2572 3886 2628; x_wconf 79' lang='lat' dir='ltr'><strong>settserim.</strong></span> 
     </span>
    </p>
   </div>
   <div class='ocr_carea' id='block_1_86' title="bbox 2295 2652 3888 2730">
    <p class='ocr_par' dir='ltr' id='par_1_86' title="bbox 2295 2652 3888 2730">
     <span class='ocr_line' id='line_1_86' title="bbox 2295 2652 3888 2730; baseline 0.006 -23"><span class='ocrx_word' id='word_1_666' title='bbox 2295 2652 2411 2708; x_wconf 83' lang='lat' dir='ltr'><strong>Non</strong></span> <span class='ocrx_word' id='word_1_667' title='bbox 2440 2654 2582 2709; x_wconf 82' lang='lat' dir='ltr'><strong>enim</strong></span> <span class='ocrx_word' id='word_1_668' title='bbox 2606 2669 2672 2710; x_wconf 81' lang='lat' dir='ltr'><strong>ex</strong></span> <span class='ocrx_word' id='word_1_669' title='bbox 2702 2656 2932 2725; x_wconf 86' lang='lat' dir='ltr'><strong>propriis</strong></span> <span class='ocrx_word' id='word_1_670' title='bbox 2957 2666 3105 2713; x_wconf 89' lang='lat' dir='ltr'><strong>recte</strong></span> <span class='ocrx_word' id='word_1_671' title='bbox 3140 2658 3293 2714; x_wconf 85' lang='lat' dir='ltr'><strong>factis</strong></span> <span class='ocrx_word' id='word_1_672' title='bbox 3330 2671 3691 2730; x_wconf 86' lang='lat' dir='ltr'><strong>consequutus</strong></span> <span class='ocrx_word' id='word_1_673' title='bbox 3727 2676 3848 2717; x_wconf 88' lang='lat' dir='ltr'><strong>sum</strong></span> <span class='ocrx_word' id='word_1_674' title='bbox 3868 2702 3888 2729; x_wconf 89' lang='lat'><strong>,</strong></span> 
     </span>
    </p>
   </div>
   <div class='ocr_carea' id='block_1_87' title="bbox 2298 2744 3884 2819">
    <p class='ocr_par' dir='ltr' id='par_1_87' title="bbox 2298 2744 3884 2819">
     <span class='ocr_line' id='line_1_87' title="bbox 2298 2744 3884 2819; baseline 0.005 -20"><span class='ocrx_word' id='word_1_675' title='bbox 2298 2751 2356 2799; x_wconf 91' lang='lat' dir='ltr'><strong>ut</strong></span> <span class='ocrx_word' id='word_1_676' title='bbox 2380 2744 2601 2813; x_wconf 85' lang='lat' dir='ltr'><strong>patriam</strong></span> <span class='ocrx_word' id='word_1_677' title='bbox 2632 2745 2949 2815; x_wconf 88' lang='lat' dir='ltr'><strong>reciperem,</strong></span> <span class='ocrx_word' id='word_1_678' title='bbox 2979 2755 3037 2802; x_wconf 92' lang='lat' dir='ltr'><strong>et</strong></span> <span class='ocrx_word' id='word_1_679' title='bbox 3062 2749 3314 2817; x_wconf 87' lang='lat' dir='ltr'><strong>templum</strong></span> <span class='ocrx_word' id='word_1_680' title='bbox 3338 2752 3654 2819; x_wconf 87' lang='lat' dir='ltr'><strong>aspicerem,</strong></span> <span class='ocrx_word' id='word_1_681' title='bbox 3688 2752 3786 2807; x_wconf 88' lang='lat' dir='ltr'><strong>sed</strong></span> <span class='ocrx_word' id='word_1_682' title='bbox 3816 2768 3884 2807; x_wconf 79' lang='lat' dir='ltr'><strong>ea</strong></span> 
     </span>
    </p>
   </div>
   <div class='ocr_carea' id='block_1_88' title="bbox 2296 2834 3889 2908">
    <p class='ocr_par' dir='ltr' id='par_1_88' title="bbox 2296 2834 3889 2908">
     <span class='ocr_line' id='line_1_88' title="bbox 2296 2834 3889 2908; baseline 0.006 -21"><span class='ocrx_word' id='word_1_683' title='bbox 2296 2834 2659 2889; x_wconf 89' lang='lat' dir='ltr'><strong>misericordia</strong></span> <span class='ocrx_word' id='word_1_684' title='bbox 2688 2844 2741 2889; x_wconf 89' lang='lat' dir='ltr'><strong>et</strong></span> <span class='ocrx_word' id='word_1_685' title='bbox 2768 2836 3049 2891; x_wconf 90' lang='lat' dir='ltr'><strong>clementia</strong></span> <span class='ocrx_word' id='word_1_686' title='bbox 3080 2845 3190 2892; x_wconf 89' lang='lat' dir='ltr'><strong>tua.</strong></span> <span class='ocrx_word' id='word_1_687' title='bbox 3223 2838 3447 2908; x_wconf 88' lang='lat' dir='ltr'><strong>Propter</strong></span> <span class='ocrx_word' id='word_1_688' title='bbox 3474 2840 3590 2896; x_wconf 69' lang='lat' dir='ltr'><strong>haec</strong></span> <span class='ocrx_word' id='word_1_689' title='bbox 3618 2852 3671 2896; x_wconf 88' lang='lat' dir='ltr'><strong>te</strong></span> <span class='ocrx_word' id='word_1_690' title='bbox 3696 2840 3889 2897; x_wconf 73' lang='lat' dir='ltr'><strong>adora~</strong></span> 
     </span>
    </p>
   </div>
   <div class='ocr_carea' id='block_1_89' title="bbox 2299 2923 3891 3001">
    <p class='ocr_par' dir='ltr' id='par_1_89' title="bbox 2299 2923 3891 3001">
     <span class='ocr_line' id='line_1_89' title="bbox 2299 2923 3891 3001; baseline 0.007 -24"><span class='ocrx_word' id='word_1_691' title='bbox 2299 2924 2368 2978; x_wconf 90' lang='lat' dir='ltr'><strong>bo</strong></span> <span class='ocrx_word' id='word_1_692' title='bbox 2390 2964 2406 2991; x_wconf 95' lang='lat'><strong>,</strong></span> <span class='ocrx_word' id='word_1_693' title='bbox 2435 2933 2652 2994; x_wconf 88' lang='lat' dir='ltr'><strong>propter</strong></span> <span class='ocrx_word' id='word_1_694' title='bbox 2669 2923 2795 2981; x_wconf 71' lang='lat' dir='ltr'><strong>.btec</strong></span> <span class='ocrx_word' id='word_1_695' title='bbox 2821 2926 2915 2981; x_wconf 88' lang='lat' dir='ltr'><strong>tibi</strong></span> <span class='ocrx_word' id='word_1_696' title='bbox 2941 2928 3261 2993; x_wconf 86' lang='lat' dir='ltr'><strong>conﬁtebor,</strong></span> <span class='ocrx_word' id='word_1_697' title='bbox 3291 2930 3435 2999; x_wconf 88' lang='lat' dir='ltr'><strong>quod</strong></span> <span class='ocrx_word' id='word_1_698' title='bbox 3471 2945 3593 2986; x_wconf 87' lang='lat' dir='ltr'><strong>cum</strong></span> <span class='ocrx_word' id='word_1_699' title='bbox 3634 2946 3796 3001; x_wconf 64' lang='lat' dir='ltr'><strong>pinna</strong></span> <span class='ocrx_word' id='word_1_700' title='bbox 3834 2944 3891 2988; x_wconf 89' lang='lat' dir='ltr'><strong>et</strong></span> 
     </span>
    </p>
   </div>
   <div class='ocr_carea' id='block_1_90' title="bbox 2298 3016 3889 3093">
    <p class='ocr_par' dir='ltr' id='par_1_90' title="bbox 2298 3016 3889 3093">
     <span class='ocr_line' id='line_1_90' title="bbox 2298 3016 3889 3093; baseline 0.005 -23"><span class='ocrx_word' id='word_1_701' title='bbox 2298 3016 2558 3084; x_wconf 89' lang='lat' dir='ltr'><strong>supplicio</strong></span> <span class='ocrx_word' id='word_1_702' title='bbox 2581 3016 2771 3087; x_wconf 87' lang='lat' dir='ltr'><strong>dignus</strong></span> <span class='ocrx_word' id='word_1_703' title='bbox 2795 3032 2991 3085; x_wconf 87' lang='lat' dir='ltr'><strong>essem,</strong></span> <span class='ocrx_word' id='word_1_704' title='bbox 3013 3026 3151 3074; x_wconf 82' lang='lat' dir='ltr'><strong>etut</strong></span> <span class='ocrx_word' id='word_1_705' title='bbox 3176 3020 3229 3074; x_wconf 93' lang='lat' dir='ltr'><strong>in</strong></span> <span class='ocrx_word' id='word_1_706' title='bbox 3255 3021 3429 3075; x_wconf 87' lang='lat' dir='ltr'><strong>aliena</strong></span> <span class='ocrx_word' id='word_1_707' title='bbox 3455 3023 3671 3093; x_wconf 88' lang='lat' dir='ltr'><strong>regione</strong></span> <span class='ocrx_word' id='word_1_708' title='bbox 3696 3038 3889 3093; x_wconf 87' lang='lat' dir='ltr'><strong>perpe-</strong></span> 
     </span>
    </p>
   </div>
   <div class='ocr_carea' id='block_1_91' title="bbox 2298 3106 3893 3187">
    <p class='ocr_par' dir='ltr' id='par_1_91' title="bbox 2298 3106 3893 3187">
     <span class='ocr_line' id='line_1_91' title="bbox 2298 3106 3893 3187; baseline 0.006 -26"><span class='ocrx_word' id='word_1_709' title='bbox 2298 3115 2391 3161; x_wconf 91' lang='lat' dir='ltr'><strong>tuo</strong></span> <span class='ocrx_word' id='word_1_710' title='bbox 2417 3106 2689 3177; x_wconf 89' lang='lat' dir='ltr'><strong>degerem,</strong></span> <span class='ocrx_word' id='word_1_711' title='bbox 2718 3124 2806 3165; x_wconf 89' lang='lat' dir='ltr'><strong>me</strong></span> <span class='ocrx_word' id='word_1_712' title='bbox 2831 3110 2939 3165; x_wconf 90' lang='lat' dir='ltr'><strong>cito</strong></span> <span class='ocrx_word' id='word_1_713' title='bbox 2962 3111 3243 3168; x_wconf 77' lang='lat' dir='ltr'><strong>reduxisti.</strong></span> <span class='ocrx_word' id='word_1_714' title='bbox 3269 3112 3519 3181; x_wconf 83' lang='lat' dir='ltr'><strong>Quoniam</strong></span> <span class='ocrx_word' id='word_1_715' title='bbox 3545 3116 3893 3187; x_wconf 68' lang='lat' dir='ltr'><strong>magni/irasci</strong></span> 
     </span>
    </p>
   </div>
   <div class='ocr_carea' id='block_1_92' title="bbox 2295 3205 3890 3278">
    <p class='ocr_par' dir='ltr' id='par_1_92' title="bbox 2295 3205 3890 3278">
     <span class='ocr_line' id='line_1_92' title="bbox 2295 3205 3890 3278; baseline 0.008 -26"><span class='ocrx_word' id='word_1_716' title='bbox 2295 3214 2450 3268; x_wconf 86' lang='lat' dir='ltr'><strong>super</strong></span> <span class='ocrx_word' id='word_1_717' title='bbox 2476 3214 2621 3254; x_wconf 84' lang='lat' dir='ltr'><strong>omne</strong></span> <span class='ocrx_word' id='word_1_718' title='bbox 2642 3216 2823 3255; x_wconf 78' lang='lat' dir='ltr'><strong>nomen</strong></span> <span class='ocrx_word' id='word_1_719' title='bbox 2846 3212 3074 3256; x_wconf 86' lang='lat' dir='ltr'><strong>sanctum</strong></span> <span class='ocrx_word' id='word_1_720' title='bbox 3094 3212 3255 3258; x_wconf 81' lang='lat' dir='ltr'><strong>tuum.</strong></span> <span class='ocrx_word' id='word_1_721' title='bbox 3281 3205 3432 3272; x_wconf 92' lang='lat' dir='ltr'><strong>Quod</strong></span> <span class='ocrx_word' id='word_1_722' title='bbox 3453 3206 3602 3273; x_wconf 88' lang='lat' dir='ltr'><strong>dicit,</strong></span> <span class='ocrx_word' id='word_1_723' title='bbox 3629 3217 3713 3264; x_wconf 87' lang='lat' dir='ltr'><strong>est</strong></span> <span class='ocrx_word' id='word_1_724' title='bbox 3740 3208 3890 3278; x_wconf 84' lang='lat' dir='ltr'><strong>ejus-</strong></span> 
     </span>
    </p>
   </div>
   <div class='ocr_carea' id='block_1_93' title="bbox 2298 3290 3892 3371">
    <p class='ocr_par' dir='ltr' id='par_1_93' title="bbox 2298 3290 3892 3371">
     <span class='ocr_line' id='line_1_93' title="bbox 2298 3290 3892 3371; baseline 0.009 -26"><span class='ocrx_word' id='word_1_725' title='bbox 2298 3291 2442 3347; x_wconf 91' lang='lat' dir='ltr'><strong>modi</strong></span> <span class='ocrx_word' id='word_1_726' title='bbox 2474 3308 2488 3345; x_wconf 90' lang='lat'>:</span> <span class='ocrx_word' id='word_1_727' title='bbox 2520 3290 2637 3347; x_wconf 82' lang='lat' dir='ltr'><strong>Non</strong></span> <span class='ocrx_word' id='word_1_728' title='bbox 2675 3306 2826 3362; x_wconf 84' lang='lat' dir='ltr'><strong>agam</strong></span> <span class='ocrx_word' id='word_1_729' title='bbox 2869 3294 3011 3349; x_wconf 87' lang='lat' dir='ltr'><strong>enim</strong></span> <span class='ocrx_word' id='word_1_730' title='bbox 3052 3296 3390 3353; x_wconf 87' lang='lat' dir='ltr'><strong>solummodo</strong></span> <span class='ocrx_word' id='word_1_731' title='bbox 3425 3299 3625 3368; x_wconf 82' lang='lat' dir='ltr'><strong>gratias</strong></span> <span class='ocrx_word' id='word_1_732' title='bbox 3666 3309 3892 3371; x_wconf 84' lang='lat' dir='ltr'><strong>propter</strong></span> 
     </span>
    </p>
   </div>
   <div class='ocr_carea' id='block_1_94' title="bbox 2298 3379 3889 3458">
    <p class='ocr_par' dir='ltr' id='par_1_94' title="bbox 2298 3379 3889 3458">
     <span class='ocr_line' id='line_1_94' title="bbox 2298 3379 3889 3458; baseline 0.008 -22"><span class='ocrx_word' id='word_1_733' title='bbox 2298 3379 2558 3436; x_wconf 88' lang='lat' dir='ltr'><strong>beneﬁcia</strong></span> <span class='ocrx_word' id='word_1_734' title='bbox 2581 3421 2599 3447; x_wconf 87' lang='lat'><strong>,</strong></span> <span class='ocrx_word' id='word_1_735' title='bbox 2627 3380 2722 3436; x_wconf 87' lang='lat' dir='ltr'><strong>sed</strong></span> <span class='ocrx_word' id='word_1_736' title='bbox 2748 3383 2907 3438; x_wconf 84' lang='lat' dir='ltr'><strong>etiam</strong></span> <span class='ocrx_word' id='word_1_737' title='bbox 2938 3393 3155 3455; x_wconf 84' lang='lat' dir='ltr'><strong>prepter</strong></span> <span class='ocrx_word' id='word_1_738' title='bbox 3192 3387 3360 3456; x_wconf 85' lang='lat' dir='ltr'><strong>ipsam</strong></span> <span class='ocrx_word' id='word_1_739' title='bbox 3388 3387 3611 3458; x_wconf 81' lang='lat' dir='ltr'><strong>gloriam</strong></span> <span class='ocrx_word' id='word_1_740' title='bbox 3638 3389 3889 3447; x_wconf 74' lang='lat' dir='ltr'><strong>ineﬁ‘abi-</strong></span> 
     </span>
    </p>
   </div>
   <div class='ocr_carea' id='block_1_95' title="bbox 2300 3471 3891 3545">
    <p class='ocr_par' dir='ltr' id='par_1_95' title="bbox 2300 3471 3891 3545">
     <span class='ocr_line' id='line_1_95' title="bbox 2300 3471 3891 3545; baseline 0.007 -18"><span class='ocrx_word' id='word_1_741' title='bbox 2300 3471 2429 3538; x_wconf 90' lang='lat' dir='ltr'><strong>Iem,</strong></span> <span class='ocrx_word' id='word_1_742' title='bbox 2457 3479 2513 3528; x_wconf 91' lang='lat' dir='ltr'><strong>et</strong></span> <span class='ocrx_word' id='word_1_743' title='bbox 2536 3472 2795 3527; x_wconf 88' lang='lat' dir='ltr'><strong>inﬁnitam</strong></span> <span class='ocrx_word' id='word_1_744' title='bbox 2820 3473 3287 3545; x_wconf 88' lang='lat' dir='ltr'><strong>magniﬁcentiam,</strong></span> <span class='ocrx_word' id='word_1_745' title='bbox 3315 3486 3372 3533; x_wconf 91' lang='lat' dir='ltr'><strong>et</strong></span> <span class='ocrx_word' id='word_1_746' title='bbox 3395 3486 3636 3534; x_wconf 89' lang='lat' dir='ltr'><strong>naturam</strong></span> <span class='ocrx_word' id='word_1_747' title='bbox 3666 3472 3891 3537; x_wconf 76' lang='lat' dir='ltr'><strong>inenar-</strong></span> 
     </span>
    </p>
   </div>
   <div class='ocr_carea' id='block_1_96' title="bbox 2300 3562 3893 3641">
    <p class='ocr_par' dir='ltr' id='par_1_96' title="bbox 2300 3562 3893 3641">
     <span class='ocr_line' id='line_1_96' title="bbox 2300 3562 3893 3641; baseline 0.008 -24"><span class='ocrx_word' id='word_1_748' title='bbox 2300 3562 2545 3618; x_wconf 88' lang='lat' dir='ltr'><strong>rabilem.</strong></span> <span class='ocrx_word' id='word_1_749' title='bbox 2574 3562 2911 3635; x_wconf 72' lang='lat' dir='ltr'><strong>Hagni/ieasti</strong></span> <span class='ocrx_word' id='word_1_750' title='bbox 2945 3568 3106 3633; x_wconf 89' lang='lat' dir='ltr'><strong>enim,</strong></span> <span class='ocrx_word' id='word_1_751' title='bbox 3136 3568 3323 3639; x_wconf 85' lang='lat' dir='ltr'><strong>inquit,</strong></span> <span class='ocrx_word' id='word_1_752' title='bbox 3356 3586 3506 3641; x_wconf 86' lang='lat' dir='ltr'><strong>super</strong></span> <span class='ocrx_word' id='word_1_753' title='bbox 3534 3588 3683 3627; x_wconf 66' lang='lat' dir='ltr'><strong>omne</strong></span> <span class='ocrx_word' id='word_1_754' title='bbox 3706 3589 3893 3629; x_wconf 67' lang='lat' dir='ltr'><strong>nomen</strong></span> 
     </span>
    </p>
   </div>
   <div class='ocr_carea' id='block_1_97' title="bbox 2301 3654 3891 3732">
    <p class='ocr_par' dir='ltr' id='par_1_97' title="bbox 2301 3654 3891 3732">
     <span class='ocr_line' id='line_1_97' title="bbox 2301 3654 3891 3732; baseline 0.01 -27"><span class='ocrx_word' id='word_1_755' title='bbox 2301 3661 2532 3706; x_wconf 78' lang='lat' dir='ltr'><strong>sanctum</strong></span> <span class='ocrx_word' id='word_1_756' title='bbox 2558 3663 2746 3709; x_wconf 65' lang='lat' dir='ltr'><strong>tuum:</strong></span> <span class='ocrx_word' id='word_1_757' title='bbox 2772 3654 2876 3713; x_wconf 87' lang='lat' dir='ltr'><strong>hoc</strong></span> <span class='ocrx_word' id='word_1_758' title='bbox 2908 3668 3012 3723; x_wconf 86' lang='lat' dir='ltr'><strong>est,</strong></span> <span class='ocrx_word' id='word_1_759' title='bbox 3043 3671 3140 3729; x_wconf 84' lang='lat' dir='ltr'><strong>per</strong></span> <span class='ocrx_word' id='word_1_760' title='bbox 3166 3658 3445 3727; x_wconf 82' lang='lat' dir='ltr'><strong>beneﬁcia,</strong></span> <span class='ocrx_word' id='word_1_761' title='bbox 3477 3676 3574 3732; x_wconf 85' lang='lat' dir='ltr'><strong>per</strong></span> <span class='ocrx_word' id='word_1_762' title='bbox 3596 3663 3891 3732; x_wconf 81' lang='lat' dir='ltr'><strong>elementa,</strong></span> 
     </span>
    </p>
   </div>
   <div class='ocr_carea' id='block_1_98' title="bbox 2302 3746 3892 3822">
    <p class='ocr_par' dir='ltr' id='par_1_98' title="bbox 2302 3746 3892 3822">
     <span class='ocr_line' id='line_1_98' title="bbox 2302 3746 3892 3822; baseline 0.008 -24"><span class='ocrx_word' id='word_1_763' title='bbox 2302 3757 2400 3814; x_wconf 87' lang='lat' dir='ltr'><strong>per</strong></span> <span class='ocrx_word' id='word_1_764' title='bbox 2423 3757 2487 3799; x_wconf 89' lang='lat' dir='ltr'><strong>ea</strong></span> <span class='ocrx_word' id='word_1_765' title='bbox 2512 3759 2629 3814; x_wconf 68' lang='lat' dir='ltr'><strong>quae</strong></span> <span class='ocrx_word' id='word_1_766' title='bbox 2653 3753 2780 3800; x_wconf 90' lang='lat' dir='ltr'><strong>sunt</strong></span> <span class='ocrx_word' id='word_1_767' title='bbox 2814 3746 2868 3800; x_wconf 93' lang='lat' dir='ltr'><strong>in</strong></span> <span class='ocrx_word' id='word_1_768' title='bbox 2906 3747 3086 3812; x_wconf 76' lang='lat' dir='ltr'><strong>czelis,</strong></span> <span class='ocrx_word' id='word_1_769' title='bbox 3114 3763 3215 3818; x_wconf 89' lang='lat' dir='ltr'><strong>per</strong></span> <span class='ocrx_word' id='word_1_770' title='bbox 3236 3764 3299 3805; x_wconf 87' lang='lat' dir='ltr'><strong>ea</strong></span> <span class='ocrx_word' id='word_1_771' title='bbox 3328 3766 3448 3821; x_wconf 71' lang='lat' dir='ltr'><strong>quae</strong></span> <span class='ocrx_word' id='word_1_772' title='bbox 3472 3761 3597 3808; x_wconf 91' lang='lat' dir='ltr'><strong>sunt</strong></span> <span class='ocrx_word' id='word_1_773' title='bbox 3626 3753 3682 3808; x_wconf 91' lang='lat' dir='ltr'><strong>in</strong></span> <span class='ocrx_word' id='word_1_774' title='bbox 3710 3762 3853 3811; x_wconf 87' lang='lat' dir='ltr'><strong>terra</strong></span> <span class='ocrx_word' id='word_1_775' title='bbox 3874 3798 3892 3822; x_wconf 92' lang='lat'><strong>,</strong></span> 
     </span>
    </p>
   </div>
   <div class='ocr_carea' id='block_1_99' title="bbox 2305 3839 3894 3917">
    <p class='ocr_par' dir='ltr' id='par_1_99' title="bbox 2305 3839 3894 3917">
     <span class='ocr_line' id='line_1_99' title="bbox 2305 3839 3894 3917; baseline 0.009 -29"><span class='ocrx_word' id='word_1_776' title='bbox 2305 3850 2401 3905; x_wconf 88' lang='lat' dir='ltr'><strong>per</strong></span> <span class='ocrx_word' id='word_1_777' title='bbox 2427 3850 2645 3906; x_wconf 70' lang='lat' dir='ltr'><strong>pinnas,</strong></span> <span class='ocrx_word' id='word_1_778' title='bbox 2677 3851 2774 3907; x_wconf 90' lang='lat' dir='ltr'><strong>per</strong></span> <span class='ocrx_word' id='word_1_779' title='bbox 2800 3852 2864 3893; x_wconf 88' lang='lat' dir='ltr'><strong>ea</strong></span> <span class='ocrx_word' id='word_1_780' title='bbox 2891 3853 3009 3908; x_wconf 82' lang='lat' dir='ltr'><strong>quae</strong></span> <span class='ocrx_word' id='word_1_781' title='bbox 3040 3840 3171 3894; x_wconf 90' lang='lat' dir='ltr'><strong>ﬁunt</strong></span> <span class='ocrx_word' id='word_1_782' title='bbox 3203 3839 3259 3896; x_wconf 87' lang='lat' dir='ltr'><strong>in</strong></span> <span class='ocrx_word' id='word_1_783' title='bbox 3294 3841 3512 3909; x_wconf 87' lang='lat' dir='ltr'><strong>hostes,</strong></span> <span class='ocrx_word' id='word_1_784' title='bbox 3552 3858 3651 3914; x_wconf 88' lang='lat' dir='ltr'><strong>per</strong></span> <span class='ocrx_word' id='word_1_785' title='bbox 3676 3858 3741 3901; x_wconf 88' lang='lat' dir='ltr'><strong>ea</strong></span> <span class='ocrx_word' id='word_1_786' title='bbox 3768 3862 3894 3917; x_wconf 73' lang='lat' dir='ltr'><strong>qua:</strong></span> 
     </span>
    </p>
   </div>
   <div class='ocr_carea' id='block_1_100' title="bbox 2304 3924 3894 4003">
    <p class='ocr_par' dir='ltr' id='par_1_100' title="bbox 2304 3924 3894 4003">
     <span class='ocr_line' id='line_1_100' title="bbox 2304 3924 3894 4003; baseline 0.009 -25"><span class='ocrx_word' id='word_1_787' title='bbox 2304 3924 2438 3980; x_wconf 87' lang='lat' dir='ltr'><strong>ﬁunt</strong></span> <span class='ocrx_word' id='word_1_788' title='bbox 2475 3926 2528 3981; x_wconf 90' lang='lat' dir='ltr'><strong>in</strong></span> <span class='ocrx_word' id='word_1_789' title='bbox 2568 3925 2874 3983; x_wconf 81' lang='lat' dir='ltr'><strong>familiares.</strong></span> <span class='ocrx_word' id='word_1_790' title='bbox 2904 3926 3058 3983; x_wconf 83' lang='lat' dir='ltr'><strong>Nulla</strong></span> <span class='ocrx_word' id='word_1_791' title='bbox 3098 3937 3182 3985; x_wconf 91' lang='lat' dir='ltr'><strong>est</strong></span> <span class='ocrx_word' id='word_1_792' title='bbox 3216 3931 3359 3986; x_wconf 89' lang='lat' dir='ltr'><strong>enim</strong></span> <span class='ocrx_word' id='word_1_793' title='bbox 3397 3945 3520 4003; x_wconf 82' lang='lat' dir='ltr'><strong>pars</strong></span> <span class='ocrx_word' id='word_1_794' title='bbox 3546 3943 3810 3991; x_wconf 75' lang='lat' dir='ltr'><strong>creaturae</strong></span> <span class='ocrx_word' id='word_1_795' title='bbox 3835 3946 3894 3992; x_wconf 80' lang='lat' dir='ltr'><strong>et</strong></span> 
     </span>
    </p>
   </div>
   <div class='ocr_carea' id='block_1_101' title="bbox 2302 4018 3893 4098">
    <p class='ocr_par' dir='ltr' id='par_1_101' title="bbox 2302 4018 3893 4098">
     <span class='ocr_line' id='line_1_101' title="bbox 2302 4018 3893 4098; baseline 0.006 -24"><span class='ocrx_word' id='word_1_796' title='bbox 2302 4032 2547 4087; x_wconf 64' lang='lat' dir='ltr'><strong>superna</strong></span> <span class='ocrx_word' id='word_1_797' title='bbox 2574 4026 2631 4074; x_wconf 90' lang='lat' dir='ltr'><strong>et</strong></span> <span class='ocrx_word' id='word_1_798' title='bbox 2667 4018 2886 4074; x_wconf 73' lang='lat' dir='ltr'><strong>inferna:</strong></span> <span class='ocrx_word' id='word_1_799' title='bbox 2905 4060 2921 4086; x_wconf 91' lang='lat'><strong>,</strong></span> <span class='ocrx_word' id='word_1_800' title='bbox 2952 4034 3071 4091; x_wconf 68' lang='lat' dir='ltr'><strong>qua:</strong></span> <span class='ocrx_word' id='word_1_801' title='bbox 3097 4036 3206 4078; x_wconf 89' lang='lat' dir='ltr'><strong>non</strong></span> <span class='ocrx_word' id='word_1_802' title='bbox 3244 4022 3450 4081; x_wconf 89' lang='lat' dir='ltr'><strong>emittat</strong></span> <span class='ocrx_word' id='word_1_803' title='bbox 3487 4039 3673 4081; x_wconf 87' lang='lat' dir='ltr'><strong>vocem</strong></span> <span class='ocrx_word' id='word_1_804' title='bbox 3700 4029 3893 4098; x_wconf 83' lang='lat' dir='ltr'><strong>quavis</strong></span> 
     </span>
    </p>
   </div>
   <div class='ocr_carea' id='block_1_102' title="bbox 2306 4108 3891 4188">
    <p class='ocr_par' dir='ltr' id='par_1_102' title="bbox 2306 4108 3891 4188">
     <span class='ocr_line' id='line_1_102' title="bbox 2306 4108 3891 4188; baseline 0.008 -25"><span class='ocrx_word' id='word_1_805' title='bbox 2306 4108 2429 4163; x_wconf 85' lang='lat' dir='ltr'><strong>tuba</strong></span> <span class='ocrx_word' id='word_1_806' title='bbox 2454 4108 2757 4173; x_wconf 85' lang='lat' dir='ltr'><strong>clariorem,</strong></span> <span class='ocrx_word' id='word_1_807' title='bbox 2785 4110 3158 4179; x_wconf 74' lang='lat' dir='ltr'><strong>pmdicantem</strong></span> <span class='ocrx_word' id='word_1_808' title='bbox 3184 4114 3416 4170; x_wconf 87' lang='lat' dir='ltr'><strong>nominis</strong></span> <span class='ocrx_word' id='word_1_809' title='bbox 3442 4116 3518 4170; x_wconf 90' lang='lat' dir='ltr'><strong>tui</strong></span> <span class='ocrx_word' id='word_1_810' title='bbox 3543 4118 3891 4188; x_wconf 72' lang='lat' dir='ltr'><strong>magniﬁcen-</strong></span> 
     </span>
    </p>
   </div>
   <div class='ocr_carea' id='block_1_103' title="bbox 2306 4198 3889 4278">
    <p class='ocr_par' dir='ltr' id='par_1_103' title="bbox 2306 4198 3889 4278">
     <span class='ocr_line' id='line_1_103' title="bbox 2306 4198 3889 4278; baseline 0.009 -26"><span class='ocrx_word' id='word_1_811' title='bbox 2306 4198 2452 4253; x_wconf 88' lang='lat' dir='ltr'><strong>tiam.</strong></span> <span class='ocrx_word' id='word_1_812' title='bbox 2487 4198 2613 4255; x_wconf 85' lang='lat' dir='ltr'><strong>Sive</strong></span> <span class='ocrx_word' id='word_1_813' title='bbox 2656 4213 2785 4269; x_wconf 87' lang='lat' dir='ltr'><strong>ergo</strong></span> <span class='ocrx_word' id='word_1_814' title='bbox 2829 4200 3047 4271; x_wconf 83' lang='lat' dir='ltr'><strong>angelos</strong></span> <span class='ocrx_word' id='word_1_815' title='bbox 3083 4201 3318 4270; x_wconf 80' lang='lat' dir='ltr'><strong>dixeris,</strong></span> <span class='ocrx_word' id='word_1_816' title='bbox 3347 4204 3473 4267; x_wconf 67' lang='lat' dir='ltr'><strong>sive,</strong></span> <span class='ocrx_word' id='word_1_817' title='bbox 3500 4207 3852 4278; x_wconf 82' lang='lat' dir='ltr'><strong>archangelos</strong></span> <span class='ocrx_word' id='word_1_818' title='bbox 3873 4250 3889 4275; x_wconf 88' lang='lat'><em>.</em></span> 
     </span>
    </p>
   </div>
   <div class='ocr_carea' id='block_1_104' title="bbox 2306 4287 3891 4370">
    <p class='ocr_par' dir='ltr' id='par_1_104' title="bbox 2306 4287 3891 4370">
     <span class='ocr_line' id='line_1_104' title="bbox 2306 4287 3891 4370; baseline 0.007 -26"><span class='ocrx_word' id='word_1_819' title='bbox 2306 4290 2419 4345; x_wconf 83' lang='lat' dir='ltr'><strong>sive</strong></span> <span class='ocrx_word' id='word_1_820' title='bbox 2445 4287 2719 4345; x_wconf 83' lang='lat' dir='ltr'><strong>daemones</strong></span> <span class='ocrx_word' id='word_1_821' title='bbox 2740 4332 2755 4357; x_wconf 91' lang='lat'><strong>,</strong></span> <span class='ocrx_word' id='word_1_822' title='bbox 2785 4290 2897 4365; x_wconf 85' lang='lat' dir='ltr'><strong>sive</strong></span> <span class='ocrx_word' id='word_1_823' title='bbox 2922 4290 3185 4348; x_wconf 87' lang='lat' dir='ltr'><strong>elementa</strong></span> <span class='ocrx_word' id='word_1_824' title='bbox 3215 4294 3542 4353; x_wconf 80' lang='lat' dir='ltr'><strong>insensibilia</strong></span> <span class='ocrx_word' id='word_1_825' title='bbox 3564 4336 3580 4362; x_wconf 89' lang='lat'><strong>,</strong></span> <span class='ocrx_word' id='word_1_826' title='bbox 3608 4297 3726 4353; x_wconf 86' lang='lat' dir='ltr'><strong>sive</strong></span> <span class='ocrx_word' id='word_1_827' title='bbox 3763 4299 3891 4370; x_wconf 88' lang='lat' dir='ltr'><strong>lapi-</strong></span> 
     </span>
    </p>
   </div>
   <div class='ocr_carea' id='block_1_105' title="bbox 2305 4376 3889 4456">
    <p class='ocr_par' dir='ltr' id='par_1_105' title="bbox 2305 4376 3889 4456">
     <span class='ocr_line' id='line_1_105' title="bbox 2305 4376 3889 4456; baseline 0.008 -24"><span class='ocrx_word' id='word_1_828' title='bbox 2305 4376 2421 4445; x_wconf 88' lang='lat' dir='ltr'><strong>des,</strong></span> <span class='ocrx_word' id='word_1_829' title='bbox 2443 4378 2558 4434; x_wconf 87' lang='lat' dir='ltr'><strong>sive</strong></span> <span class='ocrx_word' id='word_1_830' title='bbox 2575 4382 2801 4446; x_wconf 88' lang='lat' dir='ltr'><strong>semina,</strong></span> <span class='ocrx_word' id='word_1_831' title='bbox 2822 4380 2935 4435; x_wconf 83' lang='lat' dir='ltr'><strong>sive</strong></span> <span class='ocrx_word' id='word_1_832' title='bbox 2959 4380 3149 4447; x_wconf 89' lang='lat' dir='ltr'><strong>solem,</strong></span> <span class='ocrx_word' id='word_1_833' title='bbox 3175 4382 3288 4438; x_wconf 85' lang='lat' dir='ltr'><strong>sive</strong></span> <span class='ocrx_word' id='word_1_834' title='bbox 3308 4383 3507 4449; x_wconf 86' lang='lat' dir='ltr'><strong>lunam,</strong></span> <span class='ocrx_word' id='word_1_835' title='bbox 3529 4385 3643 4442; x_wconf 79' lang='lat' dir='ltr'><strong>sive</strong></span> <span class='ocrx_word' id='word_1_836' title='bbox 3666 4396 3889 4456; x_wconf 85' lang='lat' dir='ltr'><strong>terram,</strong></span> 
     </span>
    </p>
   </div>
   <div class='ocr_carea' id='block_1_106' title="bbox 2306 4469 3894 4543">
    <p class='ocr_par' dir='ltr' id='par_1_106' title="bbox 2306 4469 3894 4543">
     <span class='ocr_line' id='line_1_106' title="bbox 2306 4469 3894 4543; baseline 0.008 -22"><span class='ocrx_word' id='word_1_837' title='bbox 2306 4469 2418 4523; x_wconf 89' lang='lat' dir='ltr'><strong>sive</strong></span> <span class='ocrx_word' id='word_1_838' title='bbox 2443 4470 2631 4535; x_wconf 91' lang='lat' dir='ltr'><strong>maria,</strong></span> <span class='ocrx_word' id='word_1_839' title='bbox 2658 4471 2770 4525; x_wconf 79' lang='lat' dir='ltr'><strong>sive</strong></span> <span class='ocrx_word' id='word_1_840' title='bbox 2794 4470 2985 4539; x_wconf 87' lang='lat' dir='ltr'><strong>pisces,</strong></span> <span class='ocrx_word' id='word_1_841' title='bbox 3014 4471 3126 4527; x_wconf 86' lang='lat' dir='ltr'><strong>sive</strong></span> <span class='ocrx_word' id='word_1_842' title='bbox 3153 4472 3417 4539; x_wconf 87' lang='lat' dir='ltr'><strong>volucres,</strong></span> <span class='ocrx_word' id='word_1_843' title='bbox 3447 4474 3561 4529; x_wconf 87' lang='lat' dir='ltr'><strong>sive</strong></span> <span class='ocrx_word' id='word_1_844' title='bbox 3586 4474 3758 4543; x_wconf 84' lang='lat' dir='ltr'><strong>lacus,</strong></span> <span class='ocrx_word' id='word_1_845' title='bbox 3779 4478 3894 4533; x_wconf 84' lang='lat' dir='ltr'><strong>sive</strong></span> 
     </span>
    </p>
   </div>
   <div class='ocr_carea' id='block_1_107' title="bbox 2307 4558 3893 4638">
    <p class='ocr_par' dir='ltr' id='par_1_107' title="bbox 2307 4558 3893 4638">
     <span class='ocr_line' id='line_1_107' title="bbox 2307 4558 3893 4638; baseline 0.008 -26"><span class='ocrx_word' id='word_1_846' title='bbox 2307 4558 2503 4625; x_wconf 90' lang='lat' dir='ltr'><strong>fontes,</strong></span> <span class='ocrx_word' id='word_1_847' title='bbox 2532 4561 2648 4614; x_wconf 90' lang='lat' dir='ltr'><strong>sive</strong></span> <span class='ocrx_word' id='word_1_848' title='bbox 2674 4560 2861 4615; x_wconf 83' lang='lat' dir='ltr'><strong>ﬂuvios</strong></span> <span class='ocrx_word' id='word_1_849' title='bbox 2884 4580 2898 4616; x_wconf 89' lang='lat'><strong>:</strong></span> <span class='ocrx_word' id='word_1_850' title='bbox 2922 4576 3017 4631; x_wconf 88' lang='lat' dir='ltr'><strong>per</strong></span> <span class='ocrx_word' id='word_1_851' title='bbox 3043 4562 3223 4617; x_wconf 88' lang='lat' dir='ltr'><strong>omnia</strong></span> <span class='ocrx_word' id='word_1_852' title='bbox 3247 4578 3440 4618; x_wconf 88' lang='lat' dir='ltr'><strong>nomen</strong></span> <span class='ocrx_word' id='word_1_853' title='bbox 3467 4572 3619 4621; x_wconf 89' lang='lat' dir='ltr'><strong>tuum</strong></span> <span class='ocrx_word' id='word_1_854' title='bbox 3640 4582 3893 4638; x_wconf 70' lang='lat' dir='ltr'><strong>magnum</strong></span> 
     </span>
    </p>
   </div>
   <div class='ocr_carea' id='block_1_108' title="bbox 2308 4653 3896 4731">
    <p class='ocr_par' dir='ltr' id='par_1_108' title="bbox 2308 4653 3896 4731">
     <span class='ocr_line' id='line_1_108' title="bbox 2308 4653 3896 4731; baseline 0.005 -24"><span class='ocrx_word' id='word_1_855' title='bbox 2308 4653 2623 4708; x_wconf 89' lang='lat' dir='ltr'><strong>ostenditur.</strong></span> <span class='ocrx_word' id='word_1_856' title='bbox 2659 4653 2808 4721; x_wconf 80' lang='lat' dir='ltr'><strong>Alius</strong></span> <span class='ocrx_word' id='word_1_857' title='bbox 2846 4662 3023 4709; x_wconf 89' lang='lat' dir='ltr'><strong>autem</strong></span> <span class='ocrx_word' id='word_1_858' title='bbox 3065 4668 3164 4725; x_wconf 89' lang='lat' dir='ltr'><strong>pro</strong></span> <span class='ocrx_word' id='word_1_859' title='bbox 3192 4654 3321 4722; x_wconf 82' lang='lat' dir='ltr'><strong>illo,</strong></span> <span class='ocrx_word' id='word_1_860' title='bbox 3360 4654 3709 4728; x_wconf 72' lang='lat' dir='ltr'><strong>Magni/iocati</strong></span> <span class='ocrx_word' id='word_1_861' title='bbox 3742 4674 3896 4731; x_wconf 78' lang='lat' dir='ltr'><strong>super</strong></span> 
     </span>
    </p>
   </div>
   <div class='ocr_carea' id='block_1_109' title="bbox 2310 4745 3889 4818">
    <p class='ocr_par' dir='ltr' id='par_1_109' title="bbox 2310 4745 3889 4818">
     <span class='ocr_line' id='line_1_109' title="bbox 2310 4745 3889 4818; baseline 0.006 -21"><span class='ocrx_word' id='word_1_862' title='bbox 2310 4759 2454 4797; x_wconf 80' lang='lat' dir='ltr'><strong>omne</strong></span> <span class='ocrx_word' id='word_1_863' title='bbox 2478 4760 2657 4798; x_wconf 87' lang='lat' dir='ltr'><strong>nomen</strong></span> <span class='ocrx_word' id='word_1_864' title='bbox 2688 4753 2916 4798; x_wconf 87' lang='lat' dir='ltr'><strong>sanctum</strong></span> <span class='ocrx_word' id='word_1_865' title='bbox 2944 4754 3104 4811; x_wconf 82' lang='lat' dir='ltr'><strong>tuum,</strong></span> <span class='ocrx_word' id='word_1_866' title='bbox 3132 4746 3207 4800; x_wconf 88' lang='lat' dir='ltr'><strong>ait</strong></span> <span class='ocrx_word' id='word_1_867' title='bbox 3233 4764 3249 4801; x_wconf 88' lang='lat'><strong>:</strong></span> <span class='ocrx_word' id='word_1_868' title='bbox 3278 4745 3620 4818; x_wconf 71' lang='lat' dir='ltr'><strong>lagaificasti</strong></span> <span class='ocrx_word' id='word_1_869' title='bbox 3646 4751 3784 4805; x_wconf 76' lang='lat' dir='ltr'><strong>enim</strong></span> <span class='ocrx_word' id='word_1_870' title='bbox 3811 4769 3889 4806; x_wconf 77' lang='lat' dir='ltr'><strong>ss-</strong></span> 
     </span>
    </p>
   </div>
   <div class='ocr_carea' id='block_1_110' title="bbox 2312 4837 3897 4911">
    <p class='ocr_par' dir='ltr' id='par_1_110' title="bbox 2312 4837 3897 4911">
     <span class='ocr_line' id='line_1_110' title="bbox 2312 4837 3897 4911; baseline 0.007 -24"><span class='ocrx_word' id='word_1_871' title='bbox 2312 4852 2400 4903; x_wconf 90' lang='lat' dir='ltr'><strong>per</strong></span> <span class='ocrx_word' id='word_1_872' title='bbox 2436 4837 2605 4890; x_wconf 89' lang='lat' dir='ltr'><strong>omnia</strong></span> <span class='ocrx_word' id='word_1_873' title='bbox 2644 4838 2848 4891; x_wconf 86' lang='lat' dir='ltr'><strong>nomina</strong></span> <span class='ocrx_word' id='word_1_874' title='bbox 2870 4847 2959 4889; x_wconf 86' lang='lat' dir='ltr'><strong>tua</strong></span> <span class='ocrx_word' id='word_1_875' title='bbox 2986 4837 3190 4892; x_wconf 75' lang='lat' dir='ltr'><strong>verbum</strong></span> <span class='ocrx_word' id='word_1_876' title='bbox 3218 4849 3382 4893; x_wconf 84' lang='lat' dir='ltr'><strong>tuum.</strong></span> <span class='ocrx_word' id='word_1_877' title='bbox 3411 4838 3589 4903; x_wconf 75' lang='lat' dir='ltr'><strong>Alius,</strong></span> <span class='ocrx_word' id='word_1_878' title='bbox 3619 4839 3897 4911; x_wconf 69' lang='lat' dir='ltr'><strong>Eloquium</strong></span> 
     </span>
    </p>
   </div>
   <div class='ocr_carea' id='block_1_111' title="bbox 2312 4924 3897 4997">
    <p class='ocr_par' dir='ltr' id='par_1_111' title="bbox 2312 4924 3897 4997">
     <span class='ocr_line' id='line_1_111' title="bbox 2312 4924 3897 4997; baseline 0.007 -20"><span class='ocrx_word' id='word_1_879' title='bbox 2312 4934 2473 4980; x_wconf 87' lang='lat' dir='ltr'><strong>tuum.</strong></span> <span class='ocrx_word' id='word_1_880' title='bbox 2497 4926 2551 4981; x_wconf 77' lang='lat'><strong>5.</strong></span> <span class='ocrx_word' id='word_1_881' title='bbox 2580 4924 2646 4979; x_wconf 85' lang='lat' dir='ltr'><strong>In</strong></span> <span class='ocrx_word' id='word_1_882' title='bbox 2672 4942 2982 4997; x_wconf 83' lang='lat' dir='ltr'><strong>quacumque</strong></span> <span class='ocrx_word' id='word_1_883' title='bbox 3006 4926 3089 4981; x_wconf 85' lang='lat' dir='ltr'><strong>die</strong></span> <span class='ocrx_word' id='word_1_884' title='bbox 3119 4928 3412 4983; x_wconf 74' lang='lat' dir='ltr'><strong>innocuum</strong></span> <span class='ocrx_word' id='word_1_885' title='bbox 3436 4937 3513 4996; x_wconf 89' lang='lat' dir='ltr'><strong>te,</strong></span> <span class='ocrx_word' id='word_1_886' title='bbox 3541 4931 3779 4987; x_wconf 72' lang='lat' dir='ltr'><strong>velociter</strong></span> <span class='ocrx_word' id='word_1_887' title='bbox 3805 4950 3897 4988; x_wconf 70' lang='lat' dir='ltr'><strong>cs-</strong></span> 
     </span>
    </p>
   </div>
   <div class='ocr_carea' id='block_1_112' title="bbox 2312 5014 3899 5099">
    <p class='ocr_par' dir='ltr' id='par_1_112' title="bbox 2312 5014 3899 5099">
     <span class='ocr_line' id='line_1_112' title="bbox 2312 5014 3899 5099; baseline 0.006 -31"><span class='ocrx_word' id='word_1_888' title='bbox 2312 5015 2435 5069; x_wconf 82' lang='lat' dir='ltr'><strong>audi</strong></span> <span class='ocrx_word' id='word_1_889' title='bbox 2461 5033 2559 5071; x_wconf 83' lang='lat' dir='ltr'><strong>me.</strong></span> <span class='ocrx_word' id='word_1_890' title='bbox 2588 5017 2739 5072; x_wconf 83' lang='lat' dir='ltr'><strong>Alius</strong></span> <span class='ocrx_word' id='word_1_891' title='bbox 2765 5017 2841 5086; x_wconf 78' lang='grc' dir='ltr'><strong>(ο)</strong></span> <span class='ocrx_word' id='word_1_892' title='bbox 2860 5059 2876 5082; x_wconf 85' lang='grc'>,</span> <span class='ocrx_word' id='word_1_893' title='bbox 2910 5016 2974 5071; x_wconf 79' lang='lat' dir='ltr'><strong>In</strong></span> <span class='ocrx_word' id='word_1_894' title='bbox 3002 5034 3315 5089; x_wconf 82' lang='lat' dir='ltr'><strong>quacumque</strong></span> <span class='ocrx_word' id='word_1_895' title='bbox 3340 5019 3422 5073; x_wconf 86' lang='lat' dir='ltr'><strong>die</strong></span> <span class='ocrx_word' id='word_1_896' title='bbox 3703 5032 3780 5087; x_wconf 90' lang='lat' dir='ltr'><strong>te,</strong></span> <span class='ocrx_word' id='word_1_897' title='bbox 3811 5039 3899 5077; x_wconf 75' lang='lat' dir='ltr'><strong>es:-</strong></span> 
     </span>
    </p>
   </div>
   <div class='ocr_carea' id='block_1_113' title="bbox 2311 5107 3898 5179">
    <p class='ocr_par' dir='ltr' id='par_1_113' title="bbox 2311 5107 3898 5179">
     <span class='ocr_line' id='line_1_113' title="bbox 2311 5107 3898 5179; baseline 0.004 -19"><span class='ocrx_word' id='word_1_898' title='bbox 2311 5107 2497 5161; x_wconf 81' lang='lat' dir='ltr'><strong>asdisti</strong></span> <span class='ocrx_word' id='word_1_899' title='bbox 2522 5123 2620 5161; x_wconf 88' lang='lat' dir='ltr'><strong>me.</strong></span> <span class='ocrx_word' id='word_1_900' title='bbox 2653 5108 2764 5162; x_wconf 84' lang='lat' dir='ltr'><strong>lloc</strong></span> <span class='ocrx_word' id='word_1_901' title='bbox 2786 5109 2944 5161; x_wconf 90' lang='lat' dir='ltr'><strong>etiam</strong></span> <span class='ocrx_word' id='word_1_902' title='bbox 2976 5108 3115 5163; x_wconf 86' lang='lat' dir='ltr'><strong>Dens</strong></span> <span class='ocrx_word' id='word_1_903' title='bbox 3140 5109 3402 5179; x_wconf 89' lang='lat' dir='ltr'><strong>pollicitus</strong></span> <span class='ocrx_word' id='word_1_904' title='bbox 3427 5118 3543 5177; x_wconf 89' lang='lat' dir='ltr'><strong>est,</strong></span> <span class='ocrx_word' id='word_1_905' title='bbox 3572 5110 3760 5167; x_wconf 83' lang='lat' dir='ltr'><strong>dicens</strong></span> <span class='ocrx_word' id='word_1_906' title='bbox 3790 5130 3804 5166; x_wconf 92' lang='lat'>:</span> <span class='ocrx_word' id='word_1_907' title='bbox 3832 5112 3898 5167; x_wconf 83' lang='lat' dir='ltr'><strong>In</strong></span> 
     </span>
    </p>
   </div>
   <div class='ocr_carea' id='block_1_114' title="bbox 2310 5188 3898 5272">
    <p class='ocr_par' dir='ltr' id='par_1_114' title="bbox 2310 5188 3898 5272">
     <span class='ocr_line' id='line_1_114' title="bbox 2310 5188 3898 5272; baseline 0.006 -24"><span class='ocrx_word' id='word_1_908' title='bbox 2310 5212 2623 5266; x_wconf 81' lang='lat' dir='ltr'><strong>quacumque</strong></span> <span class='ocrx_word' id='word_1_909' title='bbox 2646 5196 2727 5250; x_wconf 90' lang='lat' dir='ltr'><strong>die</strong></span> <span class='ocrx_word' id='word_1_910' title='bbox 2752 5198 3053 5253; x_wconf 79' lang='lat' dir='ltr'><strong>invocaveris</strong></span> <span class='ocrx_word' id='word_1_911' title='bbox 3080 5214 3159 5253; x_wconf 79' lang='lat' dir='ltr'><strong>nte</strong></span> <span class='ocrx_word' id='word_1_912' title='bbox 3176 5240 3192 5266; x_wconf 94' lang='lat'><strong>,</strong></span> <span class='ocrx_word' id='word_1_913' title='bbox 3222 5200 3491 5255; x_wconf 65' lang='lat' dir='ltr'><strong>exaudiam</strong></span> <span class='ocrx_word' id='word_1_914' title='bbox 3516 5211 3565 5255; x_wconf 91' lang='lat' dir='ltr'><strong>te</strong></span> <span class='ocrx_word' id='word_1_915' title='bbox 3581 5241 3596 5265; x_wconf 92' lang='lat'><strong>,</strong></span> <span class='ocrx_word' id='word_1_916' title='bbox 3625 5188 3674 5256; x_wconf 79' lang='lat' dir='ltr'><strong>et</strong></span> <span class='ocrx_word' id='word_1_917' title='bbox 3699 5202 3898 5272; x_wconf 73' lang='lat' dir='ltr'><strong>dicunt,</strong></span> 
     </span>
    </p>
   </div>
   <div class='ocr_carea' id='block_1_115' title="bbox 2311 5285 3902 5363">
    <p class='ocr_par' dir='ltr' id='par_1_115' title="bbox 2311 5285 3902 5363">
     <span class='ocr_line' id='line_1_115' title="bbox 2311 5285 3902 5363; baseline 0.006 -24"><span class='ocrx_word' id='word_1_918' title='bbox 2311 5285 2447 5341; x_wconf 85' lang='lat' dir='ltr'><strong>Ecce</strong></span> <span class='ocrx_word' id='word_1_919' title='bbox 2474 5287 2704 5356; x_wconf 83' lang='lat' dir='ltr'><strong>loquente</strong></span> <span class='ocrx_word' id='word_1_920' title='bbox 2731 5296 2778 5340; x_wconf 90' lang='lat' dir='ltr'><strong>te</strong></span> <span class='ocrx_word' id='word_1_921' title='bbox 2802 5288 2979 5343; x_wconf 87' lang='lat' dir='ltr'><strong>adsum</strong></span> <span class='ocrx_word' id='word_1_922' title='bbox 3009 5287 3175 5360; x_wconf 88' lang='lat' dir='ltr'><strong>(Isai.</strong></span> <span class='ocrx_word' id='word_1_923' title='bbox 3205 5290 3294 5346; x_wconf 76' lang='lat'><strong>58.</strong></span> <span class='ocrx_word' id='word_1_924' title='bbox 3324 5290 3414 5359; x_wconf 85' lang='lat'><strong>6).</strong></span> <span class='ocrx_word' id='word_1_925' title='bbox 3444 5290 3565 5360; x_wconf 82' lang='lat' dir='ltr'><strong>Ipse</strong></span> <span class='ocrx_word' id='word_1_926' title='bbox 3588 5290 3773 5363; x_wconf 84' lang='lat' dir='ltr'><strong>itaque</strong></span> <span class='ocrx_word' id='word_1_927' title='bbox 3800 5292 3902 5348; x_wconf 82' lang='lat' dir='ltr'><strong>hoc</strong></span> 
     </span>
    </p>
   </div>
   <div class='ocr_carea' id='block_1_116' title="bbox 2311 5376 3897 5453">
    <p class='ocr_par' dir='ltr' id='par_1_116' title="bbox 2311 5376 3897 5453">
     <span class='ocr_line' id='line_1_116' title="bbox 2311 5376 3897 5453; baseline 0.004 -22"><span class='ocrx_word' id='word_1_928' title='bbox 2311 5376 2466 5445; x_wconf 84' lang='lat' dir='ltr'><strong>petit.</strong></span> <span class='ocrx_word' id='word_1_929' title='bbox 2499 5376 2657 5431; x_wconf 86' lang='lat' dir='ltr'><strong>Tales</strong></span> <span class='ocrx_word' id='word_1_930' title='bbox 2679 5376 2819 5431; x_wconf 88' lang='lat' dir='ltr'><strong>enim</strong></span> <span class='ocrx_word' id='word_1_931' title='bbox 2847 5387 2971 5433; x_wconf 87' lang='lat' dir='ltr'><strong>sunt</strong></span> <span class='ocrx_word' id='word_1_932' title='bbox 2998 5380 3191 5433; x_wconf 66' lang='lat' dir='ltr'><strong>animae</strong></span> <span class='ocrx_word' id='word_1_933' title='bbox 3209 5421 3225 5447; x_wconf 95' lang='lat'><strong>,</strong></span> <span class='ocrx_word' id='word_1_934' title='bbox 3256 5394 3373 5450; x_wconf 71' lang='lat' dir='ltr'><strong>qua:</strong></span> <span class='ocrx_word' id='word_1_935' title='bbox 3398 5380 3583 5436; x_wconf 84' lang='lat' dir='ltr'><strong>dolore</strong></span> <span class='ocrx_word' id='word_1_936' title='bbox 3609 5381 3793 5453; x_wconf 72' lang='lat' dir='ltr'><strong>aliquo</strong></span> <span class='ocrx_word' id='word_1_937' title='bbox 3817 5386 3897 5439; x_wconf 59' lang='lat' dir='ltr'><strong>af.</strong></span> 
     </span>
    </p>
   </div>
   <div class='ocr_carea' id='block_1_117' title="bbox 2314 5468 3898 5540">
    <p class='ocr_par' dir='ltr' id='par_1_117' title="bbox 2314 5468 3898 5540">
     <span class='ocr_line' id='line_1_117' title="bbox 2314 5468 3898 5540; baseline 0.004 -19"><span class='ocrx_word' id='word_1_938' title='bbox 2314 5468 2564 5525; x_wconf 86' lang='lat' dir='ltr'><strong>ﬁciuntur</strong></span> <span class='ocrx_word' id='word_1_939' title='bbox 2589 5485 2603 5521; x_wconf 90' lang='lat'><strong>:</strong></span> <span class='ocrx_word' id='word_1_940' title='bbox 2630 5468 2813 5522; x_wconf 91' lang='lat' dir='ltr'><strong>volunt</strong></span> <span class='ocrx_word' id='word_1_941' title='bbox 2838 5469 3019 5525; x_wconf 87' lang='lat' dir='ltr'><strong>videre</strong></span> <span class='ocrx_word' id='word_1_942' title='bbox 3057 5485 3115 5524; x_wconf 85' lang='lat' dir='ltr'><strong>se</strong></span> <span class='ocrx_word' id='word_1_943' title='bbox 3153 5486 3313 5540; x_wconf 82' lang='lat' dir='ltr'><strong>quam</strong></span> <span class='ocrx_word' id='word_1_944' title='bbox 3355 5472 3585 5540; x_wconf 90' lang='lat' dir='ltr'><strong>primum</strong></span> <span class='ocrx_word' id='word_1_945' title='bbox 3624 5471 3843 5528; x_wconf 87' lang='lat' dir='ltr'><strong>liberari</strong></span> <span class='ocrx_word' id='word_1_946' title='bbox 3870 5491 3898 5527; x_wconf 86' lang='lat' dir='ltr'><strong>a</strong></span> 
     </span>
    </p>
   </div>
   <div class='ocr_carea' id='block_1_118' title="bbox 2314 5557 3901 5629">
    <p class='ocr_par' dir='ltr' id='par_1_118' title="bbox 2314 5557 3901 5629">
     <span class='ocr_line' id='line_1_118' title="bbox 2314 5557 3901 5629; baseline 0.003 -17"><span class='ocrx_word' id='word_1_947' title='bbox 2314 5558 2488 5613; x_wconf 85' lang='lat' dir='ltr'><strong>malis.</strong></span> <span class='ocrx_word' id='word_1_948' title='bbox 2515 5557 2876 5627; x_wconf 73' lang='lat' dir='ltr'><strong>Multiplicabis</strong></span> <span class='ocrx_word' id='word_1_949' title='bbox 2895 5576 2973 5612; x_wconf 88' lang='lat' dir='ltr'><strong>nte</strong></span> <span class='ocrx_word' id='word_1_950' title='bbox 2993 5560 3045 5612; x_wconf 89' lang='lat' dir='ltr'><strong>in</strong></span> <span class='ocrx_word' id='word_1_951' title='bbox 3066 5561 3235 5613; x_wconf 86' lang='lat' dir='ltr'><strong>anima</strong></span> <span class='ocrx_word' id='word_1_952' title='bbox 3262 5576 3371 5614; x_wconf 85' lang='lat' dir='ltr'><strong>mea</strong></span> <span class='ocrx_word' id='word_1_953' title='bbox 3396 5560 3575 5614; x_wconf 82' lang='lat' dir='ltr'><strong>uirtute</strong></span> <span class='ocrx_word' id='word_1_954' title='bbox 3594 5570 3704 5618; x_wconf 81' lang='lat' dir='ltr'><strong>tua.</strong></span> <span class='ocrx_word' id='word_1_955' title='bbox 3732 5563 3901 5629; x_wconf 79' lang='lat' dir='ltr'><strong>Alius,</strong></span> 
     </span>
    </p>
   </div>
   <div class='ocr_carea' id='block_1_119' title="bbox 2318 5645 3899 5725">
    <p class='ocr_par' dir='ltr' id='par_1_119' title="bbox 2318 5645 3899 5725">
     <span class='ocr_line' id='line_1_119' title="bbox 2318 5645 3899 5725; baseline 0.006 -24"><span class='ocrx_word' id='word_1_956' title='bbox 2318 5645 2633 5701; x_wconf 83' lang='lat' dir='ltr'><strong>Coustituisti</strong></span> <span class='ocrx_word' id='word_1_957' title='bbox 2652 5649 2704 5700; x_wconf 91' lang='lat' dir='ltr'><strong>in</strong></span> <span class='ocrx_word' id='word_1_958' title='bbox 2730 5649 2897 5701; x_wconf 87' lang='lat' dir='ltr'><strong>anima</strong></span> <span class='ocrx_word' id='word_1_959' title='bbox 2919 5666 3027 5703; x_wconf 88' lang='lat' dir='ltr'><strong>mea</strong></span> <span class='ocrx_word' id='word_1_960' title='bbox 3047 5652 3271 5705; x_wconf 77' lang='lat' dir='ltr'><strong>virtutes.</strong></span> <span class='ocrx_word' id='word_1_961' title='bbox 3301 5650 3431 5707; x_wconf 78' lang='lat' dir='ltr'><strong>Nam</strong></span> <span class='ocrx_word' id='word_1_962' title='bbox 3453 5653 3595 5724; x_wconf 87' lang='lat' dir='ltr'><strong>quod</strong></span> <span class='ocrx_word' id='word_1_963' title='bbox 3621 5662 3704 5709; x_wconf 87' lang='lat' dir='ltr'><strong>est</strong></span> <span class='ocrx_word' id='word_1_964' title='bbox 3735 5655 3899 5725; x_wconf 85' lang='lat' dir='ltr'><strong>prius,</strong></span> 
     </span>
    </p>
   </div>
   <div class='ocr_carea' id='block_1_120' title="bbox 2382 5758 3305 5824">
    <p class='ocr_par' dir='ltr' id='par_1_120' title="bbox 2382 5758 3305 5824">
     <span class='ocr_line' id='line_1_120' title="bbox 2382 5758 3305 5824; baseline 0.005 -18"><span class='ocrx_word' id='word_1_965' title='bbox 2382 5758 2455 5821; x_wconf 88' lang='lat' dir='ltr'><strong>(a)</strong></span> <span class='ocrx_word' id='word_1_966' title='bbox 2491 5759 2574 5808; x_wconf 79' lang='lat' dir='ltr'><strong>Hic</strong></span> <span class='ocrx_word' id='word_1_967' title='bbox 2595 5763 2840 5819; x_wconf 80' lang='lat' dir='ltr'><strong>interpres</strong></span> <span class='ocrx_word' id='word_1_968' title='bbox 2861 5763 2970 5824; x_wconf 85' lang='lat' dir='ltr'><strong>quis</strong></span> <span class='ocrx_word' id='word_1_969' title='bbox 2991 5762 3053 5812; x_wconf 91' lang='lat' dir='ltr'><strong>sit</strong></span> <span class='ocrx_word' id='word_1_970' title='bbox 3075 5763 3305 5811; x_wconf 85' lang='lat' dir='ltr'><strong>nescitur.</strong></span> 
     </span>
    </p>
   </div>
  </div>
