4056 6446
182 357 337 414 ιω

1290 350 1642 410 EXPOSITIO
1679 348 1746 404 IN
1785 345 2111 404 PSALMUII
2147 347 2462 406 CXXXVII.

191 469 441 526 Exaudi
476 484 588 537 me,
616 469 754 526 alius
789 467 961 537 dixit,
988 467 1259 524 Επειάὲάὶ
1294 483 1392 522 me.
1421 465 1557 534 Quid
1583 473 1666 522 est
1688 477 1816 534 ergo

3419 353 3520 412 HO

1939 479 2185 536 magnam
2210 464 2609 536 intelligentiam
2635 464 2808 535 erigit.
2835 464 2972 534 Quid
3003 466 3107 522 boe
3129 477 3306 522 autem
3332 480 3433 536 est,
3458 471 3526 527 Et

191 562 374 630 quod
395 544 595 618 dictum
624 559 742 617 est?
766 559 896 627 Quae
928 566 1069 614 sunt
1090 558 1194 612 alta
1220 567 1275 614 et
1300 557 1544 613 sublimia
1569 555 1819 610 dicuntur
1927 556 2035 608 alta
2053 572 2089 609 ο
2107 557 2256 625 longe
2278 555 2574 625 cognoscit?
2593 554 2692 610 llic
2710 557 2851 610 enim
2873 555 2941 619 de
2967 558 3300 626 prtescleutta
3326 565 3521 630 agitur,

193 649 414 707 Gnece
441 659 698 716 eteora,
725 665 757 706 a
786 649 949 706 verbo
972 655 1210 720 ιιιρισοαι,
1232 656 1287 702 et
1309 647 1630 702 elevationes
1653 645 1818 699 maris
1926 645 2069 716 quod
2093 655 2178 700 est
2203 647 2454 715 potentiae
2483 647 2575 702 Dei
2619 648 2849 703 maxime
2888 649 3164 719 proprium
3192 665 3206 700 :
3238 661 3290 704 et
3318 651 3440 705 idco
3468 653 3521 706 in

195 739 477 796 dicrmtur
495 740 688 795 ﬂuctus
711 749 767 795 et
783 739 1152 805 exaltationes,
1174 739 1242 792 ab
1259 752 1324 793 eo
1347 735 1596 807 quodest
1619 733 1818 790 elevari
1932 735 2206 805 prophetis
2240 750 2384 806 saepe
2427 736 2681 806 loquens,
2719 738 2844 793 hinc
2883 739 2936 816 in
2971 749 3067 794 eos
3105 739 3402 806 invehitur,
3433 743 3521 811 qui

194 840 270 886 et
303 833 556 889 exaltari.
578 832 716 889 illud
740 847 866 901 ergo
887 841 1198 902 πολυωρήσιις
1221 829 1359 883 idem
1384 837 1467 883 est
1488 843 1550 883 ac
1576 827 1622 882 si
1645 826 1812 894 dicas,

196 925 498 981 Exaltahis
522 941 626 988 me,
654 924 894 979 Extolles
918 939 1021 978 me.
1051 922 1163 978 Hoc
1187 921 1361 990 ipsum
1390 929 1565 974 autem
1593 918 1811 974 verbum

195 1017 574 1085 posuit‘alibi.
594 1016 778 1071 dicens
799 1033 813 1068 :
838 1014 1128 1071 Secundum
1153 1011 1472 1067 altitudinem
1494 1021 1634 1066 tuam
1660 1020 1808 1065 scrtu-

195 1107 326 1162 listi
355 1105 491 1174 ﬁlios
531 1106 786 1160 hominum
816 1104 1000 1173 (Psal.
1035 1105 1121 1159 Η.
1150 1101 1238 1174 9),
1268 1102 1356 1157 ubi
1382 1111 1463 1158 est
1487 1101 1671 1157 Graece
1695 1105 1814 1154 inc-

198 1204 464 1268 λυώρηαις
487 1215 501 1250 :
525 1195 626 1250 hoc
654 1203 770 1261 est,
801 1194 1067 1258 Elevasti,
1098 1192 1365 1249 Extulisti.
1397 1193 1469 1247 Ita
1497 1193 1655 1247 etiam
1679 1189 1817 1245 dixit

197 1284 350 1341 illud
372 1293 689 1358 «simul;
710 1307 789 1352 μ.
818 1293 876 1339 ut
899 1282 1240 1355 signiﬁcaret,
1266 1281 1515 1351 lmplebis
1537 1296 1622 1336 me
1637 1281 1814 1336 multo

197 1374 449 1446 gaudio,
489 1374 876 1444 sublimemque
911 1381 967 1428 et
1007 1381 1242 1428 erectum
1289 1370 1422 1425 mihi
1462 1368 1656 1426 reddes
1692 1370 1812 1427 ani—

200 1482 390 1534 mum,
418 1475 473 1522 et
495 1465 636 1537 quod
661 1475 744 1520 est
771 1463 1006 1520 omnium
1034 1463 1345 1526 maximum,
1375 1477 1482 1516 non
1506 1461 1651 1516 sines
1674 1460 1814 1515 hanc

199 1571 395 1613 meam
435 1557 814 1612 exaltationem
857 1566 912 1610 et
957 1555 1190 1609 Iretitiam
1239 1568 1360 1609 esse
1411 1552 1711 1623 languidam
1758 1559 1814 1607 et

199 1645 562 1712 imbecillam,
592 1646 686 1701 sed
713 1655 1002 1717 potentem,
1033 1643 1278 1708 validam,
1305 1643 1512 1698 ﬁrmam
1539 1651 1594 1698 et
1620 1643 1811 1696 immo-

201 1735 401 1792 bilem.
435 1736 546 1791 Hoc
575 1736 717 1792 enim
743 1737 846 1790 sibi
873 1735 984 1790 vult
1015 1734 1163 1801 illud,
1197 1733 1423 1789 Eztolles
1451 1749 1528 1787 me
1553 1734 1606 1787 in
1631 1732 1804 1786 anima

202 1841 327 1880 mea
355 1827 581 1896 potentia
609 1834 719 1880 tua.

285 1916 342 1971 Ξ.
375 1917 585 1988 Afﬂictis
611 1917 748 1972 Deus
769 1916 929 1971 adest.
951 1947 1021 1958 —
1045 1915 1155 1971 Hoc
1180 1925 1262 1971 est
1287 1924 1462 1971 autem
1489 1915 1634 1986 quod
1658 1914 1806 1984 dicit,

202 2004 458 2062 Extolles
487 2021 575 2062 me
619 2006 852 2075 potentia
875 2048 891 2073 ,
921 2006 1123 2061 viribus
1153 2003 1329 2077 eriges
1349 2047 1364 2072 ,
1396 2013 1453 2061 et
1491 2004 1620 2060 mihi
1649 2020 1807 2074 opem

201 2095 376 2152 feres.
428 2096 688 2163 Quocirca
731 2097 867 2152 alius
914 2112 1124 2167 quoque
1172 2098 1434 2166 interpres
1486 2096 1588 2152 hoc
1634 2097 1806 2166 ipsum

201 2187 529 2255 ostendens,
557 2187 711 2254 dixit,
740 2188 1053 2242 Constituisti
1088 2178 1274 2241 animle
1299 2202 1422 2241 mea:
1446 2188 1672 2241 uirtutes.
1705 2188 1809 2241 lie—

201 2288 300 2335 cte
328 2288 508 2334 autem
545 2278 714 2345 dixit,
752 2279 947 2332 Animte
972 2293 1129 2343 mete,
1161 2277 1304 2347 quod
1333 2286 1415 2332 est
1443 2276 1673 2332 maxime
1713 2276 1807 2332 Dei

204 2371 514 2441 preprium,
547 2384 792 2425 recreare
817 2370 1025 2424 animos
1053 2370 1106 2423 in
1131 2352 1524 2437 afﬂictionibus,
1553 2369 1808 2439 quemad-

202 2461 432 2516 modum
461 2460 624 2516 etiam
661 2459 839 2516 evenit
878 2460 929 2514 in
960 2459 1235 2530 apostolis.
1271 2459 1478 2529 Flagris
1507 2460 1647 2515 enim
1681 2460 1806 2515 c:esi

204 2550 623 2606 revertebantur
640 2550 952 2621 gaudentes,
977 2551 1048 2605 ita
1070 2565 1254 2606 eorum
1267 2549 1580 2620 erigebatur
1598 2550 1807 2606 animus

205 2641 364 2709 (Act.
395 2641 450 2696 li.
479 2642 542 2696 ii
565 2642 606 2712 ).
643 2641 758 2696 Hoc
781 2650 862 2697 est
892 2641 974 2696 vel
1006 2641 1250 2695 maximae
1285 2640 1534 2709 potentiae
1564 2639 1657 2694 Dei
1685 2655 1806 2693 mu-

206 2747 346 2799 nus;
375 2733 478 2788 boc
503 2734 554 2789 in
583 2733 772 2804 primis
790 2732 1021 2788 ostendit
1045 2731 1159 2800 ejus
1185 2732 1344 2795 vires,
1369 2730 1510 2801 quod
1535 2730 1590 2784 in
1616 2729 1806 2786 mediis

208 2827 368 2883 malis
401 2834 456 2882 et
493 2825 744 2897 periculis
777 2839 884 2879 non
920 2825 1044 2878 sinit
1069 2822 1225 2890 dejici
1253 2821 1510 2876 animum.
1546 2821 1599 2874 4.
1629 2820 1805 2889 Confi-

208 2926 412 2974 teantur
434 2916 540 2983 tibi,
569 2915 806 2980 Domine,
834 2931 1004 2968 omnes
1031 2929 1170 2984 reges
1195 2925 1361 2980 terrae,
1389 2912 1509 2980 quia
1537 2910 1806 2964 audierunt

208 3011 386 3065 omnia
413 3009 559 3063 verba
587 3009 690 3062 oris
723 3009 814 3062 tui.
849 3006 982 3061 Vide
1003 3021 1160 3076 quam
1187 3007 1254 3059 sit
1284 3005 1352 3073 pii
1379 3013 1434 3058 et
1456 3005 1593 3074 grati
1618 3004 1803 3058 animi.

208 3101 328 3158 Non
357 3102 486 3156 satis
513 3099 707 3165 habet,
738 3098 782 3153 si
809 3098 953 3153 solus
976 3105 1096 3167 agat
1119 3096 1314 3165 gratias
1332 3136 1348 3162 ,
1376 3095 1470 3150 sed
1499 3095 1657 3150 etiam
1685 3109 1805 3148 om-

209 3209 311 3250 nes
329 3194 419 3263 qui
443 3192 776 3246 dominatum
799 3189 1061 3252 obtinent,
1087 3197 1240 3242 vocat
1261 3185 1328 3240 ad
1354 3186 1662 3240 societatem
1683 3199 1805 3255 gra-

211 3285 407 3338 tiarum
431 3281 676 3343 actionis,
705 3286 760 3334 et
788 3277 932 3348 ipsos
955 3278 1115 3332 etiam
1136 3276 1222 3347 qui
1248 3285 1460 3346 gestant
1481 3274 1801 3330 diademata.

211 3375 326 3430 Etsi
351 3374 493 3430 enim
523 3385 714 3442 magna
743 3372 840 3435 sit,
874 3369 1077 3440 inquit,
1107 3384 1290 3424 eorum
1317 3369 1549 3438 potentia
1569 3408 1586 3434 ,
1616 3382 1805 3424 omnes

210 3463 307 3520 tibi
329 3475 508 3519 tamen
530 3462 728 3518 debent
753 3461 950 3532 gratias
975 3475 1133 3530 agere
1155 3474 1254 3530 pro
1281 3460 1343 3512 iis
1369 3458 1527 3515 etiam
1549 3474 1666 3529 qua:
1684 3459 1803 3514 aliis

209 3557 351 3613 facta
379 3564 522 3611 sunt.
555 3555 812 3623 Quocirca
843 3553 945 3608 hoc
973 3566 1186 3624 quoque
1211 3550 1512 3619 signiﬁcans
1530 3591 1545 3616 ,
1578 3551 1802 3620 subjun-

207 3647 324 3715 xit,
366 3645 651 3700 Audierant
687 3645 857 3698 omnia
895 3643 1040 3698 verba
1077 3643 1180 3697 oris
1216 3643 1306 3696 tui.
1348 3641 1405 3696 Si
1442 3657 1572 3712 ergo
1605 3643 1804 3712 gratias

205 3748 401 3810 agant,
440 3738 725 3808 plurimum
765 3736 890 3792 hinc
920 3735 1146 3790 fructum
1185 3734 1427 3804 capient,
1463 3743 1517 3788 et
1555 3748 1801 3803 magnum

207 3832 419 3887 lucrum
451 3830 664 3885 facient.
693 3827 840 3883 Talia
866 3827 1008 3882 enim
1039 3834 1125 3880 tua
1153 3825 1292 3881 dona
1321 3833 1447 3880 sunt
1473 3825 1719 3880 omnibus
1749 3825 1804 3879 in

206 3924 390 3981 medio
423 3924 692 3993 proposita
712 3961 728 3988 ,
759 3928 818 3975 ut
845 3920 935 3990 qui
968 3919 1184 3982 volunt,
1217 3918 1422 3986 possint
1458 3931 1579 3972 esse
1617 3915 1803 3971 eorum

205 4015 518 4087 participes,
546 4021 603 4069 et
625 4028 686 4068 ea
717 4011 1010 4082 percipere.
1041 4009 1250 4065 Nullam
1276 4021 1404 4078 ergo
1431 4015 1631 4062 tantam
1658 4007 1799 4062 utili-

208 4118 376 4164 tatem
408 4104 604 4177 poterit
637 4105 714 4159 eis
742 4118 963 4174 regnum
993 4099 1185 4155 afferre
1203 4141 1219 4167 ,
1247 4107 1498 4169 quantam
1526 4107 1614 4152 tua
1640 4098 1803 4153 verba

207 4198 418 4255 audire.
457 4196 568 4251 Hoc
601 4203 684 4250 est
721 4193 799 4248 eis
836 4192 1125 4256 securitas,
1153 4189 1255 4244 hoc
1289 4189 1462 4254 vires,
1502 4187 1606 4244 hoc
1641 4202 1804 4243 orna-

206 4297 452 4347 mentum
474 4328 488 4352 ,
514 4285 616 4341 hoc
643 4285 807 4342 decus
830 4325 844 4348 ,
886 4283 989 4339 hoc
1030 4288 1253 4352 regnum
1276 4282 1292 4313 ¹
1313 4319 1329 4345 ,
1361 4281 1460 4335 hoc
1487 4291 1568 4335 est
1595 4279 1804 4348 imperii

209 4383 394 4438 ltetitia
415 4389 471 4435 ct
497 4378 750 4449 potentia.
774 4377 828 4432 5.
853 4374 920 4430 Et
937 4383 1138 4428 cantent
1158 4374 1210 4427 in
1232 4373 1323 4427 viis
1339 4370 1606 4425 Domini’.
1629 4371 1803 4437 Alius,

209 4474 280 4531 Et
306 4481 507 4529 cantent
535 4472 641 4525 vias
660 4469 886 4524 Domini.
914 4469 970 4524 Si
994 4482 1122 4537 ergo
1151 4465 1310 4530 dicat,
1342 4466 1409 4520 In
1433 4467 1526 4519 riis
1551 4466 1670 4529 tuis,
1700 4464 1804 4521 hoc

209 4574 296 4623 est
315 4564 458 4634 quod
484 4563 631 4627 dicit,
657 4562 713 4618 ln
737 4561 942 4632 legibus
966 4561 1088 4623 tuis,
1113 4560 1165 4614 in
1186 4559 1348 4630 jussis
1375 4558 1498 4613 tuis.
1522 4556 1578 4613 Si
1599 4564 1802 4625 autem,

221 4656 342 4711 γεω
369 4667 501 4722 tuas,
530 4653 812 4720 Praeclara,
837 4652 1027 4721 inquit,
1057 4649 1173 4706 hac
1195 4660 1280 4704 tua
1307 4648 1444 4704 facta
1465 4648 1664 4714 dicant,
1691 4648 1806 4703 lau-

211 4747 380 4810 dent.
420 4745 696 4801 celebrent
739 4757 802 4798 ac
846 4741 1136 4813 pradicent
1167 4756 1180 4792 :
1213 4738 1318 4794 hoc
1356 4738 1499 4794 enim
1545 4739 1645 4794 sibi
1691 4737 1806 4793 vult

211 4836 362 4898 illud.
389 4835 620 4892 Cantent.
650 4833 904 4899 Quoniam
929 4847 1114 4902 magna
1139 4839 1210 4884 est
1235 4829 1400 4901 gloria
1427 4827 1636 4882 Domini
1658 4843 1678 4882 :
1703 4828 1806 4884 hoe

211 4939 327 4996 est,
359 4927 618 4982 Omnibus
654 4935 834 4996 aperta
859 4964 876 4990 ,
914 4923 1161 4992 omnibus
1201 4921 1519 4988 manifesta,
1557 4921 1811 4977 omnibus

215 5021 454 5085 evidens,
486 5026 664 5088 parata
695 5018 760 5072 ad
787 5016 1036 5072 omnibus
1057 5014 1314 5070 beneficia
1345 5014 1666 5084 praestanda,
1689 5028 1808 5069 om-

215 5125 312 5166 nes
340 5109 544 5165 babens
572 5108 670 5162 sibi
700 5107 882 5178 gratiae
914 5107 1128 5162 nomine
1153 5107 1435 5160 obnoxios.
1466 5106 1520 5161 6.
1552 5105 1808 5173 Quoniam

215 5205 436 5260 excelsus
467 5202 714 5275 Dominus
736 5242 751 5266 ,
778 5210 825 5255 et
851 5200 1064 5254 humilia
1099 5200 1320 5270 respicit.
1362 5199 1556 5275 Altus,
1597 5199 1802 5270 inquit,

216 5305 426 5361 natura,
453 5293 592 5348 altus
617 5271 933 5350 substantia.
954 5290 1058 5347 Sed
1083 5290 1184 5345 hoc
1205 5290 1420 5361 quidem
1442 5271 1582 5345 nuuc
1602 5289 1803 5345 dictum

215 5393 330 5449 est,
358 5393 418 5439 ut
442 5399 502 5439 se
534 5383 601 5438 ad
630 5383 908 5439 Judaicum
939 5382 1137 5437 cultum
1175 5381 1622 5444 accommodaret.
1651 5380 1802 5448 Quod

216 5486 396 5534 autem
421 5477 680 5538 sequitur.
707 5474 762 5532 id
787 5474 1026 5546 corrigit,
1054 5482 1109 5529 et
1133 5472 1388 5529 humilem
1414 5472 1714 5529 auditorem
1736 5472 1804 5529 ad

275 5677 296 5710 ⁸
331 5682 414 5727 ιιι
435 5689 599 5738 voces,
623 5676 710 5727 hoc
728 5689 946 5738 regman,
972 5675 1153 5725 desunt
1173 5676 1225 5724 in
1240 5672 1430 5724 Savilio.

220 5739 472 5852 wit.
498 5743 567 5791 sic
590 5732 744 5792 ἐπει-ι
778 5732 1041 5790 lectionem
1067 5744 1207 5788 Lxx:
1236 5743 1292 5788 El
1315 5741 1504 5787 cantent
1526 5733 1578 5787 in
1603 5734 1802 5787 canticis

1931 832 2181 880 tenentur
2207 840 2390 881 errore
2425 827 2856 882 simulacrorum.
2887 829 3058 894 Alius,
3085 827 3152 884 Et
3175 831 3311 900 quod
3335 831 3521 888 elatum

1923 922 2018 979 est,
2049 931 2080 968 a
2106 913 2256 985 longe
2277 916 2532 971 discernit.
2560 919 2728 981 Alius,
2753 916 2821 971 Et
2839 919 3071 973 sublime.
3092 918 3354 986 Quoniam
3375 921 3520 975 enim

1922 1004 2079 1072 dixit,
2105 1004 2354 1062 Excelsus
2376 1004 2650 1074 Dominus,
2676 1018 2724 1063 et
2746 1009 2958 1064 humilia
2977 1011 3198 1078 respicit,
3223 1009 3514 1080 subjunxit,

1922 1096 1992 1152 Et
2018 1099 2123 1152 alta
2145 1115 2179 1153 a
2203 1100 2352 1170 longe
2376 1100 2649 1170 cognoscit,
2682 1099 2987 1170 significans
3012 1118 3134 1158 eum
3164 1104 3270 1156 alta
3296 1117 3400 1156 nou
3432 1117 3519 1156 sn-

1921 1185 2198 1244 lummodo
2223 1202 2569 1258 cognoscere,
2595 1191 2690 1244 sed
2712 1190 2874 1244 etiam
2898 1205 2961 1244 ex
2995 1205 3186 1260 magno
3215 1192 3517 1256 intervallo,

1921 1278 2025 1336 boc
2050 1289 2155 1347 est,
2186 1280 2494 1351 priusquam
2520 1281 2790 1344 eveniant,
2818 1281 3124 1352 priusquam
3150 1282 3516 1353 perﬁciantur,

1919 1372 2227 1442 priusquam
2255 1373 2310 1427 in
2348 1387 2482 1442 opus
2508 1380 2722 1428 exeant.
2751 1372 2806 1427 7.
2839 1371 2902 1427 Si
2927 1373 3248 1428 ambularem
3274 1375 3326 1426 in
3351 1375 3517 1428 medio

1920 1460 2278 1528 tribulationis,
2310 1462 2584 1531 eisiﬁcabis
2621 1477 2728 1516 me.
2759 1461 2875 1532 Non
2905 1461 3058 1526 dixit,
3096 1461 3518 1519 Tribulationem

1919 1554 2182 1623 expelles,
2206 1554 2321 1617 sed,
2344 1553 2399 1608 in
2422 1555 2552 1623 ipsis
2576 1553 2731 1608 malis
2757 1561 3060 1608 manentem
3081 1552 3374 1609 riviiicabis
3397 1569 3515 1619 me;

1917 1644 2020 1701 hoc
2045 1651 2148 1710 est,
2175 1636 2383 1698 etiamsi
2410 1644 2462 1698 in
2493 1644 2728 1698 maxima
2761 1643 2995 1712 pericula
3028 1642 3293 1710 incidero,
3316 1645 3516 1713 poteris

1917 1719 2006 1788 me
2034 1747 2357 1788 conservare
2387 1751 2401 1787 :
2429 1732 2571 1804 quod
2598 1742 2681 1788 est
2709 1732 3055 1799 admirabile,
3095 1742 3151 1788 et
3186 1735 3360 1801 majus
3393 1749 3516 1790 om-

1917 1826 2063 1880 nium
2095 1821 2368 1896 opinione,
2395 1825 2538 1896 quod
2569 1840 2690 1880 cum
2718 1824 2949 1896 undique
2977 1825 3159 1879 hostes
3178 1833 3232 1879 et
3251 1825 3392 1879 mala
3410 1825 3520 1880 εἰν-

1913 1924 2200 1981 cumstent,
2225 1915 2276 1970 in
2306 1925 2417 1971 tuto
2440 1901 2756 1981 collocetur,
2779 1915 2868 1985 qui
2890 1915 2957 1970 ab
2979 1916 3057 1971 eis
3082 1915 3514 1972 circumsidetur.

1914 2005 1982 2060 Et
2022 2023 2176 2076 super
2215 2007 2347 2060 iram
2386 2007 2706 2060 inimicorum
2755 2022 2981 2061 meorum
3025 2006 3292 2061 extendisti
3335 2022 3517 2062 manus

1913 2106 2048 2151 tuas.
2077 2097 2246 2164 Alius,
2272 2098 2524 2152 Adversus
2548 2097 2932 2168 respirationem
2953 2095 3270 2152 inimicorum
3293 2115 3517 2152 meorum

1914 2189 2150 2244 extendes
2176 2189 2272 2261 (a).
2296 2189 2489 2244 Vidisti
2511 2189 2799 2244 maximam
2819 2202 2940 2243 esse
2965 2190 3257 2258 potentiam
3280 2189 3332 2243 in
3359 2190 3517 2245 utris—

1912 2295 2016 2353 que
2047 2280 2325 2350 partibus?
2348 2280 2482 2335 Nam
2508 2289 2562 2334 et
2586 2294 2694 2344 me,
2716 2279 2910 2350 inquit,
2934 2280 3025 2349 qui
3050 2280 3101 2333 in
3124 2280 3374 2335 maximis
3394 2294 3514 2335 ver-

1913 2389 2004 2428 sor
2028 2373 2204 2438 malis,
2233 2387 2554 2449 conservare
2580 2371 2804 2442 poteris,
2831 2379 2887 2426 et
2911 2371 3032 2426 illos
3057 2370 3237 2426 lurore
3261 2368 3515 2439 rabieque

1911 2464 2166 2534 percitos,
2196 2474 2251 2516 et
2277 2463 2454 2534 ignem
2485 2463 2771 2533 spirantes,
2797 2459 3032 2531 dejicere
3058 2469 3114 2515 et
3137 2461 3513 2528 comprimere.

1912 2555 1981 2609 Et
2003 2555 2197 2610 salvum
2228 2571 2308 2608 me
2348 2555 2466 2624 fecit
2505 2554 2715 2609 dextera
2751 2563 2858 2608 tua.
2888 2552 3074 2621 Alius,
3106 2551 3173 2607 Et
3211 2552 3407 2607 salvum
3436 2569 3518 2607 me

1913 2648 2063 2718 faciet
2084 2647 2292 2701 dextera
2317 2655 2403 2699 tua
2428 2642 2528 2716 (b),
2551 2644 2655 2700 hoc
2675 2652 2778 2712 est,
2807 2643 3044 2713 potentia
3073 2650 3180 2709 tua,
3207 2643 3376 2697 virtus
3400 2651 3510 2695 tua.

1911 2740 2025 2795 Deo
2063 2739 2206 2794 enim
2246 2746 2373 2793 sunt
2410 2737 2675 2807 expeditae
2710 2736 2811 2791 via:
2840 2749 3029 2790 omnes
3062 2745 3118 2790 et
3155 2735 3428 2801 rationes,
3458 2744 3515 2789 et

1909 2839 2088 2902 potest
2112 2830 2197 2885 vel
2222 2844 2286 2884 ex
2318 2829 2477 2884 rebus
2515 2826 2816 2896 desperatis
2853 2825 2919 2880 ad
2958 2827 3183 2881 salutem
3222 2825 3512 2882 adducere.

1911 2922 1966 2977 8.
1997 2921 2249 2975 Dominus
2273 2920 2512 2974 retribuet
2537 2935 2630 2990 pro
2656 2935 2753 2971 me.
2787 2917 2958 2983 Alius,
2987 2915 3183 2987 Eﬁiciet
3212 2915 3304 2987 (c).
3341 2918 3512 2982 Alius,

1911 3012 2168 3082 Perﬁciet,
2201 3012 2303 3066 boc
2331 3019 2434 3077 est,
2465 3010 2764 3067 Ulciscetur
2799 3001 3063 3063 inimicos.
3097 3006 3214 3062 Non
3242 3006 3379 3062 dixit
3412 3023 3512 3060 au-

1910 3115 2040 3170 tem,
2067 3103 2383 3168 Ulciscetur,
2408 3101 2526 3169 sed,
2553 3099 2830 3162 Iletribuet,
2863 3096 3156 3154 ostendens
3181 3097 3322 3168 quod
3349 3098 3513 3152 etiam

1911 3196 1957 3250 si
1982 3197 2080 3249 sim
2110 3195 2300 3249 rationi
2327 3192 2614 3248 reddendae
2637 3192 2918 3254 obnoxius,
2946 3191 3061 3259 ipse
3087 3190 3326 3243 exsolvet
3351 3199 3404 3242 et
3427 3203 3515 3241 sa-

1917 3284 2178 3350 tisfaciet;
2211 3293 2293 3338 est
2319 3285 2461 3337 enim
2492 3282 2774 3351 benignus.
2803 3279 2983 3334 Potest
3008 3287 3188 3334 autem
3220 3278 3322 3332 hoc
3349 3277 3512 3333 etiam

1917 3377 2021 3433 dici
2062 3376 2130 3431 de
2165 3375 2231 3430 iis
2264 3389 2382 3445 quae
2408 3389 2438 3428 a
2467 3373 2684 3427 Christo
2724 3385 2823 3440 pro
2857 3369 3012 3425 nobis
3045 3369 3182 3424 facta
3218 3377 3363 3424 sunt.
3393 3367 3512 3438 Ipse

1913 3468 2055 3524 enim
2083 3481 2181 3536 pro
2205 3465 2358 3520 nobis
2385 3462 2650 3518 retribuit.
2684 3459 2902 3514 Domine
2921 3499 2935 3524 ,
2968 3459 3313 3513 misericordia
3344 3468 3428 3510 sua
3457 3460 3512 3512 in

1908 3562 2170 3618 steculum.
2219 3558 2387 3628 Opera
2427 3570 2670 3610 manuum
2714 3563 2915 3607 tuarum
2955 3568 3020 3605 ne
3056 3551 3326 3620 despicias.
3369 3550 3512 3606 Duas

1909 3655 2065 3710 aﬂ’ert
2096 3653 2360 3714 rationes,
2395 3664 2491 3703 cur
2514 3647 2708 3702 debeat
2737 3643 2949 3713 assequi
2976 3642 3092 3711 ejus
3119 3639 3458 3696 clementiam
3493 3657 3506 3692 :

1909 3759 2069 3799 unam
2108 3741 2325 3813 quidem
2351 3780 2366 3805 ,
2399 3737 2539 3808 quod
2569 3738 2681 3805 ipse
2709 3735 2779 3790 sit
2805 3733 2977 3787 bonus
3006 3743 3061 3787 et
3087 3732 3392 3786 misericors
3413 3771 3426 3793 ,
3457 3739 3513 3784 et

1909 3834 2123 3891 assidue
2149 3832 2453 3886 misericors
2472 3869 2488 3891 .
2521 3835 2580 3881 ut
2609 3839 2898 3895 numquam
2931 3823 3377 3890 interrumpatur,
3409 3834 3511 3874 nec

1909 3925 2155 3990 desinat,
2198 3936 2299 3976 nec
2339 3918 2495 3973 cedat
2535 3917 2654 3986 ejus
2697 3913 2984 3970 clementia
3017 3930 3030 3966 :
3061 3911 3288 3968 alteram
3328 3917 3512 3965 autem

1913 4017 2053 4088 quod
2083 4017 2196 4084 ipse
2222 4015 2291 4068 sit
2319 4011 2541 4067 Creator
2566 4016 2622 4063 et
2649 4004 2860 4076 Opifex.

1984 4106 2336 4164 Misericordia
2360 4102 2460 4158 Dei
2486 4117 2590 4156 non
2627 4099 2779 4154 datur
2813 4097 3272 4153 indiseriminatim.
3302 4125 3374 4136 —
3398 4093 3507 4150 Sed

1909 4197 2357 4272 quemadmodum
2383 4194 2451 4248 ab
2477 4193 2556 4248 eis
2581 4188 2783 4246 servari
2811 4187 3080 4252 volumus,
3115 4186 3186 4239 ita
3212 4186 3373 4240 etiam
3400 4187 3507 4238 mi-

1909 4289 2200 4347 sericordia
2234 4287 2451 4356 dignum
2490 4281 2617 4352 quid
2655 4278 3000 4335 ostendamus
3027 4274 3232 4347 (Exod.
3261 4276 3348 4332 35.
3379 4273 3505 4341 l9).

1910 4381 2189 4436 Miserebor
2215 4379 2383 4443 enim,
2414 4373 2605 4444 inquit,
2632 4372 2777 4442 cujus
2804 4368 3077 4424 miserebor
3101 4365 3275 4438 (Rom.
3305 4365 3360 4421 9.
3391 4367 3506 4436 l5).

1908 4474 2023 4529 Non
2067 4471 2210 4526 enim
2247 4463 2719 4524 indiscriminatim
2760 4475 2884 4517 eum
2924 4457 3070 4515 subit
3106 4454 3504 4519 misericordia,

1909 4563 2004 4620 sed
2045 4563 2158 4632 ipse
2197 4559 2355 4616 etiam
2395 4555 2627 4625 aliquam
2661 4550 3060 4607 distinctionem
3097 4547 3335 4602 adhibet.
3367 4545 3421 4600 Si
3456 4545 3510 4600 id

1907 4654 2051 4711 enim
2080 4652 2279 4706 faceret
2305 4642 2790 4707 indiscriminatim,
2821 4652 2983 4694 nemo
3011 4651 3260 4706 umquam
3288 4635 3511 4705 punire-

1910 4757 2012 4802 tur.
2043 4744 2304 4812 Quocirca
2333 4753 2439 4794 non
2469 4735 2643 4791 solum
2671 4732 2928 4788 faciamus
2953 4743 3015 4782 ea
3041 4741 3160 4796 quae
3189 4733 3418 4795 oportet,
3451 4733 3508 4779 ut

1910 4833 2329 4894 misericordiam
2373 4840 2767 4898 consequamur
2784 4864 2807 4892 ,,
2842 4819 2938 4877 sed
2977 4820 3138 4876 etiam
3168 4818 3292 4888 quia
3327 4833 3357 4872 a
3393 4817 3514 4872 Deo

1909 4929 2032 4984 lacti
2060 4940 2264 4981 sumus.
2296 4923 2431 4977 Eum
2459 4919 2601 4974 enim
2627 4915 2717 4987 qui
2746 4929 2776 4968 a
2803 4914 2914 4969 Deo
2937 4920 3148 4968 creatus
3175 4917 3278 4974 est,
3303 4918 3357 4964 et
3386 4917 3505 4963 tan-

1911 5031 2022 5076 tum
2051 5018 2235 5073 habuit
2263 5013 2518 5085 Opiﬁcem
2544 5017 2600 5065 et
2627 5009 2828 5078 Regem
2849 5047 2864 5073 ,
2891 5011 3103 5075 oportet
3137 5016 3197 5057 se
3226 5001 3295 5058 ita
3319 5014 3509 5070 gerere

1909 5122 1969 5168 ut
2014 5110 2154 5166 illius
2191 5121 2321 5163 cura
2359 5113 2414 5160 et
2451 5099 2783 5173 providentia
2825 5111 2885 5152 se
2925 5109 3032 5150 non
3073 5107 3195 5149 esse
3233 5091 3516 5160 indignum

1909 5203 2174 5263 ostendat.
2201 5201 2258 5256 Si
2284 5199 2401 5254 haec
2427 5196 2704 5259 iaciamus,
2727 5191 2865 5247 bona
2894 5189 3069 5244 futura
3093 5197 3507 5254 consequemur,

1910 5314 2029 5370 quae
2059 5294 2215 5351 nobis
2243 5291 2516 5359 contingat
2544 5288 2779 5356 assequi,
2808 5283 2978 5354 gratia
3000 5290 3056 5337 et
3082 5277 3367 5337 clementia
3399 5274 3509 5370 Do-

1910 5364 2042 5446 mini
2082 5384 2250 5442 nostri
2287 5383 2417 5438 Jesu
2439 5378 2680 5444 Christi,
2706 5375 2792 5431 cui
2820 5374 2986 5446 gloria
3013 5379 3068 5428 et
3104 5369 3424 5442 imperium»,
3454 5364 3520 5422 in

1911 5482 2106 5541 sacula
2134 5476 2473 5535 seculorum.
2506 5473 2700 5528 Amen.

1973 5662 2046 5720 (a)
2081 5667 2194 5709 Haec
2215 5650 2559 5720 interpretatio

1978 5664 2025 5720 (α
2081 5667 2194 5709 Haec
2215 5662 2559 5717 interpretatio
2581 5662 2661 5699 ess
2679 5662 2961 5712 symmacm.

1978 5662 2048 5786 (bl
2083 5722 2313 5786 uicitem
2334 5717 2582 5786 interpres
2607 5717 2692 5786 est
2713 5706 3038 5786 emacitas.

2081 5784 2136 5832 Hi
2169 5771 2576 5842 iuterpretes‘qui
2599 5774 2698 5824 sint
2718 5771 2980 5821 nescimus.
