  <div class='ocr_page' id='page_1' title='image "/cluster/home/n/w/nwhite01/storage/ocr_20150623/55/ien.35556001660828/405.png"; bbox 0 0 4056 6432; ppageno 0'>
   <div class='ocr_carea' id='block_1_1' title="bbox 534 314 635 373">
    <p class='ocr_par' dir='ltr' id='par_1_1' title="bbox 534 314 635 373">
     <span class='ocr_line' id='line_1_1' title="bbox 534 314 635 373; baseline 0.02 -2"><span class='ocrx_word' id='word_1_1' title='bbox 534 314 635 373; x_wconf 67' lang='lat' dir='ltr'><strong>bii</strong></span> 
     </span>
    </p>
   </div>
   <div class='ocr_carea' id='block_1_2' title="bbox 932 404 1725 482">
    <p class='ocr_par' dir='ltr' id='par_1_2' title="bbox 932 404 1725 482">
     <span class='ocr_line' id='line_1_2' title="bbox 932 404 1725 482; baseline -0.009 0"><span class='ocrx_word' id='word_1_2' title='bbox 932 424 999 481; x_wconf 83' lang='lat' dir='ltr'><strong>IN</strong></span> <span class='ocrx_word' id='word_1_3' title='bbox 1032 404 1359 482; x_wconf 75' lang='lat' dir='ltr'><strong>PSAqu</strong></span> <span class='ocrx_word' id='word_1_4' title='bbox 1396 420 1725 479; x_wconf 79' lang='lat' dir='ltr'><strong>cxxxvm.</strong></span> 
     </span>
    </p>
   </div>
   <div class='ocr_carea' id='block_1_3' title="bbox 886 551 1758 624">
    <p class='ocr_par' dir='ltr' id='par_1_3' title="bbox 886 551 1758 624">
     <span class='ocr_line' id='line_1_3' title="bbox 886 551 1758 624; baseline -0.006 -12"><span class='ocrx_word' id='word_1_5' title='bbox 886 557 940 613; x_wconf 85' lang='grc'><strong>1.</strong></span> <span class='ocrx_word' id='word_1_6' title='bbox 984 551 1053 610; x_wconf 82' lang='lat' dir='ltr'><strong>In</strong></span> <span class='ocrx_word' id='word_1_7' title='bbox 1079 556 1263 624; x_wconf 80' lang='lat' dir='ltr'><strong>ﬁnem,</strong></span> <span class='ocrx_word' id='word_1_8' title='bbox 1292 554 1515 609; x_wconf 69' lang='lat' dir='ltr'><strong>uictoriae</strong></span> <span class='ocrx_word' id='word_1_9' title='bbox 1546 555 1758 609; x_wconf 65' lang='lat' dir='ltr'><strong>auctori.</strong></span> 
     </span>
    </p>
   </div>
   <div class='ocr_carea' id='block_1_4' title="bbox 771 668 1870 742">
    <p class='ocr_par' dir='ltr' id='par_1_4' title="bbox 771 668 1870 742">
     <span class='ocr_line' id='line_1_4' title="bbox 771 668 1870 742; baseline -0.002 -19"><span class='ocrx_word' id='word_1_10' title='bbox 771 668 1019 737; x_wconf 74' lang='lat' dir='ltr'><strong>Domine,</strong></span> <span class='ocrx_word' id='word_1_11' title='bbox 1045 669 1266 742; x_wconf 62' lang='lat' dir='ltr'><strong>probati</strong></span> <span class='ocrx_word' id='word_1_12' title='bbox 1285 685 1384 739; x_wconf 87' lang='lat' dir='ltr'><strong>me,</strong></span> <span class='ocrx_word' id='word_1_13' title='bbox 1405 677 1453 726; x_wconf 81' lang='lat' dir='ltr'><strong>ot</strong></span> <span class='ocrx_word' id='word_1_14' title='bbox 1474 670 1749 741; x_wconf 80' lang='lat' dir='ltr'><strong>cognovisti</strong></span> <span class='ocrx_word' id='word_1_15' title='bbox 1775 686 1870 725; x_wconf 83' lang='lat' dir='ltr'><strong>me.</strong></span> 
     </span>
    </p>
   </div>
   <div class='ocr_carea' id='block_1_5' title="bbox 605 781 2112 853">
    <p class='ocr_par' dir='ltr' id='par_1_5' title="bbox 605 781 2112 853">
     <span class='ocr_line' id='line_1_5' title="bbox 605 781 2112 853; baseline -0.001 -16"><span class='ocrx_word' id='word_1_16' title='bbox 605 782 657 837; x_wconf 90' lang='grc'><strong>1.</strong></span> <span class='ocrx_word' id='word_1_17' title='bbox 688 781 959 849; x_wconf 75' lang='lat' dir='ltr'><strong>Quomodo</strong></span> <span class='ocrx_word' id='word_1_18' title='bbox 981 798 1096 848; x_wconf 71' lang='lat' dir='ltr'><strong>socc,</strong></span> <span class='ocrx_word' id='word_1_19' title='bbox 1126 781 1385 852; x_wconf 86' lang='lat' dir='ltr'><strong>probasti,</strong></span> <span class='ocrx_word' id='word_1_20' title='bbox 1408 782 1471 838; x_wconf 72' lang='lat' dir='ltr'><strong>de</strong></span> <span class='ocrx_word' id='word_1_21' title='bbox 1504 781 1615 838; x_wconf 87' lang='lat' dir='ltr'><strong>Deo</strong></span> <span class='ocrx_word' id='word_1_22' title='bbox 1652 782 1979 853; x_wconf 83' lang='lat' dir='ltr'><strong>intelligenda</strong></span> <span class='ocrx_word' id='word_1_23' title='bbox 2013 782 2112 846; x_wconf 84' lang='lat' dir='ltr'><strong>sit;</strong></span> 
     </span>
    </p>
   </div>
   <div class='ocr_carea' id='block_1_6' title="bbox 530 871 2111 943">
    <p class='ocr_par' dir='ltr' id='par_1_6' title="bbox 530 871 2111 943">
     <span class='ocr_line' id='line_1_6' title="bbox 530 871 2111 943; baseline 0.001 -17"><span class='ocrx_word' id='word_1_24' title='bbox 530 872 685 926; x_wconf 84' lang='lat' dir='ltr'><strong>sessio</strong></span> <span class='ocrx_word' id='word_1_25' title='bbox 710 882 757 927; x_wconf 90' lang='lat' dir='ltr'><strong>et</strong></span> <span class='ocrx_word' id='word_1_26' title='bbox 783 874 1080 927; x_wconf 70' lang='lat' dir='ltr'><strong>ram-restio</strong></span> <span class='ocrx_word' id='word_1_27' title='bbox 1104 873 1257 943; x_wconf 83' lang='lat' dir='ltr'><strong>quid;</strong></span> <span class='ocrx_word' id='word_1_28' title='bbox 1286 872 1382 927; x_wconf 90' lang='lat' dir='ltr'><strong>Dei</strong></span> <span class='ocrx_word' id='word_1_29' title='bbox 1409 874 1751 943; x_wconf 64' lang='lat' dir='ltr'><strong>prcscientia.</strong></span> <span class='ocrx_word' id='word_1_30' title='bbox 1770 902 1840 914; x_wconf 89' lang='lat'><strong><em>—</em></strong></span> <span class='ocrx_word' id='word_1_31' title='bbox 1862 871 2001 939; x_wconf 87' lang='lat' dir='ltr'><strong>Quid</strong></span> <span class='ocrx_word' id='word_1_32' title='bbox 2025 872 2111 927; x_wconf 85' lang='lat' dir='ltr'><strong>di-</strong></span> 
     </span>
    </p>
   </div>
   <div class='ocr_carea' id='block_1_7' title="bbox 529 962 2109 1037">
    <p class='ocr_par' dir='ltr' id='par_1_7' title="bbox 529 962 2109 1037">
     <span class='ocr_line' id='line_1_7' title="bbox 529 962 2109 1037; baseline 0.003 -21"><span class='ocrx_word' id='word_1_33' title='bbox 529 963 608 1016; x_wconf 87' lang='lat' dir='ltr'><strong>cis</strong></span> <span class='ocrx_word' id='word_1_34' title='bbox 627 962 654 1015; x_wconf 75' lang='lat'><strong>?</strong></span> <span class='ocrx_word' id='word_1_35' title='bbox 681 964 829 1019; x_wconf 79' lang='lat' dir='ltr'><strong>novit</strong></span> <span class='ocrx_word' id='word_1_36' title='bbox 856 965 1017 1031; x_wconf 87' lang='lat' dir='ltr'><strong>Deus,</strong></span> <span class='ocrx_word' id='word_1_37' title='bbox 1050 975 1327 1036; x_wconf 89' lang='lat' dir='ltr'><strong>postquam</strong></span> <span class='ocrx_word' id='word_1_38' title='bbox 1354 966 1597 1035; x_wconf 79' lang='lat' dir='ltr'><strong>probavit</strong></span> <span class='ocrx_word' id='word_1_39' title='bbox 1623 981 1640 1021; x_wconf 88' lang='lat'><strong>:</strong></span> <span class='ocrx_word' id='word_1_40' title='bbox 1666 975 1950 1037; x_wconf 90' lang='lat' dir='ltr'><strong>antequam</strong></span> <span class='ocrx_word' id='word_1_41' title='bbox 1980 981 2109 1036; x_wconf 89' lang='lat' dir='ltr'><strong>pro-</strong></span> 
     </span>
    </p>
   </div>
   <div class='ocr_carea' id='block_1_8' title="bbox 532 1054 2106 1125">
    <p class='ocr_par' dir='ltr' id='par_1_8' title="bbox 532 1054 2106 1125">
     <span class='ocr_line' id='line_1_8' title="bbox 532 1054 2106 1125; baseline 0.003 -20"><span class='ocrx_word' id='word_1_42' title='bbox 532 1054 675 1107; x_wconf 81' lang='lat' dir='ltr'><strong>bavit</strong></span> <span class='ocrx_word' id='word_1_43' title='bbox 699 1064 876 1110; x_wconf 86' lang='lat' dir='ltr'><strong>autem</strong></span> <span class='ocrx_word' id='word_1_44' title='bbox 896 1095 912 1121; x_wconf 95' lang='lat'><strong>,</strong></span> <span class='ocrx_word' id='word_1_45' title='bbox 952 1069 1057 1110; x_wconf 87' lang='lat' dir='ltr'><strong>non</strong></span> <span class='ocrx_word' id='word_1_46' title='bbox 1086 1056 1278 1111; x_wconf 76' lang='lat' dir='ltr'><strong>novit?</strong></span> <span class='ocrx_word' id='word_1_47' title='bbox 1305 1056 1475 1111; x_wconf 74' lang='lat' dir='ltr'><strong>Absit;</strong></span> <span class='ocrx_word' id='word_1_48' title='bbox 1501 1055 1777 1124; x_wconf 83' lang='lat' dir='ltr'><strong><em>Quomodo</em></strong></span> <span class='ocrx_word' id='word_1_49' title='bbox 1806 1058 1947 1111; x_wconf 88' lang='lat' dir='ltr'><strong>enim</strong></span> <span class='ocrx_word' id='word_1_50' title='bbox 1973 1096 1988 1120; x_wconf 92' lang='lat'><strong>,</strong></span> <span class='ocrx_word' id='word_1_51' title='bbox 2017 1055 2106 1125; x_wconf 88' lang='lat' dir='ltr'><strong>qui</strong></span> 
     </span>
    </p>
   </div>
   <div class='ocr_carea' id='block_1_9' title="bbox 530 1144 2108 1217">
    <p class='ocr_par' dir='ltr' id='par_1_9' title="bbox 530 1144 2108 1217">
     <span class='ocr_line' id='line_1_9' title="bbox 530 1144 2108 1217; baseline 0.001 -20"><span class='ocrx_word' id='word_1_52' title='bbox 530 1144 709 1198; x_wconf 90' lang='lat' dir='ltr'><strong>omnia</strong></span> <span class='ocrx_word' id='word_1_53' title='bbox 751 1146 899 1200; x_wconf 74' lang='lat' dir='ltr'><strong>norit</strong></span> <span class='ocrx_word' id='word_1_54' title='bbox 934 1154 1217 1217; x_wconf 76' lang='lat' dir='ltr'><strong>antequam</strong></span> <span class='ocrx_word' id='word_1_55' title='bbox 1260 1146 1491 1202; x_wconf 77' lang='lat' dir='ltr'><strong>ﬁerent?</strong></span> <span class='ocrx_word' id='word_1_56' title='bbox 1525 1147 1623 1202; x_wconf 84' lang='lat' dir='ltr'><strong>sed</strong></span> <span class='ocrx_word' id='word_1_57' title='bbox 1659 1146 1787 1201; x_wconf 86' lang='lat' dir='ltr'><strong>illud</strong></span> <span class='ocrx_word' id='word_1_58' title='bbox 1817 1188 1833 1213; x_wconf 93' lang='lat'><strong>,</strong></span> <span class='ocrx_word' id='word_1_59' title='bbox 1874 1145 2108 1199; x_wconf 83' lang='lat' dir='ltr'><strong>Probasti</strong></span> 
     </span>
    </p>
   </div>
   <div class='ocr_carea' id='block_1_10' title="bbox 532 1232 2102 1309">
    <p class='ocr_par' dir='ltr' id='par_1_10' title="bbox 532 1232 2102 1309">
     <span class='ocr_line' id='line_1_10' title="bbox 532 1232 2102 1309; baseline 0.004 -23"><span class='ocrx_word' id='word_1_60' title='bbox 532 1248 613 1288; x_wconf 89' lang='lat' dir='ltr'><strong>me</strong></span> <span class='ocrx_word' id='word_1_61' title='bbox 641 1232 663 1304; x_wconf 90' lang='lat'>(</span> <span class='ocrx_word' id='word_1_62' title='bbox 687 1234 823 1290; x_wconf 85' lang='lat' dir='ltr'><strong>Dan.</strong></span> <span class='ocrx_word' id='word_1_63' title='bbox 852 1236 940 1291; x_wconf 78' lang='lat' dir='ltr'><strong>l5.</strong></span> <span class='ocrx_word' id='word_1_64' title='bbox 972 1235 1043 1291; x_wconf 67' lang='grc'><strong>62</strong></span> <span class='ocrx_word' id='word_1_65' title='bbox 1068 1235 1122 1309; x_wconf 84' lang='grc'><strong>).</strong></span> <span class='ocrx_word' id='word_1_66' title='bbox 1162 1236 1425 1308; x_wconf 82' lang='lat' dir='ltr'><strong>significat</strong></span> <span class='ocrx_word' id='word_1_67' title='bbox 1445 1277 1461 1305; x_wconf 94' lang='lat'><strong>,</strong></span> <span class='ocrx_word' id='word_1_68' title='bbox 1490 1238 1574 1293; x_wconf 77' lang='lat' dir='ltr'><strong>Me</strong></span> <span class='ocrx_word' id='word_1_69' title='bbox 1611 1239 1842 1309; x_wconf 74' lang='lat' dir='ltr'><strong>perfecte</strong></span> <span class='ocrx_word' id='word_1_70' title='bbox 1886 1236 2102 1294; x_wconf 76' lang='lat' dir='ltr'><strong>novisti.</strong></span> 
     </span>
    </p>
   </div>
   <div class='ocr_carea' id='block_1_11' title="bbox 531 1323 2105 1403">
    <p class='ocr_par' dir='ltr' id='par_1_11' title="bbox 531 1323 2105 1403">
     <span class='ocr_line' id='line_1_11' title="bbox 531 1323 2105 1403; baseline 0.004 -27"><span class='ocrx_word' id='word_1_71' title='bbox 531 1323 987 1390; x_wconf 78' lang='lat' dir='ltr'><strong>Quemadmodum</strong></span> <span class='ocrx_word' id='word_1_72' title='bbox 1026 1328 1168 1382; x_wconf 89' lang='lat' dir='ltr'><strong>enim</strong></span> <span class='ocrx_word' id='word_1_73' title='bbox 1211 1327 1523 1402; x_wconf 74' lang='lat' dir='ltr'><strong>Apostolus,</strong></span> <span class='ocrx_word' id='word_1_74' title='bbox 1564 1328 1778 1403; x_wconf 82' lang='lat' dir='ltr'><strong>quando</strong></span> <span class='ocrx_word' id='word_1_75' title='bbox 1814 1327 1942 1383; x_wconf 90' lang='lat' dir='ltr'><strong>dicit</strong></span> <span class='ocrx_word' id='word_1_76' title='bbox 1982 1343 2105 1383; x_wconf 90' lang='lat' dir='ltr'><strong>eum</strong></span> 
     </span>
    </p>
   </div>
   <div class='ocr_carea' id='block_1_12' title="bbox 528 1414 2105 1490">
    <p class='ocr_par' dir='ltr' id='par_1_12' title="bbox 528 1414 2105 1490">
     <span class='ocr_line' id='line_1_12' title="bbox 528 1414 2105 1490; baseline 0.006 -24"><span class='ocrx_word' id='word_1_77' title='bbox 528 1414 690 1467; x_wconf 88' lang='lat' dir='ltr'><strong>corda</strong></span> <span class='ocrx_word' id='word_1_78' title='bbox 717 1417 939 1471; x_wconf 88' lang='lat' dir='ltr'><strong>scrutari</strong></span> <span class='ocrx_word' id='word_1_79' title='bbox 968 1415 989 1488; x_wconf 91' lang='lat'>(</span> <span class='ocrx_word' id='word_1_80' title='bbox 1010 1417 1159 1473; x_wconf 83' lang='lat' dir='ltr'><strong>Rom.</strong></span> <span class='ocrx_word' id='word_1_81' title='bbox 1185 1420 1238 1475; x_wconf 88' lang='lat'><strong>8.</strong></span> <span class='ocrx_word' id='word_1_82' title='bbox 1265 1418 1333 1473; x_wconf 77' lang='lat'><strong>27</strong></span> <span class='ocrx_word' id='word_1_83' title='bbox 1354 1420 1371 1487; x_wconf 93' lang='lat'><strong>)</strong></span> <span class='ocrx_word' id='word_1_84' title='bbox 1392 1461 1407 1483; x_wconf 89' lang='lat'><strong>,</strong></span> <span class='ocrx_word' id='word_1_85' title='bbox 1439 1434 1545 1474; x_wconf 92' lang='lat' dir='ltr'><strong>non</strong></span> <span class='ocrx_word' id='word_1_86' title='bbox 1574 1420 1985 1490; x_wconf 75' lang='lat' dir='ltr'><strong>ignorationem,</strong></span> <span class='ocrx_word' id='word_1_87' title='bbox 2010 1421 2105 1476; x_wconf 88' lang='lat' dir='ltr'><strong>sed</strong></span> 
     </span>
    </p>
   </div>
   <div class='ocr_carea' id='block_1_13' title="bbox 528 1504 2107 1581">
    <p class='ocr_par' dir='ltr' id='par_1_13' title="bbox 528 1504 2107 1581">
     <span class='ocr_line' id='line_1_13' title="bbox 528 1504 2107 1581; baseline 0.007 -24"><span class='ocrx_word' id='word_1_88' title='bbox 528 1504 816 1572; x_wconf 79' lang='lat' dir='ltr'><strong>perfectam</strong></span> <span class='ocrx_word' id='word_1_89' title='bbox 843 1508 1198 1578; x_wconf 79' lang='lat' dir='ltr'><strong>cognitionem</strong></span> <span class='ocrx_word' id='word_1_90' title='bbox 1227 1510 1530 1581; x_wconf 79' lang='lat' dir='ltr'><strong>signiﬁcans</strong></span> <span class='ocrx_word' id='word_1_91' title='bbox 1552 1512 1653 1566; x_wconf 89' lang='lat' dir='ltr'><strong>hoc</strong></span> <span class='ocrx_word' id='word_1_92' title='bbox 1671 1510 1831 1567; x_wconf 87' lang='lat' dir='ltr'><strong>dicit:</strong></span> <span class='ocrx_word' id='word_1_93' title='bbox 1853 1513 1922 1567; x_wconf 89' lang='lat' dir='ltr'><strong>ita</strong></span> <span class='ocrx_word' id='word_1_94' title='bbox 1944 1513 2107 1569; x_wconf 89' lang='lat' dir='ltr'><strong>etiam</strong></span> 
     </span>
    </p>
   </div>
   <div class='ocr_carea' id='block_1_14' title="bbox 526 1592 2106 1673">
    <p class='ocr_par' dir='ltr' id='par_1_14' title="bbox 526 1592 2106 1673">
     <span class='ocr_line' id='line_1_14' title="bbox 526 1592 2106 1673; baseline 0.008 -26"><span class='ocrx_word' id='word_1_95' title='bbox 526 1592 616 1647; x_wconf 85' lang='lat' dir='ltr'><strong>hic</strong></span> <span class='ocrx_word' id='word_1_96' title='bbox 637 1608 757 1648; x_wconf 87' lang='lat' dir='ltr'><strong>cum</strong></span> <span class='ocrx_word' id='word_1_97' title='bbox 786 1595 946 1664; x_wconf 89' lang='lat' dir='ltr'><strong>dicit,</strong></span> <span class='ocrx_word' id='word_1_98' title='bbox 984 1596 1223 1655; x_wconf 86' lang='lat' dir='ltr'><strong>Probasti</strong></span> <span class='ocrx_word' id='word_1_99' title='bbox 1242 1616 1339 1666; x_wconf 89' lang='lat' dir='ltr'><strong>me,</strong></span> <span class='ocrx_word' id='word_1_100' title='bbox 1366 1600 1819 1657; x_wconf 86' lang='lat' dir='ltr'><strong>evidentissimam</strong></span> <span class='ocrx_word' id='word_1_101' title='bbox 1844 1603 2106 1673; x_wconf 87' lang='lat' dir='ltr'><strong>signicat</strong></span> 
     </span>
    </p>
   </div>
   <div class='ocr_carea' id='block_1_15' title="bbox 525 1686 2105 1761">
    <p class='ocr_par' dir='ltr' id='par_1_15' title="bbox 525 1686 2105 1761">
     <span class='ocr_line' id='line_1_15' title="bbox 525 1686 2105 1761; baseline 0.008 -24"><span class='ocrx_word' id='word_1_102' title='bbox 525 1686 880 1761; x_wconf 82' lang='lat' dir='ltr'><strong>cognitionem</strong></span> <span class='ocrx_word' id='word_1_103' title='bbox 906 1730 921 1752; x_wconf 86' lang='lat'><strong>,</strong></span> <span class='ocrx_word' id='word_1_104' title='bbox 961 1689 1062 1744; x_wconf 90' lang='lat' dir='ltr'><strong>hoc</strong></span> <span class='ocrx_word' id='word_1_105' title='bbox 1100 1698 1215 1756; x_wconf 89' lang='lat' dir='ltr'><strong>est,</strong></span> <span class='ocrx_word' id='word_1_106' title='bbox 1243 1690 1320 1745; x_wconf 80' lang='lat' dir='ltr'><strong>Tu</strong></span> <span class='ocrx_word' id='word_1_107' title='bbox 1360 1707 1447 1747; x_wconf 90' lang='lat' dir='ltr'><strong>me</strong></span> <span class='ocrx_word' id='word_1_108' title='bbox 1483 1694 1715 1761; x_wconf 89' lang='lat' dir='ltr'><strong>perfecte</strong></span> <span class='ocrx_word' id='word_1_109' title='bbox 1754 1694 1914 1749; x_wconf 75' lang='lat' dir='ltr'><strong>nosti.</strong></span> <span class='ocrx_word' id='word_1_110' title='bbox 1941 1695 1995 1750; x_wconf 78' lang='grc'><strong>2.</strong></span> <span class='ocrx_word' id='word_1_111' title='bbox 2028 1695 2105 1750; x_wconf 83' lang='lat' dir='ltr'><strong>Tu</strong></span> 
     </span>
    </p>
   </div>
   <div class='ocr_carea' id='block_1_16' title="bbox 523 1760 2105 1847">
    <p class='ocr_par' dir='ltr' id='par_1_16' title="bbox 523 1760 2105 1847">
     <span class='ocr_line' id='line_1_16' title="bbox 523 1760 2105 1847; baseline 0.008 -18"><span class='ocrx_word' id='word_1_112' title='bbox 523 1760 798 1847; x_wconf 76' lang='lat' dir='ltr'><strong>cognovisti</strong></span> <span class='ocrx_word' id='word_1_113' title='bbox 825 1780 1091 1834; x_wconf 82' lang='lat' dir='ltr'><strong>sessionem</strong></span> <span class='ocrx_word' id='word_1_114' title='bbox 1117 1798 1278 1835; x_wconf 85' lang='lat' dir='ltr'><strong>meam</strong></span> <span class='ocrx_word' id='word_1_115' title='bbox 1305 1792 1350 1837; x_wconf 82' lang='lat' dir='ltr'><strong>et</strong></span> <span class='ocrx_word' id='word_1_116' title='bbox 1372 1785 1777 1838; x_wconf 76' lang='lat' dir='ltr'><strong>resurrectionem</strong></span> <span class='ocrx_word' id='word_1_117' title='bbox 1800 1802 1981 1839; x_wconf 82' lang='lat' dir='ltr'><strong>meam.</strong></span> <span class='ocrx_word' id='word_1_118' title='bbox 2002 1786 2105 1841; x_wconf 86' lang='lat' dir='ltr'><strong>Per</strong></span> 
     </span>
    </p>
   </div>
   <div class='ocr_carea' id='block_1_17' title="bbox 510 1870 2099 1946">
    <p class='ocr_par' dir='ltr' id='par_1_17' title="bbox 510 1870 2099 1946">
     <span class='ocr_line' id='line_1_17' title="bbox 510 1870 2099 1946; baseline 0.006 -24"><span class='ocrx_word' id='word_1_119' title='bbox 510 1870 815 1937; x_wconf 79' lang='lat' dir='ltr'><strong>sessionem</strong></span> <span class='ocrx_word' id='word_1_120' title='bbox 841 1880 895 1927; x_wconf 88' lang='lat' dir='ltr'><strong>et</strong></span> <span class='ocrx_word' id='word_1_121' title='bbox 914 1873 1355 1928; x_wconf 86' lang='lat' dir='ltr'><strong>resurrectionem</strong></span> <span class='ocrx_word' id='word_1_122' title='bbox 1383 1888 1595 1929; x_wconf 84' lang='lat' dir='ltr'><strong>omnem</strong></span> <span class='ocrx_word' id='word_1_123' title='bbox 1618 1875 1777 1929; x_wconf 82' lang='lat' dir='ltr'><strong>vitam</strong></span> <span class='ocrx_word' id='word_1_124' title='bbox 1804 1876 2099 1946; x_wconf 78' lang='lat' dir='ltr'><strong>signiﬁcat;</strong></span> 
     </span>
    </p>
   </div>
   <div class='ocr_carea' id='block_1_18' title="bbox 522 1955 2104 2036">
    <p class='ocr_par' dir='ltr' id='par_1_18' title="bbox 522 1955 2104 2036">
     <span class='ocr_line' id='line_1_18' title="bbox 522 1955 2104 2036; baseline 0.009 -28"><span class='ocrx_word' id='word_1_125' title='bbox 522 1955 575 2009; x_wconf 89' lang='lat' dir='ltr'><strong>in</strong></span> <span class='ocrx_word' id='word_1_126' title='bbox 605 1957 686 2012; x_wconf 89' lang='lat' dir='ltr'><strong>his</strong></span> <span class='ocrx_word' id='word_1_127' title='bbox 714 1958 857 2014; x_wconf 90' lang='lat' dir='ltr'><strong>enim</strong></span> <span class='ocrx_word' id='word_1_128' title='bbox 885 1966 993 2016; x_wconf 91' lang='lat' dir='ltr'><strong>tota</strong></span> <span class='ocrx_word' id='word_1_129' title='bbox 1018 1960 1126 2014; x_wconf 79' lang='lat' dir='ltr'><strong>vita</strong></span> <span class='ocrx_word' id='word_1_130' title='bbox 1162 1970 1341 2017; x_wconf 88' lang='lat' dir='ltr'><strong>nostra</strong></span> <span class='ocrx_word' id='word_1_131' title='bbox 1376 1964 1655 2030; x_wconf 83' lang='lat' dir='ltr'><strong>consistit;</strong></span> <span class='ocrx_word' id='word_1_132' title='bbox 1684 1964 1943 2031; x_wconf 87' lang='lat' dir='ltr'><strong>actiones,</strong></span> <span class='ocrx_word' id='word_1_133' title='bbox 1974 1981 2104 2036; x_wconf 89' lang='lat' dir='ltr'><strong>ope-</strong></span> 
     </span>
    </p>
   </div>
   <div class='ocr_carea' id='block_1_19' title="bbox 519 2047 2101 2126">
    <p class='ocr_par' dir='ltr' id='par_1_19' title="bbox 519 2047 2101 2126">
     <span class='ocr_line' id='line_1_19' title="bbox 519 2047 2101 2126; baseline 0.008 -24"><span class='ocrx_word' id='word_1_134' title='bbox 519 2047 777 2117; x_wconf 86' lang='lat' dir='ltr'><strong>rationes,</strong></span> <span class='ocrx_word' id='word_1_135' title='bbox 806 2051 1073 2120; x_wconf 83' lang='lat' dir='ltr'><strong>ingressus</strong></span> <span class='ocrx_word' id='word_1_136' title='bbox 1093 2061 1148 2107; x_wconf 84' lang='lat' dir='ltr'><strong>et</strong></span> <span class='ocrx_word' id='word_1_137' title='bbox 1172 2052 1367 2108; x_wconf 79' lang='lat' dir='ltr'><strong>exitus.</strong></span> <span class='ocrx_word' id='word_1_138' title='bbox 1395 2054 1596 2110; x_wconf 81' lang='lat' dir='ltr'><strong>Deinde</strong></span> <span class='ocrx_word' id='word_1_139' title='bbox 1619 2057 1868 2126; x_wconf 87' lang='lat' dir='ltr'><strong>quoniam</strong></span> <span class='ocrx_word' id='word_1_140' title='bbox 1889 2056 2021 2113; x_wconf 89' lang='lat' dir='ltr'><strong>dixit</strong></span> <span class='ocrx_word' id='word_1_141' title='bbox 2046 2058 2101 2115; x_wconf 89' lang='lat' dir='ltr'><strong>in</strong></span> 
     </span>
    </p>
   </div>
   <div class='ocr_carea' id='block_1_20' title="bbox 519 2141 2101 2217">
    <p class='ocr_par' dir='ltr' id='par_1_20' title="bbox 519 2141 2101 2217">
     <span class='ocr_line' id='line_1_20' title="bbox 519 2141 2101 2217; baseline 0.007 -23"><span class='ocrx_word' id='word_1_142' title='bbox 519 2141 801 2211; x_wconf 87' lang='lat' dir='ltr'><strong>principio,</strong></span> <span class='ocrx_word' id='word_1_143' title='bbox 827 2141 1065 2198; x_wconf 84' lang='lat' dir='ltr'><strong>Probasti</strong></span> <span class='ocrx_word' id='word_1_144' title='bbox 1089 2142 1170 2198; x_wconf 83' lang='lat' dir='ltr'><strong>me</strong></span> <span class='ocrx_word' id='word_1_145' title='bbox 1193 2160 1217 2199; x_wconf 90' lang='lat'><strong><em>:</em></strong></span> <span class='ocrx_word' id='word_1_146' title='bbox 1238 2161 1306 2200; x_wconf 87' lang='lat' dir='ltr'><strong>ne</strong></span> <span class='ocrx_word' id='word_1_147' title='bbox 1333 2145 1453 2215; x_wconf 85' lang='lat' dir='ltr'><strong>quis</strong></span> <span class='ocrx_word' id='word_1_148' title='bbox 1480 2146 1638 2217; x_wconf 90' lang='lat' dir='ltr'><strong>paulo</strong></span> <span class='ocrx_word' id='word_1_149' title='bbox 1664 2147 2101 2205; x_wconf 83' lang='lat' dir='ltr'><strong>inconsideratior</strong></span> 
     </span>
    </p>
   </div>
   <div class='ocr_carea' id='block_1_21' title="bbox 517 2236 2099 2310">
    <p class='ocr_par' dir='ltr' id='par_1_21' title="bbox 517 2236 2099 2310">
     <span class='ocr_line' id='line_1_21' title="bbox 517 2236 2099 2310; baseline 0.008 -28"><span class='ocrx_word' id='word_1_150' title='bbox 517 2238 731 2299; x_wconf 78' lang='lat' dir='ltr'><strong>putaret</strong></span> <span class='ocrx_word' id='word_1_151' title='bbox 753 2247 874 2287; x_wconf 88' lang='lat' dir='ltr'><strong>eum</strong></span> <span class='ocrx_word' id='word_1_152' title='bbox 898 2248 1057 2289; x_wconf 90' lang='lat' dir='ltr'><strong>nosse</strong></span> <span class='ocrx_word' id='word_1_153' title='bbox 1084 2249 1151 2290; x_wconf 91' lang='lat' dir='ltr'><strong>ex</strong></span> <span class='ocrx_word' id='word_1_154' title='bbox 1174 2236 1507 2304; x_wconf 83' lang='lat' dir='ltr'><strong>probatione,</strong></span> <span class='ocrx_word' id='word_1_155' title='bbox 1536 2237 1620 2292; x_wconf 84' lang='lat' dir='ltr'><strong>vel</strong></span> <span class='ocrx_word' id='word_1_156' title='bbox 1648 2253 1715 2292; x_wconf 92' lang='lat' dir='ltr'><strong>ex</strong></span> <span class='ocrx_word' id='word_1_157' title='bbox 1735 2253 1911 2293; x_wconf 89' lang='lat' dir='ltr'><strong>rerum</strong></span> <span class='ocrx_word' id='word_1_158' title='bbox 1936 2256 2099 2310; x_wconf 87' lang='lat' dir='ltr'><strong>expe-</strong></span> 
     </span>
    </p>
   </div>
   <div class='ocr_carea' id='block_1_22' title="bbox 517 2321 2100 2399">
    <p class='ocr_par' dir='ltr' id='par_1_22' title="bbox 517 2321 2100 2399">
     <span class='ocr_line' id='line_1_22' title="bbox 517 2321 2100 2399; baseline 0.008 -26"><span class='ocrx_word' id='word_1_159' title='bbox 517 2321 731 2387; x_wconf 84' lang='lat' dir='ltr'><strong>rientia,</strong></span> <span class='ocrx_word' id='word_1_160' title='bbox 762 2333 1037 2393; x_wconf 60' lang='lat' dir='ltr'><strong>propterea</strong></span> <span class='ocrx_word' id='word_1_161' title='bbox 1065 2325 1208 2394; x_wconf 85' lang='lat' dir='ltr'><strong>quod</strong></span> <span class='ocrx_word' id='word_1_162' title='bbox 1232 2326 1393 2392; x_wconf 89' lang='lat' dir='ltr'><strong>dixit,</strong></span> <span class='ocrx_word' id='word_1_163' title='bbox 1422 2325 1502 2381; x_wconf 83' lang='lat' dir='ltr'><strong>Tu</strong></span> <span class='ocrx_word' id='word_1_164' title='bbox 1529 2331 1804 2399; x_wconf 82' lang='lat' dir='ltr'><strong>cognovisti</strong></span> <span class='ocrx_word' id='word_1_165' title='bbox 1829 2332 2100 2386; x_wconf 71' lang='lat' dir='ltr'><strong>sessionem</strong></span> 
     </span>
    </p>
   </div>
   <div class='ocr_carea' id='block_1_23' title="bbox 515 2418 2099 2489">
    <p class='ocr_par' dir='ltr' id='par_1_23' title="bbox 515 2418 2099 2489">
     <span class='ocr_line' id='line_1_23' title="bbox 515 2418 2099 2489; baseline 0.009 -25"><span class='ocrx_word' id='word_1_166' title='bbox 515 2428 697 2478; x_wconf 86' lang='lat' dir='ltr'><strong>meam,</strong></span> <span class='ocrx_word' id='word_1_167' title='bbox 721 2424 771 2467; x_wconf 84' lang='lat' dir='ltr'><strong>et</strong></span> <span class='ocrx_word' id='word_1_168' title='bbox 793 2420 1204 2471; x_wconf 78' lang='lat' dir='ltr'><strong>resurrectionem</strong></span> <span class='ocrx_word' id='word_1_169' title='bbox 1222 2434 1404 2483; x_wconf 82' lang='lat' dir='ltr'><strong>meam,</strong></span> <span class='ocrx_word' id='word_1_170' title='bbox 1426 2418 1547 2474; x_wconf 83' lang='lat' dir='ltr'><strong>vide</strong></span> <span class='ocrx_word' id='word_1_171' title='bbox 1566 2420 1831 2489; x_wconf 87' lang='lat' dir='ltr'><strong>quomodo</strong></span> <span class='ocrx_word' id='word_1_172' title='bbox 1854 2421 1905 2477; x_wconf 97' lang='lat' dir='ltr'><strong>id</strong></span> <span class='ocrx_word' id='word_1_173' title='bbox 1930 2424 2099 2478; x_wconf 83' lang='lat' dir='ltr'><strong>corri-</strong></span> 
     </span>
    </p>
   </div>
   <div class='ocr_carea' id='block_1_24' title="bbox 514 2503 2097 2585">
    <p class='ocr_par' dir='ltr' id='par_1_24' title="bbox 514 2503 2097 2585">
     <span class='ocr_line' id='line_1_24' title="bbox 514 2503 2097 2585; baseline 0.007 -29"><span class='ocrx_word' id='word_1_174' title='bbox 514 2503 591 2574; x_wconf 85' lang='lat' dir='ltr'><strong>git</strong></span> <span class='ocrx_word' id='word_1_175' title='bbox 625 2520 720 2575; x_wconf 91' lang='lat' dir='ltr'><strong>per</strong></span> <span class='ocrx_word' id='word_1_176' title='bbox 749 2506 803 2559; x_wconf 87' lang='lat' dir='ltr'><strong>id</strong></span> <span class='ocrx_word' id='word_1_177' title='bbox 829 2506 969 2576; x_wconf 91' lang='lat' dir='ltr'><strong>quod</strong></span> <span class='ocrx_word' id='word_1_178' title='bbox 1007 2507 1274 2578; x_wconf 86' lang='lat' dir='ltr'><strong>subjungit</strong></span> <span class='ocrx_word' id='word_1_179' title='bbox 1295 2551 1309 2572; x_wconf 93' lang='lat'><strong>,</strong></span> <span class='ocrx_word' id='word_1_180' title='bbox 1345 2509 1531 2565; x_wconf 87' lang='lat' dir='ltr'><strong>dicens</strong></span> <span class='ocrx_word' id='word_1_181' title='bbox 1557 2552 1573 2576; x_wconf 95' lang='lat'><strong>,</strong></span> <span class='ocrx_word' id='word_1_182' title='bbox 1616 2512 1669 2565; x_wconf 80' lang='lat'><strong>5.</strong></span> <span class='ocrx_word' id='word_1_183' title='bbox 1703 2510 1778 2565; x_wconf 87' lang='lat' dir='ltr'><strong>Tu</strong></span> <span class='ocrx_word' id='word_1_184' title='bbox 1804 2513 2097 2585; x_wconf 67' lang='lat' dir='ltr'><strong>intellexisti</strong></span> 
     </span>
    </p>
   </div>
   <div class='ocr_carea' id='block_1_25' title="bbox 514 2595 2092 2671">
    <p class='ocr_par' dir='ltr' id='par_1_25' title="bbox 514 2595 2092 2671">
     <span class='ocr_line' id='line_1_25' title="bbox 514 2595 2092 2671; baseline 0.009 -25"><span class='ocrx_word' id='word_1_185' title='bbox 514 2595 836 2664; x_wconf 81' lang='lat' dir='ltr'><strong>cogitationes</strong></span> <span class='ocrx_word' id='word_1_186' title='bbox 854 2614 992 2652; x_wconf 84' lang='lat' dir='ltr'><strong>meas</strong></span> <span class='ocrx_word' id='word_1_187' title='bbox 1015 2614 1047 2650; x_wconf 89' lang='lat' dir='ltr'><strong>a</strong></span> <span class='ocrx_word' id='word_1_188' title='bbox 1076 2600 1240 2668; x_wconf 85' lang='lat' dir='ltr'><strong>longe.</strong></span> <span class='ocrx_word' id='word_1_189' title='bbox 1272 2600 1376 2655; x_wconf 88' lang='lat' dir='ltr'><strong>Per</strong></span> <span class='ocrx_word' id='word_1_190' title='bbox 1402 2600 1503 2655; x_wconf 86' lang='lat' dir='ltr'><strong>hoc</strong></span> <span class='ocrx_word' id='word_1_191' title='bbox 1522 2602 1665 2656; x_wconf 90' lang='lat' dir='ltr'><strong>enim</strong></span> <span class='ocrx_word' id='word_1_192' title='bbox 1692 2602 2092 2671; x_wconf 85' lang='lat' dir='ltr'><strong>significateum</strong></span> 
     </span>
    </p>
   </div>
   <div class='ocr_carea' id='block_1_26' title="bbox 515 2691 2094 2763">
    <p class='ocr_par' dir='ltr' id='par_1_26' title="bbox 515 2691 2094 2763">
     <span class='ocr_line' id='line_1_26' title="bbox 515 2691 2094 2763; baseline 0.006 -23"><span class='ocrx_word' id='word_1_193' title='bbox 515 2701 621 2741; x_wconf 91' lang='lat' dir='ltr'><strong>non</strong></span> <span class='ocrx_word' id='word_1_194' title='bbox 666 2702 823 2743; x_wconf 87' lang='lat' dir='ltr'><strong>nosse</strong></span> <span class='ocrx_word' id='word_1_195' title='bbox 855 2704 952 2759; x_wconf 91' lang='lat' dir='ltr'><strong>per</strong></span> <span class='ocrx_word' id='word_1_196' title='bbox 989 2691 1353 2761; x_wconf 85' lang='lat' dir='ltr'><strong>probationem</strong></span> <span class='ocrx_word' id='word_1_197' title='bbox 1378 2731 1395 2756; x_wconf 91' lang='lat'><strong>,</strong></span> <span class='ocrx_word' id='word_1_198' title='bbox 1433 2707 1606 2763; x_wconf 84' lang='lat' dir='ltr'><strong>neque</strong></span> <span class='ocrx_word' id='word_1_199' title='bbox 1635 2708 1770 2762; x_wconf 88' lang='lat' dir='ltr'><strong>opus</strong></span> <span class='ocrx_word' id='word_1_200' title='bbox 1807 2694 2008 2751; x_wconf 85' lang='lat' dir='ltr'><strong>habere</strong></span> <span class='ocrx_word' id='word_1_201' title='bbox 2037 2705 2094 2750; x_wconf 90' lang='lat' dir='ltr'><strong>ut</strong></span> 
     </span>
    </p>
   </div>
   <div class='ocr_carea' id='block_1_27' title="bbox 514 2778 2091 2856">
    <p class='ocr_par' dir='ltr' id='par_1_27' title="bbox 514 2778 2091 2856">
     <span class='ocr_line' id='line_1_27' title="bbox 514 2778 2091 2856; baseline 0.007 -24"><span class='ocrx_word' id='word_1_202' title='bbox 514 2778 723 2845; x_wconf 87' lang='lat' dir='ltr'><strong>probet,</strong></span> <span class='ocrx_word' id='word_1_203' title='bbox 746 2780 843 2835; x_wconf 87' lang='lat' dir='ltr'><strong>sed</strong></span> <span class='ocrx_word' id='word_1_204' title='bbox 868 2795 960 2835; x_wconf 90' lang='lat' dir='ltr'><strong>sua</strong></span> <span class='ocrx_word' id='word_1_205' title='bbox 987 2781 1301 2856; x_wconf 65' lang='lat' dir='ltr'><strong>praesciendi</strong></span> <span class='ocrx_word' id='word_1_206' title='bbox 1327 2782 1579 2840; x_wconf 81' lang='lat' dir='ltr'><strong>lacultate</strong></span> <span class='ocrx_word' id='word_1_207' title='bbox 1602 2786 1743 2841; x_wconf 90' lang='lat' dir='ltr'><strong>scire</strong></span> <span class='ocrx_word' id='word_1_208' title='bbox 1767 2787 1969 2841; x_wconf 86' lang='lat' dir='ltr'><strong>omnia.</strong></span> <span class='ocrx_word' id='word_1_209' title='bbox 1991 2788 2091 2855; x_wconf 90' lang='lat' dir='ltr'><strong>Qui</strong></span> 
     </span>
    </p>
   </div>
   <div class='ocr_carea' id='block_1_28' title="bbox 512 2867 2090 2947">
    <p class='ocr_par' dir='ltr' id='par_1_28' title="bbox 512 2867 2090 2947">
     <span class='ocr_line' id='line_1_28' title="bbox 512 2867 2090 2947; baseline 0.007 -24"><span class='ocrx_word' id='word_1_210' title='bbox 512 2867 654 2923; x_wconf 86' lang='lat' dir='ltr'><strong>enim</strong></span> <span class='ocrx_word' id='word_1_211' title='bbox 683 2869 829 2923; x_wconf 88' lang='lat' dir='ltr'><strong>novit</strong></span> <span class='ocrx_word' id='word_1_212' title='bbox 863 2870 1210 2941; x_wconf 81' lang='lat' dir='ltr'><strong>cogitationes</strong></span> <span class='ocrx_word' id='word_1_213' title='bbox 1248 2884 1368 2945; x_wconf 59' lang='lat' dir='ltr'><strong>quae</strong></span> <span class='ocrx_word' id='word_1_214' title='bbox 1408 2874 1461 2929; x_wconf 90' lang='lat' dir='ltr'><strong>in</strong></span> <span class='ocrx_word' id='word_1_215' title='bbox 1496 2886 1675 2932; x_wconf 90' lang='lat' dir='ltr'><strong>mente</strong></span> <span class='ocrx_word' id='word_1_216' title='bbox 1706 2886 1831 2931; x_wconf 91' lang='lat' dir='ltr'><strong>sunt</strong></span> <span class='ocrx_word' id='word_1_217' title='bbox 1861 2878 2049 2947; x_wconf 72' lang='lat' dir='ltr'><strong>positas</strong></span> <span class='ocrx_word' id='word_1_218' title='bbox 2071 2918 2090 2945; x_wconf 90' lang='lat'><strong>,</strong></span> 
     </span>
    </p>
   </div>
   <div class='ocr_carea' id='block_1_29' title="bbox 511 2958 2095 3038">
    <p class='ocr_par' dir='ltr' id='par_1_29' title="bbox 511 2958 2095 3038">
     <span class='ocr_line' id='line_1_29' title="bbox 511 2958 2095 3038; baseline 0.008 -25"><span class='ocrx_word' id='word_1_219' title='bbox 511 2958 777 3029; x_wconf 78' lang='lat' dir='ltr'><strong>iton‘opus</strong></span> <span class='ocrx_word' id='word_1_220' title='bbox 797 2959 957 3016; x_wconf 83' lang='lat' dir='ltr'><strong>habet</strong></span> <span class='ocrx_word' id='word_1_221' title='bbox 977 2969 1036 3015; x_wconf 90' lang='lat' dir='ltr'><strong>ut</strong></span> <span class='ocrx_word' id='word_1_222' title='bbox 1061 2962 1248 3031; x_wconf 89' lang='lat' dir='ltr'><strong>probet</strong></span> <span class='ocrx_word' id='word_1_223' title='bbox 1272 2978 1368 3033; x_wconf 90' lang='lat' dir='ltr'><strong>per</strong></span> <span class='ocrx_word' id='word_1_224' title='bbox 1386 2977 1574 3034; x_wconf 83' lang='lat' dir='ltr'><strong>opera.</strong></span> <span class='ocrx_word' id='word_1_225' title='bbox 1598 2966 1929 3038; x_wconf 82' lang='lat' dir='ltr'><strong>Quamquam</strong></span> <span class='ocrx_word' id='word_1_226' title='bbox 1956 2969 2095 3025; x_wconf 87' lang='lat' dir='ltr'><strong>alio-</strong></span> 
     </span>
    </p>
   </div>
   <div class='ocr_carea' id='block_1_30' title="bbox 510 3050 2093 3127">
    <p class='ocr_par' dir='ltr' id='par_1_30' title="bbox 510 3050 2093 3127">
     <span class='ocr_line' id='line_1_30' title="bbox 510 3050 2093 3127; baseline 0.008 -22"><span class='ocrx_word' id='word_1_227' title='bbox 510 3050 601 3120; x_wconf 87' lang='lat' dir='ltr'><strong>qui</strong></span> <span class='ocrx_word' id='word_1_228' title='bbox 627 3065 732 3105; x_wconf 87' lang='lat' dir='ltr'><strong>non</strong></span> <span class='ocrx_word' id='word_1_229' title='bbox 755 3050 929 3107; x_wconf 89' lang='lat' dir='ltr'><strong>solum</strong></span> <span class='ocrx_word' id='word_1_230' title='bbox 951 3066 1044 3108; x_wconf 86' lang='lat' dir='ltr'><strong>eas</strong></span> <span class='ocrx_word' id='word_1_231' title='bbox 1067 3053 1215 3110; x_wconf 86' lang='lat' dir='ltr'><strong>novit</strong></span> <span class='ocrx_word' id='word_1_232' title='bbox 1236 3053 1363 3109; x_wconf 88' lang='lat' dir='ltr'><strong>dum</strong></span> <span class='ocrx_word' id='word_1_233' title='bbox 1390 3055 1447 3109; x_wconf 91' lang='lat' dir='ltr'><strong>in</strong></span> <span class='ocrx_word' id='word_1_234' title='bbox 1477 3065 1655 3112; x_wconf 87' lang='lat' dir='ltr'><strong>mente</strong></span> <span class='ocrx_word' id='word_1_235' title='bbox 1674 3070 1973 3127; x_wconf 81' lang='lat' dir='ltr'><strong>versantur,</strong></span> <span class='ocrx_word' id='word_1_236' title='bbox 1996 3062 2093 3117; x_wconf 88' lang='lat' dir='ltr'><strong>sed</strong></span> 
     </span>
    </p>
   </div>
   <div class='ocr_carea' id='block_1_31' title="bbox 510 3140 2091 3215">
    <p class='ocr_par' dir='ltr' id='par_1_31' title="bbox 510 3140 2091 3215">
     <span class='ocr_line' id='line_1_31' title="bbox 510 3140 2091 3215; baseline 0.009 -20"><span class='ocrx_word' id='word_1_237' title='bbox 510 3140 669 3195; x_wconf 80' lang='lat' dir='ltr'><strong>etiam</strong></span> <span class='ocrx_word' id='word_1_238' title='bbox 700 3143 1005 3212; x_wconf 80' lang='lat' dir='ltr'><strong>priusquam</strong></span> <span class='ocrx_word' id='word_1_239' title='bbox 1030 3146 1231 3200; x_wconf 86' lang='lat' dir='ltr'><strong>versari</strong></span> <span class='ocrx_word' id='word_1_240' title='bbox 1258 3143 1514 3215; x_wconf 88' lang='lat' dir='ltr'><strong>incipiant</strong></span> <span class='ocrx_word' id='word_1_241' title='bbox 1541 3166 1554 3201; x_wconf 89' lang='lat'><strong>:</strong></span> <span class='ocrx_word' id='word_1_242' title='bbox 1593 3163 1697 3205; x_wconf 90' lang='lat' dir='ltr'><strong>nec</strong></span> <span class='ocrx_word' id='word_1_243' title='bbox 1729 3151 1903 3207; x_wconf 85' lang='lat' dir='ltr'><strong>solum</strong></span> <span class='ocrx_word' id='word_1_244' title='bbox 1937 3164 2091 3209; x_wconf 87' lang='lat' dir='ltr'><strong>ante-</strong></span> 
     </span>
    </p>
   </div>
   <div class='ocr_carea' id='block_1_32' title="bbox 509 3234 2091 3311">
    <p class='ocr_par' dir='ltr' id='par_1_32' title="bbox 509 3234 2091 3311">
     <span class='ocr_line' id='line_1_32' title="bbox 509 3234 2091 3311; baseline 0.009 -26"><span class='ocrx_word' id='word_1_245' title='bbox 509 3246 667 3302; x_wconf 82' lang='lat' dir='ltr'><strong>quam</strong></span> <span class='ocrx_word' id='word_1_246' title='bbox 710 3234 907 3289; x_wconf 84' lang='lat' dir='ltr'><strong>versari</strong></span> <span class='ocrx_word' id='word_1_247' title='bbox 955 3235 1245 3306; x_wconf 83' lang='lat' dir='ltr'><strong>incipiant,</strong></span> <span class='ocrx_word' id='word_1_248' title='bbox 1288 3237 1384 3292; x_wconf 89' lang='lat' dir='ltr'><strong>sed</strong></span> <span class='ocrx_word' id='word_1_249' title='bbox 1418 3239 1578 3295; x_wconf 89' lang='lat' dir='ltr'><strong>etiam</strong></span> <span class='ocrx_word' id='word_1_250' title='bbox 1618 3240 1778 3311; x_wconf 86' lang='lat' dir='ltr'><strong>longo</strong></span> <span class='ocrx_word' id='word_1_251' title='bbox 1804 3254 1927 3299; x_wconf 84' lang='lat' dir='ltr'><strong>ante</strong></span> <span class='ocrx_word' id='word_1_252' title='bbox 1957 3254 2091 3301; x_wconf 83' lang='lat' dir='ltr'><strong>tem-</strong></span> 
     </span>
    </p>
   </div>
   <div class='ocr_carea' id='block_1_33' title="bbox 510 3323 2086 3403">
    <p class='ocr_par' dir='ltr' id='par_1_33' title="bbox 510 3323 2086 3403">
     <span class='ocr_line' id='line_1_33' title="bbox 510 3323 2086 3403; baseline 0.01 -27"><span class='ocrx_word' id='word_1_253' title='bbox 510 3337 658 3391; x_wconf 89' lang='lat' dir='ltr'><strong>pore.</strong></span> <span class='ocrx_word' id='word_1_254' title='bbox 691 3323 760 3377; x_wconf 86' lang='lat' dir='ltr'><strong>Et</strong></span> <span class='ocrx_word' id='word_1_255' title='bbox 784 3324 905 3379; x_wconf 88' lang='lat' dir='ltr'><strong>ideo</strong></span> <span class='ocrx_word' id='word_1_256' title='bbox 931 3325 1044 3381; x_wconf 59' lang='lat' dir='ltr'><strong>haec</strong></span> <span class='ocrx_word' id='word_1_257' title='bbox 1064 3326 1249 3382; x_wconf 87' lang='lat' dir='ltr'><strong>volens</strong></span> <span class='ocrx_word' id='word_1_258' title='bbox 1276 3327 1574 3398; x_wconf 75' lang='lat' dir='ltr'><strong>signiﬁcare</strong></span> <span class='ocrx_word' id='word_1_259' title='bbox 1595 3371 1611 3396; x_wconf 95' lang='lat'><strong>,</strong></span> <span class='ocrx_word' id='word_1_260' title='bbox 1639 3331 1912 3401; x_wconf 89' lang='lat' dir='ltr'><strong>subjunxit</strong></span> <span class='ocrx_word' id='word_1_261' title='bbox 1935 3335 2086 3403; x_wconf 87' lang='lat' dir='ltr'><strong>illud,</strong></span> 
     </span>
    </p>
   </div>
   <div class='ocr_carea' id='block_1_34' title="bbox 509 3410 2092 3495">
    <p class='ocr_par' dir='ltr' id='par_1_34' title="bbox 509 3410 2092 3495">
     <span class='ocr_line' id='line_1_34' title="bbox 509 3410 2092 3495; baseline 0.012 -31"><span class='ocrx_word' id='word_1_262' title='bbox 509 3410 813 3467; x_wconf 68' lang='lat' dir='ltr'><strong>Intellexisti</strong></span> <span class='ocrx_word' id='word_1_263' title='bbox 851 3416 1177 3485; x_wconf 83' lang='lat' dir='ltr'><strong>cogitationes</strong></span> <span class='ocrx_word' id='word_1_264' title='bbox 1217 3434 1354 3473; x_wconf 87' lang='lat' dir='ltr'><strong>meas</strong></span> <span class='ocrx_word' id='word_1_265' title='bbox 1393 3419 1457 3474; x_wconf 85' lang='lat' dir='ltr'><strong>de</strong></span> <span class='ocrx_word' id='word_1_266' title='bbox 1491 3419 1658 3493; x_wconf 83' lang='lat' dir='ltr'><strong>longe.</strong></span> <span class='ocrx_word' id='word_1_267' title='bbox 1704 3424 1758 3480; x_wconf 91' lang='lat' dir='ltr'><strong>Si</strong></span> <span class='ocrx_word' id='word_1_268' title='bbox 1789 3441 1916 3495; x_wconf 86' lang='lat' dir='ltr'><strong>ergo</strong></span> <span class='ocrx_word' id='word_1_269' title='bbox 1944 3429 2092 3483; x_wconf 89' lang='lat' dir='ltr'><strong>novit</strong></span> 
     </span>
    </p>
   </div>
   <div class='ocr_carea' id='block_1_35' title="bbox 508 3504 2092 3588">
    <p class='ocr_par' dir='ltr' id='par_1_35' title="bbox 508 3504 2092 3588">
     <span class='ocr_line' id='line_1_35' title="bbox 508 3504 2092 3588; baseline 0.013 -34"><span class='ocrx_word' id='word_1_270' title='bbox 508 3504 669 3557; x_wconf 80' lang='lat' dir='ltr'><strong>etiam</strong></span> <span class='ocrx_word' id='word_1_271' title='bbox 711 3505 1055 3575; x_wconf 81' lang='lat' dir='ltr'><strong>cogitationes</strong></span> <span class='ocrx_word' id='word_1_272' title='bbox 1081 3507 1221 3563; x_wconf 86' lang='lat' dir='ltr'><strong>Deus</strong></span> <span class='ocrx_word' id='word_1_273' title='bbox 1244 3548 1260 3573; x_wconf 90' lang='lat'><strong>,</strong></span> <span class='ocrx_word' id='word_1_274' title='bbox 1288 3523 1385 3564; x_wconf 88' lang='lat' dir='ltr'><strong>cur</strong></span> <span class='ocrx_word' id='word_1_275' title='bbox 1422 3510 1623 3568; x_wconf 91' lang='lat' dir='ltr'><strong>inducit</strong></span> <span class='ocrx_word' id='word_1_276' title='bbox 1647 3529 1767 3569; x_wconf 87' lang='lat' dir='ltr'><strong>eam</strong></span> <span class='ocrx_word' id='word_1_277' title='bbox 1790 3556 1804 3579; x_wconf 92' lang='lat'><strong>,</strong></span> <span class='ocrx_word' id='word_1_278' title='bbox 1839 3532 1959 3586; x_wconf 65' lang='lat' dir='ltr'><strong>quae</strong></span> <span class='ocrx_word' id='word_1_279' title='bbox 1996 3533 2092 3588; x_wconf 89' lang='lat' dir='ltr'><strong>per</strong></span> 
     </span>
    </p>
   </div>
   <div class='ocr_carea' id='block_1_36' title="bbox 508 3593 2088 3677">
    <p class='ocr_par' dir='ltr' id='par_1_36' title="bbox 508 3593 2088 3677">
     <span class='ocr_line' id='line_1_36' title="bbox 508 3593 2088 3677; baseline 0.012 -30"><span class='ocrx_word' id='word_1_280' title='bbox 508 3607 671 3660; x_wconf 84' lang='lat' dir='ltr'><strong>opera</strong></span> <span class='ocrx_word' id='word_1_281' title='bbox 702 3593 788 3657; x_wconf 84' lang='lat' dir='ltr'><strong>fit,</strong></span> <span class='ocrx_word' id='word_1_282' title='bbox 820 3593 1184 3664; x_wconf 83' lang='lat' dir='ltr'><strong>probationem</strong></span> <span class='ocrx_word' id='word_1_283' title='bbox 1204 3599 1229 3653; x_wconf 73' lang='grc' dir='ltr'><strong><em>τ</em></strong></span> <span class='ocrx_word' id='word_1_284' title='bbox 1249 3598 1366 3655; x_wconf 83' lang='grc' dir='ltr'><strong>Νοη</strong></span> <span class='ocrx_word' id='word_1_285' title='bbox 1396 3607 1458 3655; x_wconf 82' lang='grc' dir='ltr'><strong>ιιι</strong></span> <span class='ocrx_word' id='word_1_286' title='bbox 1484 3602 1599 3672; x_wconf 87' lang='lat' dir='ltr'><strong>ipse</strong></span> <span class='ocrx_word' id='word_1_287' title='bbox 1626 3603 1728 3660; x_wconf 90' lang='lat' dir='ltr'><strong>hoc</strong></span> <span class='ocrx_word' id='word_1_288' title='bbox 1756 3606 1965 3677; x_wconf 90' lang='lat' dir='ltr'><strong>discat,</strong></span> <span class='ocrx_word' id='word_1_289' title='bbox 1992 3610 2088 3666; x_wconf 89' lang='lat' dir='ltr'><strong>sed</strong></span> 
     </span>
    </p>
   </div>
   <div class='ocr_carea' id='block_1_37' title="bbox 508 3685 2091 3770">
    <p class='ocr_par' dir='ltr' id='par_1_37' title="bbox 508 3685 2091 3770">
     <span class='ocr_line' id='line_1_37' title="bbox 508 3685 2091 3770; baseline 0.012 -31"><span class='ocrx_word' id='word_1_290' title='bbox 508 3693 567 3739; x_wconf 88' lang='lat' dir='ltr'><strong>ut</strong></span> <span class='ocrx_word' id='word_1_291' title='bbox 588 3700 681 3742; x_wconf 89' lang='lat' dir='ltr'><strong>eos</strong></span> <span class='ocrx_word' id='word_1_292' title='bbox 706 3685 795 3758; x_wconf 87' lang='lat' dir='ltr'><strong>qui</strong></span> <span class='ocrx_word' id='word_1_293' title='bbox 823 3688 909 3742; x_wconf 87' lang='lat' dir='ltr'><strong>illa</strong></span> <span class='ocrx_word' id='word_1_294' title='bbox 934 3689 1200 3745; x_wconf 86' lang='lat' dir='ltr'><strong>sustinent</strong></span> <span class='ocrx_word' id='word_1_295' title='bbox 1223 3692 1475 3762; x_wconf 89' lang='lat' dir='ltr'><strong>probatos</strong></span> <span class='ocrx_word' id='word_1_296' title='bbox 1508 3693 1727 3751; x_wconf 82' lang='lat' dir='ltr'><strong>efﬁciat.</strong></span> <span class='ocrx_word' id='word_1_297' title='bbox 1756 3698 2091 3770; x_wconf 81' lang='lat' dir='ltr'><strong>Cognoverat</strong></span> 
     </span>
    </p>
   </div>
   <div class='ocr_carea' id='block_1_38' title="bbox 508 3779 2090 3850">
    <p class='ocr_par' dir='ltr' id='par_1_38' title="bbox 508 3779 2090 3850">
     <span class='ocr_line' id='line_1_38' title="bbox 508 3779 2090 3850; baseline 0.01 -17"><span class='ocrx_word' id='word_1_298' title='bbox 508 3779 651 3833; x_wconf 87' lang='lat' dir='ltr'><strong>enim</strong></span> <span class='ocrx_word' id='word_1_299' title='bbox 680 3779 781 3835; x_wconf 85' lang='lat' dir='ltr'><strong>Job</strong></span> <span class='ocrx_word' id='word_1_300' title='bbox 807 3790 931 3836; x_wconf 86' lang='lat' dir='ltr'><strong>ante</strong></span> <span class='ocrx_word' id='word_1_301' title='bbox 957 3781 1357 3850; x_wconf 87' lang='lat' dir='ltr'><strong>experientiam,</strong></span> <span class='ocrx_word' id='word_1_302' title='bbox 1384 3792 1439 3839; x_wconf 91' lang='lat' dir='ltr'><strong>et</strong></span> <span class='ocrx_word' id='word_1_303' title='bbox 1464 3785 1586 3841; x_wconf 88' lang='lat' dir='ltr'><strong>ideo</strong></span> <span class='ocrx_word' id='word_1_304' title='bbox 1613 3786 1667 3842; x_wconf 88' lang='lat' dir='ltr'><strong>id</strong></span> <span class='ocrx_word' id='word_1_305' title='bbox 1696 3791 1985 3847; x_wconf 84' lang='lat' dir='ltr'><strong>testabatur</strong></span> <span class='ocrx_word' id='word_1_306' title='bbox 2008 3793 2090 3850; x_wconf 84' lang='lat' dir='ltr'><strong>di-</strong></span> 
     </span>
    </p>
   </div>
   <div class='ocr_carea' id='block_1_39' title="bbox 509 3868 2089 3949">
    <p class='ocr_par' dir='ltr' id='par_1_39' title="bbox 509 3868 2089 3949">
     <span class='ocr_line' id='line_1_39' title="bbox 509 3868 2089 3949; baseline 0.013 -29"><span class='ocrx_word' id='word_1_307' title='bbox 509 3882 637 3921; x_wconf 83' lang='lat' dir='ltr'><strong>cens</strong></span> <span class='ocrx_word' id='word_1_308' title='bbox 666 3885 682 3921; x_wconf 87' lang='lat'><strong>:</strong></span> <span class='ocrx_word' id='word_1_309' title='bbox 716 3868 884 3924; x_wconf 88' lang='lat' dir='ltr'><strong>Homo</strong></span> <span class='ocrx_word' id='word_1_310' title='bbox 909 3871 1102 3939; x_wconf 86' lang='lat' dir='ltr'><strong>justus,</strong></span> <span class='ocrx_word' id='word_1_311' title='bbox 1129 3886 1302 3941; x_wconf 59' lang='lat' dir='ltr'><strong>suam,</strong></span> <span class='ocrx_word' id='word_1_312' title='bbox 1338 3874 1459 3942; x_wconf 75' lang='lat' dir='ltr'><strong>pius</strong></span> <span class='ocrx_word' id='word_1_313' title='bbox 1479 3875 1634 3946; x_wconf 81' lang='lat' dir='ltr'><strong>(Job.</strong></span> <span class='ocrx_word' id='word_1_314' title='bbox 1664 3878 1720 3932; x_wconf 78' lang='lat'><strong>2.</strong></span> <span class='ocrx_word' id='word_1_315' title='bbox 1748 3880 1783 3935; x_wconf 80' lang='lat'><strong>&#39;5</strong></span> <span class='ocrx_word' id='word_1_316' title='bbox 1806 3880 1844 3949; x_wconf 92' lang='lat'><strong>).</strong></span> <span class='ocrx_word' id='word_1_317' title='bbox 1870 3880 1974 3938; x_wconf 85' lang='lat' dir='ltr'><strong>Sed</strong></span> <span class='ocrx_word' id='word_1_318' title='bbox 2004 3884 2089 3939; x_wconf 91' lang='lat' dir='ltr'><strong>in-</strong></span> 
     </span>
    </p>
   </div>
   <div class='ocr_carea' id='block_1_40' title="bbox 510 3956 2090 4041">
    <p class='ocr_par' dir='ltr' id='par_1_40' title="bbox 510 3956 2090 4041">
     <span class='ocr_line' id='line_1_40' title="bbox 510 3956 2090 4041; baseline 0.013 -31"><span class='ocrx_word' id='word_1_319' title='bbox 510 3956 660 4012; x_wconf 88' lang='lat' dir='ltr'><strong>duxit</strong></span> <span class='ocrx_word' id='word_1_320' title='bbox 681 3960 1084 4029; x_wconf 83' lang='lat' dir='ltr'><strong>experientiam,</strong></span> <span class='ocrx_word' id='word_1_321' title='bbox 1107 3971 1167 4017; x_wconf 92' lang='lat' dir='ltr'><strong>ut</strong></span> <span class='ocrx_word' id='word_1_322' title='bbox 1189 3972 1244 4020; x_wconf 90' lang='lat' dir='ltr'><strong>et</strong></span> <span class='ocrx_word' id='word_1_323' title='bbox 1267 3964 1417 4021; x_wconf 88' lang='lat' dir='ltr'><strong>illum</strong></span> <span class='ocrx_word' id='word_1_324' title='bbox 1444 3966 1695 4024; x_wconf 89' lang='lat' dir='ltr'><strong>redderet</strong></span> <span class='ocrx_word' id='word_1_325' title='bbox 1715 3969 2011 4041; x_wconf 88' lang='lat' dir='ltr'><strong>fortiorem,</strong></span> <span class='ocrx_word' id='word_1_326' title='bbox 2034 3984 2090 4032; x_wconf 91' lang='lat' dir='ltr'><strong>et</strong></span> 
     </span>
    </p>
   </div>
   <div class='ocr_carea' id='block_1_41' title="bbox 510 4050 2091 4135">
    <p class='ocr_par' dir='ltr' id='par_1_41' title="bbox 510 4050 2091 4135">
     <span class='ocr_line' id='line_1_41' title="bbox 510 4050 2091 4135; baseline 0.013 -30"><span class='ocrx_word' id='word_1_327' title='bbox 510 4050 705 4107; x_wconf 85' lang='lat' dir='ltr'><strong>diaboli</strong></span> <span class='ocrx_word' id='word_1_328' title='bbox 732 4054 1072 4126; x_wconf 86' lang='lat' dir='ltr'><strong>redargueret</strong></span> <span class='ocrx_word' id='word_1_329' title='bbox 1095 4056 1513 4129; x_wconf 84' lang='lat' dir='ltr'><strong>improbitatem,</strong></span> <span class='ocrx_word' id='word_1_330' title='bbox 1535 4071 1591 4118; x_wconf 86' lang='lat' dir='ltr'><strong>et</strong></span> <span class='ocrx_word' id='word_1_331' title='bbox 1609 4063 1743 4119; x_wconf 90' lang='lat' dir='ltr'><strong>alios</strong></span> <span class='ocrx_word' id='word_1_332' title='bbox 1769 4067 1883 4135; x_wconf 89' lang='lat' dir='ltr'><strong>ejus</strong></span> <span class='ocrx_word' id='word_1_333' title='bbox 1907 4084 2091 4125; x_wconf 90' lang='lat' dir='ltr'><strong>exem-</strong></span> 
     </span>
    </p>
   </div>
   <div class='ocr_carea' id='block_1_42' title="bbox 508 4143 2091 4219">
    <p class='ocr_par' dir='ltr' id='par_1_42' title="bbox 508 4143 2091 4219">
     <span class='ocr_line' id='line_1_42' title="bbox 508 4143 2091 4219; baseline 0.013 -22"><span class='ocrx_word' id='word_1_334' title='bbox 508 4143 601 4213; x_wconf 90' lang='lat' dir='ltr'><strong>plo</strong></span> <span class='ocrx_word' id='word_1_335' title='bbox 629 4144 874 4201; x_wconf 88' lang='lat' dir='ltr'><strong>meliores</strong></span> <span class='ocrx_word' id='word_1_336' title='bbox 912 4146 1173 4203; x_wconf 89' lang='lat' dir='ltr'><strong>redderet.</strong></span> <span class='ocrx_word' id='word_1_337' title='bbox 1209 4148 1279 4204; x_wconf 88' lang='lat' dir='ltr'><strong>Et</strong></span> <span class='ocrx_word' id='word_1_338' title='bbox 1303 4149 1435 4219; x_wconf 91' lang='lat' dir='ltr'><strong>quid</strong></span> <span class='ocrx_word' id='word_1_339' title='bbox 1462 4153 1674 4209; x_wconf 89' lang='lat' dir='ltr'><strong>miraris</strong></span> <span class='ocrx_word' id='word_1_340' title='bbox 1702 4156 1746 4211; x_wconf 89' lang='lat' dir='ltr'><strong>si</strong></span> <span class='ocrx_word' id='word_1_341' title='bbox 1776 4156 1879 4213; x_wconf 89' lang='lat' dir='ltr'><strong>hoc</strong></span> <span class='ocrx_word' id='word_1_342' title='bbox 1905 4160 2091 4218; x_wconf 85' lang='lat' dir='ltr'><strong>fecerit</strong></span> 
     </span>
    </p>
   </div>
   <div class='ocr_carea' id='block_1_43' title="bbox 509 4234 2090 4323">
    <p class='ocr_par' dir='ltr' id='par_1_43' title="bbox 509 4234 2090 4323">
     <span class='ocr_line' id='line_1_43' title="bbox 509 4234 2090 4323; baseline 0.016 -36"><span class='ocrx_word' id='word_1_343' title='bbox 509 4234 563 4288; x_wconf 88' lang='lat' dir='ltr'><strong>in</strong></span> <span class='ocrx_word' id='word_1_344' title='bbox 578 4234 697 4299; x_wconf 78' lang='lat' dir='ltr'><strong>Job,</strong></span> <span class='ocrx_word' id='word_1_345' title='bbox 715 4250 833 4290; x_wconf 90' lang='lat' dir='ltr'><strong>cum</strong></span> <span class='ocrx_word' id='word_1_346' title='bbox 856 4238 1026 4305; x_wconf 84' lang='lat' dir='ltr'><strong>ipsum</strong></span> <span class='ocrx_word' id='word_1_347' title='bbox 1052 4237 1208 4301; x_wconf 84' lang='lat' dir='ltr'><strong>faciat</strong></span> <span class='ocrx_word' id='word_1_348' title='bbox 1221 4241 1381 4297; x_wconf 87' lang='lat' dir='ltr'><strong>etiam</strong></span> <span class='ocrx_word' id='word_1_349' title='bbox 1399 4242 1451 4298; x_wconf 92' lang='lat' dir='ltr'><strong>in</strong></span> <span class='ocrx_word' id='word_1_350' title='bbox 1471 4249 1870 4313; x_wconf 83' lang='lat' dir='ltr'><strong>peccatoribus?</strong></span> <span class='ocrx_word' id='word_1_351' title='bbox 1889 4244 2090 4323; x_wconf 83' lang='lat' dir='ltr'><strong>Aperte</strong></span> 
     </span>
    </p>
   </div>
   <div class='ocr_carea' id='block_1_44' title="bbox 512 4327 2085 4413">
    <p class='ocr_par' dir='ltr' id='par_1_44' title="bbox 512 4327 2085 4413">
     <span class='ocr_line' id='line_1_44' title="bbox 512 4327 2085 4413; baseline 0.013 -32"><span class='ocrx_word' id='word_1_352' title='bbox 512 4327 659 4381; x_wconf 88' lang='lat' dir='ltr'><strong>enim</strong></span> <span class='ocrx_word' id='word_1_353' title='bbox 686 4328 888 4382; x_wconf 86' lang='lat' dir='ltr'><strong>sciebat</strong></span> <span class='ocrx_word' id='word_1_354' title='bbox 913 4329 1169 4385; x_wconf 87' lang='lat' dir='ltr'><strong>Ninivitas</strong></span> <span class='ocrx_word' id='word_1_355' title='bbox 1194 4347 1302 4387; x_wconf 84' lang='lat' dir='ltr'><strong>non</strong></span> <span class='ocrx_word' id='word_1_356' title='bbox 1331 4348 1452 4390; x_wconf 85' lang='lat' dir='ltr'><strong>esse</strong></span> <span class='ocrx_word' id='word_1_357' title='bbox 1480 4335 1667 4406; x_wconf 89' lang='lat' dir='ltr'><strong>dignos</strong></span> <span class='ocrx_word' id='word_1_358' title='bbox 1699 4342 1788 4409; x_wconf 91' lang='lat' dir='ltr'><strong>qui</strong></span> <span class='ocrx_word' id='word_1_359' title='bbox 1828 4346 2085 4413; x_wconf 87' lang='lat' dir='ltr'><strong>perirent,</strong></span> 
     </span>
    </p>
   </div>
   <div class='ocr_carea' id='block_1_45' title="bbox 511 4420 2091 4499">
    <p class='ocr_par' dir='ltr' id='par_1_45' title="bbox 511 4420 2091 4499">
     <span class='ocr_line' id='line_1_45' title="bbox 511 4420 2091 4499; baseline 0.011 -26"><span class='ocrx_word' id='word_1_360' title='bbox 511 4420 605 4473; x_wconf 90' lang='lat' dir='ltr'><strong>scd</strong></span> <span class='ocrx_word' id='word_1_361' title='bbox 628 4436 721 4489; x_wconf 85' lang='lat' dir='ltr'><strong>per</strong></span> <span class='ocrx_word' id='word_1_362' title='bbox 738 4422 1100 4491; x_wconf 70' lang='lat' dir='ltr'><strong>paenitentiam</strong></span> <span class='ocrx_word' id='word_1_363' title='bbox 1128 4438 1223 4481; x_wconf 87' lang='lat' dir='ltr'><strong>eos</strong></span> <span class='ocrx_word' id='word_1_364' title='bbox 1250 4425 1505 4485; x_wconf 85' lang='lat' dir='ltr'><strong>meliores</strong></span> <span class='ocrx_word' id='word_1_365' title='bbox 1522 4429 1726 4487; x_wconf 73' lang='lat' dir='ltr'><strong>futuros</strong></span> <span class='ocrx_word' id='word_1_366' title='bbox 1746 4449 1763 4499; x_wconf 92' lang='lat'><strong>;</strong></span> <span class='ocrx_word' id='word_1_367' title='bbox 1786 4436 1987 4495; x_wconf 88' lang='lat' dir='ltr'><strong>inducit</strong></span> <span class='ocrx_word' id='word_1_368' title='bbox 2012 4448 2091 4493; x_wconf 85' lang='lat' dir='ltr'><strong>ta.-</strong></span> 
     </span>
    </p>
   </div>
   <div class='ocr_carea' id='block_1_46' title="bbox 512 4516 2092 4600">
    <p class='ocr_par' dir='ltr' id='par_1_46' title="bbox 512 4516 2092 4600">
     <span class='ocr_line' id='line_1_46' title="bbox 512 4516 2092 4600; baseline 0.012 -33"><span class='ocrx_word' id='word_1_369' title='bbox 512 4529 633 4568; x_wconf 83' lang='lat' dir='ltr'><strong>mcn</strong></span> <span class='ocrx_word' id='word_1_370' title='bbox 653 4516 811 4570; x_wconf 84' lang='lat' dir='ltr'><strong>etiam</strong></span> <span class='ocrx_word' id='word_1_371' title='bbox 830 4531 927 4587; x_wconf 88' lang='lat' dir='ltr'><strong>per</strong></span> <span class='ocrx_word' id='word_1_372' title='bbox 948 4533 1035 4575; x_wconf 88' lang='lat' dir='ltr'><strong>res</strong></span> <span class='ocrx_word' id='word_1_373' title='bbox 1048 4519 1461 4590; x_wconf 86' lang='lat' dir='ltr'><strong>experientiam;</strong></span> <span class='ocrx_word' id='word_1_374' title='bbox 1485 4532 1540 4578; x_wconf 89' lang='lat' dir='ltr'><strong>et</strong></span> <span class='ocrx_word' id='word_1_375' title='bbox 1558 4524 1755 4596; x_wconf 85' lang='lat' dir='ltr'><strong>ubique</strong></span> <span class='ocrx_word' id='word_1_376' title='bbox 1772 4529 1935 4583; x_wconf 87' lang='lat' dir='ltr'><strong>multa</strong></span> <span class='ocrx_word' id='word_1_377' title='bbox 1958 4545 2092 4600; x_wconf 67' lang='lat' dir='ltr'><strong>pras-</strong></span> 
     </span>
    </p>
   </div>
   <div class='ocr_carea' id='block_1_47' title="bbox 515 4602 2087 4691">
    <p class='ocr_par' dir='ltr' id='par_1_47' title="bbox 515 4602 2087 4691">
     <span class='ocr_line' id='line_1_47' title="bbox 515 4602 2087 4691; baseline 0.013 -34"><span class='ocrx_word' id='word_1_378' title='bbox 515 4602 604 4658; x_wconf 86' lang='lat' dir='ltr'><strong>bet</strong></span> <span class='ocrx_word' id='word_1_379' title='bbox 624 4617 930 4677; x_wconf 85' lang='lat' dir='ltr'><strong>argumenta</strong></span> <span class='ocrx_word' id='word_1_380' title='bbox 950 4609 1340 4667; x_wconf 82' lang='lat' dir='ltr'><strong>evidentissima</strong></span> <span class='ocrx_word' id='word_1_381' title='bbox 1360 4628 1473 4669; x_wconf 66' lang='lat' dir='ltr'><strong>sua:</strong></span> <span class='ocrx_word' id='word_1_382' title='bbox 1492 4628 1634 4671; x_wconf 61' lang='lat' dir='ltr'><strong>cura:</strong></span> <span class='ocrx_word' id='word_1_383' title='bbox 1655 4627 1707 4673; x_wconf 91' lang='lat' dir='ltr'><strong>et</strong></span> <span class='ocrx_word' id='word_1_384' title='bbox 1722 4621 2087 4691; x_wconf 67' lang='lat' dir='ltr'><strong>providentiae,</strong></span> 
     </span>
    </p>
   </div>
   <div class='ocr_carea' id='block_1_48' title="bbox 514 4702 1391 4770">
    <p class='ocr_par' dir='ltr' id='par_1_48' title="bbox 514 4702 1391 4770">
     <span class='ocr_line' id='line_1_48' title="bbox 514 4702 1391 4770; baseline 0.01 -23"><span class='ocrx_word' id='word_1_385' title='bbox 514 4708 621 4749; x_wconf 90' lang='lat' dir='ltr'><strong>non</strong></span> <span class='ocrx_word' id='word_1_386' title='bbox 646 4708 923 4753; x_wconf 87' lang='lat' dir='ltr'><strong>contentus</strong></span> <span class='ocrx_word' id='word_1_387' title='bbox 946 4713 1040 4753; x_wconf 87' lang='lat' dir='ltr'><strong>sua</strong></span> <span class='ocrx_word' id='word_1_388' title='bbox 1066 4702 1391 4770; x_wconf 86' lang='lat' dir='ltr'><strong>cognitione.</strong></span> 
     </span>
    </p>
   </div>
   <div class='ocr_carea' id='block_1_49' title="bbox 588 4785 2089 4875">
    <p class='ocr_par' dir='ltr' id='par_1_49' title="bbox 588 4785 2089 4875">
     <span class='ocr_line' id='line_1_49' title="bbox 588 4785 2089 4875; baseline 0.014 -35"><span class='ocrx_word' id='word_1_389' title='bbox 588 4785 909 4844; x_wconf 66' lang='lat' dir='ltr'><strong>Prascientia</strong></span> <span class='ocrx_word' id='word_1_390' title='bbox 939 4790 1034 4845; x_wconf 87' lang='lat' dir='ltr'><strong>Dei</strong></span> <span class='ocrx_word' id='word_1_391' title='bbox 1058 4792 1308 4848; x_wconf 74' lang='lat' dir='ltr'><strong>hominem</strong></span> <span class='ocrx_word' id='word_1_392' title='bbox 1333 4796 1517 4851; x_wconf 87' lang='lat' dir='ltr'><strong>bonum</strong></span> <span class='ocrx_word' id='word_1_393' title='bbox 1543 4807 1631 4853; x_wconf 84' lang='lat' dir='ltr'><strong>aut</strong></span> <span class='ocrx_word' id='word_1_394' title='bbox 1660 4802 1851 4857; x_wconf 76' lang='lat' dir='ltr'><strong>malum</strong></span> <span class='ocrx_word' id='word_1_395' title='bbox 1883 4820 1984 4860; x_wconf 83' lang='lat' dir='ltr'><strong>non</strong></span> <span class='ocrx_word' id='word_1_396' title='bbox 2004 4806 2089 4875; x_wconf 77' lang='lat' dir='ltr'><strong>{a-</strong></span> 
     </span>
    </p>
   </div>
   <div class='ocr_carea' id='block_1_50' title="bbox 518 4879 2089 4963">
    <p class='ocr_par' dir='ltr' id='par_1_50' title="bbox 518 4879 2089 4963">
     <span class='ocr_line' id='line_1_50' title="bbox 518 4879 2089 4963; baseline 0.012 -31"><span class='ocrx_word' id='word_1_397' title='bbox 518 4879 609 4932; x_wconf 84' lang='lat' dir='ltr'><strong>eit.</strong></span> <span class='ocrx_word' id='word_1_398' title='bbox 639 4910 709 4920; x_wconf 93' lang='lat'><strong>—-</strong></span> <span class='ocrx_word' id='word_1_399' title='bbox 732 4880 1085 4946; x_wconf 81' lang='lat' dir='ltr'><strong>Quamobrem</strong></span> <span class='ocrx_word' id='word_1_400' title='bbox 1126 4884 1338 4941; x_wconf 90' lang='lat' dir='ltr'><strong>dicebat</strong></span> <span class='ocrx_word' id='word_1_401' title='bbox 1378 4904 1589 4959; x_wconf 87' lang='lat' dir='ltr'><strong>quoque</strong></span> <span class='ocrx_word' id='word_1_402' title='bbox 1625 4891 1937 4963; x_wconf 89' lang='lat' dir='ltr'><strong>Unigenitus</strong></span> <span class='ocrx_word' id='word_1_403' title='bbox 1970 4915 1982 4949; x_wconf 94' lang='lat'>:</span> <span class='ocrx_word' id='word_1_404' title='bbox 2026 4898 2089 4954; x_wconf 86' lang='lat' dir='ltr'><strong>Si</strong></span> 
     </span>
    </p>
   </div>
   <div class='ocr_carea' id='block_1_51' title="bbox 514 4970 2089 5041">
    <p class='ocr_par' dir='ltr' id='par_1_51' title="bbox 514 4970 2089 5041">
     <span class='ocr_line' id='line_1_51' title="bbox 514 4970 2089 5041; baseline 0.012 -19"><span class='ocrx_word' id='word_1_405' title='bbox 514 4986 614 5023; x_wconf 86' lang='lat' dir='ltr'><strong>non</strong></span> <span class='ocrx_word' id='word_1_406' title='bbox 642 4970 772 5039; x_wconf 82' lang='lat' dir='ltr'><strong>[acia</strong></span> <span class='ocrx_word' id='word_1_407' title='bbox 798 4988 955 5041; x_wconf 76' lang='lat' dir='ltr'><strong>opera</strong></span> <span class='ocrx_word' id='word_1_408' title='bbox 990 4972 1162 5029; x_wconf 80' lang='lat' dir='ltr'><strong>Patris</strong></span> <span class='ocrx_word' id='word_1_409' title='bbox 1190 4977 1288 5029; x_wconf 85' lang='lat' dir='ltr'><strong>mei</strong></span> <span class='ocrx_word' id='word_1_410' title='bbox 1306 5017 1323 5041; x_wconf 91' lang='lat'><strong>,</strong></span> <span class='ocrx_word' id='word_1_411' title='bbox 1352 4993 1413 5031; x_wconf 81' lang='lat' dir='ltr'><strong>ue</strong></span> <span class='ocrx_word' id='word_1_412' title='bbox 1445 4980 1570 5035; x_wconf 77' lang='lat' dir='ltr'><strong>milii</strong></span> <span class='ocrx_word' id='word_1_413' title='bbox 1593 4983 1780 5037; x_wconf 81' lang='lat' dir='ltr'><strong>credite</strong></span> <span class='ocrx_word' id='word_1_414' title='bbox 1804 5001 1823 5037; x_wconf 92' lang='lat'><em>:</em></span> <span class='ocrx_word' id='word_1_415' title='bbox 1848 4986 1894 5039; x_wconf 89' lang='lat' dir='ltr'><strong>si</strong></span> <span class='ocrx_word' id='word_1_416' title='bbox 1921 4997 2089 5041; x_wconf 84' lang='lat' dir='ltr'><strong>autem</strong></span> 
     </span>
    </p>
   </div>
   <div class='ocr_carea' id='block_1_52' title="bbox 514 5060 2084 5148">
    <p class='ocr_par' dir='ltr' id='par_1_52' title="bbox 514 5060 2084 5148">
     <span class='ocr_line' id='line_1_52' title="bbox 514 5060 2084 5148; baseline 0.013 -36"><span class='ocrx_word' id='word_1_417' title='bbox 514 5060 666 5127; x_wconf 78' lang='lat' dir='ltr'><strong>facio,</strong></span> <span class='ocrx_word' id='word_1_418' title='bbox 695 5062 787 5116; x_wconf 82' lang='lat' dir='ltr'><strong>etsi</strong></span> <span class='ocrx_word' id='word_1_419' title='bbox 810 5063 931 5117; x_wconf 76' lang='lat' dir='ltr'><strong>mihi</strong></span> <span class='ocrx_word' id='word_1_420' title='bbox 954 5080 1055 5118; x_wconf 83' lang='lat' dir='ltr'><strong>non</strong></span> <span class='ocrx_word' id='word_1_421' title='bbox 1077 5066 1313 5133; x_wconf 79' lang='lat' dir='ltr'><strong>credatis,</strong></span> <span class='ocrx_word' id='word_1_422' title='bbox 1339 5070 1568 5137; x_wconf 77' lang='lat' dir='ltr'><strong>operibus</strong></span> <span class='ocrx_word' id='word_1_423' title='bbox 1582 5073 1772 5129; x_wconf 79' lang='lat' dir='ltr'><strong>credite</strong></span> <span class='ocrx_word' id='word_1_424' title='bbox 1790 5074 1968 5148; x_wconf 81' lang='lat' dir='ltr'><strong>(Joan.</strong></span> <span class='ocrx_word' id='word_1_425' title='bbox 1998 5079 2084 5135; x_wconf 89' lang='grc'><strong>10.</strong></span> 
     </span>
    </p>
   </div>
   <div class='ocr_carea' id='block_1_53' title="bbox 513 5149 2088 5231">
    <p class='ocr_par' dir='ltr' id='par_1_53' title="bbox 513 5149 2088 5231">
     <span class='ocr_line' id='line_1_53' title="bbox 513 5149 2088 5231; baseline 0.015 -29"><span class='ocrx_word' id='word_1_426' title='bbox 513 5149 603 5203; x_wconf 73' lang='lat'><strong>37.</strong></span> <span class='ocrx_word' id='word_1_427' title='bbox 635 5150 763 5223; x_wconf 76' lang='lat'><strong>58).</strong></span> <span class='ocrx_word' id='word_1_428' title='bbox 790 5154 923 5219; x_wconf 85' lang='lat' dir='ltr'><strong>Quia</strong></span> <span class='ocrx_word' id='word_1_429' title='bbox 961 5156 1105 5211; x_wconf 87' lang='lat' dir='ltr'><strong>enim</strong></span> <span class='ocrx_word' id='word_1_430' title='bbox 1133 5160 1380 5227; x_wconf 88' lang='lat' dir='ltr'><strong>permulti</strong></span> <span class='ocrx_word' id='word_1_431' title='bbox 1410 5162 1499 5231; x_wconf 86' lang='lat' dir='ltr'><strong>qui</strong></span> <span class='ocrx_word' id='word_1_432' title='bbox 1534 5173 1657 5219; x_wconf 92' lang='lat' dir='ltr'><strong>sunt</strong></span> <span class='ocrx_word' id='word_1_433' title='bbox 1696 5167 1973 5223; x_wconf 85' lang='lat' dir='ltr'><strong>crassioris</strong></span> <span class='ocrx_word' id='word_1_434' title='bbox 2003 5170 2088 5225; x_wconf 91' lang='lat' dir='ltr'><strong>in-</strong></span> 
     </span>
    </p>
   </div>
   <div class='ocr_carea' id='block_1_54' title="bbox 514 5242 2087 5318">
    <p class='ocr_par' dir='ltr' id='par_1_54' title="bbox 514 5242 2087 5318">
     <span class='ocr_line' id='line_1_54' title="bbox 514 5242 2087 5318; baseline 0.013 -24"><span class='ocrx_word' id='word_1_435' title='bbox 514 5242 652 5311; x_wconf 79' lang='lat' dir='ltr'><strong>genii</strong></span> <span class='ocrx_word' id='word_1_436' title='bbox 676 5282 693 5308; x_wconf 95' lang='lat'><strong>,</strong></span> <span class='ocrx_word' id='word_1_437' title='bbox 728 5251 789 5297; x_wconf 80' lang='lat' dir='ltr'><strong>et</strong></span> <span class='ocrx_word' id='word_1_438' title='bbox 809 5245 955 5301; x_wconf 85' lang='lat' dir='ltr'><strong>nullo</strong></span> <span class='ocrx_word' id='word_1_439' title='bbox 982 5246 1092 5303; x_wconf 87' lang='lat' dir='ltr'><strong>fere</strong></span> <span class='ocrx_word' id='word_1_440' title='bbox 1120 5263 1278 5305; x_wconf 88' lang='lat' dir='ltr'><strong>sensu</strong></span> <span class='ocrx_word' id='word_1_441' title='bbox 1307 5252 1509 5318; x_wconf 64' lang='lat' dir='ltr'><strong>praediti</strong></span> <span class='ocrx_word' id='word_1_442' title='bbox 1535 5294 1548 5317; x_wconf 92' lang='lat'><strong>,</strong></span> <span class='ocrx_word' id='word_1_443' title='bbox 1583 5257 1745 5309; x_wconf 88' lang='lat' dir='ltr'><strong>multa</strong></span> <span class='ocrx_word' id='word_1_444' title='bbox 1773 5256 1958 5312; x_wconf 90' lang='lat' dir='ltr'><strong>dicunt</strong></span> <span class='ocrx_word' id='word_1_445' title='bbox 1986 5259 2087 5313; x_wconf 87' lang='lat' dir='ltr'><strong>hu-</strong></span> 
     </span>
    </p>
   </div>
   <div class='ocr_carea' id='block_1_55' title="bbox 516 5330 2089 5411">
    <p class='ocr_par' dir='ltr' id='par_1_55' title="bbox 516 5330 2089 5411">
     <span class='ocr_line' id='line_1_55' title="bbox 516 5330 2089 5411; baseline 0.013 -27"><span class='ocrx_word' id='word_1_446' title='bbox 516 5330 764 5400; x_wconf 82' lang='lat' dir='ltr'><strong>iusmodi,</strong></span> <span class='ocrx_word' id='word_1_447' title='bbox 783 5350 986 5406; x_wconf 74' lang='lat' dir='ltr'><strong>nempe</strong></span> <span class='ocrx_word' id='word_1_448' title='bbox 1008 5337 1148 5394; x_wconf 86' lang='lat' dir='ltr'><strong>hunc</strong></span> <span class='ocrx_word' id='word_1_449' title='bbox 1171 5342 1348 5408; x_wconf 87' lang='lat' dir='ltr'><strong>elegit,</strong></span> <span class='ocrx_word' id='word_1_450' title='bbox 1382 5342 1521 5397; x_wconf 89' lang='lat' dir='ltr'><strong>hunc</strong></span> <span class='ocrx_word' id='word_1_451' title='bbox 1547 5344 1730 5401; x_wconf 87' lang='lat' dir='ltr'><strong>dilexit</strong></span> <span class='ocrx_word' id='word_1_452' title='bbox 1747 5389 1761 5411; x_wconf 91' lang='lat'><strong>,</strong></span> <span class='ocrx_word' id='word_1_453' title='bbox 1791 5347 1940 5404; x_wconf 90' lang='lat' dir='ltr'><strong>illum</strong></span> <span class='ocrx_word' id='word_1_454' title='bbox 1965 5350 2089 5405; x_wconf 91' lang='lat' dir='ltr'><strong>odio</strong></span> 
     </span>
    </p>
   </div>
   <div class='ocr_carea' id='block_1_56' title="bbox 517 5420 2087 5504">
    <p class='ocr_par' dir='ltr' id='par_1_56' title="bbox 517 5420 2087 5504">
     <span class='ocr_line' id='line_1_56' title="bbox 517 5420 2087 5504; baseline 0.015 -31"><span class='ocrx_word' id='word_1_455' title='bbox 517 5420 718 5487; x_wconf 83' lang='lat' dir='ltr'><strong>habuit,</strong></span> <span class='ocrx_word' id='word_1_456' title='bbox 747 5433 801 5479; x_wconf 88' lang='lat' dir='ltr'><strong>et</strong></span> <span class='ocrx_word' id='word_1_457' title='bbox 831 5436 1107 5495; x_wconf 88' lang='lat' dir='ltr'><strong>propterea</strong></span> <span class='ocrx_word' id='word_1_458' title='bbox 1135 5430 1220 5486; x_wconf 91' lang='lat' dir='ltr'><strong>hic</strong></span> <span class='ocrx_word' id='word_1_459' title='bbox 1246 5433 1457 5501; x_wconf 88' lang='lat' dir='ltr'><strong>quidem</strong></span> <span class='ocrx_word' id='word_1_460' title='bbox 1484 5436 1654 5490; x_wconf 90' lang='lat' dir='ltr'><strong>malus</strong></span> <span class='ocrx_word' id='word_1_461' title='bbox 1676 5479 1692 5504; x_wconf 90' lang='lat'><strong>,</strong></span> <span class='ocrx_word' id='word_1_462' title='bbox 1721 5438 1813 5493; x_wconf 87' lang='lat' dir='ltr'><strong>ille</strong></span> <span class='ocrx_word' id='word_1_463' title='bbox 1835 5454 1962 5493; x_wconf 75' lang='lat' dir='ltr'><strong>vero</strong></span> <span class='ocrx_word' id='word_1_464' title='bbox 1990 5440 2087 5495; x_wconf 84' lang='lat' dir='ltr'><strong>bo—</strong></span> 
     </span>
    </p>
   </div>
   <div class='ocr_carea' id='block_1_57' title="bbox 517 5514 2089 5602">
    <p class='ocr_par' dir='ltr' id='par_1_57' title="bbox 517 5514 2089 5602">
     <span class='ocr_line' id='line_1_57' title="bbox 517 5514 2089 5602; baseline 0.015 -39"><span class='ocrx_word' id='word_1_465' title='bbox 517 5524 617 5602; x_wconf 77' lang='lat' dir='ltr'><strong>nos</strong></span> <span class='ocrx_word' id='word_1_466' title='bbox 644 5514 809 5567; x_wconf 84' lang='lat' dir='ltr'><strong>evasit</strong></span> <span class='ocrx_word' id='word_1_467' title='bbox 836 5532 851 5569; x_wconf 91' lang='lat'><strong>:</strong></span> <span class='ocrx_word' id='word_1_468' title='bbox 878 5530 942 5570; x_wconf 91' lang='lat' dir='ltr'><strong>ex</strong></span> <span class='ocrx_word' id='word_1_469' title='bbox 971 5518 1129 5573; x_wconf 91' lang='lat' dir='ltr'><strong>rebus</strong></span> <span class='ocrx_word' id='word_1_470' title='bbox 1156 5520 1283 5590; x_wconf 88' lang='lat' dir='ltr'><strong>ipsis</strong></span> <span class='ocrx_word' id='word_1_471' title='bbox 1308 5524 1590 5591; x_wconf 88' lang='lat' dir='ltr'><strong>persuadet</strong></span> <span class='ocrx_word' id='word_1_472' title='bbox 1619 5568 1635 5592; x_wconf 95' lang='lat'><strong>,</strong></span> <span class='ocrx_word' id='word_1_473' title='bbox 1676 5528 2089 5602; x_wconf 81' lang='lat' dir='ltr'><strong>uniuscujusque</strong></span> 
     </span>
    </p>
   </div>
   <div class='ocr_carea' id='block_1_58' title="bbox 516 5600 2091 5683">
    <p class='ocr_par' dir='ltr' id='par_1_58' title="bbox 516 5600 2091 5683">
     <span class='ocr_line' id='line_1_58' title="bbox 516 5600 2091 5683; baseline 0.015 -28"><span class='ocrx_word' id='word_1_474' title='bbox 516 5600 704 5657; x_wconf 87' lang='lat' dir='ltr'><strong>borum</strong></span> <span class='ocrx_word' id='word_1_475' title='bbox 732 5607 1043 5663; x_wconf 85' lang='lat' dir='ltr'><strong>sententiam</strong></span> <span class='ocrx_word' id='word_1_476' title='bbox 1067 5612 1337 5683; x_wconf 87' lang='lat' dir='ltr'><strong>corrigens</strong></span> <span class='ocrx_word' id='word_1_477' title='bbox 1360 5657 1375 5681; x_wconf 89' lang='lat'><strong>,</strong></span> <span class='ocrx_word' id='word_1_478' title='bbox 1402 5624 1458 5671; x_wconf 91' lang='lat' dir='ltr'><strong>et</strong></span> <span class='ocrx_word' id='word_1_479' title='bbox 1481 5614 1533 5671; x_wconf 90' lang='lat' dir='ltr'><strong>in</strong></span> <span class='ocrx_word' id='word_1_480' title='bbox 1564 5618 1796 5675; x_wconf 88' lang='lat' dir='ltr'><strong>medium</strong></span> <span class='ocrx_word' id='word_1_481' title='bbox 1822 5600 2091 5678; x_wconf 79' lang='lat' dir='ltr'><strong>adducens</strong></span> 
     </span>
    </p>
   </div>
   <div class='ocr_carea' id='block_1_59' title="bbox 508 5692 2087 5783">
    <p class='ocr_par' dir='ltr' id='par_1_59' title="bbox 508 5692 2087 5783">
     <span class='ocr_line' id='line_1_59' title="bbox 508 5692 2087 5783; baseline 0.017 -38"><span class='ocrx_word' id='word_1_482' title='bbox 508 5692 881 5764; x_wconf 88' lang='lat' dir='ltr'><strong>probationem</strong></span> <span class='ocrx_word' id='word_1_483' title='bbox 910 5713 1004 5769; x_wconf 89' lang='lat' dir='ltr'><strong>per</strong></span> <span class='ocrx_word' id='word_1_484' title='bbox 1029 5712 1189 5772; x_wconf 58' lang='lat' dir='ltr'><strong>opera,</strong></span> <span class='ocrx_word' id='word_1_485' title='bbox 1213 5747 1228 5775; x_wconf 89' lang='lat'><strong>,</strong></span> <span class='ocrx_word' id='word_1_486' title='bbox 1260 5716 1315 5763; x_wconf 90' lang='lat' dir='ltr'><strong>et</strong></span> <span class='ocrx_word' id='word_1_487' title='bbox 1351 5712 1653 5780; x_wconf 78' lang='lat' dir='ltr'><strong>pronuntiat</strong></span> <span class='ocrx_word' id='word_1_488' title='bbox 1685 5711 1899 5783; x_wconf 86' lang='lat' dir='ltr'><strong>quidem</strong></span> <span class='ocrx_word' id='word_1_489' title='bbox 1928 5714 2087 5771; x_wconf 82' lang='lat' dir='ltr'><strong>etiam</strong></span> 
     </span>
    </p>
   </div>
   <div class='ocr_carea' id='block_1_60' title="bbox 1205 300 3032 369">
    <p class='ocr_par' dir='ltr' id='par_1_60' title="bbox 1205 300 3032 369">
     <span class='ocr_line' id='line_1_60' title="bbox 1205 300 3032 369; baseline -0.003 0"><span class='ocrx_word' id='word_1_490' title='bbox 1205 311 1265 369; x_wconf 83' lang='lat'><strong>8.</strong></span> <span class='ocrx_word' id='word_1_491' title='bbox 1305 306 1583 369; x_wconf 75' lang='lat' dir='ltr'><strong>JOANNIS</strong></span> <span class='ocrx_word' id='word_1_492' title='bbox 1618 302 2092 367; x_wconf 65' lang='lat' dir='ltr'><strong>CHRYSOSTOXI</strong></span> <span class='ocrx_word' id='word_1_493' title='bbox 2130 300 2451 363; x_wconf 75' lang='lat' dir='ltr'><strong>ARCHIEP.</strong></span> <span class='ocrx_word' id='word_1_494' title='bbox 2489 304 3032 364; x_wconf 75' lang='lat' dir='ltr'><strong>CONSTANTINOP.</strong></span> 
     </span>
    </p>
   </div>
   <div class='ocr_carea' id='block_1_61' title="bbox 3708 309 3804 367">
    <p class='ocr_par' dir='ltr' id='par_1_61' title="bbox 3708 309 3804 367">
     <span class='ocr_line' id='line_1_61' title="bbox 3708 309 3804 367; baseline -0.042 0"><span class='ocrx_word' id='word_1_495' title='bbox 3708 309 3804 367; x_wconf 72' lang='grc' dir='ltr'><strong>ιη</strong></span> 
     </span>
    </p>
   </div>
   <div class='ocr_carea' id='block_1_62' title="bbox 2221 402 3807 499">
    <p class='ocr_par' dir='ltr' id='par_1_62' title="bbox 2221 402 3807 499">
     <span class='ocr_line' id='line_1_62' title="bbox 2221 402 3807 499; baseline 0.006 -30"><span class='ocrx_word' id='word_1_496' title='bbox 2221 423 2505 486; x_wconf 88' lang='lat' dir='ltr'><strong>antequam</strong></span> <span class='ocrx_word' id='word_1_497' title='bbox 2551 431 2638 473; x_wconf 90' lang='lat' dir='ltr'><strong>res</strong></span> <span class='ocrx_word' id='word_1_498' title='bbox 2674 402 2955 485; x_wconf 79' lang='lat' dir='ltr'><strong>eveniant,</strong></span> <span class='ocrx_word' id='word_1_499' title='bbox 2988 419 3133 475; x_wconf 81' lang='lat' dir='ltr'><strong>hunc</strong></span> <span class='ocrx_word' id='word_1_500' title='bbox 3165 420 3365 476; x_wconf 67' lang='lat' dir='ltr'><strong>virtute</strong></span> <span class='ocrx_word' id='word_1_501' title='bbox 3405 420 3687 499; x_wconf 63' lang='lat' dir='ltr'><strong>praeditum</strong></span> <span class='ocrx_word' id='word_1_502' title='bbox 3710 462 3726 489; x_wconf 94' lang='lat'><strong>,</strong></span> <span class='ocrx_word' id='word_1_503' title='bbox 3751 432 3807 478; x_wconf 90' lang='lat' dir='ltr'><strong>ut</strong></span> 
     </span>
    </p>
   </div>
   <div class='ocr_carea' id='block_1_63' title="bbox 2219 506 3806 586">
    <p class='ocr_par' dir='ltr' id='par_1_63' title="bbox 2219 506 3806 586">
     <span class='ocr_line' id='line_1_63' title="bbox 2219 506 3806 586; baseline 0.007 -25"><span class='ocrx_word' id='word_1_504' title='bbox 2219 506 2335 576; x_wconf 88' lang='lat' dir='ltr'><strong>ejus</strong></span> <span class='ocrx_word' id='word_1_505' title='bbox 2350 508 2660 577; x_wconf 64' lang='lat' dir='ltr'><strong>praesciendi</strong></span> <span class='ocrx_word' id='word_1_506' title='bbox 2682 509 2984 566; x_wconf 70' lang='lat' dir='ltr'><strong>facultatem</strong></span> <span class='ocrx_word' id='word_1_507' title='bbox 3007 510 3303 582; x_wconf 87' lang='lat' dir='ltr'><strong>intelligant</strong></span> <span class='ocrx_word' id='word_1_508' title='bbox 3328 527 3344 566; x_wconf 87' lang='lat'><strong>:</strong></span> <span class='ocrx_word' id='word_1_509' title='bbox 3366 512 3605 586; x_wconf 83' lang='lat' dir='ltr'><strong>sdjungit</strong></span> <span class='ocrx_word' id='word_1_510' title='bbox 3628 526 3806 572; x_wconf 84' lang='lat' dir='ltr'><strong>autem</strong></span> 
     </span>
    </p>
   </div>
   <div class='ocr_carea' id='block_1_64' title="bbox 2219 597 3804 677">
    <p class='ocr_par' dir='ltr' id='par_1_64' title="bbox 2219 597 3804 677">
     <span class='ocr_line' id='line_1_64' title="bbox 2219 597 3804 677; baseline 0.007 -27"><span class='ocrx_word' id='word_1_511' title='bbox 2219 597 2379 651; x_wconf 91' lang='lat' dir='ltr'><strong>etiam</strong></span> <span class='ocrx_word' id='word_1_512' title='bbox 2424 598 2789 667; x_wconf 88' lang='lat' dir='ltr'><strong>probationem</strong></span> <span class='ocrx_word' id='word_1_513' title='bbox 2817 617 2937 671; x_wconf 84' lang='lat' dir='ltr'><strong>quae</strong></span> <span class='ocrx_word' id='word_1_514' title='bbox 2981 601 3042 657; x_wconf 84' lang='lat' dir='ltr'><strong>ﬁt</strong></span> <span class='ocrx_word' id='word_1_515' title='bbox 3066 618 3163 673; x_wconf 88' lang='lat' dir='ltr'><strong>per</strong></span> <span class='ocrx_word' id='word_1_516' title='bbox 3188 618 3353 674; x_wconf 83' lang='lat' dir='ltr'><strong>opera</strong></span> <span class='ocrx_word' id='word_1_517' title='bbox 3376 645 3393 672; x_wconf 89' lang='lat'><strong>,</strong></span> <span class='ocrx_word' id='word_1_518' title='bbox 3421 620 3490 662; x_wconf 87' lang='lat' dir='ltr'><strong>ne</strong></span> <span class='ocrx_word' id='word_1_519' title='bbox 3513 607 3635 677; x_wconf 82' lang='lat' dir='ltr'><strong>quis</strong></span> <span class='ocrx_word' id='word_1_520' title='bbox 3661 604 3804 662; x_wconf 84' lang='lat' dir='ltr'><strong>dicat</strong></span> 
     </span>
    </p>
   </div>
   <div class='ocr_carea' id='block_1_65' title="bbox 2219 687 3801 767">
    <p class='ocr_par' dir='ltr' id='par_1_65' title="bbox 2219 687 3801 767">
     <span class='ocr_line' id='line_1_65' title="bbox 2219 687 3801 767; baseline 0.009 -27"><span class='ocrx_word' id='word_1_521' title='bbox 2219 687 2380 755; x_wconf 88' lang='lat' dir='ltr'><strong>paulo</strong></span> <span class='ocrx_word' id='word_1_522' title='bbox 2408 688 2852 746; x_wconf 89' lang='lat' dir='ltr'><strong>inconsideratior</strong></span> <span class='ocrx_word' id='word_1_523' title='bbox 2881 707 3005 747; x_wconf 89' lang='lat' dir='ltr'><strong>eum</strong></span> <span class='ocrx_word' id='word_1_524' title='bbox 3047 693 3207 749; x_wconf 84' lang='lat' dir='ltr'><strong>talem</strong></span> <span class='ocrx_word' id='word_1_525' title='bbox 3247 708 3369 751; x_wconf 86' lang='lat' dir='ltr'><strong>esse</strong></span> <span class='ocrx_word' id='word_1_526' title='bbox 3410 692 3801 767; x_wconf 69' lang='lat' dir='ltr'><strong>propterprtco</strong></span> 
     </span>
    </p>
   </div>
   <div class='ocr_carea' id='block_1_66' title="bbox 2216 770 3801 860">
    <p class='ocr_par' dir='ltr' id='par_1_66' title="bbox 2216 770 3801 860">
     <span class='ocr_line' id='line_1_66' title="bbox 2216 770 3801 860; baseline 0.005 -25"><span class='ocrx_word' id='word_1_527' title='bbox 2216 780 2517 835; x_wconf 85' lang='lat' dir='ltr'><strong>scientiam.</strong></span> <span class='ocrx_word' id='word_1_528' title='bbox 2560 781 2729 837; x_wconf 89' lang='lat' dir='ltr'><strong>Porro</strong></span> <span class='ocrx_word' id='word_1_529' title='bbox 2767 770 2886 839; x_wconf 68' lang='lat' dir='ltr'><strong>vide</strong></span> <span class='ocrx_word' id='word_1_530' title='bbox 2923 785 3194 854; x_wconf 91' lang='lat' dir='ltr'><strong>quomodo</strong></span> <span class='ocrx_word' id='word_1_531' title='bbox 3234 785 3430 843; x_wconf 79' lang='lat' dir='ltr'><strong>Paulus</strong></span> <span class='ocrx_word' id='word_1_532' title='bbox 3461 788 3567 844; x_wconf 82' lang='lat' dir='ltr'><strong>hoc</strong></span> <span class='ocrx_word' id='word_1_533' title='bbox 3605 788 3801 860; x_wconf 72' lang='lat' dir='ltr'><strong>signiﬁ-</strong></span> 
     </span>
    </p>
   </div>
   <div class='ocr_carea' id='block_1_67' title="bbox 2216 869 3789 948">
    <p class='ocr_par' dir='ltr' id='par_1_67' title="bbox 2216 869 3789 948">
     <span class='ocr_line' id='line_1_67' title="bbox 2216 869 3789 948; baseline 0.008 -25"><span class='ocrx_word' id='word_1_534' title='bbox 2216 877 2320 934; x_wconf 89' lang='lat' dir='ltr'><strong>cat,</strong></span> <span class='ocrx_word' id='word_1_535' title='bbox 2345 870 2532 925; x_wconf 88' lang='lat' dir='ltr'><strong>dicens</strong></span> <span class='ocrx_word' id='word_1_536' title='bbox 2560 886 2574 922; x_wconf 92' lang='lat'><strong>:</strong></span> <span class='ocrx_word' id='word_1_537' title='bbox 2603 869 2730 926; x_wconf 86' lang='lat' dir='ltr'><strong>Cum</strong></span> <span class='ocrx_word' id='word_1_538' title='bbox 2759 874 2893 927; x_wconf 88' lang='lat' dir='ltr'><strong>enim</strong></span> <span class='ocrx_word' id='word_1_539' title='bbox 2920 874 3149 929; x_wconf 85' lang='lat' dir='ltr'><strong>nondum</strong></span> <span class='ocrx_word' id='word_1_540' title='bbox 3172 876 3280 931; x_wconf 87' lang='lat' dir='ltr'><strong>nati</strong></span> <span class='ocrx_word' id='word_1_541' title='bbox 3301 878 3516 948; x_wconf 78' lang='lat' dir='ltr'><strong>fuissent</strong></span> <span class='ocrx_word' id='word_1_542' title='bbox 3538 919 3554 944; x_wconf 87' lang='lat'><strong>,</strong></span> <span class='ocrx_word' id='word_1_543' title='bbox 3583 896 3677 934; x_wconf 81' lang='lat' dir='ltr'><strong>nec</strong></span> <span class='ocrx_word' id='word_1_544' title='bbox 3702 880 3789 933; x_wconf 76' lang='lat' dir='ltr'><strong>ali-</strong></span> 
     </span>
    </p>
   </div>
   <div class='ocr_carea' id='block_1_68' title="bbox 2213 958 3808 1034">
    <p class='ocr_par' dir='ltr' id='par_1_68' title="bbox 2213 958 3808 1034">
     <span class='ocr_line' id='line_1_68' title="bbox 2213 958 3808 1034; baseline 0.01 -24"><span class='ocrx_word' id='word_1_545' title='bbox 2213 958 2339 1028; x_wconf 75' lang='lat' dir='ltr'><strong>quid</strong></span> <span class='ocrx_word' id='word_1_546' title='bbox 2358 958 2477 1013; x_wconf 86' lang='lat' dir='ltr'><strong>boni</strong></span> <span class='ocrx_word' id='word_1_547' title='bbox 2498 968 2586 1014; x_wconf 77' lang='lat' dir='ltr'><strong>aut</strong></span> <span class='ocrx_word' id='word_1_548' title='bbox 2605 961 2727 1015; x_wconf 80' lang='lat' dir='ltr'><strong>mali</strong></span> <span class='ocrx_word' id='word_1_549' title='bbox 2750 965 3000 1034; x_wconf 79' lang='lat' dir='ltr'><strong>fecissent,</strong></span> <span class='ocrx_word' id='word_1_550' title='bbox 3020 975 3073 1019; x_wconf 80' lang='lat' dir='ltr'><strong>ut</strong></span> <span class='ocrx_word' id='word_1_551' title='bbox 3094 965 3191 1021; x_wconf 85' lang='lat' dir='ltr'><strong>Dei</strong></span> <span class='ocrx_word' id='word_1_552' title='bbox 3212 970 3488 1023; x_wconf 77' lang='lat' dir='ltr'><strong>secundum</strong></span> <span class='ocrx_word' id='word_1_553' title='bbox 3512 971 3808 1025; x_wconf 79' lang='lat' dir='ltr'><strong>electionem</strong></span> 
     </span>
    </p>
   </div>
   <div class='ocr_carea' id='block_1_69' title="bbox 2214 1050 3804 1129">
    <p class='ocr_par' dir='ltr' id='par_1_69' title="bbox 2214 1050 3804 1129">
     <span class='ocr_line' id='line_1_69' title="bbox 2214 1050 3804 1129; baseline 0.01 -28"><span class='ocrx_word' id='word_1_554' title='bbox 2214 1050 2527 1118; x_wconf 85' lang='lat' dir='ltr'><strong>propositum</strong></span> <span class='ocrx_word' id='word_1_555' title='bbox 2554 1062 2796 1121; x_wconf 87' lang='lat' dir='ltr'><strong>maneret,</strong></span> <span class='ocrx_word' id='word_1_556' title='bbox 2827 1071 2929 1110; x_wconf 90' lang='lat' dir='ltr'><strong>non</strong></span> <span class='ocrx_word' id='word_1_557' title='bbox 2962 1072 3027 1111; x_wconf 83' lang='lat' dir='ltr'><strong>ea:</strong></span> <span class='ocrx_word' id='word_1_558' title='bbox 3059 1059 3312 1127; x_wconf 72' lang='lat' dir='ltr'><strong>operibus,</strong></span> <span class='ocrx_word' id='word_1_559' title='bbox 3342 1060 3432 1115; x_wconf 81' lang='lat' dir='ltr'><strong>sed</strong></span> <span class='ocrx_word' id='word_1_560' title='bbox 3463 1077 3528 1115; x_wconf 69' lang='lat' dir='ltr'><strong>et:</strong></span> <span class='ocrx_word' id='word_1_561' title='bbox 3556 1073 3804 1129; x_wconf 72' lang='lat' dir='ltr'><strong>uocante,</strong></span> 
     </span>
    </p>
   </div>
   <div class='ocr_carea' id='block_1_70' title="bbox 2213 1141 3806 1222">
    <p class='ocr_par' dir='ltr' id='par_1_70' title="bbox 2213 1141 3806 1222">
     <span class='ocr_line' id='line_1_70' title="bbox 2213 1141 3806 1222; baseline 0.011 -29"><span class='ocrx_word' id='word_1_562' title='bbox 2213 1141 2403 1196; x_wconf 82' lang='lat' dir='ltr'><strong>dictum</strong></span> <span class='ocrx_word' id='word_1_563' title='bbox 2428 1155 2498 1199; x_wconf 86' lang='lat' dir='ltr'><strong>est</strong></span> <span class='ocrx_word' id='word_1_564' title='bbox 2524 1145 2571 1199; x_wconf 88' lang='lat' dir='ltr'><strong>ei</strong></span> <span class='ocrx_word' id='word_1_565' title='bbox 2592 1186 2608 1211; x_wconf 92' lang='lat'><strong>,</strong></span> <span class='ocrx_word' id='word_1_566' title='bbox 2635 1148 2772 1218; x_wconf 85' lang='lat' dir='ltr'><strong>quod</strong></span> <span class='ocrx_word' id='word_1_567' title='bbox 2798 1150 2966 1221; x_wconf 83' lang='lat' dir='ltr'><strong>major</strong></span> <span class='ocrx_word' id='word_1_568' title='bbox 2986 1152 3164 1205; x_wconf 78' lang='lat' dir='ltr'><strong>seruiet</strong></span> <span class='ocrx_word' id='word_1_569' title='bbox 3187 1152 3371 1205; x_wconf 86' lang='lat' dir='ltr'><strong>minori</strong></span> <span class='ocrx_word' id='word_1_570' title='bbox 3399 1152 3418 1222; x_wconf 95' lang='lat'><strong>(</strong></span> <span class='ocrx_word' id='word_1_571' title='bbox 3440 1153 3594 1210; x_wconf 81' lang='lat' dir='ltr'><strong>Rom.</strong></span> <span class='ocrx_word' id='word_1_572' title='bbox 3623 1153 3678 1210; x_wconf 85' lang='lat'><strong>9.</strong></span> <span class='ocrx_word' id='word_1_573' title='bbox 3705 1155 3806 1210; x_wconf 81' lang='grc'><strong>11-</strong></span> 
     </span>
    </p>
   </div>
   <div class='ocr_carea' id='block_1_71' title="bbox 2214 1235 3805 1316">
    <p class='ocr_par' dir='ltr' id='par_1_71' title="bbox 2214 1235 3805 1316">
     <span class='ocr_line' id='line_1_71' title="bbox 2214 1235 3805 1316; baseline 0.008 -25"><span class='ocrx_word' id='word_1_574' title='bbox 2214 1235 2340 1304; x_wconf 82' lang='grc'><strong>15).</strong></span> <span class='ocrx_word' id='word_1_575' title='bbox 2382 1236 2565 1306; x_wconf 89' lang='lat' dir='ltr'><strong>Neque</strong></span> <span class='ocrx_word' id='word_1_576' title='bbox 2590 1238 2732 1294; x_wconf 91' lang='lat' dir='ltr'><strong>enim</strong></span> <span class='ocrx_word' id='word_1_577' title='bbox 2766 1238 3027 1296; x_wconf 84' lang='lat' dir='ltr'><strong>factorum</strong></span> <span class='ocrx_word' id='word_1_578' title='bbox 3054 1243 3229 1298; x_wconf 90' lang='lat' dir='ltr'><strong>exitus</strong></span> <span class='ocrx_word' id='word_1_579' title='bbox 3250 1253 3334 1299; x_wconf 88' lang='lat' dir='ltr'><strong>est</strong></span> <span class='ocrx_word' id='word_1_580' title='bbox 3360 1245 3759 1316; x_wconf 84' lang='lat' dir='ltr'><strong>exspectandus</strong></span> <span class='ocrx_word' id='word_1_581' title='bbox 3781 1287 3805 1313; x_wconf 82' lang='lat'><strong>,</strong></span> 
     </span>
    </p>
   </div>
   <div class='ocr_carea' id='block_1_72' title="bbox 2212 1326 3804 1407">
    <p class='ocr_par' dir='ltr' id='par_1_72' title="bbox 2212 1326 3804 1407">
     <span class='ocr_line' id='line_1_72' title="bbox 2212 1326 3804 1407; baseline 0.009 -28"><span class='ocrx_word' id='word_1_582' title='bbox 2212 1326 2308 1379; x_wconf 89' lang='lat' dir='ltr'><strong>sed</strong></span> <span class='ocrx_word' id='word_1_583' title='bbox 2336 1334 2496 1381; x_wconf 79' lang='lat' dir='ltr'><strong>etiam</strong></span> <span class='ocrx_word' id='word_1_584' title='bbox 2522 1336 2645 1383; x_wconf 85' lang='lat' dir='ltr'><strong>ante</strong></span> <span class='ocrx_word' id='word_1_585' title='bbox 2679 1344 2742 1384; x_wconf 89' lang='lat' dir='ltr'><strong>ea</strong></span> <span class='ocrx_word' id='word_1_586' title='bbox 2769 1330 2915 1385; x_wconf 89' lang='lat' dir='ltr'><strong>novit</strong></span> <span class='ocrx_word' id='word_1_587' title='bbox 2954 1331 3073 1400; x_wconf 88' lang='lat' dir='ltr'><strong>ipse</strong></span> <span class='ocrx_word' id='word_1_588' title='bbox 3102 1339 3225 1387; x_wconf 85' lang='lat' dir='ltr'><strong>eum</strong></span> <span class='ocrx_word' id='word_1_589' title='bbox 3260 1333 3351 1404; x_wconf 89' lang='lat' dir='ltr'><strong>qui</strong></span> <span class='ocrx_word' id='word_1_590' title='bbox 3390 1334 3567 1389; x_wconf 85' lang='lat' dir='ltr'><strong>malus</strong></span> <span class='ocrx_word' id='word_1_591' title='bbox 3585 1376 3604 1400; x_wconf 97' lang='lat'><strong>,</strong></span> <span class='ocrx_word' id='word_1_592' title='bbox 3629 1344 3686 1391; x_wconf 90' lang='lat' dir='ltr'><strong>et</strong></span> <span class='ocrx_word' id='word_1_593' title='bbox 3712 1337 3804 1407; x_wconf 88' lang='lat' dir='ltr'><strong>qui</strong></span> 
     </span>
    </p>
   </div>
   <div class='ocr_carea' id='block_1_73' title="bbox 2213 1418 3803 1498">
    <p class='ocr_par' dir='ltr' id='par_1_73' title="bbox 2213 1418 3803 1498">
     <span class='ocr_line' id='line_1_73' title="bbox 2213 1418 3803 1498; baseline 0.008 -28"><span class='ocrx_word' id='word_1_594' title='bbox 2213 1430 2320 1472; x_wconf 91' lang='lat' dir='ltr'><strong>non</strong></span> <span class='ocrx_word' id='word_1_595' title='bbox 2363 1418 2482 1473; x_wconf 89' lang='lat' dir='ltr'><strong>talis</strong></span> <span class='ocrx_word' id='word_1_596' title='bbox 2528 1431 2612 1476; x_wconf 91' lang='lat' dir='ltr'><strong>est</strong></span> <span class='ocrx_word' id='word_1_597' title='bbox 2660 1420 2888 1478; x_wconf 82' lang='lat' dir='ltr'><strong>futurus.</strong></span> <span class='ocrx_word' id='word_1_598' title='bbox 2934 1422 3184 1478; x_wconf 87' lang='lat' dir='ltr'><strong>Semitam</strong></span> <span class='ocrx_word' id='word_1_599' title='bbox 3228 1441 3393 1478; x_wconf 87' lang='lat' dir='ltr'><strong>meam</strong></span> <span class='ocrx_word' id='word_1_600' title='bbox 3433 1434 3478 1479; x_wconf 82' lang='lat' dir='ltr'><strong>et</strong></span> <span class='ocrx_word' id='word_1_601' title='bbox 3515 1428 3803 1498; x_wconf 76' lang='lat' dir='ltr'><strong>funiculum</strong></span> 
     </span>
    </p>
   </div>
   <div class='ocr_carea' id='block_1_74' title="bbox 2210 1512 3799 1588">
    <p class='ocr_par' dir='ltr' id='par_1_74' title="bbox 2210 1512 3799 1588">
     <span class='ocr_line' id='line_1_74' title="bbox 2210 1512 3799 1588; baseline 0.008 -26"><span class='ocrx_word' id='word_1_602' title='bbox 2210 1526 2381 1564; x_wconf 82' lang='lat' dir='ltr'><strong>meum</strong></span> <span class='ocrx_word' id='word_1_603' title='bbox 2422 1512 2728 1583; x_wconf 83' lang='lat' dir='ltr'><strong>inrestigasti</strong></span> <span class='ocrx_word' id='word_1_604' title='bbox 2752 1554 2768 1582; x_wconf 95' lang='lat'><strong>,</strong></span> <span class='ocrx_word' id='word_1_605' title='bbox 2795 1516 2849 1570; x_wconf 78' lang='grc'><strong>4.</strong></span> <span class='ocrx_word' id='word_1_606' title='bbox 2878 1523 2927 1569; x_wconf 89' lang='lat' dir='ltr'><strong>et</strong></span> <span class='ocrx_word' id='word_1_607' title='bbox 2967 1530 3141 1571; x_wconf 84' lang='lat' dir='ltr'><strong>omnes</strong></span> <span class='ocrx_word' id='word_1_608' title='bbox 3177 1516 3284 1571; x_wconf 75' lang='lat' dir='ltr'><strong>uias</strong></span> <span class='ocrx_word' id='word_1_609' title='bbox 3323 1532 3462 1571; x_wconf 72' lang='lat' dir='ltr'><strong>mea</strong></span> <span class='ocrx_word' id='word_1_610' title='bbox 3492 1518 3799 1588; x_wconf 65' lang='lat' dir='ltr'><strong>praidistis</strong></span> 
     </span>
    </p>
   </div>
   <div class='ocr_carea' id='block_1_75' title="bbox 2210 1600 3803 1669">
    <p class='ocr_par' dir='ltr' id='par_1_75' title="bbox 2210 1600 3803 1669">
     <span class='ocr_line' id='line_1_75' title="bbox 2210 1600 3803 1669; baseline 0.004 -13"><span class='ocrx_word' id='word_1_611' title='bbox 2210 1600 2667 1669; x_wconf 85' lang='lat' dir='ltr'><strong>Quemadmodum</strong></span> <span class='ocrx_word' id='word_1_612' title='bbox 2709 1606 3003 1661; x_wconf 82' lang='lat' dir='ltr'><strong>sessionem</strong></span> <span class='ocrx_word' id='word_1_613' title='bbox 3048 1614 3103 1661; x_wconf 90' lang='lat' dir='ltr'><strong>et</strong></span> <span class='ocrx_word' id='word_1_614' title='bbox 3145 1608 3598 1663; x_wconf 83' lang='lat' dir='ltr'><strong>resurrectionem</strong></span> <span class='ocrx_word' id='word_1_615' title='bbox 3645 1617 3803 1663; x_wconf 81' lang='lat' dir='ltr'><strong>vocat</strong></span> 
     </span>
    </p>
   </div>
   <div class='ocr_carea' id='block_1_76' title="bbox 2210 1690 3799 1769">
    <p class='ocr_par' dir='ltr' id='par_1_76' title="bbox 2210 1690 3799 1769">
     <span class='ocr_line' id='line_1_76' title="bbox 2210 1690 3799 1769; baseline 0.006 -23"><span class='ocrx_word' id='word_1_616' title='bbox 2210 1690 2347 1747; x_wconf 79' lang='lat' dir='ltr'><strong>facta</strong></span> <span class='ocrx_word' id='word_1_617' title='bbox 2384 1709 2450 1748; x_wconf 88' lang='lat' dir='ltr'><strong>ex</strong></span> <span class='ocrx_word' id='word_1_618' title='bbox 2484 1696 2872 1751; x_wconf 86' lang='lat' dir='ltr'><strong>consuetudine</strong></span> <span class='ocrx_word' id='word_1_619' title='bbox 2899 1713 2914 1749; x_wconf 93' lang='lat'><strong>:</strong></span> <span class='ocrx_word' id='word_1_620' title='bbox 2942 1696 3140 1752; x_wconf 88' lang='lat' dir='ltr'><strong>etenim</strong></span> <span class='ocrx_word' id='word_1_621' title='bbox 3171 1710 3271 1754; x_wconf 89' lang='lat' dir='ltr'><strong>nos</strong></span> <span class='ocrx_word' id='word_1_622' title='bbox 3294 1698 3457 1753; x_wconf 89' lang='lat' dir='ltr'><strong>etiam</strong></span> <span class='ocrx_word' id='word_1_623' title='bbox 3485 1713 3632 1769; x_wconf 75' lang='lat' dir='ltr'><strong>saepe</strong></span> <span class='ocrx_word' id='word_1_624' title='bbox 3659 1698 3799 1755; x_wconf 81' lang='lat' dir='ltr'><strong>dici-</strong></span> 
     </span>
    </p>
   </div>
   <div class='ocr_carea' id='block_1_77' title="bbox 2209 1786 3801 1863">
    <p class='ocr_par' dir='ltr' id='par_1_77' title="bbox 2209 1786 3801 1863">
     <span class='ocr_line' id='line_1_77' title="bbox 2209 1786 3801 1863; baseline 0.004 -24"><span class='ocrx_word' id='word_1_625' title='bbox 2209 1800 2330 1840; x_wconf 90' lang='lat' dir='ltr'><strong>mus</strong></span> <span class='ocrx_word' id='word_1_626' title='bbox 2360 1805 2373 1839; x_wconf 92' lang='lat'><strong>:</strong></span> <span class='ocrx_word' id='word_1_627' title='bbox 2408 1786 2505 1842; x_wconf 85' lang='lat' dir='ltr'><strong>Hic</strong></span> <span class='ocrx_word' id='word_1_628' title='bbox 2532 1788 2698 1850; x_wconf 86' lang='lat' dir='ltr'><strong>novit,</strong></span> <span class='ocrx_word' id='word_1_629' title='bbox 2726 1787 2992 1857; x_wconf 89' lang='lat' dir='ltr'><strong>quomodo</strong></span> <span class='ocrx_word' id='word_1_630' title='bbox 3016 1788 3203 1857; x_wconf 88' lang='lat' dir='ltr'><strong>sedet,</strong></span> <span class='ocrx_word' id='word_1_631' title='bbox 3227 1798 3281 1845; x_wconf 91' lang='lat' dir='ltr'><strong>et</strong></span> <span class='ocrx_word' id='word_1_632' title='bbox 3308 1790 3583 1860; x_wconf 88' lang='lat' dir='ltr'><strong>quomodo</strong></span> <span class='ocrx_word' id='word_1_633' title='bbox 3609 1791 3801 1863; x_wconf 81' lang='lat' dir='ltr'><strong>surgit,</strong></span> 
     </span>
    </p>
   </div>
   <div class='ocr_carea' id='block_1_78' title="bbox 2209 1878 3798 1948">
    <p class='ocr_par' dir='ltr' id='par_1_78' title="bbox 2209 1878 3798 1948">
     <span class='ocr_line' id='line_1_78' title="bbox 2209 1878 3798 1948; baseline 0.006 -17"><span class='ocrx_word' id='word_1_634' title='bbox 2209 1885 2465 1932; x_wconf 86' lang='lat' dir='ltr'><strong>testantes</strong></span> <span class='ocrx_word' id='word_1_635' title='bbox 2492 1878 2608 1946; x_wconf 87' lang='lat' dir='ltr'><strong>ejus</strong></span> <span class='ocrx_word' id='word_1_636' title='bbox 2632 1879 2922 1948; x_wconf 82' lang='lat' dir='ltr'><strong>perfectam</strong></span> <span class='ocrx_word' id='word_1_637' title='bbox 2949 1881 3199 1936; x_wconf 86' lang='lat' dir='ltr'><strong>notitiam</strong></span> <span class='ocrx_word' id='word_1_638' title='bbox 3230 1898 3244 1935; x_wconf 90' lang='lat'><strong>:</strong></span> <span class='ocrx_word' id='word_1_639' title='bbox 3276 1882 3352 1937; x_wconf 84' lang='lat' dir='ltr'><strong>ita</strong></span> <span class='ocrx_word' id='word_1_640' title='bbox 3392 1883 3480 1937; x_wconf 90' lang='lat' dir='ltr'><strong>hic</strong></span> <span class='ocrx_word' id='word_1_641' title='bbox 3515 1883 3683 1940; x_wconf 87' lang='lat' dir='ltr'><strong>etiam</strong></span> <span class='ocrx_word' id='word_1_642' title='bbox 3707 1900 3798 1940; x_wconf 87' lang='lat' dir='ltr'><strong>se-</strong></span> 
     </span>
    </p>
   </div>
   <div class='ocr_carea' id='block_1_79' title="bbox 2207 1968 3803 2045">
    <p class='ocr_par' dir='ltr' id='par_1_79' title="bbox 2207 1968 3803 2045">
     <span class='ocr_line' id='line_1_79' title="bbox 2207 1968 3803 2045; baseline 0.006 -23"><span class='ocrx_word' id='word_1_643' title='bbox 2207 1969 2391 2023; x_wconf 88' lang='lat' dir='ltr'><strong>mitam</strong></span> <span class='ocrx_word' id='word_1_644' title='bbox 2430 1978 2485 2023; x_wconf 91' lang='lat' dir='ltr'><strong>et</strong></span> <span class='ocrx_word' id='word_1_645' title='bbox 2527 1968 2823 2025; x_wconf 85' lang='lat' dir='ltr'><strong>funiculum</strong></span> <span class='ocrx_word' id='word_1_646' title='bbox 2861 1971 2990 2026; x_wconf 91' lang='lat' dir='ltr'><strong>dicit</strong></span> <span class='ocrx_word' id='word_1_647' title='bbox 3026 1972 3330 2028; x_wconf 81' lang='lat' dir='ltr'><strong>universam</strong></span> <span class='ocrx_word' id='word_1_648' title='bbox 3369 1974 3486 2045; x_wconf 83' lang='lat' dir='ltr'><strong>ejus</strong></span> <span class='ocrx_word' id='word_1_649' title='bbox 3516 1976 3703 2030; x_wconf 84' lang='lat' dir='ltr'><strong>vitam.</strong></span> <span class='ocrx_word' id='word_1_650' title='bbox 3734 1975 3803 2032; x_wconf 80' lang='lat' dir='ltr'><strong>Et</strong></span> 
     </span>
    </p>
   </div>
   <div class='ocr_carea' id='block_1_80' title="bbox 2205 2059 3800 2138">
    <p class='ocr_par' dir='ltr' id='par_1_80' title="bbox 2205 2059 3800 2138">
     <span class='ocr_line' id='line_1_80' title="bbox 2205 2059 3800 2138; baseline 0.008 -24"><span class='ocrx_word' id='word_1_651' title='bbox 2205 2059 2329 2115; x_wconf 89' lang='lat' dir='ltr'><strong>ideo</strong></span> <span class='ocrx_word' id='word_1_652' title='bbox 2353 2061 2621 2132; x_wconf 86' lang='lat' dir='ltr'><strong>subjungit</strong></span> <span class='ocrx_word' id='word_1_653' title='bbox 2655 2082 2669 2118; x_wconf 91' lang='lat'><strong>:</strong></span> <span class='ocrx_word' id='word_1_654' title='bbox 2705 2062 2770 2117; x_wconf 85' lang='lat' dir='ltr'><strong>Et</strong></span> <span class='ocrx_word' id='word_1_655' title='bbox 2792 2079 2964 2119; x_wconf 86' lang='lat' dir='ltr'><strong>omnes</strong></span> <span class='ocrx_word' id='word_1_656' title='bbox 2991 2067 3099 2121; x_wconf 75' lang='lat' dir='ltr'><strong>uias</strong></span> <span class='ocrx_word' id='word_1_657' title='bbox 3122 2081 3259 2121; x_wconf 88' lang='lat' dir='ltr'><strong>meas</strong></span> <span class='ocrx_word' id='word_1_658' title='bbox 3295 2067 3597 2138; x_wconf 70' lang='lat' dir='ltr'><strong>prteridtsti.</strong></span> <span class='ocrx_word' id='word_1_659' title='bbox 3626 2069 3800 2125; x_wconf 74' lang='lat' dir='ltr'><strong>Perro</strong></span> 
     </span>
    </p>
   </div>
   <div class='ocr_carea' id='block_1_81' title="bbox 2205 2153 3800 2231">
    <p class='ocr_par' dir='ltr' id='par_1_81' title="bbox 2205 2153 3800 2231">
     <span class='ocr_line' id='line_1_81' title="bbox 2205 2153 3800 2231; baseline 0.008 -24"><span class='ocrx_word' id='word_1_660' title='bbox 2205 2154 2334 2208; x_wconf 89' lang='lat' dir='ltr'><strong>illud</strong></span> <span class='ocrx_word' id='word_1_661' title='bbox 2360 2197 2380 2224; x_wconf 26' lang='grc' dir='ltr'>,η</span> <span class='ocrx_word' id='word_1_662' title='bbox 2410 2153 2759 2227; x_wconf 81' lang='lat' dir='ltr'><strong>Incestigasti,</strong></span> <span class='ocrx_word' id='word_1_663' title='bbox 2784 2171 2893 2212; x_wconf 90' lang='lat' dir='ltr'><strong>non</strong></span> <span class='ocrx_word' id='word_1_664' title='bbox 2920 2167 3004 2213; x_wconf 85' lang='lat' dir='ltr'><strong>est</strong></span> <span class='ocrx_word' id='word_1_665' title='bbox 3029 2156 3147 2228; x_wconf 78' lang='lat' dir='ltr'><strong>ejus</strong></span> <span class='ocrx_word' id='word_1_666' title='bbox 3172 2158 3262 2230; x_wconf 88' lang='lat' dir='ltr'><strong>qui</strong></span> <span class='ocrx_word' id='word_1_667' title='bbox 3287 2161 3481 2229; x_wconf 65' lang='lat' dir='ltr'><strong>quatit</strong></span> <span class='ocrx_word' id='word_1_668' title='bbox 3504 2200 3521 2225; x_wconf 89' lang='lat'><strong>,</strong></span> <span class='ocrx_word' id='word_1_669' title='bbox 3552 2176 3654 2217; x_wconf 81' lang='lat' dir='ltr'><strong>nec</strong></span> <span class='ocrx_word' id='word_1_670' title='bbox 3679 2161 3800 2231; x_wconf 84' lang='lat' dir='ltr'><strong>ejus</strong></span> 
     </span>
    </p>
   </div>
   <div class='ocr_carea' id='block_1_82' title="bbox 2204 2248 3799 2322">
    <p class='ocr_par' dir='ltr' id='par_1_82' title="bbox 2204 2248 3799 2322">
     <span class='ocr_line' id='line_1_82' title="bbox 2204 2248 3799 2322; baseline 0.006 -23"><span class='ocrx_word' id='word_1_671' title='bbox 2204 2250 2293 2317; x_wconf 90' lang='lat' dir='ltr'><strong>qui</strong></span> <span class='ocrx_word' id='word_1_672' title='bbox 2323 2256 2609 2313; x_wconf 79' lang='lat' dir='ltr'><strong>scrutatur,</strong></span> <span class='ocrx_word' id='word_1_673' title='bbox 2637 2248 2732 2305; x_wconf 88' lang='lat' dir='ltr'><strong>sed</strong></span> <span class='ocrx_word' id='word_1_674' title='bbox 2760 2249 2877 2319; x_wconf 86' lang='lat' dir='ltr'><strong>ejus</strong></span> <span class='ocrx_word' id='word_1_675' title='bbox 2901 2249 2990 2320; x_wconf 90' lang='lat' dir='ltr'><strong>qni</strong></span> <span class='ocrx_word' id='word_1_676' title='bbox 3018 2250 3169 2306; x_wconf 78' lang='lat' dir='ltr'><strong>novit</strong></span> <span class='ocrx_word' id='word_1_677' title='bbox 3190 2251 3446 2322; x_wconf 82' lang='lat' dir='ltr'><strong>perfecte.</strong></span> <span class='ocrx_word' id='word_1_678' title='bbox 3476 2251 3590 2311; x_wconf 82' lang='lat' dir='ltr'><strong>Hoc</strong></span> <span class='ocrx_word' id='word_1_679' title='bbox 3617 2261 3799 2309; x_wconf 84' lang='lat' dir='ltr'><strong>autem</strong></span> 
     </span>
    </p>
   </div>
   <div class='ocr_carea' id='block_1_83' title="bbox 2203 2340 3795 2417">
    <p class='ocr_par' dir='ltr' id='par_1_83' title="bbox 2203 2340 3795 2417">
     <span class='ocr_line' id='line_1_83' title="bbox 2203 2340 3795 2417; baseline 0.005 -22"><span class='ocrx_word' id='word_1_680' title='bbox 2203 2340 2493 2395; x_wconf 86' lang='lat' dir='ltr'><strong>ostendens</strong></span> <span class='ocrx_word' id='word_1_681' title='bbox 2520 2340 2793 2410; x_wconf 87' lang='lat' dir='ltr'><strong>subjunxit</strong></span> <span class='ocrx_word' id='word_1_682' title='bbox 2816 2384 2833 2408; x_wconf 89' lang='lat'><strong>,</strong></span> <span class='ocrx_word' id='word_1_683' title='bbox 2863 2341 3157 2398; x_wconf 71' lang='lat' dir='ltr'><strong>Prwoidisti</strong></span> <span class='ocrx_word' id='word_1_684' title='bbox 3177 2360 3197 2399; x_wconf 91' lang='lat'><strong><em>:</em></strong></span> <span class='ocrx_word' id='word_1_685' title='bbox 3223 2344 3328 2401; x_wconf 85' lang='lat' dir='ltr'><strong>hoc</strong></span> <span class='ocrx_word' id='word_1_686' title='bbox 3351 2354 3436 2401; x_wconf 90' lang='lat' dir='ltr'><strong>est</strong></span> <span class='ocrx_word' id='word_1_687' title='bbox 3457 2387 3471 2409; x_wconf 84' lang='lat'><strong>,</strong></span> <span class='ocrx_word' id='word_1_688' title='bbox 3504 2357 3795 2417; x_wconf 82' lang='lat' dir='ltr'><strong>antequam</strong></span> 
     </span>
    </p>
   </div>
   <div class='ocr_carea' id='block_1_84' title="bbox 2204 2430 3798 2504">
    <p class='ocr_par' dir='ltr' id='par_1_84' title="bbox 2204 2430 3798 2504">
     <span class='ocr_line' id='line_1_84' title="bbox 2204 2430 3798 2504; baseline 0.007 -20"><span class='ocrx_word' id='word_1_689' title='bbox 2204 2430 2394 2489; x_wconf 82' lang='lat' dir='ltr'><strong>fierent</strong></span> <span class='ocrx_word' id='word_1_690' title='bbox 2422 2433 2560 2488; x_wconf 90' lang='lat' dir='ltr'><strong>nosti</strong></span> <span class='ocrx_word' id='word_1_691' title='bbox 2587 2433 2765 2487; x_wconf 89' lang='lat' dir='ltr'><strong>omnia</strong></span> <span class='ocrx_word' id='word_1_692' title='bbox 2802 2432 2939 2488; x_wconf 87' lang='lat' dir='ltr'><strong>facta</strong></span> <span class='ocrx_word' id='word_1_693' title='bbox 2980 2434 3119 2489; x_wconf 87' lang='lat' dir='ltr'><strong>bona</strong></span> <span class='ocrx_word' id='word_1_694' title='bbox 3148 2444 3205 2491; x_wconf 91' lang='lat' dir='ltr'><strong>et</strong></span> <span class='ocrx_word' id='word_1_695' title='bbox 3231 2436 3391 2490; x_wconf 76' lang='lat' dir='ltr'><strong>maia.</strong></span> <span class='ocrx_word' id='word_1_696' title='bbox 3429 2437 3565 2504; x_wconf 74' lang='lat' dir='ltr'><strong>Quia</strong></span> <span class='ocrx_word' id='word_1_697' title='bbox 3592 2454 3697 2493; x_wconf 78' lang='lat' dir='ltr'><strong>non</strong></span> <span class='ocrx_word' id='word_1_698' title='bbox 3720 2446 3798 2495; x_wconf 73' lang='lat' dir='ltr'><strong>est</strong></span> 
     </span>
    </p>
   </div>
   <div class='ocr_carea' id='block_1_85' title="bbox 2201 2520 3799 2600">
    <p class='ocr_par' dir='ltr' id='par_1_85' title="bbox 2201 2520 3799 2600">
     <span class='ocr_line' id='line_1_85' title="bbox 2201 2520 3799 2600; baseline 0.008 -27"><span class='ocrx_word' id='word_1_699' title='bbox 2201 2520 2346 2576; x_wconf 83' lang='lat' dir='ltr'><strong>dolus</strong></span> <span class='ocrx_word' id='word_1_700' title='bbox 2379 2523 2431 2576; x_wconf 89' lang='lat' dir='ltr'><strong>in</strong></span> <span class='ocrx_word' id='word_1_701' title='bbox 2469 2522 2645 2593; x_wconf 83' lang='lat' dir='ltr'><strong>lingua</strong></span> <span class='ocrx_word' id='word_1_702' title='bbox 2669 2539 2801 2579; x_wconf 87' lang='lat' dir='ltr'><strong>mea.</strong></span> <span class='ocrx_word' id='word_1_703' title='bbox 2840 2523 2993 2578; x_wconf 81' lang='lat' dir='ltr'><strong>Alius</strong></span> <span class='ocrx_word' id='word_1_704' title='bbox 3016 2565 3033 2592; x_wconf 95' lang='lat'><strong>,</strong></span> <span class='ocrx_word' id='word_1_705' title='bbox 3061 2524 3408 2580; x_wconf 85' lang='lat' dir='ltr'><strong>Contradictio</strong></span> <span class='ocrx_word' id='word_1_706' title='bbox 3437 2526 3541 2600; x_wconf 84' lang='grc' dir='ltr'><strong>(α),</strong></span> <span class='ocrx_word' id='word_1_707' title='bbox 3570 2526 3685 2583; x_wconf 84' lang='lat' dir='ltr'><strong>Hoc</strong></span> <span class='ocrx_word' id='word_1_708' title='bbox 3710 2536 3799 2585; x_wconf 84' lang='lat' dir='ltr'><strong>est</strong></span> 
     </span>
    </p>
   </div>
   <div class='ocr_carea' id='block_1_86' title="bbox 2200 2611 3893 2686">
    <p class='ocr_par' dir='ltr' id='par_1_86' title="bbox 2200 2611 3893 2686">
     <span class='ocr_line' id='line_1_86' title="bbox 2200 2611 3893 2686; baseline 0.006 -23"><span class='ocrx_word' id='word_1_709' title='bbox 2200 2612 2488 2665; x_wconf 87' lang='lat' dir='ltr'><strong>maximum</strong></span> <span class='ocrx_word' id='word_1_710' title='bbox 2510 2612 2718 2667; x_wconf 85' lang='lat' dir='ltr'><strong>virtutis</strong></span> <span class='ocrx_word' id='word_1_711' title='bbox 2736 2611 3007 2675; x_wconf 86' lang='lat' dir='ltr'><strong>indicium,</strong></span> <span class='ocrx_word' id='word_1_712' title='bbox 3035 2613 3138 2669; x_wconf 87' lang='lat' dir='ltr'><strong>hoc</strong></span> <span class='ocrx_word' id='word_1_713' title='bbox 3163 2622 3246 2670; x_wconf 84' lang='lat' dir='ltr'><strong>est</strong></span> <span class='ocrx_word' id='word_1_714' title='bbox 3267 2617 3475 2671; x_wconf 74' lang='lat' dir='ltr'><strong>summa</strong></span> <span class='ocrx_word' id='word_1_715' title='bbox 3502 2618 3794 2686; x_wconf 87' lang='lat' dir='ltr'><strong>bonorum,</strong></span> <span class='ocrx_word' id='word_1_716' title='bbox 3890 2636 3893 2639; x_wconf 92' lang='grc'><strong>·</strong></span> 
     </span>
    </p>
   </div>
   <div class='ocr_carea' id='block_1_87' title="bbox 2198 2705 3796 2777">
    <p class='ocr_par' dir='ltr' id='par_1_87' title="bbox 2198 2705 3796 2777">
     <span class='ocr_line' id='line_1_87' title="bbox 2198 2705 3796 2777; baseline 0.005 -18"><span class='ocrx_word' id='word_1_717' title='bbox 2198 2705 2302 2760; x_wconf 86' lang='lat' dir='ltr'><strong>hoc</strong></span> <span class='ocrx_word' id='word_1_718' title='bbox 2323 2715 2405 2760; x_wconf 88' lang='lat' dir='ltr'><strong>est</strong></span> <span class='ocrx_word' id='word_1_719' title='bbox 2440 2705 2581 2775; x_wconf 90' lang='lat' dir='ltr'><strong>quod</strong></span> <span class='ocrx_word' id='word_1_720' title='bbox 2610 2705 2851 2762; x_wconf 84' lang='lat' dir='ltr'><strong>Christus</strong></span> <span class='ocrx_word' id='word_1_721' title='bbox 2886 2707 3122 2762; x_wconf 88' lang='lat' dir='ltr'><strong>maxime</strong></span> <span class='ocrx_word' id='word_1_722' title='bbox 3158 2709 3387 2777; x_wconf 87' lang='lat' dir='ltr'><strong>requirit</strong></span> <span class='ocrx_word' id='word_1_723' title='bbox 3412 2709 3636 2766; x_wconf 87' lang='lat' dir='ltr'><strong>dicens:</strong></span> <span class='ocrx_word' id='word_1_724' title='bbox 3670 2709 3796 2767; x_wconf 84' lang='lat' dir='ltr'><strong>Nisi</strong></span> 
     </span>
    </p>
   </div>
   <div class='ocr_carea' id='block_1_88' title="bbox 2198 2796 3793 2870">
    <p class='ocr_par' dir='ltr' id='par_1_88' title="bbox 2198 2796 3793 2870">
     <span class='ocr_line' id='line_1_88' title="bbox 2198 2796 3793 2870; baseline 0.003 -20"><span class='ocrx_word' id='word_1_725' title='bbox 2198 2796 2555 2850; x_wconf 75' lang='lat' dir='ltr'><strong>convertamini</strong></span> <span class='ocrx_word' id='word_1_726' title='bbox 2585 2804 2633 2849; x_wconf 87' lang='lat' dir='ltr'><strong>et</strong></span> <span class='ocrx_word' id='word_1_727' title='bbox 2671 2796 2955 2866; x_wconf 73' lang='lat' dir='ltr'><strong>eﬂiciamim&#39;</strong></span> <span class='ocrx_word' id='word_1_728' title='bbox 2981 2797 3111 2852; x_wconf 82' lang='lat' dir='ltr'><strong>sicut</strong></span> <span class='ocrx_word' id='word_1_729' title='bbox 3135 2798 3333 2865; x_wconf 78' lang='lat' dir='ltr'><strong>paruuli</strong></span> <span class='ocrx_word' id='word_1_730' title='bbox 3357 2840 3373 2864; x_wconf 92' lang='lat'><strong>,</strong></span> <span class='ocrx_word' id='word_1_731' title='bbox 3399 2815 3502 2853; x_wconf 82' lang='lat' dir='ltr'><strong>non</strong></span> <span class='ocrx_word' id='word_1_732' title='bbox 3534 2801 3793 2870; x_wconf 84' lang='lat' dir='ltr'><strong>ingredie-</strong></span> 
     </span>
    </p>
   </div>
   <div class='ocr_carea' id='block_1_89' title="bbox 2198 2886 3791 2979">
    <p class='ocr_par' dir='ltr' id='par_1_89' title="bbox 2198 2886 3791 2979">
     <span class='ocr_line' id='line_1_89' title="bbox 2198 2886 3791 2979; baseline 0.005 -40"><span class='ocrx_word' id='word_1_733' title='bbox 2198 2888 2323 2979; x_wconf 68' lang='lat' dir='ltr'><strong>mini</strong></span> <span class='ocrx_word' id='word_1_734' title='bbox 2357 2888 2409 2940; x_wconf 87' lang='lat' dir='ltr'><strong>in</strong></span> <span class='ocrx_word' id='word_1_735' title='bbox 2445 2903 2654 2956; x_wconf 85' lang='lat' dir='ltr'><strong>regnum</strong></span> <span class='ocrx_word' id='word_1_736' title='bbox 2691 2887 2931 2941; x_wconf 66' lang='lat' dir='ltr'><strong>caelorum</strong></span> <span class='ocrx_word' id='word_1_737' title='bbox 2971 2886 3187 2958; x_wconf 72' lang='lat' dir='ltr'><strong>(Matth.</strong></span> <span class='ocrx_word' id='word_1_738' title='bbox 3213 2889 3299 2944; x_wconf 88' lang='grc'><strong>18.</strong></span> <span class='ocrx_word' id='word_1_739' title='bbox 3330 2889 3402 2960; x_wconf 75' lang='grc'><strong>5)</strong></span> <span class='ocrx_word' id='word_1_740' title='bbox 3434 2907 3449 2945; x_wconf 92' lang='lat'><strong>:</strong></span> <span class='ocrx_word' id='word_1_741' title='bbox 3476 2892 3791 2961; x_wconf 86' lang='lat' dir='ltr'><strong>simplicita-</strong></span> 
     </span>
    </p>
   </div>
   <div class='ocr_carea' id='block_1_90' title="bbox 2199 2978 3792 3039">
    <p class='ocr_par' dir='ltr' id='par_1_90' title="bbox 2199 2978 3792 3039">
     <span class='ocr_line' id='line_1_90' title="bbox 2199 2978 3792 3039; baseline 0.004 -7"><span class='ocrx_word' id='word_1_742' title='bbox 2199 2982 2348 3035; x_wconf 78' lang='lat' dir='ltr'><strong>tem&#39;.</strong></span> <span class='ocrx_word' id='word_1_743' title='bbox 2390 2978 2746 3033; x_wconf 88' lang='lat' dir='ltr'><strong>innocentiam</strong></span> <span class='ocrx_word' id='word_1_744' title='bbox 2768 3018 2783 3039; x_wconf 88' lang='lat'><strong>,</strong></span> <span class='ocrx_word' id='word_1_745' title='bbox 2814 2985 2868 3032; x_wconf 90' lang='lat' dir='ltr'><strong>et</strong></span> <span class='ocrx_word' id='word_1_746' title='bbox 2894 2978 2961 3033; x_wconf 90' lang='lat' dir='ltr'><strong>ab</strong></span> <span class='ocrx_word' id='word_1_747' title='bbox 3002 2978 3159 3033; x_wconf 87' lang='lat' dir='ltr'><strong>omni-</strong></span> <span class='ocrx_word' id='word_1_748' title='bbox 3190 2979 3315 3034; x_wconf 92' lang='lat' dir='ltr'><strong>dolo</strong></span> <span class='ocrx_word' id='word_1_749' title='bbox 3350 2993 3414 3034; x_wconf 90' lang='lat' dir='ltr'><strong>ac</strong></span> <span class='ocrx_word' id='word_1_750' title='bbox 3443 2981 3792 3039; x_wconf 82' lang='lat' dir='ltr'><strong>simulatione</strong></span> 
     </span>
    </p>
   </div>
   <div class='ocr_carea' id='block_1_91' title="bbox 2196 3068 3794 3140">
    <p class='ocr_par' dir='ltr' id='par_1_91' title="bbox 2196 3068 3794 3140">
     <span class='ocr_line' id='line_1_91' title="bbox 2196 3068 3794 3140; baseline 0.003 -15"><span class='ocrx_word' id='word_1_751' title='bbox 2196 3069 2548 3125; x_wconf 86' lang='lat' dir='ltr'><strong>remotionem</strong></span> <span class='ocrx_word' id='word_1_752' title='bbox 2578 3068 2907 3138; x_wconf 80' lang='lat' dir='ltr'><strong>signiﬁcans.</strong></span> <span class='ocrx_word' id='word_1_753' title='bbox 2927 3068 3190 3135; x_wconf 86' lang='lat' dir='ltr'><strong>Quocirca</strong></span> <span class='ocrx_word' id='word_1_754' title='bbox 3218 3069 3492 3140; x_wconf 76' lang='lat' dir='ltr'><strong>imperitos</strong></span> <span class='ocrx_word' id='word_1_755' title='bbox 3513 3080 3569 3127; x_wconf 91' lang='lat' dir='ltr'><strong>et</strong></span> <span class='ocrx_word' id='word_1_756' title='bbox 3594 3073 3794 3130; x_wconf 81' lang='lat' dir='ltr'><strong>idiotas</strong></span> 
     </span>
    </p>
   </div>
   <div class='ocr_carea' id='block_1_92' title="bbox 2143 3160 3790 3233">
    <p class='ocr_par' dir='ltr' id='par_1_92' title="bbox 2143 3160 3790 3233">
     <span class='ocr_line' id='line_1_92' title="bbox 2143 3160 3790 3233; baseline 0.002 -15"><span class='ocrx_word' id='word_1_757' title='bbox 2143 3184 2159 3190; x_wconf 88' lang='grc'><strong>·</strong></span> <span class='ocrx_word' id='word_1_758' title='bbox 2194 3162 2354 3232; x_wconf 85' lang='lat' dir='ltr'><strong>elegit</strong></span> <span class='ocrx_word' id='word_1_759' title='bbox 2378 3169 2434 3216; x_wconf 89' lang='lat' dir='ltr'><strong>et</strong></span> <span class='ocrx_word' id='word_1_760' title='bbox 2457 3161 2590 3216; x_wconf 86' lang='lat' dir='ltr'><strong>dixit</strong></span> <span class='ocrx_word' id='word_1_761' title='bbox 2613 3179 2627 3215; x_wconf 88' lang='lat'><strong>:</strong></span> <span class='ocrx_word' id='word_1_762' title='bbox 2658 3160 2911 3227; x_wconf 81' lang='lat' dir='ltr'><strong>Conﬁteor</strong></span> <span class='ocrx_word' id='word_1_763' title='bbox 2929 3162 3037 3227; x_wconf 84' lang='lat' dir='ltr'><strong>tibi,</strong></span> <span class='ocrx_word' id='word_1_764' title='bbox 3056 3161 3236 3228; x_wconf 81' lang='lat' dir='ltr'><strong>Pater,</strong></span> <span class='ocrx_word' id='word_1_765' title='bbox 3258 3166 3377 3233; x_wconf 81' lang='lat' dir='ltr'><strong>quia</strong></span> <span class='ocrx_word' id='word_1_766' title='bbox 3397 3165 3665 3221; x_wconf 80' lang='lat' dir='ltr'><strong>occultain</strong></span> <span class='ocrx_word' id='word_1_767' title='bbox 3680 3168 3790 3222; x_wconf 71' lang='lat' dir='ltr'><strong>hac</strong></span> 
     </span>
    </p>
   </div>
   <div class='ocr_carea' id='block_1_93' title="bbox 2194 3237 3790 3328">
    <p class='ocr_par' dir='ltr' id='par_1_93' title="bbox 2194 3237 3790 3328">
     <span class='ocr_line' id='line_1_93' title="bbox 2194 3237 3790 3328; baseline 0.006 -24"><span class='ocrx_word' id='word_1_768' title='bbox 2194 3270 2228 3308; x_wconf 79' lang='grc' dir='ltr'><em>α</em></span> <span class='ocrx_word' id='word_1_769' title='bbox 2254 3253 2562 3324; x_wconf 82' lang='lat' dir='ltr'><strong>sapientibus</strong></span> <span class='ocrx_word' id='word_1_770' title='bbox 2594 3261 2643 3306; x_wconf 85' lang='lat' dir='ltr'><strong>et</strong></span> <span class='ocrx_word' id='word_1_771' title='bbox 2672 3253 3065 3323; x_wconf 83' lang='lat' dir='ltr'><strong>intelligentibus</strong></span> <span class='ocrx_word' id='word_1_772' title='bbox 3084 3237 3183 3319; x_wconf 75' lang='grc' dir='ltr'><strong>,ἐι</strong></span> <span class='ocrx_word' id='word_1_773' title='bbox 3216 3256 3446 3309; x_wconf 79' lang='lat' dir='ltr'><strong>revelasti</strong></span> <span class='ocrx_word' id='word_1_774' title='bbox 3472 3271 3533 3310; x_wconf 80' lang='lat' dir='ltr'><strong>ea</strong></span> <span class='ocrx_word' id='word_1_775' title='bbox 3561 3259 3790 3328; x_wconf 72' lang='lat' dir='ltr'><strong>parvulis</strong></span> 
     </span>
    </p>
   </div>
   <div class='ocr_carea' id='block_1_94' title="bbox 2194 3342 3785 3421">
    <p class='ocr_par' dir='ltr' id='par_1_94' title="bbox 2194 3342 3785 3421">
     <span class='ocr_line' id='line_1_94' title="bbox 2194 3342 3785 3421; baseline 0.003 -21"><span class='ocrx_word' id='word_1_776' title='bbox 2194 3344 2407 3415; x_wconf 71' lang='lat' dir='ltr'><strong>(Matth.</strong></span> <span class='ocrx_word' id='word_1_777' title='bbox 2438 3344 2524 3397; x_wconf 87' lang='grc'><strong>11.</strong></span> <span class='ocrx_word' id='word_1_778' title='bbox 2541 3342 2658 3414; x_wconf 73' lang='grc'><strong>25).</strong></span> <span class='ocrx_word' id='word_1_779' title='bbox 2682 3342 2815 3399; x_wconf 84' lang='lat' dir='ltr'><strong>Vide</strong></span> <span class='ocrx_word' id='word_1_780' title='bbox 2839 3353 3018 3399; x_wconf 88' lang='lat' dir='ltr'><strong>autem</strong></span> <span class='ocrx_word' id='word_1_781' title='bbox 3042 3360 3058 3398; x_wconf 89' lang='lat'><strong>:</strong></span> <span class='ocrx_word' id='word_1_782' title='bbox 3085 3360 3190 3399; x_wconf 90' lang='lat' dir='ltr'><strong>non</strong></span> <span class='ocrx_word' id='word_1_783' title='bbox 3213 3344 3366 3411; x_wconf 89' lang='lat' dir='ltr'><strong>dixit,</strong></span> <span class='ocrx_word' id='word_1_784' title='bbox 3388 3346 3521 3414; x_wconf 82' lang='lat' dir='ltr'><strong>Quia</strong></span> <span class='ocrx_word' id='word_1_785' title='bbox 3546 3351 3785 3421; x_wconf 84' lang='lat' dir='ltr'><strong>suscepi,</strong></span> 
     </span>
    </p>
   </div>
   <div class='ocr_carea' id='block_1_95' title="bbox 2194 3435 3787 3512">
    <p class='ocr_par' dir='ltr' id='par_1_95' title="bbox 2194 3435 3787 3512">
     <span class='ocr_line' id='line_1_95' title="bbox 2194 3435 3787 3512; baseline 0.004 -20"><span class='ocrx_word' id='word_1_786' title='bbox 2194 3445 2248 3493; x_wconf 90' lang='lat' dir='ltr'><strong>et</strong></span> <span class='ocrx_word' id='word_1_787' title='bbox 2277 3436 2413 3505; x_wconf 88' lang='lat' dir='ltr'><strong>ejeci</strong></span> <span class='ocrx_word' id='word_1_788' title='bbox 2433 3436 2649 3500; x_wconf 84' lang='lat' dir='ltr'><strong>dolum;</strong></span> <span class='ocrx_word' id='word_1_789' title='bbox 2687 3436 2818 3501; x_wconf 89' lang='lat' dir='ltr'><strong>sed,</strong></span> <span class='ocrx_word' id='word_1_790' title='bbox 2844 3435 2997 3501; x_wconf 87' lang='lat' dir='ltr'><strong>Quod</strong></span> <span class='ocrx_word' id='word_1_791' title='bbox 3024 3451 3128 3491; x_wconf 93' lang='lat' dir='ltr'><strong>non</strong></span> <span class='ocrx_word' id='word_1_792' title='bbox 3167 3436 3261 3491; x_wconf 89' lang='lat' dir='ltr'><strong>fuit</strong></span> <span class='ocrx_word' id='word_1_793' title='bbox 3299 3453 3572 3508; x_wconf 88' lang='lat' dir='ltr'><strong>umquam,</strong></span> <span class='ocrx_word' id='word_1_794' title='bbox 3610 3457 3787 3512; x_wconf 85' lang='lat' dir='ltr'><strong>neque</strong></span> 
     </span>
    </p>
   </div>
   <div class='ocr_carea' id='block_1_96' title="bbox 2194 3524 3788 3596">
    <p class='ocr_par' dir='ltr' id='par_1_96' title="bbox 2194 3524 3788 3596">
     <span class='ocr_line' id='line_1_96' title="bbox 2194 3524 3788 3596; baseline 0.005 -16"><span class='ocrx_word' id='word_1_795' title='bbox 2194 3526 2431 3596; x_wconf 86' lang='lat' dir='ltr'><strong>linguam</strong></span> <span class='ocrx_word' id='word_1_796' title='bbox 2452 3540 2628 3581; x_wconf 88' lang='lat' dir='ltr'><strong>meam</strong></span> <span class='ocrx_word' id='word_1_797' title='bbox 2650 3525 2884 3593; x_wconf 89' lang='lat' dir='ltr'><strong>suscepit</strong></span> <span class='ocrx_word' id='word_1_798' title='bbox 2908 3524 2995 3580; x_wconf 84' lang='lat' dir='ltr'><strong>hic</strong></span> <span class='ocrx_word' id='word_1_799' title='bbox 3018 3526 3256 3591; x_wconf 88' lang='lat' dir='ltr'><strong>morbus,</strong></span> <span class='ocrx_word' id='word_1_800' title='bbox 3283 3543 3385 3583; x_wconf 90' lang='lat' dir='ltr'><strong>nec</strong></span> <span class='ocrx_word' id='word_1_801' title='bbox 3408 3528 3459 3583; x_wconf 88' lang='lat' dir='ltr'><strong>ei</strong></span> <span class='ocrx_word' id='word_1_802' title='bbox 3485 3530 3616 3585; x_wconf 86' lang='lat' dir='ltr'><strong>vitio</strong></span> <span class='ocrx_word' id='word_1_803' title='bbox 3644 3532 3788 3589; x_wconf 84' lang='lat' dir='ltr'><strong>ullus</strong></span> 
     </span>
    </p>
   </div>
   <div class='ocr_carea' id='block_1_97' title="bbox 2194 3616 3785 3696">
    <p class='ocr_par' dir='ltr' id='par_1_97' title="bbox 2194 3616 3785 3696">
     <span class='ocr_line' id='line_1_97' title="bbox 2194 3616 3785 3696; baseline 0.004 -24"><span class='ocrx_word' id='word_1_804' title='bbox 2194 3633 2443 3688; x_wconf 89' lang='lat' dir='ltr'><strong>umquam</strong></span> <span class='ocrx_word' id='word_1_805' title='bbox 2469 3616 2657 3677; x_wconf 87' lang='lat' dir='ltr'><strong>fuit.ad</strong></span> <span class='ocrx_word' id='word_1_806' title='bbox 2682 3631 2766 3671; x_wconf 89' lang='lat' dir='ltr'><strong>me</strong></span> <span class='ocrx_word' id='word_1_807' title='bbox 2785 3616 2979 3671; x_wconf 88' lang='lat' dir='ltr'><strong>aditus.</strong></span> <span class='ocrx_word' id='word_1_808' title='bbox 3009 3617 3064 3673; x_wconf 86' lang='lat'><strong>5.</strong></span> <span class='ocrx_word' id='word_1_809' title='bbox 3092 3616 3239 3683; x_wconf 83' lang='lat' dir='ltr'><strong>Ecce,</strong></span> <span class='ocrx_word' id='word_1_810' title='bbox 3261 3618 3499 3687; x_wconf 86' lang='lat' dir='ltr'><strong>Domine,</strong></span> <span class='ocrx_word' id='word_1_811' title='bbox 3514 3631 3571 3675; x_wconf 73' lang='lat' dir='ltr'><strong>tu</strong></span> <span class='ocrx_word' id='word_1_812' title='bbox 3588 3638 3785 3696; x_wconf 75' lang='lat' dir='ltr'><strong>cogno-</strong></span> 
     </span>
    </p>
   </div>
   <div class='ocr_carea' id='block_1_98' title="bbox 2194 3708 3775 3781">
    <p class='ocr_par' dir='ltr' id='par_1_98' title="bbox 2194 3708 3775 3781">
     <span class='ocr_line' id='line_1_98' title="bbox 2194 3708 3775 3781; baseline 0.004 -16"><span class='ocrx_word' id='word_1_813' title='bbox 2194 3711 2308 3765; x_wconf 68' lang='lat' dir='ltr'><strong>nisti</strong></span> <span class='ocrx_word' id='word_1_814' title='bbox 2334 3712 2505 3767; x_wconf 88' lang='lat' dir='ltr'><strong>omnia</strong></span> <span class='ocrx_word' id='word_1_815' title='bbox 2531 3710 2799 3763; x_wconf 84' lang='lat' dir='ltr'><strong>novissima</strong></span> <span class='ocrx_word' id='word_1_816' title='bbox 2825 3716 2871 3762; x_wconf 90' lang='lat' dir='ltr'><strong>et</strong></span> <span class='ocrx_word' id='word_1_817' title='bbox 2897 3709 3124 3778; x_wconf 84' lang='lat' dir='ltr'><strong>antiqua.</strong></span> <span class='ocrx_word' id='word_1_818' title='bbox 3152 3708 3267 3764; x_wconf 84' lang='lat' dir='ltr'><strong>Non</strong></span> <span class='ocrx_word' id='word_1_819' title='bbox 3306 3710 3659 3781; x_wconf 73' lang='lat' dir='ltr'><strong>cogitationes</strong></span> <span class='ocrx_word' id='word_1_820' title='bbox 3693 3731 3775 3771; x_wconf 80' lang='lat' dir='ltr'><strong>so-</strong></span> 
     </span>
    </p>
   </div>
   <div class='ocr_carea' id='block_1_99' title="bbox 2195 3786 3785 3874">
    <p class='ocr_par' dir='ltr' id='par_1_99' title="bbox 2195 3786 3785 3874">
     <span class='ocr_line' id='line_1_99' title="bbox 2195 3786 3785 3874; baseline 0.003 -15"><span class='ocrx_word' id='word_1_821' title='bbox 2195 3786 2334 3869; x_wconf 71' lang='lat' dir='ltr'><strong>lum,</strong></span> <span class='ocrx_word' id='word_1_822' title='bbox 2356 3804 2546 3874; x_wconf 91' lang='lat' dir='ltr'><strong>inquit,</strong></span> <span class='ocrx_word' id='word_1_823' title='bbox 2578 3802 2737 3867; x_wconf 86' lang='lat' dir='ltr'><strong>nosti,</strong></span> <span class='ocrx_word' id='word_1_824' title='bbox 2765 3816 2864 3855; x_wconf 92' lang='lat' dir='ltr'><strong>nec</strong></span> <span class='ocrx_word' id='word_1_825' title='bbox 2888 3801 3127 3858; x_wconf 90' lang='lat' dir='ltr'><strong>actiones</strong></span> <span class='ocrx_word' id='word_1_826' title='bbox 3152 3842 3167 3865; x_wconf 91' lang='lat'><strong>,</strong></span> <span class='ocrx_word' id='word_1_827' title='bbox 3200 3817 3300 3857; x_wconf 89' lang='lat' dir='ltr'><strong>nec</strong></span> <span class='ocrx_word' id='word_1_828' title='bbox 3326 3804 3441 3858; x_wconf 81' lang='lat' dir='ltr'><strong>vias</strong></span> <span class='ocrx_word' id='word_1_829' title='bbox 3469 3819 3618 3859; x_wconf 85' lang='lat' dir='ltr'><strong>meas</strong></span> <span class='ocrx_word' id='word_1_830' title='bbox 3639 3848 3654 3870; x_wconf 92' lang='lat'><strong>,</strong></span> <span class='ocrx_word' id='word_1_831' title='bbox 3684 3806 3785 3863; x_wconf 85' lang='lat' dir='ltr'><strong>sed</strong></span> 
     </span>
    </p>
   </div>
   <div class='ocr_carea' id='block_1_100' title="bbox 2194 3893 3784 3967">
    <p class='ocr_par' dir='ltr' id='par_1_100' title="bbox 2194 3893 3784 3967">
     <span class='ocr_line' id='line_1_100' title="bbox 2194 3893 3784 3967; baseline 0.002 -15"><span class='ocrx_word' id='word_1_832' title='bbox 2194 3896 2370 3952; x_wconf 89' lang='lat' dir='ltr'><strong>omnia</strong></span> <span class='ocrx_word' id='word_1_833' title='bbox 2398 3911 2516 3966; x_wconf 67' lang='lat' dir='ltr'><strong>quae</strong></span> <span class='ocrx_word' id='word_1_834' title='bbox 2543 3894 2837 3950; x_wconf 85' lang='lat' dir='ltr'><strong>fueruntet</strong></span> <span class='ocrx_word' id='word_1_835' title='bbox 2865 3893 3037 3949; x_wconf 89' lang='lat' dir='ltr'><strong>futura</strong></span> <span class='ocrx_word' id='word_1_836' title='bbox 3062 3903 3204 3949; x_wconf 91' lang='lat' dir='ltr'><strong>sunt.</strong></span> <span class='ocrx_word' id='word_1_837' title='bbox 3236 3893 3318 3949; x_wconf 86' lang='lat' dir='ltr'><strong>Tu</strong></span> <span class='ocrx_word' id='word_1_838' title='bbox 3344 3898 3580 3967; x_wconf 71' lang='lat' dir='ltr'><strong>formasti</strong></span> <span class='ocrx_word' id='word_1_839' title='bbox 3606 3916 3708 3965; x_wconf 82' lang='lat' dir='ltr'><strong>me,</strong></span> <span class='ocrx_word' id='word_1_840' title='bbox 3732 3909 3784 3955; x_wconf 86' lang='lat' dir='ltr'><strong>et</strong></span> 
     </span>
    </p>
   </div>
   <div class='ocr_carea' id='block_1_101' title="bbox 2193 3985 3784 4057">
    <p class='ocr_par' dir='ltr' id='par_1_101' title="bbox 2193 3985 3784 4057">
     <span class='ocr_line' id='line_1_101' title="bbox 2193 3985 3784 4057; baseline 0.004 -16"><span class='ocrx_word' id='word_1_841' title='bbox 2193 3987 2403 4057; x_wconf 82' lang='lat' dir='ltr'><strong>posuisti</strong></span> <span class='ocrx_word' id='word_1_842' title='bbox 2425 4003 2578 4055; x_wconf 86' lang='lat' dir='ltr'><strong>super</strong></span> <span class='ocrx_word' id='word_1_843' title='bbox 2595 4002 2677 4039; x_wconf 89' lang='lat' dir='ltr'><strong>me</strong></span> <span class='ocrx_word' id='word_1_844' title='bbox 2703 4001 2910 4038; x_wconf 87' lang='lat' dir='ltr'><strong>manum</strong></span> <span class='ocrx_word' id='word_1_845' title='bbox 2928 3994 3088 4038; x_wconf 86' lang='lat' dir='ltr'><strong>tuam.</strong></span> <span class='ocrx_word' id='word_1_846' title='bbox 3116 3985 3163 4040; x_wconf 76' lang='grc' dir='ltr'>Α</span> <span class='ocrx_word' id='word_1_847' title='bbox 3188 3986 3502 4055; x_wconf 73' lang='lat' dir='ltr'><strong>pmscieudi</strong></span> <span class='ocrx_word' id='word_1_848' title='bbox 3530 3988 3784 4053; x_wconf 79' lang='lat' dir='ltr'><strong>facultate</strong></span> 
     </span>
    </p>
   </div>
   <div class='ocr_carea' id='block_1_102' title="bbox 2193 4076 3784 4147">
    <p class='ocr_par' dir='ltr' id='par_1_102' title="bbox 2193 4076 3784 4147">
     <span class='ocr_line' id='line_1_102' title="bbox 2193 4076 3784 4147; baseline 0.003 -13"><span class='ocrx_word' id='word_1_849' title='bbox 2193 4079 2405 4134; x_wconf 87' lang='lat' dir='ltr'><strong>transiit</strong></span> <span class='ocrx_word' id='word_1_850' title='bbox 2429 4077 2497 4133; x_wconf 87' lang='lat' dir='ltr'><strong>ad</strong></span> <span class='ocrx_word' id='word_1_851' title='bbox 2524 4076 2741 4133; x_wconf 88' lang='lat' dir='ltr'><strong>creandi</strong></span> <span class='ocrx_word' id='word_1_852' title='bbox 2781 4084 3101 4147; x_wconf 83' lang='lat' dir='ltr'><strong>potestatem</strong></span> <span class='ocrx_word' id='word_1_853' title='bbox 3126 4116 3143 4142; x_wconf 96' lang='lat'><strong>,</strong></span> <span class='ocrx_word' id='word_1_854' title='bbox 3173 4083 3229 4132; x_wconf 91' lang='lat' dir='ltr'><strong>et</strong></span> <span class='ocrx_word' id='word_1_855' title='bbox 3260 4093 3447 4134; x_wconf 87' lang='lat' dir='ltr'><strong>rursus</strong></span> <span class='ocrx_word' id='word_1_856' title='bbox 3487 4095 3519 4136; x_wconf 85' lang='lat' dir='ltr'><strong>a</strong></span> <span class='ocrx_word' id='word_1_857' title='bbox 3558 4082 3784 4139; x_wconf 87' lang='lat' dir='ltr'><strong>creandi</strong></span> 
     </span>
    </p>
   </div>
   <div class='ocr_carea' id='block_1_103' title="bbox 2192 4166 3781 4243">
    <p class='ocr_par' dir='ltr' id='par_1_103' title="bbox 2192 4166 3781 4243">
     <span class='ocr_line' id='line_1_103' title="bbox 2192 4166 3781 4243; baseline 0.003 -17"><span class='ocrx_word' id='word_1_858' title='bbox 2192 4178 2457 4243; x_wconf 85' lang='lat' dir='ltr'><strong>potestate</strong></span> <span class='ocrx_word' id='word_1_859' title='bbox 2482 4168 2549 4224; x_wconf 89' lang='lat' dir='ltr'><strong>ad</strong></span> <span class='ocrx_word' id='word_1_860' title='bbox 2581 4167 2894 4238; x_wconf 67' lang='lat' dir='ltr'><strong>pratsciendi</strong></span> <span class='ocrx_word' id='word_1_861' title='bbox 2932 4166 3258 4224; x_wconf 85' lang='lat' dir='ltr'><strong>facultatem.</strong></span> <span class='ocrx_word' id='word_1_862' title='bbox 3282 4168 3401 4225; x_wconf 83' lang='lat' dir='ltr'><strong>Non</strong></span> <span class='ocrx_word' id='word_1_863' title='bbox 3431 4171 3606 4228; x_wconf 84' lang='lat' dir='ltr'><strong>solum</strong></span> <span class='ocrx_word' id='word_1_864' title='bbox 3632 4174 3781 4231; x_wconf 86' lang='lat' dir='ltr'><strong>enim</strong></span> 
     </span>
    </p>
   </div>
   <div class='ocr_carea' id='block_1_104' title="bbox 2192 4260 3783 4343">
    <p class='ocr_par' dir='ltr' id='par_1_104' title="bbox 2192 4260 3783 4343">
     <span class='ocr_line' id='line_1_104' title="bbox 2192 4260 3783 4343; baseline 0.002 -24"><span class='ocrx_word' id='word_1_865' title='bbox 2192 4278 2293 4319; x_wconf 90' lang='lat' dir='ltr'><strong>nos</strong></span> <span class='ocrx_word' id='word_1_866' title='bbox 2318 4262 2466 4332; x_wconf 87' lang='lat' dir='ltr'><strong>fecit,</strong></span> <span class='ocrx_word' id='word_1_867' title='bbox 2503 4277 2628 4317; x_wconf 91' lang='lat' dir='ltr'><strong>cum</strong></span> <span class='ocrx_word' id='word_1_868' title='bbox 2654 4276 2761 4316; x_wconf 93' lang='lat' dir='ltr'><strong>non</strong></span> <span class='ocrx_word' id='word_1_869' title='bbox 2787 4275 3050 4328; x_wconf 88' lang='lat' dir='ltr'><strong>essemus,</strong></span> <span class='ocrx_word' id='word_1_870' title='bbox 3076 4260 3175 4318; x_wconf 84' lang='lat' dir='ltr'><strong>sed</strong></span> <span class='ocrx_word' id='word_1_871' title='bbox 3204 4262 3367 4319; x_wconf 87' lang='lat' dir='ltr'><strong>etiam</strong></span> <span class='ocrx_word' id='word_1_872' title='bbox 3389 4263 3443 4319; x_wconf 91' lang='lat' dir='ltr'><strong>in</strong></span> <span class='ocrx_word' id='word_1_873' title='bbox 3467 4264 3583 4335; x_wconf 90' lang='lat' dir='ltr'><strong>jam</strong></span> <span class='ocrx_word' id='word_1_874' title='bbox 3607 4265 3783 4343; x_wconf 85' lang='lat' dir='ltr'><strong>factos</strong></span> 
     </span>
    </p>
   </div>
   <div class='ocr_carea' id='block_1_105' title="bbox 2191 4354 2725 4423">
    <p class='ocr_par' dir='ltr' id='par_1_105' title="bbox 2191 4354 2725 4423">
     <span class='ocr_line' id='line_1_105' title="bbox 2191 4354 2725 4423; baseline -0.009 -13"><span class='ocrx_word' id='word_1_875' title='bbox 2191 4354 2399 4411; x_wconf 86' lang='lat' dir='ltr'><strong>obtinet</strong></span> <span class='ocrx_word' id='word_1_876' title='bbox 2423 4354 2725 4423; x_wconf 83' lang='lat' dir='ltr'><strong>imperium.</strong></span> 
     </span>
    </p>
   </div>
   <div class='ocr_carea' id='block_1_106' title="bbox 2261 4447 3777 4521">
    <p class='ocr_par' dir='ltr' id='par_1_106' title="bbox 2261 4447 3777 4521">
     <span class='ocr_line' id='line_1_106' title="bbox 2261 4447 3777 4521; baseline 0.005 -17"><span class='ocrx_word' id='word_1_877' title='bbox 2261 4449 2317 4504; x_wconf 72' lang='lat'><strong>2.</strong></span> <span class='ocrx_word' id='word_1_878' title='bbox 2347 4448 2471 4503; x_wconf 79' lang='lat' dir='ltr'><strong>Haec</strong></span> <span class='ocrx_word' id='word_1_879' title='bbox 2497 4457 2719 4518; x_wconf 86' lang='lat' dir='ltr'><strong>utraque</strong></span> <span class='ocrx_word' id='word_1_880' title='bbox 2738 4448 2807 4504; x_wconf 88' lang='lat' dir='ltr'><strong>de</strong></span> <span class='ocrx_word' id='word_1_881' title='bbox 2827 4447 3043 4506; x_wconf 86' lang='lat' dir='ltr'><strong>Christo</strong></span> <span class='ocrx_word' id='word_1_882' title='bbox 3066 4450 3529 4521; x_wconf 77' lang='lat' dir='ltr'><strong>Paulus-testator,</strong></span> <span class='ocrx_word' id='word_1_883' title='bbox 3555 4454 3777 4514; x_wconf 84' lang='lat' dir='ltr'><strong>dicens:</strong></span> 
     </span>
    </p>
   </div>
   <div class='ocr_carea' id='block_1_107' title="bbox 2194 4540 3782 4616">
    <p class='ocr_par' dir='ltr' id='par_1_107' title="bbox 2194 4540 3782 4616">
     <span class='ocr_line' id='line_1_107' title="bbox 2194 4540 3782 4616; baseline -0.002 -21"><span class='ocrx_word' id='word_1_884' title='bbox 2194 4540 2533 4616; x_wconf 76' lang='lat' dir='ltr'><strong>Multiforiam</strong></span> <span class='ocrx_word' id='word_1_885' title='bbox 2556 4541 2825 4613; x_wconf 80' lang='lat' dir='ltr'><strong>multisque</strong></span> <span class='ocrx_word' id='word_1_886' title='bbox 2850 4541 3015 4596; x_wconf 86' lang='lat' dir='ltr'><strong>modis</strong></span> <span class='ocrx_word' id='word_1_887' title='bbox 3039 4540 3178 4596; x_wconf 72' lang='lat' dir='ltr'><strong>Deus</strong></span> <span class='ocrx_word' id='word_1_888' title='bbox 3207 4543 3329 4597; x_wconf 87' lang='lat' dir='ltr'><strong>olim</strong></span> <span class='ocrx_word' id='word_1_889' title='bbox 3358 4543 3593 4615; x_wconf 68' lang='lat' dir='ltr'><strong>loquutus</strong></span> <span class='ocrx_word' id='word_1_890' title='bbox 3618 4550 3782 4616; x_wconf 68' lang='lat' dir='ltr'><strong>patri.</strong></span> 
     </span>
    </p>
   </div>
   <div class='ocr_carea' id='block_1_108' title="bbox 2191 4614 3781 4704">
    <p class='ocr_par' dir='ltr' id='par_1_108' title="bbox 2191 4614 3781 4704">
     <span class='ocr_line' id='line_1_108' title="bbox 2191 4614 3781 4704; baseline 0.006 -19"><span class='ocrx_word' id='word_1_891' title='bbox 2191 4631 2282 4686; x_wconf 88' lang='lat' dir='ltr'><strong>bus</strong></span> <span class='ocrx_word' id='word_1_892' title='bbox 2299 4632 2353 4684; x_wconf 84' lang='lat' dir='ltr'><strong>in</strong></span> <span class='ocrx_word' id='word_1_893' title='bbox 2370 4614 2652 4701; x_wconf 73' lang='lat' dir='ltr'><strong>prophetis.</strong></span> <span class='ocrx_word' id='word_1_894' title='bbox 2675 4632 2729 4685; x_wconf 86' lang='lat' dir='ltr'><strong>in</strong></span> <span class='ocrx_word' id='word_1_895' title='bbox 2747 4632 2983 4685; x_wconf 68' lang='lat' dir='ltr'><strong>extremis</strong></span> <span class='ocrx_word' id='word_1_896' title='bbox 2995 4631 3171 4688; x_wconf 74' lang='lat' dir='ltr'><strong>diebus</strong></span> <span class='ocrx_word' id='word_1_897' title='bbox 3190 4633 3423 4704; x_wconf 72' lang='lat' dir='ltr'><strong>loquutus</strong></span> <span class='ocrx_word' id='word_1_898' title='bbox 3450 4646 3525 4690; x_wconf 83' lang='lat' dir='ltr'><strong>est</strong></span> <span class='ocrx_word' id='word_1_899' title='bbox 3552 4614 3697 4693; x_wconf 78' lang='lat' dir='ltr'><strong>nobis</strong></span> <span class='ocrx_word' id='word_1_900' title='bbox 3724 4639 3781 4694; x_wconf 76' lang='lat' dir='ltr'><strong>iis</strong></span> 
     </span>
    </p>
   </div>
   <div class='ocr_carea' id='block_1_109' title="bbox 2191 4722 3781 4797">
    <p class='ocr_par' dir='ltr' id='par_1_109' title="bbox 2191 4722 3781 4797">
     <span class='ocr_line' id='line_1_109' title="bbox 2191 4722 3781 4797; baseline 0.004 -20"><span class='ocrx_word' id='word_1_901' title='bbox 2191 4722 2350 4789; x_wconf 79' lang='lat' dir='ltr'><strong>Filio,</strong></span> <span class='ocrx_word' id='word_1_902' title='bbox 2371 4738 2518 4794; x_wconf 82' lang='lat' dir='ltr'><strong>quem</strong></span> <span class='ocrx_word' id='word_1_903' title='bbox 2536 4723 2699 4792; x_wconf 82' lang='lat' dir='ltr'><strong>posuit</strong></span> <span class='ocrx_word' id='word_1_904' title='bbox 2719 4722 2953 4777; x_wconf 81' lang='lat' dir='ltr'><strong>heredem</strong></span> <span class='ocrx_word' id='word_1_905' title='bbox 2967 4726 3213 4778; x_wconf 73' lang='lat' dir='ltr'><strong>omnium.</strong></span> <span class='ocrx_word' id='word_1_906' title='bbox 3235 4723 3436 4781; x_wconf 85' lang='lat' dir='ltr'><strong>Deinde</strong></span> <span class='ocrx_word' id='word_1_907' title='bbox 3449 4725 3781 4797; x_wconf 84' lang='lat' dir='ltr'><strong>subjungens</strong></span> 
     </span>
    </p>
   </div>
   <div class='ocr_carea' id='block_1_110' title="bbox 2190 4811 3781 4886">
    <p class='ocr_par' dir='ltr' id='par_1_110' title="bbox 2190 4811 3781 4886">
     <span class='ocr_line' id='line_1_110' title="bbox 2190 4811 3781 4886; baseline 0.002 -16"><span class='ocrx_word' id='word_1_908' title='bbox 2190 4815 2321 4871; x_wconf 88' lang='lat' dir='ltr'><strong>dicit</strong></span> <span class='ocrx_word' id='word_1_909' title='bbox 2364 4816 2523 4869; x_wconf 88' lang='lat' dir='ltr'><strong>etiam</strong></span> <span class='ocrx_word' id='word_1_910' title='bbox 2566 4812 2835 4882; x_wconf 82' lang='lat' dir='ltr'><strong>opiﬁcium</strong></span> <span class='ocrx_word' id='word_1_911' title='bbox 2867 4831 2880 4865; x_wconf 89' lang='lat'><strong>:</strong></span> <span class='ocrx_word' id='word_1_912' title='bbox 2919 4811 3025 4867; x_wconf 90' lang='lat' dir='ltr'><strong>Per</strong></span> <span class='ocrx_word' id='word_1_913' title='bbox 3064 4830 3214 4882; x_wconf 87' lang='lat' dir='ltr'><strong>quem</strong></span> <span class='ocrx_word' id='word_1_914' title='bbox 3249 4815 3366 4886; x_wconf 80' lang='lat' dir='ltr'><strong>fecit</strong></span> <span class='ocrx_word' id='word_1_915' title='bbox 3397 4816 3547 4870; x_wconf 84' lang='lat' dir='ltr'><strong>etiam</strong></span> <span class='ocrx_word' id='word_1_916' title='bbox 3591 4822 3781 4884; x_wconf 65' lang='lat' dir='ltr'><strong>scruta</strong></span> 
     </span>
    </p>
   </div>
   <div class='ocr_carea' id='block_1_111' title="bbox 2194 4904 3781 4981">
    <p class='ocr_par' dir='ltr' id='par_1_111' title="bbox 2194 4904 3781 4981">
     <span class='ocr_line' id='line_1_111' title="bbox 2194 4904 3781 4981; baseline 0.003 -20"><span class='ocrx_word' id='word_1_917' title='bbox 2194 4906 2379 4981; x_wconf 76' lang='lat' dir='ltr'><strong>(Hebr.</strong></span> <span class='ocrx_word' id='word_1_918' title='bbox 2401 4907 2453 4961; x_wconf 88' lang='grc'><strong>1.</strong></span> <span class='ocrx_word' id='word_1_919' title='bbox 2483 4907 2535 4960; x_wconf 92' lang='grc'><strong>1.</strong></span> <span class='ocrx_word' id='word_1_920' title='bbox 2562 4904 2599 4958; x_wconf 69' lang='grc'><strong>2</strong></span> <span class='ocrx_word' id='word_1_921' title='bbox 2619 4904 2660 4977; x_wconf 88' lang='grc'><strong>).</strong></span> <span class='ocrx_word' id='word_1_922' title='bbox 2696 4905 2765 4959; x_wconf 87' lang='lat' dir='ltr'><strong>Et</strong></span> <span class='ocrx_word' id='word_1_923' title='bbox 2790 4919 2910 4959; x_wconf 89' lang='lat' dir='ltr'><strong>cum</strong></span> <span class='ocrx_word' id='word_1_924' title='bbox 2931 4904 3001 4961; x_wconf 87' lang='lat' dir='ltr'><strong>de</strong></span> <span class='ocrx_word' id='word_1_925' title='bbox 3024 4904 3142 4974; x_wconf 87' lang='lat' dir='ltr'><strong>ejus</strong></span> <span class='ocrx_word' id='word_1_926' title='bbox 3169 4904 3466 4961; x_wconf 85' lang='lat' dir='ltr'><strong>substantia</strong></span> <span class='ocrx_word' id='word_1_927' title='bbox 3491 4905 3781 4966; x_wconf 82' lang='lat' dir='ltr'><strong>disseruis-</strong></span> 
     </span>
    </p>
   </div>
   <div class='ocr_carea' id='block_1_112' title="bbox 2189 4994 3780 5069">
    <p class='ocr_par' dir='ltr' id='par_1_112' title="bbox 2189 4994 3780 5069">
     <span class='ocr_line' id='line_1_112' title="bbox 2189 4994 3780 5069; baseline -0.004 -15"><span class='ocrx_word' id='word_1_928' title='bbox 2189 5007 2303 5065; x_wconf 90' lang='lat' dir='ltr'><strong>set,</strong></span> <span class='ocrx_word' id='word_1_929' title='bbox 2342 5008 2399 5054; x_wconf 92' lang='lat' dir='ltr'><strong>et</strong></span> <span class='ocrx_word' id='word_1_930' title='bbox 2433 4996 2657 5052; x_wconf 85' lang='lat' dir='ltr'><strong>dixisset</strong></span> <span class='ocrx_word' id='word_1_931' title='bbox 2675 5037 2695 5061; x_wconf 92' lang='lat'><strong>,</strong></span> <span class='ocrx_word' id='word_1_932' title='bbox 2721 4994 2819 5061; x_wconf 78' lang='lat' dir='ltr'><strong>Qui</strong></span> <span class='ocrx_word' id='word_1_933' title='bbox 2842 5012 2957 5050; x_wconf 85' lang='lat' dir='ltr'><strong>cum</strong></span> <span class='ocrx_word' id='word_1_934' title='bbox 2986 4996 3049 5050; x_wconf 89' lang='lat' dir='ltr'><strong>sit</strong></span> <span class='ocrx_word' id='word_1_935' title='bbox 3076 4996 3318 5065; x_wconf 80' lang='lat' dir='ltr'><strong>splendor</strong></span> <span class='ocrx_word' id='word_1_936' title='bbox 3342 4998 3549 5069; x_wconf 65' lang='lat' dir='ltr'><strong>gloria,</strong></span> <span class='ocrx_word' id='word_1_937' title='bbox 3583 5012 3631 5055; x_wconf 84' lang='lat' dir='ltr'><strong>et</strong></span> <span class='ocrx_word' id='word_1_938' title='bbox 3651 5003 3780 5057; x_wconf 70' lang='lat' dir='ltr'><strong>clm-</strong></span> 
     </span>
    </p>
   </div>
   <div class='ocr_carea' id='block_1_113' title="bbox 2189 5088 3781 5161">
    <p class='ocr_par' dir='ltr' id='par_1_113' title="bbox 2189 5088 3781 5161">
     <span class='ocr_line' id='line_1_113' title="bbox 2189 5088 3781 5161; baseline 0.005 -15"><span class='ocrx_word' id='word_1_939' title='bbox 2189 5101 2352 5147; x_wconf 81' lang='lat' dir='ltr'><strong>racter</strong></span> <span class='ocrx_word' id='word_1_940' title='bbox 2378 5090 2672 5147; x_wconf 68' lang='lat' dir='ltr'><strong>substantia</strong></span> <span class='ocrx_word' id='word_1_941' title='bbox 2684 5090 2798 5158; x_wconf 76' lang='lat' dir='ltr'><strong>ejus</strong></span> <span class='ocrx_word' id='word_1_942' title='bbox 2823 5088 2985 5160; x_wconf 81' lang='lat' dir='ltr'><strong>(Ibid.</strong></span> <span class='ocrx_word' id='word_1_943' title='bbox 3013 5105 3061 5143; x_wconf 75' lang='grc' dir='ltr'><strong>υ.</strong></span> <span class='ocrx_word' id='word_1_944' title='bbox 3085 5090 3122 5147; x_wconf 73' lang='lat'><strong>&#39;5</strong></span> <span class='ocrx_word' id='word_1_945' title='bbox 3142 5090 3185 5159; x_wconf 89' lang='lat'><strong>),</strong></span> <span class='ocrx_word' id='word_1_946' title='bbox 3215 5091 3451 5146; x_wconf 84' lang='lat' dir='ltr'><strong>ostendit</strong></span> <span class='ocrx_word' id='word_1_947' title='bbox 3473 5092 3636 5148; x_wconf 85' lang='lat' dir='ltr'><strong>etiam</strong></span> <span class='ocrx_word' id='word_1_948' title='bbox 3660 5097 3781 5161; x_wconf 82' lang='lat' dir='ltr'><strong>eius</strong></span> 
     </span>
    </p>
   </div>
   <div class='ocr_carea' id='block_1_114' title="bbox 2192 5179 3781 5254">
    <p class='ocr_par' dir='ltr' id='par_1_114' title="bbox 2192 5179 3781 5254">
     <span class='ocr_line' id='line_1_114' title="bbox 2192 5179 3781 5254; baseline 0.003 -17"><span class='ocrx_word' id='word_1_949' title='bbox 2192 5182 2505 5254; x_wconf 72' lang='lat' dir='ltr'><strong>prmseiendi</strong></span> <span class='ocrx_word' id='word_1_950' title='bbox 2529 5180 2833 5235; x_wconf 87' lang='lat' dir='ltr'><strong>facultatem</strong></span> <span class='ocrx_word' id='word_1_951' title='bbox 2856 5221 2874 5246; x_wconf 90' lang='lat'><strong>,</strong></span> <span class='ocrx_word' id='word_1_952' title='bbox 2903 5180 3109 5247; x_wconf 74' lang='lat' dir='ltr'><strong>dicens.</strong></span> <span class='ocrx_word' id='word_1_953' title='bbox 3142 5179 3206 5235; x_wconf 86' lang='lat' dir='ltr'><strong>Et</strong></span> <span class='ocrx_word' id='word_1_954' title='bbox 3234 5184 3403 5252; x_wconf 81' lang='lat' dir='ltr'><strong>ferens</strong></span> <span class='ocrx_word' id='word_1_955' title='bbox 3432 5184 3605 5237; x_wconf 81' lang='lat' dir='ltr'><strong>omnia</strong></span> <span class='ocrx_word' id='word_1_956' title='bbox 3630 5188 3781 5242; x_wconf 83' lang='lat' dir='ltr'><strong>verbo</strong></span> 
     </span>
    </p>
   </div>
   <div class='ocr_carea' id='block_1_115' title="bbox 2193 5269 3781 5343">
    <p class='ocr_par' dir='ltr' id='par_1_115' title="bbox 2193 5269 3781 5343">
     <span class='ocr_line' id='line_1_115' title="bbox 2193 5269 3781 5343; baseline 0.004 -16"><span class='ocrx_word' id='word_1_957' title='bbox 2193 5273 2451 5343; x_wconf 83' lang='lat' dir='ltr'><strong>potestatis</strong></span> <span class='ocrx_word' id='word_1_958' title='bbox 2470 5287 2600 5326; x_wconf 77' lang='lat' dir='ltr'><strong>suat.</strong></span> <span class='ocrx_word' id='word_1_959' title='bbox 2628 5270 2697 5326; x_wconf 85' lang='lat' dir='ltr'><strong>Et</strong></span> <span class='ocrx_word' id='word_1_960' title='bbox 2722 5269 2788 5326; x_wconf 89' lang='lat' dir='ltr'><strong>ad</strong></span> <span class='ocrx_word' id='word_1_961' title='bbox 2809 5270 3160 5327; x_wconf 86' lang='lat' dir='ltr'><strong>Colossenses</strong></span> <span class='ocrx_word' id='word_1_962' title='bbox 3182 5273 3425 5329; x_wconf 81' lang='lat' dir='ltr'><strong>scribens</strong></span> <span class='ocrx_word' id='word_1_963' title='bbox 3451 5275 3567 5331; x_wconf 65' lang='lat' dir='ltr'><strong>haec</strong></span> <span class='ocrx_word' id='word_1_964' title='bbox 3589 5276 3781 5335; x_wconf 84' lang='lat' dir='ltr'><strong>eadem</strong></span> 
     </span>
    </p>
   </div>
   <div class='ocr_carea' id='block_1_116' title="bbox 2192 5364 3783 5438">
    <p class='ocr_par' dir='ltr' id='par_1_116' title="bbox 2192 5364 3783 5438">
     <span class='ocr_line' id='line_1_116' title="bbox 2192 5364 3783 5438; baseline 0.002 -18"><span class='ocrx_word' id='word_1_965' title='bbox 2192 5381 2379 5420; x_wconf 89' lang='lat' dir='ltr'><strong>rursus</strong></span> <span class='ocrx_word' id='word_1_966' title='bbox 2402 5364 2538 5419; x_wconf 90' lang='lat' dir='ltr'><strong>dixit</strong></span> <span class='ocrx_word' id='word_1_967' title='bbox 2569 5380 2583 5415; x_wconf 89' lang='lat'><strong>:</strong></span> <span class='ocrx_word' id='word_1_968' title='bbox 2616 5364 2865 5428; x_wconf 85' lang='lat' dir='ltr'><strong>Quoniam</strong></span> <span class='ocrx_word' id='word_1_969' title='bbox 2901 5364 2957 5418; x_wconf 87' lang='lat' dir='ltr'><strong>in</strong></span> <span class='ocrx_word' id='word_1_970' title='bbox 2988 5380 3049 5419; x_wconf 88' lang='lat' dir='ltr'><strong><em>eo</em></strong></span> <span class='ocrx_word' id='word_1_971' title='bbox 3090 5372 3260 5419; x_wconf 84' lang='lat' dir='ltr'><strong>creata</strong></span> <span class='ocrx_word' id='word_1_972' title='bbox 3294 5376 3416 5421; x_wconf 76' lang='lat' dir='ltr'><strong>sunt</strong></span> <span class='ocrx_word' id='word_1_973' title='bbox 3457 5369 3631 5422; x_wconf 77' lang='lat' dir='ltr'><strong>omnia</strong></span> <span class='ocrx_word' id='word_1_974' title='bbox 3666 5385 3783 5438; x_wconf 72' lang='lat' dir='ltr'><strong>quc</strong></span> 
     </span>
    </p>
   </div>
   <div class='ocr_carea' id='block_1_117' title="bbox 2190 5455 3781 5525">
    <p class='ocr_par' dir='ltr' id='par_1_117' title="bbox 2190 5455 3781 5525">
     <span class='ocr_line' id='line_1_117' title="bbox 2190 5455 3781 5525; baseline 0.003 -15"><span class='ocrx_word' id='word_1_975' title='bbox 2190 5467 2309 5511; x_wconf 86' lang='lat' dir='ltr'><strong>sunt</strong></span> <span class='ocrx_word' id='word_1_976' title='bbox 2330 5458 2385 5510; x_wconf 87' lang='lat' dir='ltr'><strong>in</strong></span> <span class='ocrx_word' id='word_1_977' title='bbox 2405 5456 2543 5509; x_wconf 71' lang='lat' dir='ltr'><strong>cretis</strong></span> <span class='ocrx_word' id='word_1_978' title='bbox 2570 5463 2615 5510; x_wconf 88' lang='lat' dir='ltr'><strong>et</strong></span> <span class='ocrx_word' id='word_1_979' title='bbox 2640 5471 2754 5525; x_wconf 65' lang='lat' dir='ltr'><strong>quas</strong></span> <span class='ocrx_word' id='word_1_980' title='bbox 2775 5455 2831 5508; x_wconf 87' lang='lat' dir='ltr'><strong>in</strong></span> <span class='ocrx_word' id='word_1_981' title='bbox 2855 5463 3019 5521; x_wconf 86' lang='lat' dir='ltr'><strong>terra,</strong></span> <span class='ocrx_word' id='word_1_982' title='bbox 3049 5455 3153 5510; x_wconf 78' lang='lat' dir='ltr'><strong>sive</strong></span> <span class='ocrx_word' id='word_1_983' title='bbox 3178 5458 3384 5523; x_wconf 73' lang='lat' dir='ltr'><strong>throni,</strong></span> <span class='ocrx_word' id='word_1_984' title='bbox 3411 5459 3516 5513; x_wconf 77' lang='lat' dir='ltr'><strong>sive</strong></span> <span class='ocrx_word' id='word_1_985' title='bbox 3538 5458 3781 5515; x_wconf 69' lang='lat' dir='ltr'><strong>domina-</strong></span> 
     </span>
    </p>
   </div>
   <div class='ocr_carea' id='block_1_118' title="bbox 2194 5547 3780 5621">
    <p class='ocr_par' dir='ltr' id='par_1_118' title="bbox 2194 5547 3780 5621">
     <span class='ocr_line' id='line_1_118' title="bbox 2194 5547 3780 5621; baseline 0.003 -20"><span class='ocrx_word' id='word_1_986' title='bbox 2194 5551 2373 5613; x_wconf 84' lang='lat' dir='ltr'><strong>tiones,</strong></span> <span class='ocrx_word' id='word_1_987' title='bbox 2395 5549 2498 5604; x_wconf 82' lang='lat' dir='ltr'><strong>sive</strong></span> <span class='ocrx_word' id='word_1_988' title='bbox 2517 5547 2848 5619; x_wconf 78' lang='lat' dir='ltr'><strong>principatus,</strong></span> <span class='ocrx_word' id='word_1_989' title='bbox 2869 5548 2974 5602; x_wconf 72' lang='lat' dir='ltr'><strong>sive</strong></span> <span class='ocrx_word' id='word_1_990' title='bbox 2989 5548 3463 5617; x_wconf 79' lang='lat' dir='ltr'><strong>potestates,omnia</strong></span> <span class='ocrx_word' id='word_1_991' title='bbox 3482 5567 3573 5620; x_wconf 86' lang='lat' dir='ltr'><strong>per</strong></span> <span class='ocrx_word' id='word_1_992' title='bbox 3587 5552 3780 5621; x_wconf 71' lang='lat' dir='ltr'><strong>ipsum,</strong></span> 
     </span>
    </p>
   </div>
   <div class='ocr_carea' id='block_1_119' title="bbox 2199 5661 3783 5792">
    <p class='ocr_par' dir='ltr' id='par_1_119' title="bbox 2199 5661 3783 5792">
     <span class='ocr_line' id='line_1_119' title="bbox 2199 5661 3783 5792; baseline 0.004 -19"><span class='ocrx_word' id='word_1_993' title='bbox 2199 5661 3783 5792; x_wconf 48' lang='grc' dir='ltr'><strong>ωέὲἒιοᾘῒιῗένῧεὲἑίῖοξωφῶωξιῗιῗῗιὲἔὲιῗῗὲ³ἶι¹ἒῗξιῇξέ¹⁹</strong></span> 
     </span>
    </p>
   </div>
  </div>
