4056 6474
352 395 464 457 ⁸13

356 523 403 568 st
421 513 477 566 in
505 511 623 580 ipso
644 516 812 562 aeota
840 513 984 570 sunt,
1011 504 1119 574 ipse
1145 509 1219 557 est
1247 509 1365 554 ante
1401 499 1575 555 omnia
1612 494 1636 570 (
1652 493 1853 551 Coloss.
1885 491 1940 546 1.

356 603 446 658 to.
474 601 606 670 17).
653 597 781 652 Baio
824 604 949 650 sunt
985 594 1101 663 ejus
1137 589 1356 647 creandi
1394 588 1695 659 potestatis.
1737 581 1942 640 Deinde

350 692 656 750 hcultatem
685 685 1001 757 praesciendi
1027 683 1353 753 significans,
1371 679 1667 749 subjungit.
1689 677 1753 733 Et
1768 677 1943 732 enmia

347 787 404 840 in
430 786 541 854 ipso
567 782 844 837 consistunt
868 775 1079 850 (lbid.).
1095 772 1334 842 Utraque
1353 774 1470 829 [nec
1491 786 1677 827 rursus
1703 770 1941 826 Joannes

346 889 565 946 quoque
604 872 896 928 ostendens
936 869 1144 924 dicebat
1175 909 1190 931 ,
1235 866 1421 920 Omnia
1461 880 1552 936 per
1586 865 1756 934 ipsum
1800 865 1940 933 facta

342 973 485 1031 sunt,
505 973 552 1017 et
570 963 678 1018 sine
689 963 800 1033 ipse
821 964 1010 1034 factum
1031 968 1104 1015 est
1128 958 1258 1012 nihil
1281 956 1457 1028 (Joan.
1482 957 1534 1011 1.
1549 957 1628 1028 5).
1649 955 1762 1010 Hoc
1781 955 1935 1020 dixit,

343 1053 653 1124 significans
665 1053 1012 1108 creationem.
1030 1050 1228 1106 Deinde
1241 1049 1628 1120 providentiam
1650 1069 1665 1103 :
1677 1047 1790 1101 Vita
1804 1057 1933 1115 erat,

343 1157 392 1202 et
411 1147 512 1199 vita
531 1156 638 1199 erat
652 1145 743 1198 lux
758 1145 1018 1198 hominum
1036 1140 1195 1212 (Ibid.
1214 1158 1259 1195 υ.
1278 1140 1354 1211 Al).
1374 1140 1483 1196 Hoc
1497 1141 1657 1195 etiam
1676 1137 1934 1210 propheta

342 1240 432 1296 hic
457 1239 783 1309 signiﬁcans,
812 1239 958 1303 dicit,
990 1236 1066 1291 Tu
1087 1237 1322 1310 forntasti
1341 1253 1436 1291 me.
1465 1235 1581 1290 Hoc
1606 1245 1688 1290 est
1712 1233 1931 1305 opiﬂcii.

341 1330 486 1384 Dixit
527 1331 688 1385 etiam
720 1329 772 1384 id
808 1329 950 1399 quod
984 1337 1068 1383 est
1104 1328 1455 1397 providentia:
1487 1347 1499 1381 :
1528 1325 1762 1383 Posuisti
1783 1343 1936 1397 super

337 1436 422 1477 me
442 1436 647 1474 manum
672 1429 830 1474 tuam.
859 1418 995 1485 Quid
1024 1427 1126 1485 est,
1159 1417 1432 1473 Posuisti?
1457 1417 1636 1488 Regis,
1664 1417 1930 1484 contines,

337 1511 617 1582 componis
639 1553 655 1580 ,
688 1520 742 1566 et
770 1519 968 1581 portas.
1000 1509 1152 1577 Quod
1187 1510 1360 1581 ipsum
1392 1523 1606 1579 quoque
1627 1507 1831 1563 Paulus
1859 1507 1932 1562 si-

334 1602 598 1673 gnificans
619 1643 636 1666 ,
669 1601 803 1656 dixit
831 1619 846 1655 :
875 1600 945 1654 In
967 1602 1079 1668 ipso
1119 1601 1362 1664 vicimus,
1391 1609 1438 1654 et
1466 1615 1740 1663 movemur,
1768 1608 1815 1654 et
1839 1615 1930 1652 su-

331 1710 449 1748 mus
475 1695 623 1765 (Act.
660 1694 745 1748 17.
772 1691 902 1764 28).
935 1692 1050 1747 Non
1080 1694 1253 1748 solum
1280 1693 1423 1748 enim
1452 1693 1506 1747 in
1534 1707 1601 1747 eo
1628 1691 1772 1762 quod
1801 1690 1928 1748 facti

332 1801 540 1853 sumus,
567 1786 660 1841 sed
684 1786 844 1841 etiam
872 1787 923 1840 in
951 1800 1016 1840 eo
1041 1785 1181 1855 quod
1209 1785 1513 1841 exsistimus
1533 1793 1587 1840 et
1612 1799 1890 1840 manemus
1910 1825 1925 1850 ,

331 1881 573 1950 potentia
609 1879 726 1949 ejus
767 1893 902 1948 opus
941 1878 1223 1934 habemus.
1270 1877 1326 1934 6.
1372 1877 1630 1933 Hirab'ilis
1676 1879 1817 1949 facta
1855 1887 1927 1933 est

333 1970 546 2024 scientia
576 1979 663 2022 tua
689 1985 753 2023 ea:
786 1986 866 2022 me
895 1985 912 2023 :
937 1969 1225 2039 confortata
1253 1979 1361 2036 est,
1413 1986 1461 2023 ei
1495 1985 1598 2023 non
1643 1979 1820 2035 potero
1856 1969 1927 2023 ad

328 2075 460 2114 eam.
480 2061 650 2124 Alius,
677 2057 898 2128 Superat
913 2076 990 2112 me
1001 2059 1099 2132 (a).
1114 2059 1219 2115 Pro
1233 2075 1302 2116 eo
1321 2069 1499 2115 autem
1514 2059 1654 2130 quod
1671 2067 1774 2127 est,
1791 2059 1927 2115 Con-

330 2151 518 2220 {crtata
547 2157 637 2211 est,
666 2148 821 2212 alius,
851 2149 1141 2202 Admodum
1170 2149 1308 2204 elata
1332 2158 1423 2205 est.
1457 2149 1608 2217 Quod
1637 2159 1815 2205 autem
1842 2150 1925 2204 di-

325 2239 420 2301 cit,
439 2246 524 2293 est
543 2237 802 2307 ejusmodi
823 2254 836 2292 :
859 2238 923 2293 Et
938 2249 1024 2293 tua
1050 2237 1200 2295 fruor
1225 2240 1576 2310 providentia,
1598 2248 1653 2296 et
1677 2241 1924 2312 quamvis

325 2329 493 2383 sciam
524 2341 575 2384 te
610 2332 786 2384 omnia
821 2335 1070 2400 prmscire
1097 2374 1112 2399 ,
1154 2343 1208 2389 et
1237 2349 1323 2389 me
1351 2348 1417 2389 ex
1447 2347 1555 2388 non
1583 2335 1921 2389 exstantibus

324 2419 516 2477 fecisse
549 2441 562 2477 :
597 2419 890 2492 perfectam
914 2432 1091 2481 tamen
1117 2433 1172 2481 et
1199 2425 1536 2482 manifestam
1564 2443 1672 2482 non
1701 2442 1921 2498 possum

325 2510 526 2569 habere
553 2516 626 2569 tui
652 2516 1008 2586 cognitionem
1033 2557 1048 2584 ,
1078 2517 1175 2573 sed
1214 2518 1473 2574 mirabilis
1500 2518 1637 2576 facta
1664 2529 1744 2576 est
1767 2561 1783 2588 ,
1818 2521 1921 2575 hoc

323 2613 407 2659 est
427 2646 444 2671 ,
477 2608 786 2675 superavit,
814 2608 1044 2662 exaltata
1074 2617 1159 2663 est
1196 2623 1358 2679 super
1387 2625 1493 2676 me,
1523 2610 1749 2666 validior
1773 2610 1911 2667 facta

323 2709 406 2752 est
427 2712 619 2768 ,quam
651 2706 706 2753 ut
736 2714 854 2753 mea
887 2701 1053 2769 possit
1089 2699 1297 2756 ratione
1328 2702 1712 2772 comprehendi
1744 2703 1918 2759 :adeo

321 2803 407 2844 est
433 2790 689 2845 mirabilis
714 2833 729 2858 ,
759 2790 896 2846 adeo
922 2806 1135 2862 magna.
1165 2792 1303 2860 Quid
1331 2794 1491 2864 igitur
1515 2795 1561 2848 si
1585 2803 1670 2849 est
1696 2795 1914 2865 quidem

321 2881 582 2948 mirabilis
610 2891 664 2935 et
684 2896 874 2951 magna
901 2923 914 2948 ,
943 2890 1120 2951 potest
1146 2893 1324 2938 autem
1354 2883 1784 2953 comprehendi?
1812 2884 1915 2941 Νε-

319 2986 606 3042 quaquam.
645 2971 936 3042 PrOpterca
963 2973 1107 3028 enim
1137 2973 1413 3042 subjunxit
1442 2992 1456 3029 :
1496 2973 1619 3028 Non
1650 2985 1824 3045 potero
1846 2977 1915 3030 ad

321 3078 451 3128 eam,
478 3079 544 3118 ne
571 3065 671 3119 hoc
696 3063 863 3119 dicas.
893 3064 1119 3130 Quando
1143 3073 1324 3119 autem
1352 3065 1510 3131 dicit,
1537 3063 1912 3137 Cognitiouem

320 3169 426 3210 non
455 3154 645 3220 habeo,
675 3171 782 3210 non
806 3156 908 3210 hoc
932 3157 1094 3225 dicit,
1121 3156 1312 3227 Ignoro
1336 3157 1502 3213 Deum
1521 3199 1536 3225 ,
1563 3159 1656 3214 sed
1682 3201 1696 3224 ,
1728 3159 1914 3216 Perfe-

317 3254 458 3301 clam
498 3256 550 3300 et
585 3246 818 3316 undique
855 3246 1156 3302 absolutam
1192 3257 1248 3303 et
1286 3248 1773 3322 manifestam-ejus
1804 3267 1910 3307 non

319 3337 491 3394 habeo
508 3340 770 3395 notitiam.
787 3340 939 3407 Quod
958 3342 1171 3411 quidem
1193 3342 1319 3397 dicit
1338 3343 1501 3399 etiam
1527 3343 1721 3399 Paulus
1741 3362 1754 3399 :
1778 3344 1912 3402 Nam

317 3446 438 3486 eum
461 3432 676 3502 quidem
699 3448 819 3488 esse
849 3434 1048 3488 scimus
1078 3451 1092 3486 :
1119 3433 1248 3504 quid
1273 3435 1346 3489 sit
1371 3445 1551 3491 autem
1578 3437 1906 3505 substantia,

317 3526 584 3580 nescimus
609 3543 622 3577 :
653 3525 866 3579 Credere
892 3525 1023 3579 enim
1050 3535 1248 3596 oportet
1273 3527 1588 3581 accedentem
1617 3531 1684 3582 ad
1712 3528 1908 3599 Deum,

317 3618 434 3686 quia
463 3628 532 3671 est
562 3616 748 3684 (Hebr.
781 3617 866 3671 ll.
900 3617 975 3687 6).
1005 3617 1119 3671 Non
1147 3617 1301 3684 dixit,
1331 3618 1456 3688 quid
1482 3619 1551 3672 sit
1575 3620 1906 3686 substantia;

317 3706 420 3762 hoc
461 3709 604 3762 enim
650 3709 780 3762 nulli
820 3721 898 3764 εει
931 3710 1220 3777 cegnitum.
1255 3709 1407 3777 Quod
1447 3712 1519 3766 sit
1559 3711 1820 3782 benignus
1856 3721 1912 3769 et

315 3799 588 3865 clemens,
622 3802 866 3856 novimus
887 3843 901 3865 ,
932 3801 1074 3871 quod
1105 3802 1173 3856 sit
1200 3801 1498 3870 humanus,
1522 3806 1662 3874 quod
1692 3806 1863 3862 bonus
1891 3823 1907 3874 ;

315 3900 571 3964 quantum
595 3907 722 3947 vero
742 3893 810 3947 sit
831 3894 1151 3962 ignoramus.
1176 3893 1278 3950 Sed
1296 3894 1384 3951 hic
1400 3896 1483 3950 his
1503 3898 1749 3952 omnibus
1775 3913 1912 3967 prte-

316 3983 583 4039 termissis
605 4025 618 4046 ,
650 3985 900 4054 proponit
926 3985 1068 4040 aliud
1100 3986 1241 4055 quod
1269 3987 1482 4042 videtur
1509 4002 1630 4044 esse
1669 3989 1906 4058 facilius,

313 4083 367 4130 et
397 4074 500 4130 hoc
527 4091 741 4145 quoque
769 4090 827 4131 se
851 4075 982 4130 dicit
1010 4080 1274 4148 ignorare.
1303 4077 1420 4134 Non
1451 4081 1626 4134 solum
1647 4122 1661 4147 ,
1697 4081 1864 4152 inquit
1890 4123 1906 4150 ,

317 4182 422 4223 non
453 4168 576 4223 dico
602 4169 855 4238 quidnam
881 4169 948 4223 sit
986 4171 1280 4225 substantia
1307 4212 1323 4237 ,
1354 4188 1529 4242 neque
1555 4185 1815 4243 quantum
1840 4176 1911 4232 sit

316 4258 519 4324 bonus;
549 4259 661 4313 haec
688 4261 829 4316 enim
857 4277 964 4315 non
991 4276 1148 4332 posse
1173 4265 1556 4334 comprehendi
1587 4275 1670 4321 est
1699 4267 1750 4322 in
1779 4282 1910 4322 con-

315 4348 487 4415 fesso;
529 4350 623 4406 sed
665 4352 825 4406 etiam
850 4352 1122 4422 quomodo
1162 4355 1233 4407 sit
1274 4355 1474 4424 ubique
1499 4398 1514 4422 ,
1545 4373 1650 4412 non
1691 4373 1910 4428 possum

313 4438 494 4496 dicere
522 4459 534 4494 :
569 4441 662 4497 sed
692 4441 793 4497 hoc
815 4458 1028 4514 quoque
1047 4456 1263 4514 superat
1291 4456 1529 4504 nostram
1554 4452 1909 4521 comprehen-

313 4532 546 4588 sionem.
587 4533 847 4602 Quocirca
883 4550 1004 4590 cum
1052 4536 1274 4591 dixisset
1314 4556 1327 4591 :
1365 4539 1622 4596 Mirabitis
1661 4545 1799 4613 facta
1837 4553 1910 4600 est

310 4624 520 4679 scientia
546 4635 632 4678 tua
660 4642 722 4679 ea:
749 4642 846 4693 me,
883 4627 1157 4696 subjunxit
1181 4649 1193 4684 :
1222 4631 1273 4684 7.
1299 4629 1412 4697 Quo
1435 4632 1515 4686 ibo
1536 4649 1568 4686 a
1595 4635 1775 4704 spiritu
1799 4645 1905 4706 tuo,

312 4725 358 4767 et
383 4731 482 4784 quo
500 4732 533 4768 a
554 4717 685 4785 facie
703 4726 790 4770 tua
817 4719 1056 4789 fugiam?
1084 4720 1136 4775 8.
1165 4720 1226 4776 Si
1251 4724 1524 4778 ascendere
1553 4727 1605 4778 in
1631 4726 1832 4793 ccelnnt,
1856 4738 1911 4784 tu

313 4807 416 4858 illic
446 4823 496 4859 es
515 4823 534 4860 .'
554 4809 599 4860 si
624 4809 925 4864 descendero
951 4811 1003 4864 in
1020 4811 1297 4883 infernum,
1322 4816 1462 4869 ades.
1492 4816 1545 4870 9.
1573 4817 1635 4872 Si
1649 4835 1909 4889 sumpsero

314 4911 504 4964 pennas
531 4914 668 4951 meas
690 4899 918 4954 diluculo
941 4944 956 4967 ,
991 4911 1037 4956 et
1066 4902 1356 4957 habitavere
1382 4905 1435 4957 in
1463 4908 1697 4960 extremis
1726 4911 1905 4963 maris.

313 4989 461 5044 Alius
486 5031 499 5054 ,
546 4989 802 5045 Mansero.
847 4993 934 5048 10.
979 4994 1179 5048 Etenim
1215 4998 1337 5051 illuc
1362 4997 1556 5070 (Alius,
1587 5000 1769 5055 Adhuc
1794 5003 1906 5075 ibi)

313 5095 494 5133 manus
520 5089 606 5133 tua
635 5081 847 5136 deducet
877 5100 955 5138 me
976 5126 992 5150 ,
1023 5096 1068 5138 et
1095 5087 1276 5142 tenebit
1305 5106 1383 5142 me
1408 5089 1617 5144 dextera
1644 5101 1748 5147 tua.
1781 5094 1904 5164 Spi-

314 5169 472 5225 ritum
499 5181 552 5224 et
581 5173 766 5225 faciem
793 5175 924 5228 dicit
953 5177 1117 5231 Deum
1156 5177 1352 5248 ipsum.
1379 5180 1492 5237 Hoc
1519 5194 1621 5250 est,
1650 5184 1765 5252 Quo
1793 5201 1823 5240 a
1855 5197 1907 5242 te

315 5264 663 5331 proficiscar?
693 5265 879 5322 Omnia
921 5268 1143 5337 imples,
1177 5273 1425 5327 omnibus
1458 5275 1587 5329 ades
1611 5317 1627 5340 ,
1669 5293 1774 5332 non
1812 5295 1908 5349 per

313 5365 491 5422 partes
515 5397 531 5418 ,
557 5356 657 5410 'scd
684 5358 932 5412 omnibus
959 5361 1118 5415 simul
1147 5371 1309 5417 totus.
1345 5365 1411 5418 Et
1449 5375 1731 5436 postquam
1772 5370 1908 5426 dixit

311 5458 430 5512 quae
456 5455 581 5500 sunt
605 5461 856 5517 superne,
885 5459 940 5504 et
963 5465 1080 5520 qua:
1109 5452 1335 5519 inferne,
1370 5455 1754 5527 longitudinem
1782 5500 1796 5526 ,
1829 5461 1907 5514 la-

313 5535 587 5592 titudinem
609 5582 625 5605 ,
656 5542 1067 5609 profunditatem
1093 5589 1108 5612 ,
1138 5562 1260 5602 eum
1288 5549 1482 5620 ubique
1522 5552 1713 5610 adesse
1742 5556 1906 5624 signi-

309 5625 451 5683 fleat.
482 5629 595 5684 Non
623 5633 754 5687 dixit
783 5643 961 5689 autem
992 5653 1005 5690 :
1033 5636 1384 5711 Quocumque
1412 5643 1594 5700 abiero
1614 5687 1629 5714 ,
1663 5651 1905 5719 sequeris

369 5804 442 5871 (α)
463 5813 584 5859 .ttzec
601 5809 942 5875 interpretatio
967 5823 1040 5865 est
1067 5820 1345 5880 Symmachi.

1295 374 1660 443 EXPOSI’HO
1692 376 1765 437 IN
1796 373 2126 436 νεωιυιι
2157 375 2492 439 CXXXVIII.

3539 392 3647 454 ιιι

2049 506 2159 562 me,
2191 502 2359 552 etme
2381 495 2642 553 retinebis
2669 513 2685 553 :
2717 496 2840 566 sed,
2865 498 3214 571 Quocumque
3241 501 3458 568 abiero,
3490 511 3560 559 ιιι·
3578 506 3642 560 it-

2047 585 2118 641 lic
2142 601 2204 642 es
2228 604 2244 642 :
2273 587 2378 644 hoc
2398 597 2500 654 est,
2525 587 2638 644 Illic
2665 598 2718 645 te
2743 591 2959 646 invenio
2981 606 3070 647 me
3097 595 3516 662 prmvenientem
3541 637 3559 661 ,
3589 607 3649 654 et

2044 675 2167 732 ideo
2203 675 2336 733 dicit
2361 717 2378 743 ,
2424 677 2679 734 Hirabilis
2716 684 2854 751 facta
2895 689 2970 735 est
3007 684 3218 736 scientia
3245 691 3334 738 tua
3359 700 3422 740 ea:
3454 703 3557 742 nte.
3586 686 3644 743 Si

2044 782 2164 823 eam
2202 782 2311 824 non
2352 767 2591 837 perfecte
2617 769 2793 836 nosti,
2817 771 3000 838 dices,
3042 772 3314 840 quomodo
3354 776 3494 830 nosti
3524 790 3645 832 eam

2043 873 2164 916 esse
2189 861 2533 916 mirabilem?
2560 861 2714 930 Quod
2735 877 2908 917 meam
2938 873 3156 933 superet
3182 867 3473 933 rationem,
3500 869 3643 938 quod

2043 960 2279 1005 mentem
2307 967 2482 1008 meam
2508 952 2752 1008 excedat.
2772 948 2917 1008 Nam
2936 954 3146 1010 radium
3169 971 3384 1027 quoque
3409 958 3643 1014 suist-em

2041 1053 2147 1094 non
2178 1055 2466 1110 possumus
2491 1052 2678 1113 aperte
2713 1058 3044 1115 cognoscere
3075 1063 3089 1100 :
3121 1055 3177 1101 et
3207 1055 3386 1101 tamen
3421 1061 3646 1120 propter

2041 1127 2146 1186 hoc
2165 1130 2338 1200 ipsum
2364 1147 2488 1187 eum
2514 1134 2747 1189 maxime
2770 1135 3100 1190 admiramur
3124 1153 3138 1190 :
3167 1137 3238 1190 ita
3268 1139 3434 1192 etiam
3457 1138 3525 1196 de
3551 1141 3644 1195 Dei

2039 1224 2392 1293 cognitione:
2449 1238 2625 1296 neque
2671 1241 2796 1281 eum
2847 1228 3068 1282 omnino
3112 1228 3467 1299 ignoramus;
3514 1244 3645 1287 eum

2037 1313 2181 1369 enim
2209 1328 2332 1370 esse
2353 1316 2574 1384 scimus,
2603 1324 2658 1372 et
2685 1331 2807 1374 esse
2827 1318 3139 1389 benignum,
3167 1320 3507 1387 clementem,
3541 1323 3640 1377 bo-

2037 1418 2167 1458 num
2185 1445 2200 1471 ,
2229 1404 2638 1462 misericordem
2663 1449 2679 1475 ,
2705 1416 2764 1462 et
2787 1422 2911 1464 esse
2939 1409 3138 1480 ubique
3169 1425 3184 1464 :
3209 1411 3338 1482 quid
3363 1413 3434 1467 sit
3459 1423 3642 1468 autem

2034 1495 2331 1551 substantia
2357 1537 2373 1563 ,
2402 1496 2488 1552 vel
2517 1507 2716 1568 quanta
2743 1499 2853 1554 sin:
2881 1515 3002 1570 quae
3027 1500 3169 1556 dicta
3199 1511 3357 1569 sunt,
3388 1504 3470 1558 vel
3501 1517 3636 1573 quo-

2034 1586 2196 1642 modo
2225 1587 2298 1642 sit
2321 1586 2519 1658 ubique
2541 1628 2560 1659 ,
2605 1587 2711 1645 hoc
2749 1590 3085 1661 ignoramus.
3127 1591 3418 1664 Postquam
3460 1595 3638 1666 itaque

2033 1678 2174 1734 dixit
2198 1679 2520 1749 quibusnam
2551 1695 2616 1736 ex
2645 1681 2810 1738 rebus
2835 1683 3100 1739 mirabilis
3124 1682 3266 1740 facta
3289 1692 3374 1741 est
3406 1686 3638 1741 scientia

2031 1779 2140 1839 tua,
2171 1779 2228 1827 et
2252 1771 2566 1843 praedicavit
2585 1774 2704 1844 ejus
2726 1775 3072 1846 praesciendi,
3098 1776 3340 1843 creandi,
3371 1785 3427 1833 et
3454 1779 3641 1850 provi-

2028 1864 2190 1921 dendi
2219 1865 2530 1924 facultatem
2547 1910 2563 1934 ,
2595 1868 3082 1940 substantiamque,
3112 1885 3236 1940 quae
3262 1885 3364 1926 nec
3387 1885 3641 1942 compre-

2029 1955 2192 2012 hendi
2213 1998 2228 2023 ,
2269 1972 2371 2014 nec
2397 1959 2654 2031 explicari
2691 1968 2912 2031 potest:
2941 1962 3102 2018 aliam
3136 1977 3324 2019 rursus
3349 1961 3516 2019 refert
3542 1978 3641 2034 po-

2029 2056 2278 2105 testatem
2300 2090 2315 2114 ,
2343 2065 2465 2121 qua
2507 2052 2622 2122 ipsa
2647 2065 2862 2124 quoque
2897 2067 3092 2125 magna
3115 2053 3455 2111 dubitatione
3480 2055 3638 2125 plena

2025 2149 2132 2207 est,
2159 2141 2204 2196 si
2236 2141 2448 2198 ratione
2473 2154 2765 2214 quaeratur.
2794 2142 2930 2201 Nam
2962 2145 3079 2215 ipsa
3109 2146 3497 2217 comprehendi
3526 2161 3635 2203 non

2027 2243 2220 2302 potest.
2257 2235 2517 2304 Quaenam
2543 2251 2675 2308 ergo
2698 2250 2761 2294 ea
2785 2238 2912 2294 est?
2939 2237 3144 2295 Etenim
3179 2239 3306 2295 illuc
3338 2258 3520 2298 manus
3549 2223 3652 2297 tua,

2024 2324 2238 2380 deducet
2262 2343 2344 2382 me
2366 2370 2380 2394 ,
2411 2337 2458 2382 et
2493 2327 2678 2384 tenebit
2706 2345 2787 2385 me
2810 2330 3022 2385 dextera
3040 2340 3150 2386 tua.
3179 2331 3292 2388 Hoc
3319 2343 3403 2388 est
3427 2376 3443 2401 ,
3474 2333 3636 2390 Potes

2023 2416 2241 2474 efficere
2264 2427 2322 2474 ut
2349 2419 2598 2476 homines
2622 2421 2716 2492 qui
2743 2422 2798 2478 in
2822 2437 3019 2495 magna
3048 2432 3103 2480 et
3127 2426 3309 2496 gravia
3339 2427 3477 2480 mala
3505 2427 3636 2482 inci-

2020 2507 2241 2574 derint,
2283 2509 2536 2580 gravibus
2580 2511 2690 2568 illis
2730 2512 2893 2568 malis
2925 2513 3154 2571 minime
3193 2514 3554 2586 iilaqueentur
3579 2526 3636 2574 et

2022 2599 2392 2670 implicentur.

2091 2689 2148 2746 3.
2173 2690 2286 2746 Hoc
2302 2693 2481 2763 itaque
2504 2693 2890 2766 interpretans,
2917 2695 3195 2766 subjunxit
3226 2714 3242 2752 :
3274 2697 3362 2752 11.
3392 2695 3465 2752 Ει
3490 2698 3625 2765 dixi,

2022 2779 2270 2839 Forsitan
2292 2784 2512 2840 tenebrae
2527 2787 2902 2842 conculcabunt
2923 2802 3024 2855 me,
3050 2796 3097 2840 et
3117 2803 3222 2842 nos
3248 2786 3558 2845 illuminatio
3579 2790 3634 2845 in

2019 2874 2213 2930 deliciis
2234 2878 2378 2947 meis.
2407 2878 2495 2934 l2.
2530 2879 2665 2945 Quia
2689 2881 2910 2936 tenebrw
2936 2896 3038 2934 non
3066 2879 3476 2936 obscurabuntur
3503 2899 3535 2936 a
3559 2893 3630 2949 te,

2019 2974 2066 3019 et
2094 2981 2198 3020 nos:
2235 2968 2367 3022 sicut
2397 2969 2504 3023 dies
2541 2969 2935 3025 illuminabitur.
2967 2969 3117 3026 Sicut
3146 2972 3366 3026 tenebris
3384 2974 3494 3043 ejus
3515 3017 3529 3038 ,
3552 2975 3627 3028 ita

2018 3067 2065 3113 et
2085 3060 2254 3116 lumen
2273 3062 2405 3130 ejus.
2437 3061 2728 3133 Postquam
2755 3063 2888 3119 dixit
2927 3065 3177 3136 superius
3222 3080 3317 3134 ea,
3349 3083 3470 3134 quae
3499 3084 3634 3123 enu-

2017 3154 2243 3217 meravi,
2261 3160 2316 3209 et
2334 3169 2433 3208 una
2452 3169 2573 3209 cum
2596 3156 2724 3221 illis,
2739 3170 2864 3212 eum
2878 3164 2984 3214 non
3003 3155 3177 3211 solum
3197 3157 3390 3212 adesse
3409 3157 3626 3228 ubique,

2015 3243 2110 3298 sed
2137 3244 2299 3299 etiam
2326 3244 2593 3302 deducere
2612 3286 2628 3313 ,
2664 3245 2957 3303 defendere
2997 3257 3054 3304 et
3082 3247 3294 3304 munire
3321 3265 3334 3312 ;
3359 3249 3631 3321 subiungit

2016 3334 2271 3405 deinceps
2291 3376 2304 3400 ,
2329 3335 2383 3390 in
2413 3351 2480 3392 eo
2509 3351 2724 3408 quoque
2750 3337 3045 3395 ostendens
3084 3337 3219 3410 quid
3265 3338 3582 3394 admirabile
3603 3381 3624 3408 ,

2017 3440 2122 3480 non
2160 3427 2334 3482 solum
2374 3428 2520 3498 quod
2550 3429 2831 3485 muniatet
2861 3439 3140 3501 protegat,
3169 3430 3264 3487 sed
3291 3433 3451 3486 etiam
3483 3432 3628 3502 quod

2015 3531 2175 3588 supra
2195 3534 2374 3574 rerum
2403 3529 2669 3576 naturam.
2691 3521 2828 3577 Cum
2859 3521 3002 3578 enim
3028 3521 3253 3578 dixisset
3278 3565 3293 3590 ,
3317 3520 3527 3578 Tenebit
3548 3540 3632 3580 nte

2015 3610 2221 3690 dextera
2241 3621 2328 3666 tua
2347 3654 2360 3677 ,
2385 3623 2474 3679 et,
2505 3613 2732 3669 Deducat
2774 3631 2884 3680 me,
2921 3616 3200 3686 subjunxit
3229 3613 3306 3690 (a)
3330 3633 3345 3670 :
3384 3615 3447 3670 Et
3476 3615 3586 3671 dixi
3606 3657 3624 3682 ,

2013 3673 2261 3758 Torsitan
2297 3705 2516 3759 tenebrw
2553 3706 2926 3761 conculcabunt
2967 3673 3068 3760 me.
3101 3673 3301 3774 Alius,
3330 3708 3393 3763 Si
3413 3707 3626 3777 dixero,

2013 3792 2263 3849 Forsitan
2293 3798 2509 3852 tenebris
2535 3805 2702 3869 tegent
2723 3814 2820 3851 me.
2844 3798 3015 3865 Alius,
3048 3798 3293 3870 Operient
3319 3817 3418 3856 me.

2089 3887 2328 3943 Tenebras
2353 3889 2583 3960 afﬂictio;
2613 3905 2716 3944 non:
2739 3890 3092 3956 calamitates;
3122 3892 3483 3947 elementorum
3504 3908 3628 3962 ope~

2013 3982 2148 4034 ratio
2198 3980 2253 4034 in
2279 3982 2599 4034 contrarium
2644 3997 2676 4034 a
2706 3979 2816 4035 Deo
2837 4023 2853 4048 ,
2897 3997 3013 4035 cum
3040 3981 3149 4035 uult
3168 4023 3183 4048 ,
3214 3983 3520 4037 traducitur.
3553 4013 3626 4027 —-

2014 4073 2275 4130 Tenebrae
2307 4074 2393 4129 hic
2421 4073 2724 4145 significant
2754 4073 3124 4130 afﬂictionem.
3148 4075 3302 4144 Quod
3331 4087 3511 4130 autem
3541 4076 3627 4132 ἀί-

2013 4167 2106 4231 cit,
2137 4175 2222 4222 est
2239 4166 2505 4237 ejusmodi
2540 4183 2555 4221 :
2586 4153 2984 4222 Circumsessus
3013 4181 3132 4223 sum
3162 4182 3194 4221 a
3225 4169 3401 4231 malis,
3424 4176 3480 4224 et
3502 4167 3618 4225 dixi

2012 4258 2144 4313 mihi
2174 4259 2305 4329 ipsi,
2333 4259 2680 4329 Superabunt
2705 4275 2793 4315 me
2833 4257 2996 4315 mala.
3045 4259 3158 4315 iloc
3183 4261 3326 4315 enim
3378 4261 3480 4316 sibi
3509 4262 3624 4317 vult

2015 4351 2164 4417 illud,
2201 4351 2443 4406 Tenebrae
2464 4370 2544 4407 me
2564 4352 2952 4407 conculcabunt.
2988 4353 3156 4418 Alius,
3194 4351 3435 4408 Tenebrae
3455 4362 3621 4426 tegent

2013 4459 2111 4497 me.
2147 4442 2213 4497 Et
2238 4459 2342 4498 nox
2362 4445 2673 4498 illuminatio
2692 4445 2746 4498 in
2775 4444 2971 4498 deliciis
2995 4445 3140 4499 meis.
3172 4444 3355 4512 Alius,
3387 4444 3511 4502 Nox
3537 4447 3624 4502 lu-

2014 4536 2132 4590 cida
2170 4537 2307 4590 circa
2348 4552 2446 4591 me.
2477 4536 2617 4605 Quid
2649 4537 2751 4592 hoc
2771 4537 2892 4591 est?
2919 4537 3033 4607 Ego
3078 4536 3192 4591 haec
3221 4537 3438 4605 quidem
3466 4537 3576 4593 dixi
3599 4579 3622 4608 ,

2014 4629 2216 4695 innuit,
2261 4644 2330 4684 ex
2379 4644 2556 4684 rerum
2611 4637 2800 4684 natura
2845 4639 3143 4700 reputans:
3173 4641 3396 4699 repente
3441 4642 3623 4688 autem

2015 4722 2156 4775 mala
2200 4729 2402 4776 mutata
2429 4730 2555 4777 sunt
2585 4721 2636 4775 in
2665 4721 2804 4775 bona
2836 4738 2850 4777 :
2885 4721 2995 4775 imo
3027 4735 3155 4776 vero
3193 4722 3336 4777 mala
3365 4737 3470 4777 non
3499 4739 3622 4776 mu-

2017 4821 2126 4868 tata
2179 4824 2303 4868 sunt
2353 4814 2406 4868 in
2456 4815 2594 4869 bona
2621 4855 2636 4880 ,
2665 4813 2760 4868 sed
2804 4815 2961 4870 malis
3003 4815 3342 4868 manentibus
3371 4830 3622 4886 magnam

2015 4909 2158 4961 sensi
2181 4906 2586 4977 benignitatem.
2611 4907 2727 4961 Non
2758 4907 2893 4960 dixit
2918 4908 3083 4974 enim,
3125 4907 3239 4962 Nox
3270 4907 3448 4964 deleta
3492 4920 3574 4963 est
3604 4950 3621 4974 ,

2014 5000 2132 5065 sed,
2166 4999 2289 5054 Nox
2304 5001 2402 5068 fuit
2427 5001 2619 5063 lucida;
2652 4999 2756 5054 hoc
2785 5009 2888 5066 est,
2923 5000 3037 5054 Nox
3065 5015 3291 5055 manens
3318 5017 3445 5067 nox,
3481 5001 3619 5056 mala

2014 5093 2243 5157 scilicet,
2265 5101 2320 5147 et
2345 5093 2677 5149 calamitates
2704 5093 2790 5164 (ea
2819 5096 2962 5148 enim
2996 5097 3172 5149 noctis
3195 5097 3413 5150 nomine
3447 5097 3608 5166 signi-

2016 5186 2162 5257 ficat)
2202 5204 2307 5242 non
2343 5195 2631 5256 potuerunt
2679 5203 2768 5243 me
2797 5189 3120 5244 conculcare
3142 5230 3155 5253 ,
3189 5188 3284 5243 sed
3327 5188 3532 5243 fuitlux
3564 5188 3618 5242 in

2015 5292 2193 5347 nocte,
2229 5282 2332 5338 hoc
2373 5291 2475 5346 est,
2507 5284 2610 5337 mei
2638 5283 2840 5337 exstitit
2867 5283 3129 5339 defensio.
3159 5283 3444 5337 Contraria
3473 5283 3620 5336 enim

2015 5375 2066 5429 in
2099 5375 2383 5431 contrariis
2402 5384 2456 5429 et
2487 5374 2621 5430 fiunt
2645 5384 2700 5430 et
2743 5383 3033 5446 apparent,
3066 5374 3285 5446 quando
3313 5376 3425 5429 vult
3454 5377 3615 5430 Deus.

2018 5469 2211 5523 Annon
2244 5469 2422 5523 vidisti
2449 5478 2506 5524 et
2534 5469 2806 5525 fornacem
2845 5471 3160 5534 ardentem,
3193 5478 3248 5524 et
3273 5485 3452 5525 rorem
3487 5469 3620 5524 sibi-

2077 5581 2150 5644 (a)
2182 5587 2295 5644 Hmc
2315 5584 2494 5644 omnia,
2521 5591 2640 5631 Cum
2668 5581 2797 5632 enim
2820 5581 3107 5633 dixisset...
3132 5581 3401 5643 subjurm't,
3417 5583 3630 5631 deerant

2012 5644 2060 5692 in
2086 5642 2250 5692 sterel.
2285 5651 2337 5691 et
2359 5642 2520 5699 Savil.,
2553 5644 2640 5694 sed
2680 5651 2797 5693 sunt
2837 5647 2887 5693 in
2922 5645 3028 5693 altis
3062 5642 3448 5705 exemplaribus.
3497 5653 3620 5693 Prior

2013 5705 2162 5754 lectio
2205 5718 2454 5770 sequens._
2483 5705 2526 5756 si
2571 5704 2746 5756 dixero
2772 5741 2786 5762 ,
2836 5713 2956 5764 ειη,
2994 5713 3072 5770 est
3109 5704 3249 5769 juxta
3273 5708 3624 5770 Symmachum,

2011 5770 2148 5879 iacnt!
2165 5763 2312 5834 etiam
2335 5763 2414 5815 illa
2442 5767 2788 5831 interpretatio
2812 5781 2925 5831 qua:
2945 5763 3095 5832 paulo
3249 5763 3494 5833 sequitur,
3521 5763 3625 5820 boat

2039 5841 2110 5877 uc:
2153 5845 2180 5878 a
2202 5842 2331 5878 σιτία
2365 5841 2458 5878 me.

2039 5833 2180 5879 αι’.ἀο
2202 5833 2331 5878 circa
2365 5841 2458 5878 me.
