4056 6472
430 367 538 426 H5

426 479 648 545 lentem,
667 487 718 533 et
747 487 916 545 neque
945 471 1084 526 illam
1110 463 1392 534 exstingui,
1419 475 1518 516 nec
1545 457 1685 513 hunc
1713 449 1994 545 exsiccari,

431 583 488 628 et
506 541 817 639 grandinem
832 541 998 616 simul
1023 567 1076 613 et
1099 552 1393 612 ﬂammam?
1421 548 1698 639 Undenam
1721 559 1850 614 ergo
1871 583 1888 606 ,
1913 541 2000 639 die

433 634 599 723 mihi,
625 655 728 710 hoc
756 651 955 707 factum
980 654 1064 703 est
1081 648 1104 699 ?
1122 640 1397 713 Quomodo
1438 647 1614 694 autem
1642 634 1839 689 factum
1884 637 1998 695 est,

436 749 562 804 volo
581 749 738 802 scire.
766 743 877 798 lmo
914 753 1042 794 vero
1070 751 1170 792 nec
1185 735 1305 789 volo
1331 732 1541 802 quidem
1568 729 1707 782 scire
1745 723 1998 779 modum:

435 853 608 908 nequo
629 837 773 892 enim
812 840 989 903 potest
1016 829 1166 884 ﬁeri:
1196 825 1288 882 sed
1319 823 1514 878 factum
1540 819 1720 882 credo;
1754 831 1876 872 eum
1901 828 2000 868 au-

435 938 542 984 tem
561 927 648 999 qui
675 926 798 982 fecit
820 924 985 982 adoro
1010 939 1026 975 :
1060 920 1291 977 Plurima
1320 917 1452 971 enim
1477 915 1587 982 eius
1624 915 1760 984 facta
1780 917 1893 999 sunt
1911 923 2002 962 oc-

435 997 643 1072 cultavet
663 1031 850 1069 arcana
885 1011 1066 1083 (Eccli.
1100 1008 1188 1064 ιο.
1215 1007 1334 1074 ea).
1359 1005 1475 1060 Non
1505 1002 1680 1058 vidisti
1719 997 1860 1069 quod
1879 1010 2002 1052 cum

385 1105 391 1109 ’
435 1107 553 1164 dies
575 1115 740 1172 esset,
768 1101 984 1173 perinde
1007 1109 1167 1170 atque
1191 1101 1246 1156 in
1275 1097 1510 1153 tenebris
1534 1091 1816 1164 palpabant
1834 1089 2003 1159 Egy-

440 1198 574 1267 ptii:
612 1205 664 1251 et
693 1208 814 1250 cum
858 1193 1036 1248 omnia
1084 1195 1407 1258 occuparent
1453 1183 1723 1248 tenebras,
1755 1179 2006 1235 videbant

440 1285 690 1342 Israelita;
715 1302 729 1337 :
758 1293 952 1338 etcum
980 1288 1164 1337 essent
1188 1293 1373 1334 rursus
1395 1276 1448 1330 in
1478 1273 1734 1345 principio
1757 1271 2006 1328 tenebra-

440 1374 722 1443 rum,-lux
747 1373 827 1429 eis
866 1372 1042 1428 illuxit
1089 1372 1142 1425 in
1171 1367 1387 1425 medio?
1421 1366 1633 1421 Naturae
1653 1364 1796 1419 enim
1825 1374 2005 1417 rerum

438 1479 653 1533 semper
669 1473 753 1519 est
771 1461 1025 1517 Dominus
1041 1499 1057 1526 ,
1086 1460 1176 1530 qui
1204 1457 1330 1514 fecit
1357 1466 1594 1511 naturam
1617 1495 1634 1520 ,
1665 1467 1772 1509 non
1799 1462 1858 1509 ut
1885 1465 2009 1521 pro-

439 1551 598 1608 ducat
619 1566 740 1622 qua:
767 1566 873 1606 non
896 1557 1041 1614 sunt,
1070 1548 1163 1604 sed
1192 1554 1249 1602 ut
1273 1545 1540 1602 manentia
1563 1544 1616 1599 in
1642 1550 1831 1597 natura
1855 1540 2010 1595 aliter

441 1655 700 1714 apparere
737 1637 956 1696 efﬁciat.
989 1636 1122 1705 Quia
1148 1634 1362 1690 tenebras
1387 1649 1488 1689 non
1532 1631 1931 1688 obscurabuntur
1975 1644 2008 1682 a

445 1740 515 1788 te.
542 1729 714 1796 Alius,
735 1729 884 1798 Apud
912 1737 977 1782 te.
1017 1725 1086 1780 Et
1111 1741 1212 1780 nos:
1235 1725 1363 1779 sicut
1384 1724 1490 1778 dies
1515 1720 1882 1776 illuminabitur
1905 1717 2005 1790 (a).

443 1821 616 1889 Alius,
653 1819 758 1874 Sed
782 1828 830 1874 et
858 1834 961 1874 una:
983 1827 1038 1872 ut
1064 1817 1168 1871 dies
1184 1814 1460 1886 apparebit.
1479 1813 1625 1869 Sicut
1640 1811 1852 1867 tenebris
1878 1811 2009 1880 ejus,

441 1911 515 1969 ita
538 1920 587 1965 et
607 1909 697 1964 ius;
723 1909 852 1977 ejus.
888 1907 1071 1974 Alius,
1101 1905 1305 1961 Similes
1324 1914 1438 1959 sunt
1463 1902 1673 1957 teneer
1694 1910 1740 1956 et
1764 1900 1854 1956 tua:
1879 1900 2011 1970 ejus.

443 1998 609 2055 Recte
657 1998 810 2063 dixit,
837 1997 880 2050 Α
910 2006 991 2062 te,
1017 1995 1120 2050 hoc
1147 2006 1268 2061 est,
1294 1992 1445 2063 Apud
1477 2001 1565 2058 te;
1607 1989 1929 2061 significans,
1964 1988 2010 2043 si

444 2088 696 2156 volueris,
719 2087 952 2143 tenebrae
990 2101 1098 2141 non
1126 2096 1281 2141 erunt
1311 2084 1541 2139 tenebrae
1568 2122 1584 2148 ,
1610 2081 1704 2136 sed
1733 2095 1852 2151 qute
1879 2078 2011 2133 lucis

446 2188 588 2245 sunt,
620 2180 919 2234 ostendent.
947 2177 1012 2235 Et
1046 2178 1165 2233 ideo
1200 2177 1505 2246 subjunxit,
1529 2173 1651 2228 Nox
1669 2177 1797 2227 sicut
1819 2172 1925 2225 dies
1948 2171 2013 2224 il-

445 2269 790 2334 luminabitur,
817 2268 1047 2325 reddens
1071 2267 1213 2338 quod
1249 2266 1503 2337 prmeedit
1530 2265 1762 2336 apertius
1781 2304 1798 2331 ,
1830 2270 1884 2316 et
1911 2261 2013 2316 hoc

444 2359 641 2416 indicat
671 2377 685 2412 :
710 2358 840 2428 Quae
863 2367 990 2426 _sunt
1017 2357 1156 2424 diei,
1183 2373 1286 2412 nox
1312 2357 1594 2422 ostendet,
1625 2370 1730 2410 non
1751 2368 1908 2408 secus
1935 2360 2015 2407 at-

443 2467 549 2523 que
571 2467 633 2507 ea
661 2466 779 2522 quae
803 2459 928 2506 sunt
951 2451 1070 2518 ejus
1097 2451 1330 2524 propria.
1356 2448 1575 2517 Quando
1602 2449 1744 2504 enim
1775 2447 1914 2501 Deus
1928 2459 2013 2499 vo-

446 2543 638 2607 luerit,
679 2542 916 2610 operatio
951 2541 1332 2595 elementorum
1359 2540 1579 2594 vertitur
1615 2539 1667 2593 in
1707 2536 2008 2601 contraria,

444 2647 596 2706 atque
624 2631 779 2686 facile
799 2639 957 2705 atque
993 2631 1048 2686 in
1074 2630 1286 2700 propria
1311 2630 1411 2686 sibi
1451 2629 1601 2684 initio
1626 2630 1841 2683 tributa.
1868 2627 1925 2682 Si
1957 2635 2012 2680 tu

443 2722 587 2778 enim
612 2722 870 2787 volueris,
899 2722 971 2777 ita
998 2722 1099 2776 erit
1123 2736 1249 2788 nox,
1280 2729 1334 2776 et
1358 2722 1428 2776 ita
1472 2721 1687 2776 habebit
1708 2719 2012 2775 lucemsibi

444 2813 746 2867 attributam
771 2853 787 2876 ,
812 2821 871 2866 ut
892 2811 1158 2867 tenebras.
1187 2811 1445 2878 Quocirca
1471 2811 1574 2866 hoc
1605 2826 1818 2880 quoque
1844 2809 2011 2879 signi-

448 2901 612 2957 ﬁcans
639 2942 654 2966 ,
687 2901 959 2971 subjunxit
989 2919 1003 2956 :
1031 2901 1174 2956 Sicut
1216 2902 1427 2956 tenebrw
1471 2902 1578 2972 ejus
1600 2941 1617 2967 ,
1646 2897 1718 2954 ita
1757 2911 1804 2954 et
1849 2901 2015 2954 lumen

447 2994 576 3062 ejus.
610 2990 731 3045 Haec
767 2991 835 3045 de
863 2991 1142 3045 elementis
1167 2990 1380 3059 quidem
1421 2991 1634 3061 pr0prie
1671 2990 1809 3045 dicta
1852 2997 2012 3055 sunt,

450 3081 814 3150 metaphorice
842 3092 1018 3134 autem
1044 3082 1201 3135 etiam
1225 3079 1293 3135 de
1316 3081 1493 3135 rebus.
1527 3081 1606 3135 Ex
1629 3080 1820 3151 quibus
1843 3087 2017 3134 osten-

447 3159 595 3226 ditur
617 3185 770 3241 posse
802 3170 970 3224 Deum
998 3177 1195 3225 tantam
1223 3168 1414 3224 aﬂ'erre
1451 3162 1688 3239 req'uiem
1713 3183 1775 3223 ac
1800 3183 2013 3223 recrea-

450 3264 650 3316 tionem
675 3264 739 3316 iis
762 3263 850 3330 qui
882 3261 933 3315 in
976 3260 1291 3315 afﬂictiones
1330 3260 1597 3326 incidunt,
1641 3269 1891 3329 quantam
1918 3260 2016 3313 ha-

453 3353 578 3406 bent
607 3353 641 3405 ii
671 3352 756 3420 qui
780 3360 996 3404 utuntur
1014 3350 1175 3404 rebus
1202 3349 1469 3415 secundis,
1500 3359 1682 3419 utpote
1711 3351 1801 3418 qui
1833 3364 2016 3404 curam

453 3451 600 3512 gerat
629 3440 949 3496 afllictionis.
986 3439 1095 3495 Hoc
1116 3449 1196 3494 est
1223 3441 1369 3495 enim
1392 3440 1702 3496 incredibile
1721 3480 1735 3503 ,
1765 3448 1820 3496 et
1849 3441 2018 3510 majus

453 3528 718 3598 opinione,
749 3530 888 3598 quod
930 3528 1093 3584 etiam
1122 3529 1171 3582 in
1195 3528 1389 3597 Joseph
1425 3528 1635 3584 accidit.
1660 3528 1840 3599 Neque
1877 3531 2021 3584 enim

454 3630 562 3676 tam
608 3621 729 3676 felix
771 3620 957 3676 fuisset
995 3620 1112 3691 ejus
1159 3635 1474 3688 successus,
1507 3637 1604 3678 nec
1632 3630 1834 3676 tantum
1878 3629 2022 3677 esset

457 3713 712 3769 honorem
756 3723 1112 3783 consequutus
1165 3715 1217 3768 in
1267 3723 1484 3783 paterna
1529 3714 1690 3768 domo
1740 3714 2018 3781 habitans,

453 3811 709 3874 quantum
738 3804 1084 3859 venumdatus
1103 3847 1118 3871 ,
1148 3816 1202 3859 et
1227 3804 1278 3858 in
1310 3804 1468 3858 domo
1495 3804 1770 3860 barbarica
1820 3806 2018 3861 educa-

456 3902 561 3948 tus.
591 3894 691 3948 Per
719 3895 860 3962 ipsos
882 3894 1026 3948 enim
1056 3893 1388 3950 insidiatores
1418 3896 1465 3950 ei
1481 3896 1875 3950 contexehatur
1903 3897 2020 3950 dia-

457 3987 632 4054 dema,
658 3994 711 4040 et
737 3984 1139 4055 comparabatur
1163 4001 1412 4058 purpura,
1443 3996 1494 4042 et
1524 3987 1591 4040 ab
1619 3986 1846 4041 infamia:
1867 4003 2021 4042 occa-

457 4078 610 4131 sione
633 4077 848 4132 honoris
873 4085 930 4131 et
952 4078 1098 4148 regni
1122 4078 1169 4132 ei
1195 4093 1364 4133 causa.
1383 4078 1662 4149 processit.
1690 4077 1878 4133 Vidisti
1901 4093 2027 4148 quo-

458 4169 616 4223 modo
640 4169 968 4238 interpretati
1008 4184 1189 4224 sumus
1211 4170 1337 4226 illud
1355 4212 1370 4236 ,
1405 4170 1527 4226 Nos:
1550 4172 1674 4226 sicut
1702 4173 1807 4227 dies
1834 4172 2025 4249 illumi-

459 4265 683 4318 nabitur?
704 4265 783 4319 Ad
814 4265 912 4320 hoc
933 4273 1139 4331 autem,
1165 4265 1310 4320 Sicut
1335 4265 1546 4319 tenebras
1571 4267 1679 4336 ejus
1701 4306 1717 4332 ,
1741 4266 1814 4319 ita
1854 4267 2024 4321 lumen

458 4357 587 4426 ejus,
622 4356 671 4411 id
700 4357 870 4425 ipsum
883 4355 1058 4412 dicere
1081 4372 1301 4413 necesse
1320 4366 1400 4413 est
1426 4376 1439 4412 :
1464 4357 1601 4413 sicut
1619 4358 1743 4425 illae,
1762 4359 1839 4413 sic
1865 4359 2026 4414 etiam

461 4446 564 4502 hoc
584 4447 705 4515 erit,
733 4463 839 4502 non
863 4449 1038 4518 specie
1058 4456 1284 4515 tantum,
1307 4449 1400 4504 sed
1422 4449 1648 4504 Domino
1669 4459 1763 4504 tuo
1787 4458 2025 4506 mutante

459 4551 640 4593 rerum
665 4546 894 4592 naturas.
926 4538 1012 4593 l3.
1039 4537 1170 4606 Quia
1195 4547 1248 4592 tu
1287 4539 1548 4610 possedisti
1567 4555 1709 4594 renes
1733 4555 1890 4603 meos,
1916 4538 2027 4594 Do-

458 4627 592 4680 mine
614 4644 633 4681 :
660 4628 918 4697 suscepisti
941 4645 1019 4682 me
1060 4629 1122 4682 de
1146 4639 1285 4684 utero
1310 4631 1485 4685 matris
1512 4647 1656 4686 mete.
1689 4630 1756 4687 Et
1779 4647 2025 4704 quaenam

457 4725 542 4783 est
569 4717 684 4772 haec
701 4719 1079 4789 consequentia
1098 4734 1220 4775 cum
1247 4721 1327 4776 eis
1346 4736 1464 4794 quae
1481 4721 1624 4778 dicta
1648 4725 1807 4778 sunt?
1836 4722 2024 4794 Magna

459 4807 673 4878 quidem
696 4818 872 4876 certe,
896 4818 950 4866 et
975 4825 1092 4880 qua;
1121 4810 1275 4867 valde
1311 4813 1564 4869 cohaeret.
1597 4813 1856 4880 Quoniam
1877 4813 2024 4870 enim

457 4896 592 4953 dixit
619 4897 688 4954 de
716 4907 859 4955 tanta
883 4900 998 4969 ejus
1042 4903 1272 4972 potentia
1292 4943 1309 4970 ,
1351 4903 1587 4959 ostendit
1625 4905 1875 4975 deinceps
1900 4920 2025 4964 eum

459 4989 537 5043 uti
579 4988 678 5044 hac
725 4999 984 5060 potestate
1026 4991 1096 5047 ad
1146 4992 1426 5048 utilitatem
1466 5002 1522 5049 et
1562 4994 1877 5052 beneﬁcium
1919 4995 2024 5050 ho-

457 5081 684 5136 minam.

529 5171 798 5229 Possessor
819 5174 892 5229 rei
917 5191 1158 5245 possessa
1191 5193 1368 5232 curam
1393 5178 1534 5249 gerit.
1557 5207 1628 5220 —-
1649 5177 1724 5235 Ne
1745 5179 1863 5250 quis
1881 5178 2024 5236 enim

458 5265 714 5336 insipiens
741 5266 972 5335 diceret,
1003 5269 1069 5324 Et
1089 5270 1214 5340 quid
1242 5270 1357 5326 hac
1375 5271 1442 5326 ad
1461 5286 1577 5337 me,
1604 5273 1650 5328 si
1672 5281 1756 5328 est
1777 5287 2021 5344 magnus,

455 5363 511 5410 et
533 5365 720 5427 potens
738 5397 753 5421 ,
780 5366 835 5414 et
861 5361 1170 5430 praesciendi
1201 5362 1450 5419 facultate
1491 5363 1778 5433 praeditus?
1803 5363 2025 5419 ostende

457 5445 503 5498 si
532 5445 657 5515 quid
683 5462 747 5503 ex
768 5461 834 5502 eo
857 5448 990 5503 lucri
1016 5448 1268 5505 faciamus
1295 5471 1309 5506 :
1332 5452 1622 5522 subjunxit,
1647 5453 1726 5508 Tu
1753 5453 2020 5524 possedisti

459 5549 600 5590 renes
625 5553 778 5603 meos,
809 5553 839 5593 a
869 5547 1016 5610 parte
1034 5541 1217 5598 dicens
1238 5551 1407 5600 totum
1452 5545 1744 5605 hominem.
1791 5547 1910 5603 Non
1940 5556 2025 5604 est

518 5713 593 5792 (ρ)
627 5717 735 5762 Hac
751 5715 1082 5779 interpretatio
1095 5718 1232 5782 juxta
1253 5733 1400 5785 quem
1420 5722 1484 5774 sit
1511 5721 1777 5785 ignoratur.

1121 352 1182 410 s.
1219 345 1497 408 JOANNIS
1533 321 2010 403 casrsosr‘out
2045 328 2359 390 ARCHIEP.
2397 321 2933 386 consummes.

3570 313 3682 376 ιιι

2105 453 2284 504 autem
2328 442 2429 499 hoc
2456 455 2675 512 parvum
2717 437 2785 498 ad
2812 443 3018 508 partem
3055 429 3244 492 laudis.
3275 429 3630 502 providentia
3651 467 3682 498 ι

2103 548 2222 592 esse
2251 534 2347 590 Dei
2374 530 2781 602 possessionem.
2805 527 2902 594 Qui
2924 524 3065 582 enim
3090 521 3349 595 possidet,
3378 535 3680 593 eus-autge-

2103 627 2174 679 rit
2189 634 2246 680 et
2271 623 2530 695 providet.
2552 620 2808 689 Quocirca
2830 619 2933 673 hoc
2957 630 3168 688 quoque
3203 614 3511 686 signiﬁcans
3529 653 3554 683 ,
3575 613 3684 670 ιὰ-

2098 715 2218 785 jicit
2252 715 2504 783 deinceps
2546 711 2686 781 quod
2729 708 2989 782 sequitur,
3013 707 3291 779 Suscepisti
3323 725 3403 764 me
3442 707 3508 763 de
3534 717 3683 762 um

2104 806 2281 859 matris
2329 818 2469 858 mea.
2502 802 2614 856 lloc
2653 809 2774 867 est,
2805 800 3067 870 Perpetuo
3111 814 3198 855 me
3240 800 3518 866 muniisti,
3544 797 3675 856 nihl

2105 895 2400 967 providisti,
2423 894 2527 949 mei
2551 908 2734 949 curam
2752 893 2960 962 gessisti
2986 933 3001 957 ,
3028 907 3091 947 ac
3119 901 3288 948 tutum
3308 891 3588 947 reddidisti
3611 891 3679 951 ab

2107 991 2324 1045 ineunte
2349 996 2534 1052 aetate,
2565 987 2634 1040 ab
2662 985 2790 1055 ipsis
2819 983 3022 1046 fasciis,
3045 993 3100 1038 et
3125 999 3244 1053 quae
3273 983 3415 1049 dixi,
3444 984 3682 1042 docuisti

2106 1078 2267 1134 rebus
2291 1078 2439 1148 ipsis.
2473 1077 2558 1131 M.
2586 1074 2872 1144 Conﬁtebor
2901 1074 2988 1127 tibi
3014 1074 3132 1144 quia
3160 1075 3445 1128 terribiliter
3473 1079 3678 1147 magu-

2108 1169 2285 1238 ﬁcatus
2309 1185 2361 1223 es
2387 1181 2406 1221 :
2427 1166 2676 1225 mirabilia
2702 1181 2855 1230 opera
2885 1174 2970 1218 tua
2993 1206 3008 1232 ,
3031 1173 3076 1218 et
3098 1165 3267 1218 anima
3285 1182 3396 1220 mea
3423 1169 3686 1238 cognoscit

2106 1261 2276 1314 nimis.
2308 1258 2442 1327 Quid
2475 1257 2576 1312 hoc
2599 1257 2706 1312 est?
2733 1255 2960 1311 Finxisti
3001 1271 3086 1312 me
3107 1296 3123 1321 ,
3147 1258 3346 1324 inquit,
3373 1259 3468 1314 sed
3499 1260 3688 1316 nescio

2107 1350 2374 1421 quomodo
2414 1348 2628 1404 ﬁnxeris
2653 1365 2668 1401 :
2698 1347 2942 1416 provides
2962 1388 2977 1412 ,
3011 1348 3103 1402 sed
3149 1365 3254 1403 non
3279 1363 3492 1417 possum
3522 1351 3681 1404 simul

2108 1439 2494 1512 providentiam
2512 1453 2724 1493 omnem
2748 1439 2953 1492 ratione
2974 1437 3444 1506 comprehendere.
3474 1440 3686 1513 Ubique

2109 1546 2188 1600 es,
2212 1529 2305 1586 sed
2327 1545 2394 1584 ne
2421 1529 2524 1586 hoc
2557 1527 2771 1599 quidem
2796 1529 2911 1582 scio
2941 1543 3046 1597 quo
3073 1538 3254 1598 pacto.
3285 1528 3434 1584 Nosti
3465 1530 3642 1586 futura
3663 1571 3682 1599 ,

2109 1630 2167 1680 et
2190 1622 2474 1695 praeterita,
2494 1628 2550 1675 et
2575 1634 2765 1674 arcana
2787 1621 2980 1674 mentis
3006 1621 3277 1676 hominum
3305 1640 3318 1676 :
3341 1623 3434 1676 sed
3460 1640 3560 1680 nec
3583 1627 3687 1682 hoc

2111 1727 2325 1783 possum
2372 1711 2576 1766 ratione
2615 1709 3086 1780 comprehendere.
3115 1710 3285 1766 Mittas
3333 1716 3474 1769 enim
3505 1731 3684 1771 rerum

2112 1817 2347 1876 naturas,
2367 1815 2422 1864 et
2445 1809 2579 1865 lacis
2608 1817 2665 1863 ut
2687 1818 2964 1864 manentes
2992 1807 3274 1862 ostendant
3294 1808 3562 1863 contraria
3588 1826 3600 1860 :
3629 1817 3689 1863 et

2113 1901 2183 1955 ita
2209 1916 2396 1956 rursus
2423 1900 2689 1956 contraria
2718 1899 2921 1964 educis,
2955 1899 3174 1970 perinde
3195 1914 3260 1955 ac
3285 1900 3330 1954 si
3358 1909 3541 1954 essent
3561 1912 3688 1969 pro-

2112 1992 2227 2063 pria
2247 2000 2302 2047 et
2328 1993 2446 2060 ejus
2474 2001 2678 2046 natura:
2699 1991 2973 2046 attributa.

2182 2084 2236 2138 4.
2258 2080 2387 2138 Cum
2419 2084 2597 2152 itaque
2617 2082 2730 2137 hare
2758 2084 2933 2136 omnia
2955 2082 3279 2152 collegisset,
3303 2090 3360 2138 et
3388 2081 3569 2137 divino
3589 2095 3681 2137 es-

2114 2185 2197 2230 set
2243 2175 2432 2244 spiritu
2473 2173 2714 2238 afllatus,
2745 2187 2931 2242 magna
2961 2186 3091 2227 voce
3115 2172 3404 2237 clamavit,
3444 2171 3637 2225 dicens
3668 2189 3684 2226 :

2115 2263 2400 2332 Conﬁtebor
2427 2263 2665 2332 tibi.quia
2689 2261 2970 2315 terribiliter
2990 2261 3339 2331 magniﬁcatus
3363 2277 3433 2322 es,
3455 2261 3559 2315 hoc
3578 2269 3683 2327 est,

2116 2355 2374 2410 mirabilis
2401 2353 2687 2423 apparuisti
2713 2393 2728 2417 ,
2758 2363 2811 2408 et
2835 2368 2894 2407 es
2922 2351 3198 2406 mirabilis.
3232 2351 3492 2406 Hii-abitio
3534 2368 3689 2422 opera

2117 2457 2223 2510 tua,
2255 2455 2302 2499 et
2330 2446 2502 2498 anima
2525 2460 2636 2498 mea
2660 2446 2912 2515 cognoscit
2941 2446 3110 2499 nimis.
3142 2445 3208 2499 Et
3231 2444 3356 2513 quid
3383 2444 3452 2498 de
3480 2453 3530 2498 te
3551 2487 3566 2508 ,
3598 2446 3685 2498 in-

2115 2540 2247 2610 quit,
2279 2537 2418 2600 dico,
2443 2552 2563 2604 cum
2594 2552 2711 2608 qua:
2737 2551 2766 2589 a
2799 2546 2849 2591 te
2878 2536 3031 2601 ﬁunt,
3063 2551 3308 2606 magnum
3332 2535 3561 2591 habeant
3586 2538 3688 2591 mi-

2116 2629 2380 2687 raculum?
2405 2629 2604 2685 Deinde
2620 2629 2833 2684 mittens
2859 2630 3036 2683 omnia
3064 2629 3332 2699 persequi,
3362 2629 3575 2698 propria
3606 2630 3689 2686 sui

2116 2722 2306 2775 notitia
2339 2720 2622 2775 contentus
2650 2719 2780 2774 dicit
2812 2737 2825 2772 :
2859 2718 2925 2771 Et
2953 2722 3123 2773 anima
3159 2735 3272 2774 mea
3315 2721 3566 2790 cognoscit
3613 2721 3690 2774 ni-

2117 2813 2231 2867 mis.
2261 2812 2374 2868 Non
2400 2813 2668 2882 cognoscit
2703 2811 3033 2865 solummodo
3056 2852 3071 2876 ,
3095 2810 3187 2865 sed
3218 2810 3375 2866 valde
3403 2819 3459 2866 et
3479 2811 3694 2870 intense

2118 2905 2408 2974 cognoscit.
2435 2903 2488 2959 Si
2519 2916 2694 2958 autem
2723 2901 3024 2967 cognoscit,
3056 2902 3320 2971 quomodo
3347 2902 3479 2956 dixit
3507 2912 3690 2967 antea,

2119 2992 2368 3048 Mirabilis
2393 2997 2525 3064 facta
2544 3002 2614 3045 est
2639 2992 2844 3045 scientia
2870 3000 2954 3043 tua
2979 3007 3010 3044 a
3033 3007 3129 3057 me,
3161 2991 3444 3061 confortata
3474 3001 3568 3057 est,
3593 3008 3694 3046 non

2117 3092 2289 3156 potero
2317 3083 2385 3136 ad
2411 3083 2557 3136 eam!
2582 3080 2806 3135 Maxime
2836 3097 2849 3135 :
2877 3095 2998 3134 nam
3039 3079 3164 3135 illud
3209 3080 3420 3148 quidem
3451 3091 3600 3136 certe
3628 3081 3696 3138 de

2118 3175 2234 3246 ipso
2262 3175 2460 3230 dictum
2486 3181 2600 3237 est,
2632 3171 2732 3226 hoc
2756 3185 2882 3226 vero
2901 3171 2968 3227 de
2997 3172 3264 3240 operibus.
3303 3171 3454 3238 Quod
3499 3173 3542 3226 si
3590 3173 3695 3228 hoc

2121 3279 2332 3337 quoque
2356 3264 2422 3320 de
2453 3264 2567 3333 ipso
2591 3263 2787 3346 dictum
2817 3273 2895 3318 est
2921 3303 2936 3327 ,
2978 3263 3104 3319 illud
3145 3262 3436 3318 dixerimus
3483 3282 3497 3317 :
3543 3264 3699 3320 Novit

2121 3373 2240 3413 eum
2267 3372 2386 3412 esse
2434 3347 2751 3422 mirabilem,
2800 3370 3069 3426 magnum,
3106 3357 3396 3421 _excelsum
3426 3355 3592 3425 :quid
3622 3357 3693 3410 sit

2121 3458 2296 3504 autem
2317 3440 2608 3502 substantia
2639 3445 2848 3516 (eadem
2875 3445 3015 3500 enim
3041 3460 3227 3500 rursus
3250 3445 3466 3510 dicam),
3485 3455 3540 3500 et
3562 3462 3700 3517 quo-

2123 3553 2244 3594 nam
2274 3537 2432 3592 modo
2454 3537 2524 3592 sit
2548 3537 2664 3605 ejus
2684 3536 2935 3606 majestas
2961 3544 3014 3590 et
3039 3535 3447 3604 magniﬁcentia,
3467 3546 3519 3618 et
3547 3538 3699 3606 quis-

2124 3646 2245 3687 nam
2291 3632 2360 3686 sit
2403 3629 2590 3684 modus
2607 3643 2798 3684 eorum
2828 3643 2945 3696 qua:
2975 3627 3115 3682 dicta
3144 3638 3288 3692 sunt,
3320 3628 3530 3697 ignorat
3559 3646 3573 3682 :
3603 3629 3700 3684 sed

2125 3736 2187 3778 ea
2218 3723 2332 3791 ipsa
2362 3719 2622 3792 ignoratio
2643 3729 2723 3774 est
2739 3726 3107 3788 argumentum
3128 3718 3467 3788 cognitionis,
3487 3719 3700 3775 etiamsi

2126 3815 2194 3870 sit
2233 3812 2476 3867 mirabile
2527 3809 2670 3881 quod
2710 3809 2906 3864 dictum
2961 3818 3062 3864 est.
3111 3808 3242 3864 Nam
3290 3825 3438 3864 mare
3487 3827 3701 3880 quoque

2125 3915 2378 3977 quantum
2408 3904 2492 3968 sit,
2527 3902 2861 3973 ignoramus;
2889 3909 2943 3956 et
2966 3908 3138 3956 tamen
3157 3909 3373 3971 propter
3398 3899 3499 3956 hoc
3528 3903 3700 3972 ipsum

2127 4013 2276 4054 mare
2303 3997 2534 4051 maxime
2565 3994 2827 4059 novimus,
2852 3993 2991 4063 quod
3016 3992 3133 4062 ejus
3159 4008 3458 4048 mensuram
3490 3996 3700 4050 nescia-

2127 4106 2266 4146 mus.
2289 4090 2344 4145 Si
2365 4090 2484 4158 quis
2509 4096 2685 4142 autem
2708 4086 2846 4141 dicat
2868 4099 2926 4140 se
2947 4099 3105 4139 nosse
3127 4085 3242 4154 ejus
3261 4087 3626 4154 quantitatem,
3657 4087 3702 4141 is

2128 4190 2211 4236 est
2229 4182 2317 4250 qui
2347 4179 2397 4233 id
2429 4179 2633 4249 ignorat
2662 4177 2908 4231 maxime.
2932 4175 3024 4230 Est
3052 4175 3208 4246 igitur
3233 4175 3496 4246 professio
3515 4179 3701 4248 cogni-

2130 4272 2309 4338 tionis,
2328 4286 2444 4340 quaa
2472 4269 2645 4339 arguit
2673 4268 3022 4338 ignorantiam
3057 4284 3070 4319 :
3098 4277 3152 4323 et
3178 4276 3260 4322 est
3284 4268 3703 4338 ignoratio,qu:e

2131 4363 2284 4417 nobis
2314 4362 2417 4417 fert
2446 4359 2804 4417 testimonium
2835 4358 2902 4414 de
2931 4359 3170 4414 scientia.
3195 4360 3282 4414 15.
3305 4357 3422 4413 Non
3447 4361 3703 4414 estoccut-

2130 4462 2286 4508 totum
2305 4469 2360 4506 os
2381 4468 2543 4505 meum
2567 4467 2599 4504 a
2637 4461 2683 4504 te
2700 4449 2833 4521 quod
2863 4450 3024 4521 feciin
3052 4450 3104 4503 in
3128 4450 3321 4504 occulto
3347 4467 3366 4504 :
3390 4459 3436 4503 et
3472 4450 3703 4505 substan-

2133 4544 2329 4598 tiamea
2353 4544 2406 4597 in
2424 4541 2744 4612 inferioribus
2773 4551 2938 4595 terrm.
2983 4540 3236 4609 Loquitur
3263 4550 3458 4596 rursus’
3480 4543 3547 4596 de
3587 4544 3704 4611 ejus

2130 4634 2450 4706 cognitione,
2482 4644 2533 4688 et
2579 4633 2812 4687 ostendit
2853 4646 2974 4686 eum
3005 4631 3123 4688 haec
3173 4632 3312 4687 scire
3348 4633 3547 4688 omnia.
3610 4632 3704 4688 Vel

2130 4738 2257 4794 ergo
2302 4724 2432 4778 dicit
2459 4738 2579 4777 eum
2606 4724 2780 4777 omnia
2814 4737 2971 4778 nosse
2991 4737 3204 4788 arcana,
3229 4720 3309 4776 vel
3334 4723 3529 4792 aliquid
3560 4722 3704 4778 aliud

2132 4815 2426 4889 signiﬁcat,
2451 4828 2642 4884 nempe
2694 4813 3066 4869 formationem
3117 4821 3172 4866 et
3225 4813 3591 4868 creationem:
3623 4813 3704 4869 Ne

2131 4925 2251 4965 cum
2296 4907 2525 4980 iiugerer
2549 4905 2781 4977 quidem,
2813 4920 2900 4959 me
2927 4905 3216 4973 ignorasti,
3246 4903 3341 4960 sed
3363 4905 3542 4960 omnia
3568 4905 3704 4960 scie-

2133 4999 2250 5061 bas.
2271 5013 2397 5056 cum
2423 4998 2538 5052 btec
2557 4995 2809 5067 paulatim
2838 5004 3029 5050 natura
3050 5002 3380 5060 contexeret,
3411 4995 3622 5050 tametsi
3649 4996 3707 5052 in

2131 5106 2328 5147 arcano
2349 5097 2682 5159 operaretur,
2709 5095 2764 5142 et
2789 5093 3057 5158 tamquam
3086 5087 3139 5142 in
3177 5085 3372 5142 intimis
3407 5096 3562 5143 terra:
3581 5101 3707 5158 par-

2133 5186 2271 5242 tibus
2297 5201 2312 5237 :
2338 5190 2463 5236 sunt
2483 5190 2657 5235 tamen
2687 5179 2803 5247 tibi,
2829 5179 3019 5250 inquit,
3049 5178 3225 5234 omnia
3255 5177 3392 5232 nuda
3419 5188 3474 5234 et
3496 5185 3702 5247 aperta.

2132 5274 2280 5330 Alius
2302 5283 2478 5327 antem
2509 5271 2774 5340 interpres
2812 5270 2889 5325 sic
2921 5269 3062 5324 dixit
3089 5285 3102 5321 :
3138 5267 3258 5322 Non
3278 5267 3438 5322 uelata
3456 5277 3570 5322 sunt
3587 5283 3706 5323 ossa

2133 5379 2242 5418 mea
2263 5379 2296 5418 a
2322 5371 2388 5432 te,
2416 5361 2596 5434 quibus
2618 5363 2781 5432 factus
2810 5376 2921 5414 sum
2942 5361 2996 5414 in
3015 5346 3210 5414 occulto
3241 5357 3338 5430 (a).
3356 5359 3508 5414 Alius
3529 5399 3546 5424 ,
3577 5357 3706 5414 Non

2194 5539 2267 5601 (α)
2299 5545 2411 5588 Haec
2431 5539 2561 5601 prior
2583 5537 2920 5601 interpretatio
2957 5542 3036 5601 est
3051 5535 3191 5596 juxta
3230 5531 3468 5601 Aquilam,
3485 5531 3707 5601 secunda

2127 5592 2631 5664 juxta
2657 5592 2807 5664 tertia
2830 5598 2984 5664 juxta
3009 5592 3266 5664 incertum:
3289 5592 3350 5664 ἰρι
3483 5592 3709 5664 lectioni-

2133 5653 2226 5773 llius
2247 5653 2426 5773 aliauitd
2447 5659 2745 5710 diversitatis
2767 5653 3054 5711 observatur
3076 5660 3126 5707 in
3142 5655 3281 5707 savii.
3307 5656 3398 5706 sed
3415 5653 3579 5705 Morel.
3605 5666 3706 5705 me-

2172 5735 2230 5772 us
2285 5735 2310 5770 a
2349 5735 2376 5771 e
2404 5757 2415 5769 .
