4056 6446
301 390 410 452 ιιτ

303 513 452 568 latuit
480 520 527 565 te
545 509 792 580 fortitudo
819 522 928 561 mea
947 521 1046 576 qua
1073 506 1237 576 factus
1261 518 1374 558 sum
1400 503 1454 554 in
1479 497 1675 553 occulto
1701 510 1719 548 :
1754 489 1895 546 uarie

301 611 598 672 compostus
615 617 728 654 sum
767 609 821 653 ut
849 600 903 652 in
921 597 1111 664 infimis
1138 604 1302 648 terra.
1329 592 1502 653 Alius,
1529 588 1652 644 Non
1677 587 1826 641 latuit
1850 593 1898 638 te

304 693 529 758 potentia
552 706 664 744 mea
683 705 771 744 seu
798 703 912 742 ossa
938 703 1048 740 mea
1068 727 1083 748 ,
1111 685 1230 754 quia
1252 688 1415 753 factus
1438 697 1552 734 sum
1587 680 1642 732 in
1672 677 1891 738 occulto,

302 785 498 854 (ﬁctus
524 799 638 838 sum
664 782 718 834 in
743 780 930 848 inﬁmis
959 787 1128 832 teme.
1157 777 1360 832 Omnes
1384 786 1514 843 ergo
1559 769 1746 825 eadem
1778 768 1893 838 ipsa

301 878 616 946 loquuntur,
643 885 858 942 nempe,
887 871 1012 926 dum
1036 871 1285 941 tingerer,
1316 882 1404 926 me
1431 864 1665 935 perfecte
1691 860 1894 916 forma-

301 983 416 1024 tum
451 984 546 1039 per
587 975 767 1038 partes
797 965 1027 1032 novisti,
1055 973 1110 1020 et
1142 960 1559 1030 unumquodque
1593 955 1892 1011 membrum

299 1070 360 1115 et
400 1061 519 1130 ejus
547 1073 760 1129 quoque
799 1057 1192 1112 incrementum
1227 1051 1448 1108 scivisti.
1496 1047 1649 1116 Quod
1689 1055 1743 1103 et
1778 1046 1896 1114 ipse

300 1153 467 1205 etiam
505 1151 635 1206 dicit
679 1148 925 1204 Christus
967 1164 982 1202 :
1046 1144 1212 1200 Vestri
1263 1154 1433 1196 autem
1481 1139 1656 1210 capilli
1709 1138 1893 1206 capitis

299 1259 477 1297 carnes
495 1241 746 1295 numerati
769 1247 884 1293 sunt
915 1233 1064 1309 (Luc.
1096 1235 1182 1289 12.
1208 1232 1285 1307 7).
1313 1231 1480 1288 Simul
1501 1239 1680 1283 autem
1696 1237 1750 1282 et
1768 1241 1893 1296 pro-

301 1335 595 1388 videntiam
634 1340 688 1386 et
725 1329 1002 1385 scientiam
1033 1325 1222 1382 eodem
1268 1336 1518 1380 sermone
1565 1319 1894 1390 explicatam

299 1423 778 1496 deprehendimus.
807 1422 897 1478 16.
926 1418 1286 1490 Imperfectum
1310 1432 1474 1470 meum
1501 1415 1732 1468 viderunt
1760 1410 1894 1464 oculi

299 1520 397 1574 sui.
450 1517 544 1572 Vel
585 1516 725 1570 idem
758 1516 931 1583 ipsum
961 1524 1146 1567 rursus
1175 1509 1338 1573 dicit,
1372 1522 1458 1560 me
1487 1505 1571 1560 vel
1609 1503 1892 1558 informem

301 1610 480 1673 nosti;
508 1606 646 1662 alius
690 1607 833 1660 enim
883 1603 960 1658 sic
991 1602 1141 1666 dixit,
1203 1598 1484 1670 Informem
1537 1612 1615 1648 me
1659 1594 1894 1648 uiderunt

299 1701 440 1755 oculi
467 1699 540 1753 tui
562 1715 584 1753 :
604 1698 686 1754 vel
722 1697 791 1751 de
819 1696 948 1766 ipsis
986 1693 1307 1756 actionibus,
1337 1698 1529 1758 nempe
1561 1685 1705 1757 quod
1754 1699 1881 1738 non-

296 1793 432 1847 dum
483 1770 676 1846 iactum
710 1799 827 1844 erat
874 1787 1119 1841 viderunt
1160 1781 1300 1838 oculi
1342 1781 1437 1837 tui.
1469 1779 1537 1832 Et
1557 1779 1611 1832 in
1632 1775 1759 1831 libro
1808 1782 1896 1828 tuo

300 1899 478 1938 omnes
505 1883 803 1936 scribentur.
842 1877 936 1932 Die
972 1877 1344 1946 formabuntur.
1367 1879 1412 1926 et
1437 1886 1582 1924 nemo
1601 1870 1654 1920 in
1674 1867 1764 1920 eis.
1797 1863 1897 1918 Est

299 1976 590 2037 obscurum
635 1970 787 2036 illud,
821 1969 915 2024 sed
939 1975 1150 2037 oportet
1179 1965 1230 2044 id
1259 1963 1440 2017 venari
1469 1976 1537 2015 ex
1561 1958 1699 2013 serie
1727 1964 1784 2010 et
1829 1967 1896 2044 ex

299 2066 413 2120 alio
442 2066 753 2132 interprete.
792 2058 948 2128 Quod
999 2057 1142 2112 enim
1177 2043 1341 2117 dicit,
1371 2053 1476 2107 tale
1512 2059 1596 2104 est
1618 2087 1638 2115 ,
1662 2048 1713 2102 ei
1751 2043 1894 2116 quod

301 2155 584 2228 praecessit
615 2152 964 2209 conveniens.
995 2147 1137 2216 Quid
1163 2155 1343 2201 autem
1369 2141 1685 2215 prmcessit‘i
1714 2138 1895 2207 Infor-

296 2263 437 2305 mem
458 2262 536 2298 me
553 2243 795 2296 viderunt
812 2237 956 2292 oculi
975 2236 1054 2289 tui
1071 2251 1088 2288 :
1107 2235 1208 2289 hoc
1219 2242 1323 2296 est,
1339 2245 1463 2287 cum
1476 2232 1716 2284 nondum
1739 2229 1906 2281 ullam

300 2341 538 2408 ﬁguram
563 2334 951 2400 suscepissem,
977 2341 1102 2381 cum
1134 2324 1315 2380 adhuc
1357 2322 1590 2393 fingerer
1624 2328 1681 2375 et
1702 2320 1906 2373 forma-

301 2446 416 2495 rer,
436 2443 519 2482 me
549 2438 702 2494 :cque
726 2431 914 2492 aperte
934 2420 1210 2482 viderunt,
1241 2423 1298 2470 ut
1317 2430 1465 2480 eum,
1488 2414 1580 2482 qui
1617 2420 1702 2468 est
1731 2410 1906 2482 ligura

303 2517 586 2592 praeditus,
609 2521 664 2568 et
689 2513 839 2566 nullo
859 2509 947 2564 die
976 2515 1099 2579 eget
1119 2506 1186 2561 ad
1216 2520 1372 2561 suam
1397 2502 1810 2574 perfectionem.
1843 2499 1907 2576 Et

306 2617 372 2664 ut
391 2611 532 2666 scias
559 2607 664 2661 hoc
685 2604 760 2660 ita
794 2617 936 2668 esse,
959 2600 1086 2654 andi
1109 2598 1613 2669 interpretationem
1641 2595 1900 2650 alterius:

314 2702 602 2770 informem
624 2713 707 2750 me
737 2694 1091 2765 prmviderunt
1118 2692 1259 2746 oculi
1281 2691 1360 2744 tui
1382 2690 1485 2762 (a),
1511 2704 1629 2743 cum
1663 2687 1905 2742 omnibus

305 2792 394 2861 qui
419 2792 470 2844 iu
495 2788 624 2843 libro
645 2797 731 2841 tuo
751 2787 924 2855 scripti
952 2793 1102 2848 sunt,
1126 2783 1212 2853 qui
1232 2791 1350 2835 sunt
1371 2778 1632 2850 eﬂiugendi
1658 2776 1800 2830 nullo
1820 2776 1903 2829 die

307 2880 590 2949 deﬁciente.
609 2878 744 2933 Cum
778 2876 904 2940 illis,
925 2875 1114 2942 inquit,
1145 2888 1231 2926 me
1260 2871 1435 2925 vidisti
1452 2869 1541 2940 qui
1557 2869 1825 2937 finguntur
1847 2867 1899 2920 in

309 2973 497 3026 diebus
507 2973 714 3034 eorum,
732 2967 923 3038 quibus
941 2966 1115 3020 nullus
1135 2965 1250 3020 dies
1275 2963 1461 3018 deluit.
1480 2962 1604 3016 Haec
1626 2969 1802 3015 autem
1819 2957 1900 3013 di-

308 3064 384 3117 cit
399 3071 505 3118 ndn
519 3061 670 3131 quasi
698 3061 766 3114 sit
795 3059 930 3115 iiber
954 3059 1006 3113 in
1026 3060 1292 3128 supernis,
1316 3071 1416 3111 nec
1435 3056 1586 3125 quasi
1605 3055 1692 3107 ulli
1722 3050 1903 3120 scripti

313 3155 443 3219 sint,
486 3149 580 3208 sed
637 3151 923 3220 perfectam
950 3148 1307 3219 cognitionem
1349 3163 1443 3218 per
1472 3147 1666 3200 librum
1696 3143 1904 3213 signiﬁ-

312 3260 468 3310 cans,
494 3241 944 3313 quemadmodum
976 3239 1188 3310 quando
1209 3237 1361 3305 dicit,
1393 3237 1597 3291 Audiuit
1623 3235 1899 3298 Dominus,

314 3346 365 3389 et
387 3335 588 3405 scripsit
614 3333 670 3386 in
699 3333 827 3386 libro
854 3330 1103 3400 (Halach.
1156 3331 1210 3384 5.
1242 3329 1352 3400 16).
1405 3328 1479 3383 Et
1508 3342 1718 3392 rursus,
1765 3326 1906 3380 Libri

319 3427 490 3496 aperti
511 3433 628 3478 sunt
655 3423 814 3495 (Dan.
842 3422 896 3477 7.
925 3421 1036 3492 10).
1062 3422 1147 3476 17.
1171 3421 1301 3475 Mihi
1326 3430 1497 3474 autem
1521 3421 1672 3473 nimis
1693 3419 1903 3471 honori-

317 3517 458 3585 ﬁcati
499 3522 615 3586 sunt
659 3515 810 3568 amici
868 3513 962 3580 tui,
1016 3511 1179 3566 Deus.
1222 3512 1395 3579 Alius,
1434 3511 1655 3566 Pretiosi
1703 3512 1908 3580 [uerunt

317 3609 474 3662 amici
527 3609 601 3660 tui
644 3606 742 3677 (ὁ).
772 3605 887 3660 Νοη
918 3617 1002 3661 est
1024 3605 1125 3660 hoc
1154 3619 1316 3674 parva
1363 3604 1552 3666 virtus,
1583 3603 1674 3656 Dci
1704 3602 1907 3655 amicos

319 3701 531 3755 honore
556 3698 791 3755 afficere.
821 3697 1041 3762 Curam,
1073 3698 1282 3767 inquit,
1329 3696 1433 3751 mei
1473 3695 1684 3765 gessisti
1712 3735 1726 3758 ,
1773 3709 1860 3747 me
1891 3733 1906 3757 ,

318 3812 442 3852 cum
471 3810 574 3848 non
605 3809 778 3850 essem
802 3835 816 3857 ,
863 3792 1180 3863 produxisti,
1224 3807 1310 3846 me
1350 3791 1494 3860 regis
1518 3801 1574 3850 et
1617 3789 1859 3843 contines
1895 3803 1908 3840 :

318 3902 423 3957 ego
442 3895 622 3940 autem
656 3885 792 3939 hanc
819 3883 987 3939 reddo
1015 3883 1522 3947 remunerationem,
1546 3880 1749 3934 amicos
1790 3887 1912 3931 tuos

325 3981 631 4033 honoratis.
663 3977 840 4030 Nimis
880 3975 1173 4044 confortati
1209 3982 1332 4028 sunt
1359 3974 1686 4043 principatus
1718 3986 1923 4025 eorum.

327 4072 448 4127 Iloc
470 4081 577 4133 est,
596 4071 700 4138 Ipsi
722 4068 887 4121 validi
910 4077 964 4122 et
983 4074 1229 4136 potentes
1252 4063 1379 4119 facti
1403 4073 1551 4119 sunt.
1579 4065 1732 4117 Alius
1755 4062 1922 4117 dicit:

330 4162 508 4228 Quam
529 4160 848 4227 multiplicia
877 4168 1001 4212 sunt
1029 4158 1204 4225 capita
1221 4172 1403 4210 eorum
1419 4154 1512 4224 (c)!
1531 4153 1686 4220 Quod
1707 4152 1928 4222 quidem

328 4265 412 4306 est
427 4253 655 4313 clarius;
675 4250 1112 4318 subjungitcnim
1133 4266 1144 4300 :
1164 4247 1249 4301 18.
1271 4246 1626 4300 Dinumerabo
1644 4262 1752 4308 eos,
1768 4254 1818 4298 et
1839 4259 1930 4298 su-

327 4358 420 4410 ppr
432 4355 652 4394 arenam
667 4336 1297 4406 multiplicobuntur.Ego
1309 4338 1526 4406 quidem
1540 4338 1686 4404 ips-rs
1701 4337 1932 4398 honoro,

333 4442 387 4484 tu
415 4439 593 4482 autem
624 4427 820 4480 multos
841 4425 995 4490 facis,
1025 4435 1186 4494 atque
1216 4425 1350 4478 adeo
1377 4423 1559 4495 plures
1577 4437 1738 4477 arena
1771 4439 1784 4476 :
1812 4436 1916 4475 non

330 4521 505 4573 solum
555 4525 731 4570 autem
767 4516 964 4569 multos
989 4558 1003 4579 ,
1054 4515 1149 4569 sed
1181 4516 1340 4569 etiam
1388 4513 1554 4568 fortes
1585 4527 1649 4568 ac
1691 4512 1918 4568 validos.

333 4609 448 4663 line
473 4607 616 4662 enim
657 4607 767 4661 sibi
799 4607 909 4659 vult
967 4605 1117 4667 illud,
1151 4605 1437 4674 Confortati
1465 4614 1601 4659 sunt.
1644 4603 1918 4672 Duplicem

331 4711 513 4754 autem
546 4699 674 4753 dicit
722 4699 1150 4768 prosperitatem,
1202 4699 1558 4752 multitudinis
1610 4699 1834 4758 scilicet,
1869 4706 1922 4751 ct

335 4792 548 4845 ruboris
584 4791 988 4844 incrementum.
1022 4789 1317 4856 Exsurrexi,
1345 4799 1390 4842 et
1415 4789 1586 4841 adhuc
1605 4805 1718 4841 sum
1737 4798 1920 4841 tecum.

337 4883 508 4944 Alius,
543 4879 835 4948 Excitabor,
861 4890 908 4935 et
934 4897 1020 4934 ero
1041 4896 1236 4951 semper
1254 4889 1434 4934 tecum.

408 4973 463 5026 5.
505 4970 620 5025 Non
657 4980 738 5024 est
777 4971 880 5026 hoc
920 4985 1137 5041 parvum
1169 4971 1375 5040 signum
1405 4972 1648 5036 virtutis,
1683 4971 1734 5024 in
1761 4970 1925 5025 rebus

339 5062 588 5118 secundis
637 5062 882 5115 virtutem
933 5071 1190 5130 perpetuo
1235 5076 1574 5116 conservare.
1619 5061 1801 5122 Multi,
1846 5063 1926 5116 iu-

339 5155 481 5220 quit,
537 5167 659 5206 cum
711 5166 798 5207 res
849 5151 928 5205 eis
972 5151 1222 5206 secundaa
1273 5152 1611 5216 evenissent,
1662 5153 1734 5206 tui
1774 5152 1926 5206 obliti

340 5255 484 5297 sunt.
518 5244 584 5295 At
613 5258 717 5295 non
748 5255 848 5310 ego
867 5284 880 5307 ,
911 5242 1079 5311 inquit
1103 5284 1118 5306 ,
1150 5243 1245 5297 sed
1271 5245 1429 5296 etiam
1458 5258 1577 5296 cum
1608 5242 1881 5296 exSurrexi
1909 5284 1923 5309 ,

341 5335 442 5388 hoc
479 5342 594 5397 est,
625 5349 745 5388 cum
777 5351 892 5388 sum
923 5335 1175 5388 liberatus
1204 5349 1232 5386 a
1263 5335 1417 5388 malis
1435 5375 1462 5412 ,ί
1481 5351 1694 5403 semper
1721 5349 1816 5388 ero
1846 5343 1926 5388 tc-

338 5441 483 5478 rum.
529 5425 615 5480 19.
645 5427 703 5480 Si
731 5425 970 5479 occideris
989 5468 1004 5492 ,
1037 5423 1172 5478 Deus
1193 5466 1205 5485 .
1234 5437 1533 5494 peccatores.
1567 5424 1682 5478 Non
1714 5424 1814 5477 hoc
1845 5425 1928 5477 di-

339 5521 444 5582 cit,
483 5521 537 5572 Si
580 5518 838 5572 occideris
858 5558 872 5582 ,
914 5526 1038 5570 tunc
1064 5532 1156 5572 ero
1185 5528 1360 5572 tecum
1394 5534 1406 5569 :
1434 5518 1527 5572 scd
1553 5518 1681 5571 illud
1711 5517 1924 5584 quidem

402 5628 478 5690 (a)
513 5635 621 5676 ttzcc
643 5628 982 5690 interpretatio
1008 5635 1083 5677 est
1105 5628 1391 5690 Symmachi.

403 5689 476 5748 (b)
510 5689 594 5737 Hic
616 5689 864 5750 interpres
885 5690 994 5751 quis
1016 5690 1080 5737 sit
1103 5689 1335 5737 nescitur.

402 5751 475 5812 (c)
509 5757 619 5800 nec
635 5751 972 5811 interpretatio
996 5755 1070 5799 est
1087 5751 1358 5812 Symmachi.

1370 376 1729 440 EXPOSITIO
1769 373 1833 430 IN
1873 371 2202 431 PSALMUM
2231 369 2564 429 CXXXVIII.

3493 371 3602 434 ΜΒ

2007 488 2166 542 etiam
2213 487 2414 557 absque
2461 488 2564 543 hoc
2602 487 2882 557 promisit;
2925 485 3055 556 petit
3094 490 3274 542 autem
3319 477 3423 542 hoc
3447 485 3602 555 ﬁeri,

2005 593 2112 630 non
2140 585 2197 630 ut
2223 577 2402 633 deleat
2430 576 2705 664 hominugm
2734 576 3085 632 substantiam
3106 618 3122 642 ,
3155 574 3249 631 sed
3276 584 3337 630 ut
3363 589 3459 630 eos
3477 590 3604 630 mu-

2003 676 2078 723 tet
2107 683 2136 722 a
2165 681 2383 738 peccato
2413 671 2466 723 in
2490 670 2772 736 justitiam.
2800 669 2914 724 Non
2936 670 3250 732 dixitenim.
3273 669 3331 724 Si
3353 668 3602 732 homines

2001 762 2214 815 occidas
2237 801 2254 826 ,
2286 760 2380 816 sed
2406 802 2421 824 ,
2453 759 2770 816 Peccatores.
2817 763 2966 816 Alius
2999 771 3176 817 autem
3216 775 3315 829 pro
3352 774 3420 817 eo
3455 758 3599 830 quod

2001 863 2118 919 est,
2162 852 2493 918 Peccatores,
2528 852 2691 916 dixit,
2739 851 3181 923 Transgressorem
3223 849 3323 920 (a),
3374 851 3601 920 loquens

2000 942 2068 997 de
2097 942 2338 997 hostibus
2357 942 2637 996 simulacra
2662 941 3034 997 adorantibus.

2083 1031 2191 1086 Viri
2208 1034 2514 1104 sanguinum
2533 1029 2799 1102 fugiendi;
2828 1029 3045 1099 improbi
3067 1030 3279 1092 vitandi,
3313 1029 3396 1084 lea:
3421 1045 3603 1098 sepes;

1997 1122 2302 1178 Iudaeorum
2337 1121 2764 1176 inutabititas.‘
2783 1119 2890 1174 Viri
2909 1120 3214 1190 sanguinum
3236 1155 3253 1185 ,
3283 1120 3530 1175 declinate
3567 1138 3602 1175 a

1999 1231 2098 1268 me.
2137 1212 2288 1268 Viros
2325 1215 2644 1282 s'anguiuum
2683 1210 2812 1266 dicit
2854 1208 3076 1265 sicarios
3100 1245 3116 1274 ,
3162 1209 3501 1278 homicidas,
3542 1219 3602 1266 et

2000 1308 2090 1376 qui
2133 1307 2282 1362 czede
2319 1306 2586 1359 liniantur.
2617 1304 2733 1359 Non
2765 1314 2846 1358 est
2869 1311 3046 1358 autem
3074 1301 3160 1358 hic
3181 1317 3376 1374 parvus
3401 1304 3601 1373 gradus

2001 1398 2067 1450 ad
2113 1398 2495 1450 incrementum
2537 1394 2746 1448 virtutis
2791 1394 2974 1463 lugere
3020 1400 3075 1447 et
3118 1394 3329 1448 resilire
3356 1393 3425 1447 ab
3454 1394 3603 1462 ejus~

2001 1486 2146 1541 modi
2190 1485 2467 1540 hominum
2510 1484 3002 1554 congressionibus.
3031 1482 3235 1538 Deinde
3261 1483 3602 1552 subjnugitur

1987 1578 2155 1634 etiam
2179 1590 2347 1631 causa
2373 1589 2386 1628 :
2411 1573 2502 1630 20.
2524 1573 2664 1640 Quia
2688 1569 2913 1644 litigiosi
2936 1571 3063 1626 estis
3085 1571 3138 1623 in
3161 1571 3597 1641 cogitationibus.

1991 1670 2171 1736 Alius,
2189 1668 2296 1735 Qui
2315 1667 2565 1722 adversus
2577 1675 2629 1722 te
2642 1667 2894 1721 dixerunt
2919 1665 3292 1735 cogitationem
3306 1654 3403 1733 (ὁ).
3424 1662 3601 1724 Alius,

2002 1759 2259 1826 Quoniam
2296 1755 2716 1813 exacerbaverant
2759 1763 2807 1808 te
2833 1755 2886 1808 in
2911 1757 3045 1807 man
3065 1753 3296 1809 consitio.
3323 1752 3458 1808 Vide
3474 1766 3602 1809 eum

2000 1867 2107 1906 non
2129 1865 2372 1920 quaerere
2401 1848 2542 1919 quod
2580 1862 2734 1903 suum
2763 1855 2846 1907 est
2867 1888 2884 1914 ,
2906 1845 3000 1900 sed
3025 1855 3243 1916 propter
3271 1845 3382 1899 Deo
3408 1845 3602 1899 factam

2001 1943 2249 2013 iujuriam
2297 1942 2543 2008 resilire,
2587 1949 2642 1994 et
2684 1938 2869 2009 fugere
2892 1938 3106 1994 illorum
3135 1937 3602 1992 consuetudinem.

2000 2035 2114 2090 Hoc
2154 2035 2298 2089 enim
2340 2032 2541 2089 Judzeis
2579 2029 2679 2087 fuit
2720 2046 2880 2086 causa
2926 2030 3207 2094 interitus,
3243 2030 3385 2100 quod
3424 2043 3607 2083 versa-

2001 2135 2187 2180 rentur
2212 2140 2336 2179 cum
2354 2123 2632 2193 improbis.
2655 2122 2919 2191 Quocirca
2942 2121 3114 2192 legem
3143 2135 3357 2191 quoque
3378 2135 3604 2190 accepe-

2001 2224 2160 2282 runt,
2191 2215 2386 2286 aclege
2409 2213 2798 2284 separabantur
2821 2211 2892 2267 ab
2919 2212 3018 2274 eis,
3044 2221 3098 2267 et
3135 2211 3463 2280 jubebantur
3508 2225 3606 2266 eo-

2001 2323 2120 2363 rum
2147 2307 2318 2363 vitare
2339 2307 2617 2377 conjugia,
2643 2321 2875 2375 cumque
2903 2314 3030 2360 tunc
3058 2305 3317 2360 exiissent
3338 2305 3407 2359 ab
3436 2302 3604 2374 Ευ-

2003 2408 2122 2471 pto,
2147 2399 2495 2471 quadraginta
2539 2400 2693 2454 annis
2721 2399 2947 2454 seorsim
2971 2397 3184 2453 fuerunt
3211 2398 3262 2452 in
3291 2397 3602 2452 solitudine.

2002 2493 2259 2560 Quocirca
2302 2492 2389 2546 lex
2431 2491 2800 2562 appellabatur
2835 2504 3023 2559 sepes,
3067 2488 3209 2558 quod
3250 2503 3346 2543 eos
3373 2489 3608 2559 undique

2003 2581 2394 2646 circumdaret,
2425 2590 2481 2635 ct
2503 2595 2689 2636 eorum
2719 2577 3166 2635 consuetudinem
3193 2593 3316 2632 cum
3344 2576 3499 2634 malis
3518 2591 3609 2632 co-

2004 2679 2213 2726 erceret
2242 2688 2257 2724 :
2300 2679 2455 2725 erant
2493 2669 2637 2725 enim
2684 2685 2874 2725 eorum
2905 2683 3083 2724 mores
3105 2677 3262 2737 captu
3289 2682 3353 2721 ac
3377 2668 3610 2722 circum-

2005 2766 2208 2834 scriptu
2249 2762 2431 2817 faciles
2454 2803 2468 2826 ,
2514 2769 2568 2816 et
2592 2761 2894 2815 mutabiles.
2927 2758 3189 2829 Accipient
3215 2759 3268 2812 in
3289 2757 3510 2812 sanitate
3533 2757 3606 2812 ci-

2004 2857 2180 2910 uitates
2222 2864 2354 2910 tuas.
2399 2854 2551 2930 Alius
2572 2895 2586 2919 ,
2623 2852 2764 2907 Vane
2798 2852 2918 2907 elati
2952 2841 3070 2908 sunt
3096 2851 3263 2906 tantuli
3291 2852 3385 2905 tui.
3414 2840 3597 2915 Alius,

2008 2942 2211 2998 Inimici
2254 2945 2345 2998 tui.
2379 2944 2669 3013 Propterea
2702 2941 2835 3013 fugit
2855 2949 2911 2998 et
2937 2941 3145 3007 resilit,
3173 2940 3315 3011 quod
3341 2940 3602 2995 adversus

2009 3037 2101 3091 Dei
2145 3037 2367 3105 gloriam
2417 3035 2544 3090 elati
2593 3043 2751 3097 sunt,
2799 3031 2942 3103 quod
2983 3046 3044 3088 se
3081 3032 3263 3102 inique
3288 3039 3607 3101 gesserunt,

2009 3127 2152 3198 quod
2199 3127 2358 3180 verba
2394 3123 2717 3196 'blasphema
2755 3123 2960 3194 loquuti
3005 3131 3151 3177 sunt.
3192 3121 3286 3176 Si.
3318 3121 3505 3175 Nonne
3527 3121 3614 3190 qui

2009 3221 2222 3274 oderunt
2243 3229 2290 3272 te
2311 3260 2326 3283 ,
2357 3216 2571 3271 Domine
2591 3258 2606 3283 ,
2632 3217 2839 3270 oderam
2857 3257 2872 3282 ,
2889 3207 2942 3269 et
2971 3230 3124 3284 super
3142 3213 3372 3268 inimicos
3395 3223 3508 3267 tuos
3537 3223 3616 3267 ta-

2009 3311 2304 3368 bescebam.’
2328 3309 2415 3363 22.
2449 3307 2682 3378 Perfecto
2711 3307 2828 3361 odio
2855 3306 3063 3361 oderam
3085 3303 3203 3360 illos
3234 3324 3254 3359 :
3280 3304 3472 3358 inimici
3490 3303 3615 3373 [acti

2012 3413 2126 3457 sunt
2171 3402 2315 3455 mihi.
2362 3400 2435 3455 ita
2477 3401 2640 3454 etiam
2683 3399 2824 3454 Deus
2869 3397 3137 3468 pollicitus
3163 3404 3247 3452 est
3276 3412 3336 3451 se
3366 3395 3613 3450 hostibus

2013 3494 2221 3549 hostem
2270 3491 2502 3546 futurum
2531 3530 2546 3556 ,
2597 3499 2652 3544 et
2694 3489 3018 3544 adversariis
3070 3488 3305 3542 futurum
3355 3487 3613 3542 adversa-

2015 3588 2172 3642 rium.
2223 3586 2348 3640 Hmc
2389 3585 2531 3638 enim
2579 3592 2701 3638 sunt
2745 3583 2978 3637 maxime
3022 3582 3170 3651 signa
3197 3580 3467 3635 amicitim.
3501 3579 3619 3649 Ipse

2015 3681 2193 3747 itaque
2227 3677 2334 3731 Deo
2362 3691 2458 3745 per
2480 3683 2766 3744 utrumque
2784 3674 2954 3728 vicem
2977 3670 3169 3728 reddit.
3196 3671 3456 3740 Superius
3473 3671 3618 3726 enim

2015 3772 2181 3836 dixit,
2209 3770 2344 3824 Mihi
2363 3779 2528 3822 autem
2555 3767 2701 3820 ualde
2726 3767 2958 3820 honorati
2982 3773 3098 3819 sunt
3119 3765 3272 3818 amici
3300 3766 3408 3829 tui,
3445 3760 3621 3828 Deus;

2024 3863 2103 3917 ‘tic
2132 3871 2312 3915 autem
2336 3903 2351 3926 ,
2388 3860 2489 3912 Eos
2509 3859 2595 3928 qui
2615 3869 2664 3910 te
2682 3857 2895 3911 oderunt
2919 3857 3004 3910 odi
3028 3873 3046 3910 :
3070 3855 3174 3910 illic
3195 3870 3357 3924 supra
3380 3855 3618 3920 modum,

2017 3965 2072 4010 et
2118 3956 2204 4011 hic
2232 3968 2441 4024 quoque
2470 3966 2631 4022 supra
2662 3952 2900 4004 modum.
2929 3949 3048 4004 Non
3079 3949 3251 4003 solum
3278 3948 3422 4003 enim
3451 3946 3620 4013 dicit,

2021 4047 2263 4111 Oderam,
2293 4044 2385 4099 scd
2417 4044 2599 4107 etiam,
2631 4039 2967 4095 Tabescebam
2989 4081 3003 4094 .
3027 4039 3119 4094 25.
3143 4038 3315 4093 Proba
3338 4055 3434 4102 me,
3465 4036 3621 4100 Deus,

2019 4149 2065 4193 et
2098 4138 2221 4192 scito
2265 4151 2352 4189 cor
2391 4149 2576 4188 meum.
2620 4129 2892 4200 Interroga
2927 4147 3038 4196 me,
3075 4138 3121 4183 et
3147 4145 3394 4200 cognosce
3417 4128 3623 4182 semitas

2020 4246 2156 4283 meas
2198 4244 2216 4281 :
2255 4227 2344 4282 24.
2378 4236 2422 4279 et
2447 4225 2558 4278 vide
2582 4225 2623 4278 si
2649 4224 2728 4278 uia
2754 4222 3032 4292 iniquitatis
3061 4221 3112 4274 in
3142 4237 3223 4274 me
3247 4228 3320 4273 est
3340 4260 3356 4285 ,
3388 4227 3435 4271 ct
3462 4219 3627 4271 deduc

2021 4336 2100 4372 me
2137 4319 2191 4372 in
2235 4318 2315 4371 uia
2351 4313 2763 4387 tuterna.\Atqtti
2799 4312 2934 4367 dixit
2966 4313 3018 4366 in
3047 4310 3311 4381 principio
3344 4327 3357 4363 :
3389 4307 3627 4364 Probasti

2025 4424 2104 4461 me
2122 4450 2136 4475 ,
2173 4417 2219 4461 et
2248 4407 2522 4478 cognouisti
2545 4420 2642 4458 me.
2674 4402 2755 4458 Tu
2785 4403 3058 4473 cognouisti
3089 4402 3360 4456 sessionem
3387 4417 3550 4454 meam
3580 4409 3628 4454 et

2024 4499 2434 4552 resurrectionem
2476 4511 2658 4548 meam.
2706 4493 3009 4547 Intellexisti
3044 4492 3372 4562 cogitationes
3402 4506 3537 4544 meas
3565 4490 3628 4545 de

2027 4589 2175 4659 longe
2213 4604 2232 4641 :
2271 4588 2498 4642 seruitum
2524 4601 2685 4638 meam
2715 4592 2760 4638 et
2791 4583 3074 4653 funiculum
3104 4598 3267 4635 meum
3292 4581 3624 4652 inuestigasti.

2025 4677 2094 4732 Et
2116 4695 2285 4732 omnes
2311 4679 2416 4731 vias
2443 4675 2734 4746 proscidisti.
2763 4673 2838 4727 Tu
2858 4674 3135 4744 cognouisti
3163 4673 3334 4726 omnia
3357 4672 3630 4726 nouissima

2029 4780 2075 4824 et
2105 4770 2328 4837 antiqua.
2358 4766 2640 4835 Quomodo
2670 4780 2799 4835 ergo
2827 4765 2915 4820 hic
2942 4777 3128 4819 rursus
3157 4763 3322 4830 dicit,
3355 4770 3627 4832 tamquam

2030 4859 2264 4913 nondum
2294 4859 2548 4927 probatus
2572 4897 2586 4922 ,
2620 4855 2791 4910 Proba
2820 4872 2898 4908 me
2918 4855 2943 4907 7
2973 4853 3135 4908 Vides
3160 4852 3433 4923 quomodo
3465 4853 3632 4907 utitur

2030 4949 2277 5002 humanis
2304 4947 2626 5002 dictionibus
2645 4988 2660 5014 ,
2695 4961 2800 4999 non
2824 4956 2877 4999 ut
2903 4945 2956 5000 in
2979 4959 3040 4999 ea
3063 4945 3265 4998 vilitate
3290 4959 3628 5005 maneamus,

2031 5040 2125 5096 sed
2169 5051 2225 5094 ut
2251 5055 2381 5094 cum‘
2402 5041 2510 5093 Deo
2538 5039 2753 5108 dignam
2783 5037 3158 5106 cogitationem
3186 5051 3284 5107 per
3309 5037 3490 5090 omnia
3519 5035 3633 5090 coi-

2032 5133 2351 5203 icgcrimus,
2396 5131 2463 5186 ad
2515 5131 2674 5184 altam
2722 5128 3146 5184 conscendamus
3197 5129 3630 5198 intelligentiam.

2032 5225 2171 5279 Petit
2213 5223 2353 5278 enim
2392 5233 2452 5276 ut
2495 5224 2747 5291 probetur
2787 5229 2841 5274 et
2883 5220 3249 5286 examinetnr,
3291 5234 3399 5273 non
3433 5227 3490 5272 ut
3515 5218 3633 5288 ejus

2033 5330 2127 5368 cor
2174 5322 2490 5383 cognoscat,
2540 5311 2632 5382 qui
2685 5320 2810 5365 ante
2851 5311 3028 5365 omnia
3061 5313 3239 5375 novit,
3269 5311 3429 5365 etiam
3460 5310 3634 5378 prius-

2034 5421 2190 5472 quam
2237 5406 2600 5475 gignerentur,
2624 5402 2716 5458 sed
2759 5411 2816 5456 ut
2855 5417 2953 5455 nos
2993 5416 3377 5472 cognoscamus
3402 5443 3414 5463 ,
3446 5401 3536 5470 qui
3567 5416 3633 5456 ex

2033 5511 2210 5550 rerum
2243 5496 2385 5549 exitu
2427 5493 2706 5548 discimus.
2751 5493 2861 5546 lloc
2895 5493 3036 5547 enim
3079 5493 3182 5547 sibi
3210 5494 3319 5547 vult
3351 5494 3435 5549 hic
3466 5493 3590 5547 illud
3615 5531 3631 5558 ,

2097 5631 2169 5692 (a)
2201 5635 2311 5677 tunc
2333 5628 2450 5676 item
2480 5621 2822 5692 interpretatio
2844 5631 2921 5692 est
2941 5625 3223 5688 Symmachi.

2035 5686 2533 5812 l“(b')q‘t‘ti:§::sequoque
2559 5686 2904 5751 interpretatio
2921 5686 2998 5736 est
3013 5686 3298 5750 Symmachi.
3315 5693 3535 5750 Sequens
3550 5697 3628 5734 au-

2067 5767 2140 5799 -.m
2355 5785 2367 5796 .
3127 5759 3132 5765 ’

2067 5765 2140 5799 em
2166 5761 2367 5799 (mimae.
3127 5759 3132 5765 ’
