4056 6432
568 381 679 446 sts
790 364 791 367 γ

570 495 739 552 Proh
764 508 860 565 ass.
894 490 1099 548 Eii-ide
1123 488 2142 561 sistatuiqeitotisi’nmatmttntu

1344 657 1361 667 ο
1537 655 1544 671 ι
1806 673 1819 679 Δ
1921 674 1933 679 Δ
2091 666 2104 679 .

644 672 747 734 Via,
777 680 965 729 atcue
999 662 1081 727 vis
1101 669 1315 725 uirtutis.
1339 662 1412 710 ἐ-
1433 662 1691 736 Quamam
1740 673 1824 723 est
1848 674 2028 723 autem
2054 666 2139 721 via

564 748 803 824 aeterna.
844 761 944 831 nisi
986 758 1315 830 spiritualis,
1347 767 1402 814 et
1436 772 1557 828 qua:
1579 756 1727 813 ducit
1744 755 1798 812 in
1824 767 2012 821 catum
2039 796 2058 823 ,
2085 765 2142 812 et

564 853 712 924 cujus
755 867 860 927 non
888 842 970 907 est
996 849 1161 906 ditis?
1187 850 1303 905 Alia
1328 849 1471 905 enim
1500 848 1680 903 omnia
1708 852 1833 903 sunt
1861 848 2058 903 caduca
2086 858 2143 903 et

565 928 932 998 momentanea
957 983 973 1007 ,
1019 951 1075 997 et
1121 941 1227 1005 vita
1265 940 1513 1011 praesenti
1558 937 1963 995 concluduntur.
1993 941 2138 1007 Quo-

560 1050 699 1094 circa
736 1034 983 1089 omnibus
1008 1032 1376 1104 praetermissis
1396 1031 1546 1101 illam
1573 1028 1765 1102 quierit
1789 1045 1907 1101 qua:
1936 1039 2017 1085 est
2038 1028 2139 1085 im-

561 1106 832 1189 mortalia,
878 1137 997 1192 qua:
1038 1131 1121 1177 est
1164 1122 1498 1178 interminata
1522 1158 1541 1187 ,
1585 1135 1705 1191 quae
1741 1120 1808 1175 ad
1846 1119 2004 1175 finem
2029 1131 2136 1174 non

562 1215 817 1282 pervenit.
854 1208 1141 1283 Quomodo
1175 1219 1355 1267 autem
1394 1210 1685 1266 deducetur
1706 1210 1826 1280 quis
1850 1210 1916 1265 ad
1942 1208 2087 1265 illam
2110 1206 2137 1261 ἰδ

556 1303 614 1361 Si
656 1304 750 1367 Dei
802 1304 999 1373 auxilio
1026 1301 1261 1367 tutatur,
1288 1312 1340 1357 et
1371 1316 1434 1357 ea
1460 1316 1578 1368 quis
1600 1316 1695 1356 sua
1716 1310 1839 1355 sunt
1863 1299 2138 1367 conferat,

558 1394 805 1451 virtutem
847 1404 1197 1463 persequens,
1248 1390 1591 1461 philosophiae
1619 1390 1863 1456 deditus,
1892 1401 1948 1446 et
1974 1390 2139 1445 rebus

564 1494 683 1551 quia
728 1479 796 1533 ad
842 1478 982 1534 hanc
1023 1478 1181 1533 vitam
1228 1469 1530 1548 pertinent,
1577 1477 1842 1532 excelsior
1889 1476 2137 1533 euectus.

554 1571 685 1637 Qua:
729 1570 871 1627 enim
916 1568 988 1625 ad
1030 1568 1176 1623 illam
1201 1569 1362 1623 vitam
1388 1567 1687 1637 pertinent,
1715 1582 1825 1621 non
1846 1578 1971 1621 sunt
1991 1565 2135 1623 ﬂuxa

552 1668 611 1714 et
647 1667 1037 1715 momentanea.
1074 1657 1251 1714 Virtus
1288 1659 1514 1727 namque
1542 1658 1663 1713 talis
1686 1667 1770 1713 est
1796 1675 1812 1712 :
1842 1658 1999 1713 habet
2022 1659 2139 1714 τωο

550 1760 669 1805 ctus
684 1749 772 1823 qui
801 1757 1057 1818 perpetuo
1085 1746 1299 1813 ﬂorent,
1318 1758 1374 1802 et
1399 1763 1684 1817 numquam
1711 1748 2049 1813 ﬂaccescunt,
2075 1760 2133 1804 et

552 1834 689 1897 bona
718 1839 1043 1905 inmortalia
1069 1854 1101 1894 a
1130 1841 1235 1896 line
1256 1839 1401 1895 etab
1426 1840 1640 1896 interitu
1673 1844 1889 1895 omnino
1908 1841 2081 1897 aliena
2109 1860 2124 1897 :

551 1944 670 1998 qua:
710 1928 867 1985 detur
906 1918 1081 1983 nobis
1105 1928 1351 1984 omnibus
1389 1930 1675 1998 consequi,
1704 1932 1872 2000 gratia
1898 1939 1953 1985 et
1977 1930 2129 1985 beni-

550 2000 753 2088 guitate
790 2017 995 2072 Domini
1036 2016 1203 2073 nostri
1226 2015 1355 2073 toto
1380 2016 1575 2072 Christi
1596 2058 1611 2082 ,
1632 2018 1727 2073 cui
1753 2018 1917 2087 gloria
1943 2026 1998 2078 ct
2021 2020 2127 2074 im-

550 2107 756 2177 perium
777 2145 795 2174 ,
840 2120 985 2162 nunc
1023 2114 1079 2162 et
1114 2120 1328 2178 seraper
1350 2145 1375 2173 ,
1409 2114 1466 2163 et
1489 2106 1542 2161 in
1568 2107 1760 2163 saecula
1784 2109 2127 2164 mulorum.

548 2195 743 2253 Amen.

968 2324 1039 2381 IN
1061 2323 1378 2384 PSALIIUM
1406 2326 1693 2385 CXXXIX.

546 2434 602 2490 1.
645 2432 801 2507 Eripe
836 2452 945 2504 me,
982 2431 1225 2499 Domina,
1252 2436 1315 2491 ab
1336 2436 1536 2493 [tamine
1557 2439 1691 2495 man
1718 2455 1734 2494 :
1760 2456 1796 2494 α
1822 2440 1928 2496 uiro
1950 2441 2122 2516 iniquo

1202 2528 1337 2595 eripe
1360 2542 1460 2581 me.

617 2633 668 2687 1.
706 2630 948 2688 Voluntas
975 2628 1112 2688 inata
1146 2635 1396 2703 licinium
1438 2639 1659 2709 ναίηται
1685 2640 1807 2711 facit
1841 2642 1997 2712 feris;
2022 2645 2119 2699 Ιιο-

544 2720 668 2775 utili
706 2724 915 2775 eadem
933 2723 1063 2777 nihil
1082 2735 1264 2794 prata-
1281 2736 1577 2796 peccatum;
1605 2730 1754 2784 homo
1781 2732 1987 2788 vitiosus
2010 2736 2118 2806 {an

542 2810 837 2879 improbior.
864 2841 937 2853 —
965 2814 1064 2869 Ubi
1098 2831 1241 2870 nunc
1278 2826 1402 2871 sunt
1424 2820 1512 2887 qui
1539 2819 1724 2875 dicunt
1747 2860 1763 2887 ,
1794 2822 1970 2890 Quare
1990 2833 2121 2880 sunt

542 2902 705 2957 ferte?
748 2918 914 2973 quare
949 2906 1180 2975 scorpii?
1221 2923 1387 2977 quare
1435 2910 1669 2979 viperae?
1694 2911 1833 2968 Ecce
1857 2916 2001 2969 enim
2030 2917 2116 2971 in-

542 3003 756 3048 ventum
800 2989 883 3050 est
924 2997 1157 3063 animal,
1199 2998 1339 3068 quod
1367 3000 1622 3068 majorem
1650 3003 1885 3059 ostendit
1912 3004 2117 3075 impro-

540 3082 758 3141 bitatem
778 3126 794 3152 ,
836 3101 944 3142 non
972 3102 1039 3142 ex
1067 3098 1251 3145 natura
1271 3129 1287 3154 ,
1328 3092 1423 3146 sed
1453 3108 1520 3146 ex
1548 3092 1713 3147 libera
1740 3094 1907 3150 animi
1931 3096 2118 3153 volun-

541 3182 683 3242 tate,
714 3189 904 3244 nempe
932 3175 1111 3232 homo.
1141 3171 1269 3239 Ideo
1286 3175 1549 3247 propheta
1586 3198 1798 3254 quoque
1821 3186 1924 3240 iliis
1943 3188 2116 3242 omni-

547 3264 648 3320 bus
698 3266 1100 3343 praetermissis,
1149 3274 1303 3337 rogat
1347 3277 1405 3322 ut
1446 3266 1515 3323 ab
1547 3281 1617 3327 eo
1652 3267 1937 3330 liberatur.
1977 3274 2115 3345 Quid

542 3352 703 3425 ergo,
743 3356 830 3411 die
880 3356 1041 3423 mihi,
1077 3372 1299 3428 quaso,
1336 3361 1587 3430 quoniam
1632 3361 1678 3417 is
1721 3362 1839 3417 talis
1860 3374 1976 3431 est,
2007 3378 2114 3423 non

544 3445 777 3517 oportuit
813 3445 953 3517 gigni
995 3446 1274 3504 homines?
1316 3448 1423 3504 Sed
1461 3461 1717 3506 extremis
1755 3460 1838 3509 est
1867 3458 2113 3513 amentia

537 3531 640 3603 hoc
682 3534 890 3591 discere
931 3552 945 3589 :
992 3536 1122 3591 nihil
1166 3539 1305 3593 enim
1335 3549 1419 3594 est
1442 3541 1584 3611 quod
1612 3542 1769 3598 laedat
1796 3542 2069 3602 hominem
2093 3587 2111 3615 ,

535 3621 637 3676 nisi
666 3624 839 3678 solum
869 3635 1144 3694 peccatum
1178 3643 1193 3679 :
1223 3641 1289 3686 eo
1312 3639 1489 3684 autem
1513 3631 1723 3688 sublato
1744 3673 1759 3698 ,
1788 3636 1965 3690 omnia
1988 3648 2115 3693 sunt

533 3709 706 3769 facilia
729 3754 745 3779 ,
789 3716 1067 3786 expedita,
1110 3732 1174 3773 ac
1200 3721 1480 3790 tranquilla
1511 3738 1526 3775 :
1552 3724 1997 3794 quemadmodum
2018 3770 2033 3793 ,
2065 3730 2113 3785 si

532 3803 587 3860 id
631 3805 797 3873 adsit,
824 3816 947 3861 sunt
973 3808 1149 3863 omnia
1180 3812 1382 3880 scopuli
1403 3852 1420 3878 ,
1442 3824 1785 3885 tempestates
1812 3827 1867 3874 et
1892 3820 2111 3875 naufra-

532 3894 635 3963 gia.
678 3895 846 3951 Nemo
886 3907 1065 3954 autem
1108 3914 1206 3954 nos
1233 3902 1584 3981 condemnet,
1610 3906 1656 3961 si
1685 3906 1921 3964 dicamus
1949 3910 2111 3966 vitio-

534 3998 651 4038 sum
692 3984 960 4039 hominem
1005 4002 1125 4043 esse
1151 3988 1262 4044 fera
1292 3991 1669 4061 improbiorem
1698 4013 1713 4049 :
1744 4012 1806 4051 ea
1832 4000 1975 4055 enim
2005 4002 2108 4057 etsi

540 4076 831 4159 naturalem
872 4092 979 4132 non
1024 4079 1183 4134 habet
1208 4084 1667 4142 mansuetudinem
1690 4128 1705 4153 ,
1734 4097 1907 4159 potest
1932 4100 2108 4150 tamen

532 4152 690 4219 facile
732 4165 943 4237 decipi,
987 4178 1041 4223 et
1086 4170 1137 4225 id
1180 4172 1320 4241 quod
1353 4184 1472 4243 est,
1502 4190 1621 4233 esse
1645 4152 1920 4237 cernitur:
1949 4184 2109 4241 homo

531 4264 709 4311 autem
752 4273 840 4327 qut
884 4260 1060 4315 scelus
1103 4254 1390 4327 meditatur
1426 4306 1442 4332 ,
1466 4275 1522 4322 et
1547 4268 1728 4325 multis
1753 4285 1813 4327 se
1836 4272 1995 4330 larvis
2021 4276 2107 4331 in-

530 4344 691 4411 duit,
736 4346 893 4418 longe
933 4348 1201 4406 difficilius
1247 4353 1560 4415 observatur
1597 4367 1652 4413 et
1696 4373 1911 4418 cavetur
1950 4380 2108 4435 quam

534 4433 696 4500 tera,
722 4446 779 4527 ut
821 4439 911 4508 qui
955 4440 1069 4517 ovis
1114 4441 1309 4511 pellem
1339 4460 1482 4515 saepe
1512 4463 1621 4517 prie
1647 4464 1706 4505 se
1736 4452 1905 4520 ferat,
1928 4433 2109 4527 lupum

530 4533 708 4581 autem
734 4525 873 4583 intus
894 4530 1119 4584 occultel
1149 4548 1165 4584 :
1193 4541 1249 4588 et
1267 4533 1392 4589 ideo
1407 4537 1582 4605 multi,
1605 4537 1732 4594 dum
1762 4555 1868 4597 non
1891 4525 2105 4613 cavent,

534 4611 589 4669 in
638 4615 897 4683 ejusmodi
948 4616 1221 4675 hominum
1282 4621 1501 4694 laqueos
1545 4626 1802 4685 incidunt.
1847 4611 2107 4699 Quoniam

496 4750 506 4766 ,
530 4715 662 4773 ergo
686 4718 793 4758 non
816 4704 970 4761 facile
992 4707 1316 4781 deprehendi
1356 4726 1577 4782 possunt
1604 4717 1865 4785 ejusmodi
1891 4721 2105 4791 bestiae,

530 4792 788 4863 propheta
829 4795 896 4849 ad
925 4811 1110 4866 preces
1137 4804 1465 4857 convertitur
1488 4844 1503 4869 ,
1533 4814 1588 4859 et
1615 4806 1709 4862 Dei
1734 4809 1984 4878 implorat
2007 4828 2105 4865 an-

529 4881 713 4938 xilium
734 4924 750 4949 ,
780 4893 834 4937 ut
862 4900 891 4938 a
919 4886 1109 4941 talibus
1136 4888 1391 4946 liberetur
1417 4892 1640 4950 insidiis.
1667 4897 1939 4967 Ejusmodi
1964 4902 2109 4957 enim

530 4970 772 5027 homines
799 4988 942 5043 smpe
968 4977 1405 5045 subit-diabolus,
1439 4991 1493 5037 et
1518 4984 1591 5038 ita
1620 4985 1760 5041 ferit.
1793 4988 1949 5043 Multa
1976 5006 2104 5061 ergo

528 5071 653 5118 sntit
672 5102 689 5128 ,
718 5079 834 5133 quae
864 5064 1084 5122 tendunt
1109 5070 1338 5140 undique
1366 5072 1605 5129 insidias.
1636 5076 1769 5132 Nam
1796 5082 1958 5135 homo
1983 5097 2103 5139 sce-

528 5152 727 5208 leratus
769 5155 869 5211 hoc
914 5155 1150 5225 facit,pet
1179 5176 1350 5217 saevus
1374 5164 1579 5221 daemon
1613 5169 1811 5227 bellum
1840 5175 1978 5243 gerit
2002 5217 2015 5239 ,
2046 5188 2102 5233 ct

434 5291 451 5296 -
527 5241 858 5300 lntoleranda
890 5250 1109 5303 tentatio
1138 5251 1435 5307 molestiam
1457 5258 1690 5313 exhibet.
1715 5241 1979 5327 Quocirca
2006 5265 2101 5319 do-

524 5348 710 5390 cemur
733 5332 943 5392 orantes
970 5340 1145 5394 dicere
1165 5382 1180 5405 ,
1215 5340 1295 5395 Ne
1323 5360 1413 5396 nos
1437 5346 1644 5401 inducas
1671 5350 1720 5401 in
1755 5354 2097 5423 tentationem,

523 5426 614 5479 sed
640 5426 796 5483 libera
822 5445 911 5483 nos
939 5439 971 5482 a
1004 5432 1135 5483 malo
1167 5432 1376 5500 (Matii.
1411 5438 1465 5489 6.
1498 5439 1607 5506 15).
1640 5439 1816 5496 Varia:
1847 5454 1972 5498 sunt
2002 5461 2099 5516 pu—

523 5530 644 5580 gnae
662 5556 677 5581 ,
703 5520 947 5588 aciesque
968 5520 1299 5590 multiplices,
1332 5535 1385 5579 et
1413 5537 1623 5593 oportet
1648 5544 1766 5585 esse
1794 5545 2005 5600 paratos
2025 5538 2093 5591 ad

527 5607 725 5659 omnia.
770 5607 918 5663 Sicut
961 5610 1099 5681 enim
1137 5612 1225 5680 qui
1266 5614 1332 5666 ad
1375 5630 1522 5671 mare
1552 5631 1633 5671 est
1662 5633 1972 5679 accessurus
1995 5665 2012 5691 ,
2044 5636 2098 5682 et

532 5707 793 5762 aquarum
817 5694 1166 5755 violentarum
1189 5695 1471 5776 impetum,
1506 5707 1610 5763 vim
1640 5709 1948 5771 immanium
1969 5730 2097 5773 vcn-

1250 375 1309 434 s.
1348 373 1624 436 JOANNIS
1657 373 2131 433 cnnvsosrout
2164 356 2481 434 ABCBIEP.
2519 371 3058 433 CONSTANTINUP.

3737 377 3850 434 ιω

2250 497 2459 553 torum,
2505 486 2727 542 nubium
2770 500 3090 543 concursum
3114 526 3136 553 ,
3182 500 3450 558 rupesque
3488 495 3545 544 et
3584 489 3845 560 scopulos

2246 576 2507 642 marinos,
2532 574 2827 633 belluarutu
2853 575 3228 645 irruptionem,
3253 576 3544 646 piratarum
3572 578 3846 637 utemin-

2243 681 2398 731 nem,
2444 667 2683 733 famem,
2715 666 2899 732 sitim,
2933 667 3218 724 statiom
3245 681 3354 725 non
3381 669 3515 724 satis
3542 677 3716 726 tutam
3744 685 3843 726 na-

2244 758 2437 824 vibus,
2462 744 2742 814 nautarum
2770 758 3221 829 contemptionem
3239 800 3256 823 .
3285 759 3464 816 viatici
3487 760 3763 831 inopiam,
3784 770 3850 819 et

2242 861 2591 918 quascumque
2640 855 2770 902 sunt
2796 846 3118 919 _.ejustuodi,
3164 846 3324 905 debet
3373 850 3724 907 considerare
3772 865 3846 907 ac

2243 937 2551 1007 prospicere
2570 976 2594 1004 ,
2632 945 2693 992 et
2732 935 2992 995 adversus
3027 952 3091 995 ea
3118 940 3294 995 omnia
3318 929 3492 996 aciem
3518 940 3792 998 instruere
3825 961 3841 998 :

2241 1024 2315 1081 ita
2339 1026 2500 1082 etiam
2523 1026 2614 1095 qui
2639 1026 2784 1081 venit
2810 1023 2864 1081 in
2889 1026 3133 1097 euripum
3156 1027 3279 1100 vitm
3308 1030 3612 1098 praesentis,
3637 1031 3841 1087 adver-

2241 1131 2334 1173 sus
2361 1116 2605 1188 corporis
2627 1116 2968 1185 aﬂ'ectiones,
2997 1119 3257 1177 adversus
3272 1121 3497 1177 morbos
3515 1124 3681 1180 animi
3699 1162 3720 1192 ,
3740 1124 3846 1182 ad-

2238 1219 2426 1262 versus
2468 1206 2751 1263 hominum
2788 1208 3006 1265 insidias
3028 1249 3046 1274 ,
3083 1209 3343 1268 adversus
3380 1202 3721 1272 inimicorum
3747 1214 3842 1272 iu-

2235 1308 2423 1352 cursus
2444 1334 2461 1361 ,
2510 1302 2697 1351 contra
2744 1296 2990 1354 notorum
3032 1300 3325 1356 amicorum
3358 1301 3611 1371 fraudes,
3642 1314 3842 1364 contra

2239 1394 2606 1456 paupertatem
2645 1401 2707 1441 ac
2749 1397 3010 1444 tormenta
3027 1428 3049 1457 ,
3072 1390 3330 1447 adversus
3358 1387 3840 1466 contumelias5'et

2236 1474 2539 1532 daemonum
2582 1477 2869 1547 phalanges
2906 1478 3213 1550 diabolique
3236 1481 3475 1542 furorem
3486 1524 3516 1549 ,_
3536 1499 3636 1554 par
3658 1497 3745 1543 est
3772 1495 3842 1545 ut

2233 1579 2295 1622 se
2334 1575 2618 1635 praeparet,
2650 1566 2697 1622 si
2723 1568 2938 1638 quidem
2970 1568 3041 1624 sit
3067 1570 3121 1625 in
3152 1571 3334 1627 urbem
3364 1572 3566 1643 regiam
3591 1589 3836 1644 perven-

2233 1664 2386 1710 turus
2406 1696 2425 1722 ,
2452 1664 2509 1712 et
2537 1659 2806 1715 mercibus
2832 1668 3053 1716 onustus
3070 1660 3126 1716 in
3154 1672 3362 1732 portum
3389 1666 3744 1735 appulsurus.

2305 1743 2548 1800 Dictum
2580 1747 2807 1803 absolute
2842 1750 3052 1815 metu;
3090 1752 3256 1811 uictus
3294 1752 3391 1807 sibi
3412 1753 3513 1824 ipsi
3532 1754 3636 1809 soli
3661 1765 3834 1812 nocet.

2229 1863 2299 1873 —
2320 1834 2494 1904 Atque
2518 1833 2608 1890 hic
2632 1835 2849 1906 quidem
2871 1847 3028 1893 vocat
3051 1840 3252 1895 malum
3273 1840 3544 1898 hominem
3570 1861 3585 1898 :
3608 1845 3834 1915 quando

2230 1930 2411 1977 autem
2459 1923 2693 1994 loquitur
2738 1925 2807 1982 de
2852 1926 3101 1994 diabolo,
3149 1929 3396 1986 absolute
3438 1931 3572 1988 dicit
3599 1935 3832 1991 malum.

2229 2012 2467 2080 Quanam
2506 2014 2574 2070 de
2599 2016 2803 2071 causa?
2831 2018 3092 2084 Quoniam
3122 2018 3239 2088 ipse
3263 2028 3346 2076 est
3378 2030 3532 2091 pater
3556 2022 3827 2093 improbi-

2231 2102 2354 2157 tatis
2378 2120 2392 2157 :
2423 2112 2479 2158 et
2506 2103 2627 2160 ideo
2653 2104 2849 2161 dicitur
2870 2106 3042 2164 malm
3070 2122 3166 2178 per
3190 2110 3567 2166 excellentiam
3589 2153 3606 2178 ,
3642 2122 3699 2169 et
3726 2128 3831 2184 pro

2226 2194 2443 2250 nomine
2493 2196 2713 2265 proprio
2756 2196 2951 2253 sufﬁcit
2991 2198 3308 2268 adjectivum
3352 2211 3575 2270 propter
3612 2204 3831 2275 insigne

2225 2284 2411 2346 vitium
2432 2324 2449 2351 ,
2493 2285 2634 2355 quod
2659 2286 2873 2357 quidem
2903 2303 3011 2344 non
3035 2298 3121 2345 est
3141 2289 3358 2346 insitum
3384 2302 3575 2347 natura
3593 2331 3614 2361 ,
3644 2294 3743 2350 sed
3766 2294 3824 2352 ei

2224 2375 2467 2430 accessit.
2495 2362 2649 2443 Quod
2676 2376 2724 2431 si
2751 2376 2911 2433 etiam
2937 2378 3076 2435 scire
3108 2378 3243 2435 velis
3267 2380 3413 2436 unde
3433 2383 3504 2437 sit
3525 2382 3822 2441 deductum

2223 2480 2419 2520 nomen
2464 2465 2854 2536 improbitatis,
2899 2484 3145 2540 magnum
3173 2486 3387 2543 quoque
3422 2474 3550 2528 hinc
3579 2475 3818 2533 fructum

2216 2554 2507 2623 percipies.
2552 2554 2877 2626 [inprobitas
2904 2558 3048 2616 enim
3094 2557 3281 2618 Grece
3303 2562 3444 2619 dicta
3470 2574 3555 2619 est
3581 2580 3819 2639 πονηρία,

2220 2656 2288 2697 eo
2326 2642 2469 2723 quod
2514 2652 2685 2711 πόνον,
2726 2646 2829 2702 hoc
2868 2656 2951 2703 est
2972 2688 2987 2713 ,
3016 2649 3251 2706 laborem
3276 2660 3334 2707 et
3359 2669 3655 2711 aerumnam
3685 2672 3819 2729 pos-

2221 2737 2421 2792 sessori
2462 2737 2669 2795 afferat.
2696 2739 2956 2807 Quocirca
2984 2741 3199 2811 quidam
3229 2745 3445 2813 sapiens
3472 2746 3576 2803 hoc
3605 2748 3823 2820 signiti-

2218 2840 2348 2882 cans
2388 2827 2520 2884 dicit
2547 2846 2562 2882 :
2594 2827 2659 2885 Si
2684 2831 2755 2884 sis
2780 2830 2971 2897 malus,
3002 2831 3140 2887 solus
3166 2835 3367 2890 haurias
3392 2836 3531 2891 mala
3563 2853 3581 2890 :
3609 2839 3694 2893 sits
3719 2838 3817 2895 δο-

2219 2934 2313 2973 nus
2331 2958 2347 2983 ,
2372 2918 2459 2972 tibi
2482 2919 2583 2988 ipsi
2599 2931 2746 2990 atque
2768 2922 2867 2975 tuis
2883 2921 3124 2991 proximis
3152 2921 3331 2992 (Ρνου.
3363 2924 3417 2979 9.
3450 2928 3564 2999 ta).
3591 2929 3655 2983 Et
3674 2944 3816 3000 quo-

2218 3006 2380 3063 modo
2403 3047 2420 3073 ,
2440 3008 2583 3065 dicet
2610 3011 2897 3080 quispiam,
2922 3010 3101 3066 malus
3125 3013 3273 3069 solus
3303 3012 3442 3070 mala
3471 3015 3690 3076 haurit?
3714 3024 3816 3076 At-

2220 3099 2313 3168 qui
2353 3097 2548 3153 multos
2592 3096 2800 3170 probris
2843 3109 2898 3156 et
2925 3101 3265 3158 contumeliis
3286 3101 3473 3162 allicit.
3503 3107 3611 3163 Sed
3635 3110 3815 3165 nemi-

2217 3202 2342 3243 nem
2383 3184 2528 3243 lasdit
2550 3230 2568 3258 ,
2586 3226 2592 3231 ο
2610 3189 2700 3260 qui
2742 3204 2850 3246 non
2883 3191 2953 3247 sit
2976 3184 3154 3247 mollis
3175 3233 3196 3263 ,
3219 3192 3440 3264 ignavus
3466 3205 3524 3253 et
3551 3197 3716 3255 iners.
3744 3198 3817 3258 Et

2217 3277 2262 3331 si
2291 3278 2422 3334 velis
2442 3319 2458 3345 ,
2488 3279 2629 3334 malo
2655 3278 2871 3336 homine
2895 3280 3147 3349 dimisso,
3182 3283 3357 3354 ipsum
3384 3287 3585 3344 malum
3610 3289 3815 3348 damo-

2217 3384 2341 3425 nem
2386 3370 2441 3424 in
2466 3370 2701 3427 medium
2728 3371 3073 3430 adducamus.
3104 3376 3200 3431 Dic
3226 3378 3360 3434 mihi
3391 3391 3605 3451 autem,
3630 3388 3813 3442 annon

2216 3472 2429 3514 omnem
2466 3475 2617 3516 suam
2657 3461 2845 3518 eﬂudit
2888 3464 3325 3535 improbitatem?
3348 3485 3477 3525 num
3504 3471 3645 3529 laesit
3668 3472 3813 3531 Job?

2216 3562 2394 3603 annon
2435 3549 2585 3605 illum
2622 3552 2836 3623 quidem
2874 3554 3109 3612 reddidit
3145 3557 3427 3614 clariorem
3448 3601 3464 3627 ,
3496 3563 3600 3617 sibi
3624 3575 3807 3623 autem

2214 3640 2515 3709 graviorem
2539 3641 2745 3712 lapsum
2765 3647 3110 3714 procuravitl
3133 3648 3270 3716 Quid
3292 3665 3418 3707 vero
3441 3652 3603 3711 Cain!
3629 3670 3813 3717 annon

2215 3724 2361 3785 solus
2406 3732 2545 3787 mala
2590 3732 2803 3791 hausit?
2851 3736 3002 3803 Non,
3049 3740 3250 3810 inquit,
3302 3742 3398 3798 sed
3442 3747 3607 3801 etiam
3647 3748 3809 3806 Abel.

2215 3820 2492 3888 Quomodo
2514 3862 2531 3891 ,
2562 3832 2618 3878 et
2642 3839 2744 3893 qua
2773 3826 3017 3882 ratione?
3036 3829 3169 3895 Quia
3194 3831 3441 3889 celeriter
3460 3838 3809 3897 transmissus

2216 3918 2299 3965 est
2340 3914 2394 3965 in
2438 3922 2649 3981 portum
2690 3915 2852 3971 nullis
2877 3917 3125 3974 fluctibus
3149 3921 3427 3991 agitatum.
3455 3924 3566 3982 Sed
3593 3926 3699 3984 hoc
3724 3938 3810 3987 est

2214 4001 2501 4057 maximum
2543 4017 2714 4073 genus
2752 4006 3031 4077 beneﬁcii,
3063 4010 3205 4080 quod
3246 4027 3307 4068 re
3332 4029 3364 4069 a
3391 4029 3455 4071 se
3485 4027 3636 4074 recte
3659 4029 3806 4089 gesta

2214 4092 2404 4148 obierit
2421 4133 2439 4159 ,
2468 4095 2608 4164 quod
2635 4096 2691 4151 in
2718 4101 2992 4156 communi
3021 4111 3225 4159 natura:
3249 4104 3431 4162 debito
3451 4109 3620 4178 probe
3638 4126 3804 4183 nego-

2215 4182 2375 4239 tiatus
2417 4184 2505 4238 sit.
2536 4184 2668 4240 Nam
2695 4188 2838 4257 quod
2866 4200 2983 4246 erat
3010 4193 3130 4249 aliis
3154 4209 3473 4263 commune,
3499 4210 3557 4257 et
3582 4182 3804 4261 accide-

2212 4272 2302 4328 bat
2326 4288 2393 4327 ex
2423 4277 2775 4343 necessitate,
2806 4278 2908 4335 hoc
2935 4282 2984 4336 ei
3009 4295 3131 4337 cum
3158 4288 3333 4355 ampla
3366 4290 3618 4347 mercede
3643 4308 3805 4349 acce-

2212 4362 2310 4417 dit.
2359 4361 2472 4418 Hoc
2520 4379 2624 4419 non
2666 4377 2783 4423 erat
2818 4370 3017 4426 malum
3055 4373 3355 4444 sustinere,
3398 4379 3493 4433 sed
3517 4381 3803 4441 clariorem

2212 4452 2373 4521 capiti
2400 4465 2653 4509 coronam
2678 4456 2979 4527 imponere.
3008 4459 3144 4529 Quid
3172 4465 3521 4539 veroJoseph
3546 4472 3803 4531 laeserunt

2211 4539 2441 4597 fratres?
2470 4560 2645 4601 nonne
2680 4549 2777 4616 ipsi
2806 4549 2904 4604 soli
2930 4551 3070 4607 mala
3097 4552 3433 4614 hauserunt?
3461 4562 3531 4615 At
3555 4561 3655 4618 fuit
3675 4604 3692 4629 ,
3719 4567 3803 4622 in-

2210 4630 2359 4702 quit,
2402 4647 2607 4700 servus.
2648 4636 2786 4704 Quid
2827 4640 2976 4695 tum?
3018 4640 3134 4713 Ego
3169 4660 3296 4701 vero
3336 4646 3459 4704 dico
3484 4664 3609 4707 eum
3633 4654 3797 4712 etiam

2210 4724 2444 4779 vinctum”
2474 4726 2492 4757 ⁸
2535 4725 2721 4783 fuisse.
2751 4728 2857 4785 Sed
2885 4747 2991 4787 non
3019 4735 3227 4792 esthoc
3252 4740 3394 4809 quod
3416 4744 3697 4813 quaeritur,
3728 4762 3797 4805 an

2210 4812 2369 4870 fuerit
2409 4831 2598 4874 servus
2616 4860 2633 4885 ,
2662 4828 2717 4876 et
2751 4822 2806 4878 in
2832 4824 3057 4881 vinculis
3089 4845 3103 4879 :
3135 4828 3230 4883 sed
3258 4845 3326 4885 an
3352 4847 3419 4887 ex
3448 4849 3514 4890 eo
3540 4812 3796 4896 damnum

2210 4905 2374 4960 ullum
2399 4909 2685 4979 acceperit.
2708 4908 3043 4969 Contrarium
3069 4918 3213 4973 enim
3241 4920 3541 4981 invenimus
3558 4967 3575 4992 ,
3603 4942 3797 5001 neinpe

2209 5009 2330 5050 eum
2380 4998 2604 5066 plurima
2655 5000 2919 5057 lucratum
2968 5019 3123 5074 esse,
3169 5012 3342 5080 utqui
3364 5014 3601 5085 sitapud
3627 4998 3794 5076 Deum

2208 5087 2486 5156 plurimam
2533 5086 2780 5146 fiduciam
2820 5106 3208 5166 consequutus,
3237 5110 3294 5155 et
3317 5116 3416 5173 per
3440 5118 3503 5159 ea
3528 5121 3648 5177 qua
3674 5124 3797 5167 esse

2206 5176 2520 5233 videbantur
2546 5181 2844 5251 contraria,
2874 5198 3195 5255 presentem
3224 5194 3491 5265 acceperit
3517 5176 3793 5269 prosperi-

2208 5274 2389 5321 tatem.

2275 5349 2303 5409 1
2312 5357 2505 5427 mprobi
2541 5375 2641 5413 non
2667 5362 2903 5433 timendi,
2932 5368 3022 5422 sed
3050 5369 3341 5428 miserandi.
3374 5373 3531 5432 Malis
3572 5379 3793 5437 [contini-

2207 5446 2295 5499 ιω
2321 5463 2419 5501 non
2447 5449 2812 5508 insuftandum.
2844 5454 2871 5509 1
2877 5460 3197 5527 mproborum
3226 5467 3531 5523 consuetudo
3562 5473 3791 5529 vitanda.

2204 5566 2275 5578 —
2296 5537 2373 5592 Ne
2402 5539 2559 5608 igitur
2589 5543 2866 5601 timeamus
2887 5548 3182 5620 improbos,
3203 5554 3298 5610 sed
3325 5571 3511 5615 eorum
3537 5564 3791 5621 miserea-

2268 5668 2585 5761 :£*.'::..‘a:':i
2607 5680 3172 5761 atriensem
3185 5719 3201 5761 ρ
3215 5698 3320 5757 ws».
3341 5696 3557 5761 ες-νιης.
3574 5709 3775 5761 me...

2190 5729 2360 5785 Greco
2390 5731 2597 5796 legerat,
2620 5738 2781 5800 vertit,
2810 5729 3479 5810 υοὶιιῦιιὶὶίιῖέἱδόξ
