4056 6456
263 368 370 439 iii

263 512 414 553 mur.
475 491 627 551 Tunc.
678 492 822 549 enim
864 492 985 563 iure
1029 489 1243 561 quidem
1292 497 1445 543 erant
1474 485 1732 550 timendi,
1762 497 1886 538 cum

267 585 515 643 nondum
556 596 742 656 aperta
790 592 938 639 esset
981 576 1088 638 alta
1124 582 1206 635 via
1234 623 1249 644 ,
1281 595 1403 651 qua:
1430 578 1653 634 duceret
1678 578 1744 631 ad
1775 577 1891 647 plilo

267 676 575 747 locuphiam
605 695 621 731 :
649 692 793 732 nunc
811 676 992 732 autem
1031 689 1137 729 non
1179 673 1410 743 amplius
1434 714 1450 739 ,
1482 681 1605 725 cum
1635 668 1890 739 deinceps

262 770 391 826 cali
436 772 593 826 nobis
642 777 896 840 pateant,
945 777 1002 823 et
1048 765 1296 821 homines
1333 763 1508 835 angeli
1552 761 1727 818 effecti
1756 763 1885 818 sint.

263 861 405 920 Nam
450 869 509 919 et
548 862 722 916 bestia
761 875 883 932 qua:
908 874 1035 916 cum
1066 872 1263 927 magno
1294 857 1496 927 impetu
1526 855 1682 910 irruit
1707 856 1761 910 in
1794 853 1889 909 ha-

262 966 369 1013 stae
396 956 605 1021 aciem,
632 952 849 1008 videtur
877 950 1094 1024 quidem
1126 963 1251 1004 eum
1282 949 1466 1003 ulcisci
1494 947 1586 1018 qui
1620 955 1768 1003 tenet
1791 945 1886 1001 ba-

264 1057 410 1103 stam
430 1087 448 1112 ,
497 1051 685 1101 verum
728 1042 935 1113 sibiipsi
964 1041 1183 1112 gravius
1212 1029 1407 1094 vulnus
1437 1036 1630 1109 inﬂigit
1663 1056 1677 1093 :
1709 1046 1765 1094 et
1792 1036 1885 1108 qui

262 1149 460 1197 contra
489 1134 767 1195 stimulum
792 1136 1057 1200 calcitrat,
1088 1132 1272 1189 itidem
1302 1131 1468 1202 pedes
1488 1130 1589 1186 sibi
1613 1132 1881 1186 cruentat.

337 1231 397 1287 9..
451 1229 597 1287 Talis
646 1235 731 1285 est
775 1228 981 1293 virtus,
1013 1222 1264 1280 stimulus
1306 1232 1363 1278 et
1397 1222 1609 1294 gladius
1642 1229 1833 1278 acutus
1865 1239 1880 1277 :

263 1336 462 1378 omnes
508 1330 689 1375 autem
740 1317 969 1389 improbi
1018 1324 1145 1372 sunt
1181 1314 1519 1383 deteriores,
1562 1321 1620 1370 ct
1659 1314 1884 1369 rationis

264 1414 441 1483 magis
469 1420 721 1483 expertes
749 1419 912 1482 quam
940 1402 1149 1465 bestiae.
1178 1408 1406 1476 Quando
1432 1422 1563 1479 ergo
1592 1407 1765 1463 bonos
1793 1409 1883 1462 in-

264 1505 491 1569 vadunt,
519 1519 579 1558 se
608 1503 754 1574 ipsos
772 1502 993 1573 gravius
1007 1500 1323 1557 confodiunt
1346 1519 1360 1555 :
1380 1500 1485 1555 illis
1504 1500 1720 1571 quidem
1739 1514 1883 1571 saepe

264 1594 319 1650 in
354 1588 579 1664 pecunia
600 1635 615 1661 ,
641 1592 725 1648 vel
751 1597 913 1648 etiam
946 1593 999 1646 in
1025 1606 1251 1662 corpore
1274 1590 1531 1645 damnum
1553 1588 1877 1648 afferentes:

263 1684 479 1755 seipsos
526 1693 705 1739 autem
750 1683 804 1737 in
844 1682 1023 1736 anima
1045 1722 1061 1749 ,
1092 1680 1237 1753 quod
1263 1681 1479 1752 quidem
1510 1689 1595 1737 est
1623 1697 1755 1737 vere
1780 1682 1879 1737 da-

263 1786 455 1830 mnum
478 1819 492 1841 ,
529 1775 811 1831 la-dentes.
849 1773 905 1830 Si
934 1774 1078 1830 enim
1108 1774 1162 1829 in
1192 1775 1411 1845 propria
1440 1787 1541 1830 nos
1564 1775 1761 1832 virtute
1788 1776 1883 1832 Ιεεο

258 1868 419 1924 deret
459 1869 715 1923 damnum
764 1868 1040 1939 pecunire,
1082 1882 1188 1923 non
1227 1868 1573 1938 praecepisset
1600 1860 1796 1923 Paulus
1822 1875 1880 1924 ut

259 1961 514 2032 iniuriam
565 1971 911 2031 pateremur,
961 1976 1067 2015 non
1115 1969 1292 2015 autem
1325 1959 1623 2016 faceremus
1648 1960 1725 2031 (i.
1755 1959 1877 2016 Cor.

258 2051 317 2109 6.
356 2042 439 2122 7).
482 2050 541 2108 Si
569 2053 946 2107 malumtesset
976 2052 1170 2122 injuria
1198 2050 1340 2107 affici
1366 2092 1382 2117 ,
1416 2065 1523 2106 non
1550 2052 1641 2122 qui
1664 2062 1747 2107 est
1778 2052 1878 2106 ho-

260 2152 457 2200 norum
502 2144 777 2215 legislator
811 2143 951 2199 mala
986 2142 1258 2214 iussisset.
1292 2142 1492 2199 Verum
1520 2144 1764 2215 quamvis
1788 2156 1877 2202 res

258 2233 335 2289 ita
380 2249 443 2290 se
487 2233 717 2289 habeant
741 2275 757 2299 ,
808 2248 916 2288 non
953 2241 1166 2304 Oportet
1194 2233 1350 2287 malis
1375 2234 1667 2303 insultare,
1696 2248 1795 2291 nec
1823 2236 1875 2291 in

257 2339 357 2380 eos
403 2325 661 2396 impetum
704 2323 915 2391 facere,
961 2323 1057 2379 sed
1103 2336 1292 2380 eorum
1336 2324 1505 2380 vitare
1533 2327 1878 2382 consuetudi-

260 2432 386 2471 nem
421 2435 435 2471 :
463 2419 508 2470 si
551 2416 842 2482 invadunt,
874 2415 997 2471 forti
1023 2425 1079 2471 et
1104 2428 1369 2487 generoso
1396 2417 1578 2472 animo
1602 2433 1697 2473 eos
1726 2420 1874 2474 exci-

258 2518 412 2579 pere.
450 2508 571 2564 ideo
598 2510 744 2563 enim
772 2509 1028 2579 iubemur
1053 2520 1241 2576 orare,
1274 2524 1342 2564 ne
1371 2510 1633 2565 intremus
1663 2512 1717 2566 in
1752 2520 1871 2567 ten-

260 2601 538 2655 tationem.
578 2601 840 2668 QuocirCa
882 2601 998 2671 ipse
1023 2615 1234 2671 quoque
1262 2614 1387 2655 cum
1413 2601 1676 2669 dixisset,
1710 2602 1869 2674 Eripe

259 2708 341 2745 me
360 2734 375 2757 ,
413 2680 667 2759 Domine,
698 2691 762 2745 ab
790 2689 994 2745 homine
1018 2692 1154 2745 malo
1174 2732 1189 2757 ,
1220 2692 1527 2762 subiunxit,
1563 2693 1606 2746 A
1634 2696 1740 2748 viro
1766 2696 1871 2749 ini-

257 2800 358 2852 quo
399 2784 538 2853 eripe
581 2799 660 2837 me
709 2798 728 2836 :
773 2796 980 2852 ponens
1011 2794 1199 2838 rursus
1225 2784 1478 2853 generale
1507 2798 1702 2839 nomen
1731 2786 1868 2840 vitii.

255 2867 375 2930 Non
409 2874 582 2929 solum
610 2876 755 2930 enim
786 2884 907 2929 cum
938 2875 1028 2945 qui
1060 2874 1113 2929 in
1142 2876 1365 2945 pecunia
1385 2916 1401 2943 ,
1431 2874 1525 2931 scd
1555 2891 1676 2932 eum
1705 2879 1868 2934 etiam

255 2968 348 3039 qui
390 2967 551 3022 estin
581 2966 836 3023 oumibus
864 2967 984 3024 aliis
1014 2968 1248 3037 iniustus
1278 2967 1365 3023 hic
1393 2968 1540 3024 dicit.
1572 2969 1745 3040 Rogat
1766 2986 1868 3026 auo

255 3064 367 3113 tem
430 3067 489 3113 ut
548 3058 840 3124 liberetur,
902 3073 970 3114 ne
1012 3058 1169 3114 cadat
1208 3072 1307 3115 nec
1361 3058 1452 3115 flat
1508 3069 1565 3115 ut
1617 3061 1708 3118 ille
1758 3070 1864 3118 est.

254 3149 372 3204 Non
425 3151 557 3220 petit
604 3149 883 3215 absolute,
943 3150 1045 3205 nisi
1098 3162 1223 3206 cum
1281 3166 1376 3207 sua
1425 3151 1572 3222 prius
1618 3155 1865 3209 contulee

254 3246 342 3300 rit.
389 3227 464 3301 Ἐι
509 3244 634 3300 ideo
670 3259 795 3299 cum
840 3246 893 3300 in
942 3244 1049 3302 ilue
1093 3245 1285 3316 prioris
1329 3247 1527 3302 Psahni
1567 3263 1660 3303 eos
1696 3249 1866 3320 fugis—

251 3346 384 3403 set,
434 3347 489 3392 et
528 3352 717 3392 eorum
760 3338 1239 3403 consuetudinem,
1279 3338 1365 3394 hic
1407 3341 1538 3408 petit
1578 3340 1670 3395 Dei
1715 3343 1867 3397 auxi-

254 3428 408 3483 lium.
448 3428 573 3491 ‘lliic
618 3430 763 3485 enim
803 3445 924 3499 quae
966 3444 1063 3484 sua
1107 3439 1263 3486 erant
1301 3432 1604 3488 contuierat
1641 3434 1861 3501 dicens,

265 3518 375 3575 Viri
405 3522 750 3592 sanguinum,
782 3521 1034 3577 declinata
1058 3539 1090 3576 a
1119 3538 1232 3590 me,
1265 3524 1387 3595 quia
1412 3523 1619 3596 litigiosi
1653 3526 1773 3581 estis
1810 3527 1865 3582 in

251 3612 641 3683 cogitationibus
686 3612 887 3684 (Psal.
939 3613 1067 3671 i38.
1123 3615 1237 3687 i9)
1281 3633 1295 3671 :
1350 3615 1438 3671 hic
1481 3626 1660 3672 autem
1711 3626 1867 3689 rogat

252 3702 424 3760 Deum
452 3710 512 3759 ut
539 3703 797 3760 liberetur
825 3703 896 3759 ab
924 3719 1113 3761 eorum
1151 3706 1515 3777 improbitate.
1563 3707 1681 3763 Non
1718 3708 1862 3764 enim

250 3805 475 3864 panum
499 3804 592 3850 aut
619 3795 737 3852 leve
772 3796 901 3867 quid
932 3807 1015 3853 est
1050 3796 1119 3853 ad
1142 3801 1507 3864 securitatem,
1543 3800 1612 3855 ad
1640 3800 1860 3857 liberta-

251 3894 384 3951 tem,
406 3895 464 3942 et
486 3900 703 3943 omnem
730 3887 1086 3959 voluptatem,
1116 3888 1337 3944 liberari
1383 3905 1413 3944 a
1456 3890 1549 3946 tali
1576 3890 1857 3947 hominum

247 3987 419 4041 cmtu,
461 3987 514 4033 et
538 3992 698 4047 quam
725 3978 1041 4050 longissime
1067 3979 1136 4034 ab
1161 3980 1531 4050 improborum
1578 3990 1863 4039 consuetu-

248 4068 378 4122 dine
404 4069 633 4136 versari,
677 4070 787 4124 imo
823 4078 956 4125 vero
999 4082 1192 4141 magna
1242 4082 1327 4127 est
1372 4071 1621 4129 felicitas.
1658 4075 1861 4132 Deinde

251 4161 493 4231 ipsorum
547 4161 860 4217 describens
912 4164 1356 4233 improbitatem,
1412 4165 1561 4221 addit
1620 4180 1677 4223 et
1724 4169 1800 4223 ait
1843 4186 1857 4223 :

249 4254 305 4308 3.
340 4253 445 4320 Qui
469 4254 816 4324 cogitaverunt
837 4254 1155 4325 iniquitatem
1190 4257 1243 4309 in
1267 4256 1423 4310 corde
1452 4266 1471 4311 :
1500 4267 1606 4312 tota
1634 4259 1717 4313 die
1738 4276 1860 4314 con-

248 4345 527 4397 stituebant
553 4344 756 4413 prtelia.
788 4343 982 4399 Vidisti
1007 4345 1281 4415 quomodo
1309 4347 1420 4401 sint
1447 4336 1598 4412 ferai,
1622 4365 1742 4420 qua:
1771 4351 1859 4405 vix

249 4435 429 4488 caveri
464 4444 708 4503 possunt,
750 4447 809 4491 ut
836 4437 928 4507 qui
973 4437 1114 4493 maia
1145 4437 1197 4492 in
1230 4438 1415 4494 animo
1455 4442 1857 4509 machinentur,

247 4536 305 4580 et
334 4524 514 4580 celent
544 4525 596 4580 in
621 4529 832 4582 arcanis
870 4528 1112 4583 insidias.
1158 4528 1542 4601 Cogitaverunt,
1584 4534 1775 4605 inquit,
1804 4538 1859 4591 in

247 4618 435 4682 corde;
459 4616 562 4672 hoc
586 4628 694 4685 est,
726 4634 833 4674 non
864 4629 1017 4675 extra
1057 4624 1420 4692 protulerunt,
1458 4626 1553 4680 sed
1578 4626 1720 4681 intus
1745 4629 1859 4697 agi-

251 4712 437 4765 tabant
481 4720 537 4766 et
571 4712 859 4767 versabant
900 4712 1076 4769 scelus
1102 4716 1484 4784 parturientes,
1516 4727 1572 4774 et
1598 4722 1741 4791 quod
1776 4731 1859 4777 est

249 4804 493 4859 omnium
521 4805 923 4875 gravissimum,
958 4821 1064 4861 non
1087 4807 1265 4883 aliqua
1298 4812 1604 4867 temeritate
1631 4814 1852 4880 inducti,

251 4912 352 4952 nec
374 4899 635 4967 perversi,
674 4898 767 4954 sed
791 4913 1008 4955 omnem
1055 4915 1277 4971 operam
1304 4912 1361 4958 et
1388 4905 1623 4961 studium
1653 4904 1708 4961 in
1736 4923 1855 4963 eam

249 5004 366 5043 rem
404 4988 767 5044 conferentes.
799 4989 912 5045 Hoc
952 4992 1100 5047 etiim
1128 4992 1231 5047 sibi
1267 4995 1381 5049 vult
1406 4996 1557 5063 illud,
1589 4995 1857 5069 ﬂagitave-

250 5089 393 5147 runt,
427 5095 623 5150 nempe
660 5082 807 5136 omni
848 5083 1045 5148 studio,
1090 5093 1146 5139 et
1175 5087 1408 5141 maxima
1456 5087 1621 5144 animi
1664 5090 1859 5146 alacri-

254 5180 384 5226 tate.
418 5170 548 5224 Tota
587 5172 670 5225 die
712 5174 1082 5229 constituebant
1109 5176 1314 5247 praelia.
1348 5177 1452 5232 Per
1497 5180 1613 5234 iure
1640 5195 1854 5237 omnem

250 5262 415 5315 vitam
446 5262 733 5333 significat.
762 5263 910 5319 Belia
938 5275 1116 5321 autem
1144 5266 1470 5336 subindicat,
1505 5286 1613 5326 non
1642 5287 1704 5327 ea
1735 5290 1857 5345 quae

252 5352 517 5407 instructa
547 5354 687 5418 acie,
710 5370 810 5411 nec
839 5371 959 5426 qua:
987 5358 1151 5413 armis
1177 5369 1457 5428 geruntur,
1491 5363 1586 5418 sed
1616 5380 1735 5434 quso
1760 5381 1858 5436 pa-

253 5446 385 5500 ratis
407 5445 634 5509 insidiis,
657 5461 777 5517 quzc
804 5458 858 5501 et
884 5449 935 5503 in
970 5448 1085 5504 foro
1115 5458 1171 5504 et
1189 5450 1332 5505 domi
1357 5466 1552 5521 gerunt
1580 5456 1851 5522 homines,

252 5552 361 5591 non
411 5536 632 5608 thorace
675 5538 868 5604 induti,
917 5556 1016 5595 nec
1066 5542 1257 5613 clypeo
1308 5548 1553 5611 protecti.
1602 5548 1698 5604 sed
1758 5566 1856 5617 pro

251 5626 503 5682 munibus
545 5630 711 5684 armis
753 5632 1097 5702 improbitate
1140 5644 1374 5702 utentes,
1424 5647 1477 5692 et
1526 5642 1688 5695 verba
1733 5643 1857 5698 telis

252 5717 534 5775 acerbiora
576 5720 870 5778 mittentes.
919 5723 1280 5794 improbitatis
1324 5739 1504 5784 autem
1544 5746 1732 5787 eorum
1774 5743 1857 5789 est

256 5809 362 5868 hoc
389 5812 705 5882 maximum,
735 5814 879 5885 quod
914 5830 1019 5872 non
1053 5816 1227 5873 solum
1269 5819 1380 5875 sint
1424 5823 1619 5892 dolosi,
1662 5827 1768 5885 ficti
1798 5837 1851 5885 et

1372 365 1737 425 EXPOSITIO
1775 365 1840 421 ΙΝ
1880 364 2205 424 ιἐΑιιιυιιι
2244 365 2532 426 CXXXIX.

3508 385 3617 441 £22

2012 474 2379 552 simulaturos,
2431 502 2531 541 nec
2560 490 2701 560 quod
2729 491 2797 546 ad
2827 492 2965 550 bella
2997 504 3051 550 et
3079 498 3258 567 praelia
3292 504 3483 571 parati,
3516 508 3612 563 sed

2004 575 2166 629 etiam
2191 577 2335 646 quod
2366 593 2461 647 per
2490 589 2652 636 totam
2697 583 2882 652 vitam,
2923 589 3047 643 tetri
3091 589 3250 661 hujus
3278 594 3406 651 belli
3449 600 3612 655 nulla:

2001 667 2112 723 sint
2140 668 2389 725 inducite.
2423 672 2586 743 Atqui
2616 674 2662 729 si
2691 675 2943 732 volebant
2966 678 3306 752 belligerare,
3335 687 3495 745 aliam
3522 694 3615 761 ius

2003 769 2143 815 stam
2180 761 2307 818 belli
2333 764 2557 835 gerendi
2585 780 2803 824 causam
2834 769 3128 829 habebant.
3156 775 3434 836 Adversus
3457 782 3605 838 enim

1999 864 2216 923 peccata
2236 852 2537 926 decertare,
2560 868 2614 914 et
2633 868 2817 916 contra
2838 862 3111 923 diabolum
3137 870 3310 927 aciem
3337 872 3507 930 instru
3521 890 3619 932 ere

1997 945 2300 1014 oportebat.
2343 962 2581 1019 pugnare
2620 957 2810 1006 contra
2842 958 3077 1013 morbos
3106 960 3322 1030 animm,-
3362 973 3523 1022 cnses
3560 963 3615 1019 iu

1996 1034 2272 1094 dzcmones
2294 1047 2510 1096 acuere.
2546 1041 2609 1098 ili
2640 1046 2819 1100 autem
2858 1046 3003 1103 illam
3034 1051 3206 1108 aciem
3243 1070 3313 1110 ne
3339 1058 3605 1128 aspiciunt

1994 1128 2236 1198 quidem,
2269 1130 2366 1186 scd
2390 1131 2493 1186 tela
2523 1132 2666 1189 inter
2689 1149 2749 1191 se
2786 1149 2972 1194 mutuo
2993 1140 3322 1211 iaculantur.
3346 1147 3403 1201 4.
3433 1149 3604 1205 Acue-

1994 1226 2114 1275 runt
2151 1221 2383 1294 linguam
2409 1235 2555 1280 suam
2597 1228 2732 1283 sicut
2775 1235 3021 1303 serpentis
3042 1250 3062 1290 :
3085 1244 3330 1294 venenum
3356 1242 3599 1312 aspidum

1993 1315 2086 1369 sub
2106 1316 2256 1371 labiis
2283 1332 2459 1373 eorum
2487 1333 2706 1392 semper.
2743 1323 2934 1381 Vidisti
2963 1342 3127 1398 quam
3153 1333 3223 1388 sit
3254 1334 3490 1405 ignobile
3518 1339 3605 1392 vi-

1994 1406 2165 1461 tium?
2198 1408 2324 1464 facit
2349 1426 2414 1466 ex
2440 1410 2749 1471 hominibus
2774 1416 2996 1488 bestias,
3039 1426 3256 1495 aspides
3285 1437 3339 1484 et
3379 1444 3606 1501 serpen-

1994 1506 2098 1592 tes,
2131 1504 2190 1556 et
2233 1501 2471 1572 linguam
2502 1505 2650 1562 illam
2677 1523 2799 1579 qua:
2842 1512 3142 1571 disserendi
3171 1531 3436 1588 potestate
3468 1540 3607 1592 pra:-

1991 1589 2102 1645 dita
2133 1603 2238 1660 est,
2268 1593 2338 1650 ad
2382 1594 2540 1652 istam
2571 1599 2840 1657 feritatem
2868 1603 3104 1663 deducit.
3142 1609 3197 1665 id
3239 1623 3419 1669 autem
3447 1589 3603 1687 cuius

1990 1691 2086 1738 eds
2108 1686 2355 1755 superius
2377 1692 2667 1758 accusavit,
2696 1710 2842 1752 nunc
2860 1706 3074 1771 quoque
3099 1704 3179 1760 eis
3201 1705 3406 1775 objicit.
3436 1686 3604 1779 Quid-

1989 1789 2115 1830 nam
2144 1788 2324 1833 autcm
2357 1779 2487 1836 illud
2515 1784 2632 1838 est?
2665 1783 2927 1842 Venenum
2954 1794 3193 1862 aspidum
3219 1799 3311 1852 sub
3340 1800 3489 1856 labiis
3511 1821 3601 1858 eo-

1988 1880 2123 1959 rum,
2174 1869 2366 1940 inquit,
2404 1887 2604 1945 semper
2647 1876 2748 1950 (a),
2784 1878 2890 1936 hoc
2917 1888 3001 1940 est
3038 1885 3290 1955 assidue,
3329 1891 3604 1959 Quemad-

1988 1958 2208 2013 modum
2259 1962 2404 2018 enim
2445 1967 2694 2036 superius
2730 1969 2886 2037 dixit,
2929 1973 3059 2029 Tota
3104 1978 3188 2033 die
3227 1958 3600 2044 constituebant

1989 2052 2169 2119 praelia
2199 2069 2219 2107 :
2245 2054 2315 2109 ita
2365 2055 2453 2113 hic
2494 2058 2679 2127 etiam,
2713 2066 2973 2121 Acuerunt
3014 2070 3244 2141 linguam
3287 2088 3435 2133 suam
3468 2081 3601 2136 situt

1986 2145 2233 2243 serpentis
2259 2162 2279 2200 :
2309 2160 2558 2205 venenum
2584 2154 2825 2243 aspidum
2865 2158 2961 2212 sub
3002 2159 3151 2218 labiis
3175 2179 3349 2222 eorum
3377 2188 3595 2243 srmpcr.

1986 2230 2100 2288 iloc
2120 2235 2264 2327 enim
2294 2238 2490 2309 ubique
2515 2242 2780 2313 signiﬁcat
2808 2245 3132 2319 Diapsalma.
3166 2230 3593 2327 Diapsaima'au-

1985 2328 2091 2425 tem
2118 2325 2381 2385 ilebraice
2402 2330 2606 2416 dictum
2630 2345 2712 2391 est
2730 2336 2842 2405 Sel,
2870 2341 3012 2410 quod
3035 2353 3138 2410 est,
3168 2325 3403 2419 semper.
3428 2355 3589 2425 Atqui

1984 2417 2174 2475 vitium
2208 2421 2295 2478 vel
2325 2425 2522 2495 exiguo
2555 2436 2799 2499 tempore
2824 2448 2914 2490 res
2940 2448 3022 2492 est
3041 2441 3225 2507 gravis
3249 2417 3304 2497 et
3333 2417 3589 2503 molesta:

1980 2510 2200 2577 quando
2228 2523 2408 2570 autem
2438 2517 2489 2571 id
2534 2520 2747 2593 assidue
2776 2530 3193 2597 persequuntur,
3227 2548 3325 2589 nec
3363 2552 3459 2592 eos
3489 2540 3591 2593 ulla

1979 2601 2097 2671 eius
2122 2606 2268 2674 capit
2292 2608 2534 2676 satietas,
2563 2628 2812 2682 quamam
2846 2618 2927 2673 eis
2955 2622 3106 2676 venia
3151 2624 3267 2680 dari
3308 2638 3506 2698 potest,
3540 2645 3591 2687 ct

1976 2707 2223 2762 quamam
2248 2694 2353 2752 e‘rit
2377 2714 2564 2757 eorum
2586 2703 2828 2761 defensio
2850 2707 2873 2760 ?
2894 2710 2947 2764 5.
2979 2710 3193 2768 Custodi
3216 2694 3323 2783 me,
3347 2694 3588 2787 Domine,

1977 2784 2042 2838 tle
2065 2802 2220 2840 manu
2240 2791 2541 2860 peccatoris,
2568 2794 2632 2847 ab
2664 2796 2952 2854 hominibus
2982 2802 3169 2873 iniquis
3194 2809 3335 2879 eripe
3359 2827 3457 2865 me.
3489 2784 3593 2879 Qui

1976 2880 2325 2946 cogitaverunt
2365 2886 2702 2955 supplantare
2745 2907 2948 2960 gressus
2987 2912 3147 2951 meos.
3197 2900 3251 2954 6.
3299 2903 3591 2960 Absconda-

1974 2980 2096 3023 runt
2125 2972 2331 3042 superbi
2354 2974 2589 3048 laqueum
2634 2982 2762 3036 milii
2785 3000 2803 3037 :
2825 2996 2871 3039 et
2901 2988 3112 3056 funibus
3141 2997 3477 3052 extenderunt
3503 3000 3584 3054 lae

1973 3077 2157 3129 queam
2206 3066 2421 3135 pedibus
2472 3071 2598 3124 meis
2622 3074 2815 3144 :juxta
2856 3078 2949 3133 iter
2993 3084 3249 3139 scandala
3307 3104 3589 3159 posuerunt

1975 3155 2121 3209 mihi.
2153 3156 2296 3213 Nihil
2328 3169 2411 3214 est
2457 3161 2693 3234 iniquius
2734 3168 2800 3223 iis
2830 3172 2921 3241 qui
2946 3175 3130 3230 vitium
3160 3155 3583 3253 persequuntur,

1973 3248 2063 3318 qui
2107 3260 2234 3306 ante
2282 3252 2420 3308 alios
2471 3269 2598 3313 suas
2644 3259 2882 3329 ipsorum
2932 3248 3407 3331 larduntianimas.
3449 3248 3582 3334 Cum

1973 3342 2119 3397 enim
2163 3345 2262 3412 ipsi
2292 3346 2401 3401 sint
2448 3359 2697 3406 auctores
2735 3353 3069 3423 oii‘ensiOnis,
3101 3377 3225 3418 cum
3254 3366 3497 3425 efficiant
3528 3385 3585 3428 ιιι

1976 3433 2067 3489 Dei
2097 3434 2285 3506 gloria:
2312 3438 2630 3499 detrahatur
2661 3445 2730 3501 ab
2760 3448 3156 3520 insipientibus,
3183 3472 3308 3515 cum
3337 3477 3442 3518 non
3483 3482 3584 3521 ex-

1972 3528 2180 3586 solvaiit
2213 3546 2334 3601 quae
2355 3533 2577 3603 debent,
2618 3539 2712 3593 sed
2739 3541 2828 3611 qui
2854 3558 3052 3616 corpus
3082 3559 3137 3605 et
3159 3554 3397 3611 animam
3426 3575 3454 3611 a
3487 3560 3583 3616 bc-

1972 3620 2137 3723 pigno
2160 3632 2215 3678 et
2241 3626 2495 3683 clementi
2519 3630 2629 3687 Deo
2656 3638 2980 3706 acceperint,
3010 3642 3118 3698 sint
3143 3648 3364 3716 agenda:
3391 3655 3582 3723 gratiae

1972 3713 2337 3786 immemores,
2387 3731 2442 3776 et
2486 3724 2577 3794 qui
2609 3734 2815 3784 tantum
2851 3713 3227 3793 ornamentum
3279 3752 3335 3798 et
3378 3713 3582 3815 bonum

1970 3812 2318 3880 acceperint,
2380 3814 2719 3875 benefactori
2771 3839 2872 3877 suo
2921 3831 3190 3887 contraria
3244 3812 3581 3910 rependant,

1969 3901 2109 3998 quid
2146 3903 2232 3960 bis
2272 3904 2432 3962 fuerit
2476 3910 2769 3980 iniustius?
2816 3918 2944 3987 quid
2990 3936 3121 3978 vero
3162 3901 3465 3998 ingratius?

1968 3994 2112 4095 quod
2136 4004 2222 4050 est
2250 3998 2443 4069 majus,
2465 4010 2519 4057 et
2545 4016 2706 4060 omne
2736 4008 2918 4064 scelus
2943 4025 3183 4083 superat,
3207 3994 3343 4075 alios
3365 4038 3588 4095 quoque

1970 4084 2168 4144 laedere
2193 4101 2476 4147 conantur.
2510 4095 2869 4167 flagitaverunt
2893 4106 3036 4160 enim
3057 4148 3072 4172 ,
3108 4109 3298 4181 inquit,
3322 4084 3575 4186 supplau-

1968 4187 2080 4235 tare
2105 4197 2310 4252 gressus
2347 4196 2506 4241 meos.
2549 4186 2703 4256 Quod
2730 4192 2776 4247 si
2822 4196 2964 4264 quod
3009 4202 3319 4271 cOgitabant
3358 4208 3585 4265 minime.

1968 4275 2217 4332 effectum
2260 4288 2365 4345 est,
2410 4280 2463 4336 id
2491 4298 2707 4356 quoque
2744 4302 2973 4347 summa:
3002 4291 3099 4349 Dei
3140 4296 3449 4358 clementiae
3487 4304 3585 4358 ad»

1967 4370 2317 4429 scribendum
2341 4384 2443 4432 est.
2470 4373 2592 4446 Ipse
2628 4380 2773 4434 enim
2814 4384 3079 4442 scelerata
3128 4404 3317 4446 eorum
3348 4395 3579 4452 consilia

1965 4463 2252 4532 confregit.

2039 4554 2094 4609 3.
2139 4554 2271 4612 Vide
2312 4566 2493 4645 autem
2534 4575 2695 4632 quam
2748 4565 3064 4625 meditatum
3106 4584 3223 4630 erat
3266 4578 3466 4647 scelus,
3519 4592 3577 4638 et

1966 4655 2167 4715 quanto
2215 4642 2391 4706 studio
2423 4663 2623 4721 paratae
2665 4656 2893 4713 insidias.
2940 4660 3292 4723 Occultarunt
3324 4642 3471 4730 enim
3521 4687 3578 4730 et

1966 4737 2346 4805 extenderunt,
2376 4741 2539 4813 idque
2567 4743 2721 4813 iuxta
2766 4748 2889 4815 iter,
2933 4761 2993 4807 ut
3021 4769 3085 4809 ex
3126 4757 3479 4831 longitudine,
3510 4783 3577 4822 ex

1965 4826 2188 4885 latebris
2205 4841 2259 4887 et
2284 4833 2426 4902 quod
2458 4849 2627 4906 prope
2659 4839 2961 4912 tenderent,
2986 4826 3243 4918 caperent
3261 4864 3315 4907 et
3345 4856 3402 4911 in
3422 4826 3577 4915 suam

1964 4928 2289 4991 poteStatent
2329 4925 2659 4997 redigereut.
2705 4927 2948 4991 Fuerunt
2976 4940 3119 4995 enim
3152 4945 3375 5003 sceleris
3402 4954 3577 5006 artili-

1965 5025 2079 5075 ces,
2127 5013 2254 5068 dum
2302 5016 2523 5087 laqueos
2555 5021 2791 5093 undique
2830 5031 3208 5101 extenderent,
3256 5038 3361 5096 hoc
3409 5059 3575 5099 unum

1966 5104 2067 5158 sibi
2102 5104 2405 5163 faciendum
2432 5122 2754 5183 statuentes,
2782 5128 2839 5173 ut
2866 5136 2988 5176 eum
3017 5126 3330 5194 perderent.
3365 5134 3458 5192 Vis
3494 5140 3581 5193 vi-

1965 5195 2096 5252 dere
2134 5202 2406 5268 quomodo
2444 5205 2598 5261 funes
2630 5210 2885 5267 extendat
2911 5213 3202 5276 diabolus?
3232 5222 3365 5282 Vide
3390 5243 3579 5286 rursus

1967 5287 2020 5387 id
2041 5290 2184 5387 quod
2207 5291 2311 5387 Job
2352 5296 2568 5351 accidit.
2597 5298 2733 5367 Quid
2775 5304 2919 5360 enim
2948 5306 3053 5363 illis
3082 5310 3277 5383 latius?
3305 5320 3434 5387 quid
3461 5320 3576 5376 lon-

1966 5379 2111 5449 gius?
2144 5382 2277 5453 quid
2316 5401 2443 5442 vero
2474 5391 2851 5464 propinquius,
2892 5413 3013 5455 cum
3043 5418 3149 5460 non
3178 5379 3353 5466 solum
3384 5413 3438 5469 in
3469 5430 3565 5471 co-

2038 5571 2113 5662 (α)
2138 5577 2347 5662 Sempelr
2382 5580 2520 5643 (ἀεί).
2559 5583 2643 5635 Sic
2666 5585 2986 5652 interpretari
3027 5595 3161 5646 solet
3192 5596 3371 5662 Aquila
3401 5615 3576 5652 vocem

1975 5656 2253 5741 iiebrsiam,
2274 5656 2410 5715 n‘m.
2439 5665 2528 5741 DeI
2547 5662 2885 5741 Diapsalmate
2917 5691 3052 5741 saepe
3090 5656 3308 5735 diximus
3335 5689 3381 5736 in
3406 5689 3577 5738 ilexa-

1974 5726 2093 5817 gilii;
2128 5726 2276 5817 liide
2284 5726 2891 5817 Roq9LT1-D‘L9rigenfs
2914 5726 3080 5817 reddit

1976 5786 2213 5874 gela-LP}
2240 5786 3572 5874 Pisﬂmmndidniba‘é'iiaéiiii."éri;':5§ii£"§ii

1972 5847 2213 5915 Hexapla,
2239 5866 2289 5916 p.
2317 5847 2378 5906 77
2402 5862 2456 5909 et
2475 5858 2555 5909 80.
