4056 6432
557 361 654 420 ηδ
1293 352 1346 406 S.
1389 345 1664 407 JOANNIS
1698 337 2165 402 (XIRYSOSTOMI
2196 335 2508 393 ARCIIIEP.
2550 337 3082 395 (.ONS'I'ANTINUP.

551 476 724 550 gnatis
766 483 821 531 et
868 471 1074 534 amicis,
1115 483 1213 523 nec
1250 469 1300 521 in
1331 477 1498 520 uxore
1535 472 1758 528 tantum,
1790 461 1883 515 sed
1912 461 1962 513 in
2007 457 2127 526 ipso

553 548 668 636 ejus
714 579 943 635 corpore
987 563 1232 630 laqueum
1281 556 1598 612 tetenderit?
1629 554 1679 607 7.
1712 552 1834 605 Dixi
1886 548 2120 610 Domino,

455 678 470 697 α
555 660 688 711 Deus
711 671 850 709 ruens
871 670 923 709 es
949 663 1002 706 tu
1029 668 1046 706 :
1075 648 1277 712 exaudi,
1311 647 1540 713 Domine,
1569 659 1735 698 vocent
1761 639 2126 711 deprecationis

550 765 692 803 mete.
733 747 784 803 8.
830 745 1068 809 Domine,
1107 741 1337 802 Domine,
1374 740 1528 791 uirtus
1561 736 1737 789 salutis
1773 747 1912 786 ntere.
1953 730 2123 792 Alius,

559 840 792 896 Potentia
813 839 993 894 salutis
1029 850 1171 888 mea.
1203 833 1490 901 Postquam
1517 829 1648 882 dixit
1678 827 1870 880 bellum
1905 832 1960 878 et
1998 821 2127 875 insi-

551 935 688 998 dias,
745 940 798 986 et
844 926 1080 983 ostendit
1126 926 1262 981 mala
1315 937 1434 978 esse
1474 913 2128 982 intolerabiliamonfuglt

551 1025 802 1091 deinceps
838 1018 905 1074 ad
934 1015 1347 1086 inexpugnabile
1393 1011 1669 1075 auxilium,
1696 1022 1728 1063 e
1753 1005 1887 1061 caelo
1914 1004 2123 1073 adjuto-

556 1131 666 1172 rem
690 1114 998 1182 implorans,
1027 1110 1117 1179 qui
1147 1109 1259 1161 lucc
1283 1113 1453 1174 potest
1482 1103 1721 1171 frangere
1744 1108 1799 1153 et
1821 1096 2124 1165 proﬂigare.

624 1205 847 1276 Aﬁlictus
883 1213 936 1254 ut
977 1201 1046 1253 ad
1091 1199 1249 1252 Deum
1294 1194 1572 1263 confugiat.
1596 1220 1666 1230 —
1695 1189 1807 1244 Hoc
1847 1195 1929 1242 est
1968 1200 2126 1253 argu-

559 1309 789 1355 mentum
815 1293 1061 1366 generosi
1095 1289 1280 1354 animi,
1312 1287 1414 1341 hoc
1449 1296 1530 1340 est
1555 1283 1763 1353 signum
1791 1278 1982 1332 mentis
2006 1289 2126 1345 qua:

553 1401 762 1451 tenetur
787 1386 963 1442 studio
999 1382 1296 1452 sapientiae,
1338 1393 1460 1433 cum
1499 1378 1613 1431 haec
1650 1370 2120 1433 circumsteterint,

552 1498 661 1538 non
688 1478 975 1548 confugere
999 1475 1065 1530 ad
1095 1474 1383 1528 humanum
1413 1467 1687 1531 auxilium,
1718 1477 1816 1518 nec
1837 1461 1903 1517 ad
1925 1468 2124 1515 morta-

562 1578 630 1632 les
659 1572 1026 1643 cogitationes,
1071 1566 1165 1622 sed
1206 1564 1258 1619 in
1292 1562 1482 1619 (uelum
1525 1558 1814 1628 respicere,
1861 1563 1915 1610 et
1959 1553 2126 1606 Deum

556 1671 641 1737 qui
673 1666 868 1736 ubique
894 1675 1128 1734 prmeens
1156 1668 1236 1714 est
1267 1659 1533 1718 invocare,
1565 1667 1671 1706 non
1699 1657 1878 1703 autem
1905 1653 2126 1701 contur-

553 1736 688 1824 bari,
719 1757 966 1812 animove
1009 1749 1361 1808 consternari.
1390 1745 1521 1800 Vide
1551 1752 1727 1799 autem
1769 1736 2038 1809 quomodo
2071 1742 2129 1789 ut

554 1850 862 1920 eo-dignum
891 1853 975 1902 est
998 1843 1154 1898 verba
1175 1838 1432 1896 contexit.
1457 1835 1574 1891 Non
1603 1834 1738 1890 dixit
1765 1831 1927 1895 enim,
1952 1827 2005 1920 lu
2029 1826 2128 1881 hac

558 1953 618 1999 et
637 1940 690 1994 in
717 1918 802 1993 illa
832 1952 891 1992 re
921 1950 1005 1990 me
1031 1944 1178 1988 recte
1193 1931 1357 2002 gessi,
1384 1941 1502 1993 nec,
1527 1926 1675 1980 llanc
1702 1923 1784 1978 vel
1813 1922 1948 1976 hanc
1972 1918 2129 1989 justi-

557 2034 681 2088 tiam
710 2037 956 2100 operatus
979 2040 1096 2081 sum
1123 2042 1138 2081 :
1164 2022 1258 2078 sed
1279 2020 1443 2090 quid?
1473 2017 1605 2072 Deus
1626 2031 1761 2069 meus
1782 2029 1834 2068 es
1856 2023 1926 2077 tu,
1959 2007 2128 2063 maxi-

557 2138 934 2180 mam-causam
964 2120 1189 2176 alferens
1223 2133 1319 2172 cur
1345 2123 1490 2185 petat
1533 2112 1806 2173 auxilium,
1829 2106 1969 2177 quod
2001 2118 2130 2159 con-

557 2220 721 2289 fugiat
775 2216 838 2271 ad
882 2215 1179 2274 Dominum,
1226 2209 1500 2278 Opificem,
1544 2213 1599 2260 et
1639 2203 1861 2273 Regem.
1901 2193 2126 2289 Exaudi,

561 2287 791 2372 Domine,
820 2322 998 2360 vocem
1026 2300 1388 2373 deprecationis
1427 2311 1567 2359 mea,
1618 2292 1854 2356 Domine,
1895 2287 2128 2352 Domine,

558 2406 712 2458 virtus
754 2398 931 2455 salutis
963 2397 1105 2451 meat.
1139 2393 1308 2459 Dixit,
1345 2389 1535 2452 Virtus,
1574 2401 1669 2442 seu
1701 2380 1956 2453 potentia,
2002 2377 2132 2432 saltt-

559 2498 641 2559 tis,
675 2491 964 2547 ostendens
983 2501 1108 2542 esse
1139 2484 1298 2540 etiant
1334 2479 1622 2552 potentiam
1653 2489 1826 2545 preme
1850 2481 1905 2527 et
1932 2468 2133 2538 suppli-

559 2588 648 2642 cii.
709 2583 813 2640 Sed
862 2578 1155 2652 praabuisti,
1197 2575 1386 2644 inquit,
1438 2570 1567 2627 mihi
1624 2568 1871 2622 virtutem
1919 2561 2128 2652 salutis.

561 2679 718 2732 Potes
754 2649 894 2728 enim
938 2680 992 2726 ct
1036 2681 1229 2723 nocere
1273 2675 1326 2720 et
1358 2663 1425 2718 de
1468 2659 1644 2716 medio
1673 2657 1895 2712 tollere:
1928 2652 2022 2707 sed
2063 2649 2133 2705 ad

561 2781 732 2822 meam
759 2765 982 2819 salutem
1011 2770 1098 2816 tua
1120 2771 1334 2826 semper
1360 2751 1595 2824 polentia
1618 2764 1746 2804 usus
1772 2762 1850 2803 es.
1876 2744 2006 2800 Vide
2035 2757 2133 2797 auo

561 2870 666 2914 tem
691 2869 924 2910 amorem
941 2850 1187 2907 dicentis.
1210 2848 1311 2903 Per
1332 2845 1697 2916 repetitionem
1715 2839 1879 2904 enim,
1903 2845 1957 2891 et
1992 2833 2133 2906 quod

559 2946 833 3018 adjeccrit,
861 2941 1056 2998 Salutis
1080 2954 1224 3004 mea,
1252 2935 1485 2993 ostendit
1504 2945 1749 3003 magnam
1776 2927 2133 2983 atl‘ectionem.

563 3016 883 3093 Ubumbrasts'
927 3049 1079 3105 super
1124 3039 1278 3100 caput
1328 3043 1488 3082 meum
1540 3025 1596 3078 in
1640 3023 1722 3077 die
1761 3021 1897 3074 belli.
1954 3016 2136 3072 Vidisti

559 3138 766 3198 gratum
792 3123 1068 3180 animum?
1096 3121 1279 3177 Priora
1307 3123 1358 3172 in
1387 3115 1696 3172 memoriam
1733 3118 1966 3176 revocat,
1995 3106 2136 3178 quod

560 3237 684 3278 eum
713 3219 916 3275 scilicet
943 3219 993 3272 in
1023 3224 1136 3270 tuto
1172 3210 1534 3268 collocavcrit.
1586 3207 1699 3262 Hoc
1722 3206 1864 3260 enim
1900 3202 2000 3257 sibi
2026 3199 2137 3256 vult

562 3311 730 3379 illud,
787 3307 1122 3364 Obumbrasti.
1170 3303 1302 3359 Vide
1349 3311 1523 3355 autem
1577 3294 1842 3367 quomodo
1887 3290 2138 3348 ostendat

562 3417 717 3472 quam
752 3399 804 3455 id
834 3399 942 3454 Deo
973 3395 1126 3452 facile
1151 3396 1240 3451 sit.
1264 3393 1378 3448 Non
1402 3392 1542 3446 enim
1569 3390 1720 3454 dixit,
1753 3389 1909 3452 Ante,
1937 3383 2054 3451 sed,
2079 3382 2133 3438 ln

562 3494 698 3562 ipso,
725 3489 912 3560 inquit,
948 3487 1056 3552 die,
1085 3483 1296 3556 quando
1339 3481 1476 3536 mala
1515 3479 1883 3544 imminebant,
1924 3474 2135 3547 quando

563 3594 676 3641 erat
708 3584 959 3637 instructa
984 3580 1147 3643 acies,
1176 3575 1388 3647 quando
1417 3572 1669 3629 versabar
1695 3572 1746 3625 in
1774 3570 2018 3626 maximis
2045 3583 2138 3639 pe-

564 3676 764 3742 riculis,
809 3685 932 3729 tunc
967 3671 1136 3726 me'in
1168 3678 1278 3723 tuto
1312 3665 1604 3722 collocasti.
1640 3663 1824 3734 Neque
1873 3661 2014 3716 enim
2045 3668 2137 3714 aut

564 3775 839 3838 apparatu,
869 3772 961 3819 aut
997 3759 1364 3817 exhortatione
1402 3757 1509 3811 ulla
1547 3756 1688 3810 Deus
1711 3753 1932 3822 indiget,
1964 3759 2020 3804 ut
2045 3748 2135 3819 qui

565 3862 696 3915 sciat
726 3872 850 3927 quae
890 3864 1014 3910 sunt
1057 3850 1360 3922 praesentia,
1405 3847 1596 3923 futura,
1643 3855 1697 3899 ct
1727 3842 2016 3914 praterita,
2045 3841 2135 3909 qui

557 3949 740 4004 omnia
768 3945 957 4016 possit,
985 3957 1204 4012 scrtiper
1234 3941 1393 4002 adsit,
1435 3949 1489 3994 et
1524 3945 1720 4008 przesto
1748 3936 1816 3990 sit
1854 3934 1920 3989 ad
1952 3933 2134 3989 feren-

566 4041 687 4100 dum
711 4037 986 4093 auxilium.
1016 4033 1217 4089 Deinde
1243 4030 1530 4086 ostendens
1555 4030 1813 4098 insignem
1837 4025 2130 4089 victoriam,

565 4141 616 4186 et
641 4142 901 4185 summam
927 4126 1295 4190 securitatem,
1308 4138 1414 4178 non
1444 4121 1598 4186 dixit,
1622 4118 1856 4175 Servasti
1882 4133 1967 4173 me
1995 4134 2009 4170 :
2042 4116 2138 4171 sed

561 4224 724 4296 quid?
757 4221 1073 4279 Obumbrasti
1100 4234 1118 4273 :
1145 4218 1248 4274 hoc
1276 4229 1377 4282 est,
1419 4225 1476 4271 ut
1504 4230 1572 4270 ne
1603 4214 1881 4269 minimam
1919 4209 2136 4281 quidem

563 4315 862 4371 molestiam
884 4311 1223 4374 sustinerem,
1248 4307 1491 4374 elTecisti,
1513 4321 1575 4360 ac
1595 4320 1660 4360 ne
1680 4315 1866 4360 testem
1885 4302 2098 4374 quidem
2120 4318 2133 4354 :

563 4404 659 4460 sed
682 4419 768 4457 me
795 4403 846 4457 in
879 4409 1024 4456 tanta
1047 4400 1352 4464 securitate,
1380 4405 1435 4452 et
1463 4411 1566 4450 una
1605 4410 1726 4450 cum
1769 4395 2056 4449 securitate
2085 4393 2137 4446 in

565 4507 708 4554 tanta
730 4495 1062 4566 iucunditate
1096 4501 1150 4548 et
1188 4490 1351 4546 animi
1393 4489 1572 4560 quiete
1611 4487 1908 4550 collocasti,
1949 4493 2009 4540 ut
2040 4499 2139 4540 nec

564 4589 702 4645 ullus
729 4589 876 4642 tutior
900 4585 1033 4641 mihi
1064 4583 1362 4638 molestiam
1404 4579 1704 4644 exhiberet,
1734 4577 1828 4634 sed
1870 4578 1923 4632 in
1952 4579 2136 4633 umbra

562 4679 798 4735 suaviter
824 4692 1058 4748 agerem,
1087 4675 1219 4730 liber
1245 4674 1448 4730 scilicet
1487 4687 1550 4728 ac
1577 4681 1815 4727 remotus
1848 4687 1878 4725 a
1907 4671 2059 4726 malis
2085 4679 2139 4725 et

563 4769 968 4826 calamitatibus.
994 4765 1256 4834 Quocirca
1285 4762 1562 4834 subjunxit
1609 4761 1759 4827 illud,
1791 4760 2136 4827 Obumbrasti,

565 4875 629 4917 ea
654 4860 860 4916 ratione
898 4859 1057 4912 etiam
1087 4855 1390 4926 signiﬁcans
1427 4869 1584 4925 quam
1613 4864 1917 4922 promptum
1958 4859 2013 4905 et
2054 4866 2142 4906 ex-

565 4953 798 5024 peditum
830 4951 897 5005 sit
925 4949 1016 5005 Dei
1043 4948 1320 5011 auxilium,
1343 4960 1533 5016 nempe
1562 4961 1659 5017 per
1687 4944 1888 4998 umbra:
1913 4959 2135 5013 nomen,

567 5043 786 5115 perinde
829 5057 892 5097 ac
937 5041 981 5096 si
1029 5040 1252 5104 diceret,
1282 5037 1488 5093 Sufficit
1531 5038 1577 5092 si
1619 5046 1823 5091 tantum
1867 5036 2037 5102 adsis,
2087 5047 2142 5092 et

563 5139 741 5192 omnia
766 5135 937 5191 soluta
976 5143 1147 5190 erunt.
1179 5132 1232 5188 9.
1264 5130 1384 5186 Non
1411 5131 1580 5186 tradas
1602 5146 1697 5194 me,
1726 5129 1961 5196 Domine,
1995 5147 2026 5182 a
2055 5130 2140 5182 de-

564 5230 748 5284 siderio
773 5243 882 5298 meo
920 5225 1188 5298 peccatori.
1223 5224 1390 5289 Alius,
1422 5222 1506 5277 Ne
1535 5223 1642 5287 des,
1671 5220 1907 5286 Domine,
1937 5222 2139 5275 deside-

564 5320 642 5373 riu
672 5318 848 5386 im'usti
888 5314 985 5387 (a).
1026 5313 1176 5381 Quod
1216 5323 1393 5368 autem
1435 5312 1586 5378 dicit,
1619 5322 1702 5368 est
1739 5313 1995 5382 ejusmodi
2026 5312 2139 5368 :Ne

564 5409 826 5465 concedas
845 5407 895 5461 ei
915 5405 1232 5460 desiderium
1263 5419 1418 5458 suum
1447 5414 1630 5458 contra
1670 5419 1774 5467 me,
1806 5403 1852 5456 id
1881 5409 1984 5468 est,
2011 5406 2140 5468 Qua:

562 5498 823 5555 adversus
851 5512 936 5551 me
959 5495 1248 5558 desiderat,
1276 5511 1343 5550 ne
1374 5495 1646 5564 permittas
1677 5503 1729 5547 ut
1755 5495 1865 5563 ipse
1896 5494 2137 5563 impleat.

565 5590 678 5648 Non
699 5589 831 5645 dixit
859 5597 1036 5643 autem
1066 5603 1183 5658 qua:
1202 5585 1488 5654 desidet-at,
1511 5586 1626 5653 scd,
1660 5585 1702 5638 Α
1732 5585 1978 5641 desiderio
2007 5603 2136 5652 meo,

627 5763 702 5829 (a)
735 5770 842 5817 Hec
864 5766 1199 5830 utterpretatlo
1222 5765 1576 5826 estSymmacbl
1604 5771 1657 5817 et
1687 5765 2042 5819 Theodotionis.

3727 341 3830 396 ΗΑ

2243 453 2428 506 volens
2483 453 2589 508 tale
2631 453 2756 523 qmd
2801 455 3102 523 signiﬁcare
3134 471 3145 505 :
3177 470 3242 508 ne
3295 454 3559 508 tantillum
3613 457 3832 526 quidem

2232 546 2566 598 concesseris
2597 559 2805 610 eorum,
2834 562 2954 614 qua:
2994 545 3281 599 desiderat.
3312 545 3470 600 Tales
3505 549 3657 602 enim
3704 560 3832 604 sunt

2234 633 2462 704 improbi
2493 653 2504 688 :
2534 649 2655 689 cum
2698 635 2926 689 maxime
2964 635 3253 704 cupiditate
3283 636 3334 689 in
3367 638 3676 705 proximum
3716 657 3834 694 mo-

2234 725 2435 778 liuntur
2461 726 2699 789 insidias,
2731 726 3178 793 quemadmodum
3217 726 3463 782 diabolus
3489 743 3733 798 quoque,
3763 729 3836 784 de

2231 831 2338 884 quo
2362 816 2491 870 dicit
2519 835 2531 870 :
2564 815 2751 871 Circuit
2773 826 3030 886 tamquam
3060 819 3137 870 leo
3169 818 3393 887 rugiens,
3425 834 3661 888 querens
3682 835 3834 888 quens

2232 907 2431 960 devoret
2453 909 2528 977 (ί.
2560 907 2702 960 Petr.
2741 908 2793 961 5.
2825 907 2900 977 8).
2930 908 3002 960 Ita
3033 907 3134 962 Joh
3153 907 3344 976 cupide
3377 923 3668 977 aggressus
3706 921 3792 964 est
3819 929 3832 964 :

2235 997 2307 1050 ita
2351 999 2512 1050 etiam
2537 997 2604 1050 de
2649 997 2809 1051 Petro
2843 997 3145 1050 invadenda
3186 997 3567 1052 consultabat:
3602 1009 3659 1053 et
3710 1000 3838 1053 ideo

2231 1086 2447 1141 diccbat
2476 1105 2488 1141 :
2523 1087 2728 1153 Quoties
2771 1087 3004 1155 expetivit
3031 1097 3078 1140 te
3101 1095 3307 1141 satanas
3334 1088 3558 1142 cribrare
3593 1099 3651 1142 ut
3692 1090 3834 1142 triti-

2231 1193 2346 1230 cum
2376 1177 2529 1245 (Luc.
2552 1177 2642 1229 22.
2667 1175 2800 1247 5i)?
2829 1175 3012 1231 Vidisti
3044 1188 3300 1247 quantam
3343 1178 3587 1233 habuerit
3615 1179 3832 1249 cupidi-

2233 1272 2430 1326 tatem?
2467 1273 2600 1324 Sunt
2637 1271 2798 1324 etiam
2847 1270 3094 1324 homines
3126 1271 3215 1340 qui
3248 1271 3444 1326 invidia
3491 1273 3734 1340 adducti,
3776 1284 3834 1328 et

2230 1361 2373 1430 quod
2415 1361 2568 1414 malis
2616 1360 2864 1416 laetentur
2908 1361 3046 1416 illius
3094 1362 3277 1415 vitium
3326 1363 3625 1417 imitantur.
3679 1364 3834 1431 Quos

2231 1451 2445 1519 quidem
2467 1451 2689 1505 miseros
2715 1452 2948 1519 appellat
2968 1451 3242 1520 Scriptura
3266 1451 3474 1515 dicens,
3513 1452 3600 1507 Vw
3626 1455 3715 1521 qui
3739 1456 3835 1509 ta:-

2237 1543 2416 1596 tamini
2440 1544 2608 1608 malis,
2637 1544 2724 1613 qui
2753 1544 3072 1598 delectamini
3097 1544 3150 1596 in
3192 1545 3449 1598 eversione
3473 1546 3832 1614 improborum

2233 1633 2418 1704 (Prov.
2446 1635 2498 1690 2.
2531 1636 2659 1704 lt);
2709 1636 2865 1706 idque
2900 1637 3090 1691 merito
3121 1655 3132 1688 :
3158 1635 3261 1690 hoc
3290 1643 3375 1690 est
3411 1637 3555 1691 enim
3581 1638 3736 1707 pravi
3776 1649 3836 1691 et

2233 1728 2468 1798 corrupti
2507 1727 2692 1782 animi.
2733 1729 2790 1782 Si
2820 1729 2961 1782 enim
2986 1728 3292 1793 dolendum,
3337 1729 3834 1798 ingemiscendum,

2233 1818 2534 1874 dellendum
2570 1827 2654 1874 est
2693 1830 2911 1889 propter
2941 1833 3034 1873 eos
3060 1820 3148 1889 qui
3177 1827 3420 1887 pereunt,
3448 1834 3607 1888 quam
3637 1834 3836 1874 consa

2233 1921 2463 1981 quentur
2484 1912 2711 1977 veniam,
2741 1921 2831 1965 aut
2855 1926 2954 1981 qua
2981 1920 3198 1966 utentur
3225 1909 3559 1975 defensione,
3585 1911 3677 1982 qui
3711 1922 3834 1965 tan-

2234 2011 2344 2057 tum
2367 2003 2515 2057 abest
2543 2011 2605 2058 ut
2629 1995 2816 2057 eorum
2843 2003 3215 2070 misereantur,
3246 2001 3485 2058 utetiam
3513 2004 3786 2073 gaudeant
3808 2004 3832 2055 ?

2234 2096 2424 2150 Annon
2453 2095 2632 2150 vidisti
2663 2095 2834 2164 ipsum
2863 2109 3073 2164 quoque
3097 2094 3373 2149 Christum
3398 2109 3519 2149 cum
3552 2105 3698 2150 esset
3727 2111 3832 2165 pu-

2235 2185 2483 2252 nitnrus,
2529 2184 2726 2240 deﬂere
2779 2194 3090 2255 pereuntem
3135 2184 3473 2240 Jerusalem?
3531 2201 3642 2241 non
3677 2185 3833 2240 vides

2235 2275 2394 2331 etiam
2435 2275 2654 2329 Paulum
2699 2285 2918 2346 propter
2943 2276 3170 2330 aliorum
3208 2276 3485 2331 interitum
3515 2286 3831 2346 gementem

2237 2377 2291 2422 et
2326 2367 2634 2436 lugentem?
2675 2367 2783 2422 Sed
2811 2375 2936 2421 sunt
2986 2367 3230 2422 nonnulli
3273 2367 3408 2422 adeo
3440 2367 3742 2436 depravati,
3773 2378 3836 2421 ut

2237 2473 2461 2514 suorum
2507 2459 2765 2514 malorum
2810 2457 3055 2513 solatium
3085 2458 3288 2513 alienas
3327 2471 3598 2512 aerumnas
3642 2457 3834 2512 existi-

2238 2557 2406 2604 ment.
2436 2547 2793 2620 Cogitaoeruut
2833 2559 3012 2602 contra
3035 2565 3132 2613 me,
3175 2565 3239 2603 ne
3276 2547 3596 2618 derelinquas
3636 2565 3737 2614 me,
3771 2564 3836 2602 ns

2240 2642 2369 2710 forte
2403 2641 2687 2694 excitentur
2714 2656 2912 2709 semper
2949 2639 3052 2710 (a).
3097 2640 3210 2695 Hoc
3246 2640 3388 2695 enim
3420 2641 3522 2695 sibi
3555 2642 3672 2695 vult
3698 2639 3834 2694 Dia-

2238 2733 2455 2804 psaluta.
2484 2733 2654 2799 Alius,
2685 2731 2769 2787 Ne
2792 2732 3043 2799 discedas,
3069 2748 3132 2786 ne
3150 2732 3280 2800 forte
3299 2729 3609 2786 munitur.

2313 2823 2578 2877 Meditatio
2605 2823 2658 2875 in
2683 2823 2814 2876 vitiis
2829 2822 3089 2892 pessima;
3117 2822 3296 2875 uitium
3321 2821 3416 2874 sibi
3443 2821 3542 2891 ipsi
3565 2838 3715 2890 poena
3734 2833 3828 2877 est.

2241 2944 2311 2956 —
2341 2913 2451 2968 Hoc
2498 2923 2580 2969 est
2622 2914 2868 2970 scelerati
2907 2923 2960 2968 et
3007 2915 3245 2982 corrupti
3289 2913 3475 2979 animi,
3517 2913 3739 2984 quando
3780 2925 3838 2968 et

2240 3006 2467 3061 consilio
2510 3014 2565 3060 et
2602 3005 2716 3060 otio
2757 3015 2812 3060 et
2848 3003 3196 3059 meditatione
3235 3018 3371 3074 opus
3407 3004 3588 3058 estad
3619 3006 3834 3060 vitium.

2241 3097 2357 3152 Non
2404 3097 2672 3152 sufficiunt
2713 3112 2832 3167 qua:
2875 3105 3093 3166 repente
3137 3096 3315 3152 llunt:
3357 3111 3463 3150 non
3503 3098 3652 3150 enim
3701 3099 3838 3153 satis

2240 3196 2363 3243 sunt
2396 3186 2462 3242 ad
2504 3202 2603 3243 nos
2631 3186 2933 3258 perdendos
2956 3201 3077 3256 qua:
3104 3196 3306 3241 temere
3347 3195 3403 3240 ct
3438 3186 3839 3244 inconsiderate

2242 3289 2538 3350 patrantur,
2581 3279 2675 3334 sed
2720 3278 2968 3344 consilio,
3013 3288 3261 3349 tempore
3302 3289 3358 3335 et
3399 3279 3838 3336 consideratione

2243 3371 2335 3426 tibi
2356 3385 2490 3439 opus
2516 3379 2600 3425 est
2619 3369 2687 3424 ad
2715 3369 2921 3425 vitium.

2313 3463 2367 3517 ι.
2409 3463 2650 3530 Quanam
2698 3478 2828 3533 ergo
2865 3462 3029 3518 uteris
3056 3461 3388 3528 defensione,
3429 3477 3551 3516 cum
3598 3463 3837 3518 studimn

2243 3565 2298 3612 et
2318 3555 2648 3626 diligentiam
2677 3555 2921 3622 adhibes,
2952 3565 3010 3610 ut
3041 3555 3229 3610 vitium
3269 3569 3546 3620 exerceas,
3591 3570 3716 3609 cum
3741 3571 3838 3625 pro

2242 3645 2398 3702 malis
2435 3644 2688 3700 faciendis
2731 3645 3022 3710 consultas,
3063 3655 3119 3700 et
3164 3645 3342 3700 socios
3375 3645 3680 3700 adsciscis?
3723 3646 3831 3701 Sed

2242 3737 2364 3792 vide
2377 3737 2528 3791 istius
2545 3734 2918 3791 humilitatem.
2936 3735 3049 3790 Non
3073 3734 3206 3789 dixit
3223 3737 3386 3799 enim,
3405 3735 3480 3789 Ne
3495 3735 3839 3806 derelinquas

2244 3845 2351 3894 me,
2379 3829 2631 3899 quoniam
2653 3843 2771 3884 sum
2795 3828 3008 3899 dignus,
3042 3844 3110 3884 ne
3134 3843 3222 3884 me
3252 3828 3596 3898 derelinquas
3615 3841 3840 3901 propter

2242 3923 2405 3977 vitam
2435 3923 2490 3976 in
2519 3921 2716 3977 virtute
2757 3932 2931 3976 actam
2959 3939 2971 3974 :
3000 3920 3094 3975 sed
3129 3920 3292 3988 quid?
3325 3919 3406 3974 Ne
3436 3924 3567 3990 forte
3599 3923 3831 3977 muen-

2244 4023 2366 4079 tur;
2395 4013 2498 4068 hoc
2533 4023 2636 4079 est,
2667 4012 2745 4069 Ne
2775 4013 2904 4067 fiant
2927 3997 3344 4083 arrogantiores,
3379 4021 3433 4067 et
3461 4028 3532 4068 ne
3576 4013 3630 4068 in
3661 4013 3837 4084 majo-

2242 4119 2357 4160 rem
2384 4104 2656 4174 erigantur
2682 4103 3020 4157 insolentiam
3064 4111 3282 4172 propter
3319 4117 3494 4156 meam
3523 4103 3836 4160 derelictio-

2244 4211 2387 4250 nem.
2424 4195 2511 4251 10.
2538 4193 2705 4265 Caput
2731 4195 2971 4250 circuitus
3005 4210 3199 4260 eorum,
3239 4195 3380 4248 labor
3411 4195 3661 4250 labiorunt
3691 4198 3833 4266 ipso-

2244 4306 2358 4342 rum
2382 4289 2569 4360 aperiet
2595 4305 2698 4343 eos.
2735 4288 2909 4352 Alius,
2949 4285 3283 4341 Exacerbatio
3311 4303 3484 4342 eorum
3510 4289 3596 4359 qui
3627 4305 3707 4344 me
3735 4291 3840 4343 cir-

2244 4381 2506 4446 cumdant,
2557 4380 2699 4433 labor
2745 4378 2995 4441 [abiaram
3031 4379 3258 4446 ipsorum
3302 4380 3496 4450 aperiat
3543 4382 3684 4450 ipsos
3737 4381 3837 4452 (ι).

2244 4455 2540 4528 Οἰτοιιίιιίιπ
2579 4471 2666 4525 hic
2693 4469 2823 4526 dicit
2863 4479 3207 4535 conventum,
3250 4485 3584 4536 consessum,
3627 4473 3835 4543 impro-

2245 4565 2366 4619 bam
2410 4563 2702 4630 officinam,
2753 4562 2979 4618 scelesta
3014 4562 3260 4618 consilia.
3289 4562 3444 4629 Quod
3479 4573 3660 4619 autem
3707 4563 3839 4619 dicit

2245 4666 2328 4713 est
2367 4656 2630 4726 ejusmodi
2663 4673 2679 4710 :
2714 4643 2833 4725 lpSa
2879 4654 3138 4710 scelerata
3184 4654 3430 4720 consilia,
3475 4665 3531 4709 et
3569 4666 3732 4725 caput
3777 4672 3842 4712 ac

2245 4766 2452 4806 summa
2484 4749 2713 4820 improbi
2735 4758 2789 4803 et
2814 4748 3090 4817 depravati
3124 4747 3310 4813 animi,
3336 4747 3450 4818 ipsa
3472 4763 3569 4803 eos
3599 4749 3843 4804 obruerit

2245 4851 2300 4896 et
2325 4841 2638 4912 perdiderit.
2671 4839 2841 4894 Labor
2883 4840 3130 4894 (abiaram
3171 4840 3422 4908 ipsorum.
3454 4838 3722 4896 Laborem
3749 4841 3843 4905 hic

2245 4940 2404 4988 vocat
2449 4930 2869 5000 improbitatem.
2902 4929 3009 4986 Res
3037 4939 3122 4987 est
3151 4930 3297 4986 enim
3323 4930 3592 4999 ejusmodi
3634 4931 3844 5000 impro-

2247 5028 2384 5081 bitas
2419 5043 2432 5078 :
2467 5025 2619 5080 all'ert
2662 5024 2712 5078 ei
2756 5023 2846 5092 qui
2895 5023 3040 5078 illam
3091 5021 3334 5094 possidet
3386 5024 3632 5089 exitium,
3679 5038 3737 5079 et
3783 5033 3844 5078 ut

2246 5121 2502 5174 obruatur
2532 5115 2712 5172 efficit.
2755 5115 2869 5172 Hoc
2905 5115 2957 5170 in
3000 5114 3164 5170 David
3202 5115 3413 5170 accidit.
3443 5114 3845 5187 Exspectabam

2247 5212 2391 5266 enim
2420 5210 2534 5264 fore
2560 5218 2614 5263 ut
2657 5208 2709 5261 in
2753 5207 2890 5262 mala
2921 5206 3233 5276 gravissima
3259 5205 3558 5262 incideret:
3594 5207 3685 5260 ille
3715 5221 3844 5262 vero

2246 5304 2416 5358 evasit
2443 5301 2657 5358 clarior.
2684 5298 2862 5364 Certe,
2896 5299 3087 5370 inquit,
3115 5298 3212 5355 sed
3245 5297 3349 5353 hoc
3369 5312 3478 5353 non
3495 5313 3685 5369 φητο
3715 5317 3730 5355 :
3755 5313 3844 5355 ve-

2311 5455 2384 5520 (α)
2407 5457 2614 5520 semper
2636 5450 2784 5520 idsi);
2812 5451 2918 5500 Hoc
2942 5463 3004 5499 ex
3033 5447 3226 5520 Aqui]?
3259 5443 3482 5520 editione
3514 5448 3841 5520 desumptum

2249 5508 2602 5568 esse'videt'ur.
2627 5508 2818 5574 Oua’de
2849 5525 2906 5561 re
2946 5508 3141 5574 necnon
3165 5509 3230 5557 de
3267 5508 3601 5574 Diapsalmate
3633 5508 3749 5558 vide
3784 5523 3841 5559 ea

2286 5593 2362 5629 us
2391 5579 2541 5642 paulo
2565 5569 2683 5642 ante
2709 5573 3012 5642 dicebamus.
3050 5573 3340 5642 Βερρονῐο
3363 5569 3528 5642 lectio
3564 5571 3613 5618 in
3643 5576 3840 5642 vulgata

2299 5631 2559 5689 ntlo'chena
2607 5635 2827 5685 editione
2871 5633 3021 5684 fuisse
3065 5631 3289 5691 videtur,
3333 5637 3388 5680 ut
3430 5631 3531 5680 alia
3573 5631 3754 5683 multa'
3778 5646 3840 5682 ex

2254 5700 2487 5760 Orlgenis
2513 5697 2752 5760 Hexaplis
2773 5697 3048 5760 desumpta.

2319 5755 2389 5826 (ὗ)
2417 5762 2530 5814 Haec
2566 5755 2914 5824 interpretatio
2934 5755 3011 5808 est
3028 5758 3171 5822 juxta
3204 5755 3571 5818 Symmachum.
