4056 6450
236 401 360 459 125

237 530 372 572 rum
396 490 620 572 adtende
642 507 910 582 quomodo
931 507 1147 580 proprio
1168 506 1394 561 consilio
1417 502 1654 560 confossi
1680 501 1854 574 paries

242 614 404 672 runt,
450 613 506 660 et
542 603 629 658 dic
679 602 770 656 ubi
815 601 916 656 hee
945 598 1210 655 evenerit.
1241 599 1300 652 ln
1345 597 1600 652 fratribus
1627 594 1852 665 Ioseph.

243 697 390 753 Cum
414 697 556 753 enim
578 694 780 752 vellent
799 709 919 749 eum
945 707 1160 748 servum
1184 691 1363 746 facere
1389 705 1454 745 ac
1477 687 1730 762 perdere,
1754 687 1855 758 ipsi

247 798 559 844 extremum
588 784 885 856 periculum
929 782 1200 838 adierunt.
1233 779 1395 850 Atqui
1440 788 1496 834 et
1536 779 1590 834 in
1621 778 1855 833 servitu-

247 891 366 942 tem
393 888 448 936 et
489 881 544 934 in
573 888 824 942 mortem,
849 885 1105 945 quantum
1135 874 1190 928 in
1234 872 1314 928 eis
1340 871 1458 936 fuit,
1490 871 1580 927 ille
1604 870 1858 926 detrusus

244 981 361 1027 est.
391 971 460 1026 Et
487 971 724 1027 Absalon
752 983 873 1024 cum
899 966 1184 1022 invasisset
1211 962 1576 1036 tyrannidem,
1604 971 1662 1018 et
1689 961 1872 1017 vellet-

252 1073 466 1134 jmtrcm
507 1060 755 1133 perdere,
782 1061 896 1129 ipse
928 1073 1024 1128 per
1048 1072 1168 1113 eam
1189 1065 1376 1125 captus
1402 1063 1506 1110 est.
1533 1055 1621 1109 il.
1663 1051 1857 1108 Cadent

251 1171 412 1224 super
439 1169 522 1208 eos
551 1151 794 1206 carbones
817 1150 949 1221 ignis
973 1166 994 1203 :
1013 1149 1064 1202 in
1090 1148 1257 1219 ignem
1286 1145 1491 1214 dejicies
1519 1146 1675 1212 ipsos.
1704 1143 1859 1212 Quod

253 1244 412 1309 dicit,
441 1253 523 1299 est
547 1241 814 1312 ejusmodi
841 1259 854 1295 :
887 1237 1094 1295 Sufficit
1114 1236 1331 1308 quidem
1353 1237 1438 1292 vel
1464 1236 1637 1306 ipsum
1669 1235 1858 1290 vitium

256 1334 330 1389 ad
380 1349 475 1389 eos
520 1333 847 1403 perdendos,
899 1332 988 1400 qui
1041 1331 1218 1399 ipsum
1263 1326 1861 1399 complecmnturmed

255 1441 381 1480 cum
432 1441 499 1480 eo
542 1425 672 1479 iram
715 1438 928 1495 quoque
979 1421 1238 1476 divinitus
1287 1421 1582 1475 immissam
1627 1419 1861 1473 sustine-

257 1516 413 1572 bunt.
439 1517 712 1573 Carbones
736 1527 915 1571 autem
948 1514 1084 1584 ignis
1110 1524 1164 1568 et
1192 1519 1367 1584 Ignem
1391 1513 1479 1568 hic
1507 1512 1637 1567 dicit
1656 1511 1857 1582 supplio

258 1610 426 1674 cium,
449 1609 590 1678 quod
613 1624 644 1662 a
678 1608 812 1662 ctelo
841 1605 1160 1660 immittitur.
1197 1604 1354 1674 Smpe
1381 1611 1561 1659 autem
1587 1618 1709 1658 cum
1743 1603 1862 1673 ipso

257 1715 472 1770 quoque
501 1701 622 1768 igne
661 1696 958 1752 immissum
985 1705 1088 1760 est,
1119 1705 1180 1750 ut
1219 1694 1413 1750 accidit
1442 1694 1583 1749 circa
1621 1694 1859 1761 Dathan,

257 1789 420 1851 Core,
450 1798 502 1844 et
523 1788 750 1854 Abiron,
779 1795 833 1842 et
859 1789 1001 1842 circa
1023 1801 1118 1842 eos
1143 1785 1233 1856 qui
1263 1786 1536 1840 fornacem
1569 1785 1860 1857 Babyloni-

257 1896 380 1936 cam
415 1879 900 1954 circumsistebant.
945 1877 1010 1932 In
1059 1877 1296 1941 miseriis,
1337 1887 1383 1932 et
1423 1894 1526 1932 non
1569 1878 1858 1933 subsistent.

257 1973 432 2040 Alius,
461 1972 655 2028 Cadent
681 1974 733 2026 iu
762 1974 954 2043 foveas,
987 1987 1053 2025 ne
1077 1979 1344 2042 resurgant
1375 1968 1474 2043 (a).
1517 1970 1690 2034 Alius,
1722 1968 1862 2026 Pro-

258 2083 399 2136 pere,
428 2076 476 2120 et
503 2082 602 2120 non
633 2065 1018 2120 resurrezerint.
1053 2062 1364 2119 Secundum
1391 2078 1559 2117 unum
1597 2063 1861 2133 interpre-

258 2166 369 2212 tem
409 2159 529 2213 talis
566 2166 649 2213 est
685 2156 948 2213 sententia
984 2175 998 2210 :
1029 2155 1103 2211 Ita
1136 2171 1230 2212 eos
1259 2156 1444 2226 perde,
1491 2163 1549 2211 ut
1592 2171 1700 2212 non
1740 2171 1860 2211 am-

255 2248 398 2318 plius
425 2259 728 2320 resurgant.
753 2246 1059 2304 Secundum
1080 2247 1308 2302 alterum
1329 2263 1483 2314 vero,
1511 2246 1645 2302 Cum
1668 2262 1862 2320 magna

253 2339 536 2395 celeritate
562 2357 578 2397 :
613 2340 715 2395 hoc
739 2340 884 2395 enim
913 2337 1014 2393 sibi
1041 2338 1150 2394 vult
1185 2337 1337 2403 illud,
1364 2336 1612 2408 Propere.

329 2414 547 2504 Lingua:
569 2433 882 2503 petulantia;
911 2441 1170 2501 peccatum
1193 2431 1446 2486 venationi
1479 2448 1572 2486 cur
1597 2448 1862 2501 compare-

253 2522 542 2579 tur.--ii.
571 2521 663 2578 Vir
690 2525 952 2595 linguosus
999 2538 1100 2577 non
1143 2523 1388 2594 dirigetur
1424 2523 1478 2576 in
1524 2531 1672 2577 terra.
1706 2523 1864 2579 Post-

251 2628 419 2683 quam
444 2613 577 2669 dixit
600 2613 666 2669 de
695 2613 772 2669 ira
805 2613 920 2679 Dei,
962 2613 1197 2669 ostendit
1240 2627 1426 2670 rursus
1469 2614 1642 2684 ipsum
1680 2629 1776 2684 per
1801 2630 1861 2671 se

253 2703 445 2760 vitium
483 2704 752 2770 sufﬁcere,
795 2715 854 2760 ut
896 2705 978 2760 sui
1027 2719 1368 2775 possessores
1407 2705 1614 2775 perdat.
1637 2705 1756 2766 Non
1779 2714 1864 2761 est

253 2807 436 2852 autem
467 2796 570 2852 hoc
597 2813 809 2869 quoque
835 2813 1054 2868 parvum
1098 2811 1268 2868 genus
1308 2798 1687 2867 improbitatis,
1741 2813 1862 2853 esse

253 2889 420 2946 nimis
464 2889 804 2955 insolentem,
848 2898 904 2944 et
948 2890 1180 2958 linguam
1227 2903 1335 2943 non
1376 2903 1536 2958 posse
1585 2887 1859 2944 cohibere.

254 2981 583 3052 Linguosum
611 2983 754 3037 enim
788 2983 873 3037 hic
901 2981 1031 3036 dicit
1062 2981 1334 3036 hominem
1377 2979 1730 3050 petulantem,
1762 2995 1862 3034 nu-

254 3082 522 3142 gatorem,
571 3070 912 3136 maledicum,
964 3074 1054 3144 qui
1104 3073 1262 3127 latrat
1305 3071 1546 3137 assidue,
1587 3071 1678 3142 qui
1726 3085 1861 3126 eane

255 3163 426 3219 nihilo
451 3172 534 3218 est
563 3164 756 3220 melius
779 3165 1024 3220 allectus.
1075 3165 1167 3219 Dic
1211 3179 1343 3235 ergo
1384 3165 1558 3234 qualis
1609 3172 1693 3218 cst
1742 3164 1862 3233 ejus

254 3253 480 3310 fructus.
529 3253 652 3309 Non
699 3257 966 3326 dirigetur,
1011 3256 1202 3325 inquit,
1254 3257 1308 3310 in
1353 3265 1510 3310 terra.
1558 3256 1712 3310 Alius
1755 3257 1855 3326 (ὁ),

255 3347 382 3402 Non
406 3348 708 3413 stabilietur,
737 3348 840 3404 hoc
869 3358 968 3413 est,
1013 3347 1311 3418 dejicietur,
1363 3356 1658 3413 evertetur,
1711 3349 1858 3417 peri-

253 3437 351 3493 bit.
404 3438 502 3493 llic
547 3448 631 3493 est
679 3440 881 3494 fructus
921 3438 1164 3493 maledici
1200 3456 1216 3494 :
1245 3448 1328 3494 est
1363 3438 1615 3492 omnibus
1649 3437 1857 3505 hostis,

253 3533 502 3588 omnibus
527 3532 800 3596 molestus,
839 3531 1019 3603 gravis
1041 3540 1094 3586 et
1123 3531 1368 3588 acerbus.
1395 3529 1858 3598 Quemadmodum

252 3638 383 3695 ergo
411 3624 501 3694 qui
532 3633 617 3678 est
646 3624 811 3688 mitis,
866 3623 1070 3693 patiens
1113 3632 1168 3676 et
1218 3622 1375 3687 lenis,
1417 3630 1472 3676 ct
1511 3622 1614 3676 scit
1657 3630 1855 3688 tacere,

253 3725 399 3771 tutus
447 3724 552 3780 est,
600 3725 784 3787 gratus
823 3724 878 3769 et
902 3714 1173 3781 jucundus
1195 3713 1444 3768 omnibus
1476 3730 1492 3770 :
1522 3713 1592 3768 ita
1619 3714 1708 3783 qui
1739 3714 1858 3768 talis

251 3815 359 3872 est,
391 3807 553 3860 vitam
583 3807 694 3877 agit
721 3805 979 3860 lubricam
1012 3817 1066 3861 et
1096 3806 1248 3861 valde
1281 3806 1657 3875 periculosam,
1693 3806 1856 3859 undi-

251 3913 357 3968 que
378 3897 793 3954 inuumerahiles
823 3897 1067 3952 inimicos
1093 3897 1161 3952 ad
1201 3913 1260 3952 se
1290 3911 1572 3952 accersens
1603 3906 1657 3952 et
1684 3906 1853 3952 attra-

253 3988 412 4057 hcns,
460 3998 516 4046 et
556 4000 682 4044 ante
725 3990 856 4044 alios
896 4004 1046 4044 suam
1089 3989 1322 4044 animam
1351 3988 1698 4052 COﬂlllI‘ballS,
1749 4005 1856 4044 non

252 4085 438 4137 sinens
469 4097 591 4136 eam
618 4084 912 4155 quiescere,
943 4082 1037 4136 sed
1080 4083 1240 4136 etiam
1283 4081 1430 4136 nullo
1468 4081 1515 4135 ci
1555 4082 1857 4136 molestiam

254 4175 574 4239 cxhibcnte,
625 4174 1044 4229 innumerabiles
1071 4174 1327 4228 tumultus
1354 4183 1410 4228 et
1435 4173 1569 4227 bella
1598 4174 1740 4228 intus
1767 4191 1860 4229 ex-

255 4266 448 4321 citans.
530 4263 708 4318 Virum
758 4265 1001 4336 injustam
1057 4265 1194 4318 malt-
1253 4264 1452 4331 capient
1489 4266 1542 4317 in
1577 4265 1857 4319 interitum.

256 4357 331 4413 ita
365 4358 527 4411 etiam
557 4357 687 4411 dicit
713 4355 850 4411 alios
875 4357 1090 4427 sapiens
1121 4373 1133 4409 :
1158 4354 1461 4426 Iniquitatcs
1486 4355 1648 4407 cirum
1671 4370 1861 4409 oenan-

255 4459 338 4502 tur
381 4447 470 4516 (c).
509 4447 640 4501 Vide
679 4462 864 4502 rursus
888 4447 1073 4501 vitium
1103 4446 1355 4502 sufﬁcere
1380 4443 1450 4500 ad
1475 4460 1596 4499 eum
1635 4445 1861 4514 perden-

252 4535 379 4589 dum
408 4532 498 4601 qui
531 4530 581 4584 id
615 4531 794 4584 habet.
844 4531 950 4586 Sed
999 4546 1102 4599 qua
1135 4532 1205 4585 de
1235 4546 1395 4586 causa
1437 4533 1616 4602 posuit
1660 4549 1855 4590 nomen

251 4622 594 4680 venationis?
644 4621 709 4676 Ut
751 4622 933 4676 videas
979 4622 1030 4676 id
1084 4638 1208 4677 esse
1257 4623 1588 4690 inevitabile,
1623 4635 1680 4680 ut
1726 4630 1855 4692 etsi,

253 4730 373 4770 cum
407 4714 605 4782 injuste
637 4722 689 4768 te
715 4727 895 4781 geras,
930 4728 1036 4768 non
1090 4715 1267 4769 statim
1319 4715 1546 4782 incidas,
1579 4733 1686 4772 non
1733 4718 1857 4774 ideo

251 4807 325 4862 sis
365 4806 507 4858 bono
541 4815 595 4859 et
622 4806 809 4861 fidenti
847 4807 1049 4862 animo.
1082 4808 1230 4862 Talis
1279 4809 1424 4862 enim
1473 4821 1556 4865 est
1597 4815 1851 4868 venatio:

251 4912 356 4952 non
412 4913 663 4965 semper,
715 4896 1105 4966 nec'protinus
1153 4903 1618 4966 assequiturzsed
1670 4913 1849 4960 tamen

250 4989 494 5055 quamvis
541 4988 594 5041 iu
643 4990 930 5043 venatione
973 5006 1084 5043 non
1129 4994 1410 5059 capiantur
1457 4993 1620 5056 ferae,
1661 5011 1730 5051 ne
1772 4997 1851 5054 sic

249 5079 462 5148 quidem
488 5089 614 5133 tutae
642 5081 935 5146 sunt,licet
965 5083 1172 5152 laqueis
1201 5085 1441 5138 nondum
1471 5087 1580 5140 sint
1609 5087 1849 5156 implica-

249 5182 335 5226 tm.
368 5173 442 5226 lta
472 5174 634 5227 etiam
667 5189 772 5228 non
803 5176 1040 5230 confidat
1069 5177 1252 5232 anima
1297 5194 1415 5246 quae
1470 5181 1669 5245 injuste
1701 5181 1846 5248 facit,

247 5265 347 5317 etsi
378 5263 619 5318 nondum
649 5275 807 5333 capta
839 5267 907 5320 sit
933 5285 945 5318 :
971 5266 1260 5336 aliquando
1295 5272 1438 5323 enim
1488 5271 1751 5340 capietur.
1787 5275 1847 5330 Si

246 5360 325 5414 vis
367 5361 420 5415 in
466 5370 580 5415 tuto
607 5378 750 5428 esse,
780 5377 931 5418 cessa
978 5362 1093 5419 haec
1124 5379 1303 5434 agere,
1333 5376 1386 5420 et
1431 5383 1622 5437 magna
1653 5367 1849 5425 frueris

309 5493 381 5554 la)
406 5493 524 5544 Hec
553 5497 684 5554 prior
709 5497 1053 5558 interpretatio
1081 5497 1278 5546 videtur
1310 5511 1422 5546 esse
1447 5497 1588 5557 juxta
1613 5499 1845 5551 Theodo-

243 5555 583 5625 t_ion_cm:licet
601 5555 897 5625 aliquantum
919 5561 1075 5625 variet
1099 5563 1144 5606 iu
1171 5559 1411 5622 llexaplis
1436 5555 1635 5625 nostris,
1664 5564 1748 5613 ubi
1774 5565 1846 5613 vi-

241 5617 392 5684 tiosis.
416 5617 834 5684 Posterior-cujus
855 5623 913 5668 sit
939 5623 1211 5684 ignoratur.

329 5680 378 5734 bi
406 5681 528 5736 Ouis
553 5687 614 5729 stt
636 5682 713 5730 hic
735 5680 986 5742 interpres
1013 5684 1283 5742 ignoratur.

329 5749 377 5801 ε)
403 5743 519 5806 Hac
544 5745 700 5804 primo
724 5756 984 5803 etmspectu
1005 5743 1082 5794 ’δι
1123 5744 1218 5793 alio
1241 5746 1366 5793 libro
1394 5746 1652 5806 desumpta
1675 5748 1844 5796 viden-

380 5805 470 5914 :tﬁl
503 5813 616 5855 sunt
638 5806 778 5868 juxta
818 5809 1282 5871 interpretationrm
1319 5805 1611 5870 Symmachi.
1635 5809 1762 5860 Vide
1795 5814 1841 5860 in

357 5882 380 5914 υ
453 5880 496 5914 s.

289 5879 496 5921 CXBDIIS.

1357 385 1718 444 EXPOSITIO
1756 382 1824 440 IN
1850 381 2176 440 PSALIIUM
2213 383 2376 444 CXL.

3468 386 3577 447 626

1965 499 2272 558 securitate.
2315 500 2426 556 Cur
2456 507 2632 554 autem
2661 499 2815 566 dixit,
2850 500 2918 555 lu
2949 501 3254 556 interitum?
3303 501 3572 569 Quoniam

1964 593 2115 649 multi
2155 594 2440 662 capiuntur
2483 591 2555 646 ad
2591 592 2818 647 salutem
2849 609 2863 645 :
2895 593 3064 663 utqui
3088 592 3157 646 ab
3183 593 3484 662 apostolis,
3516 604 3574 648 ut

1963 686 2053 757 qui
2081 701 2110 740 a
2136 685 2339 740 sanctis
2372 684 2522 740 viris.
2569 685 2638 739 At
2664 699 2771 740 non
2803 685 2954 750 mali,
2983 684 3199 756 quando
3225 700 3320 741 eos
3346 695 3576 742 venatur

1967 779 2190 843 vitium;
2233 778 2328 834 sed
2373 778 2440 834 ad
2491 778 2786 848 perniciem
2829 787 2885 834 et
2922 778 3218 834 interitum.
3253 780 3317 834 Et
3345 795 3443 834 cur
3466 795 3572 836 non

1965 885 1998 926 c
2043 872 2268 942 vestigio
2319 870 2502 925 vitium
2549 870 2898 939 Consequitur
2935 871 3304 941 supplicium?
3351 872 3575 942 Propter

1968 963 2181 1021 Domini
2227 963 2590 1020 clementiam.
2650 963 2707 1020 Si
2752 963 2896 1020 enim
2951 965 3112 1021 vellet
3142 965 3210 1021 de
3251 981 3578 1038 unoquoque

1967 1072 2154 1112 eorum
2213 1057 2303 1127 qui
2373 1064 2599 1127 peccant
2666 1059 2912 1127 protinus
2972 1058 3291 1129 supplicium
3335 1075 3571 1125 sumere,

1963 1146 2074 1216 jam
2125 1146 2359 1202 maxima
2407 1163 2473 1202 ex
2533 1156 2684 1218 parte
2747 1146 3017 1202 sublatum
3081 1157 3227 1204 esset
3279 1149 3574 1206 humanum

1968 1252 2156 1306 genus.
2212 1238 2299 1293 l3.
2363 1236 2588 1311 Cognovi
2651 1239 2772 1307 quia
2821 1237 2976 1307 faciet
3025 1238 3274 1294 Dominus
3315 1241 3577 1310 judicium

1969 1326 2181 1395 inopum
2206 1336 2253 1381 et
2283 1327 2560 1382 uindictam
2598 1345 2900 1399 pauperum.
2945 1329 3031 1384 id.
3067 1327 3428 1385 Verumtamen
3443 1334 3580 1403 justi

1971 1419 2346 1486 conﬁtebuntur
2401 1420 2597 1474 nomini
2651 1429 2761 1486 tuo,
2826 1430 2874 1476 et
2935 1421 3236 1476 habitabant
3294 1425 3420 1479 recti
3458 1441 3579 1480 cum

1970 1507 2117 1562 vultu
2157 1517 2265 1564 tuo.
2305 1509 2480 1577 Alius,
2523 1510 2678 1582 Apud
2729 1510 2925 1566 vultum
2982 1522 3146 1568 tuum.
3207 1513 3312 1569 Pro
3361 1514 3581 1571 Habita-

1971 1600 2095 1654 bunt
2142 1610 2345 1670 autem,
2385 1602 2525 1658 alius
2568 1603 2716 1669 dicit,
2757 1601 3140 1660 Permaucbunt
3180 1603 3280 1679 (a),
3324 1616 3380 1662 et
3419 1609 3578 1676 alius,

1972 1689 2234 1753 Sedebunt
2280 1709 2301 1747 :
2344 1701 2399 1748 et
2447 1708 2545 1764 pro
2586 1692 2813 1766 Cognovi
2837 1737 2853 1759 ,
2921 1695 3064 1752 Scio.
3117 1696 3384 1765 Quoniam
3432 1703 3579 1755 enlm
3610 1739 3623 1756 ι

1970 1782 2129 1849 dixit,
2187 1785 2547 1852 venabuntur,
2589 1795 2645 1841 et
2686 1786 2963 1857 peribunt,
3006 1803 3107 1843 nec
3131 1789 3369 1846 ostendit
3395 1791 3576 1847 statim

1971 1873 2256 1930 imminere
2295 1877 2620 1947 supplicium
2652 1895 2668 1932 :
2697 1893 2766 1933 ne
2805 1879 2927 1948 quis
2963 1894 3031 1935 ex
3071 1881 3588 1938 crassioribusideo

1971 1964 2289 2021 redderetur
2333 1967 2727 2038 negligentior,
2778 1968 3059 2039 subjunxit
3111 1971 3264 2039 illud,
3313 1971 3580 2044 Cognovi,

1970 2058 2261 2112 ostendens
2307 2057 2359 2112 id
2401 2058 2621 2113 omnino
2666 2058 3070 2129 futurum..Qui
3096 2063 3240 2117 etiim
3273 2063 3466 2134 injuria
3503 2064 3584 2120 ai-

1972 2145 2097 2203 fecti
2133 2157 2280 2216 sunt,
2325 2165 2433 2204 non
2462 2149 2755 2206 manebunt
2784 2150 2958 2208 inulti.
2984 2153 3259 2224 Pauperes
3285 2167 3465 2212 autem
3494 2156 3583 2213 hic

1971 2256 2079 2297 non
2116 2241 2367 2314 intelligit
2409 2242 2657 2300 absolute
2695 2260 2982 2316 pauperies,
3039 2247 3134 2303 sed
3183 2264 3279 2304 eos
3311 2251 3402 2321 qui
3451 2259 3586 2310 sunt

1969 2332 2129 2389 valde
2169 2332 2422 2401 Immites,
2478 2335 2569 2404 qui
2615 2345 2742 2391 sunt
2775 2337 3013 2393 contriti.
3059 2337 3184 2394 llaec
3209 2350 3389 2396 autem
3414 2340 3580 2406 dicit.

1968 2441 2066 2483 eos
2103 2428 2193 2498 qui
2225 2428 2420 2496 injuria
2447 2426 2778 2498 afﬁciuntur,
2826 2431 3132 2494 consolans,
3165 2442 3218 2486 et
3269 2447 3342 2488 ,οε
3370 2435 3460 2505 qui
3496 2434 3580 2489 fa-

1971 2519 2122 2574 ciunt
2159 2518 2433 2589 iujuriam,
2481 2520 2763 2592 corrigens
2800 2520 3207 2592 admonensque
3237 2539 3250 2576 :
3284 2531 3341 2578 ut
3371 2509 3470 2580 nec
3506 2525 3584 2583 illi

1971 2620 2189 2683 propter
2233 2627 2442 2667 moram
2467 2611 2779 2684 desperent,
2817 2629 2918 2669 nec
2943 2613 2995 2668 bi
3027 2626 3246 2686 prepter
3269 2617 3581 2674 dilationem

1968 2702 2266 2757 reddantur
2289 2702 2651 2759 socordiores.
2703 2704 2898 2759 Dilatio
2934 2707 3079 2761 enim
3122 2706 3272 2763 ducit
3309 2709 3376 2765 ad
3405 2712 3582 2780 pleni-

1971 2793 2196 2848 tentiam
2230 2810 2244 2847 :
2276 2808 2401 2849 eum
2440 2803 2621 2851 autem
2652 2795 3099 2866 quiperseverat,
3144 2801 3298 2870 punit
3319 2804 3536 2873 gravius
3568 2826 3581 2861 :

1970 2887 2132 2960 idque
2165 2889 2380 2944 merito.
2433 2889 2648 2958 Quare?
2680 2889 2836 2958 Quod
2866 2906 2989 2946 cum
3021 2893 3070 2948 in
3100 2907 3159 2948 se
3191 2903 3390 2950 tantam
3421 2895 3581 2953 boni-

1969 2986 2134 3033 tatem
2171 2979 2454 3043 senserint,
2497 2995 2833 3050 nequaquam
2861 2982 3114 3039 meliores
3138 2987 3427 3042 evaserint.
3470 2987 3579 3044 Co-

1968 3071 2077 3141 gita
2127 3085 2358 3139 namque
2405 3081 2603 3142 quanta
2647 3073 2718 3128 sit
2739 3074 2831 3130 Dei
2873 3076 3181 3142 clementia,
3229 3081 3446 3149 quando
3485 3097 3582 3139 eos
3648 3093 3655 3100 '

1969 3165 2062 3233 qui
2102 3171 2224 3218 sunt
2263 3164 2365 3218 sibi
2409 3163 2630 3230 addicti,
2683 3165 2826 3222 mala
2855 3169 2960 3235 pati
3003 3165 3280 3237 permittit,
3321 3188 3423 3228 nec
3450 3174 3581 3231 ulci-

1970 3256 2159 3322 scitur,
2198 3256 2383 3311 volens
2410 3265 2462 3312 te
2492 3258 2806 3325 paenitentia
2835 3260 3116 3315 meliorem
3147 3260 3346 3318 facere.

2043 3347 2197 3402 Ratio
2235 3364 2268 3400 a
2318 3347 2424 3402 Deo
2464 3366 2566 3402 non
2605 3351 2879 3420 poscenda.
2920 3381 2993 3391 —
3042 3350 3404 3410 Verumtamen
3441 3357 3577 3427 justi

1968 3440 2345 3510 conﬁtebuntur
2389 3441 2585 3495 nomini
2635 3452 2743 3496 tuo.
2805 3441 2945 3510 Quid
2989 3452 3071 3498 est
3113 3445 3256 3514 quod
3300 3445 3464 3504 dicit?
3517 3449 3574 3506 In

1971 3550 2344 3606 quocumque.
2391 3535 2592 3604 inquit,
2626 3534 2899 3598 evenerit,
2934 3535 3007 3589 illi
3039 3545 3197 3607 agent
3221 3539 3458 3608 gratias:
3482 3557 3578 3599 seu

1971 3625 2202 3680 viderint
2241 3624 2473 3679 humiles
2504 3623 2716 3694 injuriis
2744 3624 2864 3681 aﬁ‘et
2885 3633 2998 3691 tos,
3030 3643 3125 3681 seu
3166 3630 3337 3686 malos
3366 3632 3535 3689 elatos
3560 3680 3574 3699 ,

1970 3732 2078 3772 non
2110 3717 2615 3787 exigent-rationetn
2642 3731 2739 3770 cur
2767 3717 2854 3772 illa
2883 3717 3032 3772 fiant.
3063 3717 3175 3774 Hoc
3215 3731 3300 3776 est
3327 3724 3469 3779 enim
3496 3729 3578 3783 vel

1969 3810 2204 3863 maxime
2219 3808 2512 3877 justorum,
2533 3822 2751 3878 semper
2770 3817 2823 3864 et
2846 3807 2898 3863 in
2917 3810 3168 3865 oumihus
3182 3813 3381 3882 gratias
3397 3811 3579 3887 agerc.

1971 3901 2040 3956 Et
2067 3901 2364 3956 habitabant
2385 3902 2508 3956 recti
2528 3917 2645 3956 cum
2665 3901 2808 3955 cultu
2832 3910 2918 3955 tuo
2937 3917 2956 3956 :
2974 3902 3076 3957 hoc
3097 3912 3202 3970 est,
3225 3903 3396 3961 Tuum
3424 3922 3578 3966 ausc-

1970 3993 2120 4065 quuti
2150 3993 2427 4056 auxilium,
2461 4001 2517 4048 et
2543 3991 2612 4048 de
2644 4001 2694 4047 te
2725 4009 2846 4048 cum
2877 3994 2988 4049 suis
3019 3995 3214 4049 animis
3242 3998 3536 4068 cogitantes
3561 4043 3580 4067 ,

1969 4100 2187 4154 semper
2229 4094 2405 4140 tecum
2447 4093 2748 4150 versantes,
2795 4099 2826 4138 a
2867 4093 2923 4140 te
2957 4100 3245 4156 numquam
3286 4089 3578 4150 recedent:

1970 4174 2230 4248 quidquid
2260 4175 2521 4242 evenerit,
2553 4174 2687 4230 nihil
2715 4190 2968 4245 umquam
2991 4176 3070 4231 eis
3099 4193 3241 4248 aegre
3271 4179 3450 4246 fuerit,
3480 4199 3579 4239 nec

1970 4269 2038 4325 de
2066 4270 2147 4324 eis
2175 4285 2297 4339 qua:
2345 4268 2626 4332 accident,
2678 4283 2932 4338 umquam
2975 4279 3290 4338 querentur.
3337 4271 3450 4328 Hoc
3497 4285 3578 4332 est

1972 4362 2116 4416 enim
2144 4361 2308 4416 animi
2341 4359 2632 4415 immobilis
2652 4402 2667 4424 ,
2698 4359 2800 4414 hoc
2831 4361 2998 4415 ﬁrma:
3025 4362 3221 4418 mentis
3249 4378 3314 4419 ac
3341 4366 3578 4438 stabilis,

1972 4470 2081 4509 non
2121 4471 2346 4526 poscere
2390 4473 2421 4513 a
2461 4457 2688 4513 Domino
2724 4473 2910 4513 eorum
2953 4472 3073 4528 qu:e
3113 4453 3577 4516 ﬁunt.rationem.

1965 4539 2231 4605 Quocirca
2281 4543 2492 4594 dicebat
2540 4543 2735 4599 Paulus
2778 4562 2791 4597 :
2830 4547 3217 4614 Verumtamen,
3248 4563 3283 4605 ο
3310 4556 3486 4618 homo,
3515 4561 3572 4608 tu

1963 4630 2078 4696 quis
2111 4647 2164 4684 es
2194 4632 2284 4699 qui
2305 4634 2617 4702 respondeas
2652 4633 2800 4689 Deo?
2826 4636 3094 4706 Numquid
3116 4642 3240 4695 dicit
3268 4642 3572 4714 ﬁgmentum

1962 4721 2146 4789 ﬁgulo,
2200 4721 2305 4777 Cur
2351 4741 2431 4778 mc
2471 4726 2636 4793 fecisti
2679 4729 2754 4780 sic
2780 4727 2958 4800 (Rom.
2997 4731 3048 4786 9.
3091 4732 3219 4804 20)?
3251 4734 3363 4789 Iloc
3409 4734 3570 4806 igitur

1963 4815 2127 4869 modo
2157 4831 2257 4870 nos
2299 4833 2514 4889 quoque
2558 4835 2779 4889 sei-iper
2819 4833 2975 4891 grato
3017 4825 3188 4881 simus
3233 4828 3438 4896 animo,
3471 4845 3570 4899 pro

1960 4907 2214 4962 omnibus
2245 4907 2355 4963 Deo
2377 4911 2579 4978 gratias
2601 4920 2824 4980 agentes
2850 4930 2863 4967 :
2890 4915 3142 4983 quoniam
3171 4917 3221 4972 ei
3245 4918 3434 4987 gloria,
3454 4935 3576 4989 gra—

1962 5001 2156 5054 tiarum
2186 5004 2351 5069 actio,
2383 5013 2438 5058 et
2466 5003 2735 5069 adoratio,
2768 5020 2910 5060 nunc
2938 5015 2993 5062 et
3029 5021 3272 5078 semper,
3306 5019 3359 5063 t-t
3389 5011 3440 5063 in
3477 5012 3563 5064 in-

1959 5090 2117 5147 ﬁnita.
2135 5093 2334 5148 sarcula
2363 5095 2709 5152 seculorum.
2743 5098 2938 5152 Amen.

2437 5207 2504 5263 IN
2545 5209 2875 5266 PSALMUM
2915 5209 3074 5266 CXL.

1957 5321 2010 5378 1.
2062 5321 2299 5396 Domine,
2329 5323 2548 5375 clamavi
2588 5322 2658 5374 ad
2707 5333 2771 5385 te,
2804 5323 2992 5376 exaudi
3036 5338 3116 5375 me
3150 5336 3169 5375 :
3201 5321 3413 5377 intende,
3457 5317 3567 5375 voti

2351 5431 2496 5481 mea,
2525 5433 2639 5470 cum
2669 5417 2956 5470 clamavero
2996 5417 3066 5470 ad
3095 5425 3164 5470 te.

2030 5525 2082 5582 i.
2118 5525 2290 5596 Hujus
2316 5528 2536 5599 quidem
2563 5529 2761 5584 Psahni
2792 5533 2956 5586 verba
2981 5546 3118 5602 pene
3141 5547 3332 5589 omnes
3355 5535 3560 5600 sciunt,

1952 5630 2004 5674 et
2031 5636 2121 5689 per
2146 5636 2362 5676 omnem
2387 5633 2598 5678 aetatem
2620 5634 2880 5694 perpetuo
2901 5635 3100 5680 canunt
3120 5628 3270 5698 :quis
3286 5629 3357 5682 sit
3376 5637 3559 5682 autem

1953 5726 2146 5766 sensus
2168 5728 2376 5778 eorum,
2393 5731 2512 5785 qua:
2535 5714 2677 5770 dicta
2699 5726 2844 5782 sunt,
2866 5719 3132 5772 ne;ciunt.
3152 5717 3306 5786 Quod
3334 5716 3555 5789 quidem

2019 5871 2092 5929 (tt)
2128 5868 2247 5920 ilice
2273 5872 2621 5936 interpretatio
2646 5879 2724 5925 est
2743 5874 2882 5936 juxta
2906 5873 3278 5939 Symmachum.
