4056 6430
1573 266 1611 299 ο

502 383 603 439 ‘27

504 516 614 556 non
645 508 728 554 est
756 509 912 567 parva
957 490 1371 561 reprehensione
1395 487 1610 557 dignum
1637 526 1653 552 ,
1683 497 1777 539 eos
1804 480 1893 552 qui
1917 479 2095 551 quoti-

504 591 597 647 die
621 595 838 649 canunt.
869 592 923 640 et
943 597 1039 638 ore
1067 581 1226 638 verba
1255 570 1551 650 proferunt,
1581 593 1686 634 non
1713 587 1956 644 quzerere
1987 570 2094 626 vim

502 677 888 738 sententiarum
911 717 926 740 ,
973 687 1094 745 quae
1134 671 1188 726 in
1233 669 1318 725 his
1351 669 1528 724 verbis
1569 667 1686 721 siue
1721 673 1866 718 sunt.
1909 661 2015 717 Sed
2050 659 2098 717 si

507 771 700 829 viderit
725 769 939 841 quidem
970 763 1232 835 quispiam
1261 776 1452 831 aquam
1487 773 1670 829 puram
1701 766 1754 811 et
1782 752 2054 824 limpidant
2077 791 2093 816 ,

507 879 615 920 non
653 876 715 918 se
743 859 1005 923 tenuerit,
1051 855 1181 927 quin
1224 853 1292 908 ad
1338 866 1456 906 eam
1506 847 1758 913 accedat,
1802 853 2013 914 tangat,
2042 849 2098 898 et

508 956 683 1018 bibat;
713 961 766 1008 et
791 950 879 1020 qui
907 949 960 1013 in
987 956 1196 1018 pratum
1225 941 1441 999 assidue
1481 939 1810 1011 ingreditur,
1854 935 1953 989 nisi
1981 932 2096 988 eol-

507 1045 659 1100 lectis
686 1044 836 1112 prius
859 1038 1062 1110 aliquot
1102 1034 1320 1094 ﬂoribus
1339 1074 1355 1100 ,
1390 1029 1644 1112 recedere
1684 1027 1902 1083 minime
1930 1023 2094 1080 susti-

508 1102 721 1190 nuerit':
749 1145 846 1186 vos
868 1102 1044 1186 aut-em
1065 1127 1167 1197 qui
1183 1125 1250 1180 ab
1278 1102 1494 1180 insumite
1519 1129 1678 1176 aetate
1702 1117 1771 1172 ad
1797 1124 2094 1172 extremam

507 1239 676 1295 usque
703 1230 1029 1278 senectutem
1068 1218 1210 1272 hunc
1252 1214 1522 1271 Psalmum
1562 1207 1928 1272 meditamini,
1961 1204 2093 1260 nihil

505 1314 649 1371 aliud
675 1327 832 1384 quam
861 1309 1023 1366 verba
1050 1317 1306 1379 perpetuo
1329 1303 1540 1367 tenetis,
1563 1303 1822 1358 abseonso
1842 1298 2095 1354 thesauro

505 1403 752 1460 assidetis
771 1443 785 1465 ,
827 1399 1157 1470 obsignatam
1188 1409 1496 1452 crumenam
1517 1391 1891 1456 circumiertis,
1913 1397 1968 1443 et
1994 1401 2095 1442 nec

504 1511 533 1548 a
566 1493 871 1549 curiositate
897 1489 1112 1562 quidem
1158 1488 1407 1543 incitatus
1433 1492 1516 1540 est
1542 1482 1801 1552 quispiam
1833 1489 1890 1534 ut
1916 1478 2092 1533 disce-

503 1594 607 1652 ret,
635 1583 762 1655 quid
799 1590 884 1638 est
910 1578 1050 1652 quod
1073 1577 1266 1633 dicitur
1288 1594 1301 1629 :
1327 1590 1432 1630 non
1458 1573 1717 1642 qua-sivit,
1755 1585 1860 1625 non
1890 1578 2094 1625 scruta-

509 1683 596 1732 tus‘
635 1681 737 1731 est.
782 1675 1112 1742 Quamquam
1159 1684 1260 1725 nec
1306 1665 1435 1722 illud
1478 1664 1692 1736 quidem
1736 1661 1839 1717 dici
1883 1669 2090 1732 potest,

505 1781 626 1822 cum
652 1775 796 1822 esset
825 1764 1063 1819 Psalmus
1090 1767 1332 1831 apertus,
1362 1771 1551 1812 omnes
1582 1755 1816 1810 invitavit
1845 1753 1912 1809 ad
1941 1767 2091 1807 som-

508 1871 635 1911 num
657 1895 676 1922 ,
713 1869 813 1910 nec
855 1853 978 1908 sivit
1003 1858 1411 1922 ut-quasreretur
1437 1846 1576 1917 quod
1602 1856 1715 1900 erat
1743 1843 1806 1899 ad
1850 1857 2084 1898 manum.

507 1949 602 2016 Est
625 1946 770 2001 enim
795 1945 1055 2000 obscurus
1075 1973 1097 2007 ,ι
1119 1940 1419 2008 sufﬁeitque
1455 1938 1521 1991 ad
1557 1951 1678 1990 eum
1708 1933 2045 1989 excitandum
2071 1973 2088 1998 ,

504 2041 598 2111 qui
627 2054 732 2094 non
764 2038 922 2094 nimis
948 2033 1210 2106 profunde
1250 2031 1452 2086 dormit
1471 2070 1486 2093 ,
1534 2030 1640 2084 imo
1664 2043 1786 2082 eum
1815 2027 1973 2081 etiam
2000 2025 2090 2095 qui

505 2131 725 2185 omnino
753 2127 970 2185 dormit.
997 2125 1135 2194 Quid
1180 2123 1321 2180 enim
1349 2131 1430 2176 cst
1457 2119 1584 2176 illud
1605 2161 1622 2186 ,
1671 2120 1724 2174 4.
1760 2117 1841 2172 Ne
1873 2117 2092 2172 declines

504 2239 595 2276 cor
615 2237 778 2276 meum
804 2221 858 2275 in
885 2219 1032 2274 verba
1061 2216 1309 2271 malitia?
1329 2212 1455 2285 quid
1482 2227 1631 2278 vero,
1653 2213 1708 2266 5.
1737 2209 1985 2281 Corripiet
2013 2223 2094 2262 me

497 2315 671 2386 justus
695 2312 746 2365 in
773 2308 1152 2374 misericordia,
1200 2316 1248 2361 et
1277 2303 1553 2374 increpabit
1578 2303 1699 2358 me?
1721 2301 1876 2368 Quod
1914 2309 2092 2355 autem

502 2405 869 2474 consequitur,
897 2403 1014 2467 dic,
1043 2413 1247 2471 quaeso,
1273 2412 1452 2453 annon
1480 2405 1562 2452 est
1587 2393 1911 2467 quibuslibet
1938 2400 2092 2447 tene-

504 2499 628 2555 bris'
649 2492 1068 2552 tenebricosius?
1096 2491 1349 2560 Quoniam
1396 2489 1564 2543 adhuc
1591 2497 1636 2541 et
1681 2485 1847 2540 oratio
1886 2499 1996 2537 mea
2038 2483 2091 2536 in

504 2587 826 2658 beneplacitis
851 2600 1042 2640 eorum.
1065 2582 1120 2640 Θ.
1145 2581 1380 2655 Absorpti
1406 2588 1524 2633 sunt
1535 2577 1702 2649 juncti
1721 2585 1876 2646 petrae
1889 2575 2091 2645 jndices

504 2694 699 2733 eorum.
729 2675 984 2743 Quamvis
1011 2683 1184 2728 tamen
1214 2680 1290 2725 tot
1317 2670 1424 2724 sint
1450 2668 1697 2730 obseura,
1729 2664 1888 2720 veluti
1914 2662 2086 2734 quod-

505 2769 628 2823 dam
651 2767 936 2829 canticum,
960 2779 1022 2818 ea
1049 2761 1197 2817 multi
1225 2761 1412 2816 leviter
1434 2765 1864 2829 praetercurrunt.
1895 2754 2001 2810 Sed
2021 2769 2091 2809 ne

501 2857 631 2912 dum
672 2857 726 2912 in
752 2853 1167 2925 reprehensione
1195 2852 1417 2906 nimium
1457 2850 1832 2911 immoramur,
1863 2847 2088 2902 molesta

501 2949 696 3005 evadat
721 2948 911 3012 oratio,
943 2961 1040 3017 age
1063 2944 1129 3000 ad
1156 2960 1218 3000 ea
1249 2959 1369 3016 quae
1393 2943 1532 2999 dicta
1561 2948 1685 2998 sunt
1709 2939 2089 3012 perscrutanda

503 3041 800 3095 veniamus.
829 3037 937 3095 Sed
961 3038 1241 3108 diligenter
1266 3035 1523 3092 attendite
1549 3052 1561 3088 :
1585 3049 1760 3105 neque
1791 3033 1934 3088 enim
1963 3040 2092 3102 puto
2150 3102 2156 3109 ε

505 3132 671 3188 fuisse
699 3143 901 3187 temere
936 3129 1210 3186 decretum
1250 3145 1281 3181 a
1327 3126 1600 3196 patribus,
1644 3134 1702 3180 ut
1739 3124 1826 3179 hic
1851 3123 2091 3179 Psalmus

505 3241 728 3296 vespere
754 3223 1022 3279 diceretur
1041 3219 1276 3291 quotidie
1296 3218 1397 3291 (a),
1425 3233 1596 3289 neque
1626 3225 1842 3287 propter
1868 3215 1920 3270 id
1947 3214 2089 3285 quod

506 3316 559 3371 in
590 3329 658 3371 eo
685 3313 880 3369 dicitur
903 3354 919 3378 ,
962 3311 1192 3366 Elevatio
1233 3325 1476 3364 manuum
1516 3325 1743 3363 mearum
1782 3308 2088 3376 sacriﬁcium

505 3405 863 3474 uespertinum.
907 3402 1038 3458 Nam
1083 3401 1314 3475 idipsum
1358 3413 1570 3470 quoque
1611 3399 1662 3454 in
1704 3398 1822 3453 aliis
1861 3397 2090 3454 Psalmis

505 3495 731 3560 dicitur,
768 3489 1216 3562 quemadmodum
1259 3489 1314 3545 in
1359 3490 1448 3544 illo
1478 3489 1566 3559 qui
1596 3489 1764 3544 dicit:
1793 3486 2007 3557 Vespere
2042 3497 2089 3542 et

509 3601 656 3639 mane
681 3594 728 3639 et
753 3583 960 3638 meridie
984 3581 1202 3636 narrabo
1231 3591 1278 3636 et
1312 3581 1622 3635 annuntiabo
1649 3579 1819 3652 (Psal.
1850 3581 1938 3635 54.
1971 3580 2086 3650 18).

508 3676 578 3731 ΕΙ
605 3689 810 3739 rursus,
841 3672 983 3727 Tuus
1007 3680 1080 3726 est
1107 3671 1233 3735 dies,
1260 3681 1309 3726 et
1338 3681 1426 3724 tua
1451 3681 1524 3725 est
1543 3687 1644 3725 nos:
1666 3669 1836 3743 (Paul.
1861 3671 1944 3726 75.
1975 3671 2086 3741 16).

507 3766 574 3821 Et
602 3779 786 3821 rursus
803 3804 820 3830 ,
860 3761 1074 3833 Vespere
1101 3761 1444 3816 demorabitur
1481 3764 1628 3831 ﬂetus
1653 3803 1666 3826 ,
1693 3763 1818 3816 etin
1846 3763 2089 3818 matutino

509 3855 778 3911 exsultatio
818 3854 986 3926 (Psal.
1029 3853 1121 3911 29.
1166 3853 1258 3926 θ),
1303 3863 1358 3909 et
1402 3855 1555 3909 multi
1599 3863 1821 3923 possunt
1864 3855 2089 3911 inveniri

514 3946 710 4020 Psalmi
738 3947 826 4016 qui
856 3948 1157 4016 vespertino
1185 3945 1411 4014 tempori
1450 3946 1785 4000 conveniant.
1819 3945 1933 4000 Non
1960 3961 2090 4017 ergo

513 4045 792 4107 propterea
835 4034 978 4107 hunc
1023 4035 1288 4104 Psalmum
1336 4035 1688 4091 decreverunt
1731 4047 1942 4106 patres,
1993 4035 2089 4092 sed

508 4137 776 4197 tamquam
804 4126 1035 4181 salutare
1057 4125 1267 4196 aliquod
1297 4125 1639 4195 pbarmacum
1670 4133 1724 4180 et
1751 4137 2088 4195 peccatorum

511 4221 798 4290 piaculum,
821 4227 879 4274 ut
903 4219 947 4273 is
974 4218 1262 4283 diceretur,
1289 4218 1702 4286 constituerunt,
1734 4228 1791 4272 ut
1814 4234 2089 4288 quaecum-

511 4328 616 4381 que
641 4311 827 4366 sordes
851 4321 944 4366 aut
968 4311 1187 4389 maqula:
1217 4312 1410 4366 fuerint
1433 4326 1460 4364 a
1485 4311 1638 4366 nobis
1661 4322 1771 4366 toto
1795 4311 1882 4367 die
1909 4327 2092 4368 susce-

510 4409 617 4471 pta:
641 4441 656 4465 ,
696 4399 822 4454 dum
851 4401 932 4454 vel
962 4399 1014 4452 in
1055 4398 1205 4466 foro,
1237 4402 1321 4454 vel
1351 4400 1528 4464 domi,
1558 4401 1643 4454 vcl
1675 4401 1726 4455 itt
1755 4418 2090 4478 quocumque

507 4492 614 4544 alio
641 4491 758 4545 loco
785 4505 1092 4554 versamur,
1122 4505 1214 4545 eas
1239 4505 1360 4544 cum
1389 4490 1456 4544 ad
1486 4505 1762 4560 vesperum
1790 4493 2093 4562 perveneri-

509 4595 661 4647 mus,
706 4596 802 4650 per
845 4579 1116 4650 spirituale
1159 4578 1260 4635 boc
1303 4596 1517 4635 carmen
1560 4583 1946 4652 abstergamus.
1992 4582 2092 4637 Est

508 4672 651 4726 enim
677 4671 1118 4726 medicamentum
1145 4670 1284 4740 quod
1314 4671 1454 4725 delet
1479 4671 1594 4728 haec
1613 4675 1810 4726 omnia.
1840 4671 1987 4728 Talis
2009 4683 2092 4728 est

509 4762 670 4814 etiam
727 4760 966 4815 Psalmus
1014 4763 1303 4815 matutinus
1338 4781 1351 4815 :
1386 4761 1515 4816 nihil
1567 4764 1708 4817 enim
1760 4771 1905 4816 vetat
1951 4764 2090 4819 illius

511 4865 721 4920 quoque
749 4851 979 4905 breviter
1017 4853 1341 4906 meminisse.
1375 4854 1630 4907 Accendit
1657 4855 1798 4908 enim
1839 4855 1891 4908 in
1923 4855 2087 4910 Deum

509 4942 828 4995 desiderium
847 4982 861 5005 ,
911 4953 963 4995 et
1003 4943 1237 4997 animum
1266 4943 1460 4997 excitat
1485 4985 1498 5008 ,
1543 4959 1605 4998 ac
1633 4955 1908 5014 postquam
1937 4948 2090 5001 valde

510 5030 870 5093 inllanunavit,
902 5047 1196 5101 magnaque
1217 5034 1446 5102 replevit
1472 5035 1648 5087 Letitia
1675 5044 1728 5088 et
1753 5037 1992 5098 caritate,
2018 5038 2088 5092 ita

508 5121 768 5188 permittit
793 5123 1066 5177 accedere.
1101 5122 1385 5178 Videamus
1421 5133 1596 5178 autem
1641 5125 1904 5180 undenatn
1951 5128 2087 5181 inci-

507 5211 635 5278 piat,
655 5219 708 5264 et
729 5210 852 5278 quid
879 5226 976 5264 nos
1001 5211 1190 5268 doceat
1213 5231 1224 5264 :
1249 5213 1402 5277 Deus,
1421 5214 1556 5268 Deus
1576 5232 1732 5278 meus,
1759 5217 1826 5269 ad
1845 5227 1889 5270 te
1903 5219 1965 5270 de
1981 5218 2091 5272 luce

505 5304 676 5371 vigilo.
693 5303 861 5355 Sitivit
878 5313 923 5356 te
939 5305 1108 5356 anima
1125 5321 1233 5358 mea
1247 5305 1413 5372 (Paul.
1437 5308 1522 5362 6‘2.
1546 5310 1620 5377 1).
1644 5309 1801 5363 Vides
1823 5317 2089 5379 quomodo

509 5392 739 5445 ostendit
783 5394 997 5446 verbum
1043 5395 1350 5448 inﬂammati
1404 5400 1599 5450 animi?
1646 5399 1742 5454 Ubi
1790 5412 1874 5455 est
1911 5414 2088 5460 autem

513 5495 658 5533 amor
682 5482 793 5546 Dei,
813 5484 986 5535 omnia
1011 5486 1145 5537 mala
1178 5487 1461 5540 recedunt;
1484 5489 1566 5542 ubi
1593 5499 1676 5543 est
1697 5493 1784 5544 Dei
1809 5496 2085 5562 memoria,

511 5573 614 5627 illic
644 5585 726 5628 est
773 5586 1106 5642 peccatorum
1147 5578 1363 5644 oblivio,
1418 5591 1470 5633 et
1517 5582 1775 5635 iuniorum
1820 5585 2064 5640 interitus

572 5775 643 5831 (ιι)
680 5776 756 5823 llic
782 5773 986 5824 Paulinus
1012 5777 1224 5838 quotidie
1253 5780 1542 5828 l'C-Jll-ll’d‘ur
1569 5782 1838 5842 antiochus,

1245 372 1302 429 S.
1339 369 1614 428 JOANNIS
1651 359 2125 424 CHRYSOSTOMI
2163 358 2483 416 ARCHIEI’.
2522 357 3058 419 CONSTANTISOP.

3705 365 3818 423 318

2205 472 2296 530 Sic
2319 474 2371 528 in
2391 483 2564 530 sancto
2586 477 2807 545 apparati
2833 476 2942 543 tibi,
2978 486 3034 531 tu
3061 475 3281 532 uiderent
3311 477 3549 533 uirtutem
3569 484 3734 543 llam,
3761 488 3814 534 et

2206 566 2424 638 gloriam
2452 576 2588 620 tuam
2616 564 2787 638 (Psal.
2811 566 2902 622 62.
2925 565 3001 640 5).
3020 565 3155 636 Quid
3187 575 3297 634 est,
3333 566 3468 624 Sic!
3491 567 3635 624 Cum
3664 569 3769 625 hoc
3791 611 3808 635 ,

2205 656 2396 727 inquit,
2421 655 2708 724 desiderio,
2731 672 2852 713 cum
2879 657 2982 714 hac
3003 657 3312 726 dilectione,
3335 670 3399 714 ut
3417 658 3634 714 videam
3661 668 3812 716 tuam

2203 747 2452 819 gloriam,
2474 763 2594 819 qua:
2619 757 2796 819 potest
2820 748 3020 818 ubique
3043 749 3234 806 videri.
3275 749 3386 807 Sed
3413 767 3486 806 ne
3509 765 3581 808 eo
3608 752 3815 822 quiest

2202 854 2315 911 prie
2359 837 2608 896 manibus
2653 840 2881 908 relicto,
2928 841 3093 897 alium
3140 841 3314 898 obiter
3365 841 3807 910 introducamus,

2205 931 2520 987 transmisso
2545 930 2786 987 auditore
2807 929 2889 1005 (α)
2913 930 2982 988 ad
3009 946 3072 990 ea
3103 948 3225 1004 quae
3251 932 3321 990 de
3347 932 3442 990 illo
3462 933 3618 990 dicta
3637 944 3766 991 sunt
3790 977 3806 1000 ,

2201 1021 2269 1076 ad
2295 1036 2359 1077 ea
2387 1037 2509 1092 quae
2535 1030 2664 1077 sunt
2689 1022 2845 1077 nobis
2871 1023 3140 1092 proposita
3169 1023 3514 1080 accedamus.

2272 1111 2478 1166 Clamor
2519 1112 2572 1165 in
2612 1127 2759 1167 sacra
2797 1111 3070 1181 Scriptura
3110 1114 3274 1183 quid;
3296 1115 3493 1170 clamor
3513 1116 3708 1172 cordis.
3735 1145 3809 1159 —

2204 1202 2339 1272 Quid
2393 1202 2478 1258 hic
2527 1217 2656 1273 ergo
2698 1202 2864 1258 dicit?
2894 1202 3128 1268 Domine,
3174 1203 3392 1260 clamavi
3421 1205 3493 1260 ad
3513 1216 3583 1273 te,
3613 1208 3808 1262 exaudi

2197 1309 2299 1348 me.
2327 1293 2486 1360 Quid,
2519 1307 2722 1362 quaso,
2751 1292 2924 1347 dicis?
2954 1293 3203 1363 quoniam
3231 1293 3497 1364 clamasti,
3525 1297 3610 1351 vis
3639 1311 3807 1354 exau-

2197 1382 2320 1447 diri,
2343 1395 2393 1438 et
2425 1399 2546 1439 eam
2574 1379 2733 1439 affers
2756 1384 2958 1454 justam
2986 1399 3214 1441 causam
3239 1401 3337 1442 cur
3364 1389 3714 1446 exaudiaris?
3735 1391 3807 1446 lis

2197 1487 2326 1545 ergo
2349 1475 2439 1546 qui
2465 1491 2653 1546 magna
2683 1485 2738 1530 et
2763 1476 3061 1531 vehementi
3085 1492 3215 1534 voce
3242 1478 3562 1551 intcnsaqne
3594 1481 3811 1551 pm‘diti

2196 1573 2500 1637 sunt,0pus
2528 1565 2785 1622 est'?Sed
2837 1566 2940 1623 hoc
2995 1566 3154 1624 fuerit
3199 1584 3230 1623 a
3282 1571 3490 1626 ratione
3541 1573 3802 1630 alienmn.

2196 1653 2334 1723 Quid
2354 1656 2497 1711 enim
2515 1657 2753 1725 peccavit
2775 1657 2864 1726 qui
2893 1666 2977 1713 est
3005 1673 3165 1727 parva
3195 1668 3250 1714 ct
3275 1660 3404 1716 exili
3421 1676 3574 1729 voce,
3601 1663 3802 1720 tarda.»

2197 1761 2303 1816 que
2323 1755 2379 1800 et
2406 1744 2758 1816 impeditioris
2782 1746 3216 1818 ling’um?Nonne
3237 1749 3358 1805 talis
3381 1763 3493 1806 erat
3525 1751 3721 1820 Moses,
3743 1767 3804 1810 ct

2199 1840 2318 1907 plus
2343 1851 2505 1906 quam
2525 1851 2714 1893 omnes
2738 1837 3124 1894 exaudiebatur
3141 1839 3170 1894 ἓ
3195 1855 3376 1896 nonne
3392 1841 3566 1898 Judaei
3591 1843 3800 1900 clama-

2199 1927 2330 1984 bant
2385 1930 2504 1999 plus
2549 1945 2708 2000 quam
2755 1947 2963 2000 omnes,
2991 1931 3085 1990 sed
3118 1933 3264 1990 Deus
3298 1950 3492 1992 eorum
3546 1938 3799 2007 precibus

2195 2035 2309 2075 non
2342 2021 2565 2075 annuit?
2591 2020 2779 2092 Magna
2821 2024 2966 2079 enim
3005 2023 3092 2079 vel
3119 2023 3246 2080 exili
3274 2039 3408 2080 voce
3446 2041 3571 2082 esse
3605 2028 3800 2098 prndio

2198 2119 2333 2175 tum,
2365 2121 2483 2165 sunt
2506 2121 2710 2167 natura:
2732 2114 3012 2169 commoda
3037 2123 3090 2170 et
3118 2115 3478 2177 incommoda.
3513 2117 3590 2171 Ea
3617 2128 3798 2174 autem

2197 2217 2308 2256 non
2335 2201 2534 2256 faciunt
2563 2211 2622 2256 ut
2650 2202 2734 2258 vel
2772 2204 3084 2269 audiamur,
3117 2204 3199 2260 vel
3235 2219 3343 2260 non
3383 2205 3708 2275 audiamur,
3739 2217 3799 2264 ut

2197 2309 2316 2363 qua:
2328 2308 2428 2348 nec
2441 2293 2598 2363 digna
2615 2293 2724 2348 sint
2737 2309 2855 2364 qua:
2877 2294 2960 2351 vel
2989 2294 3274 2352 laudentur
3289 2296 3374 2354 vel
3401 2297 3795 2370 vituperemur.

2196 2385 2356 2442 Multa
2375 2385 2517 2441 enim
2543 2393 2746 2440 natura
2773 2387 3054 2443 commoda
3081 2386 3277 2444 adsunt
3304 2388 3470 2445 etiam
3493 2387 3794 2447 sceleratis.

2196 2480 2391 2536 Annon
2437 2492 2554 2539 erat
2585 2483 2812 2554 pulcher
2835 2494 2892 2541 et
2931 2485 3200 2545 formosus
3236 2487 3509 2555 Absalon,
3541 2497 3600 2546 et
3628 2503 3798 2565 usque

2194 2571 2266 2626 ad
2287 2573 2508 2643 capillos
2533 2577 2723 2646 capitis
2739 2576 3108 2650 porrigebatur
3133 2578 3250 2649 ejus
3269 2579 3516 2652 corporis
3545 2582 3796 2651 species?

2194 2659 2331 2728 Quid
2353 2674 2531 2720 autem
2547 2664 2572 2718 ?
2591 2680 2772 2722 annon
2800 2676 2917 2723 erat
2938 2667 3122 2724 calvus
3151 2668 3386 2725 Elis-.eus
3405 2711 3420 2734 ,
3451 2679 3510 2724 ut
3533 2672 3699 2728 etiam
3724 2672 3794 2727 ri-

2193 2751 2409 2808 deretur
2431 2768 2460 2808 a
2489 2756 2702 2825 pueris?
2723 2757 2828 2814 Sed
2845 2773 2946 2815 nec
2962 2759 3111 2816 illum
3130 2760 3420 2833 quidquam
3431 2760 3575 2832 iuvit
3595 2763 3792 2830 forma,

2197 2857 2295 2897 nec
2316 2843 2460 2898 bunc
2489 2846 2627 2901 laesit
2651 2847 2984 2906 deformitas.
3041 2849 3112 2905 Et
3133 2849 3260 2921 quid
3294 2849 3417 2906 dico
3434 2867 3564 2908 eum
3589 2855 3679 2922 qui
3709 2861 3792 2910 tc-

2197 2935 2288 2988 nui
2324 2944 2378 2989 et
2401 2936 2528 2992 exili
2553 2952 2702 3004 voce,
2735 2939 3091 3011 tardiorisque
3115 2941 3540 3012 etimpeditioris
3566 2944 3791 3015 linguai.

2194 3039 2318 3080 cum
2347 3027 2430 3082 vel
2455 3035 2638 3085 tacens
2664 3030 2940 3087 audiretur
2966 3031 3161 3098 Moses,
3201 3043 3256 3088 ct
3279 3035 3438 3090 Anna
3468 3035 3691 3092 minime
3717 3038 3795 3092 lo-

2193 3117 2402 3186 quens?
2428 3117 2647 3176 Iudices
2674 3121 2953 3193 alloquens
2984 3121 3124 3180 Deus
3159 3123 3376 3180 dicebat
3405 3141 3419 3178 :
3451 3125 3515 3182 Si
3537 3129 3793 3199 multipli-

2194 3215 2314 3263 cetis
2342 3211 2659 3278 orationem,
2688 3229 2788 3266 non
2816 3215 3089 3269 exaudiam
3133 3231 3220 3270 vos
3257 3215 3410 3287 (Isai.
3445 3217 3643 3292 1.15).
3684 3219 3796 3275 Cur

2195 3297 2282 3355 hic
2304 3315 2433 3371 ergo
2456 3300 2620 3368 dicit,
2656 3302 2886 3359 Clamaoi
2909 3306 2980 3358 ad
3006 3314 3072 3370 te,
3112 3307 3301 3361 exaudi
3335 3309 3455 3363 me?
3481 3308 3794 3381 Clamorem

2196 3391 2283 3447 hic
2315 3392 2443 3447 dicit
2476 3394 2747 3460 internum
2770 3437 2786 3464 ,
2818 3413 2980 3467 quem
3015 3413 3111 3453 cor
3140 3398 3528 3455 inﬂammatum
3561 3405 3792 3473 peperit,

2194 3493 2248 3538 et
2264 3485 2524 3540 contritus
2551 3487 2784 3555 animus,
2817 3504 2924 3559 quo
2960 3503 3084 3545 cum
3106 3492 3364 3547 clamaret
3389 3492 3594 3560 Moses,
3623 3511 3794 3549 exau-

2193 3572 2457 3629 diebatur.
2485 3574 2948 3643 Quemadmodum
2979 3581 3123 3636 enim
3152 3582 3242 3652 qui
3268 3583 3484 3649 clamat,
3502 3585 3647 3641 vires
3667 3600 3800 3642 suas

2194 3663 2441 3720 exhaurit
2458 3707 2474 3733 ,
2507 3667 2577 3722 ita
2601 3668 2761 3725 etiam
2788 3669 2880 3741 qui
2915 3671 3079 3728 corde
3107 3672 3323 3741 clamat,
3345 3684 3512 3731 totam
3552 3689 3796 3735 menter

2195 3771 2346 3812 suam
2374 3760 2662 3814 convertit.

2266 3846 2324 3904 2.
2362 3847 2547 3904 Talem
2589 3865 2718 3921 ergo
2762 3851 3053 3910 clamorem
3094 3854 3234 3912 Deus
3272 3858 3527 3928 requirit,
3564 3861 3654 3931 qui
3684 3877 3783 3917 cor

2196 3947 2474 3994 convertat
2499 3979 2514 4004 ,
2543 3953 2648 3995 non
2679 3941 2823 3996 sinat
2851 3943 3110 4011 oscitare,
3142 3960 3241 4000 nec
3259 3960 3544 4003 canentem
3565 3951 3674 4006 alio
3702 3952 3786 4009 di-

2195 4039 2424 4087 vertere.
2455 4030 2573 4087 Non
2611 4033 2787 4089 solum
2830 4044 3010 4091 autem
3044 4037 3238 4106 quierit
3272 4039 3431 4094 talem
3454 4039 3750 4102 clamorem
3772 4085 3790 4110 .

2195 4123 2290 4178 sed
2315 4123 2475 4178 etiam
2523 4133 2581 4178 ut
2627 4124 2742 4192 ipse
2786 4137 2989 4182 oretur.
3019 4128 3156 4182 Sunt
3181 4129 3323 4184 enim
3354 4131 3507 4186 multi
3528 4133 3619 4202 qui
3647 4143 3795 4190 stant

2194 4212 2408 4282 quidem
2432 4251 2449 4276 ,
2480 4212 2545 4266 ad
2580 4213 2744 4268 Deum
2783 4223 2962 4271 autem
2989 4232 3094 4272 non
3122 4217 3388 4282 clamant,
3413 4220 3508 4275 sed
3553 4222 3694 4277 labia
3721 4223 3790 4279 ad

2197 4301 2364 4356 Deum
2403 4301 2638 4356 clamant
2681 4314 2735 4358 et
2763 4318 2956 4359 nomen
2989 4307 3080 4362 Dei
3107 4307 3525 4378 circumierunt,
3553 4321 3610 4367 at
3637 4329 3791 4370 mens

2195 4391 2330 4446 nihil
2373 4393 2537 4446 sentit
2580 4409 2765 4448 eorum
2803 4411 2921 4465 quae
2966 4396 3234 4454 dicuntur.
3293 4401 3391 4469 Qui
3426 4401 3495 4457 ita
3527 4419 3590 4460 se
3627 4407 3790 4475 gerit,

2197 4497 2304 4536 non
2329 4482 2542 4550 clamat,
2574 4485 2672 4538 etsi
2701 4486 2930 4541 maxime
2956 4490 3277 4546 vociferetur
3297 4508 3312 4557 ;
3336 4493 3425 4562 qui
3447 4495 3519 4549 ita
3541 4509 3602 4552 se
3626 4498 3786 4567 gerit,

2197 4573 2362 4628 Deum
2393 4590 2496 4629 non
2518 4585 2658 4642 orat,
2685 4579 2784 4633 etsi
2823 4581 3054 4636 maxime
3082 4583 3321 4638 videatur
3348 4599 3524 4641 orare.
3556 4589 3629 4642 At
3681 4604 3787 4643 non

2196 4670 2266 4724 ita
2294 4671 2487 4737 Moses,
2514 4673 2608 4727 sed
2637 4674 2921 4741 clamabat,
2944 4685 2998 4730 et
3019 4677 3401 4734 exaudiebatur
3424 4697 3440 4746 ;
3464 4690 3518 4736 et
3545 4681 3667 4736 ideo
3688 4685 3735 4738 ei
3757 4700 3788 4738 a

2198 4761 2309 4816 Deo
2341 4762 2536 4818 dicitur
2557 4804 2572 4828 ,
2601 4763 2703 4817 Cur
2723 4764 2792 4816 ad
2820 4782 2897 4818 me
2922 4767 3111 4820 claritas
3139 4767 3333 4838 (Exod.
3367 4772 3452 4825 M.
3490 4771 3583 4841 l5)
3602 4777 3627 4827 ἴ
3673 4773 3786 4830 Non

2195 4853 2365 4907 Solum
2395 4864 2571 4908 autent
2609 4855 2867 4923 clamans,
2895 4857 2987 4911 sed
3029 4859 3192 4912 etiam
3231 4868 3413 4916 tacens
3457 4861 3786 4931 impetravit,

2195 4961 2312 5012 qua:
2344 4945 2529 5009 voiuil,
2574 4953 2633 4997 ut
2677 4946 2763 5013 qui
2804 4962 2862 5000 se
2910 4948 3127 5016 dignum
3168 4951 3504 5020 pra-bilisset,
3531 4965 3648 5008 uta
3680 4955 3788 5010 Deo

2195 5035 2555 5088 exaudiretur.
2597 5037 2746 5101 Quod
2778 5037 2821 5090 si
2847 5038 2928 5093 vis
2952 5041 3112 5094 etiam
3155 5042 3334 5098 videre
3375 5049 3788 5114 pceeatorcsin-

2199 5136 2345 5180 tense
2365 5138 2420 5181 et
2448 5127 2795 5182 vehementer
2819 5141 3057 5196 orantes,
3087 5147 3381 5204 magnaque
3405 5153 3534 5191 voce
3549 5140 3788 5192 clamau-

2199 5226 2276 5270 tcs
2297 5261 2311 5283 ,
2343 5227 2395 5272 et
2427 5222 2802 5289 impetrantes,
2836 5224 2955 5278 vide
2985 5226 3321 5280 meretricem
3353 5241 3472 5296 qum
3493 5229 3691 5284 clamat
3719 5233 3788 5285 si-

2198 5308 2361 5362 lentio
2390 5308 2542 5375 (Luc.
2572 5311 2624 5362 7.
2656 5311 2745 5376 58)
2773 5330 2784 5363 :
2820 5312 2939 5368 vide
2967 5315 3304 5382 publicanum
3334 5318 3422 5386 qui
3455 5335 3481 5370 a
3520 5321 3632 5374 sola
3664 5341 3787 5376 ota—

2198 5400 2341 5453 tionc
2383 5401 2477 5453 luit
2521 5400 2840 5468 justilicatus
2870 5403 3022 5472 (Luc.
3050 5406 3135 5459 18.
3175 5407 3262 5459 13.
3313 5407 3423 5478 li).
3456 5409 3552 5462 llic
3578 5429 3792 5482 quoque

2199 5491 2290 5543 tali
2321 5492 2552 5546 clamore
2576 5492 2742 5545 utitur
2763 5535 2775 5557 ,
2806 5505 2858 5547 et
2889 5495 3008 5548 ideo
3033 5496 3180 5560 dicit,
3213 5497 3447 5564 Domine,
3475 5502 3692 5556 clamaui
3722 5506 3790 5556 ad

2261 5606 2333 5670 (tt)
2369 5607 2483 5652 Hinc
2509 5607 2725 5664 arguitur
2747 5607 3127 5667 Clu'ysostomum
3150 5609 3515 5670 Expositionem
3535 5615 3703 5664 Pmlini
3727 5621 3787 5666 62

2201 5666 2430 5739 edidisse,
2457 5681 2566 5728 quae
2587 5670 2683 5734 jam
2705 5682 2797 5737 non
2823 5666 3144 5739 «ἐκδιδιῳιιριὶ
3183 5666 3298 5739 vero
3331 5686 3441 5721 cum
3468 5674 3785 5739 aliisqttilma-

2198 5729 2304 5774 datu
2329 5729 2627 5798 argumentis
2653 5731 2958 5797 conjunetum
2995 5729 3162 5795 probat
3190 5734 3322 5783 illum
3368 5729 3707 5798 ilxposilioiws
3738 5741 3786 5791 in

2199 5798 2350 5839 totum
2376 5790 2657 5840 Psalterium
2684 5794 2918 5840 Cllllb‘lbee.
