4056 6448
279 404 390 462 ἃ.)

279 529 347 584 te,
373 515 559 572 exaudi
581 528 661 568 me
687 526 703 567 .'
726 520 778 568 et
803 508 926 567 ideo
953 515 1105 578 rogat
1130 514 1189 561 ut
1208 504 1475 560 audiatur.
1519 502 1646 558 Cum
1684 504 1878 557 clama-

278 624 395 662 κη)
412 608 481 660 ad
496 617 561 660 te.

353 700 534 754 Oratio
569 715 602 751 a
650 696 758 750 Deo
800 693 1032 749 exmtdiri
1064 692 1220 762 digna
1268 705 1398 760 quce.
1430 718 1501 728 -—
1530 687 1666 741 Vide
1718 686 1880 740 etiam

277 792 442 844 aliam
482 789 734 841 virtutem
763 784 1041 838 orationis.
1072 782 1187 836 Non
1219 779 1359 834 enim
1381 787 1530 847 rogat
1563 777 1683 831 ideo
1713 793 1882 833 exau-

275 883 404 948 diri,
433 880 575 953 quod
606 893 802 948 magno
826 886 878 932 et
904 873 1208 931 vehementi
1231 872 1407 927 studio
1433 880 1571 935 oret,
1601 869 1694 924 sed
1721 869 1883 924 etiam

273 989 344 1029 ex
371 987 440 1027 eo
467 969 607 1041 quod
635 970 796 1024 talem
819 967 1009 1021 offerat
1035 963 1332 1018 orationem
1358 1004 1372 1026 ,
1403 971 1460 1014 ut
1486 961 1646 1030 digna
1668 961 1737 1014 sit
1755 973 1885 1013 oouo

278 1065 348 1120 lis
372 1062 498 1126 illis,
529 1075 746 1129 semper
765 1057 1128 1128 vigilantibus.
1163 1055 1421 1122 Quasnam
1466 1063 1644 1106 autem
1667 1066 1733 1107 ea
1760 1050 1884 1105 est?

271 1153 414 1211 Cum
444 1153 563 1222 quis
590 1166 696 1206 non
726 1151 866 1204 male
911 1157 1160 1218 precatur
1187 1145 1417 1200 inimicis
1437 1185 1451 1208 ,
1480 1159 1604 1199 cum
1629 1157 1735 1197 non
1765 1149 1886 1196 orat

279 1261 384 1316 pro
435 1243 639 1297 divitiis
682 1251 740 1298 et
777 1239 1140 1305 facultatibus,
1170 1254 1292 1294 cum
1317 1252 1423 1293 non
1447 1251 1544 1306 pro
1570 1234 1803 1306 potentia
1830 1243 1886 1289 et

275 1338 475 1408 gloria,
507 1350 683 1405 neque
724 1349 826 1404 pro
845 1333 951 1388 ulla
993 1347 1050 1387 re
1092 1329 1234 1385 ﬂuxa
1264 1338 1320 1385 et
1361 1328 1604 1393 caduca;
1650 1326 1744 1382 sed
1787 1339 1884 1395 pro

275 1430 386 1484 illis
419 1427 836 1492 immortalibus,
868 1441 987 1495 qua:
1014 1439 1303 1494 numquam
1341 1422 1627 1477 intereunt.
1662 1420 1887 1486 Quaerite

274 1518 426 1576 enim
446 1505 466 1583 ,'
495 1517 698 1587 inquit,
729 1532 944 1586 regnum
970 1514 1066 1572 Dei
1084 1554 1100 1578 ,
1132 1523 1180 1568 et
1216 1513 1326 1567 luet:
1354 1512 1529 1566 omnia
1572 1510 1886 1581 adjicientur

273 1609 418 1667 vobis
441 1607 657 1680 (Matth.
679 1607 733 1665 6.
763 1607 880 1678 3'5).
909 1607 1033 1660 Cum
1053 1609 1339 1659 clamavero
1357 1605 1426 1657 ad
1462 1613 1528 1666 te.
1557 1603 1721 1658 Vides
1749 1617 1882 1672 quo-

277 1701 448 1756 modo
469 1701 583 1756 vult
612 1715 712 1758 nos
732 1714 945 1770 quoque
965 1714 1088 1758 cum
1107 1713 1304 1768 magno
1332 1697 1512 1752 studio
1531 1706 1586 1751 ct
1610 1695 1883 1750 alacritate

275 1792 446 1849 animi
468 1807 591 1848 cum
619 1791 852 1852 vocare?
879 1791 1092 1847 Etenim
1117 1790 1365 1846 diabolus
1385 1799 1514 1844 tunc
1543 1789 1777 1844 maxime
1803 1788 1885 1843 in-

273 1883 524 1938 sidiatur.
551 1882 684 1949 Quia
703 1883 847 1938 enim
875 1883 1224 1940 scitntaxima
1250 1897 1404 1938 arma
1428 1897 1548 1938 esse
1573 1896 1761 1951 preces
1785 1922 1800 1946 ,
1828 1889 1884 1937 et

275 1990 382 2031 nos
430 1975 558 2032 licet
599 1975 771 2031 simus
797 1984 1110 2046 peccatores
1149 1974 1475 2045 infamiaque
1501 1985 1559 2030 ct
1586 1975 1880 2045 ignominia

277 2067 486 2130 notati,
516 2069 560 2122 si
591 2076 773 2126 tamen
821 2067 1061 2138 perfecte
1103 2075 1160 2123 et
1207 2066 1301 2121 Dei
1343 2067 1550 2138 legibus
1592 2065 1884 2137 diligenter

275 2157 508 2212 servatis
526 2199 543 2225 ,
571 2173 791 2214 oremus
815 2200 831 2225 ,
858 2174 1048 2230 magna
1076 2159 1294 2214 efﬁcere
1324 2174 1340 2212 :
1374 2167 1501 2213 tunc
1530 2172 1629 2212 nos
1653 2167 1883 2213 conatur

272 2247 559 2318 impellere
585 2250 638 2305 in
673 2249 998 2317 socordiam,
1025 2259 1080 2306 et
1101 2251 1378 2306 dimovere
1405 2259 1644 2304 nostram
1671 2250 1877 2320 cogita-

276 2341 484 2395 tionem
519 2352 533 2390 :
581 2348 643 2396 ut
682 2341 842 2398 faciat
873 2355 975 2396 nos
1012 2340 1216 2412 absque
1254 2341 1366 2395 ullo
1406 2339 1584 2395 fructu
1622 2339 1882 2397 recedere

274 2432 350 2486 ab
376 2429 644 2486 oratione.

359 2521 596 2576 Inimicis
623 2539 725 2577 non
747 2524 878 2594 orate
915 2523 1249 2594 precandum.
1275 2554 1348 2563 —
1369 2523 1629 2593 Quocirca
1662 2524 1882 2594 Oportet

275 2628 405 2680 nos,
431 2628 554 2668 cum
586 2615 700 2670 haec
727 2593 979 2684 s'ciamus,
1008 2615 1267 2669 adversus
1295 2629 1418 2669 eum
1454 2623 1696 2673 nostrum
1722 2629 1877 2670 com-

274 2705 492 2760 Munire
531 2706 764 2760 Studium
805 2719 857 2759 et
887 2706 1251 2776 diligentiam,
1301 2716 1356 2762 et
1402 2706 1650 2765 inimicis.
1679 2707 1879 2762 nostris

271 2811 564 2866 numquam
594 2799 736 2855 male
776 2800 1002 2868 precari,
1053 2799 1148 2854 sed
1201 2800 1475 2868 apostolos
1523 2799 1742 2854 imitari.
1795 2799 1877 2854 llli

268 2891 417 2945 enim
443 2905 565 2945 eum
599 2893 742 2960 passi
766 2900 950 2947 essent
992 2893 1131 2946 mala
1169 2891 1559 2956 innumera,4in
1602 2907 1875 2948 carcerem

272 2982 507 3050 conjecti
532 2994 736 3048 essent,
753 2994 807 3039 et
835 2985 886 3038 iu
905 2993 1208 3039 extremum
1228 2983 1441 3038 adducti
1468 2984 1782 3054 periculum,
1807 2984 1874 3038 ad

274 3074 578 3128 orationem
599 3074 1000 3144 confugiebant,
1029 3075 1271 3130 dicentes
1305 3092 1316 3127 :
1349 3074 1567 3142 Respice
1595 3092 1749 3144 super
1773 3075 1875 3129 mi-

270 3181 365 3217 nas
393 3167 622 3228 ipsorum
647 3164 788 3238 (Act.
812 3166 871 3222 4.
892 3164 1010 3236 29).
1037 3166 1100 3220 Et
1128 3165 1254 3237 quid
1279 3167 1502 3235 postea?
1527 3165 1665 3239 Num
1687 3207 1700 3231 ,
1728 3164 1872 3221 Con-

271 3256 446 3325 frioge
477 3255 644 3325 ipsos,
675 3255 759 3312 vel
788 3255 1009 3320 occide,
1037 3255 1307 3320 dicebant,
1339 3267 1400 3310 ut
1430 3256 1578 3311 multi
1615 3270 1759 3326 sa-pe
1786 3255 1873 3309 di-

267 3359 398 3401 cunt
429 3348 823 3416 imprecautes?
850 3347 1214 3418 Nequaquam.
1245 3347 1353 3402 Sed
1379 3347 1544 3417 quid?
1576 3346 1643 3400 Et
1672 3347 1740 3400 da
1763 3363 1874 3401 ser-

268 3440 345 3492 uis
398 3439 499 3493 tuis
557 3455 676 3492 cum
727 3440 918 3508 fiducia
974 3440 1110 3507 loqui
1184 3438 1388 3492 verbum
1439 3449 1581 3492 tuum
1628 3437 1805 3510 (Ibid.
1831 3439 1870 3505 ).

268 3530 554 3598 Quomodo
580 3539 633 3585 et
686 3546 788 3600 qua
828 3531 1073 3586 ratione?
1104 3533 1154 3584 in
1203 3530 1510 3585 occidendis
1537 3531 1601 3585 iis
1627 3531 1715 3601 qui
1738 3531 1869 3586 insi-

268 3620 528 3675 diantur?
554 3622 606 3676 in
638 3621 701 3676 iis
719 3620 964 3676 delendis
992 3631 1045 3676 et
1066 3621 1132 3674 ad
1157 3621 1581 3676 internecionem
1606 3638 1772 3692 usque
1799 3622 1868 3677 de

269 3711 452 3767 medio
485 3711 772 3767 tollendis?
799 3712 1059 3768 Minime-
1088 3711 1192 3767 Sed
1215 3712 1521 3782 quomodo?
1554 3711 1618 3766 In
1641 3712 1801 3784 signis
1826 3721 1875 3768 et

267 3802 518 3872 prodigiis
573 3802 820 3871 faciendis
873 3819 963 3872 per
996 3810 1228 3856 sanctum
1275 3801 1469 3856 Filium
1508 3811 1649 3855 tuum
1694 3802 1874 3857 Iesum

267 3890 434 3961 (Ibid.
472 3907 520 3945 υ.
553 3891 667 3962 50).
707 3893 894 3948 Vidisti
925 3893 1221 3948 orationem
1259 3895 1468 3964 plenam
1506 3893 1868 3965 philosophia,

265 3990 324 4042 et
347 3996 470 4050 qua:
500 3991 620 4050 post
646 3992 721 4036 tot
745 3991 797 4039 et
830 3992 976 4037 tanta
1010 3985 1148 4037 mala
1176 3998 1280 4038 non
1305 3984 1457 4054 petit,
1475 3992 1532 4039 ut
1550 3985 1870 4056 supplicium

265 4081 512 4126 sumatur
551 4071 619 4129 de
661 4073 928 4130 inimicis?
979 4073 1082 4129 Sed
1122 4074 1175 4127 hi
1205 4074 1421 4144 quidem
1451 4075 1549 4139 sic,
1577 4076 1752 4131 adhuc
1795 4075 1875 4130 vi-

265 4171 458 4217 ventes
482 4172 536 4217 et
561 4164 831 4233 spirantes.
856 4181 871 4218 :
901 4164 1208 4236 Stephanus
1240 4174 1440 4231 autem,
1469 4180 1590 4221 cum
1625 4182 1870 4239 praesen-

269 4258 339 4309 th
382 4255 506 4309 vita:
535 4269 723 4313 cursus
749 4265 896 4313 esset
934 4258 982 4312 ei
1015 4257 1520 4327 interrumpendus,
1558 4273 1665 4312 nou
1696 4259 1870 4319 solum

269 4344 404 4400 nihil
434 4345 560 4400 mali
590 4347 669 4402 eis
697 4349 867 4417 petiit,
900 4347 993 4403 scd
1023 4364 1117 4404 eos
1147 4349 1308 4403 etiam
1347 4349 1437 4419 qui
1482 4349 1794 4419 lapidabant
1818 4359 1874 4406 et

268 4454 393 4494 eum
425 4438 824 4508 iuterimebant,
852 4441 1032 4496 studet
1061 4457 1155 4511 per
1176 4456 1326 4495 suam
1343 4442 1643 4497 orationem
1662 4444 1874 4513 eripere

267 4531 338 4585 ab
369 4531 446 4584 ira
471 4570 488 4595 ,
526 4547 645 4600 qua:
675 4541 791 4587 erat
819 4534 870 4587 in
899 4547 994 4588 eos
1027 4544 1250 4589 ventura
1283 4545 1499 4603 propter
1528 4533 1632 4590 hoc
1677 4550 1872 4605 pecca-

267 4631 402 4687 tum,
429 4632 483 4676 et
511 4621 662 4688 dicit,
696 4621 781 4677 Ne
800 4633 995 4678 statuas
1023 4625 1095 4678 eis
1125 4625 1217 4678 Itoc
1237 4636 1494 4696 peccatum
1517 4625 1652 4698 (Act.
1679 4627 1729 4680 7.
1755 4627 1869 4699 59).

267 4717 568 4779 Quamnam
607 4728 736 4784 ergo
760 4715 972 4769 veniam
1009 4723 1441 4785 consequentur,
1474 4727 1526 4771 et
1552 4732 1655 4787 qua
1684 4715 1870 4774 defen-

265 4805 424 4860 sione
464 4813 710 4870 utentur,
744 4805 833 4876 qui
889 4805 1121 4860 inimicis
1175 4805 1314 4862 male
1369 4808 1691 4878 precantur?
1739 4824 1873 4879 quo-

265 4896 430 4952 modo
458 4905 637 4951 autem
661 4898 900 4953 exaudiri
933 4899 1128 4969 poterit
1156 4914 1218 4954 ea
1248 4901 1442 4967 oratio,
1471 4901 1686 4972 quando
1711 4917 1874 4973 repu-

264 4998 396 5057 gnat
423 4987 516 5042 Del
545 4987 750 5057 legibus
771 4988 953 5044 ?Nibil
983 5005 1112 5060 ergo
1144 4991 1248 5045 tale
1271 4990 1531 5047 dicamus.
1550 4992 1666 5048 Non
1697 4993 1871 5049 solum

263 5079 412 5140 enim
444 5093 552 5133 non
577 5087 661 5133 est
689 5079 830 5135 male
855 5081 1180 5150 precandum
1209 5082 1459 5149 inimicis,
1478 5083 1572 5140 sed
1604 5084 1681 5138 ira
1707 5085 1870 5140 etiam

269 5169 320 5223 in
363 5183 462 5225 eos
489 5180 747 5240 concepta
788 5179 874 5249 est
911 5170 1206 5226 auferenda
1240 5189 1254 5225 :
1286 5183 1342 5228 et
1381 5173 1507 5230 ideo
1533 5174 1664 5230 dicit
1695 5191 1708 5228 :
1746 5174 1876 5231 Volo

268 5262 403 5316 r's'os
441 5277 591 5316 orare
616 5261 671 5314 in
697 5263 837 5316 omni
862 5264 972 5317 loco
996 5305 1012 5330 ,
1035 5263 1263 5318 tollentes
1293 5281 1475 5320 manus
1519 5278 1723 5321 sanctas
1769 5267 1877 5322 sine

265 5355 344 5406 ira
372 5362 419 5406 et
445 5353 812 5423 disceptatione
837 5355 914 5423 (1.
949 5354 1082 5411 Tim.
1110 5355 1167 5410 2.
1189 5357 1266 5425 8).
1293 5357 1403 5412 Hoc
1423 5369 1526 5421 est,
1555 5359 1664 5412 Etsi
1688 5359 1758 5412 sit
1779 5359 1873 5413 tibi

270 5445 539 5510 inimicus,
573 5447 853 5517 exstingue
882 5448 1037 5510 iram,
1070 5455 1123 5502 et
1156 5448 1225 5501 ita
1244 5449 1443 5503 accede
1468 5449 1532 5502 ad
1566 5450 1873 5518 Dominum,

271 5546 325 5592 ct
380 5552 487 5590 non
543 5537 714 5590 solum
761 5538 1020 5593 adversus
1051 5555 1169 5592 eum
1215 5556 1308 5593 ore
1349 5540 1481 5594 nihil
1533 5541 1756 5609 dixeris,
1781 5543 1878 5598 sed

270 5629 432 5681 etiam
463 5644 730 5698 expurges
760 5631 907 5682 virus
935 5631 1006 5683 tui
1034 5631 1222 5683 animi.
1255 5631 1310 5685 Si
1340 5631 1459 5685 talis
1480 5632 1548 5685 sit
1571 5642 1656 5686 tua
1681 5635 1874 5700 oratio,

271 5730 323 5773 et
351 5720 656 5774 vehementi
680 5721 858 5774 studio
892 5722 1054 5776 Deum
1087 5722 1455 5789 invocaveris,
1488 5724 1649 5778 etiam
1698 5726 1876 5796 prius-

274 5825 433 5878 quam
479 5812 785 5867 orationem
822 5814 1149 5881 perfeceris,
1198 5813 1520 5870 exaudieris.
1598 5814 1707 5870 lloc
1765 5818 1876 5888 ipse

1435 385 1798 446 EXPOSITIO
1835 385 1904 443 IN
1943 383 2268 443 PSALMUM
2303 384 2443 443 CXL

3489 390 3594 449 ιω

1987 517 2201 572 quoque
2241 503 2373 572 petit
2411 502 2597 558 dicens
2633 499 2894 559 :Iutende
2920 506 3029 563 voci
3049 505 3293 560 orationis
3322 521 3451 560 mete
3475 522 3590 575 cum

1987 593 2270 646 clamovero
2295 594 2364 646 ad
2392 603 2458 647 te.
2490 595 2699 648 Etenim
2737 579 2904 665 ipsius
2936 596 3028 650 Dei
3054 597 3337 665 promissio
3360 605 3444 651 est
3467 613 3591 667 qua:

1990 685 2148 751 dicit,
2172 685 2356 739 Adhuc
2383 685 2615 756 loquente
2651 696 2696 742 te
2721 688 2914 754 dicam,
2949 687 3079 743 Ecce
3104 684 3287 744 adsum
3309 689 3465 760 (Isai.
3499 690 3590 746 58.

1990 775 2066 842 9).
2115 775 2170 829 2.
2197 774 2464 848 Dirigatur
2483 778 2647 831 oratio
2668 795 2778 832 mea
2804 780 2935 833 sicut
2957 780 3221 834 incensum
3244 781 3298 834 in
3318 791 3590 852 conspectu

1991 876 2097 919 tuo.
2130 865 2282 920 Alius
2305 909 2320 933 ,
2349 867 2620 922 Statuatur
2643 870 2805 922 oratio
2833 886 2944 923 mea
2982 871 3108 924 sicut
3133 870 3390 926 incensum
3419 888 3592 924 coram

1989 969 2037 1013 te
2058 959 2154 1032 (α).
2182 961 2351 1026 Alius,
2376 960 2720 1030 Prmparetur.
2743 961 2971 1018 Eleoatio
2991 981 3233 1018 manuum
3255 981 3593 1022 meorumu-

1990 1053 2239 1121 criﬁcium
2269 1054 2631 1123 uespertinum.
2663 1054 2817 1109 Alius
2835 1095 2852 1120 ,
2886 1053 3092 1109 Donum
3121 1043 3361 1126 vespera.
3392 1057 3547 1112 Alius
3568 1099 3590 1124 ,

1993 1143 2196 1199 Oblatio
2221 1146 2526 1216 vespertina.

2060 1237 2262 1291 Altaria
2286 1237 2388 1292 duo
2414 1236 2771 1311 Jerosolymts.
2793 1269 2865 1281 -—-
2887 1238 3023 1307 Quid
3057 1255 3154 1295 nos
3182 1241 3371 1297 volens
3393 1247 3594 1299 docere

1991 1326 2253 1398 propheta
2315 1328 2556 1398 loquitur
2605 1329 2674 1386 de
2715 1328 2981 1386 sacrificio
3035 1332 3386 1401 vespertino?
3427 1333 3596 1390 Erant

1994 1421 2124 1476 olim
2161 1421 2272 1476 duo
2296 1421 2504 1486 altaria,
2531 1438 2696 1478 unum
2717 1438 2928 1479 aeneum
2949 1465 2965 1488 ,
2992 1424 3218 1479 alterum
3247 1440 3492 1480 aureum.
3526 1426 3596 1483 Et

1988 1511 2120 1567 illud
2147 1511 2366 1584 quidem
2390 1522 2509 1568 erat
2539 1507 2829 1583 publicum,
2858 1514 3108 1590 omnibus
3150 1515 3263 1571 fere
3304 1517 3466 1572 totius
3489 1533 3591 1588 po-

1988 1602 2095 1674 puli
2128 1602 2320 1659 hostiis
2344 1603 2648 1673 expositum
2675 1619 2694 1658 :
2717 1603 2820 1661 hoc
2851 1615 3030 1660 autem
3062 1606 3224 1660 situm
3251 1615 3369 1662 erat
3395 1606 3594 1679 iuady-

1988 1693 2077 1760 tis,
2105 1702 2160 1749 et
2177 1693 2314 1747 intra
2344 1693 2544 1749 velum.
2568 1695 2746 1764 Atque
2768 1694 2908 1751 adeo
2932 1704 2990 1751 ut
3018 1712 3138 1766 qua:
3167 1712 3198 1750 a
3223 1698 3376 1752 nobis
3397 1699 3592 1756 dicun-

1987 1792 2075 1838 tur
2122 1784 2231 1843 sint
2281 1783 2531 1850 clariora,
2569 1785 2886 1841 conabimur
2934 1788 3112 1858 potius
3148 1788 3220 1842 ab
3274 1789 3392 1859 ipso
3440 1790 3595 1846 initio

1984 1873 2185 1931 ducere
2208 1876 2526 1932 orationem.
2569 1875 2692 1932 Fuit
2724 1875 2854 1932 olim
2878 1877 3020 1948 apud
3045 1878 3265 1936 Judzeos
3291 1881 3550 1952 templum
3571 1923 3589 1949 ,

1986 1965 2206 2038 longum
2236 1967 2452 2038 quidem
2480 1967 2833 2040 quadraginta
2874 1970 3112 2039 cubitos,
3141 1972 3310 2028 latum
3354 1987 3482 2029 vero
3511 1973 3595 2027 vi-

1983 2058 2140 2129 ginti.
2191 2059 2362 2129 Hujus
2390 2060 2735 2130 longitudinis
2761 2061 2966 2118 deceta-
2982 2062 3128 2119 intus
3166 2063 3330 2119 ablati
3366 2065 3588 2121 interci-

1985 2150 2270 2221 piebantnr
2291 2151 2478 2220 cubiti,
2497 2159 2563 2224 et.
2581 2152 2724 2224 quod
2752 2161 2870 2208 erat
2898 2153 3275 2232 interceptum,
3297 2156 3591 2212 vocabatur

1984 2242 2183 2300 Sancta
2221 2252 2530 2301 sanctorum
2564 2263 2579 2300 :
2615 2247 2757 2317 quod
2802 2255 2921 2303 erat
2945 2257 3126 2304 autem
3164 2258 3350 2318 extra,
3391 2249 3587 2307 Sancta

1985 2342 2213 2390 tantum.
2245 2337 2390 2391 Auro
2419 2345 2598 2392 autem
2627 2338 2808 2394 omnia
2828 2339 3191 2396 collucebaut.

2055 2427 2112 2484 5.
2152 2425 2403 2484 Nonnulli
2429 2443 2558 2485 vero
2578 2429 2830 2486 dixerunt
2857 2446 3167 2501 supremam
3194 2449 3410 2504 quoque
3440 2434 3586 2490 illaut

1983 2519 2190 2575 trabem
2234 2518 2400 2576 fuisse
2427 2535 2669 2577 auream.
2722 2521 2837 2577 Huc
2881 2522 3033 2578 solus
3059 2523 3297 2593 pontifex
3327 2526 3497 2580 semel
3531 2527 3586 2581 in

1982 2626 2126 2667 anno
2151 2610 2555 2679 ingrediebatur
2583 2628 2600 2666 :
2632 2611 2741 2668 illic
2760 2621 2815 2668 et
2841 2628 2967 2669 arca
2997 2614 3098 2669 sita
3121 2624 3268 2681 erat,
3296 2625 3349 2670 et
3378 2613 3588 2670 Cheru-

1982 2704 2092 2760 bim
2119 2721 2132 2758 :
2165 2704 2275 2760 illic
2299 2707 2461 2760 etiam
2493 2705 2668 2760 stabat
2705 2705 2872 2761 altare
2905 2721 3150 2774 aureum,
3182 2707 3235 2762 in
3258 2722 3369 2778 quo
3392 2706 3589 2762 odere-

1980 2795 2140 2851 batur
2177 2795 2475 2861 incensum,
2507 2795 2576 2851 ad
2625 2796 2753 2851 nihil
2807 2797 2952 2853 aliud
3002 2805 3284 2869 paratum,
3310 2813 3472 2868 quam
3515 2797 3584 2852 ad

1979 2889 2153 2944 solum
2177 2888 2466 2961 thymiama
2495 2903 2592 2944 seu
2613 2882 2868 2944 sumtum.
2896 2889 3007 2945 Hoc
3025 2898 3204 2945 autem
3229 2889 3390 2945 ﬁebat
3413 2890 3584 2946 semel

1981 2979 2034 3035 in
2062 2995 2221 3037 anno.
2265 2980 2321 3034 lu
2345 2990 2578 3036 externo
2601 2995 2731 3053 ergo
2759 2982 2960 3053 templo
2993 2991 3110 3036 erat
3151 2981 3321 3037 altare
3345 2997 3580 3046 aeneum,

1979 3072 2033 3126 in
2073 3087 2180 3142 quo
2209 3071 2450 3142 quotidie
2479 3071 2808 3129 oﬂerebatur
2851 3087 3024 3144 agnus
3048 3081 3104 3128 et
3140 3073 3580 3130 comburebatur.

1980 3162 2094 3219 Hoc
2119 3164 2488 3234 appellabatur
2514 3163 2880 3233 vespertinum
2905 3164 3225 3219 sacriﬁcium
3254 3181 3267 3216 :
3306 3156 3580 3220 eratetiim

1977 3258 2137 3311 etiam
2169 3257 2509 3323 matutinum,
2533 3266 2586 3312 et
2606 3257 2689 3312 bis
2719 3257 2770 3310 in
2798 3256 2886 3311 die
2906 3256 3189 3328 Oportebat
3207 3257 3375 3312 altare
3391 3272 3586 3320 accen-

1979 3347 2054 3412 di,
2087 3357 2283 3418 prmtcr
2307 3350 2439 3402 alias
2465 3347 2700 3412 hostias,
2730 3363 2850 3418 qua:
2889 3347 3252 3403 oll‘erebantur
3291 3364 3319 3400 a
3363 3351 3580 3418 populo.

1979 3439 2094 3495 lloc
2127 3442 2270 3495 enim
2292 3451 2410 3496 erat
2429 3440 2639 3510 jussum
2660 3449 2714 3496 ct
2749 3442 2866 3511 lege
2893 3447 3149 3496 statutum
3187 3442 3581 3508 sacerdotibus,

1980 3542 2038 3586 ut
2083 3548 2151 3587 ex
2192 3546 2251 3588 se
2293 3541 2348 3587 et
2391 3547 2458 3588 ex
2513 3532 2674 3586 domo
2704 3547 2822 3596 sua,
2856 3531 3070 3602 quando
3122 3532 3301 3587 nullus
3342 3533 3581 3599 offerret,

1980 3641 2144 3680 unum
2165 3625 2495 3680 matutinum
2517 3633 2571 3679 et
2598 3639 2763 3678 unum
2792 3624 3158 3693 vespertinum
3186 3639 3382 3694 agnum
3418 3625 3585 3679 sacri-

1980 3717 2201 3772 ﬁcarent
2223 3725 2277 3772 et
2303 3715 2684 3771 comburerent
2715 3733 2727 3768 :
2756 3723 2812 3771 et
2841 3715 2974 3770 illud
3004 3715 3374 3785 appellabatur
3417 3716 3587 3770 sacri—

1977 3807 2158 3863 ﬁcium
2177 3807 2526 3870 matutinum,
2547 3807 2649 3861 hoc
2674 3807 3061 3876 vespertinum.
3088 3805 3200 3860 Hoc
3215 3817 3394 3861 autem
3407 3808 3586 3876 jusse-

1977 3908 2060 3953 rat
2081 3895 2369 3962 Deuslieri,
2389 3896 2692 3968 signiﬁcans
2718 3911 2813 3967 per
2829 3896 2880 3951 id
2897 3895 3037 3968 quid
3060 3896 3218 3952 ﬁebat
3235 3897 3587 3953 euttiassidue

1977 3990 2157 4045 colere
2184 3999 2435 4060 Oportere
2458 4029 2474 4052 .
2507 3998 2563 4044 et
2605 4004 2726 4044 cum
2753 3988 2870 4043 dies
2903 3989 3108 4058 incipit,
3131 3999 3184 4043 et
3212 4005 3334 4044 cum
3362 3988 3582 4046 desiuit.

2051 4080 2380 4150 Sacriﬁcium
2426 4097 2528 4135 non
2555 4095 2751 4150 semper
2776 4089 3057 4151 acceptum.
3092 4111 3162 4120 —
3188 4080 3300 4135 Hoc
3336 4097 3464 4152 ergo
3489 4096 3582 4136 sa-

1979 4174 2239 4231 criﬁcium
2281 4171 2380 4228 fuit
2422 4187 2637 4243 semper
2675 4181 2986 4242 acceptum,
3039 4174 3275 4244 itemque
3317 4172 3583 4244 cjttsuutdi

1980 4269 2228 4324 suftitus:
2260 4266 2403 4339 quod
2451 4276 2631 4322 autem
2673 4265 2834 4321 liebat
2868 4281 2966 4336 pro
3010 4264 3266 4336 peccatis,
3297 4265 3586 4335 aliquando

1979 4361 2195 4432 quidem
2223 4369 2340 4416 erat
2366 4369 2670 4429 acceptum,
2694 4358 2981 4430 aliquando
2999 4373 3130 4414 vero
3154 4373 3259 4413 nou
3277 4367 3582 4427 acceptum,

1982 4461 2166 4521 utpote
2205 4451 2346 4522 quod
2381 4450 2481 4504 hoc
2517 4450 2602 4504 vel
2635 4449 2766 4504 illud
2804 4458 2972 4516 esset,
3021 4456 3179 4520 prout
3223 4449 3255 4503 ii
3310 4448 3399 4518 qui
3451 4447 3583 4502 illud

1979 4543 2299 4608 oll'erebant,
2330 4550 2484 4595 erant
2505 4539 2678 4594 affecti
2707 4539 2774 4594 ad
2804 4541 3054 4595 virtutem
3076 4548 3168 4593 aut
3193 4539 3376 4593 vitium
3399 4555 3413 4591 :
3440 4537 3584 4609 quod

1982 4645 2290 4690 autemnon
2335 4631 2660 4689 olierebatur
2692 4647 2788 4701 pro
2814 4631 3042 4685 aliorum
3076 4629 3445 4701 peceatis,sed
3467 4641 3582 4685 erat

1983 4723 2068 4779 lex
2096 4723 2342 4778 sacriﬁcii
2372 4731 2428 4777 et
2449 4721 2639 4776 modus
2654 4720 2886 4785 colendi,
2907 4729 3024 4775 erat
3037 4721 3261 4775 omnino
3279 4730 3582 4790 acceptum.

1980 4815 2080 4871 llic
2105 4830 2235 4886 ergo
2263 4823 2438 4885 rogat,
2469 4824 2523 4867 ut
2555 4813 2625 4867 sit
2652 4811 2771 4882 ejus
2791 4812 2964 4867 oratio
2989 4819 3046 4866 ut
3077 4811 3208 4866 illud
3233 4811 3582 4875 sacriﬁcium,

1979 4905 2125 4990 quod
2155 4905 2294 4961 nulla
2326 4906 2665 4976 polluebatur
2687 4902 2966 4958 oll'ereutis
3001 4904 3243 4972 macula,
3269 4903 3409 4959 sicut
3449 4905 3579 4961 illud

1983 5001 2261 5056 incensum
2292 5006 2536 5053 sanctum
2579 5006 2634 5051 et
2669 5011 2880 5066 purum.
2921 4995 3180 5067 llogando
3209 5005 3389 5051 autem
3429 4997 3589 5052 docet

1983 5106 2084 5146 nos
2109 5100 2167 5145 ut
2190 5090 2462 5145 orationes
2489 5095 2688 5144 nostra:
2714 5087 2823 5142 sint
2850 5103 2998 5157 pune
3028 5094 3084 5143 et
3107 5087 3410 5144 odoriferae.
3440 5088 3589 5143 Talis

1982 5181 2127 5237 enim
2157 5187 2242 5236 est
2261 5180 2465 5250 justitia
2497 5195 2511 5232 :
2541 5177 2995 5249 quemadmodum
3051 5187 3332 5250 peccatum
3362 5189 3446 5235 est
3488 5178 3582 5236 fm-

1981 5273 2174 5329 tidum.
2204 5271 2466 5340 Quocirca
2496 5277 2692 5325 tetrum
2719 5269 2837 5340 ejus
2863 5267 3088 5326 odorem
3118 5269 3428 5341 significans
3454 5312 3470 5334 ,
3503 5270 3587 5326 di-

1983 5370 2134 5424 cebat
2171 5386 2183 5421 :
2213 5366 2468 5436 Quoniam
2496 5364 2784 5437 iniquitates
2809 5379 2933 5418 meat
2969 5379 3312 5436 supergressa:
3348 5374 3467 5418 sunt
3502 5382 3592 5418 ca.

1986 5473 2074 5533 put
2100 5479 2284 5525 meum,
2315 5462 2444 5514 sicut
2466 5476 2594 5513 onus
2613 5475 2764 5530 grave
2788 5467 3011 5529 gravatae
3030 5467 3149 5512 sunt
3177 5474 3332 5527 super
3357 5475 3454 5512 me.
3485 5458 3588 5513 Pu-

1985 5563 2212 5609 truerunt
2229 5563 2274 5607 et
2291 5560 2545 5621 corrupta:
2560 5560 2675 5604 sunt
2694 5551 2954 5604 cicatrices
2975 5565 3117 5604 mete.
3141 5548 3312 5622 (Psal.
3335 5551 3424 5606 37.
3446 5551 3591 5620 5.6).

2059 5644 2374 5716 Fragrantia
2405 5643 2651 5697 orationis
2674 5659 2692 5708 ;
2716 5641 2958 5696 thuribuli
2984 5653 3156 5713 typus,
3183 5642 3371 5713 lingua’
3396 5651 3440 5694 et
3478 5659 3590 5699 mo-

2047 5763 2119 5824 (o)
2155 5770 2264 5830 tuor
2285 5765 2337 5808 et
2367 5763 2640 5823 sequentes
2679 5757 3111 5820 interpretationes
3153 5757 3292 5820 juxta
3337 5769 3462 5820 quos
3499 5756 3594 5816 sint

1990 5840 2084 5874 ιιηεη
2112 5835 2352 5873 ιιργιιηυδ.
