4056 6430
517 380 617 441 851

520 463 679 554 nullm
712 492 907 565 paritas
923 510 941 559 ;
979 492 1314 563 respertimms
1360 489 1666 561 sacriﬁcium
1717 502 1809 544 σιτ
1860 486 2099 553 diem;

520 598 703 641 nsanos
727 598 837 640 ἐν
860 581 1095 640 Ιεωιιάέ
1130 584 1184 638 in
1226 584 1472 637 oratione.
1520 610 1591 622 -—
1640 577 2100 665 Quemadmodum

517 693 648 748 ergo
672 668 886 734 sumtus
910 677 1011 747 per
1032 682 1092 731 se
1115 683 1203 732 est
1230 666 1400 729 boans
1416 677 1471 730 et
1490 672 1628 728 bene
1653 672 1826 738 olens,
1852 675 1980 726 tun'c
2010 684 2105 725 au-

485 778 628 835 ,tem
653 770 884 824 maxime
908 765 1106 823 bonum
1135 753 1354 822 odorem
1389 763 1602 829 emittit;
1632 762 1845 835 quando
1872 758 1978 833 igni
2004 774 2100 816 ae-

520 844 789 914 cesserit:
820 858 891 913 ita
932 857 1096 913 etiam
1141 855 1314 913 oratio
1340 855 1425 911 vel
1471 870 1567 926 per
1606 870 1669 911 se
1714 853 1926 923 quidem
1960 853 2099 909 bona

515 950 597 1004 est
624 966 638 1003 :
663 956 749 1006 est
774 957 952 1005 autem
979 949 1169 1006 melior
1193 956 1247 1005 et
1276 946 1614 1019 fragrantior,
1642 945 1855 1017 quando
1882 943 2101 1000 adertur

468 1034 478 1044 ’
514 1053 637 1095 eum
665 1041 874 1097 ardenti
890 1030 956 1097 “et
982 1031 1205 1097 ferventi
1230 1040 1429 1104 animo,
1447 1026 1661 1111 quando
1678 1030 1854 1094 anima
1870 1035 2100 1093 efﬁcitur

518 1132 881 1199 tlturibulum,
909 1141 964 1187 ct
992 1133 1165 1203 ignem
1208 1133 1576 1189 vehementem
1621 1129 1881 1185 accendit.
1916 1127 2099 1199 Neque

515 1223 660 1278 enirn
692 1222 1062 1294 imponebatur
1102 1219 1382 1279 incensum
1429 1229 1522 1278 aut
1560 1211 1795 1287 sul'litus,
1827 1220 1926 1277 nisi
1955 1219 2101 1277 esset

515 1312 669 1381 prius
704 1302 931 1369 accensa
952 1296 1206 1369 craticula
1232 1353 1247 1379 ,
1278 1308 1368 1367 aut
1397 1313 1496 1367 nisi
1521 1312 1772 1367 arderent
1812 1312 2095 1367 carbones.

515 1399 627 1457 Hoc
665 1399 858 1471 ipsum
887 1401 975 1457 lae
1016 1411 1072 1457 tu
1102 1390 1337 1472 quoque
1386 1394 1438 1457 in
1481 1402 1663 1458 mente
1705 1410 1833 1457 tua:
1865 1400 2099 1463 nccendo

515 1492 663 1559 prius
681 1492 849 1562 ipsam
867 1490 1045 1547 studio
1065 1502 1121 1549 et
1146 1493 1308 1549 animi
1335 1490 1629 1559 alacritate,
1652 1498 1707 1549 et
1735 1500 1859 1550 tunc
1882 1492 2105 1565 impone

515 1583 836 1639 orationem.
888 1570 1144 1641 Precatur
1169 1570 1300 1657 ergo
1327 1593 1387 1641 ut
1425 1584 1597 1640 oratio
1626 1576 1849 1655 quidem
1887 1600 1982 1640 sua
2007 1584 2101 1643 liat

515 1674 655 1728 sicut
688 1674 986 1742 incensum,
1015 1675 1243 1732 clevatio
1266 1685 1443 1731 autem
1486 1691 1736 1729 manuum
1773 1674 1910 1730 sicut
1931 1674 2102 1731 sacri-'-

514 1759 691 1817 tiei’um
740 1767 1123 1834 vespertinum.
1148 1765 1285 1819 Sunt
1310 1750 1453 1829 enin
1479 1765 1638 1826 antlio
1665 1776 1905 1837 accepta.
1930 1765 2097 1846 Quo-

514 1850 678 1906 modo
696 1859 880 1907 autem
919 1845 1042 1930 hoc”
1068 1855 1206 1911 lict?
1232 1854 1291 1911 Si
1327 1854 1575 1931 utraque
1607 1854 1716 1910 slut
1768 1851 1964 1910 munda
1992 1895 2009 1923 ,
2049 1852 2099 1913 si

510 1947 734 2017 utraque
760 1941 889 1997 nulli
922 1942 1032 1998 sint
1078 1930 1481 2014 roprehensiotti
1512 1930 1707 2000 vitiose
1748 1938 1974 1999 obmixia‘
1994 1986 2015 2012 ,
2040 1954 2099 2019 et

512 2011 687 2103 lingua
712 2040 767 2088 et
790 2034 1002 2115 manus,
1031 2032 1115 2089 bro
1134 2011 1347 2111 quidem
1385 2033 1453 2088 ab
1476 2031 1700 2090 avaritia
1720 2044 1774 2089 et
1794 2035 1979 2115 rapina
1996 2011 2099 2091 ex.-

512 2122 767 2193 purgatae,
794 2116 885 2179 illa
914 2114 1045 2180 vero
1071 2136 1103 2179 a
1133 2112 1287 2203 matis
1315 2123 1500 2180 verbis
1521 2124 1706 2181 libera.
1739 2112 2097 2197 Quemadmo-

512 2212 810 2268 dum‘euirn
845 2210 1070 2284 oportet
1112 2208 1467 2295 thuribuium"
1487 2215 1616 2271 nihil
1647 2214 1846 2274 habete
1875 2217 2097 2301 immuni

516 2302 661 2379 dum,
691 2303 786 2359 sed
813 2304 1179 2376 solumlgnem
1194 2291 1249 2361 et
1275 2304 1548 2363 summm:
1576 2307 1648 2362 ita
1680 2306 1841 2365 etiam
1860 2291 2094 2378 lingulam

513 2392 718 2449 nullum
741 2384 955 2463 oportet
984 2387 1204 2453 verbum
1229 2392 1490 2469 proferre,
1512 2398 1651 2473 quod
1666 2398 1750 2479 sit
1765 2399 1868 2456 ulla
1886 2401 2101 2471 macula.

509 2492 603 2538 aut
631 2482 1116 2565 laberespersum,
1138 2487 1236 2568 sed
1285 2489 1625 2545 sanctitatem
1652 2489 1983 2558 et'laudem;
2022 2490 2104 2547 ita

508 2575 670 2631 etiam
696 2571 909 2646 oportet
955 2572 1143 2635 manus
1186 2590 1307 2635 esse
1349 2580 1696 2657 thttribulum.
1741 2581 1994 2654 Sitﬁergo
2030 2580 2103 2641 os

516 2668 1073 2724 tuum'tltun‘hnlum:
1103 2668 1223 2729 vide
1255 2677 1430 2727 autem
1477 2679 1546 2728 ne
1585 2672 1638 2728 id
1685 2670 1812 2729 limo
1841 2672 2091 2745 impleas.

510 2753 669 2812 Tales
696 2757 841 2813 enim
868 2758 992 2813 sunt
1013 2748 1149 2831 ,‘qui
1182 2760 1473 2835 loquuntur
1510 2763 1669 2818 verba
1714 2765 1885 2836 turpia
1910 2774 1967 2822 et
1994 2766 2094 2837 im-

508 2846 721 2902 munda.
752 2840 875 2905 Cur
907 2848 1088 2907 autem
1139 2866 1247 2907 non
1292 2848 1427 2908 dixit
1467 2855 1781 2909 matutinum
1810 2851 1825 2927 ἐ
1857 2855 1952 2911 sed
1974 2870 2093 2913 ves-

509 2940 773 3008 pertinum
792 2938 819 2993 τ
841 2934 961 2995 Ilibi
989 2935 1204 3013 quidem
1220 2940 1444 3021 videtur
1464 2943 1666 2999 dictum
1693 2960 1810 3002 esse
1840 2946 2091 3003 indiscri-

508 3031 771 3087 tninatlm.
831 3028 887 3089 Si
939 3032 1081 3089 enim
1133 3033 1357 3091 dixisset
1417 3038 1733 3092 matutinum
1759 3078 1778 3105 ,
1846 3040 2090 3096 curiosus

504 3123 767 3194 quispiam
798 3123 1203 3197 interrogasset,
1223 3126 1334 3182 Cur
1361 3144 1467 3184 non
1507 3129 1643 3185 dixit
1678 3131 2040 3202 vespertinum
2065 3133 2089 3189 2

505 3211 562 3267 Si
582 3213 702 3282 quis
714 3222 897 3270 autem
926 3216 1063 3272 velit
1089 3217 1277 3273 audire
1298 3233 1404 3274 non
1427 3219 1587 3275 nimis
1608 3221 1819 3278 curiose
1842 3223 1879 3287 ',
1899 3224 2088 3280 dicen-

504 3302 630 3358 dunt
656 3314 740 3361 est
760 3306 1077 3363 matutinum
1102 3310 1319 3381 quidem
1346 3321 1658 3383 exspectare
1686 3315 2086 3384 vespertinum;

505 3409 629 3450 cum
661 3394 1019 3466 vespertinum
1050 3408 1227 3455 autem
1261 3413 1533 3471 peractum
1562 3402 1740 3471 fuerit,
1774 3406 1980 3462 [initum
2004 3418 2090 3463 est

503 3484 856 3555 sacriﬁcium,
884 3498 940 3546 et
972 3505 1078 3545 non
1122 3499 1207 3547 est
1251 3478 1433 3564 utique
1478 3496 1704 3565 amplius
1748 3496 2088 3567 imperfectus

502 3570 605 3633 diei
627 3580 821 3647 cultus,
848 3580 955 3645 sed,
976 3590 1061 3639 est
1102 3584 1430 3656 eosnpletus,
1453 3596 1508 3642 et
1535 3585 1695 3642 littem
1727 3592 1951 3660 accepit.
1973 3590 2084 3647 Sed

497 3668 625 3736 quid
643 3667 746 3725 sibi
775 3669 886 3726 vult
909 3686 1160 3731 manuum
1186 3675 1240 3743 in
1268 3676 1510 3734 oratione
1534 3676 1801 3734 clevatio?
1820 3680 2083 3749 Quoniam

499 3756 680 3814 multis
703 3760 1009 3819 sceleribus
1031 3762 1362 3833 inserviunt,
1387 3776 1445 3821 ut
1474 3768 1907 3838 percussiouibus
1929 3814 1945 3838 ,
1978 3788 2085 3828 ea:-

497 3848 678 3916 dibus,
704 3850 924 3923 rapinis,
944 3853 1185 3910 avaritias
1207 3896 1223 3924 ,
1253 3842 1310 3911 et
1336 3854 1599 3913 bonorum
1626 3860 1849 3915 alterius
1872 3862 2082 3933 cupidi.

496 3938 616 4005 tati,
636 3949 853 4012 propter
878 3943 980 3998 hoc
1015 3943 1189 4015 ipsum
1216 3960 1346 4017 ergo
1387 3962 1497 4004 eas:
1526 3947 1780 4017 iubemus
1826 3952 2080 4021 tendere,

499 4039 557 4085 ut
578 4034 838 4099 orationis
888 4037 1246 4093 ministerium
1285 4036 1356 4094 sit
1382 4039 1463 4095 eis
1486 4038 1737 4111 nequitiae
1767 4042 2032 4099 vinculum
2058 4086 2075 4112 ,

490 4128 545 4174 et
574 4121 643 4177 ab
670 4122 1012 4192 improbitate
1035 4125 1323 4185 liberatio':
1352 4121 1409 4185 ut
1435 4131 1649 4201 quando
1692 4147 1752 4188 es
1788 4144 2074 4203 rapturus,

492 4210 576 4265 vel
608 4212 661 4267 in
690 4212 827 4270 bona
858 4204 1082 4272 aliorum
1122 4217 1422 4287 invasurus,
1449 4228 1543 4275 aut
1566 4222 1729 4276 alium
1768 4222 2081 4281 verberatu-

493 4316 586 4356 rus
613 4343 629 4368 ,
670 4302 722 4358 in
772 4306 1084 4379 memoriam
1136 4310 1399 4366 revocans
1448 4311 1565 4367 fore
1594 4322 1651 4367 ut
1688 4327 1781 4368 eas
1808 4314 1875 4368 ad
1906 4315 2076 4372 Deum

497 4393 680 4449 mittas
713 4406 766 4451 te
794 4396 1109 4455 defensuros
1132 4440 1148 4469 ,
1176 4410 1233 4457 et
1263 4401 1390 4457 illud
1439 4403 1717 4473 spirituale
1756 4406 2075 4464 sacriﬁcium

495 4498 591 4552 per
614 4497 708 4539 eas
734 4484 947 4554 oﬂ‘eras,
990 4504 1058 4544 ne
1084 4492 1176 4544 eas
1207 4491 1496 4561 ignominia
1523 4502 1579 4547 et
1610 4493 1811 4563 pudore
1834 4495 2037 4552 afﬁcias
2054 4540 2072 4565 ,

485 4584 545 4631 et
576 4576 728 4632 mala:
754 4580 1079 4647 operationis
1120 4582 1418 4638 ministerio
1441 4585 1521 4640 eis
1552 4584 1800 4640 ﬁduciam
1841 4586 2071 4645 auferas.

484 4664 655 4734 Purga
682 4678 811 4735 ergo
853 4682 946 4722 eas
966 4670 1326 4744 eleenmsyna,
1353 4670 1636 4739 clementia
1660 4717 1676 4744 ,
1708 4671 2073 4735 subveniendo

487 4756 552 4809 iis
576 4752 665 4824 qui
704 4756 961 4827 indigem,
991 4770 1046 4814 et
1078 4761 1147 4814 ita
1177 4777 1270 4817 eas
1306 4764 1415 4827 Deo
1454 4766 1739 4837 expandito
1769 4766 1834 4823 ad
1872 4771 2072 4825 oralio-

482 4847 711 4903 nem.‘Si
740 4850 881 4904 enim
915 4866 1018 4905 non
1047 4854 1310 4923 permittis
1341 4864 1394 4911 ut
1423 4873 1499 4912 ea:
1530 4859 1785 4913 tollantur
1812 4860 1973 4915 illotaa
2002 4861 2069 4917 ad

480 4936 777 4993 orationem
811 4957 824 4993 :
863 4943 1029 4997 multo
1059 4946 1226 5015 magis
1254 4963 1359 5001 non
1388 4963 1596 5016 :eqnmn
1627 4960 1708 5003 est
1735 4960 1791 5004 ut
1820 4966 1913 5006 eas
1941 4967 2068 5022 pec-

479 5027 613 5081 catis
642 5028 907 5097 inquines.
939 5032 995 5088 Si
1024 5036 1165 5104 quod
1200 5038 1373 5092 minus
1398 5049 1480 5093 est
1508 5043 1727 5106 vereris,
1762 5042 1931 5097 multo
1947 5060 2065 5098 tua-

476 5119 558 5185 gis
586 5121 904 5188 pertimesco
950 5126 1092 5194 quod
1146 5128 1317 5203 majus
1359 5140 1461 5185 cst.
1512 5131 1675 5185 lllotis
1718 5133 1860 5187 enim
1908 5150 2065 5191 orare

480 5208 853 5267 tnanibusnon
884 5226 963 5269 cst
988 5217 1123 5271 adeo
1148 5218 1473 5285 absurdum;
1524 5222 1615 5275 sed
1663 5223 2064 5278 iumttnerahiii-

470 5295 572 5354 bus
593 5314 929 5371 peccatorum
962 5308 1207 5365 sordibus
1234 5311 1532 5382 inquinatas
1554 5312 1771 5385 ollerrc,
1799 5315 1901 5370 hoc
1928 5316 2058 5370 iram

472 5392 627 5447 all'crt
653 5397 957 5453 maximam.

553 5484 606 5537 ι.
641 5486 752 5542 Hoc
782 5490 950 5557 ipsum
982 5498 1036 5545 et
1068 5491 1119 5545 in
1151 5506 1246 5547 ore
1286 5502 1338 5547 et
1367 5493 1418 5547 in
1450 5494 1625 5563 lingua
1662 5510 1935 5549 versemus
1958 5536 1971 5558 ,
2004 5505 2057 5550 et

474 5594 539 5633 ea
555 5580 739 5633 sceleri
766 5580 902 5633 invia
924 5594 1324 5649 conservantes,
1343 5585 1411 5638 ita
1430 5584 1714 5640 oni-ramus
1730 5587 2050 5641 orationem.

536 5714 550 5781 ξ
590 5718 634 5758 'n
658 5710 944 5781 quihusdam
971 5722 1072 5765 uss.
1095 5717 1165 5765 sic
1185 5713 1364 5779 legitur
1392 5732 1401 5765 :
1430 5718 1473 5767 si
1499 5720 1602 5781 quis
1638 5726 1790 5774 autem
1818 5719 2051 5771 curiosius

472 5772 697 5837 indagare
721 5772 936 5825 mitteris.

1253 379 1312 438 s.
1349 376 1629 438 somnus
1664 367 2043 430 cunssosr.
2086 367 2403 428 ARCBIEP.
2441 342 2979 437 cousrammor.

3706 384 3810 441 63!

2208 468 2270 540 St
2292 482 2413 556 quis
2438 476 2584 542 enim
2613 486 2819 544 habens
2846 504 2942 546 vas
2966 505 3227 558 aureum,
3259 507 3327 548 eo
3363 494 3431 546 ad
3458 495 3619 551 vilem
3646 513 3806 552 nsum

2206 578 2284 634 uti
2313 594 2601 651 numquam
2641 581 2694 634 in
2722 582 2960 637 animum
2990 585 3262 640 induxerit
3300 598 3522 657 propter
3562 590 3809 658 pretium

2205 672 2446 727 materia:
2472 689 2487 726 :
2518 672 2688 731 multo
2739 676 2910 745 nugis
2948 690 3071 731 eum
3096 691 3242 753 auro
3268 688 3324 733 et
3367 681 3679 751 margaritis
3709 680 3809 738 hac

2204 761 2428 841 beamus
2445 779 2539 821 ora
2557 764 2713 836 lange
2736 762 3052 836 pretiosiora
3075 808 3095 836 ,
3126 785 3233 829 non
3264 788 3361 841 par
3378 783 3457 829 est
3484 784 3546 830 ut
3582 791 3650 832 ea
3680 777 3806 848 pol-

2203 851 2416 935 luatuus
2445 854 2621 913 verbis
2647 856 2887 928 turpibus
2910 868 2967 915 et
2986 860 3292 931 impudicis,
3314 865 3733 939 maledictisque
3752 877 3809 925 ct

2205 932 2570 1018 contumeliis.
2600 944 2718 1008 Non
2750 950 2802 1004 in
2824 950 2987 1007 altari
3008 967 3161 1009 teneo
3186 969 3289 1013 nec
3306 938 3473 1015 aureo
3489 932 3661 1015 offers
3692 962 3809 1017 sui-

2204 1033 2377 1104 titum,
2411 1037 2505 1093 sed
2524 1037 2596 1123 in
2618 1054 2687 1095 eo
2715 1041 2857 1110 quod
2883 1051 2967 1098 est
2994 1045 3311 1114 pretiosius,
3342 1062 3542 1123 nempe
3571 1050 3627 1107 in
3662 1062 3809 1111 tem-

2203 1129 2295 1201 plo
2336 1119 2596 1202 spiritali.
2638 1127 2715 1188 Illi
2752 1134 2904 1200 enim
2954 1144 3041 1195 est
3085 1137 3321 1199 inanima
3361 1119 3583 1200 materia
3620 1164 3636 1202 :
3669 1146 3724 1202 in
3752 1156 3809 1205 te

2202 1229 2401 1305 autem
2423 1222 2565 1280 Deus
2595 1216 2819 1307 habitat,
2848 1234 2906 1283 et
2930 1241 2992 1283 es
3019 1217 3321 1295 membrum
3341 1243 3398 1288 et
3420 1250 3622 1307 corpus
3641 1237 3804 1294 Chri—

2200 1312 2290 1368 sti.
2322 1313 2379 1369 3.
2400 1302 2573 1381 Pone,
2600 1306 2850 1395 Domine,
2878 1318 3161 1388 custodiant
3178 1322 3268 1376 ori
3451 1302 3591 1389 Cum
3610 1344 3801 1399 rogas-

2201 1404 2286 1460 set
2311 1399 2599 1481 Doi'uinum
2645 1407 2867 1478 ut'ejus
2916 1411 3197 1489 audiretur
3241 1415 3436 1481 oratio,
3476 1424 3534 1473 et
3561 1419 3796 1496 ut‘llerct

2199 1506 2440 1580 accepta.
2467 1498 2588 1555 vide
2613 1499 2885 1569 quodnam
2909 1501 3157 1573 primum
3174 1505 3333 1563 aﬂert
3362 1511 3719 1582 msmlatunt,
3742 1527 3802 1573 et

2201 1600 2489 1661 quamnam
2535 1592 3004 1661 supplicationem.
3034 1582 3153 1658 Non
3180 1595 3317 1656 dixit
3343 1602 3527 1669 enim.
3558 1604 3634 1659 Da
3664 1608 3798 1664 mihi

2200 1676 2489 1768 pecunias,
2506 1678 2575 1734 da
2603 1681 2734 1737 mihi
2761 1682 3017 1768 honores,
3043 1686 3144 1758 qui
3160 1697 3288 1745 sunt
3312 1693 3465 1768 apud
3505 1694 3757 1755 homines
3776 1741 3797 1766 ,

2199 1764 2267 1821 da
2294 1767 2429 1823 mihi
2446 1767 2725 1859 victoriam
2748 1765 3004 1859 adversus
3032 1764 3384 1850 inimicos,da
3405 1785 3534 1842 mihi
3558 1787 3755 1845 liberos

2200 1860 2333 1946 nihil
2380 1850 2591 1932 horum,
2618 1852 2716 1947 sed
2742 1850 2866 1943 hic,
2884 1870 3063 1927 omnia
3090 1872 3275 1931 sinens
3312 1874 3460 1936 Ιιιυιιὶ
3502 1880 3797 1951 jacere,“

2200 1952 2333 2024 petit
2362 1970 2485 2047 quae
2759 1959 2877 2045 dari
2906 1960 3071 2035 digna
3092 1976 3254 2022 sunt-
3266 1967 3407 2047 Quid
3451 1971 3613 2043 igitur
3637 1974 3663 2027 ἲ
3686 1950 3791 2032 non

2197 2053 2432 2137 oportet,
2465 2042 2680 2137 inquit,
2712 2042 2897 2120 petere
2948 2057 3222 2113 sensibilia
3247 2056 3271 2114 ῗ
3297 2042 3523 2133 Oportet
3553 2066 3790 2137 quidem,

2198 2135 2619 2229 sedmoderate,
2642 2133 3104 2229 quemadmodum
3144 2150 3314 2225 Jacob
3337 2153 3532 2229 dicens
3558 2133 3587 2212 ε⁷
3609 2159 3674 2217 Si

2197 2226 2330 2285 derit
2360 2231 2484 2284 mihi
2516 2220 2770 2291 Dominus
2797 2253 2981 2307 partem
3003 2241 3075 2295 ad
3102 2220 3424 2312 vescendum,
3444 2222 3497 2302 “et
3525 2250 3793 2313 uestem-4

2196 2319 2557 2395 induendum(
2599 2322 2727 2381 Gen.
2749 2325 2840 2383 28.
2867 2327 3004 2399 20);
3045 2335 3499 2402 quemadmodum
3548 2340 3793 2399 Christus

2192 2409 2359 2501 iussit
2382 2429 2537 2473 orare
2577 2432 2700 2497 nos,
2726 2419 3005 2488 dicentes:
3042 2422 3237 2481 Panem
3261 2438 3491 2485 nostrum
3512 2434 3791 2501 τερα-σεῦε

2195 2498 2485 2584 stantialrm
2504 2507 2573 2562 da
2600 2496 2741 2567 nobis
2769 2512 2960 2583 hodie(
2988 2512 3182 2575 Matth.
3209 2515 3264 2572 6.
3286 2518 3375 2584 ii)
3399 2535 3415 2573 :
3440 2496 3589 2578 ante-
3609 2527 3792 2592 quinia

2196 2613 2344 2663 vero,
2374 2600 2693 2681 spiritualia.
2745 2604 2903 2673 Quod
2952 2607 3069 2678 ipse
3117 2624 3333 2683 quoque
3378 2613 3507 2670 facit
3548 2615 3789 2675 dicens:

2193 2685 2361 2759 Pone,
2392 2692 2630 2762 Domine,
2661 2699 2940 2765 custodiam
2978 2704 3057 2757 ori
3084 2720 3211 2759 meo.

2269 2802 2481 2879 Lingua
2499 2821 2545 2865 et
2575 2812 2679 2868 oris
2701 2815 2970 2883 custodia,-
2998 2819 3198 2873 taeendi
3230 2829 3284 2875 et
3331 2822 3572 2893 loquendi
3598 2827 3792 2883 vicissi-

2197 2896 2339 2951 tudo.
2364 2927 2439 2940 —
2461 2899 2649 2957 Vidisti
2703 2905 3077 2974 prudentiam?
3120 2910 3299 2966 vidisti
3345 2914 3703 2984 sapientiam,
3736 2928 3791 2975 et

2194 2988 2463 3047 undenam
2492 2993 2909 3061 postulationem
2933 2998 3190 3070 incipiat?
3216 3003 3299 3058 Ab
3327 3019 3394 3060 eo
3426 3008 3571 3077 quod
3602 3021 3685 3066 est
3704 3026 3791 3068 eo-

2193 3095 2311 3135 rum
2342 3097 2469 3148 qua:
2487 3092 2633 3142 recte
2651 3094 2707 3142 et
2730 3101 2796 3143 es
2843 3089 3041 3147 virtute
3085 3092 3251 3161 ﬁunt,
3282 3097 3596 3165 maximum,
3624 3111 3679 3157 et
3706 3113 3789 3160 est

2191 3173 2431 3230 omnium
2456 3176 2721 3233 malorum
2747 3178 2929 3248 musa,
2975 3183 3021 3238 si
3066 3184 3404 3257 negligatur:
3429 3192 3788 3261 quemadmo-

2191 3263 2318 3319 dum
2358 3263 2645 3333 bonorum.
2670 3270 2716 3325 si
2761 3270 2815 3326 in
2858 3286 2927 3327 eo
2969 3288 3096 3328 cura
3139 3291 3206 3331 ae
3243 3277 3475 3335 studium
3532 3295 3785 3353 ponatur.

2191 3356 2325 3412 Mala
2372 3360 2517 3417 enim
2568 3361 2854 3418 innumera
2891 3366 3030 3434 parit
3069 3365 3263 3436 lingere
3291 3368 3523 3428 facilitas
3551 3392 3566 3427 :
3593 3386 3783 3446 quem-

2190 3446 2480 3505 admodum
2509 3466 2697 3507 rursus
2741 3453 2882 3509 bona
2904 3494 2921 3521 ,
2964 3458 3145 3512 cautio
3168 3468 3223 3514 et
3252 3462 3537 3520 securitas.
3581 3466 3784 3536 Quem-

2188 3539 2476 3596 admodum
2505 3557 2640 3613 ergo
2667 3543 2799 3601 nihil
2841 3544 2995 3616 juvat
3041 3547 3252 3613 domus,
3303 3558 3411 3607 non
3470 3554 3621 3622 urbs,
3674 3574 3782 3615 non
3840 3600 3845 3605 ι
3922 3568 3929 3577 ”

2188 3634 2411 3699 tuomia,
2436 3650 2541 3689 non
2570 3646 2759 3705 portas,
2787 3652 2895 3694 non
2921 3641 3079 3707 ostia,
3113 3642 3215 3696 nisi
3241 3644 3353 3699 sint
3380 3647 3471 3716 qui
3501 3660 3564 3702 ea
3603 3659 3785 3706 custo-

2187 3723 2359 3791 diant,
2390 3736 2446 3781 et
2472 3728 2644 3782 sciant
2666 3730 2883 3800 quando
2904 3742 3120 3800 oportet
3165 3750 3226 3790 ea
3258 3738 3475 3807 quidem
3505 3741 3779 3812 claudere,

2187 3816 2402 3887 quando
2429 3831 2557 3873 vero
2588 3820 2801 3887 aperire
2832 3837 2846 3873 :
2895 3822 2965 3875 ita
2992 3823 3151 3879 etiam
3191 3827 3302 3882 oris
3329 3837 3385 3883 et
3414 3830 3608 3900 linguze
3636 3834 3781 3889 nulla

2186 3918 2267 3964 est
2295 3908 2518 3976 utilitas,
2549 3910 2653 3964 nisi
2696 3911 2769 3965 sit
2816 3914 2973 3977 ratio,
3014 3916 3098 3970 cui
3136 3917 3389 3985 scienter,
3430 3934 3679 3979 accurate
3717 3941 3779 3983 ac

2184 4001 2576 4072 circumspecte
2612 4018 2677 4057 ea
2718 4003 2974 4061 claudere
3002 4016 3053 4062 et
3083 4008 3299 4078 aperire
3322 4014 3646 4081 permissum
3687 4020 3776 4084 sit,

2182 4100 2238 4148 et
2264 4101 2400 4149 sciat
2424 4107 2545 4163 quae
2574 4094 2683 4149 sint
2706 4094 3001 4161 ell’ercnda,
3029 4113 3150 4169 qua:
3178 4114 3305 4153 vero
3326 4102 3625 4161 retinenda.
3656 4106 3773 4163 Non

2184 4193 2284 4249 tot,
2311 4185 2501 4256 lnquit,
2530 4186 2731 4257 gladio,
2762 4198 2893 4259 quot
2920 4191 3096 4263 lingua
3123 4192 3436 4249 ceciderunt
3463 4196 3652 4269 (Επεὶ.
3682 4200 3776 4257 28.

2180 4276 2293 4346 22).
2325 4278 2392 4333 Et
2418 4294 2604 4335 rursus
2618 4279 2867 4336 Christus
2899 4300 2911 4337 :
2936 4280 3058 4337 Non
3085 4299 3201 4355 qm
3224 4284 3522 4358 intrantper
3534 4306 3610 4350 os.
3630 4294 3776 4347 coiit-

2179 4372 2393 4442 quimmt
2440 4373 2684 4438 homines,
2710 4374 2804 4427 sed
2843 4390 2957 4443 qua:
2996 4390 3383 4433 exoremus
3410 4383 3426 4449 (
3459 4380 3645 4436 Manli.
3684 4386 3768 4440 15.

2182 4463 2295 4533 li).
2321 4462 2388 4518 Et
2431 4478 2622 4518 rursus
2674 4464 2811 4519 alius
2842 4482 2858 4518 :
2886 4463 2994 4519 Fac
3036 4466 3219 4521 eritne
3245 4479 3443 4537 portam
3491 4481 3539 4524 et
3590 4484 3772 4528 uectem

2178 4554 2198 4625 (
2228 4554 2392 4609 Eetii.
2420 4556 2509 4611 ‘28.
2536 4556 2605 4611 28
2631 4556 2671 4627 ).
2699 4556 2798 4612 llic
2819 4567 2997 4612 autem
3042 4560 3296 4629 quoniam
3338 4563 3484 4617 novit
3509 4579 3623 4618 rem
3653 4581 3772 4621 esse

2177 4646 2332 4704 valde
2358 4644 2635 4705 diﬂicilem
2658 4690 2673 4713 ,
2706 4648 2854 4703 addit
2887 4656 2940 4703 et
2971 4664 3155 4718 preces
3180 4691 3195 4716 ,
3228 4660 3287 4706 et
3313 4651 3477 4707 Deum
3523 4665 3673 4710 vocat
3702 4657 3768 4711 ad

2176 4731 2455 4794 ferendum
2482 4740 2757 4793 auxilium.
2787 4738 2899 4793 luto
2929 4754 3056 4795 vero
3087 4740 3176 4795 ille
3193 4756 3405 4813 quoque
3450 4743 3553 4799 hoc
3592 4745 3767 4816 ipsum

2176 4830 2458 4901 signiﬁcat,
2487 4840 2540 4884 ut
2570 4829 2784 4900 quando
2809 4830 2938 4884 dicit
2970 4849 2981 4883 :
3010 4831 3135 4898 Quis
3154 4832 3348 4887 dederit
3367 4834 3513 4889 labiis
3542 4839 3663 4893 meis
3700 4840 3769 4893 si-

2172 4923 2445 4992 gnaculum
2465 4922 2708 4975 callidum
2732 4921 2913 4995 (Ereti.
2955 4921 3047 4978 22.
3074 4923 3207 4993 53)?
3232 4923 3453 4994 Oportet
3479 4929 3623 4982 cnim
3664 4944 3764 4982 litt}-

2173 5020 2281 5065 stra
2325 5026 2539 5082 quoque
2586 5012 2849 5076 conferre,
2899 5016 2951 5065 et
3000 5011 3119 5068 idco
3148 5014 3251 5071 huc
3301 5015 3469 5071 instar
3514 5022 3763 5087 prmcepti

2172 5102 2366 5173 posuit,
2398 5102 2585 5157 dicens
2620 5124 2632 5157 :
2664 5101 2772 5155 Fac
2798 5115 2995 5172 portam
3018 5115 3064 5158 et
3092 5116 3297 5159 vectem.
3342 5108 3437 5161 Est
3478 5110 3637 5163 etiam
3670 5110 3761 5165 Dei

2171 5193 2526 5248 invocandum
2578 5194 2851 5258 auxilium,
2904 5204 2960 5247 ut
3003 5203 3247 5249 nostrum
3282 5212 3499 5266 quoque
3527 5199 3758 5253 studium

2168 5284 2219 5338 iu
2238 5300 2371 5353 opus
2401 5292 2574 5339 exeat.
2595 5282 2667 5337 Os
2688 5298 2813 5355 ergo
2836 5295 3073 5339 nostrum
3092 5295 3350 5355 perpetuo
3370 5288 3757 5352 custcxiiamus,

2167 5375 2214 5429 ei
2248 5377 2511 5430 rationem
2555 5386 2822 5444 tamquam
2872 5378 3079 5431 clavem
3126 5377 3486 5445 adhibentes,
3542 5395 3648 5433 non
3700 5392 3759 5435 ut

2166 5478 2424 5537 perpetuo
2501 5466 2780 5521 claudatur
2811 5509 2825 5533 ,
2877 5468 2971 5522 scd
3015 5479 3072 5523 ut
3123 5470 3466 5525 convenienti
3514 5480 3758 5541 tempore

2164 5572 2447 5614 rescrctur.
2516 5560 2923 5630 Nonnumquam
3000 5563 3143 5617 enint
3210 5563 3483 5617 silentium
3532 5577 3617 5619 est
3673 5567 3747 5618 ln-

2163 5656 2318 5725 quela
2366 5655 2567 5720 utilius,
2612 5655 3061 5725 quemadmodum
3093 5656 3302 5725 IOquela
3343 5672 3558 5727 quoque
3585 5661 3750 5714 Sileno

2161 5750 2251 5803 tio.
2309 5749 2372 5803 Et
2424 5748 2543 5805 ideo
2600 5748 2807 5805 dicebat
2870 5749 2958 5805 illc
3014 5749 3442 5820 sapientissunus
3486 5770 3498 5805 :
3535 5750 3753 5821 Tt'mpttl
