4056 6450
305 387 415 444 555

303 499 506 554 tacendi
531 537 549 561 ,
575 505 622 548 et
676 503 872 565 ternpus
916 487 1155 554 loquendi
1203 488 1220 556 (
1251 484 1412 540 Ereti.
1443 487 1495 539 5.
1525 486 1556 538 7
1589 485 1630 547 ).
1657 482 1712 535 Si
1763 482 1906 536 enim

309 595 585 660 utiorteret
632 599 729 640 ora
785 590 1042 660 perpetuo
1091 587 1274 648 patere
1299 619 1316 642 ,
1369 590 1475 629 non
1531 573 1686 628 facta!
1730 579 1911 628 essent

295 681 481 753 porta:
510 695 524 731 :
556 678 599 731 si
657 684 835 730 autem
883 679 1140 742 perpetuo
1193 667 1373 722 clausa
1419 681 1558 730 esse,
1612 679 1720 719 non
1760 671 1907 717 esset

307 784 452 840 Opus
477 767 742 824 custodia.
768 762 920 832 Quod
937 762 1080 816 enim
1099 760 1342 815 clausum
1365 765 1470 819 est,
1500 771 1598 810 cur
1638 754 1762 824 quis
1805 767 1904 807 cu-

313 857 601 915 stodierit?
647 854 754 911 Sed
803 861 1084 924 propterea
1114 861 1241 906 sunt
1289 858 1456 919 porta:
1482 856 1536 901 et
1566 845 1830 910 custodia,
1855 852 1914 898 ut

309 949 574 1013 faciamus
612 946 820 1017 singula
850 956 1092 1013 tempore
1137 939 1494 994 convcuienti.
1546 936 1700 992 Alius
1728 946 1912 990 autem

314 1041 466 1104 dicit,
496 1037 691 1109 Iugum
717 1047 766 1090 et
789 1045 1027 1089 stateram
1054 1037 1136 1105 fac
1169 1034 1473 1103 linguarum:
1493 1028 1666 1100 (Ibid.
1685 1027 1775 1082 9.8.
1793 1026 1911 1098 29).

319 1129 582 1199 majorem
601 1127 821 1196 exigens
841 1125 1191 1194 diligentiam,
1208 1131 1266 1175 ut
1287 1137 1393 1174 non
1411 1122 1584 1174 solum
1610 1118 1769 1174 verba
1795 1133 1914 1187 qua:

317 1229 534 1288 oportet
565 1218 871 1279 eﬂ‘eramus,
901 1215 994 1272 sed
1015 1216 1175 1269 etiam
1201 1228 1322 1266 cum
1345 1227 1408 1266 ea
1439 1228 1542 1281 qua
1570 1226 1666 1279 par
1688 1217 1771 1264 est
1790 1223 1918 1262 can-

321 1313 466 1364 tione
496 1319 550 1362 et
590 1317 841 1362 accurata
870 1305 1301 1360 consideratione
1347 1304 1457 1372 ipsa
1493 1300 1657 1368 veluti
1705 1299 1915 1370 ponde-

320 1415 504 1458 rautcs
529 1401 810 1469 diligenter
835 1397 1220 1465 expendamus.
1255 1392 1308 1449 Si
1353 1393 1495 1447 enim
1545 1392 1648 1444 hoc
1695 1390 1918 1444 facimus

321 1494 374 1549 iu
408 1509 540 1546 auro
568 1501 620 1544 et
650 1489 870 1543 materia
899 1502 1016 1557 qua:
1057 1486 1257 1550 interit,
1285 1485 1388 1538 hoc
1432 1483 1598 1537 multo
1629 1483 1799 1551 magis
1843 1479 1919 1534 fa-

320 1584 569 1640 ciendum
600 1591 682 1637 est
713 1582 765 1635 in
796 1580 993 1643 verbis,
1027 1588 1084 1633 ut
1135 1578 1267 1631 nihil
1288 1576 1449 1640 desit,
1479 1589 1578 1629 nec
1623 1574 1910 1629 redundet.

321 1675 583 1744 Quocirca
613 1673 742 1726 dicit
782 1671 941 1724 etiam
973 1669 1236 1738 quispiam
1271 1685 1284 1719 :
1322 1665 1537 1720 Verbum
1563 1682 1625 1719 ne
1653 1665 1920 1734 prohibue-

321 1769 394 1821 ris
439 1767 490 1818 in
531 1775 752 1831 tempore
797 1762 972 1816 salutis
1003 1765 1021 1830 (
1045 1758 1261 1813 Ibid.4.
1289 1757 1420 1825 ΞΒ).
1477 1756 1662 1810 Vidisti
1711 1764 1922 1824 tempus

326 1855 526 1911 exitus?
569 1854 720 1906 Alius
760 1860 936 1904 autem
969 1850 1155 1903 dicens
1200 1858 1411 1916 tempus
1449 1845 1685 1908 ‘silentii,
1718 1845 1917 1914 inquit:

323 1940 390 1997 Si
414 1956 486 1998 est
518 1944 604 1996 tibi
633 1959 816 2002 sermo,
846 1941 1091 2010 responde
1122 1956 1140 1992 :
1164 1940 1241 1993 sin
1271 1939 1457 2005 minus,
1485 1947 1590 1990 esto
1635 1953 1815 1989 manus
1835 1945 1922 1989 tua

317 2050 478 2101 super
509 2050 564 2086 os
594 2043 734 2085 tuum
767 2031 945 2104 (Ibid.
979 2031 1030 2083 5.
1065 2031 1131 2084 14
1151 2030 1190 2100 ).
1235 2030 1301 2083 Et
1329 2043 1533 2091 rursus,
1561 2027 1660 2092 Qui
1698 2026 1924 2080 abundat

325 2127 378 2178 in
406 2141 634 2178 sermone
654 2166 670 2190 ,
712 2125 828 2177 odio
859 2123 1120 2176 habebitur
1158 2121 1340 2194 (Ibid.
1368 2120 1460 2175 20.
1491 2120 1586 2191 8).
1618 2121 1700 2184 Et,
1739 2119 1924 2173 Melior

324 2227 399 2272 est
421 2216 570 2270 homo
589 2217 674 2286 qui
691 2212 819 2269 celal
839 2215 1105 2268 stultitiam
1121 2230 1285 2276 suam,
1307 2229 1460 2283 quam
1481 2212 1630 2265 homo
1646 2211 1732 2280 qui
1757 2211 1924 2264 occul-

328 2318 400 2362 tat
415 2308 712 2379 sapientiam
733 2323 876 2360 suam
916 2307 935 2376 (
958 2304 1096 2358 Ibid.
1129 2320 1175 2357 υ.
1209 2302 1335 2376 55).
1356 2303 1602 2357 Audivisti
1619 2302 1926 2360 sermonem?

329 2398 582 2453 Moriatur
599 2399 651 2451 in
673 2409 738 2450 te.
771 2396 1000 2464 Con/ide,
1028 2411 1127 2448 non
1155 2402 1202 2449 te
1231 2405 1430 2462 rumpet
1462 2393 1646 2463 (Ibid.
1674 2393 1760 2446 l9.
1792 2392 1858 2447 l0
1879 2389 1922 2462 ).

329 2490 399 2545 Et
430 2505 636 2556 rursus,
691 2489 735 2543 Α
770 2489 900 2559 facie
933 2487 1065 2541 verbi
1093 2486 1337 2557 parturiet
1363 2485 1580 2547 stultus,
1631 2492 1686 2535 ut
1727 2501 1758 2535 a
1797 2484 1928 2552 facie

328 2581 543 2649 infantis
569 2575 991 2648 pucrpera(Ibid.
1010 2592 1057 2630 υ.
1092 2577 1205 2646 ll).
1228 2574 1429 2628 Deinde
1458 2574 1619 2628 etiam
1650 2572 1717 2626 de
1745 2571 1923 2626 modo:

332 2668 577 2738 Loquere,
601 2667 990 2732 adolescentule,
1011 2667 1054 2720 si
1084 2682 1210 2736 opus
1229 2666 1294 2718 sit
1321 2665 1429 2730 tibi,
1453 2665 1535 2717 vix
1557 2664 1631 2717 bis
1653 2681 1671 2718 :
1701 2665 1743 2716 si
1770 2664 1926 2716 inter-

330 2771 541 2832 rogatus
573 2760 751 2829 fueris,
782 2761 832 2812 in
860 2759 1053 2812 brevem
1097 2774 1348 2811 summam
1375 2758 1550 2828 paucis
1578 2758 1736 2809 multa
1759 2757 1930 2826 redige

334 2849 498 2922 (Ibid.
521 2849 611 2904 3'2.
640 2849 726 2904 10.
763 2850 875 2920 ll).
915 2848 1099 2918 Magna
1127 2848 1268 2903 enim
1303 2848 1766 2902 animadversione
1792 2861 1927 2916 opus

333 2954 446 3009 est,
481 2951 538 2997 ut
577 2943 770 3011 lingua:
818 2951 1083 3011 potestate
1110 2950 1263 2995 caute
1305 2948 1361 2995 et
1399 2954 1588 2994 secure
1633 2940 1818 2993 utaris.
1866 2939 1930 2992 Et

333 3034 454 3090 idco
474 3048 660 3089 rursus
680 3033 810 3086 dixit
831 3049 843 3084 :
864 3031 956 3086 Est
979 3033 1318 3102 reprehensio,
1343 3041 1389 3084 et
1409 3047 1508 3083 non
1525 3039 1596 3083 est
1617 3030 1929 3096 tempestiva:

331 3137 377 3180 et
422 3135 492 3178 est
519 3137 686 3178 tacens
715 3124 915 3194 aliquis,
944 3124 1032 3191 qui
1069 3123 1318 3176 invenitur
1359 3122 1562 3190 sapiens
1593 3120 1610 3190 (
1643 3119 1780 3174 Ibid.
1841 3120 1926 3175 i9.

330 3216 423 3272 9.8.
451 3218 541 3271 20.
576 3216 672 3287 5).
717 3215 829 3270 Non
875 3217 1045 3270 solum
1085 3215 1228 3269 enim
1255 3223 1468 3283 oportet
1498 3216 1675 3267 tacere
1700 3222 1752 3267 et
1784 3212 1927 3280 lu1ui

332 3318 657 3378 opportune,
704 3307 796 3360 sed
844 3308 1003 3361 etiam
1045 3321 1166 3360 cum
1211 3319 1398 3374 magna
1448 3303 1636 3373 gratia.
1668 3303 1928 3370 Quocirca

332 3399 547 3454 dicebat
569 3399 764 3453 Paulus
783 3441 797 3462 ,
826 3399 1007 3452 Sermo
1037 3407 1193 3451 uester
1218 3396 1283 3449 sit
1319 3411 1516 3464 semper
1542 3395 1593 3448 in
1621 3397 1786 3465 gratia
1822 3395 1930 3449 sale

331 3491 590 3557 conditus,
629 3499 683 3543 ut
709 3491 880 3546 sciatis
902 3488 1153 3558 quomodo
1180 3496 1409 3557 oporteat
1439 3502 1525 3540 vos
1549 3485 1602 3538 in
1631 3501 1930 3556 unoquoque

337 3581 644 3650 respondere
675 3579 890 3648 (Coloss.
920 3581 973 3634 4.
994 3579 1070 3649 6).

408 3673 635 3728 Maxime
666 3682 868 3743 propter
899 3671 1206 3740 sacriﬁcium
1231 3670 1458 3739 corporis
1501 3668 1708 3723 Domini
1754 3669 1931 3740 lingua

331 3774 510 3822 sancta
559 3780 665 3818 esse
709 3761 1139 3830 debet.——Cogita
1172 3761 1274 3816 hoc
1297 3776 1417 3816 esse
1447 3761 1745 3815 membrum
1771 3801 1787 3824 ,
1833 3775 1930 3830 per

332 3858 477 3930 quod
502 3873 624 3912 cum
652 3857 761 3911 Deo
787 3856 1163 3924 colloquimur,
1189 3869 1285 3922 per
1311 3852 1453 3923 quod
1475 3853 1660 3907 laudes
1683 3852 1927 3907 celebra-

336 3964 476 4005 mus.
507 3948 618 4003 Hoc
647 3957 730 4002 est
757 3947 1059 4001 membrum
1080 3988 1095 4013 ,
1123 3960 1219 4015 per
1245 3943 1388 4014 quod
1417 3943 1742 3998 horrendum
1770 3943 1930 3998 sacri-

336 4039 515 4094 licium
538 4038 876 4107 suscipimus.
897 4035 1083 4092 Sciunt
1105 4035 1288 4089 tideles
1313 4033 1455 4104 quod
1477 4033 1690 4088 dicitur.
1715 4035 1782 4090 Et
1809 4034 1930 4088 ideo

335 4139 549 4200 oportet
577 4129 626 4184 id
657 4144 777 4184 esse
806 4130 1034 4184 liberum
1065 4128 1132 4183 ab
1158 4127 1304 4181 omni
1340 4127 1709 4194 accusatione,
1755 4127 1929 4184 male-

335 4221 500 4286 dicto,
531 4221 692 4275 verbo
717 4219 973 4274 obscaeno
994 4258 1011 4286 ,
1043 4228 1096 4272 et
1135 4217 1427 4272 calumnia.
1454 4219 1522 4271 Et
1547 4217 1591 4271 si
1622 4233 1721 4271 nos
1749 4219 1928 4289 aliqua

336 4313 530 4368 lasciva
557 4322 612 4367 et
638 4311 902 4381 impudica
932 4309 1184 4380 cogitatio
1205 4317 1409 4379 urgeat,
1443 4323 1506 4363 ea
1528 4308 1670 4363 intus
1704 4319 1789 4364 est
1811 4310 1927 4364 suf-

337 4403 583 4468 l'ocanda,
625 4417 725 4457 nec
752 4401 1168 4471 permittendum
1199 4409 1255 4454 ut
1289 4400 1341 4453 in
1370 4400 1534 4454 verba
1559 4407 1717 4460 exeat
1745 4417 1757 4452 :
1787 4408 1843 4455 et
1882 4401 1928 4455 si

334 4503 650 4563 exasperato
661 4493 839 4546 animo
853 4491 1039 4546 feraris
1055 4491 1119 4546 ad
1136 4491 1518 4559 erumpendum
1538 4492 1588 4545 in
1605 4491 1927 4560 simultates,

337 4585 424 4638 illa
455 4599 668 4656 quoque
698 4582 846 4636 radis
891 4589 975 4636 est
1020 4580 1358 4646 essiccauda,
1387 4581 1582 4636 ostium
1626 4590 1710 4637 est
1747 4591 1928 4637 custo—

334 4676 591 4729 diendum
623 4683 679 4728 et
717 4681 965 4728 accurate
990 4672 1382 4726 observandum
1421 4671 1496 4742 (a)
1529 4688 1543 4724 :
1581 4687 1681 4726 nec
1711 4673 1929 4740 permit—

399 4783 472 4846 (a)
512 4790 557 4831 In
582 4790 744 4832 Grzeeo
768 4797 779 4832 Ζ
808 4792 884 4835 liv
909 4795 1122 4846 Win.
1142 4809 1196 4841 τις
1219 4791 1480 4833 indemnis
1503 4810 1545 4833 σι
1567 4795 1839 4847 “pecuniam
1867 4796 1930 4835 ιιι

335 4860 468 4904 suum!
753 4858 819 4904 τὴν
958 4884 970 4901 ,
1000 4857 1060 4894 καὶ
1081 4856 1224 4908 dep-11
1263 4858 1329 4904 τὴν
1363 4857 1470 4906 αὔραν
1492 4855 1582 4907 ἰχιιν
1594 4885 1606 4903 ,
1628 4857 1843 4908 utinm“)
1861 4861 1927 4907 τήν

335 4919 508 4970 φυλακάν.
535 4905 618 4955 Hie
641 4905 991 4970 longe‘erravit
1015 4905 1296 4970 _Geniianus
1320 4905 1596 4970 _Herveti1_s,
1621 4907 1706 4970 qui
1723 4905 1792 4956 sic
1808 4905 1930 4970 eon-

337 4965 487 5016 irertit
509 4981 521 5014 :
549 4972 604 5016 Et
622 4965 666 5029 si
701 4965 900 5029 pusillus
924 4972 968 5015 et
992 4965 1226 5015 demissus
1245 4967 1437 5015 animus
1459 4966 1592 5027 facit,
1611 4965 1669 5029 ut
1688 4966 1817 5028 loqui
1832 4981 1928 5018 non

334 5029 538 5090 σπάθας,
563 5028 649 5077 sed
672 5027 804 5090 apud
841 5035 884 5076 te
901 5039 1189 5090 murmnres,
1215 5041 1273 5076 ea
1296 5040 1479 5090 quoque
1506 5027 1658 5076 radix
1677 5034 1745 5076 est
1765 5029 1927 5078 exsic-

334 5089 510 5139 canda.
544 5095 660 5152 Tula
681 5089 742 5138 sit
763 5096 919 5150 porta,
938 5094 984 5138 et
1007 5089 1218 5152 perfecta
1240 5089 1473 5138 custodia.
1501 5095 1695 5152 Iuyuce
1725 5102 1924 5152 nempe,

335 5164 581 5214 μιιροῆησχὶι,
607 5146 774 5214 lapsus
791 5157 885 5214 est,
911 5146 1034 5214 quae
1057 5146 1155 5214 fuit
1173 5156 1440 5212 perpetuus
1477 5147 1749 5214 multorum
1776 5146 1929 5214 inter;

337 5210 529 5272 ιιι-ἐξιίιῶ
553 5210 898 5274 scotiulus.'t-:st
936 5210 1066 5259 enim
1109 5210 1205 5274 hic,
1230 5210 1472 5274 “milia,
1493 5223 1588 5258 non
1613 5211 1927 5272 ppsillanimi-

336 5279 426 5330 tas,
453 5285 548 5320 non
564 5272 805 5320 demissus
823 5273 1029 5335 animus,
1049 5272 1177 5333 quod
1195 5272 1411 5335 quidem,
1437 5273 1477 5321 si
1498 5273 1708 5321 nominis
1731 5279 1926 5335 etymon

335 5339 552 5393 spectes,
578 5345 637 5380 ea
654 5345 781 5397 _v_oce
803 5331 1124 5397 signiﬁcatur;
1149 5331 1237 5380 sed
1269 5331 1359 5380 hoc
1394 5334 1503 5397 loco,
1524 5338 1576 5382 et
1597 5331 1926 5397 passim'apud

338 5391 504 5442 Patres
540 5391 778 5454 signiﬁcat
813 5391 1024 5454 animum
1065 5400 1425 5454 exasperatum,
1468 5391 1780 5453 simultatem,
1829 5391 1926 5446 non

335 5454 534 5516 quidem
556 5453 765 5502 animum
787 5456 871 5516 qui
895 5453 1027 5516 loqui
1062 5467 1158 5503 non
1187 5453 1378 5503 audeat
1401 5461 1453 5516 et
1476 5456 1602 5514 apud
1626 5469 1682 5504 se
1706 5469 1925 5506 murum-

335 5515 432 5571 ret,
452 5522 506 5563 ut
531 5518 680 5563 vertit
716 5515 1000 5575 Gentianus;
1027 5516 1114 5563 sed
1139 5516 1220 5577 qui
1247 5517 1303 5562 ad
1330 5515 1518 5576 publica
1540 5516 1753 5576 dissidia,
1784 5525 1836 5566 et
1859 5519 1926 5566 si-

337 5577 568 5640 multates
587 5577 817 5632 concitet,
843 5578 940 5624 imo
962 5578 1067 5637 ipsa
1088 5577 1301 5640 dissidia,
1326 5578 1545 5640 divortia,
1570 5579 1709 5635 rixae,
1736 5580 1927 5640 publica

335 5636 461 5691 odia,
486 5649 724 5703 μικροψυχίᾳ,
771 5636 1020 5703 vocantur.
1063 5645 1190 5703 Haec
1210 5638 1313 5703 vult
1336 5638 1532 5687 dissidia
1567 5645 1619 5687 et
1649 5636 1756 5687 odia
1779 5640 1926 5703 chry-

335 5703 575 5761 sostomus
595 5701 756 5761 statim
790 5700 928 5748 obrui
971 5705 1024 5746 et
1065 5700 1344 5760 exstingui,
1373 5713 1440 5749 ne
1480 5707 1735 5761 erumpant
1779 5700 1923 5751 foras.

337 5757 452 5806 \ide
483 5760 818 5810 onomastioon
852 5770 1068 5811 nostrum
1111 5762 1168 5810 ad
1204 5757 1359 5824 o'pera
1399 5757 1644 5813 Athanasii
1683 5761 1733 5811 in
1771 5775 1922 5825 voce,

336 5832 560 5882 Win.

1451 367 1810 426 EXPOSITIO
1849 364 1912 421 ΙΝ
1953 363 2278 423 ΡεΑωωΜ
2319 362 2479 422 CXL.

3515 372 3623 430 433

2021 483 2242 536 tendum
2272 490 2387 545 est.
2421 491 2478 536 ut
2525 481 2668 537 intus
2692 481 2833 538 mala
2859 480 3082 539 consiiia
3127 494 3404 555 pariantur
3431 502 3445 540 :
3477 495 3533 542 et
3572 488 3621 542 si

2021 575 2335 643 pariuntur,
2366 587 2428 627 ea
2458 583 2585 628 sunt
2611 573 2754 628 intus
2782 574 3092 630 sun‘ocanda
3113 616 3131 643 ,
3162 584 3222 630 et
3237 575 3502 688 est\ra'dix
3529 592 3622 633 eo-

2021 681 2132 688 _,_-_
2167 680 2225 688 η
2247 666 2475 688 .ε,,,,λ,

2018 681 2134 719 rum
2162 666 2501 722 exsiccanda.

2117 776 2172 831 5.
2230 776 2380 833 Hanc
2433 776 2617 833 habuit
2668 777 2770 834 Job
2820 779 3120 834 custodiam
3150 822 3167 846 ,
3211 788 3267 834 et
3322 777 3448 835 ideo
3496 782 3622 835 nui-

2021 867 2128 922 lum
2179 869 2401 923 verbum
2461 869 2844 944 inconcinnum
2911 871 3173 940 protulit,
3221 869 3318 928 sed
3388 872 3622 927 maxima

2020 959 2233 1028 quidem
2265 976 2331 1014 ex
2376 971 2526 1030 parte
2580 963 2744 1016 tacuit
2776 980 2789 1015 :
2820 963 3036 1032 quando
3079 972 3258 1019 autem
3303 979 3426 1018 eum
3478 964 3625 1033 loqui

2019 1065 2139 1105 cum
2171 1067 2336 1106 uxore
2379 1052 2657 1121 oportuit,
2714 1054 2965 1123 loquutus
3003 1063 3089 1109 est
3136 1054 3296 1109 Verba
3346 1055 3627 1125 sapientice

2022 1141 2201 1211 plena.
2242 1141 2396 1219 Tum.
2421 1143 2638 1198 demum
2669 1145 2672 1148 ’
2701 1145 2846 1198 enim
2886 1143 3060 1199 solum
3135 1144 3458 1214 loquendum
3507 1154 3626 1213 est,

2022 1233 2239 1303 quando
2264 1250 2382 1305 qua:
2408 1235 2680 1303 dicuntur,
2729 1236 2846 1306 plus
2872 1245 3096 1305 prosunt
3121 1252 3280 1306 quam
3328 1237 3625 1292 silentium.

2023 1324 2282 1392 Quocirca
2331 1325 2579 1382 Christus
2622 1342 2834 1398 quoque
2878 1327 3088 1382 dicebat
3144 1344 3156 1382 :
3215 1326 3378 1383 Omne
3425 1328 3630 1382 verbum

2024 1418 2261 1482 otiosum,
2294 1416 2431 1487 quod
2474 1417 2666 1486 loquuti
2711 1419 2901 1488 fuerint
2931 1419 3179 1484 homines,
3211 1419 3403 1474 dabunt
3453 1436 3546 1490 pro
3573 1436 3630 1474 eo

2024 1509 2273 1560 rationem
2294 1505 2603 1574 (Matt/cli.
2630 1508 2742 1581 56).
2802 1510 2866 1563 Et
2894 1510 3124 1576 Paulus,
3156 1501 3339 1565 Sermo
3370 1511 3630 1564 obscaenas

2026 1613 2090 1651 ex
2137 1614 2224 1651 ore
2256 1606 2414 1652 vestro
2443 1615 2543 1653 non
2583 1601 2793 1676 prodeat
2839 1599 3054 1672 (Ephes.
3085 1601 3146 1655 4.
3190 1601 3303 1674 29).
3349 1601 3632 1669 Quomodo

2026 1696 2205 1742 autem
2238 1688 2396 1744 fuerit
2442 1698 2550 1744 tuta
2581 1690 2698 1745 hinc
2722 1690 2921 1761 janua,
2964 1700 3020 1746 et
3064 1702 3314 1746 accurata
3354 1692 3630 1760 custodia,

2027 1782 2150 1835 audi
2178 1783 2340 1837 alium
2372 1784 2638 1839 dicentem
2673 1803 2685 1838 :
2722 1783 2901 1840 Omnis
2940 1787 3167 1841 narratio
3197 1797 3286 1840 tua
3322 1789 3387 1840 sit
3427 1789 3480 1841 in
3527 1788 3634 1858 lege

2031 1869 2276 1925 Altissinti
2303 1871 2491 1942 (Eccli.
2520 1874 2574 1928 9.
2606 1876 2722 1946 25).
2762 1876 2816 1932 Si
2860 1877 3000 1931 enim
3030 1876 3281 1933 didiceris
3328 1879 3459 1935 nillil
3486 1879 3630 1948 loqui

2029 1976 2512 2030 supervacaneum,
2541 1965 2634 2020 sed
2665 1965 2965 2020 divinarum
3005 1967 3404 2036 Scripturarum
3445 1984 3634 2022 narra-

2030 2051 2176 2106 tione
2202 2063 2433 2108 mentem
2465 2066 2518 2109 et
2546 2070 2609 2109 os
2640 2064 2786 2109 tuum
2817 2065 3078 2128 perpetuo
3105 2054 3350 2123 munias,
3378 2057 3481 2111 erit
3510 2071 3636 2111 cus-

2032 2144 2173 2197 todia
2214 2147 2402 2214 quovis
2447 2146 2732 2202 adamante
2776 2149 2959 2203 tutior.
3004 2148 3108 2204 Per
3161 2164 3226 2204 os
3253 2151 3397 2204 enim
3453 2149 3636 2203 niiiltm

2030 2244 2156 2290 sunt
2201 2238 2303 2290 via:
2350 2239 2617 2303 interitus,
2651 2249 2708 2293 ut
2737 2235 2951 2310 quando
2999 2222 3117 2309 quis
3160 2241 3414 2295 obscaena
3468 2241 3631 2294 verba

2031 2326 2285 2396 loquitur,
2334 2319 2547 2398 quando
2595 2330 2775 2384 verbis
2817 2330 3133 2386 scurrilibus
3185 2333 3370 2398 utitur,
3420 2331 3633 2402 quando

2032 2434 2220 2472 vanam
2247 2437 2353 2489 prm
2380 2436 2438 2474 se
2465 2421 2558 2475 fert
2583 2423 2830 2491 gloriam,
2855 2423 3070 2493 quando
3091 2438 3150 2478 se
3173 2421 3452 2493 magnifice
3467 2421 3636 2491 jactat

2032 2520 2084 2563 et
2103 2510 2376 2577 gloriatur,
2402 2520 2458 2579 ut
2487 2511 2789 2567 Pharis-atus
2813 2553 2826 2576 ,
2859 2515 2948 2583 qui
2981 2514 3232 2583 quoniam
3261 2512 3342 2567 oxi
3366 2528 3462 2567 suo
3491 2511 3634 2567 fores

2033 2615 2139 2653 non
2171 2600 2371 2655 obdidit
2397 2643 2411 2669 ,
2458 2605 2637 2672 paucis
2683 2605 2860 2658 verbis
2898 2620 3248 2674 quazcumque
3269 2613 3419 2659 erant
3454 2605 3634 2670 intus,

2032 2693 2196 2746 effusa
2222 2704 2348 2748 sunt
2375 2711 2388 2746 :
2424 2695 2622 2749 idcirco
2648 2696 3096 2766 quemadmodum
3124 2697 3315 2750 domus
3344 2698 3429 2750 cui
3477 2694 3636 2750 nullan

2031 2795 2216 2840 essent
2259 2787 2425 2853 fores,
2457 2789 2576 2857 quia
2623 2789 2931 2844 thesaurum
2962 2790 3050 2860 qui
3081 2790 3284 2859 positus
3313 2799 3428 2844 erat
3469 2790 3634 2852 intus,

2033 2891 2355 2933 conservare
2386 2895 2492 2934 non
2534 2883 2739 2950 potuit,
2784 2891 3006 2950 repente
3055 2896 3259 2951 pauper
3309 2878 3484 2936 factus
3532 2887 3636 2934 est.

2033 2969 2324 3024 Considera
2349 2971 2477 3023 milii
2512 2987 2723 3041 quoque
2754 2972 2918 3027 alium
2941 3013 2956 3036 ,
2987 2972 3077 3042 qui
3106 2981 3326 3043 propter
3355 2971 3635 3042 magniﬁca

2033 3076 2127 3114 sua
2157 3061 2318 3114 verba
2345 3062 2590 3117 similiter
2612 3064 2786 3132 periit.
2822 3064 2964 3118 Dixit
3000 3066 3142 3118 enim
3164 3103 3181 3131 ,
3210 3055 3380 3134 inquit
3401 3103 3418 3130 ,
3463 3061 3636 3132 Super

2033 3163 2171 3207 astra
2225 3153 2337 3207 σα»ιὶ
2366 3170 2551 3223 ponam
2587 3156 2755 3209 sedem
2797 3173 2962 3211 meam
2991 3155 3143 3228 (Isai.
3188 3157 3274 3212 li.
3309 3156 3421 3228 15).
3465 3155 3637 3212 Juda-i

2033 3254 2211 3300 autem
2237 3246 2358 3315 quia
2392 3247 2621 3316 proximi
2646 3247 2801 3301 malis
2829 3247 3097 3315 lxtantur,
3123 3263 3265 3304 nunc
3287 3249 3503 3319 quidem
3533 3263 3635 3302 au-

2035 3335 2186 3391 diunt
2217 3355 2230 3388 :
2265 3337 2395 3402 Quia
2423 3337 2627 3401 dixisti,
2657 3337 2834 3411 Euge,
2868 3343 3035 3411 factus
3062 3351 3135 3394 est
3180 3349 3236 3394 ut
3272 3340 3482 3409 reliqua.-
3507 3357 3632 3410 gen-

2035 3439 2106 3484 tes
2127 3427 2333 3485 Israel:
2364 3446 2504 3485 nunc
2530 3440 2709 3487 autem
2735 3433 2944 3502 probris
2964 3435 3320 3498 iuccssuutur,
3351 3445 3633 3506 propterea

2033 3521 2176 3591 quod
2223 3533 2591 3588 murmurant,
2615 3532 2668 3578 et
2696 3525 2915 3591 dicunt,
2952 3527 3130 3581 Omnis
3153 3529 3238 3598 qui
3268 3529 3391 3601 facit
3421 3528 3631 3590 malum,

2033 3613 2219 3667 bonum
2255 3631 2428 3667 coram
2477 3614 2699 3670 Domino
2720 3657 2733 3679 ,
2761 3616 2871 3685 ipse
2898 3634 3093 3688 quoque
3128 3619 3180 3672 in
3213 3619 3282 3671 eis
3303 3619 3632 3688 complacuit.

2034 3704 2104 3758 Et
2132 3722 2222 3760 nos
2249 3708 2441 3761 alienos
2487 3708 2657 3762 beatos
2685 3709 2937 3777 ducimus,
2966 3720 3014 3763 et
3039 3711 3416 3778 rewdtﬁcantur
3435 3714 3522 3780 qui
3551 3712 3636 3780 fa.

2033 3795 2174 3850 ciunt
2212 3798 2421 3852 scelera.
2484 3798 2604 3853 Non
2666 3816 2779 3873 ecce
2828 3801 2936 3855 hinc
2989 3803 3180 3871 scripta
3233 3812 3350 3856 sunt
3399 3802 3451 3856 in
3504 3800 3636 3856 libro

2034 3887 2293 3956 (Malach.
2342 3891 2398 3943 2.
2429 3886 2514 3943 l7.
2552 3901 2600 3944 et
2643 3892 2696 3945 5.
2742 3891 2870 3964 15)?
2917 3893 3021 3946 Alii
3065 3905 3282 3964 propter
3330 3907 3635 3948 murmura-

2035 3981 2272 4047 tionem,
2315 3989 2374 4035 ut
2423 3981 2552 4037 dicit
2595 3983 2818 4039 Paulus:
2878 3984 3060 4054 Neque
3111 4003 3481 4040 murmuremus
3507 3988 3636 4040 sicut

2034 4071 2268 4126 nonnulli
2313 4089 2487 4126 eorum
2515 4086 2895 4130 murmurarnnt
2914 4119 2929 4143 ,
2961 4087 3006 4131 et
3030 4080 3286 4146 perierunt
3310 4077 3372 4131 ab
3399 4080 3636 4132 externu-

2034 4173 2212 4218 natare
2242 4164 2331 4236 (l.
2377 4163 2496 4220 Cor.
2545 4167 2786 4237 10.10).
2830 4169 2896 4223 Ει
2931 4171 3147 4240 quando
3195 4172 3633 4225 murmuraruntl

2034 4253 2258 4320 Quando
2284 4253 2817 4312 dicebant:Eduxisti
2845 4275 2936 4313 nos
2971 4269 3024 4313 ut
3051 4261 3305 4316 occideres
3333 4263 3383 4314 in
3413 4263 3630 4327 deserto,

2034 4345 2179 4413 quasi
2202 4361 2304 4398 non
2329 4355 2490 4399 essent
2517 4357 2838 4400 monumenta
2859 4349 2911 4402 in
2940 4347 3170 4422 Egypto
3187 4351 3381 4423 (Exod.
3405 4353 3494 4406 14.
3521 4353 3630 4422 ll).

2036 4437 2141 4491 Alii
2183 4446 2402 4508 propter
2427 4438 3124 4510 ludum,quemadmodum
3168 4444 3332 4508 dicit,
3388 4444 3630 4500 Comede-

2035 4539 2154 4583 runt
2182 4541 2226 4584 et
2248 4531 2509 4598 biberunt,
2555 4541 2601 4586 et
2643 4545 2967 4587 surrexerunt
3007 4535 3075 4588 ad
3113 4536 3390 4590 ludendum
3439 4537 3625 4606 (Exod.

2037 4623 2126 4678 52.
2161 4622 2237 4692 6).
2288 4624 2388 4677 Alii
2422 4634 2639 4695 propter
2668 4625 2976 4679 maledicta.
3022 4624 3203 4680 Omnis
3231 4630 3363 4681 enim
3399 4631 3488 4698 qui
3514 4628 3639 4684 dicit

2037 4714 2188 4782 fratri
2219 4730 2309 4766 suo
2332 4753 2348 4777 ,—
2375 4713 2540 4767 Fatue
2560 4755 2575 4778 ,
2607 4730 2723 4768 reus
2747 4716 2838 4768 erit
2858 4716 3058 4785 judicio
3082 4716 3292 4790 (Matth.
3325 4719 3377 4774 5.
3419 4719 3536 4790 2‘2).
3573 4720 3637 4774 Et

2039 4803 2122 4857 bis
2169 4805 2324 4874 longe
2376 4804 2557 4874 plures
2601 4814 2820 4875 pr0pter
2865 4806 2968 4860 alia
3018 4808 3314 4878 perierunt,
3363 4825 3483 4864 cum
3523 4827 3629 4864 non

2034 4897 2412 4953 custodiissent
2437 4911 2529 4952 ora
2558 4912 2674 4952 sua.

2109 4995 2314 5050 Silentii
2338 4996 2668 5067 intempestivi
2691 4997 2920 5060 malum;
2943 4997 3141 5066 amictis
3166 4997 3633 5052 condolendum.-—-

2034 5085 2185 5153 Quod
2217 5088 2262 5142 si
2285 5089 2365 5142 vis
2393 5089 2574 5143 videre
2618 5089 2904 5144 nonnullos
2931 5089 3092 5144 etiam
3134 5091 3309 5159 perire
3335 5106 3398 5145 ex
3443 5092 3636 5146 intem-

2037 5180 2244 5249 pestivo
2275 5180 2486 5235 silentio
2509 5221 2524 5246 ,
2555 5195 2654 5250 ego
2686 5182 2779 5234 tibi
2811 5180 3111 5236 ostendam.
3143 5180 3203 5235 Si
3230 5181 3372 5236 enim
3393 5222 3408 5245 ,
3439 5183 3628 5252 inquii,

2038 5269 2227 5339 populo
2254 5287 2353 5324 non
2375 5271 2685 5337 distinxeris,
2710 5272 2799 5326 ille
2824 5273 3029 5337 quidem
3073 5273 3316 5326 morietur
3341 5273 3396 5326 in
3427 5284 3631 5342 peccato

2034 5376 2147 5427 suo,
2166 5362 2462 5432 sanguinem
2485 5373 2652 5416 autem
2672 5365 2780 5433 ejus
2801 5380 2828 5416 e
2856 5379 3010 5417 manu
3030 5373 3116 5417 tua
3137 5363 3392 5434 requiram
3418 5363 3627 5434 (Ezech.

2034 5452 2088 5505 5.
2111 5451 2227 5519 9.0).
2258 5453 2409 5505 Alius
2431 5493 2444 5516 ,
2477 5453 2619 5521 quod
2652 5454 2796 5508 nullo
2827 5454 3010 5509 habito
3040 5455 3352 5511 discrimine
3381 5455 3631 5525 loquatur

2033 5558 2154 5597 eum
2184 5543 2450 5613 aliquibus
2471 5587 2486 5610 ,
2508 5554 2563 5598 et
2590 5561 2707 5615 qua:
2736 5546 2833 5600 sibi
2857 5545 3057 5600 credita
3080 5557 3205 5602 sunt
3232 5546 3475 5602 eﬂ’uudit.
3512 5545 3628 5599 Νο-

2036 5633 2123 5689 lite
2142 5677 2158 5700 ,
2192 5636 2396 5704 inquit,
2422 5637 2547 5691 dare
2571 5648 2748 5691 sancta
2772 5637 3002 5703 canibus,
3029 5656 3121 5692 nec
3161 5641 3395 5710 projicite
3420 5656 3628 5710 marga-

2033 5736 2158 5778 ritas
2184 5738 2369 5797 uestras
2398 5739 2515 5784 ante
2548 5746 2728 5797 porcos
2761 5730 2974 5800 (Matth.
3023 5731 3075 5784 7.
3108 5732 3185 5801 6).
3221 5733 3370 5786 Alius
3414 5741 3630 5802 preptt‘t‘

2040 5819 2240 5886 risum,
2265 5829 2316 5874 et
2357 5819 2480 5876 ideo
2510 5822 2677 5878 dicit:
2717 5822 2805 5878 Vae
2832 5825 2968 5879 vobis
3007 5826 3091 5894 qui
3137 5825 3337 5890 ridetis,
3389 5824 3632 5894 quoniam
