4056 6454
302 401 417 458 437

300 514 519 570 verteris
538 527 626 568 cor
649 527 818 567 meum
842 511 897 566 in
922 525 1178 566 sermones
1203 509 1364 564 malos
1381 509 1478 581 (⁵η),
1501 507 1570 562 ad
1593 505 1916 576 cogitandum

299 607 581 663 sceleratas
601 605 950 677 cogitationes.
969 600 1076 657 Cur
1104 610 1284 657 autem
1309 615 1437 654 usus
1462 609 1546 655 est
1574 600 1764 654 ordine
1786 612 1915 656 con-

303 696 519 752 trario?
546 703 745 752 etcum
771 694 839 750 de
859 708 954 749 ore
981 693 1129 762 prius
1151 698 1296 745 esset
1321 691 1590 759 loquutus,
1621 700 1747 744 tunc
1772 689 1918 743 venit

301 786 375 840 ad
409 786 551 840 cori
597 783 714 839 Non
743 792 971 847 temere,
1005 795 1106 837 nec
1131 781 1228 836 abs
1252 796 1311 836 re
1349 780 1451 835 hoc
1475 779 1618 834 facit.
1649 779 1917 848 Quemad-

305 879 536 933 modum
566 878 710 932 enim
739 876 790 928 in
821 874 1048 944 captivis
1070 873 1162 944 qui
1189 875 1372 927 volunt
1394 872 1669 941 aufugere,
1688 871 1778 941 qui
1799 871 1916 939 ejus

303 967 389 1022 rei
417 982 602 1023 curam
632 974 847 1036 gerunt,
883 956 1112 1034 primum
1156 963 1258 1018 hoc
1283 970 1468 1032 agunt,
1501 972 1559 1016 ιιι
1585 971 1767 1031 portas
1792 975 1912 1016 car-

300 1060 454 1115 ceris
485 1068 880 1129 prteoccupent,
910 1067 964 1114 et
1002 1058 1069 1112 ad
1109 1057 1213 1112 hoc
1249 1071 1440 1112 omnes
1481 1057 1714 1111 studium
1759 1071 1914 1111 suum

303 1149 620 1217 conferunt,
647 1151 770 1204 etsi
805 1150 906 1205 hoc
927 1149 1124 1204 factum
1157 1146 1337 1213 fuerit,
1357 1149 1497 1218 quod
1525 1157 1694 1202 restat
1720 1147 1916 1216 poterit

306 1240 470 1298 facile
506 1251 652 1296 recte
688 1240 808 1311 geri
839 1256 854 1295 :
901 1241 972 1295 ita
1013 1239 1177 1294 etiam
1226 1238 1312 1292 hic
1348 1252 1563 1308 quoque
1603 1237 1654 1290 id
1691 1236 1819 1291 facit
1859 1235 1912 1290 in

307 1331 418 1389 hoc
446 1332 590 1398 loco,
607 1341 662 1386 et
695 1345 791 1402 per
809 1347 874 1387 ea
904 1346 1027 1401 qua;
1057 1330 1269 1394 suadet,
1290 1329 1392 1384 hoc
1418 1344 1586 1399 prope
1607 1327 1770 1383 dicit:
1798 1327 1918 1384 Sint

304 1421 508 1477 clausa:
526 1420 727 1492 ianuae,
747 1433 801 1476 et
833 1422 988 1475 malae
1014 1421 1368 1492 cogitationes
1392 1420 1500 1475 cito
1525 1420 1917 1490 expugnabun-

307 1522 419 1569 tur.
446 1514 707 1580 Quocirca
739 1528 843 1568 non
885 1514 953 1569 ab
991 1514 1143 1568 initio
1167 1513 1384 1584 quidem
1414 1513 1696 1585 permittit,
1732 1522 1789 1568 ut
1814 1529 1914 1569 ex-

309 1604 578 1660 trinsecus
622 1603 992 1674 ingrediantur
1025 1622 1036 1656 :
1069 1612 1123 1658 et
1153 1604 1349 1658 malam
1371 1604 1629 1660 convellit
1654 1604 1912 1672 radicem,

302 1694 497 1751 dicens
527 1713 541 1750 :
570 1692 692 1748 Non
730 1695 948 1749 declines
975 1711 1064 1748 cor
1091 1702 1257 1748 meum
1283 1694 1338 1748 in
1367 1694 1516 1749 verba
1540 1693 1771 1749 malitiae.
1794 1693 1912 1749 Non

241 1791 260 1804 ·
303 1785 452 1855 quod
485 1785 627 1840 Deus
654 1784 886 1840 declinet
911 1801 925 1838 :
958 1785 1136 1850 absit;
1166 1784 1259 1841 sed
1288 1785 1434 1854 quod
1463 1784 1591 1840 dicit
1617 1786 1686 1840 ita
1718 1784 1912 1840 intelli-

302 1876 545 1948 gendum
588 1886 708 1931 est:
739 1875 819 1932 Ne
846 1875 993 1932 siuas
1019 1876 1310 1943 declinare,
1338 1891 1409 1932 ne
1448 1876 1594 1932 sinas
1621 1876 1814 1933 diverti
1857 1878 1910 1932 in

306 1968 483 2023 malas
511 1968 884 2038 cogitationes.
1029 1992 1047 2010 ο
1268 2036 1271 2037 ν

378 2060 480 2115 Cor
506 2070 554 2114 et
583 2061 779 2115 virtutis
818 2071 866 2116 et
911 2061 1018 2114 vitii
1041 2065 1193 2132 fons;
1239 2063 1452 2117 liberum
1477 2063 1778 2129 arbitrium;
1819 2080 1914 2119 cx-

300 2153 500 2206 cusatio
528 2153 579 2206 in
605 2154 822 2222 peccatis
839 2155 1090 2222 pessima;
1116 2155 1367 2225 confessio
1385 2156 1578 2224 peccati
1596 2155 1810 2209 solutio.
1837 2184 1907 2196 —

302 2242 470 2298 illinc.
488 2243 631 2298 enim
657 2252 742 2298 est
765 2243 881 2299 fons
906 2245 1116 2299 virtutis
1146 2254 1203 2300 et
1229 2246 1363 2307 vitii.
1391 2261 1422 2299 a
1465 2245 1628 2301 corde
1682 2260 1900 2318 nempe.

301 2334 564 2402 Quasnam
586 2346 710 2391 sunt
728 2345 906 2391 autem
931 2337 1089 2391 verba
1131 2337 1530 2406 improbitatis?
1557 2337 1716 2393 Multa
1747 2347 1802 2394 et
1831 2339 1913 2394 di-

307 2442 482 2483 versa.
503 2426 634 2482 Nam
665 2435 719 2483 et
743 2444 862 2499 qua:
908 2428 1128 2484 insidias
1156 2431 1388 2496 struunt,
1421 2445 1544 2500 qua:
1582 2431 1750 2485 Deum
1801 2431 1912 2486 cri-

306 2518 582 2573 minantur
604 2561 620 2586 ,
647 2534 767 2589 quas
792 2520 1041 2574 virtutem
1071 2530 1414 2588 aversantur,
1447 2536 1569 2591 qua:
1598 2522 1780 2576 vilium
1814 2536 1904 2577 se-

301 2617 538 2675 ctantur,
567 2625 686 2680 quae
735 2609 805 2666 de
836 2611 1013 2680 pravis
1037 2611 1375 2682 dogmatibus
1420 2621 1478 2667 et
1501 2613 1761 2668 scelerata
1803 2615 1910 2668 vita

304 2698 552 2756 lubenter
599 2700 888 2755 audiuntur
911 2743 927 2768 ,
956 2710 1013 2757 et
1051 2713 1245 2758 czetera
1277 2702 1606 2772 huiusmodi,
1638 2712 1766 2759 sunt
1794 2720 1913 2760 ver-

302 2790 370 2844 ba
427 2791 816 2860 improbitatis,
865 2799 924 2848 et
962 2807 1026 2847 ex
1086 2808 1276 2864 magna
1316 2793 1660 2864 improbitate
1717 2809 1910 2866 proce-

299 2880 436 2936 dunt
465 2897 480 2934 :
508 2881 956 2952 quemadmodum
1001 2891 1182 2939 autem
1217 2893 1343 2940 sunt
1383 2885 1615 2956 cogitata
1662 2896 1717 2942 et
1746 2888 1909 2942 verba

302 2975 678 3045 improbitatis,
710 2976 780 3029 ita
807 2985 930 3031 sunt
962 2978 1122 3031 etiam
1152 2977 1312 3032 verba
1338 2978 1481 3045 vitae.
1516 2978 1582 3032 Et
1606 2979 1725 3033 ideo
1750 2977 1908 3035 Chri-

299 3078 386 3122 sto
424 3068 668 3122 dicebant
692 3067 961 3138 discipuli,
1005 3067 1167 3122 Verba
1198 3069 1312 3122 vita:
1365 3079 1572 3124 aeterna:
1629 3071 1783 3125 habes
1809 3087 1829 3125 :
1857 3082 1908 3126 et

298 3160 370 3212 ad
393 3175 540 3228 quem
568 3159 787 3227 ibinms(
813 3158 971 3212 Joan.
1005 3160 1058 3214 6.
1091 3159 1198 3229 69)
1223 3161 1248 3212 ἲ
1277 3159 1537 3213 Dicuntur
1564 3169 1746 3214 autem
1779 3176 1906 3216 ver-

300 3249 367 3304 ba
391 3249 534 3314 vitat,
577 3264 698 3318 qua;
717 3251 880 3302 vitam
929 3251 1169 3318 przebeut
1199 3248 1486 3305 :dicuntur
1529 3249 1690 3305 etiam
1743 3250 1908 3307 verba
1937 3260 1951 3271 ‘

298 3341 508 3405 salutis,
538 3340 658 3411 qua:
685 3341 911 3396 salutem
961 3342 1264 3411 acquirunt.
1309 3341 1569 3409 Quocirca
1613 3343 1742 3398 dicit
1784 3345 1907 3414 qui-

298 3432 424 3486 dam
446 3433 678 3501 sapiens,
714 3430 797 3485 Ne
822 3431 1090 3503 prohibeas
1117 3448 1397 3486 sermonem
1425 3434 1478 3487 in
1499 3441 1723 3504 tempore
1756 3435 1903 3488 saltt-

220 3555 234 3566 ~
296 3525 362 3578 tis
384 3524 406 3596 (
431 3523 589 3578 Eccli.
623 3525 676 3577 4.
708 3523 1046 3594 28)..Verba
1079 3524 1433 3594 improbitatis
1476 3540 1538 3580 ca
1567 3526 1728 3580 etiam
1779 3536 1908 3582 sunt

298 3632 423 3687 qua:
446 3615 650 3672 faciunt
676 3616 917 3671 dicentes
945 3616 1239 3686 improbos.

371 3708 423 3760 7.
445 3707 906 3776 Quemadmodum
927 3707 1069 3762 enim
1092 3716 1175 3763 est
1191 3723 1284 3762 aer
1305 3709 1561 3777 pestilens
1577 3716 1632 3765 et
1647 3709 1735 3780 qui
1760 3723 1906 3765 mor-

295 3799 397 3855 bos
419 3809 680 3869 procreat,
716 3800 786 3853 ita
816 3800 977 3854 etiam
1005 3799 1188 3854 verba.
1216 3798 1368 3867 Quod
1418 3809 1597 3855 autem
1645 3799 1769 3855 facit
1816 3801 1905 3856 ille

294 3891 535 3961 corpori,
570 3889 621 3944 id
673 3890 773 3944 ista
826 3889 1027 3944 faciunt
1065 3891 1278 3956 animae,
1315 3906 1435 3960 quae
1491 3891 1604 3960 ipsa
1656 3891 1899 3962 suscipit.

291 3981 428 4036 Orat
454 3997 583 4052 ergo
604 3997 698 4051 per
717 3997 801 4046 ea,
833 3997 955 4052 qua:
979 3982 1064 4037 hic
1084 3996 1297 4052 quoque
1327 3982 1619 4052 subjunxit,
1649 3991 1703 4038 et
1721 3983 1850 4039 dicit
1881 4000 1896 4038 :

293 4072 375 4128 Ne
396 4072 542 4128 sinas
573 4083 628 4126 ut
653 4087 746 4126 cor
772 4088 949 4126 meum
977 4074 1140 4127 verba
1196 4072 1498 4142 hujusmodi
1547 4075 1795 4143 sucipiat,
1831 4089 1901 4131 ne

293 4165 575 4236 permittas
602 4164 802 4220 ut.illuc
829 4154 1134 4219 inclinetur.
1174 4165 1361 4220 Vidisti
1391 4167 1663 4236 quomodo
1711 4177 1898 4223 osten-

291 4257 374 4312 dit
403 4256 630 4311 liberum
662 4258 821 4310 animi
849 4257 1150 4325 arbitrium,
1174 4267 1227 4312 et
1249 4267 1492 4313 naturam
1511 4260 1562 4313 in
1584 4275 1643 4315 se
1672 4275 1778 4316 non
1807 4260 1901 4316 ha-

294 4348 424 4403 bere
447 4349 655 4412 vitium,
687 4349 780 4404 sed
808 4365 838 4404 a
869 4350 1114 4405 socordia
1139 4351 1442 4406 inclinatam
1500 4352 1551 4406 id
1585 4355 1900 4423 suscipere?

291 4439 375 4494 Ad
403 4445 718 4495 excusandas
757 4445 1101 4498 excusationes
1143 4445 1195 4498 in
1231 4446 1470 4513 peccatis.
1501 4445 1626 4500 Hzec
1679 4456 1761 4502 est
1811 4449 1894 4503 via

293 4535 562 4604 pmcipua
613 4535 878 4601 interitus,
927 4537 1139 4607 quando
1191 4537 1275 4592 vel
1330 4539 1442 4610 ipsa
1487 4555 1608 4609 qua:
1658 4541 1899 4610 peccavit

289 4626 492 4691 anima,
513 4641 742 4682 excusso
764 4629 975 4694 timore,
998 4628 1266 4699 excogitat
1290 4632 1663 4686 excusationes
1683 4643 1734 4688 ct
1758 4648 1898 4703 prato

291 4725 469 4771 textus
495 4719 751 4786 quosdam
783 4718 848 4772 ad
893 4721 1154 4790 ignaviam
1215 4738 1230 4775 :
1279 4723 1360 4776 vel
1411 4723 1892 4793 quemadmodum,

217 4872 229 4882 ο
289 4825 410 4864 cum
441 4812 705 4880 quiSpiam
750 4812 1071 4867 adulteravit
1097 4824 1151 4867 et
1177 4815 1363 4868 volens
1393 4817 1530 4869 alius
1577 4816 1694 4886 ejus
1741 4833 1892 4872 com-

288 4905 632 4973 punctionem
664 4915 936 4971 excutere,
983 4906 1110 4960 dicit
1141 4925 1154 4959 :
1189 4906 1453 4978 Numquid
1494 4918 1548 4962 tu
1594 4925 1752 4964 causa
1780 4925 1839 4965 es
1866 4911 1890 4964 ?

286 5011 444 5050 causa
481 5003 564 5050 est
591 4998 872 5065 cupiditas.
903 5000 1096 5054 Malunt
1121 5009 1201 5054 est
1225 5003 1440 5070 quidem
1492 5016 1716 5071 peccare
1745 5024 1757 5058 :
1790 5003 1892 5059 hoc

284 5098 465 5142 autem
509 5085 633 5142 facit
670 5091 903 5158 gravius,
955 5107 1150 5160 negare
1205 5101 1484 5162 postquam
1542 5097 1875 5161 peccaveris.

288 5177 416 5233 lla'c
446 5187 574 5232 sunt
596 5196 746 5234 arma
776 5181 972 5234 diaboli
1005 5185 1300 5252 potissima.
1333 5185 1443 5238 Iloc
1470 5184 1632 5239 etiam
1676 5188 1728 5240 in
1779 5187 1886 5257 pri-

286 5269 388 5323 mis
421 5271 619 5324 uestris
666 5271 974 5339 parentibus
1000 5274 1197 5327 evenit.
1227 5274 1359 5328 Cum
1415 5277 1556 5330 enim
1614 5287 1891 5348 oporteret

287 5359 456 5416 Adam
488 5373 700 5429 peccata
722 5363 986 5428 confiteri,
1018 5365 1106 5419 ille
1137 5365 1188 5418 itt
1219 5365 1384 5420 Evam
1414 5367 1623 5421 confert
1651 5368 1886 5438 culpam,

285 5460 339 5505 et
368 5450 458 5505 illa
491 5467 672 5506 rursus
701 5454 751 5508 in
778 5453 1048 5509 diabolum
1082 5454 1254 5528 (Gen.
1286 5460 1320 5514 5
1345 5455 1388 5530 ).
1433 5459 1565 5512 Cum
1614 5469 1892 5530 oporteret

284 5543 483 5608 dicere,
516 5543 882 5612 Peccavimus,
913 5548 1246 5617 iniquitatem
1274 5549 1498 5605 fecimus
1524 5568 1538 5606 :
1568 5551 1642 5605 illi
1666 5569 1770 5606 non
1798 5569 1885 5607 so-

283 5636 391 5690 lum
449 5653 557 5699 non
586 5639 924 5706 confitentur,
959 5641 1055 5696 sed
1086 5642 1246 5696 etiam
1275 5641 1643 5698 defensionem
1675 5656 1884 5714 parant.

283 5727 415 5785 Cum
449 5727 595 5785 enim
638 5731 801 5786 sciret
819 5731 1064 5788 diabolus
1093 5734 1294 5804 peccati
1321 5733 1718 5792 confessionem
1763 5753 1886 5794 esse

341 5867 416 5929 (η)
451 5875 560 5920 ηερ
588 5867 927 5933 interpretatio
953 5873 1031 5919 est
1048 5870 1189 5934 juxta
1213 5871 1562 5936 Symmachum.

1430 390 1796 450 EXPOSITIO
1833 388 1902 446 IN
1939 387 2266 447 PSALHUM
2307 392 2461 450 CXL.
3542 403 3637 457 εδδ

2033 510 2238 578 peccati
2288 511 2608 567 solutionem
2631 553 2646 578 ,
2671 511 2956 582 persuadet
2980 514 3178 570 anitnze
3201 557 3215 582 ,
3244 524 3301 572 ut
3328 517 3399 572 sit
3424 521 3640 591 egregie

2029 603 2332 672 impudens.
2373 603 2441 658 At
2474 613 2551 673 tu,
2578 619 2612 660 ο
2639 605 2854 673 dilecte,
2897 607 3112 678 quando
3147 611 3475 678 peccaveris,
3504 611 3594 666 dic
3622 629 3636 664 :

2037 692 2293 759 Peccavi;
2329 695 2459 748 nihil
2489 705 2572 750 est
2621 694 2721 752 hac
2745 695 3063 754 defensime
3103 699 3318 769 jusuus.
3363 700 3434 754 lta
3470 702 3639 756 Deum

2028 784 2208 839 reddis
2238 785 2521 855 propitium
2557 805 2570 841 :
2603 789 2673 841 ita
2717 787 2880 842 etiam
2923 788 3075 857 facis,
3125 800 3182 845 ut
3220 791 3422 847 tardius
3467 793 3521 845 itt
3572 806 3637 846 ea

2025 895 2214 936 rursus
2240 880 2462 936 incidas.
2490 880 2598 937 Sed
2627 882 2842 952 quando
2873 898 3086 953 quaeres
3110 883 3362 939 obtentus
3405 886 3497 956 qui
3529 899 3634 940 non

2027 981 2172 1040 sunt,
2202 983 2258 1028 et
2298 973 2532 1027 animam
2573 974 2721 1029 voles
2765 984 2908 1028 metu
2958 975 3211 1042 liberare,
3269 975 3464 1032 reddes
3506 993 3628 1032 eam

2030 1063 2414 1134 promptiorem
2447 1074 2503 1118 ut
2544 1079 2731 1119 rursus
2760 1065 2963 1120 eisdem
2994 1065 3320 1138 implicetur,
3356 1067 3633 1138 Deumque

2018 1159 2195 1228 magis
2232 1156 2489 1213 irritabis.
2521 1157 2659 1212 Nulli
2696 1161 2839 1214 enim
2871 1161 3139 1230 peccatori
3169 1159 3322 1215 deest
3349 1161 3642 1230 impudens.

2024 1257 2336 1318 pra-textus.
2370 1249 2649 1305 Homicida
2678 1251 2888 1320 culpam
2920 1250 3130 1306 confert
3173 1251 3223 1305 iu
3258 1252 3390 1305 irant
3413 1291 3430 1318 ,
3456 1262 3510 1308 et
3551 1252 3636 1306 fur

2026 1339 2080 1394 in
2111 1349 2504 1410 paupertatem,
2538 1349 2595 1397 et
2622 1340 2832 1398 adulter
2855 1343 2907 1398 in
2937 1342 3306 1412 cupiditatem,
3335 1352 3390 1397 et
3415 1343 3554 1397 alius
3578 1343 3631 1396 in

2023 1432 2381 1502 principatum
2412 1432 2546 1488 :sed
2578 1432 2630 1487 hi
2651 1431 2867 1503 quidem
2888 1441 3013 1487 sunt
3039 1434 3201 1488 alieni
3242 1449 3273 1489 a
3302 1434 3511 1489 ratione
3537 1435 3640 1490 ob-

2022 1532 2223 1591 tentus,
2248 1539 2352 1579 non
2372 1523 2565 1578 rationi
2592 1535 2970 1600 consentaneae
2989 1525 3350 1582 defensiones.
3373 1525 3461 1579 llla
3487 1526 3631 1580 enim

2023 1632 2129 1672 non
2157 1616 2358 1672 faciunt
2387 1627 2624 1688 pemta,
2654 1617 2750 1673 sed
2777 1618 2874 1688 ipsi
2911 1632 3099 1673 eorum
3121 1619 3211 1689 qui
3239 1627 3466 1690 peccant
3517 1619 3632 1672 ani-

2023 1710 2116 1763 tni.
2146 1709 2220 1764 Ita
2239 1718 2417 1764 autem
2443 1724 2566 1765 esse
2591 1709 2870 1765 ostendam
2891 1725 2957 1766 ex
2990 1711 3055 1766 iis
3081 1727 3202 1782 qua:
3230 1721 3352 1766 sunt
3385 1713 3630 1782 proxima

2021 1812 2078 1857 et
2107 1801 2211 1857 illis
2233 1802 2580 1857 cohaerentia.
2607 1801 2834 1870 Quando
2855 1804 2998 1858 enim
3028 1805 3240 1860 videtur
3261 1803 3425 1861 homo
3465 1805 3628 1868 alius,

2021 1897 2110 1966 qui
2142 1905 2197 1952 et
2221 1896 2386 1950 vitam
2415 1896 2523 1965 agit
2553 1896 2605 1950 in
2636 1906 2976 1966 paupertate,
3009 1907 3327 1968 teneturque
3354 1897 3625 1968 cupidita-

2022 1997 2096 2054 te,
2131 1997 2186 2043 et
2216 1986 2522 2044 necessilati
2560 1999 2767 2044 naturae
2799 2000 2881 2045 est
2909 1990 3193 2055 obnoxius,
3223 2007 3399 2062 neque
3443 2000 3627 2045 tamen

2021 2081 2074 2134 in
2108 2079 2190 2134 bis
2217 2089 2420 2151 peceat,
2448 2095 2678 2151 quanam
2708 2081 2784 2137 illi
2814 2090 3069 2153 poterunt
3091 2083 3164 2138 uti
3185 2081 3630 2138 defensione'lEt

2019 2172 2141 2228 ideo
2164 2174 2384 2242 pulchre
2407 2176 2484 2228 sic
2499 2173 2635 2230 dixit
2662 2173 2878 2243 quidam
2925 2174 3139 2244 sapiens
3171 2195 3183 2230 :
3207 2174 3335 2242 Quis
3361 2173 3553 2228 dederit
3574 2175 3629 2226 in

2018 2277 2185 2320 mente
2227 2282 2338 2320 mea
2376 2267 2606 2338 ﬂagella,
2645 2276 2700 2320 ut
2745 2266 3048 2337 ignorantiis
3103 2267 3228 2322 meis
3261 2282 3364 2320 non
3414 2275 3628 2338 parcant

2022 2355 2225 2428 (Eccli.
2267 2351 2511 2429 25.2)?
2564 2357 2697 2412 Vide
2742 2356 2908 2412 David
2962 2357 3161 2412 nullam
3213 2357 3626 2411 excuSationcm

2019 2446 2331 2504 all'erentem
2359 2448 2576 2520 quando
2619 2450 2879 2520 peccavit,
2912 2447 3007 2504 sed
3057 2448 3323 2504 dicentem
3360 2465 3374 2502 :
3412 2445 3628 2500 Peccavi

2020 2540 2241 2596 Domino
2293 2541 2662 2614 (ΞιιΐερΛΞ.
2694 2542 2830 2612 15).
2884 2541 3044 2612 Atqui
3102 2542 3370 2612 potttESs'et
3417 2539 3623 2605 dicere,

2017 2635 2124 2691 Cur
2168 2635 2470 2690 nudabatur
2510 2637 2737 2690 mulier?
2783 2650 2881 2690 cur
2935 2635 3212 2689 lavabatur
3261 2641 3387 2689 ante
3439 2631 3627 2687 oculos

2016 2727 2208 2782 meos?
2239 2728 2346 2783 Sed
2374 2727 2576 2783 sciebat
2611 2727 2707 2782 has
2733 2743 2852 2784 esse
2880 2725 3097 2782 frivolas
3127 2725 3523 2790 excusationes,
3571 2732 3626 2779 et

2016 2835 2137 2891 qua:
2159 2821 2292 2874 nihil
2321 2821 2578 2876 baberent
2604 2821 2827 2875 rationis
2856 2829 2945 2886 ;et
2969 2819 3092 2876 ideo
3122 2819 3262 2874 venit
3288 2819 3356 2872 ad
3379 2824 3623 2887 apertam

2015 2910 2404 2978 defensionem,
2429 2926 2550 2966 cum
2596 2911 2817 2975 diceret,
2851 2909 3086 2966 Peccavi.
3117 2912 3184 2966 At
3213 2909 3344 2966 Saftl
3373 2926 3479 2963 non
3525 2910 3622 2974 ita,

2014 3004 2109 3060 sed
2136 3021 2258 3060 cum
2286 3005 2353 3060 de
2375 3005 2710 3082 ventriloqua
2736 3019 2828 3060 seu
2880 3004 3200 3076 Pythonissa
3248 3001 3624 3073 reprehende-

2015 3105 2186 3162 retur,
2213 3095 2424 3151 dicebat
2458 3113 2470 3149 :
2505 3095 2771 3159 Coarctor,
2797 3105 2842 3150 et
2863 3096 3162 3165 alienigena:
3183 3103 3415 3166 pugnant
3445 3102 3626 3146 contra

2015 3187 2133 3256 me(
2167 3188 2217 3241 1.
2247 3185 2376 3258 Reg.
2405 3185 2496 3240 23.
2529 3186 2654 3257 15).
2680 3184 2804 3240 ldeo
2831 3195 3007 3241 autem
3035 3201 3202 3256 grave
3240 3185 3391 3242 dedit
3417 3186 3624 3257 suppli-

2013 3279 2179 3334 cium.
2209 3277 2342 3333 Cum
2364 3279 2505 3333 enim
2536 3277 2811 3332 debuisset
2837 3277 3036 3342 dicere,
3061 3277 3306 3345 Peccavi,
3331 3286 3386 3333 et
3415 3294 3499 3336 me
3522 3281 3625 3335 ini-

2012 3387 2118 3444 que
2138 3371 2279 3442 gessi
2310 3387 2324 3422 :
2358 3371 2447 3426 ille
2467 3370 2684 3441 quidem
2709 3369 2810 3426 hoc
2839 3385 2946 3424 non
2973 3369 3124 3435 dixit,
3158 3370 3253 3425 sed
3282 3370 3461 3425 abibat
3482 3388 3509 3425 s
3534 3387 3618 3428 ra-

2019 3465 2165 3518 tione
2203 3462 2407 3517 alienas
2437 3477 2685 3536 qumrens
2733 3461 3127 3515 excusationes.
3161 3458 3286 3516 Cum
3330 3461 3622 3518 hominibus

2011 3556 2336 3624 operantibus
2351 3554 2686 3626 iniquitatem.
2717 3552 2840 3608 Hoc,
2876 3551 3150 3622 subjunxit
3179 3552 3472 3609 ostendens
3500 3570 3622 3610 esse

2010 3649 2227 3704 illorttm
2255 3647 2509 3714 maxime,
2537 3646 2730 3702 affet-rc
2752 3646 3146 3713 excusationes,
3172 3655 3224 3701 et
3254 3661 3313 3702 se
3341 3647 3622 3717 impuden-

2013 3749 2094 3795 ter
2119 3754 2310 3810 gerere
2335 3758 2348 3792 :
2378 3750 2433 3794 et
2463 3739 2585 3793 ideo
2615 3737 2782 3792 David
2806 3737 2908 3792 hoc
2934 3737 3151 3793 assidue
3196 3738 3366 3794 instar
3404 3739 3622 3794 virtutis

2011 3833 2280 3905 proponit,
2311 3832 2492 3903 fugere
2515 3833 2649 3887 tales
2665 3842 2856 3896 eteius,
2890 3840 3050 3901 atque
3070 3832 3204 3886 adeo
3230 3841 3396 3886 totum
3423 3832 3618 3888 libi-um

2008 3926 2077 3982 ab
2101 3942 2167 3982 eo
2198 3925 2383 3996 incipit
2407 3944 2420 3979 :
2447 3924 2632 3979 Beatus
2659 3925 2754 3990 vir,
2780 3925 2864 3994 qui
2889 3941 2991 3978 non
3026 3925 3156 3978 abiit
3181 3925 3235 3978 in
3275 3924 3488 3978 consilio
3517 3925 3618 3978 im-

2012 4018 2235 4088 piorum,
2254 4026 2299 4071 et
2327 4018 2378 4070 in
2401 4017 2480 4070 via
2510 4025 2833 4086 peccatorum
2862 4031 2963 4069 non
3003 4016 3158 4081 stetit,
3187 4024 3235 4068 et
3273 4015 3327 4068 in
3375 4014 3620 4069 cathedra

2007 4109 2405 4179 perniciosorum
2431 4125 2531 4160 non
2583 4107 2709 4161 sedit
2741 4105 2929 4179 (Psal.
2958 4108 3010 4162 1.
3045 4108 3070 4162 1
3099 4107 3139 4178 ).
3172 4107 3462 4178 Propterea
3515 4123 3618 4161 au-

2007 4209 2115 4255 tem
2138 4200 2312 4271 ipsum
2341 4214 2554 4268 semper
2581 4199 2822 4254 invenies
2845 4198 2895 4253 in
2929 4198 3164 4270 peccatis
3193 4199 3402 4270 culpam
3444 4213 3615 4270 agno-

2005 4307 2158 4348 SCBI‘P
2167 4335 2180 4347 .

2080 4382 2414 4438 Peccatorum
2445 4383 2695 4456 confessio
2744 4381 2907 4436 Deum
2936 4383 3156 4436 maxime
3198 4382 3406 4452 piacat;
3445 4383 3616 4437 convi—

2005 4477 2202 4531 viorum
2223 4485 2268 4530 et
2294 4475 2608 4529 theatrorum
2633 4474 2914 4544 pernicies;
2941 4474 3330 4545 reprehensores
3343 4475 3474 4546 justi
3514 4492 3618 4529 non

2004 4569 2293 4624 aversandi.
2326 4597 2398 4608 —
2425 4566 2649 4635 Quando
2690 4580 2820 4636 ergo
2850 4567 3150 4621 numeravit
3200 4566 3456 4635 populum
3478 4607 3492 4631 ,
3527 4567 3615 4619 di-

2004 4660 2159 4716 cebat
2179 4702 2194 4725 ,
2229 4659 2339 4731 Ego
2369 4659 2600 4729 peccavi,
2627 4667 2676 4712 et
2705 4673 2796 4729 ego
2827 4666 3001 4727 pastor
3045 4657 3179 4711 male
3207 4658 3305 4727 [cci
3333 4656 3485 4729 (Reg.
3518 4657 3613 4711 21.

2007 4752 2075 4807 l'i
2096 4751 2138 4820 ).
2163 4751 2280 4806 Non
2303 4751 2458 4817 dixit,
2491 4749 2628 4817 Quid
2660 4759 2770 4804 tum
2796 4791 2810 4815 ,
2844 4750 2886 4802 si
2912 4750 3228 4804 numeravi?
3253 4751 3346 4804 sed
3373 4752 3614 4820 svipsum

2001 4846 2358 4911 condemnat,
2392 4855 2447 4900 et
2495 4844 2615 4898 ideo
2661 4843 2871 4898 veniam
2917 4843 3242 4913 assequitur.
3291 4842 3430 4896 Nihil
3469 4843 3612 4896 enim

2005 4939 2172 4994 Deum
2201 4954 2352 5008 asque
2381 4937 2554 4991 reddit
2583 4937 2867 5006 propitium
2893 4978 2908 5002 ,
2939 4951 3004 4991 ac
3032 4947 3373 5007 peccatorum
3403 4936 3614 4991 confes-

2000 5033 2102 5087 sio.
2138 5032 2248 5088 lloc
2275 5041 2454 5086 autem
2487 5031 2574 5085 lict
2595 5071 2610 5095 ,
2655 5031 2699 5084 si
2751 5030 3019 5100 fugiantur
3047 5045 3232 5085 eorum
3279 5038 3450 5084 cretus
3474 5071 3489 5096 ,
3518 5032 3611 5100 qui

2001 5133 2201 5193 metum
2237 5131 2576 5192 peccatorum
2623 5121 2869 5187 solvunt,
2911 5132 2965 5176 et
2993 5122 3058 5176 ad
3085 5121 3386 5177 socordiam
3418 5122 3610 5190 impel-

2000 5217 2133 5271 lunt.
2171 5217 2236 5273 Β
2279 5216 2400 5270 idco
2443 5215 2639 5270 Paulus
2669 5224 2721 5270 et
2766 5214 3028 5269 Jercmias
3064 5215 3132 5269 de
3156 5229 3223 5269 eo
3252 5213 3416 5268 multa
3449 5215 3611 5269 verba

2005 5311 2237 5373 faciunt,
2271 5317 2325 5362 et
2350 5308 2539 5377 jubent
2570 5309 2781 5377 utrique
2812 5306 2994 5377 fugere
3019 5306 3282 5361 malorum
3313 5316 3369 5361 et
3393 5321 3607 5370 eorum,

2003 5402 2095 5474 qui
2117 5409 2239 5454 sunt
2266 5398 2402 5454 adeo
2426 5398 2600 5470 ignavi
2623 5441 2636 5463 ,
2664 5397 3130 5453 consuetudinem.
3160 5397 3330 5452 Porro
3357 5396 3459 5453 Job
3485 5412 3613 5466 quo.

1998 5509 2104 5563 que
2148 5492 2251 5546 hoc
2279 5492 2446 5547 refert
2487 5493 2538 5545 in
2568 5507 2849 5545 numerum
2882 5490 3130 5558 virtutis,
3164 5491 3369 5554 dicens,
3411 5489 3472 5546 Si
3499 5505 3612 5541 am-

1998 5584 2167 5639 bulavi
2195 5600 2311 5637 cum
2347 5583 2634 5636 irrisoribus
2671 5581 2826 5654 (Job.
2860 5584 2951 5638 51.
2983 5584 3068 5651 5).
3101 5583 3200 5638 llic
3216 5591 3396 5638 autem
3426 5591 3617 5637 osten-

1997 5676 2101 5740 dit,
2132 5693 2190 5731 se
2222 5691 2342 5731 cum
2376 5676 2441 5731 iis
2468 5690 2536 5730 ne
2564 5674 2771 5731 sedisse
2796 5676 3012 5747 quidem
3034 5716 3053 5743 ,
3093 5675 3280 5731 dicens
3300 5716 3316 5740 ,
3347 5673 3470 5729 Non
3499 5672 3610 5728 sedi

1996 5767 2048 5820 in
2074 5765 2288 5820 consilio
2316 5766 2596 5820 ludentium
2624 5764 2643 5839 (
2667 5765 2812 5821 Psal.
2843 5767 2934 5822 25.
2967 5767 3064 5838 4).
3094 5765 3219 5822 Ideo
3251 5765 3443 5822 Paulus
3472 5779 3609 5834 quo-

1998 5877 2102 5932 que
2130 5878 2234 5916 non
2265 5861 2390 5917 sinit
2414 5861 2552 5917 vesci
2578 5877 2702 5917 cum
2726 5862 3012 5934 improbis,
3045 5863 3153 5919 imo
3176 5875 3274 5915 nec
3297 5859 3458 5916 ullam
3481 5874 3606 5915 cum
