4056 6432
545 378 647 433 459

538 496 618 550 eis
657 493 848 548 habere
885 490 1314 549 consuetudinem
1340 531 1353 554 ,
1405 490 1622 545 dicens:
1670 489 1731 545 Si
1778 490 1886 558 quis
1936 498 2102 541 autem

541 599 639 637 non
683 582 845 637 obedit
886 582 1102 644 sermoni
1139 590 1306 634 nostra
1351 597 1439 650 per
1465 580 1759 651 epistolam,
1790 595 1905 633 eum
1955 588 2103 631 nota—

536 682 585 727 te
604 712 620 739 ,
644 682 692 726 et
729 688 827 725 non
872 670 1224 725 conoersemini
1266 686 1380 723 cum
1404 685 1484 724 eo.
1519 668 1583 722 Et
1607 685 1705 723 non
1733 666 2104 722 communicabo

535 778 649 815 cum
685 762 851 817 electis
891 776 1062 814 eorum
1104 759 1194 831 (Ξ.
1228 758 1404 814 Thess.
1452 758 1660 829 5.14).
1695 759 1877 824 Alius,
1929 756 2107 827 Neque

536 869 641 907 una
668 851 921 905 comedam
946 851 1113 905 dulcia
1142 866 1310 905 eorum
1340 849 1440 919 (a).
1474 849 1653 913 Alius,
1690 848 1807 902 Non
1833 863 2106 918 congrega-

534 945 624 998 bor
648 944 700 996 in
721 942 912 997 deliciis
940 958 1130 996 eorum.
1169 941 1265 995 [lic
1292 940 1420 994 dicit
1444 939 1571 995 illud
1608 939 1953 1009 apostolicum
1974 979 1989 1004 ,
2017 936 2102 992 fu-

532 1031 751 1099 giendas
770 1046 889 1086 esse
912 1031 1131 1086 delicias
1149 1030 1354 1084 illorum
1380 1038 1434 1084 et
1461 1030 1699 1084 convivia
1719 1068 1735 1094 ,
1758 1028 1846 1082 ubi
1875 1029 2105 1083 maxime

527 1121 725 1177 crescit
753 1126 1022 1192 peccatum
1046 1162 1065 1185 ,
1095 1120 1179 1174 ubi
1207 1120 1375 1188 major
1404 1126 1487 1174 est
1515 1119 1728 1173 libertas
1772 1127 1827 1172 et
1868 1117 2098 1173 licentia.

602 1212 654 1267 8.
680 1211 794 1267 Non
815 1220 896 1266 est
917 1218 1092 1266 autem
1115 1212 1216 1265 hoc
1242 1226 1461 1281 parvum
1485 1210 1695 1280 signum
1732 1210 1968 1274 virtutis,
1997 1223 2101 1263 non

533 1317 693 1372 parva
735 1302 815 1357 via
841 1302 1214 1369 correctionis,
1242 1299 1498 1369 ejusmodi
1528 1298 1709 1369 fugere
1748 1300 1982 1353 convivia
2003 1339 2018 1364 ,
2048 1309 2103 1354 et

536 1395 665 1447 tales
686 1402 894 1457 cattus,
929 1407 1097 1462 neque
1124 1392 1354 1447 revereri
1384 1391 1665 1446 amicitiam
1686 1432 1701 1455 ,
1733 1405 1904 1461 neque
1930 1391 2100 1445 ventri

532 1486 823 1540 servientes
850 1484 1015 1541 robur
1040 1494 1094 1539 et
1121 1483 1470 1537 constantiam
1496 1483 1655 1537 animi
1681 1482 1990 1537 dissolvere.
2022 1482 2096 1537 tta

535 1576 660 1630 dum
689 1575 839 1629 multi
862 1584 1230 1630 revererentur
1253 1574 1536 1628 amicitiam
1555 1614 1573 1641 ,
1598 1573 1652 1627 in
1693 1574 1965 1629 ebrietatis
1999 1572 2100 1627 ttu-

535 1680 654 1722 ctus
681 1667 909 1723 devoluti
950 1675 1102 1733 sunt,
1133 1667 1203 1721 ita
1246 1665 1382 1736 capti
1411 1675 1534 1721 sunt
1572 1680 1602 1719 a
1646 1665 2021 1732 fornicatione,
2048 1673 2103 1721 et

534 1758 707 1827 ignem
728 1757 1016 1826 voluptatis
1039 1756 1430 1821 accenderunt,
1454 1755 1579 1809 dum
1603 1755 1806 1824 sequuti
1829 1762 1952 1808 sunt
1973 1770 2100 1809 con-

532 1849 665 1903 vivia
686 1857 741 1903 et
771 1848 974 1902 theatra
1003 1846 1245 1901 habentia
1267 1848 1490 1902 multum
1518 1846 1821 1916 iniquitatis.
1851 1845 1962 1900 Hoc
1988 1846 2100 1915 ipse
2118 1892 2131 1905 ,

530 1952 737 2007 quoque
762 1936 991 1992 ostendit
1015 1951 1074 1990 se
1095 1935 1282 1991 fecisse
1299 1977 1314 2002 ,
1342 1945 1399 1990 ut
1424 1951 1492 1990 ne
1511 1935 1769 2004 ejusmodi
1794 1949 1990 1990 mensa:
2010 1950 2097 1991 es-

531 2037 612 2082 set
630 2028 635 2033 ”
656 2028 937 2097 particeps.
965 2026 1019 2082 5.
1048 2024 1293 2096 Corripiet
1331 2042 1410 2080 me
1442 2027 1614 2097 justus
1638 2025 1691 2078 in
1718 2025 2059 2079 misericordia
2080 2065 2097 2091 ,

530 2128 574 2171 et
597 2118 867 2188 increpabit
896 2132 1005 2172 me:
1026 2117 1188 2171 oleum
1212 2129 1375 2171 autem
1402 2115 1673 2187 peccatoris
1698 2131 1797 2168 non
1826 2114 2098 2185 impinguet

529 2220 679 2278 caput
700 2225 880 2263 meum.
909 2209 1057 2263 Alius
1077 2249 1093 2275 ,
1116 2207 1415 2261 Miser-eatur
1434 2207 1527 2259 mei
1542 2206 1714 2275 justus
1735 2205 2096 2272 misericordia,

528 2309 573 2351 et
602 2300 819 2368 increpet
851 2298 889 2351 ί.
919 2297 1031 2352 Hoc
1054 2312 1262 2367 quoque
1286 2311 1403 2350 cum
1440 2295 1611 2364 priore
1638 2310 1743 2348 non
1772 2303 1851 2348 est
1879 2309 2097 2363 parvum

527 2402 693 2458 genus
718 2387 957 2453 virtutis,
984 2402 1087 2442 non
1116 2385 1296 2457 fugere
1324 2384 1762 2454 reprehensiones
1785 2392 1839 2439 et
1864 2385 2102 2453 increpa-

529 2479 701 2534 tioues
726 2495 843 2549 qua:
872 2480 1001 2533 liunt
1021 2493 1051 2532 a
1074 2478 1247 2547 justis.
1278 2475 1428 2544 Quod
1456 2485 1631 2530 autem
1662 2476 1819 2542 dicit,
1847 2486 1929 2530 est
1956 2477 2097 2544 ejus-

528 2568 669 2622 modi
696 2586 711 2622 :
745 2568 940 2622 Eorum
968 2567 1178 2638 quidem
1199 2607 1213 2630 ,
1246 2568 1333 2637 qui
1376 2565 1441 2620 ad
1467 2566 1688 2635 gratiam
1720 2565 2005 2634 loquuntur
2043 2566 2096 2620 in

527 2657 774 2713 damnum
797 2697 814 2725 ,
841 2666 1011 2714 coetus
1040 2672 1321 2727 numquam
1348 2656 1533 2712 fuerim
1555 2657 1818 2726 particeps
1843 2674 1857 2710 :
1887 2671 1981 2712 eos
2005 2672 2097 2711 au-

527 2758 631 2803 tem
674 2749 925 2819 elegerim
964 2748 1050 2817 qui
1094 2756 1217 2802 sunt
1245 2746 1620 2813 vehementes,
1666 2746 1754 2817 qui
1795 2748 2093 2816 corrigunt,

526 2838 614 2909 qui
644 2847 909 2909 peccatum
956 2838 1231 2907 aperiunt,
1280 2837 1369 2907 qui
1398 2837 1811 2907 reprehendunt.
1860 2836 1971 2890 [loc
2016 2845 2099 2892 est

525 2932 666 2985 enim
714 2930 943 2984 maxime
991 2929 1367 2985 misericordia:
1414 2936 1468 2983 et
1512 2929 1844 2993 clementiae,
1893 2928 2095 2983 mederi

526 3020 849 3075 vulneribus.
882 3017 1060 3073 Oleum
1083 3027 1249 3072 autem
1278 3020 1549 3088 peccatoris
1574 3035 1673 3072 non
1710 3018 1985 3089 impinguet
2007 3036 2097 3072 ca-

524 3121 614 3180 put
653 3126 837 3164 meum.
869 3109 1051 3163 Vidisti
1095 3110 1323 3163 animam
1365 3109 1560 3181 virtute
1602 3108 1946 3174 instructam,
1975 3124 2095 3178 qua:

524 3202 625 3255 tert
671 3200 916 3254 lubenter
961 3199 1219 3267 jostorum
1272 3193 1746 3268 reprehensiones,
1792 3197 1860 3252 ab
1904 3198 2097 3268 iniquis

524 3298 733 3357 autem,
759 3291 841 3344 vel
871 3290 935 3343 ad
963 3290 1179 3359 gratiam
1209 3287 1373 3343 factas
1397 3288 1603 3357 rejicit?
1628 3287 1837 3354 Quare?
1869 3287 1999 3354 Quia
2023 3289 2096 3342 illi

526 3381 611 3436 vel
663 3382 973 3435 miserentes
1020 3393 1160 3448 saepe
1206 3377 1421 3432 exitium
1467 3376 1789 3431 attulerunt:
1821 3375 1873 3429 hi
1920 3385 2095 3431 autem

527 3472 719 3525 acriter
744 3472 1059 3526 insectantes
1080 3479 1131 3525 et
1154 3470 1481 3538 increpantes
1506 3477 1879 3534 correxerunt;
1899 3477 1951 3522 et
1977 3483 2094 3522 cum

528 3562 714 3615 horum
778 3560 1188 3630 reprehensione
1242 3559 1521 3626 conjuncta
1570 3568 1649 3611 est
1702 3557 2093 3622 misericordia,

525 3660 641 3698 cum
686 3644 890 3697 illorum
922 3641 1279 3697 misericordia
1322 3656 1486 3695 mors.
1518 3641 1580 3694 Et
1610 3641 1727 3695 ideo
1768 3640 1901 3695 dixit
1947 3641 2095 3710 quis-

526 3738 702 3805 piam:
744 3735 1001 3789 Fidcliora
1030 3735 1303 3787 amicorum
1341 3734 1582 3796 uulnera,
1623 3748 1772 3800 quam
1814 3733 2097 3785 voluntaria

526 3828 697 3881 oscula
744 3827 1059 3880 inimicorum
1105 3824 1292 3895 (Prov.
1335 3823 1425 3877 27.
1458 3822 1543 3891 6).
1589 3821 1873 3877 Considera
1921 3834 2095 3877 autem

527 3917 793 3985 quomodo
823 3917 906 3969 hic
930 3915 1188 3985 signiﬁcat
1216 3912 1343 3969 illud
1369 3912 1715 3982 apostolicum
1741 3929 1753 3964 :
1787 3911 2059 3982 Redargue
2078 3954 2095 3980 ,

528 4008 768 4076 increpa,
817 4007 1077 4059 exhortare
1114 4004 1201 4073 (2.
1236 4003 1363 4057 Tim.
1406 4003 1460 4057 4.
1504 4002 1597 4071 2).
1639 4002 1781 4057 Talis
1830 4013 1913 4056 est
1955 4002 2096 4057 enim

528 4106 826 4151 sanctorum
848 4093 1208 4164 reprehensio.
1238 4093 1310 4147 Ita
1330 4093 1488 4148 etiam
1515 4090 1709 4145 faciunt
1730 4091 1918 4146 medici
1946 4108 1958 4144 :
1992 4108 2097 4145 non

531 4188 700 4241 solum
740 4196 952 4249 secant,
985 4184 1078 4239 sed
1107 4185 1264 4238 etiam
1293 4183 1528 4253 alligant.
1570 4180 1826 4248 Quocirca
1854 4181 2099 4237 Christus

530 4293 739 4349 quoque
758 4278 989 4331 efﬁciens
1010 4287 1062 4330 ut
1082 4284 1225 4345 grata
1248 4285 1389 4330 esset
1407 4284 1460 4329 et
1479 4281 1690 4342 accepta
1717 4274 2063 4343 reprehensio
2080 4314 2096 4339 ,

532 4386 636 4423 non
658 4369 783 4423 sinit
811 4367 1272 4437 reprehensionem
1294 4366 1361 4420 ab
1386 4366 1534 4419 initio
1562 4364 1811 4433 publicari
1835 4406 1849 4428 ,
1880 4366 2094 4419 dicens:

544 4459 712 4525 Vade,
758 4470 802 4513 et
842 4456 1145 4526 retire/tende
1186 4457 1355 4525 ipsum
1398 4457 1527 4508 inter
1572 4463 1617 4507 te
1644 4463 1689 4508 et
1730 4455 1896 4522 ipsum
1938 4454 2100 4509 solum

536 4551 754 4620 (Matth.
788 4551 873 4606 18.
904 4541 1023 4618 13).
1051 4547 1124 4601 lla
1152 4547 1310 4602 etiam
1341 4545 1566 4600 faciebat
1597 4544 1787 4599 Paulus
1813 4546 2099 4599 ostendens

532 4644 990 4711 reprehensionem
1021 4654 1138 4693 cum
1179 4636 1538 4692 misericordia
1561 4677 1576 4702 ,
1607 4651 1745 4689 nunc
1769 4636 1981 4705 quidem
2023 4637 2102 4689 di-

532 4748 660 4789 cens
686 4751 696 4785 :
727 4732 770 4785 0
793 4730 1026 4785 insensati
1053 4728 1247 4783 Galate:
1276 4726 1482 4798 (Galat.
1508 4727 1561 4781 5.
1589 4728 1610 4781 1
1633 4727 1688 4795 );
1720 4740 1859 4780 nunc
1883 4736 2057 4780 autem
2086 4745 2099 4779 :
2122 4758 2127 4761 λ

534 4822 709 4876 Filioli
737 4824 848 4887 mei,
875 4839 997 4891 quos
1021 4822 1200 4875 iterum
1226 4820 1449 4889 parturio
1489 4818 1507 4888 (
1522 4817 1687 4872 Galat.
1712 4819 1767 4871 4.
1791 4818 1856 4873 19
1875 4819 1913 4888 ).
1936 4819 2103 4889 Opor-

537 4923 611 4968 tet
639 4914 775 4968 enim
803 4928 919 4967 eum
941 4954 955 4978 ,
978 4912 1064 4981 qui
1094 4909 1466 4979 reprehendit,
1496 4908 1660 4962 multa
1687 4910 1986 4978 excogitare
2004 4951 2018 4974 ,
2048 4919 2104 4961 ut

536 5011 747 5070 accepta
776 5002 840 5055 sit
879 5012 937 5054 et
957 5010 1097 5070 grata
1138 5000 1254 5068 ejus
1303 4998 1645 5065 reprehensio
1670 5014 1684 5050 :
1715 5005 1769 5051 et
1797 5013 1985 5066 magna
2015 5012 2101 5051 sa-

537 5096 731 5162 pientia
776 5106 909 5159 epus
939 5101 1021 5145 est
1057 5092 1137 5154 ei,
1168 5091 1256 5160 qui
1285 5088 1582 5143 adhibuerit
1610 5089 1711 5143 tale
1740 5089 2102 5144 medicamen-

538 5193 644 5237 tum
670 5198 683 5234 :
711 5195 773 5235 ac
801 5180 999 5249 majore
1026 5178 1235 5248 quidem
1273 5176 1527 5246 sapientia
1552 5190 1685 5245 opus
1713 5186 1794 5231 est
1820 5178 1867 5230 ei
1896 5177 1985 5249 qui
2016 5192 2101 5232 re-

602 5375 618 5405 ε
656 5380 765 5421 Haec
788 5370 934 5421 lectio
967 5378 1042 5421 est
1068 5370 1206 5431 juxta
1230 5367 1679 5431 interpretationem
1719 5366 1906 5429 Aquila:
1925 5404 1939 5425 ,
1970 5371 2107 5431 cujus

535 5439 725 5483 textum
756 5440 965 5482 Grecam
1003 5430 1081 5481 hic
1111 5433 1326 5480 vitiatum
1347 5430 1496 5478 fuisse
1522 5431 1842 5491 suspicamur;
1869 5430 2106 5491 siquidem

541 5508 627 5551 ιιι-ο
652 5506 790 5553 voce,
815 5505 1011 5555 algam,
1037 5505 1146 5555 qua;
1184 5504 1311 5539 nunc
1339 5498 1513 5555 Δ(ῖιυῑεεε
1549 5488 1745 5555 legitur,
1772 5498 1823 5538 et
1845 5488 2108 5552 respondet

540 5558 645 5604 voci
669 5551 859 5613 latium,
879 5551 1109 5617 increpet,
1136 5552 1318 5617 legitur
1337 5552 1384 5599 in
1405 5552 1545 5617 ltegia
1558 5551 1762 5617 quadam
1784 5551 1978 5617 Catena,
2004 5578 2109 5602 ωτι-

541 5626 714 5674 Ἇιήκ,
738 5611 870 5678 quasti
893 5611 1039 5671 dicas",
1062 5611 1233 5662 malleo
1254 5612 1533 5678 metumtot,
1558 5611 1656 5672 vel,
1680 5613 1905 5662 extendat
1949 5626 1964 5660 :
1999 5626 2108 5675 qute

540 5708 657 5746 vera
684 5673 1059 5758 est-signiﬁcatio
1082 5695 1213 5743 vocis
1245 5673 1446 5749 #11953”.

603 5787 677 5849 (ιι)
711 5794 817 5836 “ac
839 5786 1173 5847 interpretatio
1199 5791 1271 5832 est
1300 5784 1433 5846 juxta
1458 5784 1801 5847 Symmachum.

1245 374 1300 431 S.
1341 373 1613 431 JO.\NNIS
1651 370 2117 429 CHRYSOSTOMI
2161 372 2473 429 AitCIIIEP.
2513 373 3048 432 CONSTANTINOP.

3697 377 3805 433 ιω

2214 486 2527 555 prehendit.
2575 504 2732 561 quam
2763 492 2813 546 ei
2858 492 2947 561 qui
2986 503 3179 560 corpus
3222 490 3434 545 scindit.
3479 492 3803 560 Quomodo?

2210 580 2470 646 Quoniam
2498 581 2604 636 illic
2632 582 2843 651 quidem
2866 583 3004 636 aliud
3035 582 3279 652 estquod
3308 582 3543 648 scindit,
3571 591 3628 637 ct
3655 582 3803 637 aliud
3838 610 3847 617 ί

2209 669 2349 737 quod
2370 670 2606 725 dolorem
2628 672 2879 741 suscipit;
2903 672 2988 725 hic
3010 682 3185 727 autem
3203 672 3387 726 eadem
3410 682 3491 725 est
3514 688 3637 741 qua!
3660 674 3803 727 sein-

2209 759 2352 813 ditur
2370 801 2385 826 ,
2412 770 2469 815 et
2490 776 2609 831 qua:
2634 761 2822 817 dolore
2841 761 3087 817 afficitur.
3120 762 3298 816 Oleum
3326 772 3492 821 autem
3518 763 3803 832 peccatoris

2209 864 2310 904 non
2352 852 2628 922 impinguet
2670 861 2822 921 caput
2850 868 3036 905 meum.
3067 851 3202 920 Quid
3247 851 3349 907 hoc
3377 852 3496 907 est?
3545 852 3641 907 Ille
3664 892 3687 917 ,
3714 853 3781 905 in~

2208 940 2358 1007 quit,
2391 955 2496 995 non
2534 942 2723 1012 quzerit
2759 942 3038 997 utilitatem
3081 942 3374 1007 auditoris,
3405 941 3497 996 sed
3527 957 3715 1007 suam,
3743 951 3803 997 ttt

2208 1026 2452 1083 videatur
2471 1030 2650 1083 suavis
2669 1070 2684 1095 ,
2703 1028 2997 1097 jucundus,
3021 1037 3075 1084 et
3094 1030 3298 1083 amicus
3324 1048 3335 1084 :
3361 1030 3446 1084 hic
3470 1039 3647 1083 autem
3672 1041 3803 1085 ante

2208 1131 2357 1172 suam
2382 1119 2601 1188 gratiam
2626 1118 2929 1175 considerat
2954 1119 3095 1174 illius
3120 1119 3421 1175 utilitatem.
3452 1120 3602 1177 Unde
3632 1123 3796 1175 etiam

2210 1207 2309 1263 hac
2337 1209 2541 1264 ratione
2569 1209 2709 1264 inter
2737 1224 2797 1264 se
2836 1209 3065 1264 maxime
3102 1208 3374 1264 diﬂ‘erunt.
3402 1211 3459 1265 Si
3486 1220 3665 1265 autem
3710 1212 3798 1266 vel

2206 1302 2526 1355 miserantes
2561 1299 2840 1355 aversandi
2873 1300 3137 1371 improbi;
3170 1300 3383 1369 quando
3423 1311 3549 1355 sunt
3596 1302 3797 1355 admit-

2206 1392 2349 1447 tendi
2367 1392 2391 1445 ἲ
2409 1392 2725 1462 Numquam.
2752 1391 3108 1458 Quamobrem
3138 1392 3344 1446 etiamsi
3372 1393 3609 1460 praebeat
3633 1409 3798 1459 pecn-

2206 1482 2349 1547 nias,
2389 1483 2597 1537 etiamsi
2626 1482 2843 1537 delicias
2869 1482 3137 1552 promittat
3164 1489 3218 1535 et
3258 1481 3490 1542 honores
3509 1523 3524 1549 ,
3552 1498 3677 1537 eum
3711 1498 3798 1536 re-

2204 1574 2341 1643 pelle
2367 1582 2423 1629 et
2461 1573 2580 1644 fuge
2603 1591 2618 1640 ;
2641 1572 2840 1644 justum
2880 1582 3056 1628 autem
3086 1573 3294 1628 etiamsi
3328 1583 3379 1629 te
3407 1574 3584 1629 verbis
3615 1574 3797 1629 ludifi-

2202 1674 2354 1721 cetur
2372 1708 2387 1733 ,
2409 1666 2616 1721 etiamsi
2646 1676 2700 1722 te
2719 1667 2958 1736 increpet
2984 1677 3036 1721 et
3062 1667 3382 1733 insectetur,
3407 1683 3631 1738 sequere
3656 1687 3669 1722 :
3702 1670 3796 1724 ille

2203 1757 2345 1810 enim
2390 1764 2473 1811 est
2532 1756 2621 1826 qui
2676 1764 2729 1811 te
2785 1755 2972 1826 diligit.
3028 1756 3281 1823 Quoniam
3330 1758 3497 1810 adhuc
3543 1768 3589 1811 et
3631 1761 3799 1812 oratio

2202 1862 2313 1899 mea
2366 1847 2419 1900 in
2472 1847 2790 1915 beneplacitis
2844 1862 3034 1900 eorum.
3085 1846 3233 1900 Alius
3269 1888 3283 1910 ,
3335 1846 3516 1899 Adhuc
3557 1848 3692 1901 enim
3748 1858 3798 1901 et

2203 1941 2364 1993 oratio
2400 1956 2512 1992 mea
2556 1940 2689 1992 intra
2730 1938 2849 1992 vitia
2887 1938 3112 2007 ipsorum
3160 1936 3223 2009 (a
3246 1950 3285 2005 ).
3317 1937 3466 1992 Alius
3489 1979 3505 2004 ,
3541 1937 3793 2002 Quoniam

2201 2030 2365 2082 adhuc
2399 2040 2444 2083 et
2475 2030 2635 2083 oratio
2663 2044 2773 2082 mea
2800 2029 2854 2082 in
2882 2028 3280 2099 improbitatibus
3305 2028 3551 2097 ipsorum.

2275 2120 2507 2175 Orationi
2535 2122 2628 2175 soli
2656 2138 2757 2174 non
2780 2119 3157 2189 conﬁdendum,
3186 2119 3273 2172 sed
3298 2129 3345 2173 et
3373 2120 3789 2190 operandum.——

2208 2212 2332 2267 Haec
2359 2212 2571 2282 quidem
2598 2213 2766 2282 petiit.
2786 2212 2871 2266 illa
2903 2225 3034 2265 vero
3056 2211 3261 2280 praebet
3284 2226 3313 2264 a
3335 2213 3513 2280 seipse
3542 2229 3556 2265 :
3586 2222 3641 2266 et
3665 2212 3791 2268 hinc

2202 2304 2435 2359 ostendit
2476 2320 2578 2359 non
2609 2312 2855 2373 oportere
2884 2318 2979 2359 eos
3007 2303 3178 2359 solum
3209 2302 3478 2358 conﬁdere
3520 2304 3747 2359 orationi
3773 2347 3788 2370 ,

2202 2394 2398 2449 inertes
2432 2409 2623 2463 nempe
2648 2403 2702 2449 et
2729 2393 3075 2460 dormientes,
3105 2392 3199 2448 sed
3226 2400 3476 2462 oportere
3501 2394 3660 2448 eliam
3692 2408 3789 2448 sua

2200 2483 2461 2539 conferre.
2489 2484 2625 2551 Quid
2673 2484 2761 2538 hic
2787 2492 2963 2538 autem
2991 2499 3058 2539 ex
3096 2498 3156 2539 se
3203 2484 3446 2553 praebet?
3475 2483 3591 2538 Non
3620 2500 3751 2540 OVL‘S
3769 2527 3789 2553 ,

2198 2574 2362 2629 boves
2384 2614 2400 2638 ,
2431 2582 2485 2629 et
2529 2576 2779 2644 pecunias
2798 2616 2814 2641 ,
2842 2574 2934 2629 sed
2982 2588 3192 2629 morum
3241 2573 3666 2629 moderationem
3692 2618 3708 2641 ,
3737 2587 3792 2631 et

2198 2664 2337 2734 quod
2373 2664 2671 2719 mirandum
2701 2665 2752 2718 in
2790 2664 3005 2719 modum
3041 2678 3225 2719 eorum
3270 2663 3436 2733 fugiat
3473 2665 3790 2734 improbita-

2203 2767 2332 2811 tem.
2361 2754 2475 2809 Non
2515 2756 2707 2820 solum,
2738 2755 2937 2825 inquit,
2965 2755 3177 2809 illorum
3215 2756 3563 2824 perniciosam
3594 2756 3789 2827 fugiam

2199 2848 2460 2919 gratiam,
2511 2862 2611 2909 nec
2660 2848 2851 2917 eligam
2897 2847 3093 2902 horum
3142 2846 3645 2916 reprehensionem,
3691 2849 3791 2904 sed

2197 2939 2357 2993 etiam
2385 2938 2536 2992 stabo
2556 2938 2809 3008 adversus
2830 2952 3012 2993 eorum
3040 2938 3610 3008 cupiditates:tantum
3636 2940 3793 2995 abest

2198 3038 2257 3085 ut
2283 3030 2473 3099 eligam
2500 3042 2685 3083 eorum
2719 3026 3159 3095 misericordiam,
3190 3036 3245 3080 ut
3271 3042 3455 3097 precer
3482 3042 3669 3083 contra
3694 3046 3791 3085 eo-

2198 3136 2317 3175 rum
2342 3120 2676 3190 cupiditates.
2706 3117 2817 3173 Hoc
2842 3118 2983 3173 enim
3008 3118 3109 3172 sibi
3133 3118 3246 3173 vult
3272 3118 3421 3185 illud,
3453 3117 3520 3171 ln
3549 3119 3788 3189 bettepla-

2198 3211 2307 3263 citis
2332 3196 2543 3264 eorum.
2573 3209 2626 3263 6.
2664 3208 2899 3276 Absorpti
2924 3217 3043 3261 sunt
3073 3208 3227 3278 juxta
3256 3218 3445 3279 petram
3474 3209 3675 3278 judices
3698 3226 3789 3264 eo-

2199 3317 2332 3355 rum.
2375 3300 2559 3365 Alius,
2599 3298 2886 3353 Avellentur
2922 3298 2976 3351 in
3016 3314 3171 3351 manu
3209 3307 3379 3368 ραι-ιε.
3408 3297 3652 3353 Ostendit
3700 3300 3791 3356 hic

2199 3406 2358 3460 quam
2384 3378 2453 3445 sit
2472 3400 2744 3459 peccatum
2766 3396 3068 3459 expugnato
3095 3388 3268 3451 facile,
3292 3400 3345 3444 et
3363 3405 3521 3460 quam
3546 3406 3790 3463 praeceps

2198 3482 2406 3536 vitium.
2438 3482 2538 3551 Ipsi
2564 3522 2579 3546 ,
2620 3474 2824 3551 inquit,
2859 3480 3160 3549 principes,
3192 3479 3284 3549 qui
3327 3482 3503 3535 omnia
3536 3482 3789 3538 devasta-

2200 3574 2325 3629 bant
2352 3613 2366 3638 ,
2395 3574 2688 3644 perierunt.
2734 3572 2849 3626 Non
2878 3571 3013 3625 dixit
3057 3580 3235 3626 autem
3260 3612 3275 3637 ,
3302 3572 3623 3639 Perierunt,
3655 3576 3749 3629 sed
3768 3617 3789 3642 ,

2199 3665 2437 3735 Absorpti
2464 3675 2602 3730 sunt,
2647 3663 2951 3733 significans
2977 3677 3072 3718 eos
3100 3662 3170 3717 ita
3204 3663 3444 3732 periisse,
3481 3672 3539 3717 ut
3582 3666 3787 3720 nullum

2199 3756 2269 3810 sit
2310 3756 2569 3824 reliquum
2598 3768 2784 3809 eorum
2828 3752 3145 3821 vestigium,
3169 3751 3310 3822 quod
3343 3752 3504 3806 etiam
3544 3752 3674 3808 dicit
3717 3754 3793 3810 de

2201 3846 2364 3917 impio
2389 3864 2402 3899 :
2426 3843 2658 3899 Transivi
2679 3886 2694 3910 ,
2721 3853 2767 3897 et
2806 3859 2918 3897 ecce
2952 3859 3053 3896 non
3081 3850 3184 3895 erat
3216 3858 3234 3895 :
3260 3841 3467 3912 quaesivi
3508 3844 3674 3912 ipsum
3693 3884 3707 3909 ,
3739 3855 3793 3898 et

2201 3955 2300 3993 non
2341 3948 2413 3992 est
2452 3937 2680 3990 inuentus
2725 3940 2865 3989 locus
2908 3936 3017 4005 ejus
3058 3934 3339 4004 (Psal.36.
3366 3934 3479 4006 36).
3519 3937 3657 4003 Quid
3704 3947 3792 3994 est

2199 4027 2402 4081 Juxta?
2448 4026 2643 4095 Prope.
2687 4025 2839 4092 Quod
2893 4034 3068 4078 autem
3116 4024 3283 4090 dicit,
3330 4034 3413 4079 est
3472 4026 3785 4094 ejusmodi:

2201 4118 2657 4187 Quemadmodum
2698 4125 2845 4185 petra
2874 4116 3084 4184 aliqua,
3113 4130 3229 4184 qute
3274 4116 3326 4169 itt
3365 4131 3513 4170 mare
3550 4118 3787 4186 projecu

2201 4213 2294 4278 sit,
2323 4224 2429 4264 non
2458 4216 2714 4278 apparet:
2739 4208 2809 4261 ita
2839 4208 2999 4262 etiam
3029 4205 3285 4261 demersas
3312 4206 3525 4261 illorum
3563 4206 3787 4263 felicita-

2203 4312 2283 4357 tes
2311 4301 2563 4368 deinceps
2592 4313 2697 4353 non
2723 4297 2951 4367 amplius
2979 4306 3258 4367 apparent,
3284 4312 3403 4353 cum
3435 4299 3671 4356 funditus
3701 4302 3787 4356 in-

2206 4391 2462 4446 tericrint.
2493 4388 2590 4445 Vel
2628 4390 2729 4444 hoc
2766 4403 2892 4459 ergo
2927 4387 3097 4454 dicit,
3123 4387 3355 4443 deletum
3382 4404 3503 4445 esse
3549 4389 3789 4447 funditus

2204 4498 2389 4540 eorum
2414 4497 2605 4538 nomen
2626 4490 2679 4537 et
2701 4481 2942 4551 gloriam,
2960 4481 3046 4535 vel
3067 4480 3119 4535 id
3148 4479 3409 4549 significat
3428 4496 3548 4537 esse
3574 4493 3787 4553 potens,

2205 4579 2479 4633 robustum
2504 4586 2557 4632 et
2583 4576 2835 4632 validum.
2860 4574 2992 4630 Illud
3018 4574 3160 4629 enim
3190 4574 3470 4644 signiﬁcat,
3499 4575 3791 4630 Avellentur

2206 4671 2258 4721 in
2288 4686 2439 4723 manu
2466 4680 2637 4737 petra.
2676 4668 2895 4721 Audient
2920 4665 3067 4720 verba
3091 4680 3221 4727 mea,
3252 4667 3488 4735 quoniam
3511 4668 3689 4721 suavia
3709 4672 3791 4739 {a-

2207 4772 2287 4812 cta
2331 4769 2467 4813 sunt.
2502 4760 2670 4823 Alius,
2698 4757 2949 4824 Quoniam
2979 4756 3171 4809 munita
3195 4765 3313 4809 sunt
3338 4758 3594 4812 satellitio.
3613 4758 3787 4826 Alius,

2212 4850 2458 4915 Quoniam
2483 4850 2707 4917 speciosa
2736 4850 2870 4916 facta
2912 4854 3028 4899 sunt
3067 4844 3165 4915 (ὁ).
3206 4844 3317 4899 Hoc
3342 4852 3458 4910 est,
3482 4845 3666 4901 Scient
3694 4862 3791 4918 per

2210 4956 2382 4994 rerum
2410 4939 2787 5009 experientiam
2828 4936 3214 4991 exhortationis
3251 4944 3305 4990 et
3336 4937 3544 4991 consilii
3573 4939 3679 4994 mei
3704 4940 3791 5008 ju-

2209 5031 2549 5089 cunditatent.
2576 5030 2643 5084 Et
2662 5028 2957 5100 quomodo?
2980 5028 3622 5098 Reprehensiojustorum
3649 5028 3792 5086 hunc

2208 5122 2453 5194 producit
2482 5122 2732 5188 fructum,
2763 5128 2819 5175 et
2840 5134 3025 5175 eorum
3049 5120 3326 5188 disciplina
3356 5135 3601 5190 magnam
3638 5120 3793 5178 affert

2211 5218 2554 5283 voluptatem.

2281 5307 2333 5361 9.
2358 5305 2501 5360 Talis
2527 5312 2609 5359 est
2630 5303 2771 5358 enim
2796 5302 2961 5357 virtus
2988 5320 3001 5356 :
3031 5302 3190 5356 habet
3216 5300 3429 5371 quidem
3457 5300 3635 5357 brevis
3658 5312 3794 5356 tem-

2212 5400 2357 5469 poris
2401 5397 2635 5451 laborem
2660 5436 2673 5460 ,
2700 5402 3007 5463 perpetuam
3051 5402 3229 5447 autem
3269 5392 3525 5446 lanitiam.
3569 5393 3621 5447 7.
3648 5392 3797 5447 Sicut

2214 5488 2490 5542 crassitudo
2514 5496 2658 5539 terra:
2682 5495 2859 5554 erupta
2883 5494 2954 5537 est
2981 5500 3132 5553 super
3153 5493 3336 5535 terram
3364 5498 3381 5535 :
3409 5481 3657 5551 dissipata
3683 5494 3796 5537 sunt

2276 5599 2353 5669 (α).
2380 5605 2489 5647 Haec
2511 5598 2849 5660 interpretatio
2867 5605 2943 5647 est
2960 5597 3101 5658 juxta
3118 5595 3465 5659 Symmachum,
3486 5594 3641 5647 altera
3659 5599 3796 5659 jtma

2216 5660 2496 5783 “(animo
2530 5722 2715 5768 variant
2739 5720 3173 5783 interpretationes
3212 5720 3263 5767 in
3284 5717 3373 5768 hoc
3398 5717 3524 5779 loco,
3545 5726 3599 5769 ut
3636 5720 3800 5770 tideas

2214 5782 2268 5831 in
2293 5781 2515 5844 ttexaplis
2540 5785 2730 5831 nostris.
