4056 6440
285 387 389 443 Ml

285 517 411 555 ossa
463 505 634 551 nostra
686 510 831 550 secus
876 494 1147 562 infernum.
1206 484 1392 546 Alius,
1440 471 1879 547 Quemadmodum

286 590 521 656 agricola
547 587 751 658 quando
775 584 955 639 scindit
980 591 1165 635 terram
1192 594 1210 632 :
1244 577 1317 627 ita
1344 572 1589 640 dissipata
1613 574 1732 620 sunt
1766 578 1879 616 ossa

290 654 467 735 nostra
490 679 543 734 in
554 654 641 734 ore
650 676 839 749 inferni
852 672 943 746 (a).
958 670 1128 735 Alius,
1140 662 1363 721 Perinde
1373 662 1487 715 acis
1496 661 1584 730 qui
1607 654 1880 724 confringit

286 791 353 829 ae
384 774 601 828 disserat
624 778 827 833 terram,
849 766 1092 833 dissipata
1114 766 1227 814 sunt
1252 770 1366 809 ossa
1390 760 1559 805 nostra
1583 750 1634 802 in
1658 749 1874 816 inferno.

288 865 469 927 Alius,
497 862 561 917 Ut
586 859 673 931 qui
712 858 921 929 pulchre
954 853 1081 908 oolit-
1100 858 1146 904 et
1187 844 1314 913 {odit
1358 843 1409 895 in
1447 849 1598 903 terra,
1633 836 1879 931 dissipata

287 964 412 1011 ssmt
456 926 574 1008 ossa
600 926 790 1005 nostra
854 948 1011 1017 juxta
1064 943 1352 1012 infernum.
1415 933 1702 999 Postquam
1745 926 1879 981 dixit

286 1044 465 1111 verba.
501 1056 595 1096 sua
638 1040 836 1095 habere
871 1034 1153 1105 plurimum
1183 1023 1468 1095 voluptatis
1499 1021 1671 1088 ,.dicit
1718 1018 1876 1072 etiam

288 1108 507 1190 veteres
534 1129 884 1187 calamitates.
908 1121 1161 1192 Quamvis
1184 1160 1200 1184 ,
1231 1116 1429 1186 inquit,
1457 1123 1696 1170 extrema
1738 1106 1877 1179 passi

288 1237 499 1287 minus,
526 1230 579 1274 et
626 1227 895 1286 tamquam
937 1211 1197 1283 proscissa
1219 1247 1234 1273 ,
1265 1214 1413 1260 arata
1455 1211 1509 1257 et
1544 1201 1679 1255 fossa
1712 1207 1875 1259 terra,

285 1309 522 1380 dispersi
546 1320 731 1363 sumus
757 1317 944 1358 omnes
969 1310 1024 1358 et
1050 1299 1323 1371 periimus,
1348 1303 1401 1350 et
1428 1292 1493 1347 ad
1521 1292 1665 1361 ipsas
1691 1287 1879 1343 mortis

290 1409 477 1473 portas
499 1397 816 1455 devenimus
842 1412 855 1449 :
890 1393 1163 1448 ita.tamen
1191 1387 1368 1444 allecti
1397 1383 1676 1440 mallemus
1697 1393 1880 1448 reprc-

293 1472 611 1550 bensionem
654 1498 710 1546 et
749 1486 1133 1543 correctionem
1158 1482 1445 1552 iustorum,
1468 1490 1632 1546 quam
1667 1472 1879 1529 miseri-

288 1582 529 1640 cordiam
554 1574 1167 1651 ιδθςοειιοιηιιιιι.Ειθιιίιηι
1188 1570 1558 1641 quodcumque
1582 1564 1838 1621 acciderit
1858 1605 1874 1629 ,

286 1683 437 1729 a-tna
464 1688 559 1743 spe
586 1671 878 1742 pendemus
901 1710 916 1735 ,
947 1681 1121 1737 neque
1149 1664 1435 1735 quidquam
1464 1660 1615 1715 nobis
1641 1658 1874 1723 eveniet,

287 1765 435 1836 quod
464 1765 629 1833 possit
653 1761 905 1816 cohibere
931 1758 1213 1829 quominus
1238 1754 1303 1808 ad
1334 1762 1383 1808 te
1409 1751 1779 1821 respiciamus.

364 1854 530 1910 Sacra
552 1868 742 1906 ancora
768 1867 878 1920 spes
904 1851 956 1902 in
983 1848 1170 1901 Deum.
1190 1874 1263 1885 —
1288 1843 1441 1900 Unde
1466 1843 1625 1896 etiam
1654 1838 1878 1909 subjun-

290 1946 368 2000 xit
386 1944 591 2008 dicens,
615 1942 667 1997 8.
701 1941 834 2008 Quia
858 1940 925 1992 ad
949 1948 996 1992 te
1014 1980 1029 2005 ,
1061 1935 1273 1991 Domine
1292 1976 1306 1999 ,
1335 1932 1567 1997 Domine,
1599 1931 1734 1985 oculi
1760 1928 1874 1982 mei.

288 2036 359 2091 In
385 2046 432 2090 te
457 2035 671 2105 speravi,
701 2050 802 2087 non
827 2031 1029 2101 auferas
1055 2030 1277 2083 animam
1301 2042 1488 2081 meam.
1517 2024 1653 2089 Etsi,
1684 2022 1874 2091 inquit,

288 2126 709 2182 innumerabiles
739 2124 941 2179 irruant
961 2118 1310 2180 calamitates,
1339 2117 1462 2172 licet
1492 2115 1649 2179 bella,
1673 2113 1874 2183 prmlia,

288 2226 491 2272 mortes
515 2256 530 2280 ,
560 2224 613 2271 et
638 2224 802 2285 porta:
834 2211 1009 2277 inferi,
1041 2225 1071 2264 a
1101 2224 1252 2265 sacra
1299 2221 1493 2262 ancora
1540 2220 1643 2258 non
1674 2201 1879 2257 recedi-

288 2322 431 2375 mus,
464 2307 559 2363 sed
589 2308 793 2361 ﬁrmam
826 2305 900 2358 tni
930 2302 1108 2356 auxilii
1138 2314 1287 2370 spem
1318 2308 1581 2359 tenemus,
1610 2293 1878 2362 armisque

286 2408 344 2454 et
372 2399 487 2453 acie
523 2398 775 2461 dimissis,
807 2407 1081 2465 speramus
1107 2392 1219 2447 fore
1246 2400 1303 2444 ut
1334 2389 1476 2455 hinc,
1507 2402 1699 2457 nempe
1728 2403 1756 2441 a
1786 2396 1878 2441 tuo

286 2490 507 2553 auxilio,
539 2482 849 2543 liberemur.
884 2484 946 2539 In
978 2496 1023 2538 te
1047 2484 1264 2554 speravi,
1292 2498 1393 2536 non
1419 2484 1625 2551 auferas
1652 2480 1877 2533 animam

286 2596 471 2633 meum.
502 2579 650 2633 Alius
671 2618 685 2641 ,
715 2576 796 2630 Ne
821 2590 1025 2631 evacues
1065 2572 1160 2645 (li).
1196 2572 1306 2627 lloc
1326 2570 1462 2645 est,
1509 2584 1577 2625 ne
1615 2569 1762 2622 sinas
1790 2582 1877 2622 me

285 2670 436 2725 abire
478 2684 537 2723 re
580 2667 793 2723 infecta.
817 2666 870 2721 9.
905 2664 1111 2719 Custodi
1138 2678 1215 2717 me
1244 2679 1276 2715 a
1314 2663 1491 2730 laqueo
1516 2676 1660 2729 quem
1686 2668 1877 2713 statue-

286 2768 408 2813 runt
424 2759 566 2825 mihi,
584 2767 631 2812 et
648 2775 679 2811 a
696 2756 948 2810 scandatis
965 2753 1281 2823 operantium
1301 2751 1631 2821 iniquitatem.
1652 2748 1768 2803 Non
1788 2747 1876 2802 hic

285 2852 415 2906 dicit
440 2860 643 2905 tantum
680 2848 896 2902 insidias
918 2888 933 2913 ,
963 2846 1055 2902 sed
1081 2860 1200 2916 qua:
1226 2843 1364 2897 clam
1393 2842 1543 2905 ﬁunt,
1570 2850 1621 2895 et
1650 2840 1875 2895 occulta:

285 2950 431 3006 sunt,
463 2956 583 3011 quae
614 2948 738 2996 sunt
766 2940 1050 2993 observato
1080 2946 1134 2992 et
1160 2935 1373 3005 cegnltu
1401 2932 1645 2987 difficiles
1668 2970 1683 2996 ,
1713 2940 1767 2985 et
1808 2930 1874 2984 ad

282 3046 418 3103 quas
433 3030 701 3087 cavendas
719 3043 949 3103 superno
970 3028 1197 3082 maxime
1216 3026 1411 3080 auxilio
1432 3038 1565 3094 opus
1585 3023 1877 3078 est.Preca~

284 3102 431 3177 tione
450 3130 628 3177 autem
660 3118 779 3176 ideo
800 3102 1060 3174 conclusit
1083 3117 1401 3181 orationem,
1424 3131 1452 3168 a
1473 3129 1577 3184 qua
1597 3112 1872 3168 exordium

283 3224 586 3284 sumpserat
630 3212 683 3267 in
712 3227 774 3267 ea
801 3210 1051 3266 desinens
1080 3226 1096 3265 :
1124 3208 1238 3263 haec
1257 3207 1471 3278 quidem
1497 3220 1526 3258 a
1557 3220 1614 3260 se
1643 3203 1875 3259 conferri

284 3304 594 3368 ostendens,
620 3316 769 3371 spem
792 3302 843 3355 in
878 3300 1073 3363 Deum,
1114 3308 1372 3368 perpetuo
1410 3297 1476 3351 ad
1502 3296 1667 3350 Deum
1701 3294 1874 3363 respi-

287 3409 412 3449 cere
432 3433 449 3459 ,
478 3392 737 3446 malorum
775 3398 946 3445 costus
989 3387 1202 3457 fugere,
1231 3386 1354 3441 odio
1380 3385 1580 3439 habere
1605 3384 1874 3453 improbas

282 3498 471 3538 eorum
498 3481 809 3550 cupiditates
843 3497 855 3533 :
883 3493 912 3532 a
942 3478 1048 3532 Deo
1086 3485 1264 3531 autem
1290 3490 1448 3545 opem
1486 3484 1541 3530 et
1578 3473 1831 3530 auxilium
1855 3514 1871 3541 ,

282 3584 338 3629 et
366 3572 434 3628 iis
460 3588 580 3641 qua:
610 3579 736 3627 sunt
763 3570 989 3625 tolerati:
1014 3568 1348 3633 difficillima,
1377 3566 1604 3623 reddere
1629 3567 1875 3636 superio-

283 3681 420 3720 rem.
448 3663 521 3718 lta
549 3663 692 3718 enim
718 3663 885 3716 virtus
911 3660 1231 3725 contexitur,
1260 3658 1386 3713 dum
1412 3666 1468 3713 et
1492 3666 1733 3713 nostrum
1759 3667 1874 3713 stu-

282 3758 430 3812 dium
464 3754 771 3820 adhibetur,
795 3762 849 3809 et
879 3753 1015 3807 Deus
1043 3751 1195 3805 nobis
1226 3750 1534 3819 opitulatur.
1564 3748 1650 3804 10.
1681 3748 1874 3803 Cadent

280 3850 333 3901 in
359 3846 602 3901 rctiaculo
640 3847 747 3914 ejus
781 3852 1082 3913 peccatores.
1117 3842 1459 3913 Singulariter
1486 3857 1595 3895 sum
1633 3856 1748 3911 ego,
1782 3840 1885 3912 do-_

282 3954 372 3991 uec
402 3947 673 3991 transeam.
716 3934 772 3989 In
821 3935 1097 4003 cujusnam
1143 3933 1334 3987 cadent
1365 3932 1724 3987 retiaculum?
1755 3933 1870 3987 Dei.

283 4031 397 4084 lloc
425 4037 528 4093 est,
560 4028 859 4092 vincentur,
888 4026 1182 4096 capientur.
1211 4025 1484 4081 iustorum
1509 4027 1650 4082 enim
1679 4036 1790 4093 est,
1816 4035 1874 4080 ut

279 4123 644 4191 corrigantur,
674 4129 728 4175 et
769 4121 1028 4174 excitetur
1062 4135 1247 4174 eorum
1281 4119 1613 4188 philosophia
1644 4136 1656 4171 :
1683 4132 1872 4188 pecca-

282 4227 454 4269 torum
482 4222 656 4268 autem
678 4253 692 4277 ,
722 4227 948 4282 quorum
988 4213 1056 4266 sit
1084 4211 1303 4267 morbus
1334 4211 1739 4266 immedicabilis
1764 4252 1778 4277 ,
1814 4220 1872 4265 ut.

281 4320 448 4375 usque
478 4304 543 4358 ad
574 4319 783 4373 pinnam
813 4312 867 4357 ct
910 4304 1229 4373 supplicium
1277 4303 1635 4357 detineantur.
1672 4302 1868 4373 Singu-

280 4398 453 4451 lariter
475 4413 586 4449 sum
616 4412 728 4466 ego,
751 4397 909 4448 donec
938 4406 1206 4449 transeam.
1236 4394 1400 4459 Alius,
1427 4394 1596 4449 Simul
1615 4391 1867 4464 cgo'sum,

279 4486 439 4541 donec
455 4496 728 4539 transeam.
749 4485 914 4548 Alius,
941 4483 1006 4537 In
1023 4486 1259 4552 idipsum.
1286 4484 1396 4538 Hoc
1416 4494 1521 4555 est,l
1537 4494 1867 4554 compactus,

278 4578 613 4644 conjunctus,
635 4592 740 4629 non
770 4575 1043 4644 dispersus
1072 4593 1084 4628 :
1115 4575 1196 4628 vel
1226 4575 1516 4629 secundum
1545 4575 1867 4644 Septuagin-

279 4680 350 4735 ta,
372 4670 625 4725 liberatus
642 4685 671 4723 a
693 4669 866 4734 malis,
890 4668 1143 4738 purus’ab
1165 4669 1374 4722 illorum
1401 4669 1799 4738 congressione,
1814 4675 1867 4723 et

279 4770 549 4829 tamquam
584 4759 729 4815 solus
753 4759 997 4813 habitans
1028 4776 1041 4812 :
1071 4758 1210 4828 quod
1234 4758 1447 4827 quidem
1465 4767 1548 4813 est
1576 4759 1866 4812 maximum

278 4864 447 4919 genus
474 4850 704 4904 virtutis.
749 4849 866 4903 Non
900 4862 1006 4902 uno
1035 4858 1212 4903 autem
1259 4858 1349 4901 aut
1397 4848 1605 4904 duobus
1634 4849 1867 4904 tribusve

279 4941 469 4997 diebus
498 4941 601 4996 hoc
627 4942 785 5008 facit,
819 4941 913 4996 scd
945 4957 1041 5012 per
1072 4951 1233 4995 totam
1266 4944 1451 4995 vitam.
1486 4943 1607 4999 Hoc.
1640 4951 1721 4998 est
1750 4960 1867 4997 mu-

280 5045 391 5095 rus,
420 5032 523 5084 hoc
550 5032 998 5100 prepugnaculum
1020 5073 1034 5097 ,
1064 5029 1166 5087 hoc
1194 5033 1403 5086 virtutis
1432 5034 1820 5089 incrementum
1846 5075 1862 5101 ,

279 5123 448 5177 malos
494 5121 709 5191 fugere,
739 5130 792 5177 et
834 5123 1113 5178 collectum
1144 5124 1283 5193 apud
1328 5138 1387 5179 se
1422 5128 1715 5181 consistere
1755 5136 1866 5183 toto

279 5216 399 5269 vita:
441 5224 696 5282 tempore,
748 5215 893 5269 etab
921 5215 985 5269 iis
1029 5217 1117 5285 qui
1157 5227 1538 5286 corrumpunt,
1564 5220 1863 5288 sejunclum

278 5304 540 5359 habitare.
572 5304 814 5359 Solitudo
864 5306 1005 5359 enim
1056 5320 1161 5359 non
1212 5306 1337 5360 facit
1377 5323 1497 5362 esse
1546 5310 1740 5375 solum,
1770 5310 1865 5365 sed

279 5409 429 5450 tuens
473 5411 592 5465 quae
634 5404 847 5450 tenetur
887 5412 1071 5451 amore
1117 5406 1170 5452 et
1215 5397 1392 5451 studio
1436 5398 1710 5466 sapientia:
1743 5418 1757 5454 :
1791 5400 1862 5456 ita

278 5484 434 5539 etiam
476 5485 565 5555 qui
595 5485 836 5541 habitant
864 5486 915 5540 in
947 5486 1134 5542 mediis
1166 5487 1384 5543 urbibus
1404 5530 1418 5555 ,
1450 5488 1577 5544 foris
1600 5528 1616 5556 ,
1647 5498 1700 5544 et
1726 5499 1865 5547 stre-

325 5636 974 5718 (Ψὲ-ξὲ,ωεξ1ςςξίοξεεᾱμκ,ιε
998 5641 1248 5718 Actutum.
1290 5646 1506 5718 secunqa
1535 5648 1679 5718 iuxta
1713 5647 1856 5710 sm-

267 5700 510 5779 magunum:
524 5700 691 5779 tertia
707 5700 1323 5779 adqdiptamfliditionem
1351 5700 1591 5779 pertinet.

327 5760 395 5824 (li)
428 5760 546 5811 Htec
572 5760 919 5826 interpretatio
956 5768 1034 5817 est
1058 5767 1205 5830 juxta
1233 5760 1481 5832 Aquilam.

1364 357 1722 424 EXPOSITIO
1760 355 1826 413 IN
1864 350 2187 412 PSRLMBM
2225 351 2403 409 ΒΜΔ.

3478 341 3584 400 ω

1988 466 2207 537 pitibus,
2233 475 2618 537 poteruntesse
2640 464 2939 535 singulares
2960 460 3222 525 homines,
3244 457 3367 517 dum
3390 473 3577 513 corru-

1987 571 2105 631 ptos
2134 571 2307 616 coitus
2352 558 2584 630 fugiant,
2614 568 2670 612 et
2714 572 2774 613 se
2797 558 3064 626 justorurn
3104 550 3345 608 conciliis
3386 549 3581 619 adjun-

1985 662 2132 723 gant.
2163 652 2287 707 llaec
2337 660 2421 707 est
2476 652 2559 706 via
2607 664 2815 705 secura.
2871 648 2973 714 Qui
3018 662 3146 717 ergo
3201 652 3283 699 est
3336 642 3404 700 ad
3444 641 3581 696 alios

1986 742 2330 814 corrigendos
2361 741 2584 797 idoneus
2607 784 2625 809 ,
2656 756 2778 795 cum
2818 740 2884 795 iis
2915 747 3157 793 versetur
3183 735 3273 805 qui
3318 742 3443 791 sunt
3486 748 3578 786 su-

1984 834 2223 905 scepturi
2263 834 2603 898 medicinam,
2634 840 2688 887 et
2714 846 2810 887 eos
2837 829 3025 885 reddat
3055 827 3308 883 meliores
3334 841 3347 881 :
3379 824 3470 895 qui
3498 832 3580 879 est

1984 937 2166 984 autem
2210 927 2560 993 imbecillior,
2608 924 2774 995 fugiat
2810 922 3105 993 improbos,
3130 927 3193 974 ut
3229 918 3297 972 ab
3342 916 3447 971 illis
3483 915 3579 969 du-

1986 1036 2169 1076 mnum
2211 1037 2317 1075 non
2341 1020 2582 1088 accipiat.
2613 1018 2685 1072 Ita
2716 1027 2770 1073 et
2796 1024 3115 1087 prmsentem
3137 1007 3299 1069 vitam
3329 1018 3442 1065 tuto
3462 1018 3584 1079 aget

1983 1120 2038 1167 et
2082 1126 2313 1178 secure,
2342 1119 2398 1165 et
2439 1110 2579 1164 bona
2612 1108 2787 1163 futura
2812 1114 3172 1176 consequetur
3214 1121 3227 1156 :
3270 1116 3389 1172 qua:
3427 1099 3583 1155 detur

1984 1204 2139 1259 nobis
2165 1200 2414 1256 omnibus
2443 1199 2698 1269 consequi
2724 1240 2739 1265 ,
2769 1197 2933 1268 gratia
2963 1206 3018 1252 et
3050 1193 3332 1250 clementia
3372 1190 3585 1247 Domini

1985 1294 2155 1349 nostri
2181 1292 2310 1349 Jcsu
2352 1290 2571 1355 Christi,
2604 1290 2690 1344 cui
2716 1288 2887 1359 gloria
2906 1297 2959 1342 et
2989 1285 3271 1355 imperium
3298 1324 3313 1351 ,
3343 1295 3488 1337 nunc
3534 1288 3588 1335 et

1984 1400 2217 1457 semper,
2246 1393 2301 1440 et
2323 1384 2379 1439 in
2405 1383 2599 1439 saecula
2620 1380 2961 1437 smeulorum.
2986 1378 3179 1433 Amen.

2465 1493 2533 1549 IN
2570 1489 2897 1548 PSALMUM
2932 1488 3113 1545 CXLI.

1986 1611 2035 1665 i.
2090 1608 2222 1663 Voce
2267 1623 2377 1661 mea
2418 1605 2486 1658 ad
2527 1604 2802 1659 Dominum
2858 1600 3073 1656 clamavi
3097 1639 3114 1665 ,
3180 1613 3300 1653 uoca
3350 1612 3463 1649 mea
3516 1595 3583 1647 ad

2376 1696 2648 1751 Dominum
2699 1695 2997 1769 deprecatus
3049 1706 3182 1746 sum.

2056 1838 2108 1892 1.
2151 1835 2311 1891 Vides
2335 1832 2603 1904 quomodo
2627 1830 2823 1900 ubique
2872 1828 2975 1883 hoc
3009 1826 3154 1893 facit,
3196 1833 3252 1881 et
3282 1826 3407 1880 hinc
3431 1824 3578 1879 ducit

1984 1928 2284 1993 exordium,
2328 1935 2383 1981 et
2432 1927 2514 1981 bis
2554 1926 2640 1980 hic
2678 1923 2810 1979 dicit
2858 1920 2987 1977 Voce
3013 1930 3066 1976 et
3102 1920 3275 1975 Voce?
3326 1918 3438 1973 lloc
3486 1931 3581 1971 au-

1987 2030 2093 2075 tem
2136 2034 2243 2073 non
2290 2019 2386 2073 abs
2432 2034 2492 2073 re
2546 2016 2691 2081 facit,
2739 2014 2833 2070 sed
2884 2022 2941 2068 ut
2978 2027 3073 2083 per
3116 2011 3261 2066 illam
3301 2009 3582 2080 repetitio-

1983 2127 2105 2167 nem
2149 2110 2264 2166 hmc
2303 2109 2410 2164 duo
2459 2123 2556 2163 nos
2600 2109 2809 2171 doceat,
2862 2114 2916 2161 et
2957 2119 3221 2160 summam
3270 2102 3432 2156 animi
3474 2102 3585 2155 ala-

1983 2205 2248 2269 critatem,
2274 2214 2326 2258 et
2352 2210 2608 2257 attentam
2640 2210 2871 2255 mentem
2906 2216 2919 2252 :
2946 2206 3203 2268 praeterea
3229 2207 3407 2251 autem
3429 2211 3582 2251 suam

1983 2310 2104 2351 esse
2153 2310 2360 2349 vocem.
2402 2292 2516 2347 Non
2563 2291 2706 2347 enim
2750 2304 2938 2344 omnes
2989 2303 3122 2344 voce
3173 2287 3429 2354 clamant,
3486 2300 3584 2341 nec

1982 2386 2048 2440 ad
2106 2386 2309 2469 Deum,
2367 2399 2465 2438 nec
2502 2398 2635 2437 voce
2678 2381 2913 2451 propria.
2962 2378 3191 2450 Oportet
3242 2389 3419 2433 autem
3470 2380 3584 2433 haec

1982 2477 2160 2532 omnia
2208 2489 2550 2530 concurrere.
2600 2473 2702 2541 Qui
2745 2473 2941 2527 clamat
2994 2471 3250 2525 adversus
3296 2468 3578 2532 inimicos,

1982 2582 2088 2623 non
2125 2566 2234 2621 edit
2279 2580 2462 2621 vocem
2494 2563 2748 2627 hominis,
2795 2562 2888 2617 sed
2935 2561 3061 2616 fera:
3086 2570 3140 2616 et
3166 2559 3451 2630 serpentis.
3476 2558 3577 2625 Qui

1980 2668 2063 2715 est
2116 2659 2413 2729 negligens,
2446 2666 2502 2713 et
2542 2671 2647 2711 non
2693 2654 2839 2709 audit
2885 2670 3003 2725 qua:
3051 2652 3198 2718 dicit,
3251 2667 3355 2706 non
3387 2650 3584 2705 clamat

1981 2750 2048 2806 ad
2097 2752 2282 2815 Deum,
2316 2747 2411 2804 sed
2444 2746 2800 2817 nequidquam
2836 2760 2899 2799 ac
2949 2754 3150 2799 temere
3180 2743 3436 2814 loquitur.
3478 2742 3583 2809 Qui

1981 2854 2218 2899 mentem
2283 2860 2389 2899 non
2434 2845 2666 2909 excitat,
2725 2842 2825 2898 etsi
2865 2841 3019 2896 valde
3070 2838 3431 2906 vociferetur,
3492 2837 3579 2892 hic

1981 2952 2167 2992 rursus
2217 2952 2322 2991 non
2368 2930 2583 2991 clamat.
2633 2936 2746 2990 Vox
2792 2936 2956 3000 enim,
3007 2942 3063 2987 ut
3100 2934 3210 3003 jam
3253 2946 3397 3001 sa‘pe
3442 2932 3576 2997 dixi,

1978 3042 2085 3084 non
2125 3027 2387 3096 significat
2419 3027 2637 3095 spiritus
2666 3035 2871 3093 tonum,
2905 3024 3000 3079 sed
3028 3033 3256 3078 mentem
3286 3023 3575 3077 intensam.

1978 3124 2049 3176 At
2088 3120 2175 3174 hic
2208 3136 2313 3173 non
2358 3120 2470 3185 sic;
2512 3120 2608 3175 sed
2649 3118 2764 3174 huc
2795 3118 2890 3171 tria
2938 3115 3094 3170 simul
3128 3110 3342 3182 colligit,
3389 3123 3576 3169 osten-

1979 3212 2056 3266 dit
2091 3226 2149 3266 se
2187 3223 2240 3266 et
2274 3224 2408 3265 voce
2454 3210 2709 3273 clamare,
2741 3218 2795 3264 et
2839 3208 2906 3263 ad
2954 3207 3142 3269 Deum,
3195 3214 3250 3260 et
3289 3202 3421 3260 voce
3448 3220 3577 3275 pro-

1982 3303 2091 3370 pria
2120 3342 2134 3364 ,
2183 3311 2237 3356 et
2277 3299 2399 3355 ideo
2448 3298 2531 3355 bis
2577 3300 2726 3365 dicit,
2791 3296 3084 3361 Vocemea
3140 3306 3194 3351 et
3252 3294 3384 3350 Voce
3439 3312 3573 3349 mea.

1978 3392 2033 3445 2.
2066 3390 2289 3457 Eﬁ'undo
2320 3392 2371 3444 in
2400 3399 2665 3460 conspectu
2693 3394 2801 3461 ejus
2841 3389 3121 3442 orationem
3173 3402 3355 3451 meam,
3397 3395 3443 3440 et
3486 3387 3576 3439 tri-

1980 3484 2285 3537 bulationem
2322 3500 2486 3537 nteant
2534 3493 2649 3537 ante
2677 3484 2842 3551 ipsum
2882 3481 3206 3536 aunuutiabo.
3242 3479 3431 3535 Vidisti
3459 3478 3573 3533 ani:-

1979 3588 2124 3627 mum
2167 3574 2392 3629 liberum
2438 3573 2506 3628 ab
2544 3573 2793 3629 omnibus
2840 3589 2958 3644 quin
2980 3572 3045 3628 ad
3079 3573 3214 3627 hanc
3256 3572 3417 3626 vitam
3450 3585 3573 3641 per-

1982 3666 2194 3721 tinent?
2258 3666 2441 3736 Neque
2480 3668 2622 3722 enim
2660 3666 2896 3737 confugit
2926 3666 2991 3721 ad
3023 3666 3302 3734 homines,
3358 3680 3458 3720 nec
3501 3664 3572 3718 ab

1978 3756 2058 3810 eis
2106 3754 2258 3824 petiit
2282 3756 2562 3821 auxilium,
2606 3758 2701 3812 sed
2750 3771 3036 3825 supernam
3085 3770 3265 3826 opem,
3316 3770 3436 3825 quae
3476 3770 3571 3809 ex-

1980 3848 2212 3919 pugnari
2262 3864 2368 3904 non
2416 3857 2626 3919 potest,
2677 3849 2901 3919 rogavit.
2950 3847 3152 3903 Deinde
3200 3847 3467 3901 intensum
3518 3853 3573 3900 et

1979 3939 2350 3997 vehementem
2380 3940 2541 3994 animi
2574 3939 2858 4007 fervorem,
2890 3954 3046 4009 quem
3079 3938 3221 3993 intus
3249 3926 3576 3989 habuitabs-

1980 4031 2254 4087 conditum
2286 4071 2299 4097 ,
2331 4030 2621 4087 ostendens
2647 4047 2740 4100 per
2789 4030 2926 4086 hanc
2952 4046 3135 4085 vocem
3158 4069 3173 4097 ,
3208 4027 3452 4097 Effundo,
3484 4027 3566 4082 in-

1977 4124 2110 4193 quit,
2138 4122 2350 4177 abunde
2375 4139 2437 4178 ac
2462 4124 2703 4192 copiose.

2049 4213 2347 4283 Aﬁlictionis
2391 4213 2655 4266 commoda
2697 4212 2817 4265 duo.
2849 4242 2919 4251 —
2946 4211 3080 4267 Hinc
3122 4213 3283 4267 etiam
3315 4210 3569 4267 discimus

1975 4306 2294 4362 afﬂictiones
2322 4321 2427 4361 non
2461 4321 2645 4375 parum
2671 4306 2917 4361 conferre
2940 4304 3005 4359 ad
3033 4305 3439 4376 philosophiam.
3474 4304 3567 4359 Hic

1975 4407 2058 4453 est
2099 4398 2245 4452 enim
2277 4396 2479 4451 fructus
2506 4395 2809 4450 afﬂictionis
2839 4415 2852 4451 :
2887 4410 3044 4451 nemo
3085 4411 3213 4467 ergo
3265 4396 3434 4466 ipsam
3484 4397 3567 4449 fu-

1973 4489 2102 4558 giat.
2154 4488 2268 4542 Duo
2313 4487 2455 4541 enim
2490 4485 2647 4541 habet
2670 4486 2783 4541 hanc
2806 4486 3086 4541 commoda
3115 4503 3127 4539 :
3160 4502 3320 4541 unum
3352 4486 3567 4556 quidem

1973 4578 2113 4649 quod
2145 4578 2334 4633 reddat
2362 4577 2709 4633 studiosiores
2736 4586 2788 4632 et
2812 4578 3124 4633 attentiores
3156 4592 3169 4630 :
3200 4577 3428 4634 alterum
3472 4595 3567 4633 au-

1972 4679 2104 4736 tem,
2138 4669 2279 4739 quod
2310 4684 2372 4723 ea
2403 4684 2614 4737 quoque
2639 4668 2783 4737 justa
2810 4678 2893 4723 est
2921 4683 3111 4733 causa,
3165 4678 3222 4723 ut
3264 4670 3564 4725 audiamur.

1972 4760 2039 4815 Et
2066 4761 2186 4815 ideo
2217 4776 2323 4814 non
2365 4758 2517 4822 dixit,
2569 4758 2833 4813 Justitiam
2864 4774 3060 4823 meam,
3105 4775 3225 4827 nec,
3278 4759 3388 4814 Mea
3422 4770 3567 4817 recte

1974 4853 2133 4919 facta,
2184 4852 2300 4917 sed,
2358 4852 2526 4906 Meam
2574 4852 2912 4923 a/ﬂictionem,
2962 4866 3157 4922 nempe
3198 4851 3424 4921 quodea
3457 4869 3564 4907 non

1973 4958 2197 5013 parvum
2224 4943 2409 4997 afferat
2436 4942 2510 4997 illi
2543 4942 2913 5011 patrocinium.
2931 4941 3193 5008 Quocirca
3221 4942 3350 4998 dicit
3377 4942 3564 5010 Isaias,

1971 5037 2327 5091 Adhortamini
2352 5037 2450 5105 (a),
2497 5035 2659 5104 inquit
2706 5033 2865 5102 Deus,
2918 5034 3164 5105 populum
3198 5052 3387 5105 meum,
3408 5054 3567 5092 sacer-
3630 5100 3635 5101 ί

1971 5117 2143 5192 dotes;
2190 5126 2455 5197 loquimini
2508 5126 2576 5179 ad
2617 5142 2704 5180 cor
2725 5125 3043 5192 Jerusalem,
3083 5126 3321 5197 quoniam
3350 5129 3569 5199 suscepit

1971 5221 2033 5274 de
2058 5237 2214 5274 manu
2236 5219 2441 5274 Domini
2474 5218 2700 5287 duplicia
2736 5229 2941 5288 peccata
2969 5236 3061 5272 sua
3108 5218 3261 5291 (Isai.
3290 5218 3382 5275 £0.
3410 5222 3461 5275 1.
3484 5220 3564 5291 2).

1973 5312 2035 5365 Et
2080 5310 2317 5365 Paulus:
2349 5308 2557 5363 Tradite
2594 5308 2725 5362 hunc
2772 5308 3024 5363 hominem
3053 5320 3268 5376 solante,
3324 5311 3393 5364 ad
3438 5312 3569 5366 inte-

1970 5401 2124 5454 ritum
2165 5402 2353 5464 carnis,
2386 5408 2440 5453 ut
2466 5399 2671 5470 spiritus
2711 5400 2775 5453 sit
2805 5401 2976 5454 salvus
3026 5400 3105 5471 (1.
3139 5399 3260 5456 Cor.
3291 5402 3346 5457 5.
3374 5402 3456 5472 5).
3500 5403 3570 5458 Et

2030 5575 2103 5639 (a)
2138 5584 2383 5636 "1er,
2407 5590 2661 5639 ηρακλιιτι.
2688 5585 2818 5628 Hanc
2856 5591 3026 5627 vocem
3057 5587 3267 5629 Graecam
3301 5584 3568 5634 Gentisnus

1968 5638 2211 5709 Hei-vetus
2244 5641 2417 5709 vertit,
2458 5638 2800 5709 adlwrtamini.
2837 5640 3139 5709 Yerteudum
3176 5655 3315 5709 sane,
3354 5645 3567 5694 consola-

1968 5700 2387 5763 initii,secundum
2406 5700 2665 5750 lectionem
2689 5703 2987 5761 Itebraicam,
3026 5708 3180 5759 unm.
3224 5700 3408 5753 Verum
3423 5706 3567 5769 chry-

1972 5780 2212 5823 sostomus
2235 5773 2311 5822 hic
2326 5772 2607 5822 adhortandi
2624 5771 3028 5834 signiﬁcationem
3045 5777 3328 5836 respexisse
3350 5776 3564 5829 videtur.
