4056 6432
506 354 613 413 ιιδ

508 467 575 522 ad
599 465 901 523 Corinthios
925 462 1187 530 scribens,
1238 463 1450 517 dicebat
1499 479 1512 514 :
1552 460 1835 532 Propterea
1865 459 2010 513 multi
2037 459 2092 513 in

509 559 645 613 nobis
677 556 867 626 inﬁrmi
891 564 1009 609 sunt
1042 564 1087 607 et
1133 552 1391 620 imbecilli,
1442 561 1489 605 et
1535 552 1790 606 dormiunt
1824 550 1989 604 multi.
2035 549 2097 604 Si

503 652 639 701 enim
667 663 757 700 nos
786 647 924 716 ipsos
967 645 1379 716 dijudicaremus,
1430 660 1531 697 non
1545 642 1914 714 judicaremur.
1940 640 2097 694 ludi-

507 741 609 793 cati
662 746 830 792 autem
862 754 892 790 a
919 735 1137 790 Domino
1169 736 1494 805 castigamur,
1534 750 1597 789 ne
1621 750 1736 788 cum
1758 733 1946 787 mundo
1970 748 2095 785 con-

506 832 799 886 demnemur
825 830 899 899 (1.
931 828 1050 884 Cor.
1083 830 1169 884 11.
1202 828 1310 885 50-
1331 828 1443 899 52).
1474 828 1643 882 Porro
1681 827 1834 883 diviti
1884 824 2095 880 dicebat

504 922 773 979 Abraham
800 939 813 976 :
845 919 1095 990 Recepisti
1124 922 1253 974 bona
1289 931 1375 973 tua
1417 921 1470 974 in
1508 921 1608 974 vita
1638 930 1746 987 tua,
1778 929 1825 974 et
1863 917 2093 972 Lazarus

504 1011 641 1066 mala
668 1028 764 1065 sua
790 1028 809 1065 :
835 1022 879 1066 et
915 1027 1049 1065 nunc
1096 1012 1178 1064 hic
1205 1010 1404 1079 quidem
1445 1010 1839 1065 consolationem
1884 1010 2089 1079 accipit,

504 1113 560 1156 tu
588 1118 703 1157 vero
735 1104 975 1157 cruciaris
1026 1101 1172 1171 (Luc.
1206 1102 1290 1156 16.
1323 1102 1434 1172 9.5).
1476 1100 1591 1155 Jam
1618 1116 1743 1155 vero
1766 1100 1928 1154 David
1957 1114 2091 1169 quo-

504 1209 631 1267 que,
662 1211 784 1251 cum
830 1195 880 1250 ei
909 1192 1470 1256 maledicerctSemei,
1520 1191 1729 1247 diccbat
1758 1209 1771 1245 :
1804 1190 1931 1245 Sine
1976 1206 2092 1267 eunt

506 1287 632 1341 mihi
669 1286 997 1350 maledicere,
1036 1285 1275 1355 quoniam
1321 1283 1459 1338 Deus
1497 1283 1543 1337 ei
1593 1282 1889 1347 mandavit,
1918 1289 1973 1334 ut
2013 1281 2089 1333 ui-

503 1378 641 1434 deret
683 1394 845 1433 meam
886 1378 1218 1432 humilitatem
1264 1377 1338 1445 (2.
1371 1375 1498 1447 Reg.
1552 1375 1639 1431 16.
1666 1377 1761 1431 di.
1795 1375 1907 1446 12).
1944 1376 2009 1430 Ει
2035 1376 2086 1428 in

501 1469 791 1540 Seripturis
834 1469 1030 1539 ubique
1081 1469 1420 1533 invenimus,
1469 1482 1564 1523 eos
1615 1467 1704 1538 qui
1772 1466 2085 1522 afﬂictiones

502 1559 682 1616 ferunt
723 1569 878 1629 grato
912 1568 966 1615 et
1011 1559 1231 1631 patienti
1278 1560 1495 1625 animo,
1541 1574 1644 1613 non
1705 1558 1876 1614 solum
1924 1557 2087 1611 multa

507 1661 721 1720 peccata
751 1649 978 1717 diluere,
1006 1650 1102 1706 sed
1146 1649 1305 1705 etiam
1346 1664 1452 1704 non
1485 1664 1700 1719 parvam
1750 1647 1905 1717 apud‘
1920 1648 2087 1702 Deum

504 1740 773 1807 ﬂduciam,
806 1748 860 1795 et
884 1738 1131 1810 loquendi
1152 1738 1447 1794 libertatem
1476 1738 1739 1793 obtinere.
1782 1738 1836 1793 4.
1863 1736 1931 1791 1η
1957 1737 2086 1804 deﬁ-

499 1831 678 1885 ciendo
705 1846 768 1884 ex
792 1847 871 1885 me
899 1835 1132 1900 spiritum
1162 1845 1345 1895 meum,
1387 1840 1436 1882 et
1471 1836 1526 1881 tu
1565 1828 1840 1899 cognovisti
1885 1828 2090 1882 semitas

500 1938 657 1977 meas.
706 1921 931 1991 Quando
957 1922 1045 1993 qui
1074 1931 1199 1978 sunt
1248 1922 1302 1976 in
1344 1922 1533 1992 primis
1578 1922 1751 1991 pusilli
1798 1929 1851 1975 et
1891 1921 2084 1990 abjecti

500 2014 685 2082 animi,
726 2013 1030 2080 concidunt,
1062 2021 1118 2068 et
1142 2012 1295 2069 multi
1334 2014 1493 2068 etiam
1515 2013 1653 2067 mala
1673 2011 1833 2067 verba
1859 2013 2086 2082 letptun-

500 2116 585 2160 tur
628 2124 642 2160 :
689 2107 733 2161 is
785 2114 910 2161 tunc
964 2105 1193 2160 maxime
1228 2103 1647 2176 philosophatur,
1697 2114 1755 2159 ut
1794 2104 1883 2176 qui
1925 2102 2085 2159 studii

501 2196 805 2265 magistram
832 2194 1023 2250 habeat
1045 2194 1410 2251 aiﬂictionem.

568 2287 863 2359 Aﬁlictionis
887 2287 1114 2355 eiectus.
1145 2316 1217 2328 ——
1243 2288 1467 2356 Quando
1505 2303 1632 2360 ergo
1668 2287 1865 2344 videris
1897 2302 2087 2359 quem-

497 2378 638 2448 piam
681 2394 746 2433 ex
774 2377 1061 2433 afﬂictione
1091 2378 1488 2455 desperantem,
1515 2391 1604 2433 aut
1628 2378 1847 2434 verbum
1870 2378 2085 2448 aliquod

495 2470 750 2526 acerbum
779 2470 1185 2539 proloquentem
1229 2486 1243 2521 :
1292 2485 1359 2525 ne
1389 2469 1444 2523 in
1474 2474 1632 2525 causa
1662 2483 1785 2525 esse
1810 2470 2084 2524 exiStimes

496 2561 858 2625 afﬂictionem,
901 2560 995 2615 sed
1029 2560 1280 2631 pusillum
1310 2559 1426 2629 ejus
1446 2559 1536 2630 qui
1562 2559 1795 2629 loquitur
1821 2558 2080 2612 animum.

497 2651 815 2707 Amictionis
840 2651 983 2706 enim
1008 2658 1194 2709 natura
1231 2649 1369 2705 solet
1407 2648 1624 2705 efﬁcere
1663 2649 1953 2717 contraria,
1996 2659 2081 2704 at-

498 2744 827 2809 tentionem,
874 2742 1037 2797 animi
1075 2741 1471 2807 contritionem,
1515 2741 1773 2797 intentam
1820 2751 2079 2809 mentem,

495 2835 706 2906 pietatis
776 2835 1183 2889 incrementum.
1247 2833 1510 2902 Quocirca
1575 2832 1787 2889 dicebat
1835 2833 2078 2889 Paulus:

496 2927 706 2999 Aﬁlictio
749 2929 1043 2997 patientiam
1092 2937 1362 2997 aperatur,
1417 2926 1660 2997 patientia
1732 2926 2080 2996 probationem

496 3022 671 3092 (Rom.
713 3022 765 3077 5.
800 3020 879 3094 '5).
931 3021 988 3076 Si
1037 3032 1213 3075 autctn
1240 3020 1410 3075 Judaei
1441 3019 1623 3091 afﬂicti
1654 3019 2077 3086 murmurabant,

496 3130 601 3168 non
646 3111 973 3178 afﬂictionis,
1022 3112 1116 3169 sed
1161 3112 1371 3166 illorum
1416 3111 1665 3167 amentia:
1712 3120 1865 3167 erant
1918 3113 2078 3166 verba

494 3204 929 3260 nturmurationis
977 3222 991 3258 :
1023 3202 1447 3274 quandoquidem
1478 3204 1644 3258 sancti
1673 3217 1794 3257 cum
1832 3202 2077 3274 afﬂigun-

494 3307 602 3360 tur,
654 3296 886 3351 evadunt
924 3294 1208 3362 clariores,
1256 3304 1309 3350 et
1357 3295 1629 3363 sapietttire
1680 3294 1857 3350 studio
1906 3296 2076 3365 magis

494 3386 681 3443 dediti.
726 3387 984 3454 Quocirca
1014 3387 1127 3456 ipse
1165 3400 1377 3457 quoque
1409 3385 1619 3441 dicebat
1648 3404 1662 3441 :
1688 3386 1888 3440 Bonum
1928 3388 2075 3454 mihi,

496 3479 729 3547 Domine,
767 3479 903 3550 quod
930 3480 1211 3533 Immiliasti
1236 3495 1333 3547 me,
1383 3490 1437 3532 ut
1461 3480 1655 3533 discam
1687 3482 2079 3551 justiﬁcationes

494 3570 801 3641 tuas~(Psal.
834 3570 955 3625 118.
989 3569 1098 3640 71).
1139 3569 1209 3624 Et
1238 3570 1433 3625 Paulus
1460 3590 1473 3625 ε
1507 3570 1573 3624 Et
1598 3582 1806 3642 propter
1830 3573 2077 3643 ingentem

495 3663 892 3734 magnitudinem
918 3662 1299 3728 revelationurn,
1339 3678 1402 3716 ne
1430 3664 1579 3718 nimis
1613 3664 1899 3730 extollerer,
1932 3664 2077 3720 datus

493 3763 567 3807 est
609 3753 731 3806 mihi
780 3754 1015 3807 stintulus
1054 3754 1223 3807 carnis
1256 3754 1464 3823 angelus
1501 3767 1713 3819 satanw,
1759 3756 1845 3826 qui
1880 3771 1958 3809 me
1993 3772 2076 3808 co-

495 3845 731 3913 lapltizet.
792 3842 896 3898 Pro
928 3859 984 3898 eo
1026 3852 1097 3897 ter
1126 3842 1400 3896 Dominum
1438 3846 1632 3914 rogavi,
1681 3856 1726 3899 et
1755 3848 1883 3900 dixit
1908 3848 2031 3900 miltt'
2061 3862 2079 3900 :

498 3938 698 4007 Suﬂicit
727 3937 814 3990 tibi
854 3937 1017 4003 gratia
1039 3953 1149 3989 mea
1182 3952 1200 3989 :
1229 3937 1383 3991 virtus
1412 3938 1544 3989 enim
1569 3954 1676 3990 mea
1704 3939 1757 3990 in
1786 3939 2079 4007 inﬁrmitate

499 4028 777 4098 perﬁcitur.
812 4025 878 4079 Et
917 4026 1029 4080 ideo
1055 4028 1175 4080 mihi
1206 4028 1379 4096 placeo
1408 4028 1461 4079 in
1489 4028 1859 4096 afﬂictionibus,
1901 4030 1954 4082 in
1991 4031 2076 4082 itt-

495 4117 831 4187 ﬁrmitatibus,
881 4117 935 4170 in
986 4116 1464 4187 persequutionibus.
1513 4116 1731 4181 Quando
1757 4121 1888 4172 enim
1932 4120 2077 4188 infir-

494 4226 623 4273 mor,
663 4218 778 4262 tunc
808 4218 982 4277 potens
1010 4224 1119 4262 sum
1162 4209 1237 4279 (Ξ.
1275 4206 1392 4263 Cor.
1430 4209 1513 4262 19..
1546 4209 1725 4278 7-10).
1770 4209 1929 4264 Vides
1953 4226 2075 4265 eum

494 4301 661 4371 magis
684 4299 905 4355 excitari
936 4300 988 4353 in
1016 4299 1318 4365 afﬂictione,
1374 4310 1426 4354 et
1454 4299 1518 4353 ad
1561 4301 1724 4353 Deum
1764 4300 2073 4369 confugere,

496 4403 553 4448 et
577 4394 625 4447 ei
654 4393 819 4447 multo
859 4390 1227 4445 vehementius
1271 4392 1545 4445 adltwrere
1577 4393 1627 4444 in
1656 4393 1772 4461 ipso
1814 4392 2077 4461 profundo

496 4484 757 4539 malorum
809 4483 827 4551 (
852 4484 952 4537 hoc
980 4482 1121 4536 enim
1152 4483 1253 4536 sibi
1288 4484 1400 4536 vult
1429 4483 1575 4549 illud,
1601 4482 1671 4537 In
1700 4485 1979 4553 deﬁciendo
2017 4502 2081 4540 ex

495 4593 575 4631 me
614 4576 848 4646 spiritum
889 4574 1115 4645 meum),
1160 4587 1216 4629 et
1256 4585 1379 4630 tunc
1404 4575 1791 4646 diligentiorem
1815 4586 1868 4631 et
1893 4577 2079 4631 melin-

494 4684 606 4723 retn
642 4665 824 4723 efﬁci?
871 4665 1007 4720 Illud
1051 4677 1251 4733 autem,
1314 4665 1382 4720 Et
1437 4676 1492 4719 tu
1546 4668 1819 4738 cognovisti
1877 4669 2079 4725 semitas

494 4775 649 4825 meas,
688 4759 823 4815 alius
866 4760 1127 4830 interpres
1170 4760 1250 4831 (a)
1285 4759 1432 4825 dixit,
1472 4759 1547 4813 Tu
1584 4762 1715 4814 enim
1757 4762 1873 4815 scis.
1908 4759 1976 4815 In
2001 4763 2079 4816 uia

495 4852 629 4915 hac,
689 4867 788 4922 qua
846 4851 1182 4917 ambulabant,
1230 4852 1601 4905 absconderant
1656 4855 1890 4923 laqueum
1934 4855 2075 4907 mihi.

494 4943 548 4998 5.
598 4941 989 4997 Considerabam
1026 4944 1093 4996 ad
1132 4945 1386 4999 dexteram
1409 4983 1425 5009 ,
1485 4952 1529 4997 et
1579 4946 1805 4999 videbant
1847 4962 1865 5000 :
1905 4956 2081 5000 etnon

496 5041 603 5086 erat
640 5032 726 5102 qui
755 5043 1067 5102 cognosceret
1106 5050 1202 5086 me.
1233 5034 1329 5087 llic
1375 5035 1608 5088 ostendit
1635 5036 1901 5106 ingentem
1933 5039 2079 5091 cala-

500 5125 761 5187 mitatem,
789 5133 845 5178 et
876 5124 1015 5177 mala
1061 5125 1399 5193 ampliﬁcata,
1456 5126 1793 5196 hostiumque
1840 5128 2074 5193 insidias,

497 5215 765 5284 quomodo
814 5218 959 5283 prius
991 5224 1352 5282 accesserunt,
1394 5218 1631 5270 volentes
1675 5232 1795 5272 eum
1846 5232 2082 5288 proster-

500 5321 669 5373 nere;
702 5315 756 5360 ct
780 5305 920 5375 quod
950 5316 1033 5359 est
1060 5307 1297 5361 omnium
1333 5308 1723 5376 gravissimum,
1778 5326 1881 5363 non
1924 5310 2083 5365 tundo

499 5397 630 5451 nulli
677 5406 829 5450 erant
872 5396 1003 5450 socii
1046 5404 1138 5449 aut
1178 5396 1469 5466 adjutores,
1511 5398 1605 5452 sed
1634 5414 1839 5453 neeum
1867 5401 2081 5471 quidem

498 5489 859 5560 agnoscebant
878 5488 918 5540 ¹.

550 5578 629 5655 ,2.
669 5576 987 5635 Calamitosis
1012 5579 1161 5651 pauci
1188 5580 1391 5634 adsunt.
1444 5610 1515 5620 —
1562 5580 1675 5635 Hoc
1719 5591 1803 5637 est
1854 5584 2082 5640 maxima

569 5718 585 5746 ¹
621 5722 765 5776 unus,
792 5716 876 5767 sed
901 5727 993 5764 non
1015 5720 1135 5770 erat.
1160 5712 1329 5777 inquit,
1356 5715 1437 5776 qui
1461 5729 1534 5765 me
1556 5728 1831 5778 agnosceret

568 5778 642 5839 (a)
677 5783 923 5830 tnterores
944 5778 1019 5827 hic
1036 5784 1335 5827 memoratus
1357 5785 1433 5827 est
1457 5782 1777 5841 symutachus.

1212 350 1269 406 S.
1310 347 1586 405 ιολΝΝιδ
1622 344 2099 403 CHRYSOSTOMI
2140 345 2451 404 AllClllEP.
2493 348 3032 408 CONSTANTINOP.

3696 358 3815 412 ιξι

2203 459 2458 525 solitudo,
2507 475 2715 516 summa
2760 460 3037 517 derelictio
3089 480 3102 516 :
3155 470 3238 518 est
3280 464 3426 519 enim
3481 479 3821 536 paucorum,

2204 550 2393 608 adesse
2436 551 2490 607 in
2535 552 2949 621 calamitatibus,
2995 564 3051 610 et
3093 569 3247 625 opem
3279 556 3438 620 ferre,
3469 569 3525 611 et
3562 562 3823 615 maximt'.

2201 641 2417 710 quando
2445 643 2776 699 calamitates
2819 645 3091 700 minantur
3125 647 3377 716 pericula.
3424 647 3529 703 Sed
3564 649 3669 703 hoc
3697 663 3814 703 neu

2202 732 2365 787 modo
2394 748 2515 788 eum
2544 748 2649 789 non
2683 734 2840 801 laesit,
2889 735 2985 790 sed
3015 738 3176 791 etiam
3220 737 3369 793 valde
3411 739 3570 811 juvit,
3626 740 3700 794 ita
3754 754 3814 792 ut

2201 837 2322 878 eum
2372 825 2480 880 Deo
2523 823 2843 880 familiarem
2889 824 3098 881 fecerit.
3133 828 3196 881 Et
3238 838 3290 882 tu
3337 844 3486 898 ergo,
3518 844 3553 883 ο
3582 828 3812 896 dilecte,

2200 915 2414 985 quando
2452 916 2649 971 videris
2677 917 2813 972 mala
2839 933 3103 985 crescere,
3137 934 3205 974 ne
3243 920 3516 989 concidas,
3552 937 3654 976 nec
3681 923 3810 975 ani-

2198 1020 2345 1060 mum
2388 1006 2626 1077 altjicias,
2677 1008 2771 1063 sed
2811 1009 2891 1065 'sis
2936 1010 3155 1080 gnavior
3192 1020 3247 1065 et
3276 1011 3602 1080 vigilantior.
3643 1013 3813 1068 Deus

2202 1099 2345 1153 enim
2378 1098 2498 1153 ideo
2526 1100 2787 1168 permittit
2818 1116 2880 1155 ea
2908 1103 3061 1166 oriri,
3093 1114 3147 1156 ut
3175 1114 3317 1156 tuam
3350 1106 3588 1159 excutiat
3612 1110 3805 1160 socor-

2200 1187 2366 1252 diam,
2402 1198 2457 1243 ut
2485 1199 2535 1244 te
2560 1190 2941 1247 dormitantem
2970 1193 3189 1248 excitet.
3232 1192 3385 1249 Tunc
3412 1196 3554 1249 enim
3585 1199 3805 1251 exscin-

2201 1276 2397 1334 duntur
2440 1282 2616 1335 omnia
2661 1298 3079 1351 supervacanea,
3130 1293 3257 1338 tunc
3313 1287 3493 1341 omnia
3549 1302 3673 1358 quae
3728 1289 3805 1342 ad

2202 1368 2340 1423 hanc
2381 1380 2617 1426 nostram
2667 1374 2827 1427 vitam
2878 1376 3146 1444 pertinent
3187 1376 3491 1445 exspirant,
3550 1389 3683 1434 tunc
3744 1380 3802 1432 in

2201 1460 2444 1516 oratione
2489 1462 2663 1518 evadit
2700 1465 2818 1534 quis
2855 1464 3183 1536 diligentior,
3227 1476 3353 1522 tunc
3392 1467 3462 1522 ad
3488 1469 3800 1541 eleemosy-

2194 1564 2318 1603 nam
2366 1562 2421 1606 et
2471 1553 2537 1607 ad
2587 1556 2790 1609 ventris
2846 1555 3246 1626 despicientiam
3297 1561 3355 1612 ﬂt
3397 1560 3664 1627 alacrior,
3741 1574 3800 1617 et

2193 1646 2610 1717 unumquodque
2633 1649 2796 1702 animi
2825 1650 3007 1703 vitium
3039 1652 3191 1705 facile
3221 1662 3522 1720 superatur,
3552 1652 3797 1724 fugatum

2195 1736 2263 1792 ab
2308 1737 2618 1795 afﬂictione.
2666 1741 2848 1810 Neque
2888 1743 3031 1798 enim
3061 1743 3130 1797 ab
3161 1743 3313 1799 initio
3341 1756 3399 1798 ut
3429 1759 3526 1800 nos
3555 1746 3793 1815 puniret,

2196 1827 2486 1898 itnplieavit
2523 1844 2621 1885 nos
2659 1831 2930 1886 laboribus
2979 1841 3035 1887 et
3090 1834 3526 1902 a-gritudiuibus,
3575 1837 3789 1890 etiamsi

2194 1918 2265 1973 ita
2316 1922 2688 1989 pronuntiarit,
2753 1932 2809 1977 ut
2855 1922 3099 1994 supplicii
3150 1925 3268 1979 loco
3312 1925 3555 1994 haberet,
3583 1927 3681 1982 sed
3732 1938 3792 1983 ut

2192 2026 2292 2066 nos
2315 2013 2622 2083 castigaret,
2651 2023 2707 2070 et
2735 2015 2985 2071 meliores
3015 2016 3287 2072 redderet.
3330 2016 3385 2073 Si
3408 2019 3550 2072 enim
3582 2034 3706 2074 cum
3738 2030 3791 2075 et

2190 2103 2345 2158 dolor
2372 2105 2665 2174 immineat,
2695 2116 2749 2163 et
2789 2087 2894 2162 vita
2923 2109 2991 2162 sit
3017 2108 3303 2174 laboriosa,
3336 2109 3471 2164 adeo
3504 2110 3787 2168 invalescit

2190 2192 2375 2247 vitium
2407 2213 2421 2249 :
2452 2195 2495 2249 si
2541 2196 2675 2251 nihil
2722 2207 2865 2253 esset
2908 2198 3122 2263 horum,
3151 2215 3257 2269 quo
3286 2200 3499 2256 tandem
3524 2216 3631 2256 non
3662 2218 3788 2272 pro-

2188 2285 2478 2339 cessisset?
2507 2285 2578 2340 Et
2600 2287 2724 2357 quid
2770 2288 3004 2355 miraris,
3046 2289 3091 2344 si
3141 2289 3211 2343 ita
3240 2299 3324 2344 est
3350 2290 3404 2344 in
3434 2292 3639 2359 animo,
3667 2307 3789 2347 eum

2188 2375 2352 2441 etiam
2379 2376 2430 2430 in
2457 2379 2772 2448 corporibus
2797 2379 2866 2432 sit
2893 2380 3089 2434 bonum
3131 2378 3370 2448 afﬂictio,
3395 2392 3451 2437 et
3476 2396 3637 2453 supra
3667 2399 3787 2439 mo-

2187 2464 2315 2519 dum
2346 2465 2552 2521 deliciis
2593 2468 2839 2537 perfundi
2869 2484 3084 2525 carnem
3116 2471 3187 2525 sit
3216 2471 3369 2526 valde
3398 2474 3664 2528 naxium?
3720 2475 3788 2531 Et

2187 2556 2387 2626 alioqui
2424 2557 2550 2611 dum
2596 2560 2829 2631 undique
2864 2572 3133 2631 ponuntur
3163 2563 3390 2629 insidiae,
3440 2566 3493 2620 id
3536 2568 3788 2623 homines

2184 2648 2369 2703 reddit
2399 2658 2586 2707 cautos
2622 2661 2678 2707 et
2719 2653 3138 2724 circumspectos
3170 2674 3184 2709 :
3212 2665 3267 2711 et
3304 2658 3348 2711 si
3374 2658 3785 2728 attenderintus,

2184 2740 2320 2794 nihil
2373 2740 2554 2796 damni
2616 2744 2926 2813 accipimus.
2997 2746 3066 2800 Et
3120 2746 3241 2802 ideo
3296 2748 3425 2804 dicit
3474 2752 3784 2821 quispiam,

2184 2830 2414 2901 Agnosce
2463 2833 2598 2903 quod
2654 2836 2839 2912 transis
2884 2837 2935 2889 in
2979 2838 3144 2892 medio
3193 2838 3507 2910 laqueorum,
3542 2855 3588 2896 et
3627 2860 3785 2912 supra

2184 2923 2443 2976 civitatum
2485 2907 2670 2994 pinnas
2716 2927 2945 2981 ambulas
3015 2927 3201 2999 (Eccli.
3335 2933 3421 2986 15.
3453 2934 3506 2985 in
3533 2907 3737 3004 Graeco)
3765 2979 3781 3003 ,

2184 3024 2240 3067 et
2286 3014 2404 3080 hic,
2478 3015 2543 3069 In
2610 3016 2712 3082 via,
2765 3032 2865 3085 qua
2902 3018 3247 3087 ambulabant,
3296 3020 3666 3078 absconderant
3706 3026 3785 3078 la-

2136 3134 2141 3135 ί
2182 3120 2366 3174 quemn
2410 3106 2553 3159 mihi.
2605 3106 2757 3174 Quod
2789 3107 2835 3162 si
2868 3108 2987 3179 quis
3010 3108 3125 3164 haec
3150 3111 3309 3164 etiam
3338 3115 3630 3182 sumpserit
3654 3130 3784 3168 ana-

2180 3198 2391 3268 gogice,
2443 3198 2649 3253 videbit
2689 3199 2791 3254 hoc
2840 3200 3015 3270 ipsum
3054 3201 3333 3257 facientem
3374 3205 3670 3273 diabolum,
3724 3216 3781 3262 et

2181 3304 2289 3344 non
2325 3292 2530 3359 procul,
2577 3292 2670 3345 sed
2712 3306 2877 3362 prope
2919 3293 3275 3347 occultantem
3320 3294 3561 3351 insidias.

2210 3374 2213 3387 ³
2252 3378 2484 3446 Laqueos
2522 3381 2674 3434 etiam
2718 3382 2770 3434 in
2810 3382 3003 3436 uirtutis
3050 3385 3286 3437 exercitio
3333 3386 3490 3438 tendit
3520 3366 3776 3443 diabolus.

2180 3471 2537 3540 —Quocirca
2585 3488 2778 3544 magna
2826 3475 2981 3530 nobis
3031 3476 3307 3546 vigilantia
3351 3494 3486 3547 opus
3522 3482 3779 3537 est.-0e-

2179 3562 2344 3617 euitat
2389 3563 2534 3618 enim
2578 3565 2847 3634 laqueum,
2897 3581 3090 3635 nempe
3127 3568 3180 3620 in
3209 3568 3553 3640 eleetnosyna
3586 3587 3773 3626 vanam

2178 3654 2430 3724 gloriam,
2475 3656 2527 3709 in
2575 3654 2781 3726 jejunio
2822 3659 3203 3727 arrogantiam,
3249 3676 3353 3714 non
3400 3662 3451 3715 in
3497 3663 3641 3730 aliis,
3681 3666 3775 3718 sed

2182 3747 2237 3800 itt
2268 3747 2396 3816 ipsis
2440 3747 2561 3814 viis,
2604 3748 2657 3802 in
2706 3750 2897 3817 quibus
2944 3751 3305 3817 ambulamus,
3335 3753 3478 3822 quod
3505 3764 3590 3809 est
3619 3757 3776 3825 longe

2180 3840 2577 3909 gravissimum.
2626 3840 2789 3895 Periit
2841 3846 2966 3913 fuga
3014 3859 3046 3895 a
3092 3859 3191 3897 me.
3252 3845 3381 3899 Vide
3408 3861 3593 3901 rursus
3618 3848 3774 3902 aliam

2182 3932 2441 3985 malorum
2494 3933 2878 3987 accessionem.
2933 3932 3180 3989 Ostendit
3234 3937 3378 3991 enim
3441 3954 3547 3992 non
3601 3941 3773 3994 solum

2180 4036 2299 4076 esse
2346 4021 2399 4076 in
2446 4022 2546 4077 viis
2601 4023 2841 4093 laqueos,
2900 4038 3001 4079 nec
3052 4025 3221 4079 ullum
3275 4026 3437 4081 fuisse
3477 4029 3568 4097 qui
3616 4044 3774 4101 opem

2178 4113 2345 4169 ferret
2392 4127 2447 4169 et
2502 4127 2857 4186 agnosceret;
2914 4119 3007 4173 sed
3043 4135 3141 4173 nec
3169 4121 3312 4190 quod
3344 4121 3603 4192 reliquum
3650 4126 3772 4195 qui-

2179 4204 2299 4259 dem
2331 4215 2413 4260 est
2453 4206 2521 4261 ad
2544 4207 2871 4274 evasionem,
2923 4221 2981 4262 ut
3018 4209 3141 4280 fuga
3178 4211 3337 4265 saluti
3366 4228 3474 4267 Sua:
3505 4219 3773 4283 consulat,

2180 4297 2232 4351 id
2278 4298 2379 4353 sibi
2411 4314 2531 4353 esse
2558 4310 2861 4369 promptum
2888 4311 2942 4357 et
2970 4292 3298 4371 expeditum.
3350 4306 3425 4359 ita
3473 4307 3526 4361 in
3582 4311 3775 4365 mediis

2182 4390 2337 4443 malis
2389 4390 2714 4460 interceptus
2766 4393 2956 4461 fuerat,
2990 4411 3088 4449 nec
3114 4394 3272 4466 eﬂ‘ugi
3308 4407 3518 4468 poterat
3553 4401 3772 4455 calami-

2184 4490 2297 4534 tas:
2333 4491 2387 4534 et
2419 4489 2592 4536 tamen
2620 4498 2687 4537 ne
2714 4483 2790 4537 sic
2826 4485 3040 4554 quidem
3087 4487 3427 4556 desperabat.
3468 4488 3537 4542 Et
3567 4508 3669 4544 non
3702 4506 3774 4547 est

2180 4572 2266 4642 qui
2309 4574 2531 4643 requirat
2571 4575 2793 4627 animam
2843 4591 3053 4630 meam:
3093 4580 3195 4631 hoc
3229 4589 3332 4643 est,
3361 4579 3459 4648 Qui
3497 4581 3769 4650 defendat,

2181 4665 2270 4734 qui
2313 4673 2466 4733 opem
2521 4665 2675 4719 ferat.
2712 4665 2849 4731 Quid
2892 4666 2978 4722 hic
3025 4668 3193 4738 ergo?
3242 4668 3510 4740 Numquid
3552 4688 3673 4727 cum
3722 4677 3772 4729 in

2183 4766 2326 4809 tanta
2371 4766 2679 4811 versaretur
2729 4757 2924 4826 inepia,
2957 4768 3013 4813 et
3041 4766 3185 4813 tanta
3215 4772 3551 4830 premeretur
3588 4779 3771 4819 rerum

2182 4848 2511 4915 difficultate,
2563 4849 2865 4919 desperavit
2923 4850 3188 4906 salutent?
3234 4852 3620 4925 Nequaquam;
3679 4858 3771 4912 sed

2182 4943 2247 4996 ad
2283 4937 2472 4998 Deum'
2486 4944 2665 4996 statim
2694 4942 2949 5013 confugit,
2981 4952 3036 4999 et
3067 4943 3199 4999 dicit
3229 4962 3242 4997 :
3278 4946 3334 5000 6.
3356 4944 3587 5001 Clamani
3616 4950 3686 5001 ad
3706 4960 3770 5012 te,

2184 5031 2421 5096 Domine,
2468 5033 2594 5096 dixi,
2640 5031 2721 5085 Tu
2760 5049 2810 5086 es
2844 5049 2958 5102 spes
2986 5050 3118 5099 mea,
3166 5035 3331 5104 portio
3376 5051 3487 5089 mea
3542 5038 3596 5089 in
3642 5048 3775 5092 terra

2185 5129 2473 5179 viventium.
2524 5123 2709 5178 Vidisti
2769 5126 3068 5180 cautionem
3116 5125 3280 5180 animi
3323 5135 3379 5181 et
3423 5122 3771 5197 vigilantiam.

2172 5217 2319 5272 .Mala
2348 5233 2470 5272 eum
2512 5217 2730 5272 minime
2781 5216 3099 5284 obruerunt,
3146 5217 3243 5274 sed
3294 5220 3462 5288 magis
3491 5232 3775 5275 erexerunt

2186 5320 2240 5365 et
2291 5312 2593 5366 extulerunt
2641 5328 2654 5363 :
2706 5320 2761 5365 et
2800 5326 2919 5366 cum
2962 5311 3012 5365 in
3060 5325 3269 5365 summa
3315 5322 3463 5367 esset
3508 5312 3683 5383 inopia
3726 5324 3776 5371 et

2188 5404 2623 5463 rerumomnium
2654 5402 2983 5470 difﬁcultate,
3012 5405 3227 5474 agnovit
3252 5420 3471 5460 manum
3501 5406 3773 5471 invictam,

2188 5503 2243 5548 et
2280 5496 2421 5548 vires
2456 5494 2845 5561 omnipotentes
2865 5535 2878 5559 ,
2910 5503 2964 5548 et
2993 5495 3047 5549 in
3079 5495 3239 5549 rebus
3264 5494 3534 5564 impeditis
3567 5497 3776 5551 facilem

2186 5587 2444 5640 evadendi
2480 5587 2758 5640 rationem.
2792 5584 2935 5653 Dixi,
2971 5585 3049 5639 Tu
3075 5603 3125 5641 es
3152 5604 3262 5657 spes
3293 5604 3424 5641 mea.
3476 5588 3777 5657 lleprolxata

2189 5686 2330 5742 sunt,
2365 5678 2553 5745 inquit,
2602 5677 2829 5731 humana
2876 5679 3078 5740 omnia,
3131 5689 3186 5732 et
3221 5688 3508 5746 tempustas
3537 5679 3674 5733 adeo
3703 5691 3779 5737 est

2192 5771 2337 5827 omni
2368 5771 2565 5826 auxilio
2591 5774 2851 5840 superior,
2880 5782 2929 5826 ut
2965 5771 3108 5825 nulla
3140 5789 3187 5825 at
3206 5772 3438 5841 te'pnssit
3468 5772 3621 5826 vitari
3648 5788 3770 5826 nau-
