4056 6428
1132 328 1161 347 μ

597 349 696 409 M5

588 465 690 517 οὐκ
741 464 1157 536 ἀωναρκῶμεν.
1209 467 1388 535 Μερις
1412 483 1533 534 μου
1562 461 1623 519 ετ
1657 466 1727 519 ἐν
1772 464 1849 536 γῇ
1903 464 2151 527 ζώντων.

588 546 896 611 Τουτέστιν,
930 547 960 598 6
988 546 1187 615 κλῆρός
1235 564 1361 616 μου,
1387 549 1417 599 6
1446 547 1717 618 θησαυρός
1760 565 1883 617 μου,
1926 551 1954 601 6
1996 546 2158 601 πλοῦ-

586 631 677 691 τός
700 640 725 669 ι
759 644 882 700 μου,
909 627 979 680 τά
1008 628 1182 681 πάντα
1220 630 1380 692 αὐτὸς
1408 624 1479 684 εξ.
1516 630 1617 683 Ἔν
1657 628 1737 696 γῇ
1771 627 2016 689 ζώντων.
2050 629 2087 681 Γ
2090 630 2157 698 ἦν

588 711 803 775 ζώντων
835 710 1067 765 ἐνταῦθα
1092 711 1188 782 τὴν
1215 712 1421 764 οἰκείαν
1452 711 1681 782 πατρίδα
1707 712 1879 767 καλεῖ.
1905 709 2023 765 Οἶδε
2050 712 2155 784 γάρ

589 794 844 857 πολλάκις
884 796 981 863 τὴν
1018 792 1387 863 αἰχμαλωσίαν
1416 792 1513 863 τὴν
1556 795 1636 856 εἰς
1689 793 1983 847 Βαϐυλῶνα
2023 794 2155 865 ᾅδην

588 877 683 930 καὶ
728 875 953 929 θάνατον
1001 874 1205 929 καλεῖν.
1252 873 1383 929 Εἶτα
1431 876 1616 945 ἐπειδὴ
1661 878 1717 929 ἐν
1762 878 1862 945 μὲν
1902 876 2157 947 ἀλλοτρίᾳ

586 958 683 1023 ῶν,
726 958 989 1027 οὐδεμίαν
1008 957 1263 1027 λατρείαν
1297 958 1538 1031 ἐπετέλει
1586 959 1683 1029 τὴν
1728 958 2005 1020 εἰωθυῖαν,
2042 962 2156 1012 ἐκεῖ

585 1039 641 1092 δὲ
686 1040 753 1093 τὰ
798 1041 895 1109 τῆς
928 1040 1212 1107 ἀγιαστίας
1245 1040 1455 1094 ἃπαντα
1494 1040 1825 1113 ἐπληροῦτο,
1868 1040 1958 1093 διά
1997 1041 2154 1093 τοῦτό

584 1140 746 1193 φησι,
782 1123 962 1189 Μερίς
988 1139 1106 1190 μου
1137 1118 1195 1175 εἷ
1222 1121 1290 1174 ἐν
1319 1121 1395 1191 γῇ
1430 1120 1672 1182 ζώντων.
1720 1124 1827 1175 Ἀεί
1874 1140 1973 1193 μου
2015 1140 2150 1193 προ-

583 1204 766 1275 έττης,
818 1207 970 1274 φησί,
1019 1205 1111 1256 καὶ
1159 1202 1419 1273 ᾠκειιῦσω
1456 1221 1525 1274 με
1560 1205 1617 1257 ἐν
1650 1207 1720 1277 γῇ
1766 1205 2004 1270 ζώντων,
2057 1206 2151 1259 καί

582 1287 750 1358 ⁴ιιιολλή
788 1305 877 1357 μοι
906 1288 1039 1359 πρὸς
1072 1288 1131 1340 σὲ
1160 1287 1349 1353 γέγονε
1384 1287 1657 1340 κοινωνία.

647 1413 920 1479 Ηρόσχες
961 1409 1112 1477 πρὸς
1148 1409 1263 1476 τὴν·
1306 1408 1522 1474 δέησίν
1544 1426 1684 1477 μου,
1716 1408 1805 1462 ὅτι
1833 1408 2148 1461 ἐταπεινώ-

577 1496 692 1559 οην
720 1493 973 1561 σφόδρα.
1005 1492 1166 1562 Ὁρᾷς
1196 1492 1311 1555 πῶς
1339 1489 1485 1563 [446]
1506 1491 1650 1563 ’ὅπερ
1687 1491 1944 1563 ἀνωτέρω
1971 1490 2145 1560 ἔλεγε,

575 1578 733 1630 τοῦτο
776 1576 870 1629 καὶ
915 1574 1147 1629 ἐνταῦθα
1189 1575 1308 1627 ἀντὶ
1344 1573 1668 1645 συνηγορίας
1712 1572 1915 1644 τίθησι,
1958 1574 2018 1627 τὸ
2056 1591 2146 1627 ταο

577 1657 903 1727 πεινωθῆναι
932 1657 1094 1724 λέγω.
1126 1657 1187 1710 τὸ
1213 1656 1366 1726 δίκην
1397 1655 1577 1709 δοῦναι
1607 1656 1712 1708 τῶν
1740 1656 2148 1727 ἡμαρτημένων

577 1740 697 1810 μεθ’
733 1740 1059 1810 ὑπερϐολῆς.
1091 1738 1166 1790 T6
1207 1737 1284 1799 δὲ,
1320 1737 1579 1806 Σφόδρα,
1622 1738 1681 1791 οὐ
1714 1740 1814 1808 τῆς
1852 1738 1960 1790 τῶν
1994 1754 2147 1806 γενο-

576 1824 753 1895 μένων
784 1822 1118 1893 κατηγορίας
1150 1821 1317 1879 ἐστὶν,
1366 1821 1502 1874 ἀλλά
1550 1819 1650 1889 τῆς
1687 1819 1864 1891 λύπης
1912 1822 2004 1874 καὶ
2048 1821 2147 1889 τῆς

573 1905 854 1969 ἀσθενείας
910 1904 1002 1957 τοῦ
1048 1905 1364 1973 πάσχοντος.
1411 1905 1506 1955 Ἂν
1561 1905 1659 1974 μὲν
1705 1904 1811 1974 γάρ
1857 1903 1993 1975 πρὸς
2042 1903 2141 1973 τὴν

572 1988 728 2053 ἀξίαν
768 1987 876 2040 τῶν
912 1986 1322 2056 ἁμαρτημάτων
1354 1984 1500 2056 ἴδῃς,
1547 1986 1607 2039 οὐ
1645 1987 1849 2057 σφοδρά
1880 1988 1912 2057 ή
1958 1985 2147 2039 ταπεί-

572 2086 762 2133 νωσιςο
792 2068 858 2121 ἂν
884 2068 940 2121 δὲ
977 2067 1113 2138 πρὸς
1148 2068 1246 2136 τὴν
1278 2066 1561 2121 ἀσθένειαν
1588 2067 1682 2120 τοῦ
1717 2070 1990 2140 φέροντος,
2024 2086 2146 2137 σφο-

532 2214 537 2217 Α
570 2151 673 2222 δρά
701 2151 818 2221 μεθ’
845 2149 1165 2221 ὑπερϐολῆς.
1194 2148 1442 2219 Οὐδαμοῦ
1469 2150 1576 2220 γάρ
1600 2152 1628 2202 6
1650 2150 1781 2213 Θεὸς
1808 2151 1964 2215 ἀξίαν
1989 2152 2146 2203 ἀπαι-

569 2237 653 2287 τεῖ
682 2232 790 2287 τῶν
838 2231 1322 2302 πλημμελημάτων
1352 2232 1641 2302 τιμωρίαν.
1688 2230 1749 2284 Εἰ
1797 2232 1853 2285 δέ
1895 2236 2004 2295 τοῖς
2038 2234 2143 2285 πά-

573 2333 791 2385 σχουσιν
831 2316 1100 2387 ἀφόρητος
1149 2310 1289 2367 εἶναι
1322 2316 1492 2379 δοκεῖ,
1529 2315 1589 2367 οὐ
1634 2316 1784 2385 ποιρά
1834 2315 1933 2383 τὴν
1983 2314 2143 2383 φύσιν

567 2399 676 2452 τῶν
721 2399 1039 2468 γινομένων,
1067 2397 1203 2452 ἀλλά
1240 2397 1390 2466 παρά
1424 2397 1521 2468 τὴν
1569 2397 1851 2450 ἀσθένειαν
1882 2398 1989 2448 τῶν
2021 2399 2145 2450 ὑπο-

573 2482 860 2549 μενόντων.
895 2480 1099 2534 Ῥὗσαί
1138 2496 1214 2549 με
1243 2481 1311 2532 ἐκ
1344 2478 1463 2532 τῶν
1510 2478 1997 2532 καταδιωκόντων
2045 2496 2139 2547 με,

558 2562 659 2616 ,ὅτι
701 2560 1181 2633 ἐκραταιώθησαν
1210 2562 1361 2628 ὑπὲρ
1390 2561 1512 2629 ἐμέ.
1549 2560 1679 2613 Ἰδοὺ
1714 2562 1807 2613 καί
1832 2560 1963 2631 άλλη
1996 2562 2143 2614 αἰτία

569 2647 753 2708 πάλιν,
780 2648 811 2715 ἡ
840 2644 1021 2707 ἄδικος
1040 2644 1310 2715 ἐπιϐουλὴ
1345 2643 1454 2696 τῶν
1489 2641 1920 2713 ἐπηρεαζόντων,
1956 2645 2050 2696 καὶ
2081 2644 2143 2697 τὸ

569 2724 707 2782 εἶναι
747 2728 904 2780 αὐτὸν
943 2728 1002 2779 ἐν
1042 2726 1294 2797 ἀσθενείᾳ
1348 2725 1543 2795 πολλῇ·
1585 2726 1863 2795 Ἐξὰγ-αγε
1916 2727 1983 2779 ἐκ
2027 2745 2141 2795 εσυ-

566 2807 761 2876 λακῆς
788 2809 901 2877 τὴν
923 2806 1135 2877 ψυχήν
1162 2823 1304 2876 μου,
1333 2807 1439 2863 τοῦ
1471 2808 2029 2877 ἐξομολογήσασθαι
2063 2808 2142 2875 τῷ

567 2893 814 2959 ὀνόματί
841 2908 979 2945 σου.
1008 2891 1080 2943 Τὸ
1109 2891 1603 2961 ἐξομολογήσασθαι
1630 2892 1860 2945 ἐνταῦθα
1898 2892 2018 2945 ἀντὶ
2046 2892 2141 2945 τοῦ

566 2975 951 3047 εὐχαριστῆσαί
984 2974 1148 3026 ἐστιν.
1183 2976 1247 3026 'U
1274 2975 1329 3025 δὲ
1354 2974 1526 3041 λέγει,
1557 2974 1713 3026 τοῦτό
1742 2976 1905 3029 ἐστιν·
1952 2974 2145 3027 Ἀπάλ-

566 3059 724 3124 λαξόν
758 3075 823 3127 με
851 3057 959 3109 τῶν
988 3056 1195 3109 δεινῶν.
1236 3056 1486 3127 Φυλακὴν
1524 3057 1633 3129 γάρ
1660 3058 1759 3129 τὴν
1790 3057 1899 3112 τῶν
1936 3074 2144 3129 συμφρ-

568 3142 678 3213 ρῶν
708 3138 1011 3212 ὑπερϐολὴν
1034 3139 1061 3179 b
1097 3140 1409 3193 αἰνίττεται.

636 3273 706 3336 γ’.
738 3267 918 3320 Ὥστε
943 3264 1376 3334 εὐχαριστῆσαι
1406 3263 1484 3329 τῷ
1511 3265 1756 3334 ὀνόματί
1782 3280 1915 3320 σου.
1944 3268 2016 3322 Οὐ
2051 3285 2139 3338 μι-

566 3350 697 3423 κρὸν
717 3348 1002 3413 καὶτοῦτο,
1026 3348 1087 3401 τὸ
1107 3350 1163 3401 ἐν
1195 3348 1463 3419 εὐημερίᾳ
1491 3348 1812 3418 γενομένους
1840 3350 1913 3419 μὴ
1942 3352 2021 3413 εἰς
2048 3350 2141 3422 λή-

565 3437 666 3505 θην
689 3436 944 3505 ἐμπεσεῖν
972 3433 1072 3501 τῆς
1094 3433 1428 3503 εὐεργεσίας.
1459 3431 1648 3484 Πολλοί
1680 3432 1787 3503 γὰρ
1809 3432 1917 3485 τῶν
1940 3432 2142 3503 ἀνθρώ-

567 3534 686 3570 πων
710 3518 766 3569 ἐν
797 3515 1005 3584 θλίψεσι
1039 3514 1136 3584 μέν
1166 3516 1271 3566 εἰσι
1315 3506 1736 3583 σπουδαιότεροι,
1777 3518 1834 3567 ἐν
1872 3516 2054 3569 ἀνέσει
2082 3518 2138 3570 δὲ

569 3599 949 3671 ῥᾳθυμότερον
981 3597 1156 3669 ἕτεροι
1192 3596 1350 3649 πάλιν
1374 3597 1429 3648 ἐν
1455 3597 1634 3649 ἀνέσει
1677 3597 1903 3667 ρᾁυμοι
1924 3639 1938 3663 ,
1966 3601 2059 3652 καὶ
2084 3602 2141 3652 ἐν

568 3683 807 3752 θλίψεσιν
848 3680 1311 3749 ἀπογινώσκοντες
1354 3679 1580 3743 ἑαυτῶν,
1624 3678 1946 3752 ὐπτιώτεροι
1992 3682 2140 3751 γινό-

571 3781 741 3836 μενοι.
786 3763 922 3817 Ἀλλ’
969 3758 1121 3826 οὗτος
1159 3764 1217 3815 ἐν
1252 3762 1486 3832 ἑκατέρα
1517 3766 1582 3832 τῇ
1618 3762 1724 3814 τῶν
1771 3763 1977 3833 καιρῶν
2024 3765 2138 3818 δια-

568 3848 708 3918 φορᾷ
748 3847 894 3917 μένει
930 3845 1025 3915 τὴν
1050 3844 1216 3915 αὐτὴν
1246 3844 1529 3897 εὐλάϐειαν
1557 3843 1851 3914 διατηρῶν
1881 3845 2002 3899 οὕτε
2033 3849 2139 3920 γὰρ

568 3932 603 4000 ἡ
653 3929 827 3997 θλίψις
875 3928 1033 3980 αὐτὸν
1073 3929 1362 3980 ἀναπεσεῖν
1421 3926 1695 3995 ἐποίησεν,
1753 3925 1886 3979 ἀλλά
1941 3930 2139 3997 μᾶλλον

573 4014 844 4082 συνήγαγε
890 4012 1024 4081 πρὸς
1055 4011 1151 4080 τὴν
1196 4009 1376 4079 δέησιν
1423 4009 1516 4061 καὶ
1560 4009 1656 4076 τὴν
1699 4008 1898 4080 εὐχήνο
1931 4010 2052 4064 οὔτε
2101 4016 2134 4084 ὴ

569 4098 753 4159 ἀνεσις
771 4095 955 4148 ὕπτιον
978 4092 1396 4153 κατεσκεύασεν,
1414 4092 1548 4144 ἀλλά
1569 4092 1660 4144 καὶ
1687 4092 1805 4144 τότε
1835 4094 1967 4163 πρὸς
1987 4096 2142 4167 εὐχα-

574 4178 781 4251 ριστίαν
807 4175 1300 4247 παρασκευάζεται.
1320 4172 1449 4242 Ἐμὲ
1471 4175 1873 4243 ὑπομενοῦσιε
1902 4175 2136 4242 δίκαιοι,

567 4262 680 4326 ἕως
712 4256 784 4315 οὗ
840 4255 1187 4322 ἀνταποδῷς
1226 4275 1346 4325 μοι.
1377 4257 1619 4327 Ἕτερος,
1651 4256 2139 4326 Στεφανώσονται

570 4344 808 4404 δίκαιοι,
838 4340 983 4394 ὅταν
1013 4340 1410 4409 εὐεργετήσῃς
1437 4356 1531 4407 με.
1568 4340 1632 4391 Τί
1658 4342 1770 4393 ἐστι
1806 4340 1994 4406 τοῦτο;
2030 4343 2138 4395 Καὶ

564 4424 692 4487 τοὺς
727 4423 989 4486 δικαίους,
1036 4422 1189 4491 φησί,
1218 4421 1373 4474 τοῦτο
1405 4420 1691 4491 ώφελήσει.
1734 4423 1843 4474 Καὶ
1889 4424 2140 4492 γὰρ-καὶ

566 4509 765 4575 ἐκεῖνοι
803 4504 1294 4575 εὐφρανθήσονται,
1329 4504 1685 4572 χαρήσονται,
1734 4506 2138 4575 σκιρτήσουσιν,

571 4589 769 4653 ἰδόντες
797 4605 897 4658 μου
923 4587 1020 4658 τὴν
1046 4586 1361 4655 ἀπαλλαγὴν
1382 4586 1487 4637 τῶν
1520 4585 1726 4639 δεινῶν.
1751 4586 2007 4641 Τοιαῦται
2033 4588 2140 4658 γὰρ

566 4673 626 4726 αἰ
658 4670 765 4723 τῶν
796 4670 963 4738 ἀγίων
990 4668 1189 4737 ψυχαί·
1223 4669 1316 4721 καὶ
1349 4670 1463 4729 τοῖς
1501 4668 1768 4738 πάσχουσι
1806 4669 1991 4733 κακῶς
2025 4688 2141 4725 συν·

570 4754 825 4823 αλγοῦσι,
878 4755 969 4808 καὶ
1001 4752 1411 4822 εὐθηνουμένοις
1456 4754 1515 4804 οὐ
1558 4752 1962 4822 βασκαίνουσιν.
2007 4755 2141 4810 ἀλλά

567 4840 662 4894 καὶ
704 4838 978 4911 χαίρουσι,
1028 4838 1120 4890 καί
1164 4835 1636 4906 συνευφραίνονται
1689 4839 1783 4888 καὶ
1823 4839 2139 4908 συνήδονται

566 4926 679 4985 τοῖς
705 4922 1195 4993 εὐεργετουμένοις.
1218 4922 1281 4973 ’³0
1311 4920 1401 4972 καί
1429 4918 1636 4981 Παῦλος
1663 4920 1914 4972 ἐκέλευσε
1942 4922 2136 4990 λέγων,
2222 4972 2229 4973 ,

568 5006 802 5074 Χαίρειν
819 5005 967 5073 μετὰ
996 5006 1341 5073 χαιρόντων,
1366 5004 1461 5055 καὶ
1490 5003 1720 5055 κλαίειν
1740 5004 1890 5071 μετὰ
1911 5007 2140 5059 κλαιόν-

567 5105 705 5143 των.
739 5085 815 5141 Οὐ
856 5087 1026 5157 μικρά
1055 5086 1112 5139 δέ
1144 5086 1281 5154 αῦτη
1310 5086 1497 5155 ἀρετή.
1542 5083 1727 5136 Πολλοί
1760 5085 1867 5155 γάρ
1908 5086 2003 5138 καὶ
2035 5105 2140 5140 κει-

573 5172 754 5239 μένοις
801 5170 1117 5238 ἐφήδονται,
1168 5169 1261 5220 κα)⁸
1308 5166 1687 5236 ἀνισταμένοις
1736 5166 2137 5235 βασκαίνουσιν,

568 5253 628 5317 ἐξ
666 5252 944 5322 ὠμότητος
986 5252 1082 5305 καὶ
1125 5249 1515 5319 ἀπανθρωπίας
1558 5249 1758 5320 πολλῆς
1792 5251 2029 5322 ἑκάτερα
2072 5254 2140 5305 τὰ

569 5335 714 5407 πάθη
767 5335 1059 5398 τίκτοντες.
1112 5334 1249 5387 Ἀλλ’
1292 5335 1391 5404 οὐχ
1436 5334 1486 5386 οἰ
1524 5332 1719 5386 δίκαιοι
1766 5333 1972 5399 οὕτως,
2024 5335 2137 5387 ἀλλ’
2200 5388 2205 5399 ι

629 5505 654 5568 ξ’
680 5501 829 5568 ξινίἰ.
862 5504 1376 5568 εουτέστιν,ὁλόκληρος
1396 5503 1626 5568 θησαυρός
1648 5520 1755 5565 μου,
1778 5505 1858 5552 πλ.

628 5560 656 5601 δ
692 5564 845 5630 Sam,
888 5560 1105 5626 φυλακὴν
1132 5566 1221 5630 γάρ
1261 5560 1374 5629 φησι
1412 5560 1495 5623 τὴν
1531 5560 1627 5614 τῶν
1649 5560 1919 5629 ’συμφορῶν
1951 5568 2139 5624 περιϐο-

567 5624 671 5681 >ήν,
695 5626 869 5674 eodem
890 5624 1055 5675 Sensu.

639 5690 658 5715 ι’
684 5687 789 5749 huc;
813 5700 923 5733 mss.
960 5687 1265 5748 ὑπομένουσι,
1290 5686 1340 5736 in
1372 5689 1618 5749 presenti,
1638 5688 1853 5739 Savil.ul
1884 5688 2056 5739 Morel.
2088 5688 2135 5739 in

568 5745 749 5797 futuro.
765 5748 987 5807 Sequens
1010 5745 1174 5799 autem
1195 5745 1539 5811 iuierpfelalio
1561 5745 1639 5800 cst
1660 5749 1950 5812 Symmachi.

1337 354 1395 411 8.
1432 350 1719 421 JOANNIS
1754 353 2146 413 οιιιιγεοετ(

2286 355 2609 421 ARCHIEP.
2650 364 3194 428 CONSTANTINOP.

3745 372 3860 432 ιιι

2261 472 2526 546 ἑκατέρας
2555 477 2758 550 ταύτης
2786 484 2886 552 τῆς
2916 484 3111 547 κακίας
3131 481 3563 555 ἀπηλλαγμένοι,
3586 486 3683 541 καὶ
3703 490 3860 561 ad}.

2260 575 2419 643 μονες
2464 562 2614 628 ὄντες
2663 567 2774 619 καὶ⁴
2798 568 3191 639 φιλάνθρωποι,
3233 569 3333 634 τάς
3381 571 3588 643 ἀρετάς
3640 574 3856 641 ταύτας

2256 642 2514 701 κτῶνται.
2541 651 2750 723 Ὥσπερ
2784 649 2876 707 οὖν
2909 657 3104 709 ἐκεῖνοι
3134 656 3195 721 ἐξ
3232 642 3519 730 ὠμότητος
3550 663 3854 734 ἀμφότερα

2257 734 2576 805 πάσχουσιν,
2605 739 2777 805 οὕτως
2812 737 2954 797 οὗτοι
3003 746 3112 799 ἀπὸ
3142 749 3573 819 φιλανθρωπίας,
3619 751 3702 821 τῷ
3730 769 3796 804 τε
3821 751 3851 792 δ

2257 826 2597 895 συμπάσχειν
2624 828 2868 896 ἀλγοῦσι,
2901 831 3053 905 [447]
3088 833 3166 904 τῷ
3198 851 3256 887 τε
3295 837 3614 908 συγχαίρειν
3645 834 3706 893 εὖ
3741 838 3853 893 πάρ

2258 924 2462 980 σχουσι.

2323 1032 2421 1085 Διά
2461 1034 2512 1087 τί
2542 1034 2600 1089 δέ
2631 1035 2801 1104 εἶπεν,
2841 1040 3207 1108 Ἀνταποδῷς
3237 1061 3373 1113 μοις
3408 1045 3466 1099 '0
3500 1046 3603 1117 μὲν
3654 1046 3851 1118 ἕτερός

2252 1136 2435 1189 φησιν,
2456 1122 2631 1175 Ὅταν
2658 1126 3057 1195 εὐεργετήσῃς
3078 1139 3175 1198 με’.
3196 1131 3259 1184 Ol
3289 1131 3346 1184 δὲ
3372 1132 3544 1198 ἄλλοι,
3562 1134 3852 1190 {Artaxa-

2249 1205 2366 1271 δῷς
2396 1208 2493 1261 καί
2523 1211 2748 1279 ἀμείψῃ
2778 1229 2875 1282 με.
2920 1216 3112 1268 Καίτοι
3142 1233 3205 1284 γε
3225 1219 3485 1290 ἀνωτέρω
3526 1220 3713 1290 θλίψιν
3745 1221 3852 1274 καὶ

2248 1294 2578 1349 ταπείνωσιν
2624 1293 2798 1365 εἶπεν,
2841 1300 2913 1352 οὐ
2938 1302 3360 1374 κατορθώματα,
3391 1307 3485 1359 καὶ
3519 1307 3849 1378 παρρησίαν

2247 1378 2346 1449 τὴν
2385 1382 2493 1433 ἀπὸ
2530 1382 2639 1438 τῶν
2666 1383 2863 1455 ἔργων.
2904 1387 3049 1441 ’Δντὶ
3077 1389 3219 1453 τίνος
3250 1391 3307 1444 δὲ
3347 1392 3442 1445 καί
3475 1394 3844 1447 ἀνταπόδοσιν

2248 1467 2419 1531 aitet;
2465 1469 2610 1523 Ἀντί
2639 1470 2748 1525 τῶν
2774 1474 2995 1544 ἡμερῶν
3035 1474 3135 1545 τῆς
3174 1480 3577 1543 ταπεινώσεως.
3603 1481 3682 1533 οὐ
3726 1481 3845 1552 γάρ

2253 1553 2447 1625 μικρὸν
2500 1557 2784 1612 καὶτοῦτο
2836 1560 3195 1632 κατόρθωμα,
3247 1564 3307 1617 τὸ
3355 1563 3535 1635 θλίψιν
3586 1567 3845 1637 ἐνεγκεῖν

2249 1642 2365 1712 μετ’
2410 1643 2778 1714 εὐχαριστίας.
2828 1647 2921 1700 Διὸ
2970 1648 3066 1702 καὶ
3115 1651 3474 1705 ἀνταπόδοσιν
3526 1652 3688 1706 καλεῖ
3736 1653 3845 1725 τὴν

2249 1728 2386 1798 μετά
2417 1730 2591 1786 ταῦτα
2624 1732 2880 1803 ἀμοιϐήν.
2918 1736 3008 1807 Μὴ
3051 1738 3232 1790 τοίνυν
3283 1739 3419 1808 μηδὲ
3450 1741 3615 1809 ἡμεῖς
3656 1738 3841 1795 ἀλύω-

2250 1830 2349 1884 μεν
2391 1816 2449 1868 ἐν
2494 1818 2612 1879 ταῖς
2658 1816 2920 1889 θλίψεσιν,
2964 1821 3081 1896 ἀλλ’
3119 1822 3408 1894 εὐχώμεθα
3444 1826 3520 1896 μὴ
3558 1827 3837 1880 εἰσελθεῖν

2246 1901 2326 1963 εἰς
2377 1903 2713 1973 πειρασμόνο
2761 1905 2981 1961 ἐπιόντα
3024 1892 3081 1961 δέ
3125 1892 3564 1980 δεχώμεθαίΤά
3613 1928 3674 1964 τε
3722 1913 3839 1983 γὰρ

2210 2014 2211 2017 η
2245 1986 2374 2040 ὅντα
2404 1990 2776 2060 ἁμαρτήματα
2810 1993 3204 2066 ἀποτιθέμεθα,
3247 1998 3341 2049 καὶ
3373 1999 3426 2051 εί
3464 2015 3591 2051 τινα
3626 1999 3835 2053 δικαιο-

2246 2075 2411 2146 σύνην
2448 2075 2662 2147 ἔχομεν,
2709 2081 2967 2153 κάκείνην
3019 2082 3403 2156 λαμπροτέραν
3455 2085 3833 2157 ἐργαζόμεθα.

2244 2164 2354 2218 Καὶ
2384 2165 2542 2218 τοῦτο
2580 2166 2851 2222 δείκνυσιν
2890 2170 2919 2222 6
2961 2170 3102 2236 Ἰὼϐ,
3144 2172 3263 2226 τότε
3300 2173 3563 2243 μειζόνως
3596 2175 3832 2245 διαλάμ-

2242 2249 2368 2319 ψας.
2401 2252 2569 2305 Τοῦτο
2603 2255 2698 2307 καὶ
2745 2257 2802 2308 ἐν
2853 2256 3099 2327 σώμασιν
3144 2259 3385 2327 ἀγαθόν’
3431 2261 3591 2314 τοῦτο
3624 2263 3725 2316 οὐκ
3772 2264 3835 2316 ἐν

2242 2337 2548 2409 ἀνθρώποις
2584 2341 2765 2410 μόνον,
2797 2343 2930 2396 ἀλλά
2965 2346 3061 2397 καί.
3100 2348 3156 2399 ἐν
3191 2345 3438 2413 ἀλόγοις·
3474 2348 3576 2401 οὐκ
3612 2350 3670 2401 ἐν
3709 2348 3837 2402 ἀλό-

2244 2440 2358 2491 γοις
2379 2425 2559 2495 μόνον,
2582 2426 2716 2481 ἀλλά
2745 2431 2837 2483 καί.
2862 2432 2919 2483 ἐν
2952 2434 3155 2501 φυτοῖς.
3183 2434 3280 2487 Διά
3308 2433 3370 2504 δὴ
3388 2435 3548 2487 τοῦτο
3576 2434 3699 2489 οὐδὲ
3712 2438 3832 2499 ταῖς

2243 2511 2511 2581 ἀμπέλοις
2544 2516 2916 2587 συγχωροῦσιν
2965 2520 3012 2571 οἰ
3058 2520 3285 2593 γηπόνοι
3326 2521 3464 2591 ὑπὲρ
3518 2520 3579 2573 τὸ
3630 2523 3831 2591 μέτρον

2242 2600 2420 2669 κομᾷν
2452 2610 2498 2663 ο,
2533 2600 2652 2653 οὐδὲ
2697 2602 2905 2674 ἐτέροις
2936 2604 3201 2675 δένδροις,
3246 2606 3382 2659 ἀλλά
3431 2605 3701 2660 κωλύουσι
3732 2607 3831 2676 τὴν

2241 2686 2322 2749 εἰς
2378 2684 2439 2738 τὸ
2484 2688 2672 2757 πρόσω
2732 2689 2925 2758 φοράν,
2981 2695 3046 2761 τῇ
3101 2691 3614 2765 δρεπάνῃυᾶπασαν
3658 2695 3831 2765 αὐτῆς

2240 2772 2340 2843 τὴν
2426 2774 2657 2844 δύναμιν
2728 2778 2809 2839 εἰς
2895 2778 2993 2847 τὴν
3079 2779 3234 2849 ῥίζαν
3327 2781 3828 2851 περιστρέφοντες,

2241 2858 2379 2913 ὥστε
2415 2861 2489 2931 μὴ
2518 2864 2574 2914 ἐν
2604 2864 2714 2926 τοῖς
2750 2863 2965 2932 φύλλοις
2997 2866 3363 2919 ἀναλωθείσαν
3394 2868 3563 2939 αὐτὴν
3585 2869 3829 2940 ἐξίτηλον

2243 2948 2482 3016 ἐνεγκεῖν
2510 2948 2599 3002 τὸν
2634 2951 2865 3021 καρπόν.
2902 2953 3078 3023 Ὅπερ
3108 2956 3201 3007 καί
3223 2955 3321 3013 ἐπι
3344 2957 3651 3026 ἀνθρώπων
3683 2972 3826 3027 συμ-

2244 3034 2433 3087 ϐαίνει.
2473 3035 2584 3103 Τῆς
2603 3037 2712 3105 γὰρ
2738 3038 2973 3107 σπουδῆς
3002 3040 3084 3101 εἰς
3105 3040 3172 3092 τά
3201 3042 3430 3111 περιττά
3462 3043 3827 3111 ἀναλισκομέ-

2242 3138 2358 3191 νης,
2394 3122 2700 3191 ἀτονωτέρα
2729 3124 2934 3191 γίνεται
2959 3127 2991 3196 ὴ
3014 3125 3159 3197 ψυχὴ
3186 3116 3319 3199 πρὸς
3344 3129 3404 3181 τὸ
3425 3130 3525 3199 τῆς
3540 3130 3827 3194 εὐσεϐείας

2239 3212 2450 3282 καρπὸν
2480 3209 2688 3281 ῶριμον
2715 3212 2959 3281 ἐνεγκεῖν
3001 3215 3095 3267 καὶ
3133 3216 3465 3284 ἀκμάζοντα.
3514 3216 3688 3269 Τοῦτο
3731 3218 3828 3270 καὶ

2239 3298 2335 3350 ἐπί¹
2389 3297 2597 3351 ὑδάτων
2644 3298 2741 3352 ίδοι
2792 3317 2875 3363 τις
2912 3301 2998 3355 ἀν.
3061 3302 3133 3355 Τὸ
3169 3303 3269 3372 μὲν
3309 3304 3417 3373 γὰρ
3461 3305 3693 3374 ἐστηκὺς
3732 3304 3826 3368 καὶ

2240 3387 2556 3458 ἀπόρευτον,
2593 3387 2851 3457 βλαϐερόν
2880 3406 2891 3419 ·
2913 3389 2972 3441 τὸ
3000 3389 3055 3443 δέ
3079 3392 3393 3462 κινούμενον
3413 3394 3507 3447 καί
3537 3392 3826 3459 ἐξαντλού-

2244 3492 2400 3546 μενον
2435 3477 2528 3529 καί
2557 3476 3060 3548 μετοχετευόμενον,
3091 3480 3150 3532 οὐ
3179 3481 3337 3550 μόνον
3376 3481 3615 3548 ὐγιεινδν
3637 3522 3652 3544 ,
3688 3481 3827 3536 ἀ).λά

2241 3563 2335 3615 καὶ
2368 3561 2495 3616 ἰδεῖν
2523 3562 2615 3614 καί.
2638 3562 2877 3633 ἅψασθαι
2904 3567 2996 3618 καί
3012 3568 3155 3618 πιεῖν
3168 3566 3316 3637 ἥδιόν
3344 3569 3483 3621 ἐστι.
3508 3567 3776 3631 Πολλάκις
3801 3566 3819 3607 ί

2238 3650 2295 3703 δὲ
2328 3651 2421 3703 καὶ
2446 3649 2543 3721 τὴν
2578 3652 2739 3719 φύσιν
2762 3652 3012 3722 ἐνίκησεν
3040 3656 3073 3724 ὴ
3098 3653 3292 3723 θλίψις.
3323 3655 3397 3707 Τὺ
3432 3656 3543 3725 γάρ
3568 3672 3824 3725 κατωφε-

2243 3737 2334 3808 ρὲς
2371 3737 2639 3790 τοῦτοκαὶ
2678 3741 2837 3808 ῥυτὸν
2868 3738 3183 3809 θλιϐόμενον
3213 3741 3348 3811 πρὸς
3382 3744 3482 3811 τὴν
3508 3741 3620 3795 ἄνω
3648 3743 3823 3813 φοράν

2240 3824 2663 3889 ἐξακοντίζεται.
2707 3826 2771 3877 Ὃ
2809 3824 2871 3897 δὴ
2903 3826 2997 3878 καί
3044 3828 3129 3880 ἐπ’
3172 3827 3473 3899 ἀνθρώπων
3503 3829 3818 3899 συμϐαίνει.

2241 3912 2303 3964 Οἰ
2336 3909 2444 3981 γὰρ
2489 3910 2725 3973 εὐκόλως
2764 3911 2861 3974 τάς
2905 3911 3112 3981 θλίψεις
3160 3913 3433 3983 φέροντες,
3494 3915 3819 3985 ὑψηλότεροι

2240 3999 2610 4064 καθίστανται,
2648 4000 2751 4053 κᾶν
2787 4000 2993 4071 σφόδρα
3020 3996 3122 4055 ὦσι
3166 4002 3509 4073 χαμαίζηλοι,
3562 4005 3658 4057 καὶ
3693 4004 3822 4073 σφό-

2238 4089 2340 4159 δρα
2376 4089 2575 4159 γήῖνοι,
2607 4089 2701 4142 καὶ
2730 4092 2997 4156 ταπεινοὶ,
3036 4092 3248 4160 μεγάλα
3294 4091 3545 4145 ἐντεῦθεν
3599 4093 3821 4163 κερδαί-

2238 4192 2407 4230 νουσι.
2447 4175 2609 4229 Ταῦτ’
2638 4174 2730 4230 οὖν
2763 4178 2982 4242 εἰδότες,
3012 4180 3266 4251 φέρωμεν
3299 4180 3415 4251 μετ’
3466 4182 3818 4250 εὐχαριστίας

2239 4262 2309 4316 τὰ
2341 4264 2657 4334 ἐπαγόμενα
2693 4264 2863 4330 δεινὰ,
2904 4267 2991 4319 ἵνα
3034 4268 3261 4321 κάκεῖνα
3300 4267 3645 4339 εὐκολώτερα
3688 4271 3820 4340 ἡμῖν

2240 4352 2483 4420 γένηται,
2539 4352 2633 4404 καὶ
2685 4351 2795 4403 τῶν
2846 4354 3144 4422 μελλόντων
3186 4353 3530 4423 ἐπιτύχωμεν
3574 4355 3814 4423 ἀγαθῶν⁸

2239 4432 2313 4491 ὧν
2341 4438 2551 4506 γένοιτο
2585 4441 2791 4502 πάντας
2828 4442 2976 4509 ἡμᾶς
3008 4440 3320 4511 ἀξιωθῆναι,
3359 4442 3544 4513 xcipr
3571 4443 3665 4496 καὶ
3696 4442 3817 4510 φιλ-

2242 4523 2527 4596 ανθρωπίᾳ
2566 4525 2660 4579 τοῦ
2715 4526 2920 4597 Κυρίου
2962 4528 3121 4597 ἡμῶν
3176 4527 3349 4598 Ἰησοῦ
3384 4528 3658 4598 Χριστοῦ,

2241 4612 2365 4677 δόξα
2413 4616 2507 4667 καί⁵
2538 4615 2599 4667 τὸ
2642 4615 2841 4686 κράτος
2884 4618 2962 4679 εἰς
3003 4619 3129 4681 τοὺς
3182 4617 3381 4681 αἰῶνας
3428 4618 3537 4672 τῶν
3567 4618 3812 4675 αἰώνων.

2254 4702 2444 4773 Ἀμήν.

2612 4809 2722 4863 ΕΙΣ
2757 4810 2893 4867 ΤυΝ
2926 4809 3082 4865 PMB’
3116 4811 3441 4867 ΨΔΛΜΟΝ.

2385 4934 2580 5002 Κύριε,
2615 4934 2985 4989 εἰσάκουσον
3013 4935 3121 5005 τῆς
3150 4935 3498 5005 προσευχῆς
3537 4956 3673 5005 μου.

2312 5069 2379 5115 α’.
2409 5065 2563 5117 Ἔστι
2596 5061 2695 5132 μὲν
2718 5061 2994 5135 προσευχὴ
3028 5066 3123 5117 καί
3147 5065 3178 5135 ἡ
3206 5065 3291 5118 διά
3323 5066 3586 5136 ῥημάτων
3612 5066 3811 5137 δέησις,

2240 5152 2352 5206 ἔστι
2382 5152 2437 5205 δὲ
2485 5154 2576 5205 καί
2623 5154 2657 5223 ἡ
2714 5152 3012 5221 ἐπαγγελία
3040 5155 3085 5208 ε.
3112 5154 3210 5208 Διά
3246 5155 3405 5209 τοῦτο
3428 5156 3520 5209 καί
3541 5174 3626 5220 τις
3658 5158 3815 5227 σοφὸς

2298 5319 2326 5359 ἀ
2359 5321 2504 5371 Savil.
2525 5321 2581 5369 τό
2601 5337 2653 5369 τε
2679 5320 2768 5371 bis.

2304 5387 2327 5411 °
2348 5381 2446 5454 ᾼιίἰ
2474 5384 3075 5454 ἀμπέλοιςηέπιτρέπουσιν
3096 5387 3141 5432 οἰ
3162 5384 3360 5446 ῃπὸνοι
3397 5386 3551 5445 ἀδεῶς
3574 5395 3749 5453 κομᾷν,
3768 5391 3815 5441 id

2238 5444 2367 5506 quod
2393 5444 2566 5491 eodem
2595 5446 2785 5492 recidit.
2858 5444 2866 5447 ’
3175 5444 3182 5446 “
3542 5444 3545 5445 ⁷
3639 5444 3649 5453 ”

2304 5503 2324 5579 ξ
2352 5506 2508 5579 μίξεσι
2532 5505 2734 5579 έστηκςκ
2775 5507 2855 5553 καὶ
2878 5504 3050 5579 ἀργοῦν
3072 5508 3320 5579 φθείρεται·
3344 5508 3659 5579 τδδέῥιπιζὸ

2240 5569 2319 5633 καί
2344 5567 2591 5633 ἀγόμενον,
2617 5567 2698 5633 καί
2719 5567 3099 5633 περιφερόμενον,
3136 5567 3444 5633 ὐγιεινὸτερὸν
3478 5567 3580 5619 ἐστι
3603 5567 3684 5621 καὶ
3708 5567 3813 5623 ἰδᾶέ

2238 5630 2318 5677 καὶ
2339 5629 2547 5689 ἅψασθαι
2556 5664 2567 5687 ,
2587 5629 2668 5675 καί
2685 5630 2805 5675 πιεῖν
2826 5629 2974 5676 ἥδιον·
2999 5629 3241 5686 πολλάκις.
3257 5631 3338 5679 Sic
3361 5629 3545 5683 Savilio
3567 5635 3815 5685 referente

2238 5692 2288 5742 in
2304 5695 2489 5800 Elea
2509 5750 2608 5799 ἰστι
2628 5751 2677 5799 ει
2697 5753 2937 5815 προσευχή
2958 5753 3038 5800 καί
3060 5756 3087 5810 ἡ
3116 5751 3383 5814 ἐπαγγελία.
