4056 6436
221 403 337 461 «MS

212 515 487 585 iurgium;
518 519 575 569 et
600 522 778 568 tamen
814 508 1023 565 etiamsi
1052 505 1168 563 lure
1198 506 1375 562 omnia
1403 504 1691 574 desperata
1720 506 1831 561 sint

209 603 360 675 apud
408 602 677 669 homines,
726 614 1018 670 omnesque
1062 597 1259 653 defessi
1304 604 1358 651 et
1386 595 1545 653 malis
1583 596 1828 652 exhausti

209 695 408 761 simus,
442 694 534 749 tibi
566 702 744 748 tamen
770 690 949 745 omnia
982 695 1109 742 sunt
1135 686 1306 742 facilia
1336 702 1350 741 :
1383 683 1528 743 unde
1566 687 1728 742 etiam
1774 686 1827 741 in

209 796 267 843 t3
297 792 581 856 sperantes
608 782 829 837 minime
854 778 1267 849 languescimus.
1298 775 1479 832 Portio
1527 794 1641 831 mea
1682 792 1735 831 es
1774 776 1828 830 in

209 886 352 930 terra
375 874 668 928 visentium.
718 872 829 926 lloe
850 880 951 933 est,
997 870 1130 924 Sors
1168 882 1312 935 mea,
1344 869 1626 922 thesaurus
1653 881 1826 934 meus,

210 964 603 1028 divitiza‘mete,
636 962 813 1016 omnia
846 960 960 1028 ipse
995 975 1079 1017 es.
1105 957 1171 1014 In
1203 969 1339 1013 terra
1362 958 1653 1013 viventium.
1698 956 1829 1013 Ter-

210 1068 331 1109 ram
360 1052 656 1108 viventium
683 1050 770 1105 hic
799 1062 957 1107 vocat
984 1052 1210 1122 patriam
1240 1063 1414 1104 suam.
1451 1046 1826 1118 Captivitatem

212 1142 362 1201 enim
416 1141 793 1213 Babylonicam
833 1143 1035 1198 inferos
1077 1150 1133 1196 et
1183 1147 1414 1195 mortem
1463 1152 1607 1209 saepe
1648 1146 1825 1195 vocat.

216 1234 428 1295 Deinde
452 1236 578 1310 quia
616 1254 739 1293 cum
764 1238 816 1292 in
844 1237 1018 1291 aliena
1048 1242 1192 1289 esset
1216 1231 1460 1303 regione,
1506 1232 1696 1287 solitus
1721 1246 1828 1286 non

216 1333 579 1404 peragebatur
605 1331 803 1396 cultus,
836 1330 942 1385 illic
968 1337 1147 1383 autem
1175 1326 1355 1380 omnia
1385 1339 1535 1379 sacra
1564 1332 1618 1378 et
1638 1339 1829 1379 omnes

215 1424 584 1493 implebantur
620 1420 944 1477 ceremoniae
974 1436 988 1472 :
1017 1428 1301 1489 propterea
1327 1416 1478 1479 dicit,
1514 1414 1691 1469 Portio
1718 1431 1831 1469 mea

216 1532 271 1572 es
297 1517 351 1570 in
379 1526 516 1571 terra
546 1515 832 1570 viventium.
865 1513 1092 1582 Semper
1129 1510 1235 1566 mei
1263 1524 1447 1565 curam
1477 1509 1712 1579 gessisti,
1747 1509 1831 1562 in-

214 1606 357 1676 quit,
407 1614 464 1662 et
488 1621 573 1661 me
600 1605 693 1660 tibi
722 1604 1040 1659 familiarem
1066 1601 1234 1657 fecisd
1258 1600 1315 1656 in
1348 1609 1487 1655 terra
1511 1600 1827 1666 viventium,

214 1705 273 1754 et
304 1713 495 1769 magna
522 1696 653 1752 mihi
681 1707 855 1750 tecum
885 1693 1189 1750 intercessit
1216 1691 1543 1765 conjunctio.

291 1788 519 1845 Peerata
561 1804 839 1859 numquam
869 1787 1020 1858 digne
1046 1785 1185 1840 Deus
1214 1787 1398 1857 punit;
1423 1784 1673 1853 confessio
1703 1799 1829 1856 gra-

216 1881 410 1935 tiaram
432 1880 583 1934 actio.
609 1908 687 1920 —
709 1880 765 1933 7.
796 1876 1015 1933 Intende
1058 1876 1128 1930 ad
1167 1875 1573 1947 deprecationem
1624 1890 1788 1929 meam
1810 1915 1827 1943 ,

214 1973 344 2039 quia
394 1971 690 2024 humiliatus
738 1984 852 2023 sum
894 1968 1065 2023 nimis.
1088 1965 1253 2022 Vides
1279 1965 1551 2038 quomodo
1577 1964 1719 2035 quod
1750 1972 1832 2019 su-

215 2063 409 2135 perius
431 2062 588 2127 dixit,
638 2062 741 2117 hoc
764 2062 925 2116 etiam
948 2059 1099 2130 ponit
1127 2058 1216 2115 hic
1244 2073 1348 2129 pro
1374 2058 1457 2113 sui
1488 2056 1827 2123 defensione,

218 2154 370 2226 quod
398 2153 711 2208 humiliatus
732 2152 821 2218 sit,
848 2151 1086 2222 inquam,
1118 2149 1263 2220 quod
1291 2157 1631 2219 peccatorum
1670 2161 1830 2217 supra

218 2246 446 2303 modum
498 2251 687 2316 pennas
728 2243 953 2299 dederit.
985 2242 1099 2297 lloc
1128 2252 1332 2306 autem,
1375 2238 1569 2305 Nimis,
1600 2254 1706 2294 non
1749 2247 1833 2293 est

216 2355 412 2395 eorum
449 2354 567 2406 qum
607 2337 741 2390 facta
790 2344 914 2390 sunt
950 2332 1420 2403 reprehensionis,
1446 2331 1540 2387 sed
1584 2331 1703 2400 ejus
1741 2331 1831 2399 qui

218 2429 426 2501 patitur
450 2428 653 2483 doloris
686 2435 741 2481 et
771 2426 1119 2479 infirmitatis.
1149 2423 1205 2479 Si
1237 2423 1403 2486 enim,
1434 2421 1560 2492 quid
1615 2430 1830 2491 peccata

230 2528 567 2579 mereantur.
600 2516 924 2588 respexeris,
957 2524 1166 2570 nonest
1188 2514 1350 2569 nimia
1382 2512 1684 2569 humiliatio
1708 2530 1722 2567 :
1750 2512 1832 2566 sin

217 2621 408 2666 autem
467 2609 585 2680 ejus
633 2608 724 2679 qui
774 2606 877 2662 fert
924 2605 1387 2671 imbecillitatem,
1448 2603 1613 2658 nimia
1652 2611 1736 2657 est
1779 2611 1835 2657 et

223 2718 391 2773 supra
443 2701 682 2757 modum.
726 2701 866 2756 Deus
910 2698 1056 2755 enim
1103 2712 1394 2768 numquam
1427 2710 1614 2765 poenas
1668 2694 1836 2750 sumit

220 2802 458 2866 quantas
487 2801 764 2865 merentur
814 2801 1055 2862 peccata.
1086 2788 1240 2857 Quod
1271 2789 1325 2844 si.
1347 2790 1412 2845 iis
1439 2787 1528 2859 qui
1561 2789 1835 2858 patiuntur

220 2884 439 2940 videtur
486 2900 611 2941 esse
664 2881 1060 2947 intolerabilis,
1118 2880 1172 2937 id
1220 2895 1327 2934 non
1366 2894 1433 2934 ex
1487 2894 1673 2933 corum
1712 2893 1834 2948 qua:

224 2982 367 3033 fiunt
394 2987 583 3032 natura
608 2974 985 3047 proficiscitur,
1013 2972 1108 3028 sed
1138 2987 1207 3027 ex
1242 2970 1606 3027 imbecillitate
1644 2984 1834 3024 eorum

223 3070 321 3139 qui
350 3070 437 3123 illa
464 3068 752 3123 sustinent.
787 3065 968 3120 Libera
995 3081 1074 3118 me
1101 3080 1134 3118 a
1164 3061 1571 3134 persequentibus
1597 3079 1694 3128 me,
1716 3062 1837 3132 quia

229 3160 637 3229 confartatisum
663 3175 815 3228 super
833 3174 933 3211 me.
956 3156 1095 3211 Ecce
1108 3170 1299 3211 rursus
1322 3155 1621 3225 aliacausa,
1643 3167 1838 3223 nempe

229 3253 449 3322 injustte
478 3266 690 3318 eorum,
709 3252 795 3321 qui
825 3251 972 3305 illum
1001 3251 1277 3304 incessunt
1307 3289 1322 3315 ,
1355 3246 1583 3311 insidiae,
1614 3254 1668 3301 et
1692 3244 1835 3316 quod

226 3344 346 3414 ipse
378 3343 447 3398 sit
475 3341 632 3397 valde
655 3340 977 3397 imbecillus.
1004 3342 1056 3395 8.
1085 3338 1230 3393 Educ
1264 3339 1328 3392 de
1359 3338 1589 3392 custodia
1612 3338 1838 3391 animant

225 3450 397 3487 meam
436 3477 453 3499 ,
491 3432 561 3486 ad
596 3432 940 3501 conﬁtendum
991 3431 1183 3484 nomini
1235 3439 1338 3484 tuo.
1390 3429 1645 3484 Confiteri
1680 3470 1697 3497 ,
1750 3429 1839 3483 hic

234 3514 459 3597 pmiitur
498 3540 599 3596 pro
642 3540 709 3579 eo
746 3523 891 3594 quod
924 3531 1006 3578 est
1048 3524 1248 3596 gratias
1288 3536 1468 3593 agere.
1492 3522 1608 3578 Hoc
1636 3530 1719 3578 est
1744 3537 1843 3577 au-

230 3626 341 3672 tem
373 3658 389 3683 ,
416 3615 557 3685 quod
586 3614 751 3670 dicit:
784 3614 979 3670 Libera
1008 3630 1096 3669 me
1119 3629 1150 3668 a
1171 3614 1345 3668 malis.
1395 3613 1503 3669 Per
1541 3612 1838 3669 custodiam

228 3706 401 3773 enim,
433 3720 527 3760 seu
571 3720 844 3761 carcerem
877 3748 892 3772 ,
924 3705 1190 3776 significat
1216 3718 1453 3759 summas
1482 3704 1837 3759 calamitates.

304 3800 363 3854 5.
403 3798 483 3852 Ad
506 3799 848 3867 conﬁtendum
872 3799 1066 3853 nomini
1088 3808 1195 3853 tuo.
1233 3797 1348 3852 Hoc
1374 3812 1590 3868 quoque
1616 3805 1700 3853 est
1727 3812 1837 3852 non

229 3905 455 3961 parvum
486 3931 503 3956 ,
533 3898 592 3945 ut
611 3891 701 3960 qui
724 3890 885 3946 rebus
910 3898 1129 3945 utuntur
1157 3889 1412 3946 secundis
1439 3929 1454 3954 ,
1486 3898 1835 3960 acceptorum

232 3980 617 4037 beneficiorum
642 3981 862 4037 minime
887 3982 1289 4036 obliviscantur.
1318 3981 1466 4035 Multi
1493 3982 1637 4037 enim
1662 3982 1841 4037 homi-

230 4086 333 4127 nes
371 4072 426 4126 in
474 4072 852 4127 afflictionibus
899 4072 1115 4143 quidem
1164 4080 1289 4127 sunt
1329 4072 1703 4143 diligentiores
1738 4090 1753 4140 ;
1786 4077 1839 4129 in

234 4166 401 4222 rebus
423 4174 603 4220 autem
636 4166 910 4235 prosperis
935 4208 950 4234 ,
978 4167 1091 4221 otio
1116 4165 1458 4220 socordiores
1492 4184 1505 4220 :
1537 4166 1625 4221 alii
1656 4182 1841 4224 rursus

234 4259 287 4313 in
318 4257 499 4326 quiete
521 4268 572 4311 et
599 4258 759 4313 rebus
779 4256 1029 4312 secundis
1055 4266 1175 4312 sunt
1206 4257 1560 4327 negligentes,
1587 4265 1642 4313 et
1673 4259 1727 4313 in
1758 4274 1843 4315 re-

233 4350 336 4405 bus
365 4348 605 4404 adversis
633 4348 703 4404 de
730 4363 790 4405 se
812 4349 1120 4419 desperant,
1152 4357 1207 4404 et
1229 4348 1366 4403 fiunt
1389 4349 1711 4420 supiniores.
1734 4348 1842 4404 Sed

234 4441 325 4496 hic
364 4441 418 4495 in
466 4447 689 4510 utraque
735 4440 926 4494 horum
968 4449 1267 4508 temporum
1311 4438 1611 4500 differentia
1662 4450 1845 4495 manet

235 4547 457 4603 semper
502 4531 748 4587 eamdem
792 4531 1096 4587 cautionem
1140 4531 1443 4597 adhibens;
1478 4547 1652 4601 neque
1699 4533 1843 4586 enim

234 4624 481 4689 afflictio,
511 4632 570 4680 ut
595 4625 638 4677 is
663 4624 844 4679 animo
869 4623 1214 4689 concideret,
1244 4623 1425 4679 eﬂ'e’cit
1453 4666 1468 4690 ,
1497 4623 1591 4680 sed
1620 4623 1687 4679 ad
1713 4640 1840 4679 ora-

238 4719 440 4774 tionem
491 4718 668 4787 potius
711 4725 766 4772 et
811 4717 1254 4787 supplicationem
1296 4731 1421 4771 eum
1439 4716 1701 4772 adducit:
1744 4731 1849 4789 nec

237 4826 418 4867 rerum
450 4824 824 4879 prosperarum
847 4823 1134 4863 successus
1168 4816 1223 4864 et
1248 4808 1415 4864 otium
1442 4823 1567 4863 eum
1594 4808 1846 4878 supinum

239 4902 495 4965 reddidit,
526 4900 620 4955 sed
647 4910 773 4955 tunc
792 4900 1193 4968 etiamparatus
1222 4910 1305 4955 est
1330 4900 1396 4954 ad
1427 4901 1718 4971 gratiarum
1749 4916 1844 4955 ac-

242 4996 467 5048 tionem.
501 4993 587 5047 Me
612 4993 974 5063 exspectabant
994 4994 1167 5064 justi,
1215 4992 1375 5046 donec
1413 4992 1665 5047 retribuas
1700 4994 1847 5047 milii.

242 5085 414 5146 Alius,
442 5082 770 5137 Coronubunt
790 5084 921 5153 justi
944 5124 958 5148 ,
989 5082 1195 5153 quando
1218 5100 1297 5137 me
1325 5083 1567 5154 beneﬁcio
1591 5082 1846 5151 aﬂ'eceris.

241 5176 379 5245 Quid
409 5175 513 5230 hoc
550 5176 682 5230 est?
727 5175 837 5229 lloc
876 5190 1090 5245 quoque
1111 5174 1271 5244 justis
1304 5174 1566 5245 proderit.
1602 5174 1679 5229 llli
1706 5175 1861 5230 enim

240 5268 570 5338 gaudebunt,
602 5267 781 5322 laetitia
814 5266 1117 5323 afficientur
1144 5308 1161 5334 ,
1193 5267 1538 5322 exsultabunt
1570 5308 1584 5332 ,
1614 5283 1735 5322 cum
1765 5283 1852 5323 me

249 5360 475 5415 viderint
506 5360 787 5415 libentem
819 5376 847 5415 a
876 5360 1049 5415 malis.
1085 5360 1245 5416 Tales
1286 5361 1432 5415 enim
1478 5371 1603 5416 sunt
1634 5369 1852 5416 sancto-

246 5468 363 5504 rum
392 5450 626 5505 animm:
660 5466 848 5506 eorum
877 5466 998 5506 cum
1028 5451 1222 5521 quibus
1260 5453 1401 5507 male
1437 5453 1613 5523 agitur
1639 5493 1654 5517 ,
1685 5452 1852 5507 mise-

248 5550 455 5605 rentur;
481 5556 579 5595 uec
603 5541 666 5595 iis
687 5540 1140 5611 invidentquibus
1164 5557 1251 5597 res
1272 5541 1523 5599 secunda:
1549 5544 1851 5609 evenerint,

249 5634 342 5688 sed
372 5633 607 5703 gaudent
630 5642 684 5689 et
712 5634 959 5689 laetantur
986 5676 1001 5701 ,
1054 5643 1109 5689 et
1156 5634 1222 5689 iis
1262 5635 1351 5705 qui
1384 5634 1645 5689 beneﬁcio
1675 5633 1855 5690 allecti

250 5735 377 5779 sunt
399 5724 755 5795 gratulantur.
784 5725 938 5791 Quod
960 5726 1121 5780 etiam
1148 5725 1310 5793 jussit
1341 5725 1561 5791 Paulus,
1591 5722 1854 5793 Gaudere,

252 5815 520 5888 inquiens,
538 5831 656 5871 cum
676 5816 1030 5889 gaudentibus,
1061 5827 1106 5871 et
1132 5818 1255 5888 [fere
1282 5834 1395 5872 cum
1423 5816 1851 5888 ﬂentibus(Rom.

1352 388 1716 448 ΕΧΡΟΒΙἭΟ
1758 389 1821 445 ΙΝ
1852 389 2177 448 PSALMUM
2212 388 2421 453 CIL".

3426 408 3536 467 H6

1944 506 2033 561 η.
2066 508 2176 576 15).
2202 505 2320 564 Νοη
2347 518 2430 564 est
2457 516 2637 564 autem
2664 507 2782 565 haec
2812 522 2973 581 parva
3000 509 3191 565 virtus.
3225 508 3375 565 Multi
3400 510 3548 566 enim

1932 598 2240 667 jacentibus
2264 598 2555 655 laetabundi
2578 600 2856 668 insultant,
2884 608 2940 656 et
2968 615 3028 657 se
3052 601 3382 673 erigentibus
3409 602 3551 658 iuvi~

1936 688 2068 746 deut
2086 732 2099 755 ,
2130 705 2197 746 ex
2223 690 2544 747 crudelitate
2567 700 2623 747 et
2646 706 2856 747 summa
2882 692 3272 749 inhumanitate
3295 702 3549 763 utrasque

1940 779 2037 837 bas
2068 781 2499 851 perturbationes
2524 784 2689 838 animi
2722 784 3015 854 parientes.
3044 786 3112 838 At
3138 799 3246 839 non
3274 785 3352 839 sic
3376 784 3545 855 justi,

1936 870 2032 927 sed
2064 872 2133 927 ab
2160 874 2263 927 hoc
2287 883 2516 944 utroque
2541 875 2672 929 vitio
2698 874 2933 941 liberati,
2957 889 3079 930 cum
3107 873 3217 929 sint
3238 876 3552 931 misericor-

1936 963 2037 1020 des
2066 974 2119 1020 et
2156 964 2455 1021 clementes
2484 1008 2501 1034 ,
2529 964 2629 1021 bas
2664 966 2892 1023 virtutes
2932 967 3233 1037 possident.
3278 967 3550 1035 Quemad-

1937 1054 2155 1111 modum
2188 1071 2319 1126 ergo
2344 1057 2448 1112 illis
2475 1071 2540 1112 ex
2568 1057 2889 1113 crudelitate
2914 1066 3138 1129 utraque
3166 1059 3443 1125 eveniunt,
3475 1060 3544 1114 ita

1938 1143 2022 1200 his
2044 1140 2263 1216 propter
2284 1146 2677 1203 humanitatem
2700 1157 2754 1203 et
2779 1148 3119 1205 clementiam
3146 1190 3162 1215 ,
3194 1149 3338 1220 quod
3363 1160 3418 1206 et
3447 1166 3547 1206 eo-

1938 1250 2057 1289 rum
2106 1236 2197 1305 qui
2248 1235 2433 1291 dolent
2460 1238 2947 1294 commisereantur
2970 1279 2986 1307 ,
3018 1251 3072 1296 et
3087 1238 3156 1295 iis
3188 1256 3312 1297 cum
3354 1241 3549 1313 quibus

1934 1327 2075 1383 bene
2094 1330 2269 1399 agitur
2292 1330 2647 1387 collactentur.

2009 1419 2309 1490 Aﬁlictionis
2334 1420 2609 1477 tolerantia
2640 1424 3110 1482 Meritoria—Cur
3138 1436 3319 1484 autem
3351 1427 3488 1486 dixit
3519 1472 3535 1495 ,

1936 1507 2119 1565 Donec
2165 1510 2419 1568 retribuas
2459 1513 2586 1567 mihi
2613 1514 2641 1569 .’
2668 1515 2825 1572 Alio!
2868 1516 3084 1588 quidem
3116 1518 3247 1574 dicit
3277 1560 3295 1589 ,
3328 1521 3550 1587 Quando

1936 1601 2065 1654 mihi
2076 1600 2381 1672 benefactis
2397 1604 2500 1676 (a).
2522 1605 2625 1660 Alii
2652 1622 2802 1674 vero,
2829 1608 3049 1680 Quando
3064 1612 3307 1676 relribues
3328 1622 3374 1667 et
3388 1630 3552 1668 remu-

1936 1691 2192 1747 neraberis
2219 1711 2316 1749 me.
2360 1697 2523 1766 Atqui
2549 1698 2799 1768 superius
2826 1692 2961 1755 dixit
2989 1700 3337 1759 afflictionem
3365 1712 3422 1760 et
3450 1704 3552 1761 hu-

1937 1784 2294 1842 miliatlonem
2326 1827 2343 1853 ,
2377 1802 2485 1843 non
2536 1790 2797 1859 praeclara
2838 1792 3074 1849 facinora
3099 1835 3116 1863 ,
3154 1811 3257 1852 nec
3293 1812 3360 1853 ex
3401 1807 3550 1854 recte

1937 1874 2090 1932 factis
2133 1877 2402 1934 fiduciam.
2450 1879 2619 1950 Cujus
2658 1893 2840 1937 autem
2884 1885 2965 1939 rei
3007 1886 3314 1942 mercedem
3367 1889 3550 1959 petit?

1938 1966 2044 2022 Pro
2069 1966 2263 2024 diebus
2293 1971 2700 2028 lmmiliationis.
2730 1972 2847 2029 Non
2876 1983 2961 2031 est
2989 1976 3133 2031 enim
3156 1979 3411 2048 pusillum
3444 1980 3547 2037 hoc

1938 2067 2085 2118 recte
2115 2060 2334 2129 factum,
2360 2062 2503 2118 ferre
2528 2063 2875 2120 afflictioncm
2906 2081 3027 2121 cum
3054 2070 3347 2138 gratiarum
3374 2072 3547 2126 actio-

1939 2164 2027 2214 ne,
2054 2158 2108 2204 et
2129 2150 2249 2206 ideo
2279 2160 2435 2206 vocat
2456 2154 2889 2222 retributionem,
2914 2172 3034 2211 eam
3054 2199 3069 2224 ,
3103 2174 3223 2227 qua:
3245 2159 3334 2214 illa
3364 2162 3549 2231 sequi-

1941 2246 2045 2305 tur,
2064 2240 2389 2297 mercedem.
2414 2242 2494 2297 Ne
2515 2259 2615 2298 nos
2636 2259 2765 2315 ergo
2781 2260 3043 2316 angamur
3067 2247 3119 2302 in
3146 2247 3548 2320 afflictionibus,

1938 2331 2033 2387 sed
2064 2348 2283 2388 oremus
2315 2351 2383 2391 ne
2424 2338 2685 2393 intremus
2709 2339 2762 2393 in
2788 2342 3142 2397 teutationem
3173 2359 3186 2397 :
3220 2360 3343 2414 qua:
3367 2354 3549 2403 autem

1939 2426 2223 2482 evenerint
2249 2428 2602 2499 excipiamus.
2637 2431 2711 2486 Ita
2740 2434 2885 2487 enim
2917 2445 2969 2490 et
2995 2446 3209 2505 peccata
3242 2447 3424 2493 nostra
3454 2439 3550 2497 de-

1943 2520 2231 2588 ponimus:
2263 2530 2319 2577 et
2351 2523 2396 2577 si
2421 2538 2525 2592 qua
2557 2535 2641 2580 est
2670 2525 2723 2579 in
2756 2526 2916 2586 nobis
2931 2527 3165 2597 justitia.
3205 2546 3326 2585 eam
3356 2532 3552 2589 clario-

1939 2623 2055 2664 rem
2086 2610 2381 2668 reddimus.
2414 2611 2470 2667 ld
2496 2624 2676 2670 autem
2702 2614 2805 2671 Job
2819 2618 3078 2683 ostendit,
3108 2620 3201 2687 qui
3229 2631 3357 2677 tunc
3380 2624 3554 2695 magis

1940 2702 2154 2758 claruit.
2186 2703 2302 2760 Hoc
2327 2703 2529 2761 bonum
2560 2716 2642 2763 est
2660 2708 2829 2775 etiam
2854 2710 2906 2763 in
2933 2711 3283 2781 corporibus:
3310 2714 3411 2770 hoc
3442 2730 3549 2772 non

1940 2793 2118 2851 solum
2143 2796 2300 2851 estin
2326 2797 2670 2865 hominibus,
2704 2800 2800 2856 sed
2835 2801 2999 2856 etiam
3030 2802 3082 2856 in
3112 2801 3286 2859 brutis
3313 2823 3327 2859 ε
3363 2822 3468 2862 non
3495 2808 3551 2863 in

1943 2887 2116 2943 brutis
2146 2890 2321 2945 solum
2350 2932 2365 2955 ,
2396 2892 2491 2947 sed
2523 2894 2685 2948 etiam
2712 2894 2764 2949 in
2799 2894 3017 2964 plantis.
3048 2895 3117 2951 Et
3143 2896 3265 2953 ideo
3294 2914 3362 2953 ne
3386 2900 3438 2953 in
3468 2900 3555 2955 vi-

1944 2979 2086 3035 tibus
2123 2981 2339 3051 quidem
2374 2985 2690 3052 permittunt
2720 2986 2970 3056 agricolae
2998 3001 3180 3042 comas
3203 2988 3364 3043 nimis
3394 2990 3556 3045 luxu-

1944 3072 2104 3140 riare,
2138 3088 2238 3129 nec
2264 3074 2316 3128 in
2340 3075 2460 3129 aliis
2489 3076 2906 3141 arboribus,sed
2936 3093 3005 3133 ne
3035 3079 3258 3134 nimium
3286 3090 3554 3149 crescant,

1944 3161 2080 3219 falce
2116 3166 2436 3235 prohibent,
2466 3182 2657 3223 omnes
2683 3184 2868 3224 earum
2908 3171 3050 3225 vires
3090 3171 3141 3225 in
3173 3172 3384 3228 radices
3420 3188 3554 3228 cono

1943 3266 2241 3327 vertentes,
2273 3274 2342 3314 ne
2368 3273 2448 3315 ea:
2489 3260 2543 3315 in
2577 3260 2721 3316 foliis
2752 3271 3086 3333 consumptae
3130 3262 3337 3319 fructus
3364 3265 3558 3322 inanes

1943 3358 1999 3405 et
2034 3348 2257 3405 inutiles
2280 3350 2600 3421 producant.
2632 3352 2786 3421 Quod
2818 3354 3035 3425 quidem
3064 3358 3248 3411 evenit
3293 3358 3456 3413 etiam
3503 3359 3556 3413 in

1945 3441 2276 3498 hominibus.
2317 3442 2508 3499 Studio
2548 3446 2692 3499 enim
2734 3446 2786 3501 in
2832 3462 2894 3501 ea
2940 3463 3058 3517 qua“
3109 3457 3236 3503 sunt
3284 3449 3556 3520 superflua

1944 3543 2300 3605 consumpto,
2323 3534 2647 3591 imbecillior
2685 3537 2743 3591 fit
2768 3539 2982 3593 animus
3011 3538 3077 3593 ad
3112 3539 3390 3595 ferendmn
3414 3542 3558 3598 fruc-

1946 3633 2059 3679 tum
2093 3627 2305 3697 pietatis
2334 3636 2602 3683 maturum
2632 3638 2685 3683 et
2715 3629 3032 3699 perfectum.
3061 3630 3175 3686 Hoc
3198 3634 3364 3687 etiam
3388 3632 3560 3689 videri

1947 3728 2122 3789 potest
2152 3719 2203 3773 in
2232 3720 2409 3789 aquis.
2438 3720 2571 3786 Quae.
2591 3720 2736 3775 enim
2759 3722 3008 3775 consistit
3037 3730 3093 3776 et
3114 3738 3223 3776 non
3252 3731 3397 3778 meat
3427 3765 3440 3788 ,
3473 3733 3558 3779 est

1914 3808 2103 3869 ,noxia
2129 3828 2142 3865 :
2172 3809 2268 3866 sed
2300 3826 2419 3881 qua:
2448 3821 2729 3877 movetur,
2753 3813 3088 3883 exhauritur,
3126 3823 3181 3868 et
3202 3829 3298 3884 per
3326 3814 3483 3871 tubos
3505 3823 3565 3871 et

1945 3916 2099 3974 aqua:
2129 3902 2323 3957 ductus
2354 3903 2737 3958 transmittitur
2760 3945 2775 3971 ,
2805 3919 2915 3960 non
2945 3904 3119 3960 solum
3152 3916 3236 3961 est
3280 3905 3516 3962 salubris
3538 3948 3557 3973 ,

1946 3996 2044 4051 sed
2073 4005 2128 4051 et
2157 3997 2275 4052 visu
2305 4038 2321 4063 ,
2356 4006 2413 4051 et
2439 4005 2583 4052 tactu
2618 4038 2632 4061 ,
2666 4006 2722 4051 et
2749 4005 2876 4067 potu
2906 4007 2991 4052 est
3027 3996 3321 4067 jucundior
3340 3998 3380 4055 ‘.
3401 3998 3563 4069 Saepe

1948 4091 2111 4145 etiam
2154 4089 2283 4143 vicit
2309 4098 2552 4143 naturam
2595 4088 2835 4144 afﬂictio.
2882 4089 3037 4159 Quod
3080 4090 3224 4146 enim
3272 4089 3557 4145 flaccidum

1946 4190 2055 4251 est,
2078 4191 2134 4236 et
2162 4181 2415 4237 deorsum
2446 4183 2639 4247 fertur,
2669 4182 2715 4236 si
2747 4192 3041 4252 prematur,
3066 4197 3281 4241 sursum
3311 4183 3560 4252 erigitur.

1949 4273 2104 4341 Quod
2129 4274 2291 4328 etiam
2322 4272 2517 4328 accidit
2543 4273 2596 4327 in
2630 4271 2957 4328 hominibus.
2991 4273 3091 4341 Qui
3124 4274 3267 4328 enim
3302 4273 3457 4329 facile
3487 4270 3566 4330 re-

1952 4375 2078 4421 rnnt
2107 4365 2428 4421 afflictioues
2456 4407 2469 4429 ,
2500 4366 2802 4421 redduntur
2824 4367 3153 4423 excelsiores
3173 4409 3187 4432 ,
3214 4368 3425 4423 etiamsi
3458 4370 3570 4423 sint

1950 4457 2108 4513 valde
2132 4457 2327 4527 abjecti
2359 4498 2374 4522 ,
2425 4458 2625 4513 terreni
2657 4499 2673 4523 ,
2715 4467 2769 4511 et
2796 4456 3029 4512 hutuilcs
3054 4476 3070 4513 :
3100 4466 3156 4513 et
3179 4474 3244 4514 ex
3277 4459 3342 4514 iis
3372 4474 3566 4530 magna

1953 4550 2239 4605 commoda
2284 4549 2581 4620 accipiunt.
2636 4549 2760 4603 lltec
2799 4564 2928 4620 ergo
2970 4565 3092 4604 cum
3132 4551 3363 4606 sciamus
3396 4594 3412 4619 ,
3444 4568 3569 4607 cum

1952 4641 2246 4710 gratiarum
2273 4642 2487 4697 actione
2511 4639 2747 4695 feramus
2779 4640 2916 4694 mala
2948 4683 2963 4705 ,
2999 4658 3120 4711 quae
3150 4642 3203 4697 in
3232 4658 3333 4698 nos
3366 4644 3565 4699 immit-

1956 4740 2142 4786 tuntur
2171 4772 2184 4795 ,
2227 4714 2360 4787 utet
2394 4730 2485 4785 illa
2514 4728 2671 4785 nobis
2698 4729 2827 4785 fiant
2856 4728 3121 4797 faciliora,
3146 4742 3201 4786 et
3227 4733 3365 4788 bona
3390 4731 3570 4788 futura

1955 4838 2355 4893 consequamur
2384 4839 2399 4875 :
2428 4838 2548 4894 qum
2595 4822 2755 4877 detur
2797 4824 2953 4877 nobis
2979 4824 3231 4879 omnibus
3257 4826 3516 4896 consequi
3553 4868 3569 4894 ,

1956 4916 2128 4987 gratia
2177 4925 2233 4970 et
2281 4915 2569 4971 clementia
2613 4914 2825 4970 Domini
2856 4915 3025 4969 nostri
3057 4915 3185 4970 Jesn
3206 4915 3408 4971 Christi
3434 4958 3450 4984 ,
3484 4917 3571 4972 cui

1956 5008 2124 5079 gloria
2156 5017 2211 5063 et
2232 5008 2549 5078 imperium,
2583 5021 2727 5062 nunc
2742 5017 2794 5062 et
2812 5021 3051 5077 semper,
3066 5015 3120 5062 et
3159 5007 3212 5062 in
3241 5009 3437 5063 smcula
3464 5025 3573 5064 sa:-

1958 5101 2226 5157 culorum.
2262 5103 2459 5154 Amen.

2426 5212 2492 5269 lN
2532 5175 2867 5270 pSALuuu
2901 5212 3107 5268 CXLII.

2250 5311 2275 5363 1
2290 5348 2303 5361 .
2326 5306 2564 5375 Domine,
2590 5306 2778 5362 exaudi
2801 5308 3083 5363 orationem
3107 5324 3289 5362 meam.

2035 5402 2083 5457 Ι.
2130 5401 2229 5457 Est
2270 5400 2487 5472 quidem
2530 5413 2804 5471 προσευχὴ,
2846 5410 2903 5456 et
2950 5402 3188 5472 precatio
3228 5417 3349 5473 quae
3379 5403 3439 5458 tit
3484 5418 3576 5472 per

2028 5514 2043 5576 ξ
2073 5510 2190 5571 Alii,
2216 5524 2343 5576 quos
2375 5507 2427 5559 in
2455 5516 2602 5576 textu
2635 5514 2842 5559 secutus
2868 5514 2948 5557 est
2978 5507 3154 5576 Savil.,
3190 5506 3376 5555 habent
3402 5520 3413 5548 :
3445 5506 3569 5576 Quis

1963 5571 2093 5625 enim
2136 5568 2358 5623 consistit
2414 5575 2461 5623 et
2503 5568 2661 5620 otiosa
2702 5576 2791 5635 est,
2835 5568 3204 5635 corrumpitur;
3244 5580 3365 5635 quae
3403 5571 3566 5635 autem

1968 5640 2352 5696 transportatur,
2378 5638 2637 5696 'mocetur,
2675 5628 3049 5695 circumfertur,
3067 5628 3317 5681 salubrior
3340 5636 3413 5681 est
3439 5628 3567 5688 risu,

1968 5702 2015 5748 et
2036 5694 2183 5759 tactu.
2218 5702 2261 5747 et
2281 5701 2397 5759 potu
2425 5694 2711 5759 jucundior.

2035 5758 2108 5819 (a)
2156 5755 2830 5824 Baebiani-interpretatio
2879 5762 2957 5807 est
3010 5758 3153 5820 juxta
3196 5756 3568 5819 Symmachum,

1972 5820 2128 5869 altera
2150 5822 2293 5883 juxta
2318 5820 2564 5882 Aquilam.
3276 5832 3279 5833 '
