4056 6450
554 387 658 444 “7

550 498 712 553 verba
732 540 747 565 ,
776 506 837 554 et
866 504 948 550 est
974 494 1135 550 etiam
1165 492 1483 564 promissum
1510 504 1606 545 seu
1636 496 1832 543 votum.
1867 485 2130 554 Quocirca

553 589 742 644 suadet
779 588 938 643 etiam
977 586 1191 656 quidam
1221 585 1435 655 sapiens
1456 624 1472 650 ,
1501 582 1685 637 dicens
1706 622 1721 645 ,
1768 579 1851 635 Ne
1877 579 2131 635 iuraveris

551 679 755 733 verbum
787 678 841 731 in
869 677 1094 731 oratione
1118 690 1206 729 tua
1228 673 1416 745 (Eccli.
1445 673 1497 727 7.
1522 671 1628 743 15).
1658 671 1775 727 Non
1799 680 1972 726 autem
2004 669 2129 723 bor—

552 778 692 825 tat'ur
717 779 771 824 et
797 766 984 823 suadet
1010 776 1195 822 utnon
1222 765 1409 821 eadem
1436 764 1516 820 bis
1536 765 1796 826 dicamus,
1819 778 1940 818 cum
1966 760 2129 816 Deum

554 873 802 931 rogamus
825 868 879 915 et
905 871 1220 929 precamur;
1246 857 1419 911 absit:
1443 854 1693 927 jubemur
1716 855 1857 909 enim
1883 866 2131 923 perseve-

556 965 672 1004 rare
713 951 765 1003 in
808 949 1170 1011 orationibus;
1213 946 1306 1002 sed
1336 962 1403 1001 ne
1430 945 1740 1001 differamus
1774 944 1987 1015 quando
2024 944 2131 997 Deo

554 1038 750 1109 aliquid
791 1038 1052 1093 fuerimus
1080 1036 1299 1108 polliciti
1326 1077 1341 1099 ,
1369 1045 1424 1091 et
1450 1034 1500 1089 id
1527 1035 1733 1089 solvere
1766 1047 2130 1103 properemus.

554 1127 620 1183 Et
649 1128 767 1183 ideo
793 1128 922 1183 dicit
944 1127 1068 1183 alibi
1099 1144 1113 1180 :
1143 1125 1228 1182 Ne
1249 1124 1460 1192 di/feras
1484 1125 1692 1180 reddere
1723 1134 1889 1177 votum
1921 1121 2128 1194 (Eccle.

558 1221 613 1277 5.
638 1221 715 1292 3).
746 1219 998 1275 Futurum
1028 1219 1167 1273 enim
1189 1226 1273 1272 est
1301 1217 1582 1272 incertum.
1615 1216 1706 1272 Vel
1729 1216 1868 1270 enim
1895 1214 2129 1279 morbus,

555 1310 635 1364 vel
666 1325 784 1380 qua:
810 1318 1007 1380 praeter
1033 1308 1341 1378 opinionem
1372 1306 1619 1361 accidunt
1654 1306 1861 1375 negotia
1886 1345 1901 1371 ,
1948 1305 2132 1374 prohi-

557 1400 785 1455 bueriut.
814 1399 964 1466 Quod
992 1399 1035 1454 si
1060 1399 1202 1453 enim
1228 1412 1371 1452 mors
1392 1396 1678 1451 adveniens
1699 1405 1749 1450 te
1770 1395 2130 1464 interrupcrit,

552 1506 656 1546 non
702 1491 912 1546 dabitur
958 1490 1051 1545 tibi
1096 1490 1267 1544 venia.
1310 1488 1613 1543 Orationem
1656 1497 1835 1542 autem
1879 1486 1966 1540 hic
2007 1485 2136 1540 dicit

553 1582 927 1650 precationem
939 1587 995 1633 et
1016 1577 1483 1648 supplicationem;
1507 1586 1562 1631 et
1588 1575 1707 1631 ideo
1734 1575 2005 1645 subjunxit
2030 1576 2134 1629 hoc

553 1673 722 1742 ipsum
748 1672 1050 1741 signiﬁcans
1066 1712 1081 1735 ,
1104 1669 1321 1723 Auribus
1341 1668 1540 1737 percipe
1562 1664 1947 1720 obsecrationem
1972 1680 2135 1718 meant

554 1766 606 1817 in
642 1764 844 1817 veritate
877 1769 984 1813 tua.
1016 1760 1197 1825 Alius,
1224 1757 1292 1812 In
1321 1757 1422 1827 ﬁde
1446 1768 1553 1811 tua.
1586 1758 1765 1822 Alius,
1796 1754 1862 1810 In
1899 1756 2136 1824 ﬁrmitate

552 1867 639 1911 tua
671 1854 765 1928 (a).
812 1854 925 1909 Hoc
950 1860 1034 1908 est
1057 1894 1073 1919 ,
1099 1853 1290 1907 Annue
1330 1851 1567 1920 petitioni
1591 1890 1608 1915 ,
1639 1858 1693 1904 et
1720 1849 1803 1903 [ac
1830 1857 1885 1902 ut
1912 1861 1975 1902 ea
1998 1846 2132 1902 επε-

546 1956 694 2011 ctum
718 1951 1099 2012 consequatur,
1126 1951 1214 1995 tua
1244 1941 1464 1996 veritate
1489 1940 1809 1994 confirmans
1832 1956 1845 1989 :
1870 1946 2018 1992 utere
2045 1944 2134 1991 tua

555 2035 791 2110 potentia
832 2034 899 2089 ad
936 2049 999 2088 ea
1044 2031 1309 2103 implenda
1334 2071 1349 2098 ,
1381 2046 1500 2102 quae
1541 2040 1683 2101 peto.
1723 2030 1828 2086 Sed
1859 2028 2134 2084 videamus

552 2127 849 2200 cujusmodi
875 2127 943 2181 sit
967 2124 1268 2196 postulatio.
1298 2121 1452 2193 Apud
1479 2122 1741 2189 homines,
1774 2120 1984 2192 quando
2013 2119 2134 2190 quis

551 2224 705 2279 oll'ert
732 2219 1167 2291 supplicationem
1189 2257 1204 2284 ,
1236 2217 1339 2270 hoc
1373 2215 1831 2284 consideraut,qui
1867 2228 1984 2268 eam
2012 2226 2135 2267 sus-

548 2314 753 2383 cipiunt
780 2313 820 2376 ¹,
852 2319 906 2365 et
929 2311 975 2364 si
999 2309 1139 2377 justa
1170 2308 1239 2363 sit
1264 2323 1327 2363 ac
1352 2308 1604 2378 legitima,
1632 2305 1867 2359 auditur.

620 2403 933 2458 Conscientia
968 2400 1131 2470 judea:
1171 2401 1416 2464 interior;
1453 2398 1704 2452 auxilium
1731 2397 1829 2451 Dei
1867 2397 1919 2451 in
1954 2397 2132 2467 quibus

547 2496 693 2548 rebus
720 2491 1061 2562 qumrendum.
1091 2519 1163 2532 —
1185 2490 1290 2545 Sed
1330 2488 1469 2558 apud
1509 2487 1751 2542 homines
1794 2488 2003 2557 quidem
2033 2503 2131 2557 pro

552 2585 843 2639 honoribus
867 2624 882 2649 ,
909 2580 1249 2651 dignitatibus
1275 2619 1291 2646 ,
1322 2589 1377 2634 et
1415 2580 1654 2650 pecuniis
1680 2577 1737 2632 (it
1774 2578 2089 2653 supplicatio
2110 2617 2128 2645 ,

547 2688 691 2743 saepe
720 2674 877 2728 etiam
907 2680 961 2725 ut
986 2670 1328 2741 prohibeatur
1355 2669 1543 2738 injuria
1580 2688 1593 2723 :
1619 2668 1705 2722 alii
1732 2678 1906 2722 autem
1938 2683 2000 2723 ea
2034 2683 2128 2737 pe-

552 2773 667 2819 tunt
695 2778 812 2833 quae
838 2769 962 2817 sunt
991 2762 1210 2828 majora,
1244 2770 1399 2827 quam
1431 2768 1487 2814 ut
1514 2758 1627 2814 ﬁeri
1659 2759 1861 2828 possint
1887 2774 1915 2811 a
1935 2758 2132 2827 judici-

550 2854 650 2909 bus
680 2871 692 2905 :
720 2867 817 2907 nos
841 2860 1018 2906 autem
1044 2850 1405 2919 supplicamus
1431 2863 1527 2918 pro
1559 2857 1897 2918 peccatorum
1924 2849 2129 2905 condo-

550 2947 766 3001 natione
789 2986 803 3009 ,
832 2952 885 2999 et
914 2953 1036 2998 tunc
1059 2942 1299 2997 venimus
1318 2942 1384 2996 ad
1410 2940 1847 3011 supplicationem
1870 2982 1887 3007 ,
1916 2941 2130 3011 quando

550 3037 789 3091 internus
831 3034 994 3104 judcx
1040 3049 1143 3087 non
1188 3031 1490 3099 remiserit,
1542 3032 1867 3087 conscientia
1914 3033 2128 3101 inquam

551 3138 732 3183 nostra
758 3169 772 3192 ,
802 3142 918 3196 quae
948 3140 1045 3179 nos
1074 3131 1224 3194 urget
1247 3137 1308 3177 ac
1338 3130 1512 3177 vexat.
1558 3122 1739 3192 Neque
1763 3123 1904 3177 enim
1933 3125 1984 3177 in
2014 3123 2129 3193 ejus

548 3228 811 3292 potestate
839 3218 996 3273 situm
1031 3225 1112 3271 est
1149 3214 1438 3269 remittere.
1477 3213 1543 3267 Et
1584 3212 2030 3283 quemadmodum
2061 3215 2126 3268 ad

551 3312 925 3382 Imperatorem
947 3322 1102 3362 nemo
1125 3320 1219 3375 pro
1239 3314 1388 3360 veste
1409 3300 1630 3359 discissa
1654 3345 1669 3369 ,
1700 3320 1798 3359 nec
1824 3319 1918 3374 pro
1942 3303 2127 3359 decem

548 3403 722 3458 obolis
760 3400 954 3470 ereptis
994 3397 1152 3451 audet
1192 3395 1486 3449 accedere:
1518 3395 1587 3448 ita
1628 3395 1784 3449 etiam
1826 3403 1881 3448 tu
1908 3436 1923 3460 ,
1972 3403 2129 3464 atque

550 3494 685 3549 adeo
716 3494 869 3561 longe
905 3489 1129 3559 amplius
1154 3529 1168 3552 ,
1196 3502 1326 3542 cave
1364 3501 1431 3541 ne
1470 3486 1536 3541 ad
1581 3488 1743 3541 Deum
1774 3487 1995 3543 accedas
2034 3503 2129 3557 pro

550 3586 709 3643 rebus
740 3584 925 3637 vilibus
954 3591 1006 3636 et
1035 3579 1185 3634 nihili
1223 3596 1235 3632 :
1269 3587 1325 3632 ut
1349 3577 1493 3631 verbi
1521 3579 1708 3646 gratia,
1736 3579 1781 3633 si
1811 3580 1928 3649 quis
1960 3580 2011 3633 in
2038 3595 2129 3648 pe-

548 3675 705 3731 cunia
737 3672 830 3727 tibi
856 3670 1040 3727 fecerit
1064 3668 1330 3737 injuriam,
1353 3676 1443 3720 aut
1464 3668 1507 3721 si
1529 3667 1645 3737 quis
1665 3667 1903 3723 aliecerit
1928 3678 1978 3723 te
2001 3684 2130 3723 con-

550 3765 765 3821 tumelia
792 3781 804 3816 :
830 3762 921 3818 sed
944 3763 995 3817 in
1020 3762 1084 3815 iis
1114 3761 1164 3814 in
1188 3761 1378 3829 quibus
1399 3759 1639 3814 diabolus
1663 3768 1712 3814 te
1734 3759 1921 3829 injuria
1943 3760 2125 3828 afﬁcit,

550 3864 660 3910 tum
686 3868 915 3922 superno
944 3852 1174 3905 maxime
1197 3849 1393 3903 auxilio
1421 3864 1553 3917 Opus
1582 3858 1683 3902 est.
1734 3851 1801 3903 At
1828 3864 1930 3903 non
1962 3850 2128 3905 habes

548 3948 636 4015 qui
667 3947 739 3999 tui
764 3959 946 3999 curam
971 3949 1149 4013 gerat,
1182 3951 1236 3995 et
1266 3951 1407 3995 tuam
1437 3938 1874 4008 supplicationem
1902 3940 2128 3995 olferat?

547 4037 679 4091 tium
709 4036 820 4089 Rex
849 4033 1120 4106 procedit,
1150 4047 1271 4086 eum
1298 4031 1568 4100 alloqucre
1588 4072 1601 4094 ,
1632 4039 1686 4084 et
1714 4046 1893 4100 QIIer
1920 4040 2128 4101 tempus

546 4138 921 4200 opportunum.
955 4125 1178 4194 Quando
1206 4139 1333 4193 ergo
1371 4123 1607 4191 procedit
1635 4122 1781 4178 Rex?
1825 4123 2049 4193 Semper
2073 4137 2127 4180 et

550 4225 823 4287 perpetuo.
868 4214 1090 4281 Quando
1134 4222 1218 4269 est
1263 4222 1441 4268 autem
1485 4224 1691 4280 tempus
1732 4214 2126 4281 opportunum?

548 4307 770 4375 Quando
800 4316 853 4360 tu
884 4307 1142 4367 volueris,
1173 4304 1384 4374 quando
1407 4345 1423 4367 ,
1454 4312 1511 4356 ut
1534 4303 1726 4371 dignus
1754 4304 1828 4357 sis
1851 4345 1865 4369 ,
1901 4305 2127 4374 teipsum

552 4396 951 4468 praeparaveris.
980 4394 1306 4447 Jubebantur
1324 4391 1535 4461 quidem
1562 4391 1730 4445 Judaei
1758 4392 1810 4445 in
1835 4393 1974 4447 valle
2001 4394 2129 4448 sub-

549 4491 759 4553 sistere,
787 4502 908 4543 cum
933 4487 1043 4541 Deo
1064 4492 1405 4554 apparerent.
1431 4492 1485 4537 et
1509 4483 1657 4537 albas
1682 4494 1857 4537 vestes
1883 4484 2125 4551 induere,

548 4593 744 4638 etcum
768 4595 931 4635 uxore
956 4593 1067 4632 rem
1098 4591 1199 4631 non
1221 4576 1419 4630 habere
1441 4574 1635 4642 (Exod.
1664 4574 1747 4630 19ι
1775 4575 1860 4629 12.
1888 4576 1972 4629 14.
1998 4574 2086 4647 15)
2112 4594 2126 4631 :

554 4685 611 4727 tu
636 4683 812 4727 autem
842 4671 1069 4724 animam
1100 4667 1327 4722 emunda
1354 4680 1452 4736 pro
1481 4665 1715 4720 vestibus
1734 4706 1749 4732 ,
1776 4674 1832 4721 et
1860 4681 1978 4721 cum
2011 4682 2129 4720 mo-

553 4765 827 4820 deratione
853 4804 867 4825 ,
899 4759 1302 4816 mansuetudine
1325 4800 1341 4823 ,
1371 4766 1425 4812 et
1452 4768 1657 4811 summa
1686 4758 1862 4826 quiete
1890 4759 2084 4813 accede
2111 4800 2128 4825 ,

551 4865 609 4910 et
644 4855 709 4909 ad
732 4854 930 4923 Regem
956 4849 1293 4921 proﬁciscere
1314 4889 1333 4916 ,
1361 4848 1407 4902 si
1435 4848 1514 4900 vis
1539 4862 1665 4901 vere
1690 4846 1830 4916 quod
1859 4847 1996 4916 petis
2026 4847 2130 4901 im-

554 4955 787 5017 petrare.
814 4943 927 4997 Non
957 4949 1073 5011 eget
1098 4940 1277 4994 multis
1300 4937 1595 5006 sumptibus
1622 4938 1973 5007 peregrinatio
2000 4955 2013 4991 :
2043 4952 2131 4993 ac-

556 5037 674 5104 cipe
692 5034 942 5088 virtutem
962 5029 1230 5083 viaticum.
1254 5027 1320 5081 Et
1337 5026 1545 5081 ubinam
1564 5027 1671 5096 agit
1692 5025 1777 5080 hic
1797 5027 1942 5081 Rex?
1959 5027 2134 5096 Prope

554 5141 653 5183 eos
676 5126 764 5193 qui
791 5122 954 5178 corde
979 5131 1100 5176 sunt
1126 5119 1375 5175 contrito.
1404 5117 1496 5171 Illa
1524 5118 1604 5171 via
1633 5117 1932 5186 ingredere.
1962 5117 2132 5189 Prope

557 5225 630 5271 est
671 5214 919 5272 Dominus
964 5210 1190 5265 omnibus
1225 5209 1309 5279 qui
1353 5209 1519 5277 ipsum
1562 5207 1794 5261 invocant
1833 5208 1885 5261 in
1929 5210 2134 5264 veritate

560 5308 578 5372 (
609 5305 747 5360 Psat.
781 5303 903 5359 144.
936 5302 1062 5371 18).
1091 5300 1201 5356 lllic
1225 5313 1346 5354 eum
1373 5299 1609 5353 invenies
1635 5339 1650 5364 ,
1689 5298 1797 5353 illic
1821 5298 2129 5367 alloqueris.

564 5395 663 5453 Est
693 5408 857 5465 prope
884 5406 977 5449 eos
998 5432 1014 5459 ,
1040 5391 1129 5461 qui
1160 5403 1349 5460 panem
1382 5386 1633 5459 frangunt
1659 5389 2011 5444 esurientibus
2035 5430 2051 5455 ,
2078 5398 2135 5445 et

623 5544 641 5577 ί
676 5550 799 5593 Tres
814 5538 1281 5602 mss.,.considerant,
1298 5535 1389 5602 qui
1408 5538 1609 5602 oﬁ'ertau
1631 5550 1648 5587 :
1673 5538 1719 5587 id
1741 5537 1871 5602 quod
1886 5538 2134 5602 diversum

560 5606 755 5655 omnino
787 5598 983 5654 sensum
1023 5598 1187 5660 edicit,
1222 5598 1534 5649 sed’alter'am
1570 5598 1852 5659 lectionem,
1875 5600 1962 5663 qui
1980 5612 2133 5651 susci-

562 5666 713 5729 piunt,
737 5669 959 5729 asserunt
982 5675 1042 5713 ea
1062 5666 1478 5729 qute‘sequuntur.

562 5721 575 5729 ’
626 5730 699 5787 (τι)
732 5728 857 5794 Prior
887 5721 1225 5787 interpretatio
1249 5721 1325 5773 est
1345 5723 1480 5786 juxta
1525 5721 1869 5785 Symmachum,
1894 5727 2131 5783 posterior

555 5783 696 5846 juxta
719 5785 946 5846 aquilam.

581 5797 696 5837 uxta
719 5797 946 5850 aquilam.

1260 378 1319 436 S.
1356 374 1634 434 JOANNIS
1670 371 2144 431 CIIRYSOSTOMI
2184 369 2499 429 ARCHIEP.
2540 371 3075 431 CONSTANTINOP.

3757 371 3869 427 “8

2240 496 2462 557 erogant
2495 486 2913 558 eleemosynam.
2957 486 3014 543 Si
3057 486 3157 541 hac
3202 486 3281 540 via
3313 485 3552 551 veneris,
3598 487 3870 541 invenies

2237 594 2358 634 eum
2392 588 2652 648 paratum,
2683 562 3010 634 abnuentem
3039 586 3144 633 tua:
3174 577 3434 646 petitioni.
3466 575 3541 631 Te
3572 580 3733 632 enim
3766 578 3873 631 ad-

2238 670 2336 724 huc
2364 672 2596 738 loquente
2632 671 2800 724 dicam
2822 710 2838 736 ,
2880 668 3017 725 Ecce
3050 670 3233 724 adsum
3266 667 3439 740 (Isai.
3471 668 3564 725 58.
3598 669 3679 737 9)
3708 687 3726 721 :
3758 683 3873 722 nec

2238 777 2370 832 opus
2398 764 2504 818 erit
2540 763 2896 817 intercessore
2921 803 2936 828 ,
2977 762 3072 817 sed
3116 777 3211 832 per
3238 769 3290 816 te
3324 762 3498 831 ipsum
3523 762 3676 833 quod
3708 761 3871 831 petis

2236 854 2562 922 assequeris.
2599 850 2809 907 Exaudi
2850 868 2930 907 me
2957 853 3011 906 in
3052 862 3139 906 tua
3157 854 3380 923 justitia.
3410 851 3554 919 Quid
3601 852 3747 908 facis
3777 893 3798 917 ,
3830 867 3872 907 o

2239 944 2437 998 homo?
2480 943 2617 999 Infra
2657 943 2899 999 dicturus
2923 958 2983 998 es
3006 983 3022 1010 ,
3054 942 3137 997 Ne
3160 945 3315 999 intres
3340 943 3395 998 in
3427 944 3697 1013 judicium
3730 960 3871 997 cum

2235 1051 2378 1089 servo
2405 1045 2510 1101 tuo,
2538 1036 2658 1106 quia
2679 1051 2779 1089 non
2798 1033 3164 1105 justi/imbitur
3185 1036 3239 1089 in
3261 1043 3534 1106 conspectu
3560 1045 3655 1089 tuo
3668 1036 3871 1090 omnis

2236 1123 2475 1196 uivens(v.
2506 1124 2562 1193 2)
2594 1142 2607 1178 :
2636 1135 2690 1180 et
2715 1123 2801 1180 hic
2826 1139 2983 1195 rogas
3005 1132 3061 1179 ut
3080 1126 3218 1179 sicut
3240 1125 3445 1195 justum
3464 1133 3549 1181 est
3574 1125 3867 1183 exaudia-

2236 1215 2351 1269 ris?
2375 1214 2511 1281 Quid
2535 1223 2621 1269 est
2648 1230 2779 1284 ergo
2802 1216 2942 1285 quod
2972 1216 3203 1270 dicitur?

2307 1304 2520 1361 Iustitia
2547 1304 2643 1359 Dei
2666 1304 2963 1372 clententia;
2988 1306 3165 1361 diluvii
3195 1306 3391 1377 punitio
3416 1323 3569 1378 quam
3594 1294 3747 1363 levis.
3780 1336 3863 1348 -

2236 1392 2499 1449 Justitiam
2527 1394 2615 1449 hic
2634 1395 2763 1450 dicit
2786 1387 3148 1462 clementiam,
3179 1407 3234 1452 et
3252 1397 3307 1453 in
3331 1398 3517 1453 multis
3535 1398 3862 1469 Scriptura:

2237 1484 2368 1539 locis
2396 1485 2560 1540 videri
2593 1494 2769 1556 potest
2795 1487 2963 1558 accipi
2985 1488 3248 1557 justitiam
3278 1503 3377 1558 pro
3400 1489 3720 1556 clementia,
3762 1490 3860 1545 id-

2238 1590 2341 1645 que
2375 1574 2497 1645 jure
2527 1576 2765 1645 prol'ecto
2798 1594 2814 1633 :
2845 1578 2989 1648 apud
3034 1579 3278 1635 homines
3304 1580 3449 1634 enim
3478 1580 3685 1650 justiti:
3722 1581 3858 1650 pri-

2237 1674 2390 1719 vatur
2418 1666 2784 1722 misericordia
2809 1686 2823 1722 :
2849 1667 2989 1739 apud
3024 1668 3189 1723 Deum
3215 1678 3394 1724 autem
3424 1684 3529 1725 non
3560 1671 3712 1734 item,
3738 1670 3858 1726 sed

2234 1757 2456 1827 justitite
2480 1772 2689 1827 quoque
2712 1758 3053 1831 admixta‘est
3080 1759 3465 1826 misericordia,
3488 1773 3542 1815 et
3571 1771 3720 1816 tanta
3738 1806 3754 1825 ,
3785 1771 3857 1817 ut

2240 1849 2351 1918 ipsa
2373 1849 2532 1903 etiam
2552 1849 2755 1919 justitia
2782 1859 2999 1905 vocetur
3018 1850 3319 1906 clementia.
3350 1849 3643 1907 Considera
3675 1855 3857 1923 igitur

2237 1951 2432 2011 quanta
2475 1945 2528 1995 in
2554 1940 2753 2003 diluvio
2790 1940 2953 1997 fuerit
2978 1942 3342 1999 misericordia
3366 1985 3382 2010 ,
3414 1955 3614 2015 quanta
3646 1960 3853 1998 rursus

2231 2030 2453 2101 justitia.
2480 2033 2587 2086 Etsi
2606 2032 2747 2087 enim
2773 2047 2959 2102 poenas
2978 2033 3242 2089 dederunt
3261 2035 3350 2105 qui
3370 2042 3491 2090 tunc
3512 2038 3847 2105 peccabant,

2238 2136 2343 2176 non
2376 2132 2552 2178 tamen
2582 2122 2843 2178 dederunt
2871 2139 3002 2193 quas
3030 2134 3356 2181 meruerant.
3403 2120 3480 2181 Ne
3517 2125 3648 2180 mihi
3687 2130 3848 2182 enim

2236 2214 2433 2269 molem
2461 2229 2716 2283 aquarum
2747 2216 3070 2285 respexeris,
3101 2232 3274 2286 neque
3297 2216 3509 2272 dierum
3536 2218 3849 2272 multitudi-

2235 2320 2357 2361 nem
2381 2344 2398 2371 ,
2429 2305 2621 2375 quibus
2650 2304 2747 2360 fuit
2786 2305 2968 2360 diluvii
3017 2306 3348 2376 naufragium
3375 2347 3391 2371 ,
3424 2323 3600 2383 neque
3643 2309 3842 2362 orbem

2236 2405 2393 2450 terrae
2432 2395 2523 2465 qui
2561 2403 2687 2449 tunc
2723 2402 2840 2451 erat
2876 2396 3123 2467 abyssus.
3173 2396 3311 2465 Quid
3351 2397 3455 2452 hcc
3488 2398 3630 2452 enim
3667 2399 3845 2452 refert

2234 2500 2418 2541 eorum
2446 2487 2533 2556 qui
2562 2486 2873 2556 perierunt?
2901 2486 3027 2541 Haec
3050 2488 3190 2542 enim
3221 2497 3440 2557 possunt
3464 2487 3684 2557 quidem
3713 2504 3842 2559 gra-

2234 2594 2352 2633 vem
2402 2580 2645 2634 timorem
2688 2580 2927 2635 incutere
2958 2598 2972 2634 :
3006 2580 3068 2633 iis
3098 2588 3276 2635 autem
3317 2581 3406 2651 qui
3434 2582 3634 2635 mortui
3665 2590 3836 2648 sunt,

2234 2672 2439 2726 nullum
2467 2672 2784 2747 supplicipm
2812 2671 3059 2727 afferunt.
3092 2672 3371 2741 Quomodo
3397 2672 3538 2727 enim
3570 2674 3836 2743 puniren-

2234 2771 2322 2817 tur
2364 2763 2453 2833 qui
2492 2779 2611 2832 qua:
2638 2762 2769 2818 ﬁunt
2796 2778 2901 2817 non
2933 2763 3210 2817 sentiunt?
3235 2778 3462 2833 quorum
3489 2765 3653 2819 etiam
3683 2763 3835 2818 brevi

2237 2852 2495 2923 temporis
2519 2862 2792 2907 momento
2820 2851 2914 2906 fuit
2942 2852 3209 2919 interitus,
3240 2854 3563 2923 brevemque
3591 2864 3647 2909 et
3676 2854 3835 2909 levis-

2235 2943 2426 2998 simam
2458 2953 2683 2998 mortem
2715 2944 2856 3012 passi
2886 2952 3011 2997 sunt
3031 2984 3045 3006 .
3075 2951 3132 2999 et
3169 2945 3289 3013 igne
3319 2954 3373 2998 et
3396 2959 3528 3000 ense
3557 2954 3612 3000 et
3638 2946 3838 3015 laqueo

2234 3042 2290 3089 et
2328 3033 2607 3089 tormentis
2646 3032 2937 3089 faciliorem
2968 3074 2983 3100 ,
3021 3042 3075 3088 et
3114 3034 3268 3104 longe
3298 3034 3473 3089 minus
3502 3036 3830 3090 molestam?

2232 3124 2409 3191 Quare
2436 3123 2668 3191 speciem
2706 3124 2883 3193 potius
2926 3124 3207 3193 supplicii,
3240 3139 3396 3194 quam
3438 3126 3831 3195 experientiam

2234 3216 2499 3271 habebant
2536 3231 2654 3286 quae
2690 3216 2906 3271 ﬂebant.
2939 3216 3040 3282 Qui
3071 3215 3251 3285 itaque
3287 3224 3398 3270 toto
3428 3216 3550 3271 vitae
3583 3227 3829 3286 tempore

2233 3305 2297 3361 ad
2327 3315 2624 3361 extremam
2662 3322 2829 3377 usque
2867 3314 3198 3362 senectutem
3240 3307 3361 3360 talia
3400 3308 3827 3375 commiserant,

2235 3396 2553 3452 brevissimo
2593 3398 2848 3467 temporis
2886 3408 3158 3453 momento
3197 3412 3383 3466 pinnas
3427 3398 3693 3453 dederunt
3721 3440 3735 3464 ,
3780 3401 3829 3455 si

2232 3489 2445 3559 quidem
2476 3497 2678 3542 natura:
2705 3487 2938 3543 debitum
2967 3488 3261 3544 vocandum
3291 3490 3362 3543 sit
3391 3489 3734 3558 supplicium.

2301 3580 2356 3636 2.
2424 3579 2652 3644 Vidisti,
2693 3588 2887 3648 quanta
2921 3580 2991 3634 sit
3026 3579 3350 3635 clementia?
3392 3578 3485 3634 Vis
3511 3580 3674 3634 etiam
3703 3595 3827 3635 eam

2232 3673 2445 3728 aliunde
2471 3672 2653 3727 videre
2667 3673 2823 3727 ?-non
2847 3673 2989 3727 enim
3017 3674 3195 3727 statim
3227 3672 3424 3737 intulit,
3456 3672 3551 3727 sed
3576 3681 3631 3727 et
3654 3673 3826 3729 semel

2233 3773 2287 3819 et
2326 3764 2409 3818 bis
2447 3772 2501 3818 et
2537 3777 2679 3832 saepe
2718 3778 2835 3817 eam
2873 3762 3136 3833 przedixit.
3184 3762 3287 3817 Per
3329 3777 3507 3816 arcam
3552 3764 3693 3817 enim
3729 3779 3825 3818 eos

2233 3856 2534 3925 alloquutus
2557 3863 2639 3910 est
2664 3871 2677 3907 :
2699 3855 2778 3909 illi
2805 3842 2934 3909 vero
2959 3869 3028 3909 ne
3054 3855 3131 3909 sic
3156 3854 3371 3923 quidem
3392 3863 3693 3922 cessarunt,
3720 3856 3822 3910 etsi

2233 3960 2338 3999 non
2369 3960 2502 4015 opus
2529 3954 2645 4000 erat
2707 3960 2765 4000 ut
2789 3946 2893 4001 ulla
2917 3944 3246 4000 denuntiatio
3275 3947 3427 3999 lieret
3461 3946 3818 4015 improbitati.

2233 4036 2337 4092 Sed
2364 4053 2535 4107 neque
2556 4051 2650 4092 eos
2671 4047 2861 4092 natura
2881 4036 3081 4102 docuit,
3106 4036 3198 4091 sed
3226 4043 3491 4105 tamquam
3523 4038 3687 4106 porci,
3715 4040 3821 4090 imo

2232 4145 2359 4184 vero
2382 4130 2654 4199 quibusvis
2679 4130 2854 4199 porcis
2902 4128 3267 4191 obsceniores,
3289 4143 3410 4183 cum
3436 4139 3491 4183 et
3513 4122 3573 4183 se
3599 4130 3736 4183 inter
3760 4145 3820 4185 se

2231 4228 2660 4288 corrumperent,
2682 4228 2737 4274 et
2762 4229 2965 4273 natura:
2986 4219 3130 4289 leges
3151 4219 3384 4274 funditus
3407 4218 3787 4277 convellissent
3802 4264 3817 4287 ,

2234 4327 2335 4365 nec
2381 4311 2474 4364 ulli
2505 4310 2778 4377 suasioni,
2815 4309 2975 4365 ullive
3001 4310 3224 4365 consilio
3253 4311 3591 4379 paruissent,
3626 4326 3726 4367 nec
3753 4328 3819 4369 ex

2228 4403 2357 4471 justi
2384 4402 2654 4457 vicinitate
2680 4401 2822 4457 aliud
2847 4401 3110 4456 commodi
3139 4404 3437 4471 cepissent,
3466 4403 3614 4457 brevi
3645 4404 3818 4458 solum

2236 4493 2491 4562 temporis
2533 4501 2804 4551 momento
2843 4507 3029 4563 pmnas
3071 4492 3373 4558 dederunt,
3420 4494 3499 4547 vel
3540 4496 3714 4563 potius
3753 4495 3819 4549 ab

2235 4582 2450 4638 interitu
2478 4580 2649 4651 erepti
2674 4624 2690 4649 ,
2719 4593 2775 4638 et
2802 4599 2831 4637 a
2859 4597 3014 4653 ptena
3042 4583 3249 4637 liberati
3276 4593 3419 4638 sunt.
3451 4584 3525 4636 Ea
3557 4586 3701 4638 enim
3744 4587 3819 4637 ta-

2233 4688 2354 4728 cere
2378 4673 2544 4728 multo
2563 4682 2646 4727 est
2665 4674 2896 4744 gravius,
2918 4688 3075 4745 quam
3096 4673 3245 4728 brevi
3271 4674 3526 4743 temporis
3547 4684 3818 4730 momento

2235 4763 2497 4833 intercipi.
2531 4762 2764 4819 Haecine
2787 4772 2870 4820 est
2894 4778 3043 4835 ergo,
3065 4764 3150 4819 dic
3174 4763 3329 4831 mihi,
3352 4764 3703 4833 supplicium,
3727 4780 3819 4820 eos

2233 4857 2323 4926 qui
2351 4856 2495 4911 vitiis
2521 4867 2675 4912 erant
2700 4857 2935 4926 corrupti
2957 4896 2974 4921 ,
3001 4865 3055 4910 et
3078 4856 3337 4911 scelerate
3359 4872 3421 4911 ac
3449 4857 3653 4912 nefarie
3685 4858 3818 4911 inter

2235 4961 2294 5001 se
2322 4947 2800 5017 conjungebantur,
2831 4955 2884 5001 et
2910 4946 3044 4999 alter
3070 4945 3297 5000 alterum
3326 4946 3588 5002 dedecore
3617 4947 3817 5003 afﬁcie-

2235 5034 2360 5091 bant
2379 5046 2431 5091 et
2455 5035 2841 5102 afﬁciebantur,
2864 5034 2932 5089 ab
2955 5034 3212 5104 ejusmodi
3240 5035 3402 5091 exitio
3428 5026 3695 5092 liberare?
3725 5038 3816 5092 Ita-

2237 5141 2325 5192 ne,
2350 5126 2612 5182 medicum
2640 5125 2851 5195 quidem
2877 5128 2965 5194 qui
2990 5122 3228 5180 membra
3253 5126 3460 5194 putrida
3488 5138 3694 5181 resecat
3716 5142 3817 5181 non

2236 5218 2473 5273 dicemus
2515 5216 2701 5285 punire
2735 5227 2965 5283 corpus,
3002 5213 3097 5269 sed
3132 5225 3400 5285 tamquam
3444 5214 3731 5285 benignum
3769 5228 3822 5271 et

2233 5305 2524 5358 humanum
2548 5301 2902 5356 admittemus
2928 5319 2940 5353 :
2966 5301 3057 5355 Dei
3079 5311 3258 5355 autem
3281 5301 3603 5369 sapientiam
3635 5313 3689 5355 et
3718 5302 3823 5356 cle-

2234 5396 2486 5451 mentiam
2515 5408 2624 5448 non
2653 5394 2823 5448 multo
2852 5393 3022 5462 magis
3050 5390 3456 5455 admirabimur,
3487 5392 3576 5461 qui
3604 5407 3735 5447 suos
3764 5408 3822 5446 ea

2235 5491 2443 5545 ratione
2488 5487 2801 5558 castigat‘?
2852 5486 2994 5542 Eum
3040 5486 3255 5555 quidem
3307 5496 3566 5558 perpetuo
3612 5496 3823 5555 Oportet

2235 5581 2511 5645 admirari,
2543 5588 2598 5636 et
2624 5580 2792 5649 gloria
2838 5579 3214 5635 atiircrezscd
3260 5580 3372 5635 hoe
3402 5580 3625 5636 nomine
3676 5594 3822 5633 num-

2234 5688 2393 5742 quam
2414 5671 2741 5727 desistamus
2762 5672 2880 5739 ejus
2900 5681 3119 5741 stupere
3141 5669 3560 5740 providentiam,
3580 5684 3681 5725 nec
3705 5684 3822 5725 eum

2300 5786 2313 5817 ι
2353 5782 2437 5835 Hae
2463 5796 2626 5844 voces,
2649 5781 2730 5846 qui
2753 5796 2862 5836 suos
2886 5795 2943 5835 ea
2964 5781 3145 5835 ratione
3165 5782 3385 5843 cast'gat,
3411 5783 3593 5834 desunt
3609 5785 3658 5833 in
3682 5768 3845 5835 Savil.‘
