4056 6440
250 400 358 455 ιω

244 521 529 565 cessemus
554 519 616 559 ea
644 502 711 558 de
741 514 899 556 causa
928 493 1147 551 laudare
1173 537 1187 561 ,
1218 492 1361 563 quod
1404 492 1621 546 brevem
1651 487 1849 543 sectio-

247 615 383 654 nem
415 594 714 651 adhibuerit
737 633 750 653 ,
779 604 1000 657 serpens
1027 586 1222 641 malum
1251 580 1528 637 resciderit
1552 619 1567 645 ,
1598 586 1652 631 et
1676 576 1847 631 medi-

249 690 436 744 cinam
463 701 579 755 qua:
605 681 806 736 nullum
834 679 1074 732 dolorem
1112 674 1325 727 afferret
1353 668 1666 723 admoverit.
1695 664 1773 720 Ne
1800 672 1853 720 te

250 796 395 853 ergo
423 780 525 832 hoc
552 774 855 837 conturbet,
884 769 1025 841 quod
1053 780 1241 822 omnes
1268 772 1487 833 repente
1511 770 1565 815 et
1587 775 1691 813 uno
1714 769 1851 813 tem-

252 848 393 945 pore
412 868 583 923 obruti
607 867 731 919 sint.
756 862 891 931 Quid
913 861 1057 915 enim
1079 857 1244 912 refert
1263 870 1329 909 an
1352 853 1448 919 sic,
1468 867 1534 907 an
1559 848 1850 920 paulatim?

254 940 387 1028 quid
417 974 539 1013 eum
567 955 653 1024 qui
686 952 915 1009 excessit
935 951 1085 1019 juvat
1113 944 1252 1017 quod
1284 958 1379 1012 per
1403 956 1462 996 se
1487 949 1539 995 et
1566 940 1729 1003 solus,
1761 948 1853 992 aut

258 1052 409 1105 laedit
450 1047 589 1119 quod
621 1059 743 1100 cum
782 1041 1030 1097 omnibus
1071 1032 1401 1119 excesserit?
1452 1029 1656 1084 Exaudi
1694 1044 1773 1081 me
1803 1028 1855 1081 in

259 1155 351 1197 tua
369 1115 592 1211 justitia,
617 1135 719 1189 hoc
737 1143 838 1197 est,
870 1131 920 1186 in
944 1115 1273 1197 benignitate
1294 1134 1347 1180 et
1375 1122 1674 1177 clementia.
1704 1117 1854 1184 Quod

260 1209 409 1290 enim
440 1230 491 1284 td
516 1226 798 1297 signiﬁcet,
823 1220 1093 1291 sultjunxit
1116 1236 1129 1271 :
1156 1216 1221 1271 Et
1241 1232 1341 1269 non
1363 1216 1518 1266 intres
1537 1212 1589 1263 iu
1603 1209 1855 1278 judicium

259 1340 380 1379 cum
405 1336 545 1375 serra
571 1330 681 1372 tuo.
708 1317 819 1370 Hoc
838 1315 999 1368 etiam
1028 1310 1153 1380 petit
1175 1308 1275 1362 Job
1298 1306 1383 1375 qui
1410 1311 1525 1358 erat
1559 1301 1646 1354 Vir
1663 1303 1856 1370 justus,

263 1424 312 1467 et
358 1427 513 1467 verax
533 1452 547 1474 ,
593 1419 640 1462 et
682 1406 933 1460 abstinens
961 1401 1022 1454 ab
1051 1400 1189 1455 omni
1217 1415 1271 1452 re
1309 1398 1446 1449 mala
1488 1392 1648 1464 (Job.
1680 1394 1730 1446 1.
1761 1392 1783 1444 1
1817 1393 1859 1460 ),

263 1508 454 1563 dicens
483 1522 496 1558 :
533 1502 741 1557 Utinam
770 1506 893 1551 esset
923 1496 1006 1566 qui
1037 1494 1338 1546 discerneret
1374 1498 1419 1540 et
1462 1493 1693 1556 argueret
1731 1484 1861 1534 inter

264 1610 535 1665 utrumque
560 1594 577 1664 (
602 1592 737 1646 Ibid.
768 1590 823 1645 9.
853 1588 989 1657 35);
1030 1600 1149 1639 cum
1183 1583 1322 1636 Deus
1360 1587 1538 1634 autem
1567 1576 1810 1646 apparuit
1841 1591 1856 1629 :
1901 1606 1903 1610 ι

266 1688 481 1744 Manum
517 1697 777 1755 apponam
814 1680 889 1733 ori
930 1693 1041 1729 meo
1067 1672 1087 1748 (
1110 1672 1245 1727 Ibid.
1279 1670 1368 1726 59.
1397 1669 1539 1737 54);
1572 1668 1695 1721 licet
1722 1666 1861 1720 Deus

266 1782 587 1849 provocaret
610 1783 663 1828 et
687 1771 887 1825 diceret
917 1785 931 1820 :
963 1765 1108 1831 Non,
1137 1763 1225 1817 sed
1262 1760 1467 1830 accinge
1494 1768 1749 1827 tamquam
1787 1756 1863 1808 vir

267 1846 466 1939 iambos
494 1876 607 1919 tuos
639 1862 687 1934 (.’
695 1862 798 1915 bid.
821 1860 909 1914 40.
931 1858 987 1928 2)
1002 1896 1015 1911 .
1041 1856 1149 1910 Hoc
1172 1854 1332 1907 etiam
1354 1849 1554 1906 Judaeis
1574 1846 1864 1916 exprobrat

267 1958 481 2013 dicens:
498 1953 650 2019 Quod
669 1954 960 2005 invenerunt
977 1957 1140 2017 patres
1148 1943 1299 1998 vestri
1310 1943 1367 2019 in»
1381 1956 1458 1994 me
1473 1940 1727 2002 delictum,
1743 1937 1863 2006 quia

268 2049 521 2120 principes
562 2043 709 2098 vestri
754 2043 807 2095 in
848 2056 926 2093 me
962 2055 1029 2093 se.
1056 2037 1226 2104 inique
1253 2040 1510 2105 gesserunt
1540 2029 1673 2097 (Jer.
1693 2028 1748 2081 2.
1770 2028 1862 2097 5)?

341 2136 685 2209 Confessionis
710 2142 1032 2204 peccatorum
1056 2129 1272 2197 fructus.
1289 2153 1359 2164 —
1378 2122 1490 2177 Hoc
1512 2130 1691 2175 autem
1715 2118 1860 2187 facit,

269 2245 377 2285 non
406 2229 591 2282 volens
614 2225 911 2294 graviorem
942 2223 991 2273 in
1021 2231 1115 2273 eos
1135 2214 1362 2272 reddere
1391 2211 1733 2277 sententiam,
1764 2210 1861 2264 sed

279 2322 464 2375 volens
491 2333 558 2373 eo
587 2316 851 2371 adducere
873 2356 889 2379 ,
920 2322 975 2365 ut
1005 2325 1097 2365 sua
1126 2314 1340 2379 peccata
1368 2304 1628 2361 sentirent
1650 2343 1665 2368 ,
1694 2316 1865 2371 eaque

270 2413 691 2473 conﬁterentur,
718 2414 771 2460 et
800 2414 922 2458 tunc
950 2403 1027 2456 eis
1052 2399 1206 2454 daret
1232 2398 1439 2451 veniam
1458 2435 1473 2460 ,
1506 2404 1566 2448 ut
1593 2395 1670 2447 sic
1696 2391 1863 2448 bene-

271 2503 379 2557 ﬁcii
408 2507 628 2555 nossent
648 2494 1084 2567 magnitudinem.
1115 2492 1179 2545 Et
1198 2490 1319 2545 ideo
1340 2486 1469 2543 dicit
1494 2504 1508 2541 :
1538 2485 1629 2538 Dic
1650 2494 1703 2537 tu
1728 2485 1867 2554 prior

272 2593 563 2662 iniquitates
589 2599 699 2642 tuas
720 2628 735 2654 ,
766 2600 870 2640 non
904 2595 960 2638 ut
987 2580 1392 2642 condemneris,
1420 2577 1517 2633 sed
1539 2620 1552 2641 ,
1586 2575 1651 2631 Ut
1668 2574 1866 2646 justiﬁ-

273 2686 405 2739 ceris
436 2684 455 2753 (
480 2680 608 2736 Isai.
637 2681 723 2736 45.
755 2679 825 2733 26
849 2678 890 2745 ).
928 2677 1000 2731 Ea
1030 2676 1099 2730 de
1125 2689 1283 2731 causa
1312 2687 1411 2727 nec
1441 2672 1673 2740 ipse,cas
1697 2668 1864 2732 dicit,

275 2778 371 2833 sed
403 2776 551 2830 illum
575 2773 642 2827 ad
679 2786 770 2827 eas
798 2769 1050 2825 dicendas
1088 2773 1383 2835 comparat.
1431 2763 1485 2817 Si
1530 2763 1673 2817 enim
1706 2762 1871 2816 vellet

275 2868 468 2940 punire
491 2908 507 2933 ,
550 2867 666 2935 ipse
693 2879 815 2919 eum
852 2866 1159 2916 accusasset
1185 2875 1199 2910 :
1229 2870 1370 2910 nunc
1399 2865 1589 2909 autem
1612 2853 1865 2923 quoniam

279 2960 394 3015 vult
423 2956 662 3013 misereri
690 2996 704 3019 ,
737 2953 875 3009 cedit
905 2951 954 3007 ei
984 2951 1073 3021 qui
1100 2949 1337 3019 peccavit
1359 2988 1372 3009 ,
1404 2954 1457 3000 ut
1502 2947 1616 3015 ipse
1650 2944 1785 3013 grati
1817 2950 1871 2997 et

280 3052 536 3109 memoris
558 3049 719 3104 animi
745 3060 999 3102 coronam
1020 3043 1263 3112 accipiat,
1288 3050 1342 3096 et
1364 3055 1456 3109 per
1476 3037 1868 3094 confessionem

282 3142 701 3201 misericordiam
722 3137 970 3193 attrahat.
999 3134 1134 3202 Quid
1164 3142 1339 3204 potest
1365 3147 1484 3187 cum
1514 3131 1611 3185 hac
1637 3129 1869 3185 conferri

285 3232 610 3290 clementia?
640 3228 799 3284 Nihil.
830 3228 944 3291 Dic,
969 3224 1155 3294 inquit,
1179 3232 1234 3278 et
1255 3222 1586 3291 nihilqner
1606 3219 1869 3289 amplius;

289 3326 566 3387 conﬁtere,
590 3331 645 3378 et
665 3321 794 3374 mihi
814 3318 1009 3372 sufﬁcit
1030 3333 1043 3380 ;
1063 3315 1166 3379 dic,
1191 3322 1241 3367 et
1266 3326 1481 3382 prorsus
1498 3309 1759 3363 abstineo.
1794 3306 1875 3361 Ne

282 3416 441 3472 intres
464 3415 518 3467 in
532 3412 788 3483 judicium
814 3425 929 3463 cum
953 3421 1093 3461 sema
1116 3416 1221 3458 tuo.
1254 3403 1397 3457 Multi
1425 3411 1549 3455 sunt
1574 3401 1662 3469 qui
1692 3401 1742 3454 in
1771 3400 1874 3456 hoc

287 3524 347 3565 se
376 3515 519 3561 recte
544 3512 758 3575 gerunt,
784 3516 849 3556 ex
878 3514 944 3555 eo
970 3497 1110 3569 quod
1141 3496 1209 3552 sit
1236 3495 1373 3549 Deus
1394 3494 1742 3563 judicaturus.
1770 3493 1874 3558 Qui

284 3600 428 3655 enim
455 3598 689 3668 pio‘sunt
715 3602 769 3648 et
795 3601 943 3663 grato
978 3590 1159 3644 animo
1179 3630 1193 3654 ,
1228 3588 1330 3642 hoc
1359 3597 1483 3640 ante
1513 3594 1710 3639 norunt
1739 3604 1750 3637 :
1784 3585 1873 3653 qui

286 3705 465 3752 secus,
493 3703 555 3743 ex
583 3702 649 3741 eo
676 3684 817 3754 quod
848 3680 1117 3752 prephette
1144 3679 1327 3733 dicunt
1351 3676 1582 3742 assidue,
1611 3676 1875 3728 Judicium

288 3781 508 3835 Domino
530 3777 596 3831 ad
617 3775 861 3846 populum
878 3788 1045 3836 suum,
1067 3780 1112 3824 et
1131 3786 1246 3823 cum
1269 3765 1439 3822 Israel
1458 3766 1663 3821 disseret
1687 3764 1763 3838 (Μ
1771 3765 1873 3822 icit.

287 3873 341 3927 6.‘
367 3869 444 3943 2)
477 3889 489 3923 :
518 3877 572 3923 et
613 3882 794 3922 rursus
820 3907 835 3931 ,
865 3864 1047 3917 Audite
1070 3903 1086 3929 ,
1118 3860 1271 3914 valles
1296 3868 1341 3912 et
1371 3857 1704 3927 fundamenta
1733 3865 1879 3911 terra:

287 3962 480 4033 (Ibid.)
506 3980 518 4015 :
542 3969 616 4026 et,
641 3960 791 4023 Audi,
818 3957 1018 4022 malum,
1037 3964 1083 4008 et
1105 3951 1309 4007 auribus
1334 3950 1549 4020 percipe,
1574 3960 1706 4003 terra
1725 3949 1877 4020 (Isai.

288 4056 342 4111 1.
370 4055 393 4110 1
421 4053 460 4122 ).
494 4052 572 4106 Ex
601 4065 665 4105 eo
691 4064 817 4119 ergo
836 4048 977 4117 quod
1009 4046 1122 4113 ipse
1149 4042 1367 4097 assidue
1390 4040 1598 4094 dicatur
1618 4038 1876 4106 judicare,

216 4171 232 4181 -
286 4148 451 4202 etiam
478 4147 564 4215 qui
595 4143 750 4213 paulo
776 4141 950 4194 minus
977 4151 1167 4192 sensus
1194 4134 1461 4189 habebant
1486 4147 1545 4187 se
1572 4133 1709 4186 ineo
1734 4141 1880 4187 recte

287 4236 563 4308 gerebant.
600 4233 806 4288 Etenim
834 4230 1081 4284 dicebant
1106 4216 1343 4283 nonnulli
1374 4222 1545 4278 Judtei
1577 4242 1590 4276 :
1621 4222 1791 4289 Quare
1806 4224 1882 4291 je-

279 4327 651 4402 juuavimus,et
670 4339 770 4377 non
798 4320 1035 4390 aspexisti
1061 4316 1210 4387 (Isai.
1238 4317 1324 4372 58.
1349 4314 1446 4385 5)?
1472 4321 1547 4379 et,
1570 4312 1883 4381 Quicumque

287 4418 415 4489 facit
442 4416 659 4479 malum,
693 4415 874 4467 bonum
900 4427 1069 4465 coram
1098 4409 1314 4462 Domino
1338 4407 1358 4480 (
1382 4406 1608 4461 Malach.
1637 4405 1692 4459 2.
1728 4407 1792 4460 17
1816 4406 1833 4475 )
1856 4422 1871 4471 ;

289 4518 346 4566 et
367 4548 385 4573 ,
419 4506 771 4574 xEdiﬁcantur
798 4504 881 4573 qui
909 4503 1099 4573 faciunt
1126 4500 1318 4556 scelera
1341 4542 1356 4566 ,
1388 4509 1433 4553 et
1458 4498 1627 4569 beatos
1654 4498 1883 4551 ducimus

290 4592 487 4654 alienos
514 4596 690 4668 (Ibid.
724 4596 777 4650 5.
807 4596 871 4650 15
898 4594 950 4666 );
984 4602 1037 4649 et
1060 4634 1076 4660 ,
1110 4591 1231 4645 Non
1276 4600 1347 4645 est
1387 4600 1524 4645 recta
1550 4591 1643 4644 *via
1676 4589 1883 4644 Domini

295 4692 314 4761 (
342 4691 529 4746 Ezech.
558 4689 647 4745 55.
681 4688 805 4756 17).
837 4687 1003 4741 Porro
1030 4685 1216 4739 beatus
1242 4698 1453 4753 quoque
1477 4681 1579 4737 Job
1602 4690 1881 4752 postquam

292 4782 347 4838 in
382 4782 525 4836 illam
572 4779 915 4834 tentationem
952 4774 1178 4840 incidit,
1206 4788 1312 4827 non
1352 4788 1417 4827 eo
1446 4772 1626 4826 animo
1651 4814 1666 4837 ,
1699 4787 1797 4826 nec
1820 4786 1883 4827 ea

293 4873 429 4929 dixit
475 4886 593 4940 qua:
621 4869 789 4924 Judazi
824 4887 837 4921 :
876 4866 1051 4929 absit;
1097 4865 1232 4919 dixit
1271 4873 1445 4917 tamen
1476 4882 1487 4915 :
1523 4861 1727 4916 Utinam
1760 4872 1884 4917 esset

293 4950 611 5021 intercessor,
635 4969 682 5014 et
703 4960 785 5029 qui
812 4958 1108 5011 discerneret
1128 4966 1178 5010 et
1199 4963 1428 5024 argueret
1450 4953 1579 5005 inter
1597 4961 1879 5021 utrumque.

294 5057 499 5109 Avertat
524 5070 556 5105 a
576 5068 653 5105 me
674 5051 885 5119 virgam,
908 5058 956 5101 et
986 5053 1133 5101 timor
1152 5049 1258 5116 ejus
1282 5062 1343 5100 ne
1366 5063 1445 5099 me
1465 5046 1719 5099 conturbet
1741 5044 1879 5115 (Job.

295 5146 347 5200 9.
381 5146 468 5200 55.
496 5142 609 5213 54).
647 5142 712 5196 Ει
740 5141 860 5194 ideo
888 5139 1015 5193 dicit
1038 5139 1085 5192 ei
1107 5179 1121 5202 ,
1152 5136 1485 5205 Interrogabo
1510 5153 1600 5206 ego
1627 5147 1692 5201 te,
1724 5145 1777 5188 tu
1803 5152 1886 5190 ve-

296 5253 355 5289 ro
380 5234 504 5287 mihi
533 5225 779 5300 responde
808 5230 948 5301 (Job.
976 5227 1065 5283 42.
1098 5227 1173 5299 4).
1207 5226 1403 5281 Deinde
1428 5228 1675 5296 quoniam
1703 5226 1887 5280 obstu-

296 5324 538 5396 pefactus
568 5323 774 5385 fuerat,
807 5330 858 5375 et
888 5320 1131 5383 dixerat,
1170 5316 1273 5372 Cur
1310 5333 1399 5385 ego
1440 5317 1609 5368 adhuc
1642 5315 1881 5384 judicor,

300 5418 422 5469 dtmt
452 5414 696 5482 corrigor,
726 5422 772 5465 et
800 5428 958 5480 arguo
986 5409 1262 5463 Dominum
1291 5407 1433 5472 (Job.
1458 5407 1549 5461 40.
1572 5407 1629 5478 4)
1647 5406 1670 5459 ?
1690 5415 1742 5459 et
1765 5422 1889 5460 rur-

297 5520 412 5569 sus,
436 5503 708 5557 Auditione
732 5502 930 5571 quidem
949 5501 1088 5553 auris
1109 5510 1155 5553 te
1173 5501 1317 5568 prius
1337 5499 1539 5561 audivi,
1567 5514 1705 5550 nunc
1722 5505 1888 5549 autem

299 5597 449 5649 etiam
480 5592 613 5647 oculi
640 5593 733 5644 mei
760 5600 808 5644 te
836 5591 1067 5645 viderunt
1100 5588 1255 5659 (Job.
1294 5588 1383 5642 42.
1417 5587 1470 5641 5.
1502 5585 1575 5656 6)
1611 5603 1623 5640 :
1654 5588 1889 5655 quocirca

299 5687 547 5754 meipsum
570 5682 829 5751 vilipcndi,
851 5691 897 5735 et
923 5682 1222 5752 liquefactus
1247 5696 1357 5732 sum
1378 5694 1397 5741 ,'
1418 5678 1697 5731 existimavi
1723 5687 1890 5730 autem

302 5792 546 5848 πιεψιιιηι
584 5785 769 5829 terram
803 5783 850 5828 et
889 5774 1106 5826 cinerem
1132 5783 1363 5838 :ponam
1400 5780 1604 5822 manum
1644 5783 1797 5827 διερει-
1831 5784 1888 5822 08

1324 374 1684 449 EXPOSITIO
1723 373 1784 429 ΙΝ
1825 370 2150 429 PSALMUM
2193 370 2397 428 CXLII.

3452 364 3560 420 450

1959 501 2123 538 meum
2149 483 2269 555 (Job
2316 484 2405 540 59.
2430 483 2519 553 51)
2552 502 2565 538 ;
2592 482 2724 537 dixit
2750 482 2822 543 ci,
2857 478 3249 547 Nequaquam‘,
3281 477 3371 532 sed
3400 493 3561 531 accm-

1958 593 2020 647 ge
2060 587 2317 645 tamquam
2351 576 2424 628 vir
2465 575 2657 633 lumbos
2683 582 2795 627 tuos
2834 574 2851 643 (
2882 571 2981 624 Job
3032 570 3119 626 58.
3155 569 3210 624 5.
3239 578 3284 621 et
3313 568 3403 621 40.
3432 567 3467 621 2
3504 568 3560 637 ),

1961 666 2343 735 propemodum
2389 681 2504 735 ejus
2550 664 2709 719 verba
2755 664 2806 716 in
2856 662 3169 716 memoriam
3216 660 3462 729 redigens
3505 667 3562 712 et

1961 755 2143 810 dict-ns
2163 796 2178 820 ,
2207 754 2465 823 Quoniam
2495 769 2702 808 mecum
2735 752 2945 806 voluisti
2968 752 3169 820 judicio
3197 750 3522 804 contendere
3541 791 3559 816 ,

1960 862 2087 902 ecce
2131 846 2317 900 adsum
2367 845 2782 914 disceptaturas.
2837 842 3027 897 Vidisti
3079 841 3169 895 Dei
3214 841 3558 894 clementiam

1964 937 2280 992 inelfabilem
2305 977 2319 1001 ,
2347 936 2522 989 vidisti
2552 935 2848 989 bonitatem
2882 933 3181 987 inﬁnitam?
3212 934 3276 987 Et
3305 933 3426 987 ideo
3451 942 3562 985 tres

1961 1043 2172 1098 quoque
2195 1028 2341 1097 pueri
2371 1026 2635 1090 dicebant,
2658 1025 3003 1091 Pereat-imus,
3035 1024 3205 1094 inique
3231 1028 3443 1094 egimus,
3469 1040 3563 1077 nos

1962 1118 2150 1188 injuste
2176 1118 2419 1189 gessimus
2445 1116 2463 1183 (
2492 1114 2625 1168 Dan.
2655 1116 2708 1170 5.
2738 1115 2810 1169 29
2833 1113 2872 1185 ).
2919 1114 3182 1181 Quoniam
3225 1114 3366 1167 enim
3411 1112 3561 1167 multi

1965 1207 2207 1263 homines
2236 1222 2431 1262 sensus
2469 1207 2626 1275 plane
2655 1213 2903 1275 eapettes
2940 1212 3155 1274 peccata
3185 1218 3277 1256 sua
3311 1203 3361 1255 in
3396 1203 3561 1255 Deum

1964 1297 2245 1353 conferunt
2270 1338 2284 1363 ,
2333 1295 2435 1351 hoc
2477 1305 2793 1366 procurante
2830 1300 2887 1348 et
2928 1294 3266 1347 ntacltinante
3305 1292 3559 1355 diabolo,

1967 1388 2103 1443 hanc
2129 1387 2568 1443 consuetudinem
2597 1386 2738 1439 Deus
2760 1385 2996 1437 avellens
3020 1383 3291 1445 radicitus,
3317 1386 3566 1451 frequen-

1968 1470 2048 1536 ter
2078 1481 2205 1537 dicit
2234 1495 2293 1534 se
2322 1494 2443 1533 cum
2472 1479 2550 1534 eis
2576 1477 2778 1547 judicio
2804 1475 3147 1530 co:.tendcre.

2042 1575 2095 1629 5.
2128 1572 2256 1627 Tale
2292 1570 2418 1641 quid
2446 1570 2605 1625 etiam
2642 1568 2881 1638 peccavit
2919 1568 2963 1621 is
2996 1568 3083 1637 qui
3118 1567 3322 1637 primus
3350 1577 3563 1621 creatus

1967 1673 2050 1720 est
2076 1664 2267 1729 Adam,
2299 1670 2355 1717 et
2394 1661 2514 1716 ideo
2553 1659 2765 1715 dicebat
2790 1676 2804 1712 :
2840 1658 3047 1721 Mulier,
3077 1674 3227 1727 quam
3254 1658 3438 1711 dedisti
3462 1674 3566 1710 nte-

1969 1772 2103 1823 cum,
2134 1771 2194 1808 ea
2221 1754 2344 1806 nti/ti
2368 1752 2525 1817 dedit,
2554 1761 2598 1804 et
2625 1749 2817 1803 comedi
2845 1748 2995 1820 (Cen.
3026 1747 3198 1820 3.12).
3229 1748 3400 1803 Judaei
3428 1762 3563 1816 quo-

1970 1862 2072 1916 que
2094 1846 2261 1900 multa
2285 1842 2545 1909 ejusmodi
2570 1842 2880 1911 peccabant.
2915 1839 3049 1906 Quia
3078 1854 3177 1892 non
3209 1838 3569 1906 iustiﬁcabitur

1970 1940 2022 1992 in
2049 1946 2314 2008 conspectu
2343 1944 2427 1989 tuo
2455 1934 2617 1987 omnis
2647 1934 2833 1985 vivens.
2878 1931 3016 1999 Quid
3059 1931 3127 1984 de
3173 1945 3258 1984 me
3299 1930 3452 1993 dico,
3499 1929 3568 1985 de

1972 2032 2075 2085 hoc
2102 2028 2249 2083 etde
2281 2025 2407 2081 illo?
2438 2024 2625 2095 inquit.
2671 2023 2785 2078 Non
2832 2034 2915 2078 est
2955 2024 3118 2075 homo
3154 2037 3315 2089 super
3341 2032 3561 2087 terram,

1971 2121 2058 2191 qui
2079 2160 2096 2187 ,
2128 2119 2172 2174 si
2201 2117 2267 2173 de
2290 2116 2574 2185 iisjndicio
2594 2113 2882 2169 contendat
2913 2128 3031 2181 quae
3061 2112 3135 2165 illi
3163 2127 3191 2165 a
3222 2120 3272 2164 te
3302 2120 3565 2179 praecepta

1972 2220 2115 2277 sunt,
2142 2210 2310 2281 possit
2332 2207 2614 2278 justiﬁcari
2645 2224 2657 2260 :
2688 2206 2759 2260 ita
2786 2214 2869 2260 est
2898 2204 3038 2274 apud
3067 2213 3118 2259 te
3145 2204 3455 2271 plenissima
3484 2203 3563 2256 vi-

1973 2304 2161 2357 ctoria.
2197 2303 2247 2357 5.
2280 2299 2413 2366 Quia
2440 2308 2725 2369 persecutus
2763 2306 2834 2350 est
2872 2295 3107 2349 inimicus
3132 2295 3357 2347 animam
3384 2309 3565 2347 meam.

1975 2394 2155 2450 Potest
2180 2391 2392 2461 quidem
2425 2388 2529 2443 hoc
2559 2387 2780 2457 intelligi
2807 2394 2861 2439 et
2884 2386 2950 2439 de
2977 2385 3159 2451 Sume,
3190 2384 3279 2454 qui
3306 2393 3422 2438 erat
3444 2393 3572 2437 tunc

1974 2484 2242 2550 inimicus,
2265 2494 2318 2538 et
2340 2495 2462 2536 eum
2485 2478 2923 2550 p-:sequebatur.
2953 2476 3136 2531 Potest
3159 2475 3323 2529 etiam
3350 2474 3452 2529 dici
3478 2490 3573 2542 per

1975 2589 2245 2645 anagogen
2295 2572 2545 2627 inimicus
2592 2568 2836 2625 diabolus
2871 2586 2884 2621 :
2918 2568 3008 2622 ille
3052 2570 3195 2620 enim
3245 2581 3350 2619 non
3396 2574 3574 2619 cessat

1975 2683 2069 2722 eos
2098 2667 2186 2736 qtti
2216 2664 2306 2719 Dei
2331 2670 2455 2718 sunt
2481 2661 2745 2739 persequi.
2773 2659 3052 2729 Quomodo
3075 2674 3201 2728 ergo
3222 2657 3572 2712 liberabintur

1977 2760 2044 2815 ab
2090 2757 2205 2827 ejus
2256 2752 2700 2825 persequutione?
2743 2752 2797 2805 Si
2846 2751 3023 2805 locum
3072 2749 3473 2814 invenerimus,
3520 2749 3573 2801 in

1977 2866 2135 2922 quem
2163 2865 2267 2903 non
2300 2849 2465 2918 possit
2495 2845 2719 2918 ingredi.
2756 2844 2824 2899 Et
2860 2844 3102 2913 quisnam
3137 2850 3220 2896 est
3258 2841 3345 2895 hic
3381 2841 3571 2896 locus?

1978 2945 2107 3012 Quis
2128 2944 2261 2997 alius
2278 2942 2376 2995 nisi
2399 2941 2624 2994 caelum?
2644 2938 2921 3007 Quomodo
2951 2945 3129 2989 autem
3161 2951 3303 2989 nunc
3326 2943 3499 3005 potest
3518 2936 3571 2989 itt

1979 3034 2167 3089 caelum
2180 3032 2427 3088 ascendi?
2444 3031 2579 3085 Audi
2597 3029 2812 3084 Paulum
2827 3027 3091 3081 dicentem
3107 3036 3161 3081 et
3176 3025 3571 3089 ostendentetn,

1981 3141 2079 3181 nos
2098 3126 2258 3181 etiam
2279 3140 2439 3180 carne
2461 3122 2756 3193 implicatos
2777 3136 2933 3190 posse
2955 3120 3060 3173 illic
3074 3120 3276 3174 versari
3298 3137 3310 3171 :
3333 3118 3577 3185 Quaesur-

1980 3234 2089 3272 sunt
2119 3226 2233 3269 sunt
2273 3219 2503 3285 cogitate,
2531 3212 2615 3266 ubi
2636 3210 2863 3267 Christus
2888 3220 2957 3265 est
2986 3211 3039 3263 in
3060 3210 3266 3264 dextera
3285 3209 3378 3264 Dei
3398 3210 3577 3263 sedens

1983 3307 2117 3379 (Col.
2144 3308 2195 3363 5.
2232 3305 2308 3376 1).
2337 3306 2402 3360 ΕΙ.
2425 3318 2608 3358 rursus
2636 3320 2651 3358 :
2684 3301 2873 3355 Nostra
2897 3311 3063 3355 autem
3088 3302 3400 3355 conversatio
3427 3311 3499 3355 est
3525 3303 3577 3354 in

1983 3400 2138 3455 cretis.
2170 3386 2467 3459 Huntiliavit
2496 3396 2549 3449 in
2574 3406 2706 3449 terra
2730 3395 2883 3447 vitam
2903 3411 3064 3446 nteant
3093 3392 3350 3464 (Philipp.
3381 3394 3433 3449 5.
3454 3394 3571 3463 20).

2057 3490 2335 3545 Humilitas
2360 3488 2643 3558 multiplex.
2670 3515 2742 3526 -—
2763 3485 2926 3539 Multa
2954 3485 3219 3552 signiﬁcat
3250 3489 3444 3537 nomen
3475 3485 3577 3538 ltu-

1987 3583 2243 3638 militatis.
2295 3582 2391 3636 Est
2428 3580 2570 3635 enim
2599 3590 2653 3633 et
2677 3578 2887 3632 virtutis
2925 3576 3221 3642 humilitas,
3262 3583 3320 3628 ut
3360 3576 3576 3645 quando

1985 3680 2112 3734 dicit
2141 3696 2153 3731 :
2187 3678 2286 3732 Cor
2324 3664 2591 3729 contritum
2616 3682 2662 3726 et
2688 3671 3010 3725 Itumiliatum
3045 3667 3182 3735 Deus
3213 3685 3312 3720 non
3338 3668 3577 3737 despiciet

1988 3770 2159 3840 (Psal.
2194 3770 2283 3824 50.
2309 3767 2420 3836 19).
2450 3766 2545 3820 Est
2560 3773 2613 3819 et
2634 3762 2905 3817 humilitas
2934 3776 3051 3829 qnte
3078 3757 3317 3829 procedit
3343 3773 3410 3811 ex
3437 3758 3577 3811 cala-

1986 3860 2297 3915 mitatibus:
2328 3867 2409 3911 est
2436 3865 2490 3910 et
2518 3869 2639 3923 qua:
2677 3850 3035 3922 proficiscitur
3074 3865 3138 3902 ex
3186 3849 3437 3917 peccatis.
3485 3848 3581 3904 llic

1988 3960 2166 4005 autem
2210 3964 2327 4005 eam
2364 3946 2646 4017 signiﬁcat,
2686 3959 2805 4014 qua:
2848 3942 3018 3996 oritur
3056 3955 3123 3993 ex
3166 3940 3579 3994 calamitatibus.

1989 4044 2249 4110 Quocirca
2273 4040 2543 4109 subjungit
2568 4037 2671 4092 hoc
2691 4035 2981 4091 ostendens
3006 4051 3019 4087 :
3047 4032 3348 4086 Humiliavit
3373 4035 3424 4085 in
3450 4042 3583 4086 terra

1990 4141 2140 4193 vitam
2168 4153 2349 4190 meam.
2394 4135 2490 4189 Est
2537 4132 2696 4187 etiam
2742 4129 3031 4192 humilitas,
3076 4142 3194 4197 qua:
3240 4126 3479 4195 procedit
3516 4140 3582 4179 ex

1991 4228 2259 4297 superbia,
2283 4235 2340 4280 ut
2367 4223 2580 4295 quando
2602 4223 2729 4277 dicit
2755 4241 2768 4276 :
2800 4222 2897 4288 Qui
2926 4237 2977 4274 se
2998 4221 3209 4285 exultat,
3237 4218 3586 4272 Itumiliubitur

1993 4322 2141 4392 (Luc.
2178 4321 2263 4376 18.
2294 4318 2403 4389 14).
2439 4318 2535 4372 Est
2558 4317 2719 4371 etiam
2751 4314 2851 4368 alia
2881 4313 3183 4379 humilitas,
3210 4327 3330 4382 qua:
3365 4312 3582 4380 prolici-

1993 4414 2159 4469 scitur
2194 4412 2261 4465 ab
2306 4409 2589 4464 insatiabili
2619 4405 2931 4476 cupiditate.
2980 4404 3117 4472 Quid
3148 4412 3229 4457 est
3259 4401 3401 4456 enim
3432 4392 3583 4471 obje-

1994 4505 2129 4561 ctius
2153 4512 2205 4559 et
2232 4502 2483 4555 humilius
2504 4500 2587 4571 i_is,
2613 4499 2699 4568 qui
2722 4498 2930 4565 seipsos
2961 4493 3228 4550 infodiunt
3255 4493 3308 4547 in
3335 4492 3547 4545 divitias
3566 4533 3583 4555 ,

1993 4596 2287 4666 potentiam
2315 4602 2368 4647 et
2392 4592 2647 4668 gloriam?
2678 4590 2714 4643 li
2744 4591 2885 4643 enim
2914 4595 3040 4641 sunt
3059 4587 3264 4640 duabus
3290 4584 3587 4639 rationibus

1995 4687 2260 4752 humiles,
2297 4693 2352 4739 et
2398 4683 2536 4753 quod
2585 4682 2729 4735 humi
2778 4689 2995 4749 serpant
3036 4686 3091 4733 et
3133 4677 3275 4748 qttod
3301 4692 3362 4732 ea
3394 4693 3586 4745 magna

1995 4780 2332 4839 existiment,
2379 4772 2826 4844 quemadmodum
2879 4770 3025 4840 pueri
3090 4769 3220 4839 pilas
3250 4810 3263 4831 ,
3313 4768 3481 4833 talos,
3534 4777 3589 4822 et

1997 4870 2297 4941 hujusmodi
2338 4868 2540 4922 ludicra
2582 4864 2755 4935 magni
2796 4863 3008 4918 faciunt.
3049 4862 3118 4915 At
3144 4860 3245 4915 hoc
3270 4876 3374 4913 non
3406 4870 3486 4914 cst
3513 4861 3587 4912 si-

1996 4980 2158 5035 gnum
2206 4960 2347 5032 quod
2391 4975 2453 5014 ea
2497 4973 2683 5027 magna
2729 4956 2872 5019 sint,
2919 4953 3015 5009 sed
3069 4952 3207 5021 qttnd
3257 4952 3346 5022 qui
3388 4967 3448 5005 ea
3496 4951 3593 5003 ad-

1998 5059 2295 5118 mirantur,
2346 5059 2579 5105 mentem
2634 5048 2863 5101 habeant
2916 5046 3276 5113 imperfectam
3315 5052 3368 5096 et
3409 5042 3588 5094 humi-

1999 5149 2126 5203 lem.
2175 5144 2279 5200 Sed
2329 5143 2431 5197 hoc
2484 5140 2699 5212 quidem
2745 5148 2829 5192 est
2868 5137 3041 5191 mtatis
3086 5144 3140 5189 et
3185 5144 3387 5187 natura:
3440 5133 3591 5186 defc-

1997 5250 2136 5302 ctus,
2180 5236 2307 5292 illud
2339 5250 2466 5288 vero
2507 5240 2588 5285 est
2623 5231 2775 5300 culpa
2815 5228 3125 5282 voluntatis.
3155 5224 3288 5278 Cum
3339 5225 3479 5276 enim
3525 5225 3594 5277 sit

1998 5331 2100 5395 vir,
2131 5343 2193 5383 ac
2221 5337 2443 5380 matura:
2472 5322 2665 5385 mtatis,
2695 5335 2929 5384 mensas,
2952 5318 3154 5381 luxum,
3182 5327 3231 5370 et
3262 5315 3477 5369 delicias
3510 5330 3595 5367 rcs

2000 5428 2151 5491 putat
2180 5432 2298 5473 esse
2330 5430 2548 5483 magnas
2573 5432 2586 5467 :
2617 5429 2723 5481 quo
2754 5413 2879 5480 quid
2905 5425 3025 5465 esse
3051 5416 3226 5481 potest
3253 5406 3513 5474 abjcctitts
3543 5414 3597 5459 ct

2004 5507 2294 5565 humilius?
2348 5506 2510 5575 Atqui
2562 5504 2716 5558 multi
2764 5517 2859 5557 eos
2903 5515 3026 5556 esse
3074 5498 3252 5568 magni
3300 5506 3354 5551 et
3399 5496 3593 5550 excelsi

2072 5698 2086 5729 ¹
2119 5694 2271 5749 Illud,
2298 5692 2620 5756 Nequaquam
2652 5685 2776 5750 (Μή)
2801 5721 2816 5745 ,
2857 5695 2961 5735 non
2999 5677 3190 5744 legitur
3221 5678 3271 5726 in
3322 5671 3454 5723 libro
3494 5669 3606 5731 Job,

2009 5770 2104 5809 nec
2126 5757 2339 5807 habetur
2373 5752 2423 5803 iu
2448 5754 2674 5803 ΗΘΜ-ρο.
