4056 6448
536 373 631 430 851

535 484 699 541 animi
747 484 972 538 dicunt:
1003 480 1097 537 sed
1146 480 1199 535 hi
1252 490 1374 536 sunt
1418 480 1521 536 illis
1568 482 1726 549 longe
1777 479 2110 534 humiliores.

537 579 737 633 Rursus
760 590 888 645 ergo
913 574 1182 629 discamus
1210 588 1329 642 quae
1359 573 1427 627 sit
1451 588 1575 626 vera
1606 572 1829 627 altitudo
1852 613 1867 639 ,
1897 580 1954 634 et
1985 572 2109 640 quid

517 670 788 727 vilitatem
808 677 865 725 et
883 662 1232 721 humilitatem
1254 666 1466 721 efliciat.
1495 663 1633 719 Nihil
1655 663 1795 718 enim
1818 678 1969 732 mque
1991 662 2117 718 facit

533 763 827 825 excelsum,
855 768 1014 829 atque
1051 774 1113 814 ea
1160 758 1455 826 despicere.
1501 756 1653 812 Nunc
1688 771 1817 826 ergo
1859 755 2117 825 propheta

535 853 665 908 dicit
694 851 1043 906 humilitatem
1075 865 1193 918 qua:
1215 849 1384 903 oritur
1403 862 1467 903 ex
1494 846 1885 903 calamitatibus
1910 864 1922 900 :
1948 845 2119 901 Collo-

532 943 662 996 cavit
681 958 760 996 me
775 943 825 994 in
842 940 1063 994 obscuris
1082 940 1209 994 sicut
1230 948 1452 992 mortuos
1472 939 1663 993 steculi.
1695 936 1967 1005 Duplicem
1990 936 2117 991 dicit

533 1036 923 1099 talamitatem,
950 1032 1167 1103 etquod
1194 1033 1248 1085 in
1273 1031 1518 1085 obscuris
1537 1073 1551 1093 ,
1581 1040 1635 1084 et
1669 1028 1809 1099 quod
1846 1038 2114 1098 tamquam

537 1135 777 1180 mortuos
821 1124 1001 1179 saeculi
1036 1140 1047 1174 :
1082 1137 1178 1193 per
1222 1130 1444 1190 utraque
1487 1119 1947 1190 significans'eam
1997 1132 2116 1187 qua:

536 1226 663 1270 tunc
699 1224 816 1270 erat
850 1214 1231 1283 captivitatem.
1272 1212 1533 1279 Quoniam
1560 1210 1701 1265 enim
1733 1208 1893 1263 etiam
1919 1208 2009 1279 qui
2035 1216 2117 1263 est
2168 1284 2177 1289 _

534 1308 588 1361 in
633 1308 886 1371 obscuro,
933 1312 1111 1374 potest
1147 1303 1346 1374 aliquid
1394 1316 1574 1372 agere,
1606 1315 1831 1355 accensa
1876 1299 2114 1365 lucerna,

534 1400 718 1454 volens
757 1399 1039 1454 ostendere
1071 1396 1331 1467 insignem
1362 1395 1623 1448 malorum
1657 1393 2073 1467 magnitudinem
2097 1432 2113 1458 ,

534 1493 715 1546 addito
754 1500 1083 1545 mortuorum
1128 1488 1343 1543 nomine
1390 1488 1538 1542 auxit
1582 1486 1913 1556 tragoediam.
1960 1484 2120 1539 Tales

535 1582 771 1651 suntqui
800 1581 851 1635 in
879 1582 1109 1652 peccatis
1138 1581 1339 1634 vivunt.
1390 1580 1463 1633 lta
1503 1579 1645 1633 enim
1689 1586 1814 1633 sunt
1851 1582 2117 1646 tanquam

537 1675 730 1729 mortui
761 1674 810 1728 in
840 1674 1076 1727 tenebris
1106 1693 1119 1727 :
1149 1673 1274 1726 licet
1298 1686 1425 1741 ergo
1449 1670 1720 1739 lampades
1743 1667 2119 1724 circumferant

537 1764 950 1819 innumerabiles
969 1805 983 1829 ,
1012 1764 1133 1818 licet
1158 1763 1222 1816 ad
1250 1762 1418 1817 solem
1445 1760 1750 1831 respiciant,
1780 1759 1904 1813 licet
1931 1774 1995 1814 ex
2022 1773 2119 1814 ve-

536 1856 707 1912 stibus
743 1863 797 1909 et
834 1856 940 1909 alio
970 1854 1093 1908 vitae
1134 1855 1277 1909 cultu
1320 1854 1526 1907 alacres
1570 1860 1625 1906 et
1667 1852 1772 1905 Leti
1818 1851 2117 1915 vidcantur,

538 1946 705 2003 nihilo
743 1946 991 2011 meliori,
1024 1945 1131 1998 imo
1156 1959 1287 2000 vero
1328 1943 1578 1998 deteriori
1617 1952 1740 1997 sunt
1784 1941 2113 2007 conditione,

536 2026 692 2108 quam
718 2038 809 2107 qui
835 2047 957 2092 sunt
981 2038 1199 2103 mortui,
1222 2045 1275 2089 et
1300 2045 1459 2106 agunt
1487 2036 1537 2088 in
1566 2034 1798 2089 tenebris
1823 2051 1836 2086 :
1860 2043 2122 2102 quatenus

539 2131 623 2183 illa
651 2129 865 2199 quidem
897 2144 981 2183 res
1006 2137 1089 2184 est
1118 2128 1373 2182 naturalis
1392 2168 1405 2191 ,
1439 2126 1555 2181 haec
1583 2141 1710 2181 vero
1738 2134 1821 2180 est
1847 2126 2002 2195 culpa
2024 2140 2121 2179 vo-

538 2220 776 2274 luntatis.
819 2219 1077 2274 Tenebrze
1102 2234 1313 2289 quoque
1336 2227 1460 2273 sunt
1488 2232 1566 2273 eae
1597 2233 1715 2287 quae
1740 2216 1930 2271 futurae
1960 2227 2119 2281 sunt,

537 2311 604 2365 de
628 2310 818 2381 quibus
847 2310 994 2373 dicit,
1026 2309 1211 2364 Tollite
1238 2328 1371 2375 eum,
1397 2319 1445 2365 et
1471 2311 1649 2364 mittite
1674 2311 1727 2364 in
1752 2309 1976 2364 tenebras
1996 2320 2125 2364 exte-

536 2404 693 2457 riores
723 2401 946 2473 (Matth.
969 2401 1059 2456 22.
1093 2401 1214 2471 l5).
1247 2401 1382 2457 Sunt
1405 2402 1565 2457 etiam
1593 2401 1705 2455 vitii
1731 2401 1986 2456 tenebrae.
2022 2400 2123 2456 Se-

536 2496 728 2561 dentes,
753 2496 937 2565 inquit,
969 2495 1019 2549 in
1045 2494 1275 2562 tenebris,
1300 2505 1346 2549 et
1374 2495 1549 2548 umbra
1576 2495 1748 2549 mortis
1773 2493 1979 2563 (Luc.l.
2007 2492 2120 2565 79).

540 2586 607 2641 Et
652 2585 870 2652 Paulus,
904 2585 1025 2640 Non
1063 2603 1236 2641 sumus
1274 2586 1371 2654 filii
1412 2585 1724 2640 tenebrarum
1753 2586 1827 2657 (1:
1856 2584 2031 2640 Thess.
2065 2586 2120 2640 5.

537 2676 613 2747 5).
634 2650 954 2745 lterumque,
980 2650 1305 2729 Evanuerutit
1330 2676 1383 2728 in
1403 2650 1784 2746 cogitationibus
1804 2650 1931 2743 iuis,
1961 2684 2008 2731 et
2033 2676 2124 2730 ob-

536 2776 792 2821 scuratum
823 2776 895 2821 est
917 2766 1161 2836 insipiens
1181 2782 1268 2819 cor
1291 2782 1461 2821 eorum
1484 2766 1657 2837 (Rom.
1685 2767 1735 2821 1.
1763 2766 1880 2837 2|).

610 2856 940 2913 Peccatorum
971 2858 1220 2922 tenebrae;
1247 2874 1493 2929 pauperes
1532 2874 1624 2912 cur
1648 2875 1747 2912 non
1797 2859 2125 2914 audiantura

535 2948 825 3002 mundanis.
853 2978 925 2989 ——
954 2948 1017 3003 Et
1036 2948 1154 3003 ideo
1175 2949 1616 3018 quemadmodum
1637 2950 1726 3019 qui
1753 2958 2032 3005 versantur
2067 2950 2119 3005 in

537 3042 789 3107 tenebris,
822 3041 1065 3095 nesciunt
1085 3055 1261 3094 rerum
1289 3052 1527 3095 naturam
1556 3041 1661 3094 :ita
1687 3041 1845 3096 etiam
1872 3042 1965 3111 qui
1994 3051 2120 3095 sunt

533 3133 586 3186 itt
627 3132 876 3203 peccatis,
908 3141 1033 3187 sunt
1056 3132 1330 3199 obeacati,
1384 3141 1438 3187 et
1464 3147 1524 3187 ea
1551 3146 1670 3202 quae
1712 3142 1967 3204 apparent
2013 3150 2118 3189 non

532 3223 859 3289 discernunt,
892 3223 985 3279 sed
1014 3222 1080 3277 ad
1104 3222 1317 3277 umbras
1335 3233 1599 3291 tamquam
1628 3222 1695 3278 ad
1715 3238 1803 3278 res
1829 3238 1982 3279 veras
1999 3238 2119 3279 cur-

533 3322 675 3381 runt,
706 3314 916 3369 divitias
941 3322 996 3369 et
1022 3314 1257 3379 delicias,
1292 3325 1343 3368 et
1380 3313 1665 3381 potentiam
1719 3326 2117 3384 persequentes,

535 3420 633 3459 nec
656 3407 874 3468 amicos,
909 3419 1007 3459 nec
1029 3404 1269 3458 inimicos
1296 3413 1557 3459 noverunt
1588 3420 1602 3457 :
1637 3404 1865 3460 inimicis
1902 3406 2116 3475 quidem

536 3504 800 3562 tamquam
828 3495 1012 3549 amicis
1042 3493 1286 3560 ﬁdentes,
1308 3510 1428 3549 cum
1458 3495 1642 3549 amicis
1675 3511 1804 3551 vero
1851 3506 2116 3568 tamquam

532 3598 652 3639 cum
678 3584 914 3638 hastibus
939 3584 1305 3654 conﬂigentes.
1340 3584 1452 3640 Non
1478 3585 1628 3640 vides
1649 3602 1908 3657 pauperes
1942 3590 2117 3656 quoti-

532 3676 619 3729 die
652 3676 963 3740 clamantes,
995 3686 1047 3730 et
1072 3675 1349 3745 eiulantes,
1392 3690 1420 3729 a
1454 3677 1667 3731 nemine
1694 3686 1872 3732 tamen
1901 3676 2119 3731 audiri?

531 3766 705 3833 Quare
730 3782 831 3821 non
862 3765 1119 3820 audiunt?
1144 3765 1404 3833 Quoniam
1426 3767 1706 3822 collocavit
1753 3782 1848 3823 eos
1876 3767 2120 3824 diabolus

534 3860 586 3913 in
630 3860 890 3922 obscuris,
934 3859 1070 3912 sicut
1098 3869 1335 3912 mortuos
1361 3859 1561 3914 Steculi.
1616 3859 1769 3927 Quod
1807 3861 1950 3915 enim
1992 3871 2121 3916 sunt

530 3952 647 4005 aliis
665 3952 896 4005 tenebra:
916 3958 970 4005 et
996 3951 1180 4004 mortis
1201 3950 1455 4016 conditio,
1489 3951 1589 4006 hoc
1606 3961 1689 4006 est
1714 3952 1792 4007 eis
1818 3952 2120 4007 inhumani-

533 4052 634 4096 tas.
670 4042 763 4097 Est
784 4057 964 4096 eorum
986 4041 1073 4111 qui
1097 4040 1291 4096 sedent
1315 4041 1366 4095 in
1399 4042 1633 4097 tenebris
1654 4057 1762 4096 non
1784 4042 1969 4097 videre.
2000 4058 2115 4097 ma-

532 4133 583 4189 la
608 4150 727 4205 qua:
750 4135 871 4189 illos
898 4133 1173 4188 invadunt.
1208 4133 1319 4188 Hoc
1344 4134 1505 4189 etiam
1537 4134 1615 4189 eis
1640 4134 1851 4198 accidit,
1882 4134 1971 4204 qui
2004 4148 2112 4189 non

532 4229 711 4283 vident
738 4242 829 4282 eas
850 4242 967 4297 quae
983 4227 1135 4296 juxta
1166 4227 1309 4297 ipsos
1337 4226 1453 4280 sitze
1492 4234 1617 4279 sunt
1666 4225 2018 4292 calamitates,
2063 4236 2119 4282 et

530 4323 584 4374 in
626 4321 908 4390 voragines
950 4318 1223 4389 fossasque
1285 4328 1337 4372 et
1385 4318 1677 4390 pra'cipitia
1743 4319 2113 4376 deturbantur.

530 4413 623 4467 Est
655 4427 839 4467 eorum
858 4413 946 4481 qui
969 4409 1157 4466 sedent
1178 4411 1228 4464 in
1257 4409 1491 4465 tenebris
1514 4410 1683 4479 turpia
1713 4424 1901 4467 secure
1920 4412 2117 4467 audere

528 4501 831 4557 admittere.
881 4501 993 4555 lloc
1040 4500 1199 4555 etiam
1252 4497 1453 4553 faciunt
1484 4499 1574 4568 qui
1629 4498 1872 4569 nequiter
1908 4500 2113 4565 vivunt,

528 4605 794 4665 tamquam
817 4595 903 4664 qui
922 4594 1108 4648 sedent
1126 4594 1176 4646 in
1197 4592 1450 4657 tenebris,
1475 4601 1529 4645 et
1556 4590 1775 4661 perinde
1805 4606 1866 4645 ac
1886 4591 1930 4644 si
1953 4606 2112 4646 nemo

531 4687 692 4742 homo
722 4687 809 4751 sit,
835 4687 944 4755 qui,
967 4702 1083 4755 qua:
1106 4671 1257 4746 fiunt.
1288 4684 1559 4753 respiciat,
1592 4683 1771 4737 omnia
1802 4692 1907 4737 tam
1931 4698 2117 4741 secure

528 4787 852 4848 perpetrant,
886 4778 938 4831 in
962 4777 1153 4833 mediis
1184 4776 1402 4832 urbibus
1426 4777 1573 4831 velut
1599 4776 1654 4831 in
1680 4775 1967 4831 solitudine
1991 4792 2113 4833 sce-

527 4870 634 4926 lera
664 4870 1076 4938 committentes.

598 4964 652 5017 4.
676 4962 838 5015 Animi
866 4961 958 5015 sibi
996 4962 1127 5014 male
1150 4960 1335 5013 conscii
1362 4959 1621 5021 conditio;
1648 4958 1989 5029 improborum
2015 4961 2112 5013 nti-

528 5069 641 5108 sera
666 5053 921 5117 conditio;
950 5052 1217 5121 descriptio
1262 5050 1434 5114 avari;
1462 5050 1825 5118 praeteritorum
1874 5050 2114 5103 memoria

527 5160 681 5212 quam
720 5142 877 5195 utilis.
902 5171 971 5180 —
994 5141 1091 5208 Qui
1122 5141 1311 5197 sedent
1335 5141 1386 5193 in
1417 5140 1672 5205 tenebris,
1705 5149 1829 5195 Sunt
1853 5142 1904 5194 in
1923 5156 2113 5211 perpeo

528 5246 619 5289 tuo
640 5244 783 5288 metu
811 5251 824 5286 :
853 5233 923 5287 ita
954 5232 1004 5285 hi
1033 5234 1214 5287 etiam.
1239 5232 1425 5287 Nullus
1450 5233 1590 5287 enim
1614 5243 1794 5301 raptor
1838 5242 1893 5289 et
1918 5249 2111 5288 avarus

525 5337 606 5381 est
633 5342 663 5380 a
681 5335 824 5381 metu
845 5326 1070 5391 alienus,
1099 5335 1583 5395 quantumcumque
1606 5341 1664 5380 se
1684 5326 1976 5382 insolenter
1996 5328 2111 5397 jac-

528 5419 663 5477 titet,
690 5426 744 5472 et
765 5417 1097 5472 extrinsecus
1148 5416 1377 5471 ketautis
1422 5418 1654 5486 speciem
1698 5433 1809 5487 pra:
1848 5434 1905 5472 se
1952 5419 2107 5473 ierat.

526 5508 669 5562 Talis
690 5516 772 5562 est
792 5507 933 5562 enim
955 5517 1138 5561 natura
1165 5506 1325 5560 animi
1355 5506 1450 5562 sibi
1476 5507 1613 5563 male
1630 5508 1847 5563 conscii.
1879 5507 1943 5562 Et
1960 5519 2111 5563 erant

527 5598 579 5651 lii
605 5598 817 5667 quidem
847 5610 1002 5653 antea
1026 5599 1172 5653 omni
1199 5598 1349 5653 venia
1383 5600 1593 5669 privati,
1621 5600 1714 5655 sed
1747 5617 1886 5657 nunc
1918 5604 2105 5672 magis,

526 5689 668 5756 quod
690 5704 809 5743 cum
834 5691 912 5744 sol
939 5689 1154 5759 justitize
1178 5691 1435 5752 illuxerit,
1466 5692 1637 5747 adhuc
1661 5693 1846 5747 sedent
1878 5694 1928 5747 in
1961 5702 2097 5746 teuc-

524 5778 650 5834 ltris.
677 5778 744 5833 Et
768 5780 1033 5852 quomodo
1060 5795 1179 5835 cum
1208 5781 1380 5835 illum
1406 5780 1509 5843 sol,
1541 5783 1729 5838 sedent
1761 5784 1810 5837 in
1835 5784 2066 5837 icnt'bt'is‘
2086 5788 2106 5837 ’ἐ

1255 372 1314 425 S.
1353 366 1631 424 JOANNIS
1667 364 2145 423 CIIRYSOSTOMI
2188 366 2499 423 AllCiilEP.
2534 366 3065 428 CONSTANTINOP.

3729 378 3848 435 {Si

2226 479 2448 550 Propter
2466 483 2741 535 oculorum
2766 483 3205 539 imbecillitatem.
3224 484 3359 540 Cum
3378 486 3524 543 enim
3548 502 3610 543 se
3629 490 3845 552 antris,

2218 573 2414 628 cloacis
2451 583 2507 629 et
2542 575 2880 646 voraginibus
2929 577 3038 631 vitii
3084 576 3395 646 infoderint,
3422 577 3494 636 ob
3540 581 3849 636 oeulos-um

2221 664 2631 720 imbecillitatem
2667 680 2772 720 non
2801 679 3026 736 possunt
3050 668 3228 723 radios
3254 669 3473 725 intueri.
3507 672 3563 727 4.
3596 670 3671 726 Et
3730 688 3848 726 ass-

2217 756 2384 807 minus
2412 767 2484 810 est
2504 767 2656 825 super
2673 772 2754 811 me
2773 757 2980 826 spiritus
3004 775 3145 813 meus
3172 774 3192 812 :
3241 760 3297 813 in
3323 775 3404 814 me
3447 762 3715 815 turbatum
3766 770 3852 816 ess

2220 862 2308 899 cor
2327 864 2509 901 meum.
2542 848 2712 915 Alius,
2740 846 2808 902 Et
2832 848 3266 919 circumagebatur
3291 850 3344 904 in
3375 866 3455 905 me
3476 852 3660 905 anima
3695 868 3847 905 mea.

2221 936 2465 990 Ostendit
2501 951 2687 993 rursus
2710 952 2973 991 summam
2996 937 3349 994 afllietionem
3378 956 3474 1011 per
3497 942 3671 997 animi
3707 958 3846 1012 per-

2225 1026 2596 1083 turbationem.
2638 1027 2776 1097 Quid
2825 1037 2907 1085 est
2949 1039 3150 1094 autem,
3181 1029 3247 1084 In
3272 1031 3492 1087 me?Ne
3530 1032 3657 1087 aliis
3705 1034 3845 1103 qui-

2222 1117 2343 1173 dem
2389 1127 2629 1187 poteram
2686 1104 2987 1186 enuntiare,
3039 1129 3095 1175 et
3132 1121 3563 1176 consolationem
3622 1122 3695 1176 ab
3746 1122 3845 1177 eis

2220 1210 2482 1279 accipere.
2511 1210 2665 1264 Tales
2694 1218 2819 1265 sunt
2872 1211 3033 1265 animi
3079 1211 3443 1281 improborum
3480 1235 3494 1265 ς
3524 1229 3839 1283 numquam

2222 1317 2328 1357 non
2367 1300 2775 1368 conturbantur,
2805 1317 2914 1356 non
2941 1302 3113 1357 solum
3164 1303 3290 1357 dum
3336 1313 3460 1357 sunt
3511 1306 3843 1374 praesentia;

2221 1393 2317 1449 sed
2338 1395 2496 1449 etiam
2518 1393 2643 1448 dum
2673 1404 3051 1463 expectantur
3077 1396 3239 1449 mala.
3269 1395 3569 1467 Numquam
3624 1407 3711 1453 est
3750 1399 3848 1455 eis

2223 1486 2329 1540 ulla
2360 1487 2735 1555 tranquillitas,
2765 1487 2907 1542 nulla
2936 1488 3099 1541 animi
3144 1490 3429 1555 securitas,
3475 1490 3571 1545 sed
3614 1500 3846 1560 pertur-

2222 1576 2422 1631 bantur
2440 1578 2609 1647 magis
2634 1592 2792 1647 quam
2881 1578 3047 1633 ullum
3094 1578 3311 1648 pelagus
3345 1599 3358 1635 :
3389 1594 3498 1634 non
3541 1597 3671 1645 nox,
3720 1597 3839 1636 non

2223 1667 2338 1723 dies
2357 1668 2435 1724 eis
2460 1670 2723 1735 concedit,
2744 1678 2801 1724 ut
2825 1669 3042 1726 sedetur
3063 1680 3372 1741 tempestas,
3424 1672 3518 1727 sed
3586 1673 3843 1745 undique

2223 1769 2482 1814 vexantur
2511 1779 2523 1814 :
2556 1761 2656 1815 etsi
2681 1761 2861 1815 nullus
2882 1761 2952 1816 sit
2979 1763 3069 1832 qui
3095 1763 3175 1817 eis
3203 1762 3505 1818 molestiam
3532 1764 3830 1825 exhibeat.

2224 1854 2421 1909 bellum
2449 1852 2758 1908 intestinum
2782 1867 2846 1908 ac
2874 1852 3230 1909 domeSIieum
3274 1853 3555 1918 habentes,
3618 1870 3722 1910 nec
3766 1856 3840 1910 iis

2225 1959 2342 2013 quze
2366 1938 2475 2010 jam
2506 1952 2831 2013 acceperunt
2883 1943 3152 2009 fruuntur,
3179 1959 3368 1999 eorum
3416 1960 3537 2015 quae
3582 1946 3831 1999 nondum

2223 2035 2555 2090 advenerunt
2591 2036 2949 2092 sollicitudine
2970 2036 3210 2101 lacerati,
3242 2036 3444 2100 laniati,
3477 2035 3545 2089 de
3576 2036 3837 2091 omnium

2226 2126 2450 2199 negtiis
2474 2126 2707 2194 solliciti,
2753 2126 2893 2181 bona
2940 2127 3179 2181 omnium
3230 2127 3445 2181 curiose
3494 2124 3830 2191 scrutantes,

2225 2217 2404 2275 animo
2431 2218 2692 2287 agitantes
2712 2218 2981 2288 quomodo
3007 2219 3130 2273 huic
3156 2218 3369 2289 quidem
3396 2218 3825 2287 persuadebunt,

2228 2308 2375 2362 illum
2405 2324 2533 2364 vero
2556 2308 2852 2373 terrebunt,
2883 2310 3044 2365 alium
3090 2309 3299 2365 blandis
3349 2310 3529 2364 verbis
3565 2310 3827 2373 alliciunt.

2226 2398 2388 2453 alium
2414 2414 2542 2453 vero
2571 2408 2782 2470 cogent,
2814 2401 2975 2455 alium
2998 2409 3173 2456 autem
3202 2400 3583 2463 observabunt,
3607 2402 3828 2456 calum-

2228 2490 2365 2555 nias,
2392 2490 2715 2560 emptiones,
2739 2491 3097 2557 venditiones,
3129 2501 3464 2557 testamenta,
3514 2491 3828 2561 fideju'ssio-

2223 2597 2343 2648 nes,
2378 2597 2590 2648 usuras,
2619 2590 2817 2650 sortes,
2866 2592 2921 2638 et
2958 2583 3149 2638 horum
3195 2583 3458 2638 malorum
3502 2583 3833 2653 quisquilias

2227 2685 2282 2732 et
2310 2676 2467 2732 fmces
2504 2676 2647 2747 apud
2696 2692 2756 2733 se
2802 2685 3077 2731 versantes
3111 2693 3124 2727 :
3154 2684 3208 2730 et
3254 2674 3471 2746 quando
3510 2676 3591 2731 eis
3640 2677 3832 2731 omnia

2226 2758 2472 2833 afﬂuunt,
2530 2776 2657 2821 tunc
2704 2767 2933 2820 maxime
2975 2765 3373 2835 perturbantur.
3422 2764 3555 2819 Vide
3592 2765 3825 2820 divitem

2228 2858 2374 2913 illum
2404 2858 2644 2928 quitunc
2690 2857 2919 2911 maxime
2967 2855 3231 2921 turbatur,
3273 2855 3489 2925 quando
3533 2855 3655 2925 eius
3694 2870 3831 2926 ager

2227 2948 2325 3004 fuit
2353 2948 2731 3013 fertilissimus,
2757 2947 3092 3017 dubitatque,
3121 2956 3174 3001 et
3199 2956 3283 3001 est
3309 2946 3472 3002 animi
3510 2948 3832 3018 perplexas.

2225 3048 2281 3096 et
2330 3040 2459 3096 dicit
2491 3058 2503 3094 :
2536 3040 2673 3108 Quid
2696 3039 2926 3111 faciam?
2952 3038 3170 3093 Dimam
3195 3040 3374 3094 horrea
3404 3057 3535 3107 mea,
3580 3052 3629 3095 et
3656 3043 3834 3111 adiﬁ-

2226 3131 2349 3185 cabo
2369 3133 2565 3202 majora
2586 3129 2747 3201 (Luc.
2773 3131 2860 3185 i2.
2892 3128 3023 3202 18).
3055 3130 3281 3202 Pauperi
3322 3142 3499 3186 autem
3532 3131 3667 3187 nihil
3718 3135 3834 3191 tale

2230 3222 2451 3280 accidit.
2482 3224 2537 3276 5.
2564 3220 2767 3276 Memor
2818 3222 2893 3295 fui
2923 3221 3120 3275 dierum
3153 3223 3476 3291 antiquorum
3509 3242 3528 3277 :
3552 3225 3834 3279 meditatus

2224 3328 2335 3366 sum
2348 3312 2399 3365 in
2409 3311 2639 3366 omnibus
2655 3313 2889 3382 aperibus
2903 3314 3019 3366 tuis.
3040 3312 3154 3366 Non
3168 3322 3251 3367 est
3267 3312 3379 3366 htec
3396 3329 3562 3383 parva
3575 3315 3835 3369 consola-

2224 3406 2318 3473 tio,
2344 3405 2519 3475 priora
2556 3419 2715 3459 nosse
2740 3414 2794 3459 et
2824 3404 3127 3474 praesentia.
3155 3402 3416 3473 Quoniam
3447 3404 3614 3469 enim,
3645 3403 3705 3460 ut
3729 3421 3826 3461 se-

2225 3497 2330 3553 mel
2355 3496 2551 3564 dicam,
2586 3497 2774 3552 iisdem
2804 3497 3009 3567 legibus
3038 3496 3174 3551 Deus
3200 3505 3255 3552 et
3278 3512 3340 3552 ea
3363 3512 3482 3568 qua:
3505 3514 3647 3554 nunc
3670 3509 3826 3563 sunt.

2225 3596 2278 3641 et
2319 3605 2437 3658 quze
2478 3590 2625 3657 prius
2674 3588 2890 3643 fuerunt
2938 3587 3293 3655 administrat,
3344 3590 3575 3643 maxima
3626 3601 3711 3645 est
3755 3593 3827 3646 ad

2224 3680 2507 3749 praesentia
2550 3680 2845 3739 consolatio
2872 3679 3129 3733 memoria
3159 3680 3573 3747 prmteritorum.
3609 3682 3674 3736 Et
3701 3682 3826 3737 ideo

2225 3773 2277 3826 in
2305 3771 2410 3826 alio
2438 3786 2650 3841 quoque
2690 3770 2901 3826 Psalmo
2928 3770 3057 3824 dicit
3083 3787 3099 3825 :
3135 3770 3279 3823 Num
3318 3772 3371 3824 in
3405 3773 3595 3825 secula
3615 3773 3823 3841 repellet

2225 3862 2493 3925 Dominus,
2524 3871 2613 3915 aut
2652 3863 2704 3916 in
2752 3861 2904 3931 finem
2943 3861 3339 3914 misericordiam
3376 3878 3522 3915 suam
3573 3865 3821 3918 rescindes

2229 3948 2399 4020 (Psal.
2431 3949 2519 4004 76.
2545 3948 2596 4004 8.
2637 3948 2719 4018 9)?
2744 3948 2810 4003 Et
2829 3949 2965 4001 alius
2984 3989 2999 4013 ,
3031 3948 3284 4017 Respicite
3309 3950 3377 4003 ad
3406 3951 3646 4021 antiquas
3670 3970 3820 4022 gene-

2222 4041 2464 4103 rationes,
2492 4050 2541 4093 et
2566 4040 2727 4094 videte
2750 4042 2859 4107 quis
2888 4041 3159 4109 speraverit
3184 4041 3238 4093 in
3266 4040 3537 4095 Dominum
3557 4083 3573 4109 ,
3601 4054 3647 4099 et
3674 4045 3824 4098 dere-

2223 4132 2370 4186 lictus
2395 4132 2458 4185 sit
2477 4131 2660 4202 (Eccli.
2682 4132 2737 4185 2.
2762 4132 2878 4198 ll)?
2906 4130 2974 4185 Et
2992 4131 3205 4195 Paulus,
3234 4130 3360 4186 Hec
3383 4143 3553 4186 autem
3570 4137 3741 4189 omnia
3767 4136 3823 4189 in
3846 4156 3849 4159 ν

2222 4225 2387 4295 ﬁgura
2414 4222 2703 4278 eveniebant
2731 4224 2837 4277 illis
2878 4239 2897 4277 :
2935 4223 3125 4293 scripta
3146 4232 3265 4277 sunt
3294 4234 3463 4277 autent
3487 4225 3560 4278 ad
3581 4226 3821 4280 admoni-

2221 4318 2404 4379 tionem
2449 4325 2692 4382 nostram,
2728 4315 2797 4368 ad
2840 4330 2962 4385 quos
3009 4315 3136 4383 lines
3164 4315 3470 4369 steculorum
3512 4317 3818 4372 devenerunt

2222 4410 2300 4481 (l.
2332 4410 2451 4465 Cor.
2480 4409 2566 4465 10.
2597 4409 2707 4478 11).
2743 4407 2856 4463 Non
2896 4408 3068 4462 aliena
3095 4417 3272 4462 autem
3304 4407 3500 4472 solum,
3528 4408 3624 4463 sed
3652 4409 3816 4465 etiam

2223 4510 2407 4556 nostra
2439 4516 2581 4571 smpe
2620 4502 2673 4555 in
2710 4501 3022 4556 memoriam
3064 4510 3398 4565 remeantes,
3431 4499 3815 4557 lucrifacimus.

2224 4594 2337 4650 Hoc
2382 4604 2559 4649 autem
2603 4593 2836 4647 ostendit
2862 4591 3151 4661 Apostolus
3188 4590 3373 4647 dicens
3406 4608 3420 4644 :
3455 4592 3820 4648 liccat-domini

2221 4690 2444 4760 priorum
2465 4689 2683 4753 dierum,
2705 4689 2757 4742 in
2783 4689 2963 4759 quibus
3001 4687 3275 4742 illuminati
3298 4705 3537 4760 magnum
3567 4700 3818 4744 certamen

2220 4780 2521 4834 sustinuistis
2547 4780 2835 4849 passionum
2865 4777 3048 4849 (Hebr.
3080 4779 3167 4834 10.
3199 4778 3309 4851 32).
3349 4780 3413 4834 Et
3439 4797 3467 4833 a
3495 4781 3770 4836 contrario
3797 4800 3812 4836 :

2223 4870 2501 4935 Quemnam
2527 4873 2749 4941 fructum
2778 4881 2896 4925 tunc
2924 4872 3169 4932 habuistis
3196 4873 3248 4926 in
3276 4873 3359 4938 iis,
3390 4874 3442 4926 in
3471 4874 3650 4943 quibus
3679 4891 3816 4928 nunc

2220 4962 2511 5015 erubescitis
2552 4960 2729 5031 (Rom.
2769 4962 2822 5015 6.
2850 4960 2971 5031 2|)?
3006 4961 3073 5015 Et
3104 4962 3239 5016 alius
3267 4962 3501 5031 sapiens,
3530 4961 3815 5017 Recordare

2220 5054 2487 5106 novissima
2533 5063 2641 5115 tua,
2675 5063 2723 5107 et
2758 5055 2810 5105 in
2848 5062 3091 5107 teternum
3132 5070 3233 5107 non
3278 5048 3506 5123 peccabis
3544 5053 3734 5124 (Eccli.
3757 5056 3813 5109 7.

2217 5145 2327 5214 40).
2372 5145 2484 5200 Hoc
2513 5145 2655 5198 enim
2688 5145 2785 5196 etsi
2833 5155 2916 5198 est
2955 5144 3190 5199 futurum
3221 5184 3237 5211 ,
3271 5158 3300 5198 a
3331 5145 3602 5213 praeterito
3633 5156 3811 5201 tamen

2216 5236 2363 5292 ducit
2390 5238 2621 5301 initium,
2652 5251 2842 5305 nempe
2871 5250 3013 5290 mors
3043 5237 3363 5290 communis.
3395 5235 3507 5290 Hoc
3539 5238 3701 5290 etiam
3732 5237 3806 5290 fa-

2217 5330 2291 5384 cit
2315 5328 2512 5384 Paulus
2538 5343 2603 5382 ex
2639 5327 2921 5395 praeteritis
2947 5337 3000 5381 et
3029 5327 3219 5381 l’utm-is
3244 5369 3259 5390 ,
3288 5336 3339 5381 et
3368 5328 3583 5396 quando
3611 5344 3808 5383 conso-

2218 5419 2339 5486 lari,
2379 5431 2434 5473 et
2459 5417 2671 5487 quando
2698 5418 2967 5486 corrigere
2998 5428 3210 5488 oportet
3244 5437 3257 5472 :
3287 5416 3426 5472 Nolo
3451 5420 3690 5487 ,_inquit,
3724 5436 3810 5472 ros

2214 5511 2471 5580 ignorare.
2510 5515 2711 5579 fratres,
2755 5511 2890 5577 quod
2930 5520 3099 5579 patres
3141 5511 3298 5564 nostri
3337 5528 3509 5565 omnes
3546 5514 3639 5565 sub
3685 5514 3808 5564 nube

2216 5606 2440 5673 fuerunt,
2485 5611 2533 5655 et
2571 5618 2910 5663 omnesmare
2952 5602 3278 5667 transierunt,
3307 5611 3355 5655 et
3384 5618 3554 5655 omnes
3584 5605 3813 5654 eamdem

2215 5708 2376 5745 escam
2408 5693 2685 5757 spiritalem
2713 5692 3032 5744 comederunt
3074 5708 3092 5745 :
3132 5678 3221 5746 sed
3246 5709 3344 5745 nou
3372 5693 3423 5745 in
3453 5693 3680 5759 pluribus
3718 5707 3811 5743 eo-

2216 5801 2330 5837 rum
2357 5785 2657 5856 contpluruit
2684 5782 2788 5836 Deo
2814 5784 2891 5853 (1.
2926 5784 3041 5838 Cor.
3072 5786 3151 5840 10.
3185 5787 3229 5838 1.
3259 5786 3308 5839 5.
3334 5786 3384 5839 4.
3413 5784 3485 5853 ὅ).
3512 5780 3805 5853 Aliquando
