4056 6442
224 389 336 446 ‘53

219 512 404 558 autem
441 515 469 554 ι
488 497 686 555 futuris
715 512 729 549 :
759 493 863 560 Qui
887 505 1061 562 ptenas
1082 487 1276 541 dabunt
1300 526 1316 550 ,
1345 499 1587 540 internum
1614 481 1826 536 exitium

217 611 253 646 a
263 594 399 664 facie
419 590 643 654 Domini,
664 596 708 642 et
727 604 757 638 a
772 584 934 657 gloria
949 583 1146 636 virtutis
1161 582 1269 651 ejus
1294 579 1369 649 (a)
1389 578 1465 648 (2.
1480 575 1660 630 Thess.
1688 573 1826 664 i.9).

220 663 292 738 Et
317 697 508 737 rursus
550 677 833 734 :Pervenit
877 684 1046 728 autem
1087 673 1141 725 in
1181 687 1266 725 eos
1310 671 1392 722 ira
1424 669 1481 721 in
1530 668 1684 736 finem
1730 663 1824 735 (1.

217 771 402 826 Thess.
419 770 474 824 2.
500 769 610 839 16).
631 745 753 821 Dies
770 766 901 819 enim
920 763 1184 827 indicabit,
1214 760 1351 830 quod
1363 760 1416 813 in
1440 759 1557 831 igne
1579 755 1830 812 revelatur

215 867 293 936 (1.
327 865 448 918 Cor.
495 864 548 918 5.
595 862 708 929 15).
739 859 806 912 Ει
837 869 1020 910 rursus
1063 871 1076 906 :
1111 852 1392 921 Propterea
1428 853 1562 904 enim
1587 847 1720 901 venit
1749 846 1828 899 ira

218 957 314 1011 Dei
343 957 398 1008 in
428 957 562 1022 ﬁlios
588 951 940 1006 inobedientite
967 946 1183 1020 (Ephes.
1215 946 1265 1000 5.
1302 944 1379 1013 6).
1426 941 1532 998 Sed
1563 941 1678 997 haec
1706 940 1826 1012 qui-

212 1049 362 1112 dcm,
396 1045 612 1117 quando
642 1051 853 1114 oportet
882 1041 1154 1110 corrigere
1191 1058 1205 1092 ς
1235 1036 1451 1108 quando
1480 1046 1662 1090 autem
1693 1050 1824 1090 con-

209 1137 404 1202 solari,
434 1137 501 1190 ab
536 1135 779 1202 utrisque
808 1132 1120 1188 consolatur
1153 1146 1168 1182 :
1200 1143 1230 1182 a
1275 1127 1566 1196 praeteritis
1598 1126 1821 1196 quidem

209 1229 424 1291 dicens,
458 1225 763 1279 Benedictus
807 1221 948 1276 Deus
991 1229 1040 1274 et
1077 1218 1234 1272 Pater
1263 1216 1470 1272 Domini
1497 1217 1658 1272 nostri
1699 1215 1826 1269 Jesu

210 1318 409 1372 Clu-isti
428 1360 442 1381 ,
481 1316 618 1371 Deus
643 1313 1128 1374 misericordiarum,
1158 1319 1205 1363 et
1231 1318 1375 1378 pater
1398 1307 1564 1361 omnis
1591 1307 1825 1361 consola-

207 1411 385 1474 tionis,
409 1409 498 1477 qui
523 1407 818 1460 consolatur
839 1419 933 1457 nos
961 1403 1015 1455 in
1043 1401 1182 1453 omni
1209 1398 1495 1470 afﬂictione,
1526 1413 1615 1466 per
1638 1413 1822 1450 conso-

206 1499 454 1554 lationem
475 1514 626 1562 quam
641 1514 673 1548 a
694 1495 803 1549 Deo
818 1491 1173 1562 accipimus(2.
1194 1489 1314 1544 Cor.
1336 1491 1388 1545 1.
1407 1490 1532 1558 5.4)
1551 1505 1563 1541 :
1579 1503 1609 1542 a
1632 1487 1823 1542 futuris

204 1601 413 1654 autem,
443 1588 566 1642 Non
591 1597 710 1641 sunt
738 1585 1004 1656 condigna!
1030 1583 1286 1653 passiones
1310 1582 1466 1651 hujus
1491 1582 1730 1650 temporis
1752 1583 1825 1634 ad

205 1689 440 1755 futuram
453 1682 673 1753 gloriam
689 1694 802 1750 quin
823 1687 894 1732 est
917 1676 1186 1762 reuelanda
1202 1674 1255 1727 in
1273 1674 1414 1728 nobis
1435 1673 1610 1744 (Rom.
1631 1671 1820 1745 8.18).

202 1776 472 1842 Quocirca
487 1774 571 1828 hic
582 1785 795 1843 quoque
809 1769 956 1832 dicit,
966 1765 1165 1822 Memor
1178 1765 1257 1835 [ui
1268 1765 1464 1818 dierum
1474 1764 1816 1834 antiquorum,

203 1868 479 1925 meditatus
504 1881 615 1919 sum
637 1865 692 1918 in
724 1862 956 1916 omnibus
988 1859 1225 1929 operibus
1249 1858 1368 1911 tuis.
1396 1855 1513 1910 Non
1540 1856 1674 1910 dixit
1702 1866 1818 1911 tan-

203 1969 341 2024 tum,
367 1955 570 2010 Hemor
590 1956 687 2024 fui,
711 1953 828 2018 sed,
855 1951 1135 2005 Meditatus
1149 1965 1264 2004 sum
1290 1963 1308 2001 :
1331 1947 1434 2005 hoc
1455 1956 1555 2013 est,
1573 1947 1816 2019 Magnam

199 2063 426 2117 operam
454 2056 508 2102 et
535 2045 865 2116 diligentiam
890 2041 1108 2096 adhibui
1149 2040 1202 2095 in
1246 2039 1312 2094 iis
1337 2038 1476 2108 apud
1515 2054 1602 2093 me
1638 2039 1815 2095 revol-

199 2139 400 2196 vendis
444 2153 564 2208 qua:
611 2135 845 2206 antiquis
892 2139 1210 2188 evenerunt.
1268 2131 1347 2185 Ex
1409 2130 1812 2201 Scripturarum

196 2230 349 2286 enim
380 2228 686 2299 cegnitione
705 2226 858 2281 adest
880 2223 1037 2279 nobis
1067 2236 1255 2292 magna
1286 2222 1588 2276 consolatio
1609 2232 1664 2276 et
1691 2221 1812 2292 phi-

197 2322 473 2392 IOSOplIia.
502 2322 570 2376 Et
598 2321 720 2375 ideo
746 2319 890 2376 dixit
916 2318 1112 2372 Paulus
1139 2333 1152 2370 :
1177 2315 1281 2368 Per
1309 2316 1608 2386 patientiam
1628 2326 1814 2370 etcen-

199 2414 504 2467 solationem
548 2413 935 2482 Scripturaqum
969 2425 1108 2480 spem
1130 2406 1368 2460 habemus
1393 2405 1571 2472 (Rom.
1613 2408 1702 2462 15.
1732 2408 1809 2479 4).

202 2503 274 2557 Et
299 2517 488 2558 rursus
521 2521 534 2555 :
571 2501 748 2556 Omnis
770 2500 1043 2569 Scriptura
1069 2498 1309 2551 divinitus
1331 2497 1578 2566 inspirata
1602 2507 1676 2551 est
1711 2500 1812 2551 uti-

197 2597 265 2649 lis
307 2595 377 2647 ad
408 2596 715 2661 doctrinam,
739 2593 807 2646 ad
835 2589 1298 2661 reprehensionem,
1347 2588 1415 2640 ad
1441 2589 1808 2645 correctionem

197 2685 278 2755 (ε.
308 2684 445 2738 Tim.
471 2687 524 2741 δ.
555 2686 668 2754 16).

272 2778 328 2833 5.
357 2776 495 2832 Hinc
520 2791 649 2846 ergo
686 2774 774 2829 hic
803 2773 1011 2843 accepit
1035 2771 1479 2837 consolationem,
1513 2785 1634 2825 cum
1665 2782 1808 2827 esset

194 2869 255 2924 in
278 2877 422 2923 tanta
447 2867 734 2922 afﬂictione
754 2876 808 2922 et
836 2864 1256 2936 perturbatione,
1285 2862 1426 2934 quod
1456 2872 1637 2918 vetera
1667 2863 1808 2933 apud

193 2974 258 3014 se
288 2959 609 3023 revolveret,
647 2967 703 3012 et
727 2972 891 3027 quaen
912 2957 1021 3011 Deo
1046 2962 1193 3010 varie
1221 2961 1348 3008 sunt
1371 2963 1520 3024 gesta
1544 2962 1598 3008 et
1625 2955 1802 3009 admi-

195 3052 442 3117 nistrata,
490 3051 544 3106 in
577 3050 894 3106 memoriam
933 3057 1231 3104 revocaret.
1266 3046 1405 3101 Dicit
1439 3047 1616 3119 itaque
1642 3048 1802 3114 alius,

196 3145 265 3199 Et
296 3147 564 3200 meditatus
593 3161 706 3198 sum
744 3160 918 3199 omnes
961 3143 1182 3197 actiones
1232 3151 1345 3197 tuas
1393 3141 1495 3210 (b).
1542 3141 1612 3196 In
1654 3145 1806 3214 factis

194 3250 440 3292 ntanuum
489 3247 694 3290 tuarum
744 3237 1044 3290 meditabar.
1107 3235 1260 3289 Alius
1285 3276 1299 3298 ,
1347 3234 1518 3304 Opera
1563 3253 1805 3291 manuum

194 3338 400 3380 tuarum
439 3325 744 3379 meditabar.
784 3325 889 3379 Per
911 3323 1015 3379 hoc
1042 3323 1276 3378 ostendit
1296 3338 1377 3390 se,
1411 3322 1536 3379 dum
1578 3325 1693 3382 haec
1723 3326 1805 3381 fa-

195 3426 366 3482 ceret,
381 3431 629 3486 magnam
647 3416 889 3485 accipere
905 3414 1351 3482 consolationem,
1374 3423 1430 3470 et
1444 3415 1553 3470 Deo
1574 3416 1806 3473 evadere

193 3507 616 3562 lamiliariorem.
662 3507 730 3561 Et
787 3506 910 3562 ideo
937 3506 1042 3561 hoc
1080 3505 1372 3563 ostendens
1415 3508 1711 3577 subjunxit,
1741 3511 1796 3566 6.

193 3596 440 3668 Ezpandi
483 3615 671 3653 manus
697 3616 837 3653 meas
876 3601 950 3652 ad
974 3608 1039 3652 te.
1066 3596 1182 3652 Non
1223 3598 1375 3660 dixit,
1407 3599 1654 3669 Extendi,
1680 3602 1802 3670 sed,

192 3688 457 3759 Expandi,
483 3688 774 3744 ostendens
803 3703 1047 3758 magnam
1065 3687 1244 3742 cordis
1269 3687 1626 3754 ali‘ectionem,
1651 3691 1795 3760 quod

191 3780 580 3851 propemodum
611 3797 642 3835 e
663 3795 892 3851 corpore
919 3789 1172 3850 properat
1197 3781 1435 3847 exsilire,
1461 3791 1516 3837 et
1535 3783 1602 3837 ad
1627 3784 1800 3854 ipsum

192 3887 490 3928 recurrere.
543 3875 586 3925 A
629 3873 892 3927 memoria
946 3872 1106 3942 igitur
1148 3888 1332 3927 rerum
1386 3875 1800 3941 praeclarissime

189 3971 463 4031 gestarum
495 3962 657 4016 veluti
681 3961 863 4016 divino
889 3961 1119 4032 quodam
1157 3962 1338 4018 furore
1363 3963 1578 4020 afﬂatus
1607 4007 1622 4033 ,
1672 3985 1795 4023 cum

188 4064 245 4110 et
263 4069 479 4109 omnem
507 4055 894 4125 benignitatem
921 4065 1280 4124 reputassem,
1310 4065 1366 4111 et
1386 4073 1451 4113 ex
1477 4061 1799 4116 calamitati-

189 4145 292 4203 bus
335 4143 630 4215 perfectam
670 4145 1030 4214 disciplinam,
1063 4157 1118 4201 et
1144 4163 1265 4224 qua:
1302 4163 1334 4202 a
1366 4151 1521 4206 malis
1574 4154 1800 4223 ereptio-

188 4253 314 4294 nem
359 4247 584 4307 sequuta
624 4246 710 4293 est
747 4239 1074 4305 libertatem,
1120 4239 1186 4294 ad
1239 4249 1291 4296 te
1327 4257 1513 4297 rursus
1560 4245 1796 4316 confugi.

187 4329 378 4383 Anima
401 4345 516 4382 mea
539 4330 670 4383 sicut
698 4339 834 4382 terra
873 4330 984 4384 sine
1010 4346 1144 4394 aqua
1167 4331 1276 4386 tibi.
1309 4332 1482 4400 Alius,
1514 4333 1798 4407 Tamquam

187 4427 325 4472 terra
349 4420 528 4474 sitiens
552 4419 622 4472 ad
646 4428 693 4474 te
709 4436 908 4490 semper
925 4419 998 4493 (ο)
1019 4437 1032 4473 :
1051 4420 1153 4476 hoc
1180 4431 1262 4476 est
1280 4424 1447 4491 enim,
1473 4423 1796 4496 Diapsalma.

187 4512 247 4566 ln
275 4512 460 4579 rebus,
489 4513 680 4582 inquit,
711 4513 951 4569 adversis
976 4521 1032 4570 et
1059 4516 1312 4571 secundis
1339 4526 1392 4572 et
1414 4517 1466 4572 in
1488 4519 1635 4573 omni
1656 4528 1796 4575 tem-

186 4619 380 4674 porum
408 4606 666 4661 varietate
686 4606 896 4662 ostendi
912 4622 1127 4676 semper
1151 4611 1357 4678 aequale
1378 4611 1635 4667 studium.
1659 4615 1797 4680 Quid

187 4705 271 4752 est
297 4706 496 4762 autem,
533 4697 680 4752 Sicut
711 4707 848 4751 terra
884 4699 994 4752 sine
1028 4717 1160 4769 aqua
1198 4702 1333 4754 tibi?
1372 4702 1523 4758 Sicut
1553 4713 1691 4759 terra
1721 4707 1796 4760 si-

188 4788 334 4842 tiens
377 4788 609 4856 pluviam
653 4787 946 4854 desiderat,
993 4790 1064 4844 ita
1108 4806 1208 4860 ego
1257 4807 1379 4846 esse
1438 4795 1530 4848 tibi
1581 4796 1797 4852 assidue

188 4878 541 4948 prOpinquus.
567 4879 679 4934 Hoc
702 4890 881 4936 autem
903 4880 1233 4936 desiderium
1263 4885 1431 4954 magis
1455 4887 1604 4940 auxit
1627 4887 1797 4945 moles

188 4968 567 5036 afﬂictiouum,
589 4979 645 5025 et
673 4971 794 5027 ideo
818 4972 961 5028 Deus
987 4987 1081 5027 eas
1112 4973 1354 5042 permisit
1378 4990 1645 5045 crescere,
1679 4995 1795 5034 ma-

183 5075 348 5130 gnam
371 5075 523 5115 suam
550 5061 841 5117 ostendens
868 5062 1279 5132 providentiam.
1313 5063 1429 5119 Non
1453 5068 1627 5122 solum
1651 5072 1795 5125 enim

186 5152 316 5208 fecit
363 5162 658 5222 creaturas,
703 5155 798 5210 sed
843 5155 1003 5210 etiam
1042 5155 1307 5212 factarum
1346 5174 1533 5215 curam
1558 5165 1715 5233 gerit,
1744 5172 1799 5219 et

252 5313 327 5382 (a)
351 5321 462 5382 amo
483 5314 653 5382 verba,
680 5313 1109 5382 afaciepomini,
1135 5320 1182 5366 et
1215 5329 1247 5366 a
1266 5315 1428 5380 gloria
1459 5317 1650 5369 virtutis
1671 5319 1796 5382 ejus,

187 5376 457 5426 omittenda
483 5389 598 5426 esse
619 5376 761 5426 duxit
783 5377 1004 5427 savilius.

251 5436 326 5506 (ρ)
361 5443 474 5506 itane
493 5437 943 5506 interpretatioest
960 5441 1102 5506 juxta
1125 5440 1370 5506 Aquilam;
1394 5453 1616 5506 sequens
1631 5450 1800 5497 autem

190 5500 427 5564 est-juxta
451 5505 803 5564 Symmacnum.
828 5500 1029 5551 Vide‘in
1054 5500 1302 5564 Hexaplis.

251 5560 322 5631 (_c)
355 5560 492 5610 Haec
512 5562 856 5631 interpretatio
900 5568 979 5613 est
1014 5564 1155 5626 juxta
1193 5560 1542 5629 Symmachum.
1579 5566 1799 5631 Vocem,

191 5655 297 5682 ινυ
319 5663 332 5684 ν
374 5655 455 5687 σα,
481 5655 532 5682 ιιι
557 5655 654 5690 ubi.
678 5655 898 5695 δειπνεῖ,
924 5655 1240 5700 Interpretari
1283 5655 1414 5686 sonet
1452 5655 1647 5701 nquua;
1671 5655 1696 5687 δ
1777 5667 1801 5680 ο

189 5693 392 5742 melius
414 5705 554 5752 vero,
568 5700 676 5744 Lxx
703 5701 758 5762 et
778 5695 1304 5762 'l‘beodotio,t..'.tgtp.,
1321 5711 1434 5762 qua:
1450 5713 1544 5750 vox
1560 5655 1803 5762 signidd-at

191 5765 408 5825 pausam,
433 5762 519 5804 aut
538 5757 866 5825 cessationem
905 5757 1180 5825 quaedam;
1191 5757 1397 5825 breve'tn
1421 5763 1553 5825 inter
1578 5757 1795 5825 psallen-

191 5823 322 5882 dum,
347 5828 405 5866 ac
430 5825 575 5870 recte
598 5821 880 5882 esprimere
906 5821 1103 5884 putatur
1136 5821 1427 5873 Hebraicam
1450 5821 1589 5874 illam
1601 5837 1792 5878 vocem.

1336 366 1703 427 EXPOSITIO
1740 365 1806 422 lN
1847 363 2174 421 PSALMUM
2213 363 2418 422 CXLII-

3448 361 3552 419 154

1944 477 2246 541 hominum,
2291 487 2348 532 et
2393 477 2622 531 aliorum
2665 473 2928 530 omnium.
2981 473 3094 530 Hoc
3140 474 3324 545 itaque
3367 473 3551 532 sciens

1939 568 2158 635 Paulus,
2191 569 2402 623 diccbat
2431 585 2444 620 :
2474 567 2540 620 In
2567 567 2679 637 ipso
2705 567 2839 621 enim
2859 567 3092 629 vivimus,
3123 576 3170 620 et
3197 581 3479 632 mouemur,
3499 575 3552 621 ct

1939 675 2113 712 sumus
2140 658 2276 730 (Act.
2304 660 2391 714 17.
2423 657 2538 730 28).
2575 659 2639 712 Et
2676 673 2861 713 rursus
2896 675 2909 712 ε
2942 657 3009 711 In
3035 659 3147 727 ipso
3175 667 3408 712 constant
3435 673 3550 710 out-

1937 750 2023 802 nia
2063 748 2283 821 (Coloss.
2318 750 2371 804 1.
2402 749 2514 821 17).
2561 751 2625 804 Ει
2658 749 2824 804 David
2855 768 2868 803 :
2902 749 3089 802 Omnia
3117 759 3223 802 ate
3243 757 3549 817 exspectant

1936 849 1993 893 ut
2023 840 2110 895 des
2134 841 2238 894 illis
2278 840 2444 894 cibum
2472 841 2526 894 in
2556 850 2781 911 tempore
2806 849 3113 910 opportuno.
3143 839 3318 894 Dante
3347 849 3394 892 te
3415 839 3543 901 illis,

1935 934 2174 1005 colligent
2189 952 2211 1002 ;
2257 937 2513 1007 aperiente
2553 947 2600 991 te
2626 954 2854 1001 manum,
2885 938 3057 990 omnia
3083 937 3429 1007 implebantur
3454 935 3548 989 bo-

1934 1028 2122 1090 nitate;
2139 1038 2390 1083 avertente
2405 1040 2574 1084 autem
2591 1043 2638 1084 te
2649 1031 2852 1100 faciem,
2869 1029 3205 1083 turbabuntur
3219 1030 3372 1099 (Psal
3381 1073 3394 1083 .
3419 1030 3544 1084 105.

1933 1116 2004 1172 27
2028 1117 2184 1191 -29).
2235 1119 2304 1175 Et
2321 1136 2545 1177 rursus:
2585 1122 2686 1188 Qui
2710 1122 2912 1191 respicit
2933 1138 3083 1191 super
3112 1132 3320 1184 terram,
3352 1131 3397 1175 et
3419 1123 3547 1192 facit

1932 1223 2044 1262 eam
2073 1219 2284 1265 tremere
2330 1210 2508 1287 (Psal.
2547 1213 2670 1268 105.
2704 1212 2821 1282 52).
2855 1213 2926 1267 Εῑ
2954 1211 3114 1267 Isaias
3147 1231 3161 1267 :
3195 1213 3296 1278 Qui
3324 1213 3545 1268 continet

1931 1316 2117 1373 gyrum
2138 1312 2286 1357 terre
2314 1302 2464 1374 (Isai.
2495 1304 2586 1359 40.
2617 1303 2735 1376 22).
2764 1305 2834 1359 Et
2861 1306 2931 1360 de
2957 1306 3175 1370 virtute,
3212 1305 3332 1360 Nisi
3365 1305 3544 1359 Domi—

1932 1408 2046 1455 nus,
2095 1393 2282 1463 inquit,
2315 1395 2642 1464 aedificaverit
2666 1397 2874 1450 domum
2902 1437 2916 1460 ,
2942 1379 3009 1451 in:
3048 1415 3233 1451 vanum
3273 1401 3542 1452 laborave-

1931 1495 2052 1536 runt
2074 1486 2159 1554 qui
2189 1487 2448 1556 aediﬁcant
2474 1506 2586 1542 eam
2613 1488 2786 1560 (Psal.
2821 1489 2945 1544 126.
2982 1490 3058 1560 1).
3091 1491 3156 1544 Ει
3189 1505 3408 1546 rursus:
3438 1491 3542 1558 Qui

1930 1573 2163 1628 habitare
2190 1577 2317 1644 facit
2340 1579 2566 1632 sterilem
2595 1580 2648 1632 in
2684 1580 2836 1633 domo
2856 1590 3071 1634 matrem
3100 1581 3325 1649 ﬁliorum
3353 1582 3538 1635 laetan-

1929 1673 2029 1718 tem
2050 1665 2228 1741 (Psal.
2260 1667 2384 1724 112.
2416 1669 2490 1740 9).
2541 1669 2610 1725 Et
2647 1670 2771 1726 ideo
2800 1681 2999 1727 terram
3027 1675 3201 1743 quatit
3224 1683 3278 1727 et
3323 1682 3476 1727 mont
3502 1692 3537 1726 -δ

1929 1763 2153 1828 tangens
2181 1758 2310 1816 facit
2334 1770 2391 1816 ut
2418 1762 2697 1833 lumigent,
2725 1778 2884 1819 suum
2912 1765 3209 1821 ostendens
3238 1765 3536 1821 dominium

1927 1846 2102 1918 (Psal.
2132 1849 2255 1906 105.
2288 1850 2401 1924 52).
2420 1853 2600 1909 Solem
2625 1865 2802 1910 autem
2830 1855 3106 1923 obscurat,
3131 1858 3202 1911 ita
3222 1867 3278 1911 ut
3297 1858 3533 1920 deficiat,

1923 1952 2023 2008 per
2052 1939 2156 1995 hoc
2185 1957 2372 1998 rursus
2400 1944 2639 2002 indicans
2669 1961 2729 2001 se
2757 1961 2878 2002 esse
2926 1947 3184 2018 Opiﬁcem
3210 1949 3228 2018 (
3255 1947 3386 2003 Isai.
3416 1949 3532 2019 58).

1997 2031 2267 2090 Hiraculis
2292 2052 2429 2090 nunc
2458 2053 2587 2108 Opus
2614 2055 2717 2092 non
2743 2041 3116 2098 est.—Porro
3143 2043 3198 2096 iu
3239 2042 3537 2113 Scripturis

1922 2138 2140 2195 quoque
2169 2126 2318 2182 vides
2345 2129 2516 2184 solem
2544 2131 2996 2200 retrocedentem,
3039 2143 3094 2188 et
3121 2133 3300 2188 lunam
3343 2151 3536 2189 rursus

1920 2228 2043 2269 cum
2067 2231 2135 2272 eo
2155 2225 2387 2275 stantem
2416 2219 2550 2290 (Jos.
2583 2222 2670 2277 10.
2702 2223 2816 2294 15),
2840 2232 2895 2278 et
2922 2225 3090 2279 multa
3118 2226 3223 2279 alia
3249 2227 3530 2283 miracula.

1919 2307 2147 2376 Quando
2173 2313 2314 2366 enim
2364 2314 2482 2383 ejus
2519 2317 2754 2385 cognitio
2785 2317 3023 2373 nondum
3069 2328 3291 2375 extensa
3336 2319 3532 2389 fuerat,

1921 2397 2038 2455 haec
2070 2401 2271 2456 fiebant
2304 2422 2317 2458 :
2350 2421 2493 2461 nunc
2519 2416 2698 2462 autem
2729 2422 2836 2464 non
2874 2418 2962 2466 est
2982 2411 3212 2480 amplius
3251 2426 3388 2483 Opus
3430 2413 3534 2469 hac

1919 2487 2184 2558 doctrina,
2221 2508 2344 2548 cum
2390 2511 2479 2551 res
2509 2498 2637 2568 ipsae
2662 2499 2896 2554 clament
2934 2509 2990 2555 et
3028 2501 3317 2557 ostendant
3358 2503 3532 2559 Domi-

1917 2596 2069 2636 num.
2097 2582 2291 2640 Vidisti
2320 2586 2375 2640 in
2401 2586 2635 2659 Egypto
2663 2591 2934 2658 tenebras,
2959 2601 3014 2648 et
3035 2595 3390 2652 mutationem
3421 2598 3534 2652 elea

1917 2676 2263 2730 mentorum?
2300 2676 2354 2740 Si
2383 2679 2474 2748 qui
2511 2691 2690 2738 autem
2737 2683 2920 2738 dicant
2963 2682 3231 2740 defectum
3282 2689 3532 2747 evenisse

1916 2769 2252 2833 naturaliter.
2288 2787 2394 2826 non
2437 2782 2617 2829 autem
2666 2775 2760 2830 Dei
2799 2775 2977 2845 jussu,
3030 2777 3212 2832 dicant
3253 2782 3530 2850 quomodo

1915 2859 2088 2916 factus
2118 2864 2188 2918 sit
2217 2880 2282 2920 eo
2311 2875 2552 2937 tempore
2582 2885 2689 2938 quo
2718 2871 2864 2925 cruci
2893 2880 2979 2925 est
3004 2870 3219 2926 aflixus.
3241 2871 3360 2928 Non
3382 2874 3528 2929 enim

1916 2961 2159 3024 tempore
2203 2965 2328 3012 tunc
2373 2960 2704 3027 praestituto,
2750 2961 2846 3016 sed
2889 2963 3106 3033 quando
3143 2963 3366 3018 minisac
3409 2977 3529 3020 erat

1914 3057 2359 3116 consentaneum,
2400 3068 2499 3106 nec
2523 3055 2704 3108 cursui
2749 3056 2975 3110 naturali
3016 3059 3366 3125 conveniens,
3399 3067 3525 3113 tunc

1913 3139 2128 3205 accidit,
2159 3155 2280 3195 cum
2313 3152 2457 3198 esset
2482 3145 2688 3201 scilicet
2717 3147 3115 3216 quartadecima
3145 3149 3294 3219 luna,
3325 3161 3380 3206 et
3405 3150 3522 3222 pic-

1915 3230 2176 3286 nilunium
2208 3233 2422 3304 (Matth.
2469 3238 2560 3290 37.
2606 3239 2720 3307 45).
2769 3238 3019 3296 Defectus
3065 3254 3245 3298 autem
3291 3260 3400 3300 non
3443 3248 3526 3301 sic

1914 3321 2068 3378 ﬁunt.
2104 3324 2214 3380 Illis
2252 3336 2429 3382 autem
2471 3345 2579 3383 non
2623 3333 2857 3401 suppetit
2896 3335 3040 3389 unde
3083 3335 3188 3392 hoc
3231 3339 3522 3408 explicent.
3555 3346 3558 3347 '

1913 3416 2092 3483 Quare
2118 3419 2461 3484 manifestum
2491 3431 2575 3478 est
2621 3424 2759 3480 sicut
2792 3425 2917 3492 alia,
2963 3427 3036 3482 ita
3080 3431 3241 3484 etiam
3282 3431 3524 3488 delectus

1913 3524 2102 3565 omnes
2124 3513 2277 3580 jussu
2317 3512 2543 3583 Opiﬁcis
2589 3515 2728 3571 ficri.
2782 3518 2836 3571 7.
2896 3517 3150 3574 Velociter
3184 3523 3377 3577 exaudi
3420 3541 3522 3589 me,

1913 3600 2172 3669 Domine;
2201 3604 2384 3676 defecit
2412 3609 2626 3676 spiritus
2657 3625 2818 3664 meus.
2843 3609 2982 3679 Quid
3012 3613 3191 3668 dicis?
3219 3630 3377 3685 urges
3407 3633 3525 3673 tne-

1911 3694 2090 3750 dicum
2120 3697 2188 3752 ad
2216 3700 2584 3755 curationem?
2627 3701 2975 3774 Nequaquam
3011 3726 3024 3761 :
3056 3707 3149 3762 sed
3195 3707 3283 3763 hic
3311 3726 3525 3781 quoque

1911 3801 2029 3842 mos
2055 3797 2112 3842 et
2137 3789 2436 3845 animarum
2465 3808 2584 3862 qua:
2614 3793 2941 3864 afﬂiguntur,
2972 3798 3427 3867 quemadmodum
3468 3816 3520 3857 ct

1910 3877 2190 3934 hominum
2237 3882 2615 3952 laborantium,
2666 3900 2948 3944 accersere
2984 3876 3269 3958 'medicos,
3311 3895 3522 3949 etiamsi

1910 3979 2124 4042 tempus
2153 3989 2259 4028 non
2288 3976 2542 4044 postulet,
2571 3987 2625 4033 et
2655 3978 3030 4039 liberationem
3062 3983 3314 4039 celeriter
3340 3987 3523 4055 provi-

1909 4063 2057 4120 dere.
2087 4064 2349 4132 Quocirca
2377 4069 2490 4137 ipse
2521 4084 2735 4140 quoque
2764 4072 3054 4140 adjiciens,
3083 4074 3292 4131 diccbat
3315 4118 3330 4142 ,
3362 4075 3522 4150 Defe-

1908 4161 1977 4213 cit
2005 4161 2216 4229 spiritus
2257 4179 2415 4216 meus.
2470 4164 2631 4232 Atqui
2682 4163 2825 4219 Deus
2866 4166 2957 4234 qui
3005 4173 3184 4235 potest
3221 4169 3458 4224 excitare
3492 4185 3524 4224 a

1908 4253 2156 4317 mortuis,
2193 4254 2365 4308 multo
2391 4256 2561 4325 magis
2587 4266 2714 4311 ante
2743 4265 2997 4312 mortem.
3026 4257 3134 4314 Sed
3162 4261 3523 4330 quemadmo-

1907 4344 2035 4399 dum
2083 4345 2215 4411 dixi,
2266 4345 2392 4401 hinc
2438 4347 2861 4416 deprehenditur
2903 4361 3113 4405 natura:
3156 4352 3521 4408 imbecillitas.

1909 4437 2126 4494 Sciebat
2155 4441 2298 4493 enim
2327 4441 2505 4494 omnia
2538 4442 2586 4495 ei
2617 4456 2738 4496 esse
2768 4442 2963 4506 facilia,
2992 4443 3086 4497 sed
3116 4442 3259 4499 ferre
3289 4461 3395 4500 non
3420 4462 3524 4516 po~

1909 4539 2013 4585 test
2051 4532 2192 4585 mala
2222 4549 2344 4600 qua:
2387 4532 2710 4587 inferuntur.
2743 4533 2829 4587 Ne
2866 4545 3065 4588 avertas
3092 4535 3277 4606 facient
3312 4548 3453 4592 tuam
3492 4559 3526 4592 a

1910 4639 2008 4688 me,
2041 4633 2088 4676 et
2119 4621 2302 4677 similis
2339 4640 2426 4678 ero
2453 4624 2869 4679 descendentibus
2895 4626 2949 4680 in
2978 4625 3168 4682 lacum.
3215 4627 3392 4695 Alius,
3441 4629 3528 4685 Ne

1907 4717 2232 4771 absconderis
2281 4717 2464 4786 facient
2507 4727 2647 4771 tuam
2691 4735 2723 4771 a
2765 4735 2846 4772 me
2887 4718 2989 4790 (a).
3031 4720 3100 4775 Et
3142 4721 3412 4778 undenam
3457 4726 3529 4779 sit

1907 4811 2156 4866 aversio?
2201 4811 2321 4882 Ipse
2351 4812 2494 4867 Deus
2541 4813 2672 4868 dicit
2717 4829 2814 4882 per
2856 4814 3068 4882 Isaiam,
3108 4816 3294 4871 Annon
3340 4830 3525 4889 poletttt

1907 4913 1980 4958 est
2018 4921 2200 4959 manus
2244 4906 2405 4960 mea?
2449 4904 2556 4962 Sed
2593 4917 2797 4976 peccata
2835 4917 3000 4964 vestra
3026 4910 3259 4964 dividam
3286 4912 3420 4966 inter
3449 4931 3529 4966 nu:

1907 5009 1954 5056 et
2005 5016 2091 5054 vos
2145 4999 2322 5070 (Isai.
2368 4997 2459 5055 59.
2501 5002 2554 5056 1.
2584 5001 2709 5072 2)?
2760 5000 2987 5069 Quando
3041 5018 3172 5074 ergo
3214 5004 3342 5060 mali
3396 5007 3526 5077 quid

1907 5092 2229 5160 fecerimus,
2272 5094 2532 5148 avertitur
2578 5112 2593 5148 :
2639 5093 2870 5149 Mundus
2938 5103 3010 5149 est
3074 5095 3254 5162 enim,
3311 5096 3526 5168 inquit,

1908 5188 2090 5243 oculus
2135 5199 2286 5250 tuus.
2324 5197 2379 5242 ut
2416 5204 2517 5240 non
2557 5187 2726 5240 videat
2756 5190 2926 5249 mula,’
2976 5199 3022 5240 et
3066 5189 3318 5258 respicere
3372 5204 3527 5258 super

1909 5282 2106 5338 labores
2133 5298 2235 5338 non
2286 5279 2523 5355 poteris(
2553 5280 2754 5336 Hebae.
2788 5283 2838 5336 l.
2869 5281 2938 5336 15
2965 5279 3007 5353 ).
3048 5280 3116 5336 Ει
3162 5281 3284 5336 ideo
3309 5296 3527 5338 aversa-

1913 5385 2000 5428 tur
2030 5378 2190 5428 etiam
2225 5383 2559 5445 arrogantes.
2602 5373 2741 5428 Dicit
2777 5374 2958 5444 itaque
2989 5391 3002 5427 :
3037 5374 3210 5442 Super
3236 5389 3384 5444 quem
3436 5389 3523 5427 re-

1909 5468 2142 5538 spiciam,
2169 5468 2267 5523 nisi
2295 5484 2446 5539 super
2474 5477 2794 5522 mansuetum
2824 5476 2872 5521 et
2897 5465 3141 5537 quietum,
3163 5476 3209 5519 et
3236 5474 3526 5520 trementem

1974 5627 2048 5688 (a)
2082 5632 2195 5676 ttzec
2238 5623 2587 5688 interpretatio
2632 5624 2775 5688 cujus
2803 5624 2913 5688 sit,
2963 5634 3061 5688 non
3101 5621 3297 5672 dicitur.
3337 5621 3525 5671 Verum

2107 5724 2122 5750 ,
2168 5684 2506 5753 Symmachus,
2555 5691 2610 5737 et
2652 5684 2921 5737 Theodotio
2958 5686 3198 5744 verbum,
3245 5690 3360 5740 TD
3382 5726 3395 5746 ,
3438 5695 3527 5747 per

1909 5775 2075 5826 ιρὺιςιιν
2111 5769 2166 5812 et
2205 5772 2472 5826 ῥτοιριετιιν.
2506 5758 2831 5826 abscondere.
2850 5757 3155 5826 exprimere
3189 5754 3372 5820 solent,
3397 5753 3528 5807 unde

1911 5818 2197 5890 conjiciatur
2218 5818 2342 5874 hanc
2358 5823 2820 5887 interpretationem
2849 5818 3046 5871 illorum
3077 5830 3210 5871 esse.
