4056 6434
558 307 660 371 153

558 427 707 481 verba
732 438 842 476 utea
866 420 1021 492 (Isai.
1052 416 1138 474 66.
1167 418 1266 487 2)?
1297 417 1685 485 Persequamur
1708 429 1835 485 ergo
1866 414 2000 468 hanc
2030 416 2134 467 vir-

558 526 742 579 tutem,
780 521 837 568 ut
875 513 991 582 ejus
1033 510 1216 564 faciem
1254 509 1613 570 attrahamus;
1656 521 1723 559 ne
1753 507 1805 558 in
1829 506 1945 558 vitii
1978 507 2131 558 bara-

557 612 732 664 thrum
769 604 1081 666 incidamus,
1109 600 1288 655 densis
1312 598 1693 667 occupantibus
1722 596 1971 651 tenebris.
2007 595 2136 649 Pos-

554 708 683 754 sunt
706 698 865 753 etiam
897 696 984 765 qui
1012 692 1321 748 ceciderunt
1349 692 1538 745 iterum
1568 686 1879 744 ascendere.
1912 685 2137 755 Oportet

552 806 683 863 ergo
712 804 804 845 eos
829 789 914 857 qui
941 786 1153 851 cadunt,
1185 799 1287 837 non
1319 796 1531 837 manere
1557 781 1701 834 humi
1731 782 1984 848 iacentes.

630 881 834 936 Peccati
858 889 1039 933 natura
1062 878 1224 931 lacus.
1272 874 1431 929 Deum
1453 889 1647 943 semper
1672 872 1852 925 intueri
1878 870 2130 933 debenms,

554 985 601 1029 et
636 975 699 1026 ab
725 950 784 1026 eo
820 967 1327 1043 pendere.—Lacus
1352 974 1552 1028 autem,
1587 964 1638 1016 in
1668 975 1775 1031 quo
1811 968 1939 1013 sunt
1981 970 2135 1013 saeva:

555 1067 760 1131 bestiae,
788 1073 840 1118 et
860 1062 954 1131 qui
979 1068 1062 1114 est
1090 1059 1275 1128 plenus
1304 1055 1557 1117 tenebris,
1585 1062 1667 1107 est
1694 1062 1878 1106 natura
1910 1050 2132 1120 peccati.

552 1157 943 1225 Scriptor-arum
969 1164 1098 1220 ergo
1123 1148 1375 1203 rudentes
1400 1146 1762 1208 dcmittamus,
1804 1151 1859 1195 ct
1886 1141 2136 1195 volunta-

554 1255 659 1299 tem
685 1244 963 1312 alligemus
988 1256 1005 1295 :
1032 1250 1086 1295 et
1117 1240 1161 1292 si
1191 1236 1565 1299 ceciderimus,
1597 1234 1849 1288 velociter
1876 1244 2131 1299 resnrge~

552 1351 690 1390 mus.
718 1330 995 1400 Quomodo
1016 1338 1194 1385 autem
1220 1328 1531 1397 incipiemus
1553 1326 1653 1379 iter
1674 1323 1879 1393 ingredi
1894 1322 1917 1376 ἲ
1933 1322 1989 1377 Si
2013 1334 2136 1375 cum

553 1425 923 1490 ceciderimus,
953 1437 1062 1477 non
1088 1430 1514 1485 contemnamus,
1539 1432 1636 1473 nec
1653 1416 2017 1485 desperemus,
2040 1414 2134 1467 sed

557 1519 671 1572 haec
699 1515 1005 1585 prophetica
1054 1511 1286 1566 carmina
1326 1508 1479 1564 nobis
1518 1522 1771 1563 canamus
1812 1523 1827 1560 :
1870 1505 2136 1575 Numquid

555 1610 739 1663 cadens
769 1625 869 1662 non
906 1605 1119 1673 resurgit
1149 1602 1280 1671 (Jer.
1330 1601 1384 1656 8.
1427 1600 1525 1668 lt)?
1561 1600 1622 1652 Et
1663 1611 1863 1661 rursus,
1899 1596 2067 1649 Hodie
2094 1597 2138 1648 si

555 1719 723 1758 vocem
753 1704 861 1767 eius
890 1697 1171 1759 audieritis,
1204 1712 1265 1748 ne
1288 1693 1540 1747 obduretis
1568 1696 1723 1745 corda
1748 1700 1909 1742 vestra
1928 1689 2061 1741 sicut
2077 1688 2135 1739 in

556 1793 929 1850 exacerbatione
967 1789 1138 1863 (Psal.
1179 1788 1269 1842 9L.
1316 1786 1367 1839 8.
1415 1785 1504 1853 9):
1532 1791 1586 1837 et
1615 1782 1696 1835 his
1729 1778 2137 1849 cegitationibus

556 1889 762 1941 vinctos
788 1896 885 1937 nos
930 1879 1276 1935 attrahamus.
1317 1876 1373 1929 8.
1423 1874 1664 1927 Auditum
1708 1875 1789 1942 {ac
1832 1871 1954 1923 mihi
1992 1885 2139 1921 mane

556 1973 951 2031 misericordiam
980 1980 1138 2036 tuam,
1169 1968 1405 2039 quoniam
1430 1966 1483 2019 in
1512 1974 1559 2017 te
1585 1964 1803 2039 speravi.
1832 1962 2003 2023 Alius,
2033 1959 2139 2011 Au-

561 2070 716 2123 ditam
748 2066 827 2135 {ac
857 2063 977 2115 mihi
1003 2077 1064 2115 ea:
1089 2058 1337 2114 matutino
1362 2055 1758 2110 misericordiam
1784 2062 1919 2105 tuam
1953 2050 2051 2121 (α),
2085 2048 2137 2105 id

555 2169 657 2226 est,
686 2160 948 2214 celeriter.

629 2252 686 2305 6.
730 2248 916 2301 Vidisti
938 2244 1191 2299 afﬂictam
1223 2248 1275 2296 et
1321 2238 1680 2309 perturbatam
1723 2232 2142 2309 animam?Vult

558 2342 699 2397 enim
741 2337 907 2392 audiri
946 2344 1068 2389 ante
1122 2330 1525 2402 experientiam,
1571 2338 1629 2380 ut
1675 2342 1769 2395 spe
1813 2328 2045 2394 erigatur
2089 2332 2144 2378 et

560 2432 974 2502 exspectatione.
1018 2426 1131 2479 Hoc
1163 2430 1247 2479 est
1284 2430 1461 2481 autem
1501 2422 1641 2489 quod
1684 2420 1808 2473 dicit
1855 2437 1868 2472 :
1916 2418 2019 2470 Fac
2058 2430 2144 2470 me

558 2538 798 2595 surgere,
826 2530 884 2575 ut
916 2518 1183 2589 pollicitus
1219 2532 1299 2582 es,
1339 2515 1535 2583 justam
1583 2511 1775 2566 deinde
1821 2509 2142 2579 impetrandi

560 2630 772 2671 causam
801 2611 1001 2679 adjicit.
1048 2609 1181 2673 Quia
1221 2608 1275 2659 in
1320 2614 1366 2658 te
1404 2604 1618 2673 speravi.
1654 2601 1795 2656 Deus
1837 2601 1979 2655 enim
2012 2600 2141 2653 nihil

562 2718 669 2761 tam
700 2702 940 2773 requirit,
972 2715 1129 2771 quam
1167 2709 1226 2753 ut
1254 2712 1373 2752 eum
1404 2704 1616 2766 semper
1646 2694 1965 2756 intueamur,
1994 2703 2049 2745 et
2076 2692 2143 2745 ab

562 2815 628 2855 eo
654 2808 908 2867 perpetuo
935 2792 1281 2863 pcndeamus.
1314 2788 1505 2842 Notam
1536 2791 1619 2857 [ac
1645 2785 1771 2839 mihi
1797 2786 1930 2837 viam
1966 2785 2020 2836 in
2045 2799 2144 2852 qua

564 2888 813 2942 ambulem
843 2902 859 2938 :
885 2884 1002 2953 quia
1026 2882 1093 2934 ad
1115 2892 1161 2933 te
1182 2880 1335 2934 levavi
1359 2879 1582 2931 animam
1606 2891 1789 2929 meam.
1813 2874 1949 2941 Quid
1973 2872 2143 2927 dicis?

564 2994 683 3032 cum
711 2984 765 3030 ct
794 2985 979 3027 natura
1011 2970 1204 3024 habeat
1238 2968 1407 3036 legem
1446 2968 1513 3021 ab
1543 2966 1693 3019 initio
1716 2980 1747 3018 a
1783 2965 1893 3018 Deo
1925 2962 2145 3031 imposi-

567 3080 696 3134 tam,
724 3075 777 3121 et
819 3064 1061 3117 Mosaicae
1090 3061 1232 3127 leges
1270 3073 1386 3113 eam
1416 3066 1693 3121 renovent,
1731 3054 1860 3125 quid
1907 3054 1995 3109 tibi
2041 3054 2141 3120 vis,

567 3171 751 3211 rursus
775 3156 959 3208 dicens
988 3169 1000 3204 :
1035 3150 1225 3203 Notam
1255 3152 1336 3220 [ac
1362 3148 1505 3213 mihi,
1535 3146 1769 3209 Domine,
1810 3148 1943 3199 viam
1968 3145 2021 3197 in
2048 3160 2145 3212 qua

566 3244 855 3299 ambulem?
896 3239 991 3296 Vel
1032 3238 1136 3292 hoc
1164 3251 1293 3305 ergo
1321 3236 1424 3289 dici
1452 3243 1628 3303 potest
1659 3253 1673 3289 :
1715 3235 1975 3302 Quoniam
2014 3248 2145 3287 con-

566 3335 789 3390 scientia
819 3330 1154 3384 meaobruta
1182 3336 1264 3380 est
1285 3340 1314 3378 a
1343 3325 1487 3386 vitio,
1516 3340 1645 3393 rogo
1670 3333 1724 3377 ut
1751 3338 1814 3378 ea
1842 3333 2142 3377 renovetur.

570 3427 663 3481 Vel
687 3426 772 3478 hic
801 3423 939 3474 viam
969 3418 1097 3472 dicit
1134 3417 1297 3471 multa
1341 3430 1523 3468 eorum
1567 3430 1685 3483 qua:
1730 3415 2042 3484 ignorantur
2079 3412 2147 3469 ab

570 3514 888 3576 hominibus,
928 3507 1374 3580 quemadmodum
1418 3506 1611 3559 Paulus
1645 3520 1856 3574 quoque
1892 3504 2144 3569 ostendit,

570 3608 750 3661 dicens
797 3621 813 3657 :
864 3601 997 3665 Quid
1048 3600 1179 3654 enim
1230 3613 1426 3650 orentus
1469 3596 1594 3649 sicut
1643 3604 1854 3662 oportet,
1904 3594 2149 3647 nescimus

571 3697 747 3764 (Rom.
778 3693 831 3747 8.
858 3691 976 3761 26).
1006 3691 1061 3745 Si
1086 3700 1261 3745 autem
1294 3689 1487 3743 Paulus
1516 3688 1616 3742 hoc
1642 3690 1849 3756 ignorat
1883 3696 2004 3756 post
2035 3695 2151 3739 tan-

573 3799 681 3842 tam
704 3785 1059 3855 cognitionem
1080 3823 1096 3846 ,
1124 3780 1249 3849 quid
1283 3780 1494 3833 miraris
1520 3780 1563 3831 si
1590 3778 1676 3833 hic
1702 3793 1909 3848 quoque
1940 3778 2040 3832 hoc
2067 3777 2154 3831 di-

571 3878 692 3934 cat?
720 3875 854 3930 Vide
893 3883 1071 3928 autem
1112 3886 1233 3925 eum
1264 3870 1393 3923 nihil
1422 3870 1614 3923 sensile
1645 3869 1731 3923 hic
1768 3883 2025 3937 quaerere,
2056 3868 2152 3927 sed

572 3971 713 4023 viam
735 3981 851 4036 qure
882 3963 947 4017 ad
983 3964 1145 4017 Deum
1177 3962 1405 4025 deducit,
1437 3969 1491 4015 et
1520 3961 1688 4028 ipsum
1718 3976 1780 4013 ex
1804 3974 1863 4014 se
1894 3960 2152 4028 principia

573 4059 817 4117 conlierre
862 4055 977 4126 (lt)?
1012 4054 1127 4109 Non
1165 4053 1302 4107 dixit
1342 4053 1482 4107 enim
1522 4052 1791 4117 absolute,
1843 4052 2032 4105 Notam
2073 4056 2153 4121 {ac

573 4151 719 4216 mihi,
751 4136 987 4212 Domine,
1014 4146 1144 4199 viam
1168 4160 1280 4214 qua
1303 4144 1369 4197 ad
1397 4152 1443 4197 te
1472 4142 1608 4195 ducit
1638 4157 1658 4197 :
1685 4141 1791 4199 Sed
1826 4142 1991 4211 quid?
2022 4143 2153 4207 Quia

574 4242 645 4293 ad
668 4252 719 4294 te
742 4240 897 4293 levavi
927 4236 1149 4290 animam
1174 4250 1333 4287 meam
1362 4249 1383 4286 :
1408 4232 1513 4287 hoc
1539 4242 1640 4298 est,
1670 4234 1712 4285 Α
1754 4242 1805 4286 tc
1834 4234 2060 4301 pendeo,
2102 4244 2155 4289 te

576 4334 809 4397 intueor,
841 4337 893 4383 te
922 4342 1083 4381 unum
1123 4324 1370 4393 respicio.
1402 4323 1466 4376 lis
1503 4324 1644 4377 enim
1696 4324 1832 4378 Dens
1865 4324 2150 4379 maximam

576 4425 657 4479 sui
683 4422 882 4493 praebet
908 4419 1170 4474 notitiam.
1211 4416 1566 4482 Quamobrem
1596 4416 1806 4471 diccbat
1846 4417 1911 4471 de
1935 4417 2152 4484 Judmis,

578 4521 793 4582 rogatus
816 4526 915 4565 cur
942 4508 1021 4563 eis
1042 4508 1345 4575 loqueretur
1374 4506 1426 4559 in
1461 4506 1723 4575 parabolis
1752 4523 1765 4559 :
1803 4504 2033 4561 Videntes
2058 4524 2158 4561 non

580 4605 769 4667 vident,
799 4612 843 4655 et
874 4601 1131 4655 audientes
1156 4617 1255 4653 non
1282 4601 1495 4653 audiunt
1519 4599 1733 4670 (Matth.
1765 4601 1852 4657 15.
1880 4600 1988 4670 15).
2024 4599 2158 4655 Illud
2209 4639 2216 4647 .

581 4704 779 4759 autem,
807 4690 1008 4758 Levavi,
1040 4690 1320 4759 Signiﬁcat,
1354 4690 1432 4745 Ad
1472 4698 1523 4744 te
1566 4690 1771 4745 traduxi
1821 4700 1874 4743 et
1914 4692 2161 4746 transtuli

581 4786 810 4839 animam
828 4797 1031 4837 meam.
1060 4780 1111 4837 9.
1143 4781 1298 4848 Eripe
1321 4798 1400 4835 me
1423 4785 1485 4834 de
1507 4784 1721 4834 inimicis
1742 4775 1889 4845 ἠθεῖε,
1926 4782 2154 4847 Domine,

580 4876 723 4933 σάω
749 4875 971 4947 confugi.
1021 4872 1151 4927 Vide
1190 4874 1387 4941 ubique
1427 4872 1603 4928 all'erri
1647 4889 1833 4928 causas
1862 4874 1930 4927 ab
1967 4888 2034 4928 eo
2071 4875 2157 4944 qui

585 4973 753 5037 rogat.
788 4963 868 5017 Ne
889 4978 1104 5029 avertas,
1137 4965 1324 5033 inquit,
1352 4964 1533 5032 faciem
1554 4972 1691 5016 luant
1718 4980 1750 5016 a
1779 4981 1856 5017 me
1883 4981 1901 5019 .'
1926 4967 2162 5034 quoniam

581 5058 636 5111 in
662 5065 709 5109 te
732 5055 945 5123 speravi.
966 5052 1153 5107 Notam
1179 5057 1258 5126 {ac
1284 5054 1408 5107 mihi
1433 5053 1564 5106 viam
1600 5063 1757 5119 tuam,
1775 5056 2010 5123 quoniam
2028 5057 2095 5109 ad
2117 5067 2163 5109 te

585 5148 744 5201 levavi
770 5148 992 5201 animum
1017 5160 1199 5198 meam.
1231 5144 1386 5215 Eripe
1420 5160 1499 5198 me
1524 5145 1587 5199 de
1615 5146 1831 5199 inimicis
1857 5147 1999 5213 meis,
2032 5164 2161 5213 quo-

584 5238 721 5293 niam
761 5250 830 5291 ad
869 5247 915 5291 te
956 5238 1181 5308 conjugi.
1226 5235 1315 5290 10.
1353 5235 1492 5290 Doce
1536 5253 1615 5290 me
1656 5240 1822 5306 facere
1860 5238 2164 5292 voluntatem

646 5370 722 5433 (a)
753 5378 864 5420 Haec
883 5371 1225 5435 interpretatio
1237 5370 1473 5435 cujnssit,
1499 5383 1595 5418 non
1632 5371 1938 5435 exprimitur,
1962 5373 2049 5422 sed
2074 5386 2161 5435 po-

646 5385 722 5433 ta)
754 5385 864 5420 nec
883 5385 1225 5433 interpretatio
1237 5385 1374 5477 cupis
1394 5385 1473 5427 sit,
1499 5385 1595 5418 non
1632 5385 1938 5442 exprimitur,
1962 5385 2049 5422 seu
2074 5386 2161 5435 po-

586 5440 686 5511 test
724 5432 1149 5511 emesxmmachi,
1175 5432 1424 5511 (ιμιξιὺὶ,
1459 5438 1599 5511 ἾΡἏ,
1639 5433 1815 5491 vertit,
1850 5444 1999 5496 ὀρθρος,
2033 5436 2161 5497 quod

587 5509 682 5560 est,
708 5508 839 5552 ortus
861 5500 979 5560 diei,
1002 5502 1109 5550 sive
1132 5503 1433 5550 matutinum.

652 5564 723 5624 (b)
754 5570 855 5611 tam
878 5563 1081 5611 vidimus
1100 5561 1259 5624 locum
1284 5562 1363 5617 ubi
1392 5562 1672 5623 principium
1697 5570 1837 5612 bona:
1859 5565 2062 5624 actionis
2081 5566 2157 5614 ho-

589 5622 997 5673 miniadscribere
1013 5623 1203 5673 videtur
1219 5622 1576 5685 chrysOStomus
1600 5638 1610 5672 :
1639 5636 1807 5671 verum
1830 5632 1873 5675 ε.
1890 5622 2057 5676 doctor
2074 5628 2161 5677 110-

590 5686 770 5735 minem
787 5686 1011 5747 supponit
1030 5686 1129 5746 jam
1152 5686 1319 5747 gratia:
1344 5689 1469 5732 dono
1502 5689 1815 5747 pmventdm.

1334 305 1387 361 S.
1428 303 1701 360 JOANNIS
1736 299 2204 378 CHIiVSUSTOMI
2244 302 2559 359 ARCIIIEP.
2599 303 3119 361 CONSTANTINOP.

3731 303 3834 360 45ιῖ

2242 426 2399 481 tuam,
2432 419 2549 486 quia
2582 417 2712 471 Deus
2740 433 2876 471 meus
2902 434 2952 471 es
2983 428 3056 469 tu.
3082 417 3198 471 Non
3226 415 3358 469 dixit
3385 415 3653 483 abeolule,
3688 416 3846 471 Dore

2240 523 2326 561 me
2350 509 2667 563 voluntatem
2692 520 2854 573 tuam,
2886 509 2999 571 sed,
3034 507 3168 561 Doce
3186 524 3262 561 me
3287 512 3455 578 facere
3481 509 3797 561 volantum
3816 523 3833 558 :

2240 597 2343 651 hoc
2381 608 2483 663 eat,
2522 601 2600 652 Ad
2641 600 2749 668 ipsa
2783 598 2915 651 facta
2947 615 3033 653 me
3058 599 3250 653 deduc.
3280 599 3520 667 Superna
3548 600 3696 653 enim
3731 612 3840 667 ope

2240 701 2294 744 et
2333 694 2531 747 carlesti
2562 693 2801 746 doctrina
2836 707 2972 759 opus
3006 702 3109 757 est,
3156 705 3212 745 ut
3252 692 3559 746 incedamus
3589 692 3673 745 via
3713 706 3841 759 qua

2239 768 2387 837 ducit
2430 784 2495 839 ad
2536 784 2783 837 virtutem
2830 801 2843 836 :
2888 798 2990 837 non
3042 784 3194 837 nobis
3237 785 3288 837 in
3332 784 3440 836 otio
3486 782 3841 851 degentibus,

2240 874 2333 927 sed
2361 890 2481 944 qua;
2520 884 2642 928 sunt
2686 883 2867 930 nostra
2904 874 3327 929 conferentibus:
3359 875 3489 940 Quia
3519 874 3661 928 Deus
3692 890 3846 930 nteit:

2240 981 2290 1017 es
2320 974 2391 1017 tu.
2430 965 2587 1019 Vides
2616 966 2920 1033 spirituales
2941 967 3056 1035 ejus
3098 966 3421 1036 petitiones?
3448 965 3564 1019 Non
3592 967 3742 1020 enim
3772 966 3846 1021 de

2242 1056 2499 1124 pecuniis,
2531 1063 2784 1125 potentia,
2815 1068 2869 1111 et
2896 1058 3082 1126 gloria,
3116 1059 3211 1112 sed
3244 1068 3299 1111 ut
3328 1058 3418 1112 Dei
3447 1057 3607 1112 faciat
3637 1059 3842 1111 volun-
3876 1120 3885 1125 λ

2243 1155 2424 1208 tatem,
2472 1147 2524 1200 in
2568 1146 2688 1215 ejus
2737 1149 2994 1215 petitione
3037 1150 3212 1218 agitur
3256 1167 3269 1201 :
3319 1150 3461 1218 quod
3497 1149 3712 1217 quidem
3756 1159 3849 1202 est

2240 1240 2476 1292 omnium
2506 1239 2763 1293 bonorum
2794 1239 3089 1305 thesaurus,
3132 1252 3186 1294 et
3225 1255 3355 1308 opes
3392 1257 3512 1309 quae
3542 1257 3845 1310 numquam

2238 1328 2513 1393 deﬁciunt,
2557 1330 2979 1398 principiumque
3006 1341 3061 1384 et
3088 1332 3235 1384 radix
3283 1330 3572 1395 felicitatis,
3613 1340 3673 1386 et
3719 1347 3847 1385 me.

2241 1418 2409 1483 dium,
2439 1430 2489 1473 et
2519 1420 2661 1474 linis.
2696 1418 2925 1489 Spiritus
2962 1432 3077 1475 tuus
3106 1422 3266 1475 bonus
3295 1422 3501 1475 deducet
3525 1408 3607 1475 me
3643 1424 3697 1475 in
3736 1433 3849 1475 ter-

2240 1525 2349 1562 ram
2368 1521 2574 1564 rectam.
2608 1510 2769 1566 Vides
2790 1513 3063 1581 quomodo
3088 1511 3338 1576 dicimus,
3365 1512 3641 1581 quomodo
3670 1513 3847 1567 doce-

2240 1615 2360 1653 mur
2384 1602 2522 1653 viam
2559 1602 2833 1669 perﬁcere,
2888 1617 3081 1669 nempe
3112 1617 3207 1670 per
3258 1602 3513 1671 Spiritum
3554 1606 3849 1658 sanctum?

2242 1690 2310 1744 Et
2343 1690 2465 1744 ideo
2494 1692 2707 1745 dicebat
2756 1691 2950 1745 Paulus
2976 1710 2989 1745 :
3020 1690 3183 1747 Nobis
3211 1705 3379 1745 autem
3422 1691 3565 1747 Deus
3598 1695 3849 1748 reuelauit

2241 1798 2329 1850 per
2353 1781 2605 1848 Spiritum
2655 1797 2801 1834 suum
2833 1784 2927 1851 (1.
2980 1781 3101 1835 Cor.
3149 1784 3203 1835 ‘2.
3256 1783 3388 1853 l0).
3432 1783 3497 1835 1η
3538 1794 3729 1836 terram
3761 1801 3849 1837 re-

2241 1879 2392 1922 ctam.
2443 1870 2497 1925 Si
2544 1871 2830 1925 dictionem
2883 1872 3097 1940 quidem
3147 1882 3392 1939 spectes,
3436 1874 3567 1926 dicit
3612 1876 3846 1941 patriam

2240 1976 2389 2014 suam
2417 1978 2434 2013 :
2462 1960 2505 2015 si
2525 1962 2815 2030 accipiatur
2837 1973 3011 2016 autem
3037 1964 3345 2031 auagogice,
3380 1965 3515 2016 viam
3546 1980 3667 2031 quae
3694 1963 3850 2018 ducit

2241 2049 2307 2103 ad
2336 2052 2603 2105 virtutem.
2633 2052 2781 2124 Alius
2806 2062 2982 2105 autem
3007 2052 3150 2111 dicit,
3176 2052 3279 2103 Per
3302 2062 3483 2105 terram
3500 2052 3715 2120 planam
3739 2056 3847 2120 (η).

2242 2140 2380 2195 Nihil
2410 2151 2493 2196 est
2522 2145 2663 2196 enim
2711 2145 2905 2197 virtute
2957 2144 3144 2197 laevius
3172 2158 3233 2197 ac
3263 2144 3492 2209 planius,
3537 2161 3659 2213 qua)
3690 2155 3774 2199 est
3816 2161 3848 2199 a

2245 2235 2396 2287 turba
2437 2244 2489 2286 et
2528 2235 2752 2287 tumultu
2790 2234 2976 2287 libera.
3010 2235 3099 2289 11.
3132 2233 3351 2301 Propter
3381 2252 3560 2288 nomen
3590 2246 3733 2288 tuum
3763 2237 3847 2291 υἱ-

2246 2323 2466 2391 vi/icabis
2494 2340 2589 2388 me,
2616 2324 2849 2377 Domine.
2883 2325 3040 2379 Vides
3070 2342 3190 2380 eum
3224 2342 3407 2380 rursus
3436 2326 3502 2381 ad
3533 2328 3701 2381 Deum
3715 2343 3852 2381 con-

2247 2414 2445 2483 fugere,
2478 2430 2582 2467 non
2614 2424 2792 2473 autem
2838 2416 2890 2468 in
2920 2418 3023 2469 vita
3055 2432 3148 2470 sua
3180 2420 3445 2473 collocare
3475 2418 3774 2472 ﬁduciam?

2314 2503 2558 2573 quuitas
2587 2516 2632 2559 et
2670 2507 2875 2575 justitia
2917 2521 3008 2576 pro
3053 2509 3315 2560 clementia
3360 2524 3406 2561 et
3467 2509 3848 2563 misericordia.

2250 2594 2423 2649 Oratio
2449 2597 2557 2651 sine
2590 2613 2741 2669 opere
2777 2599 2991 2652 inutilis.
3028 2629 3100 2638 —
3139 2598 3206 2651 In
3244 2601 3476 2670 wquitate
3503 2608 3589 2653 tua
3617 2600 3797 2654 educes
3823 2616 3854 2655 ε

2247 2687 2568 2741 tribulatione
2594 2706 2816 2743 animam
2842 2707 3023 2744 meam.
3067 2692 3240 2755 Alius,
3270 2691 3333 2744 In
3362 2693 3715 2747 misericordia
3737 2705 3850 2746 tua.

2247 2777 2409 2831 Vides
2437 2778 2706 2845 quomodo
2732 2795 2913 2833 verum
2960 2780 3049 2845 sit,
3097 2788 3237 2851 quod
3283 2784 3529 2851 superius
3575 2784 3847 2848 dicebam,

2248 2882 2370 2921 eum
2392 2868 2647 2935 justitiam
2689 2884 2833 2937 saepe
2876 2886 3067 2925 vocare
3112 2874 3489 2928 clementiam?
3536 2874 3745 2931 Educes
3788 2885 3855 2931 de

2249 2958 2574 3013 tribulatione
2601 2959 2827 3013 animam
2860 2978 3041 3013 meam.
3081 2962 3235 3016 Orate
3260 2966 3422 3023 enim.
3457 2966 3654 3035 inquit,
3683 2984 3748 3020 ne
3773 2970 3855 3020 in-

2247 3050 2386 3103 tretis
2413 3050 2466 3103 in
2495 3052 2816 3104 tentationem
2841 3051 3030 3117 (Marc.
3066 3055 3149 3107 l‘i.
3186 3054 3299 3123 38).
3344 3055 3431 3109 12.
3464 3055 3531 3109 Et
3559 3058 3613 3110 in
3644 3060 3853 3111 miseri-

2247 3140 2424 3195 cordia
2458 3150 2549 3194 tua
2588 3141 2849 3211 disperde:
2888 3160 3060 3196 omnes
3104 3144 3336 3198 inimicos
3371 3162 3526 3199 meos.
3570 3147 3687 3200 Non
3718 3166 3857 3217 qna-

2250 3231 2391 3284 niam
2421 3244 2523 3300 ego
2550 3244 2667 3285 sum
2693 3230 2906 3301 dignus,
2940 3232 3134 3301 inquit,
3165 3235 3260 3289 sed
3297 3247 3519 3305 propter
3562 3246 3709 3292 tuam
3739 3239 3856 3295 cle-

2251 3320 2503 3375 mentiam
2532 3321 2698 3375 libera
2730 3337 2817 3377 me
2845 3323 2913 3376 ab
2942 3323 3007 3379 iis
3057 3326 3147 3393 qui
3178 3324 3230 3377 in
3264 3341 3348 3379 me
3387 3327 3584 3380 bellum
3629 3339 3849 3395 gerunt.

2250 3413 2415 3469 libera
2446 3429 2530 3469 me
2556 3415 2623 3469 ab
2650 3414 2714 3469 iis
2739 3416 2826 3484 qui
2858 3416 2985 3469 mihi
3015 3418 3332 3472 insidiantur
3351 3461 3364 3481 ,
3414 3419 3503 3473 dat
3530 3430 3587 3475 ut
3613 3422 3686 3477 ab
3714 3422 3857 3476 ami-

2254 3507 2433 3567 ctione
2459 3507 2788 3575 aliquantum
2813 3508 3094 3576 respirem.
3114 3509 3183 3563 Et
3202 3512 3382 3582 perdes
3402 3529 3573 3567 omnes
3588 3516 3677 3583 qui
3692 3516 3857 3570 tribu-

2253 3597 2361 3650 lant
2383 3598 2609 3651 animum
2631 3614 2813 3665 meant,
2839 3600 3081 3669 quoniam
3095 3617 3188 3669 ego
3208 3618 3379 3657 servus
3405 3613 3519 3657 tuus
3547 3621 3683 3659 sum.
3714 3607 3853 3663 Vide

2254 3688 2341 3743 hic
2376 3704 2560 3744 rursus
2600 3689 2862 3759 adjectum
2910 3706 3147 3746 causam.
3178 3693 3362 3764 Neque
3391 3696 3532 3750 enim
3560 3711 3853 3766 possurnm

2254 3781 2497 3835 absolute
2536 3792 2719 3836 nostra
2762 3784 3025 3851 postulata
3054 3787 3335 3856 consequi,
3365 3787 3459 3842 sed
3504 3798 3714 3858 oportet
3750 3808 3855 3848 nos

2256 3873 2326 3926 ita
2352 3887 2671 3944 prapararc,
2701 3884 2759 3930 ut
2782 3877 2949 3931 simus
2974 3877 3115 3947 digni
3136 3880 3225 3949 qui
3253 3880 3517 3949 postulata
3544 3896 3856 3954 consqu

2258 3979 2397 4031 mur,
2426 3975 2479 4019 et
2509 3982 2629 4034 quae
2669 3976 2849 4022 nostra
2889 3978 3015 4023 sunt
3055 3967 3324 4034 conferre,
3356 3979 3412 4026 et
3452 3972 3524 4025 ita
3565 3975 3852 4031 accedere.

2267 4054 2381 4108 Non
2412 4055 2607 4113 sufﬁcit
2630 4057 2777 4111 enim
2803 4058 2921 4113 sola
2950 4071 3139 4114 natura
3181 4062 3439 4116 orationis
3478 4078 3494 4114 :
3528 4077 3650 4116 nam
3676 4063 3855 4121 Judaei

2257 4160 2469 4216 quoque
2495 4146 2736 4212 orabant,
2756 4159 2810 4203 et
2838 4151 3148 4206 audiebant?
3174 4151 3237 4206 Si
3251 4153 3706 4221 multiplicaveritis
3734 4174 3859 4224 pre-

2258 4251 2358 4301 ces,
2392 4252 2493 4289 non
2523 4239 2793 4293 exaudiant
2821 4256 2907 4295 vos
2936 4239 3089 4310 (Isai.
3122 4242 3173 4296 1.
3208 4243 3323 4313 15).
3364 4243 3434 4298 Et
3475 4245 3600 4314 quid
3639 4247 3861 4301 miraris

2260 4327 2303 4380 si
2329 4326 2498 4381 Judzei
2528 4342 2635 4382 non
2664 4329 3105 4396 exaudiebantur,
3130 4346 3253 4386 cum
3279 4334 3438 4387 etiam
3461 4333 3720 4391 Jeremias
3746 4352 3861 4409 pro

2261 4418 2340 4473 eis
2368 4433 2530 4474 orans
2558 4420 2999 4490 reprehendatur,
3026 4433 3083 4478 et
3113 4425 3281 4479 semel
3308 4440 3374 4480 ac
3401 4426 3482 4481 bis
3507 4426 3688 4482 audiat
3716 4445 3732 4483 :
3768 4428 3859 4482 Ne

2262 4526 2353 4563 ora
2384 4526 2475 4580 pro
2503 4511 2599 4565 hoc
2624 4514 2835 4582 populo,
2864 4514 3102 4581 quaedam
3134 4531 3235 4568 non
3261 4516 3532 4570 exaudiant
3559 4527 3608 4571 te
3633 4516 3768 4588 (Jer.
3797 4520 3853 4573 7.

2265 4600 2397 4670 16)?
2440 4602 2506 4655 Et
2551 4603 2675 4671 quid
2720 4603 2932 4658 miraris
2976 4604 3021 4658 si
3065 4603 3328 4660 .Icremias
3375 4621 3481 4661 non
3531 4609 3859 4664 exauditur?

2264 4690 2479 4745 Etiamsi
2511 4690 2647 4757 Noe,
2674 4693 2865 4762 inquit,
2894 4695 3089 4749 etiamsi
3114 4694 3234 4760 Job,
3262 4696 3459 4752 etiamsi
3486 4696 3675 4751 Daniel
3700 4712 3860 4755 stete-

2264 4784 2387 4844 rint,
2413 4782 2546 4851 filios
2589 4792 2635 4837 et
2661 4783 2798 4852 ﬁlias
2824 4800 2941 4839 suas
2982 4801 3083 4838 non
3124 4786 3342 4853 eripient
3372 4784 3587 4855 (Eucti.
3633 4789 3721 4843 14.
3764 4791 3858 4844 14.

2267 4874 2379 4957 16).
2412 4874 2535 4927 Haec
2562 4890 2690 4945 ergo
2717 4891 2837 4929 cum
2867 4877 3118 4938 sciamus,
3148 4892 3252 4931 non
3280 4878 3459 4933 solum
3492 4894 3729 4944 oremus,
3759 4885 3862 4934 sed

2266 4972 2385 5011 cum
2420 4959 2663 5026 precibus
2690 4974 2903 5028 quoque
2929 4975 3026 5014 nos
3058 4960 3126 5014 ita
3156 4976 3553 5031 comparemus,
3594 4972 3653 5018 ut
3689 4965 3860 5018 simus

2266 5049 2408 5120 digni
2436 5050 2525 5119 qui
2555 5051 2903 5120 accipiamus,
2934 5062 2995 5105 ut
3018 5061 3074 5107 et
3102 5056 3386 5122 praesentia
3429 5064 3484 5109 et
3512 5054 3688 5110 futura
3716 5058 3858 5111 bona

2266 5157 2657 5212 consequamur
2704 5159 2718 5197 :
2764 5157 2886 5209 quae
2928 5143 3083 5198 detur
3106 5145 3261 5200 nobis
3304 5148 3552 5202 omnibus
3578 5148 3860 5218 consequi,

2266 5235 2433 5303 gratia
2463 5241 2517 5289 et
2560 5234 2845 5288 clementia
2886 5234 3106 5289 Domini
3125 5237 3294 5291 nostri
3335 5235 3461 5292 Jesu
3509 5238 3731 5303 Christi,
3776 5238 3866 5294 cui

2269 5326 2434 5394 gloria
2458 5335 2513 5381 et
2538 5326 2842 5396 imperium,
2875 5326 2929 5380 in
2956 5328 3152 5383 saecula
3182 5330 3523 5384 surculorum.
3551 5333 3749 5385 Amen.

2334 5630 2407 5686 (ai
2442 5636 2553 5695 tunc
2590 5631 2941 5695 interpretatio
2975 5637 3052 5679 est
3099 5628 3311 5695 Aquilae;
3352 5630 3547 5694 quidam
3586 5630 3863 5694 Symmacho

2276 5690 2404 5739 illam
2427 5693 2667 5751 tribuunt,
2690 5691 2778 5741 sed
2803 5692 2990 5755 Aquila:
3008 5697 3103 5742 est.
