4056 6492
231 478 342 540 ιω

707 584 773 641 IN
810 578 1135 640 PSALMUH
1166 573 1393 633 CXLIII.

240 728 298 785 1.
342 723 646 784 Benedictus
675 719 924 776 Dominus
973 715 1109 787 Deus
1150 728 1310 772 meus.
1348 709 1442 776 ,qni
1487 704 1634 760 docet
1661 715 1841 754 manus

439 832 578 872 meas
601 815 672 868 ad
698 813 954 886 praelium,
981 807 1166 880 digitos
1191 818 1326 858 meos
1346 799 1414 855 ad
1439 797 1644 853 bellum.

323 955 377 1008 1.
419 949 562 1019 Quid
583 949 758 1005 dicis?
785 948 997 1003 Deusne
1029 943 1187 1000 docet
1236 941 1458 1004 bellare,
1504 948 1762 1007 pugnare,
1791 939 1848 986 et

242 1047 367 1104 acie
408 1041 739 1115 conﬂigere?
786 1040 1016 1096 Maxime
1057 1035 1275 1108 quidem
1325 1051 1338 1086 :
1392 1047 1498 1086 non
1551 1026 1851 1099 peccaverit

246 1135 541 1206 quispiam,
568 1133 657 1204 qui
684 1132 960 1187 victoriam
991 1143 1111 1199 quae
1154 1126 1242 1181 his
1268 1131 1509 1195 paratur,
1549 1120 1598 1185 ei
1640 1116 1854 1173 adscri-

252 1227 443 1299 pserit.
493 1224 607 1280 [Ioc
649 1223 789 1277 enim
838 1220 941 1276 sibi
981 1219 1094 1274 vult
1138 1215 1307 1284 illud,
1348 1211 1450 1280 Qui
1490 1212 1636 1266 docet
1671 1219 1854 1262 manus

250 1332 414 1372 ineas.
446 1314 558 1370 Hoc
604 1323 710 1378 eet,
740 1312 841 1380 Qui
871 1310 998 1365 iacit
1025 1318 1083 1364 ut
1125 1308 1340 1364 vincam
1387 1303 1592 1367 hostes,
1639 1308 1698 1354 ut
1746 1309 1858 1352 tro-

252 1422 428 1476 pmum
456 1403 684 1477 erigant.
716 1403 940 1471 Quando
974 1400 1120 1458 enim
1163 1397 1451 1469 prostravit
1493 1391 1732 1459 Goliath,
1765 1389 1858 1446 ille

253 1496 357 1553 iuit
379 1509 541 1554 causa
560 1494 826 1560 victoriae,
858 1501 916 1547 et
952 1488 1168 1562 quando
1197 1487 1361 1543 multa
1387 1485 1527 1540 bella
1555 1493 1704 1538 recte
1731 1495 1856 1551 ges-

251 1589 352 1654 sit,
374 1593 432 1643 et
454 1596 655 1657 tropaea
681 1585 872 1648 erexit,
901 1591 954 1637 ct
977 1581 1185 1652 aliquot
1221 1580 1384 1634 urbes
1414 1577 1647 1631 hostium
1676 1573 1728 1628 vi
1771 1587 1863 1627 ce-

255 1678 357 1749 pit,
385 1677 432 1732 is
458 1676 556 1731 luit
580 1675 634 1730 in
659 1689 818 1730 causa
847 1681 907 1728 ut
937 1673 1200 1727 vinceret.
1229 1669 1296 1724 Et
1337 1666 1460 1723 ideo
1486 1681 1687 1722 canens
1715 1663 1864 1720 dice-

255 1767 353 1823 bat
381 1784 398 1824 :
423 1765 674 1820 Dominus
705 1766 850 1836 fortis
877 1773 924 1818 et
949 1771 1146 1832 potens,
1178 1757 1429 1814 Dominus
1456 1765 1632 1828 potem
1661 1755 1716 1809 in
1735 1769 1865 1825 prte-

252 1860 331 1914 tio
358 1857 530 1934 (Psal.
567 1858 658 1914 82.
700 1857 780 1926 5).
819 1855 984 1912 Hosis
1013 1867 1227 1925 quoque
1271 1861 1515 1922 tempore
1541 1848 1708 1908 multa
1739 1846 1868 1902 fecit

256 1950 552 2022 ejusmodi.

333 2043 596 2098 Auxilium
619 2041 844 2095 divinum
861 2038 1006 2093 nobis
1031 2036 1366 2092 necessarium
1390 2034 1460 2088 ad
1486 2031 1674 2088 bellum
1693 2039 1870 2086 contra

260 2137 545 2191 dcmonas.
579 2132 783 2188 Bellum
807 2130 998 2186 diaboli
1020 2129 1259 2184 adversus
1284 2128 1533 2181 homines.
1572 2124 1868 2180 llisericor-

262 2228 404 2280 diant
422 2223 518 2280 Dei
539 2217 594 2278 ut
607 2237 997 2294 consequamur.
1013 2220 1256 2277 Subditos
1271 2230 1324 2274 ut
1338 2220 1392 2274 in
1408 2219 1569 2290 opicio
1588 2218 1868 2285 contineas,

275 2316 369 2370 Dei
394 2315 590 2370 auxilio
613 2331 744 2385 opus
769 2323 863 2369 est.
896 2343 971 2355 —
993 2311 1194 2368 Verum
1232 2310 1378 2366 aliud
1419 2324 1635 2381 quoque
1671 2309 1872 2364 bellum

265 2415 351 2460 est
379 2405 482 2460 hoc
513 2405 754 2477 gravius,
804 2403 895 2459 ubi
940 2403 1097 2459 nobis
1137 2402 1372 2458 maxime
1415 2415 1650 2471 superno
1674 2398 1876 2456 auxilio

264 2511 406 2567 opus
429 2505 531 2564 est,
560 2496 701 2568 quod
725 2495 930 2567 geritur
959 2504 1154 2552 contra
1193 2501 1489 2566 potestates
1516 2492 1873 2549 adversarius.

265 2588 423 2658 Quod
461 2599 642 2644 autem
687 2602 785 2643 nos
825 2596 1012 2643 contra
1058 2600 1152 2642 eas
1197 2585 1395 2641 bellum
1436 2598 1708 2656 geramus,
1750 2579 1876 2638 audi

272 2681 499 2738 Paulum
515 2681 785 2736 dicentem
806 2697 819 2734 :
845 2679 968 2735 Non
993 2687 1064 2735 est
1089 2680 1232 2734 nobis
1254 2680 1394 2734 lucta
1413 2680 1654 2733 adversus
1673 2685 1880 2732 carnem

269 2783 320 2830 et
351 2775 673 2843 sanguinem,
699 2775 790 2830 sed
815 2774 1058 2828 adversus
1085 2773 1424 2843 principatus,
1451 2771 1693 2827 adversus
1733 2781 1880 2838 pote-

271 2876 450 2933 states,
466 2867 709 2922 adversus
724 2867 902 2921 mundi
920 2867 1176 2938 principes
1194 2865 1518 2920 tenebrarum
1533 2864 1707 2920 saeculi
1723 2866 1881 2932 hujus

275 2957 494 3032 (Epltes.
519 2957 572 3015 6.
603 2957 692 3030 12)
718 2974 732 3010 :
764 2967 818 3014 et
841 2972 908 3014 eo
931 2959 1167 3029 gravius,
1197 2955 1340 3028 quod
1369 2972 1435 3012 ex
1464 2956 1566 3011 alia
1598 2965 1786 3012 natura
1809 2957 1883 3012 sit

274 3065 463 3106 carum
493 3051 785 3114 exercitus,
816 3058 872 3104 et
896 3064 1014 3118 qua:
1047 3048 1148 3104 sub
1185 3057 1463 3119 aspectum
1494 3062 1602 3102 non
1631 3047 1795 3114 cadit,
1827 3056 1884 3102 et

275 3140 421 3211 quod
442 3155 551 3196 non
573 3139 640 3196 de
661 3138 825 3196 rebus
848 3139 1056 3218 exiguis
1085 3139 1280 3210 agitur,
1311 3138 1409 3194 sed
1433 3139 1502 3195 de
1527 3139 1701 3195 salute
1734 3145 1792 3194 et
1815 3138 1884 3195 de

279 3232 539 3303 pernicie.
560 3230 676 3286 Non
702 3240 926 3302 possunt
949 3230 1040 3286 hic
1059 3230 1228 3286 videri
1257 3230 1503 3286 homines
1522 3231 1613 3301 qui
1638 3231 1886 3286 occidun-

277 3334 391 3390 tur,
428 3336 536 3378 non
567 3330 745 3394 potest
761 3321 1030 3392 'prteseiri,
1059 3335 1159 3377 nec
1185 3329 1415 3391 tempus,
1447 3335 1547 3376 nec
1572 3320 1882 3391 difﬁcultas,

281 3428 387 3470 nec
411 3414 711 3482 locus,.nec
733 3412 938 3485 aliquid
981 3412 1126 3468 aliud
1155 3412 1442 3482 ejusmodi.
1473 3411 1607 3468 Nam
1635 3413 1802 3481 domi,
1831 3418 1884 3470 In

284 3505 424 3572 foro,
456 3505 723 3573 ludentes,
773 3505 829 3561 in
869 3505 983 3562 otio
1011 3520 1111 3561 nos
1149 3504 1413 3560 invadunt
1443 3499 1527 3561 ba:
1555 3506 1883 3579 phalanges:

283 3612 453 3670 quare
470 3607 684 3668 oportet
706 3613 807 3653 nos
830 3612 952 3654 esse
971 3606 1230 3669 perpetuo
1245 3598 1502 3654 munitos.
1520 3598 1728 3655 Bellum
1744 3600 1887 3655 enim

286 3691 396 3747 hoc
421 3690 596 3747 nullas
618 3691 766 3746 novit
792 3691 1068 3748 inducias:
1094 3706 1200 3747 non
1233 3690 1394 3746 habet
1422 3691 1648 3763 legatos,
1676 3708 1778 3748 nec
1807 3692 1890 3749 fe-

287 3779 475 3850 ciales,
508 3797 606 3839 nec
633 3781 832 3854 aliquid
858 3780 1155 3852 ejusmodi;
1185 3782 1385 3838 bellum
1411 3784 1554 3839 extim
1579 3792 1664 3840 est
1696 3785 1892 3855 impla-

287 3875 484 3942 cabile,
516 3886 572 3932 et
599 3875 722 3932 ideo
744 3884 958 3947 Oportet
985 3891 1045 3932 se
1071 3877 1306 3932 maxime
1328 3876 1564 3951 undique
1584 3879 1816 3946 munire,
1840 3888 1895 3934 et

289 3966 632 4021 convenienti
682 3965 937 4020 alimento
977 3965 1215 4021 validum
1266 3964 1592 4038 ﬁrmumque
1640 3968 1891 4026 reddere.

292 4056 469 4127 Ilujus
496 4063 674 4111 autem
701 4056 827 4111 belli
853 4066 1208 4123 commeatus,
1246 4067 1299 4112 ct
1327 4057 1521 4113 horum
1549 4059 1780 4115 militum
1807 4077 1899 4116 ar-

291 4163 381 4202 ma
412 4155 538 4204 sunt
563 4146 865 4202 divinarum
893 4146 1292 4216 Seripturarum
1322 4148 1548 4205 auditio.
1579 4150 1653 4206 Ea
1675 4152 1766 4222 qui
1789 4169 1896 4207 non

293 4237 509 4305 fruitur,
539 4236 681 4295 fame
711 4239 868 4309 perit.
901 4237 1049 4293 Dabo
1069 4240 1212 4294 enim
1238 4241 1330 4306 eis,
1361 4239 1553 4311 inquit,
1585 4259 1684 4296 non
1713 4247 1900 4313 famem

293 4330 468 4401 panis,
491 4345 581 4383 nec
603 4330 739 4383 sitim
760 4345 928 4399 aqua,
950 4329 1040 4384 sed
1062 4329 1249 4400 famem
1270 4333 1515 4386 audiendi
1533 4334 1664 4387 verbi
1691 4333 1901 4390 Domini

295 4421 479 4491 (Amos
524 4420 579 4476 8.
612 4421 723 4491 11).
755 4420 853 4475 llic
877 4420 1058 4492 igitur,
1087 4422 1225 4476 sicut
1250 4431 1304 4476 et
1323 4422 1376 4477 in
1406 4423 1562 4478 bellis
1589 4425 1899 4492 sensilibus,

295 4525 536 4579 superno
558 4511 758 4566 auxilio
780 4525 916 4581 opus
940 4520 1043 4567 est.
1089 4510 1212 4566 Non
1249 4523 1478 4567 servatur
1506 4516 1675 4582 enim,
1707 4517 1898 4586 inquit,

296 4618 390 4657 rex
411 4618 502 4671 per
529 4603 742 4655 multum
772 4603 1067 4671 potentiam,
1113 4611 1160 4656 et
1199 4603 1343 4675 gigas
1385 4621 1487 4658 non
1529 4607 1808 4662 seruabitur
1848 4611 1903 4663 in

297 4693 626 4757 multitudine
651 4694 832 4748 virium
851 4711 1077 4749 suarum.
1109 4693 1301 4750 Fallax
1323 4713 1478 4766 equus
1504 4699 1572 4752 ad
1597 4702 1832 4766 salutem,
1851 4706 1906 4757 in

298 4786 628 4841 multitudine
669 4786 850 4839 uirium
894 4801 1109 4840 suarum
1150 4803 1257 4842 non
1300 4789 1580 4844 servabitur
1608 4790 1783 4863 (Psal.
1812 4794 1904 4849 52.

301 4879 392 4935 16.
430 4876 544 4950 17).
577 4877 726 4932 Multi
753 4878 933 4948 itaque
959 4879 1143 4934 hostes
1167 4880 1246 4936 sic
1273 4894 1420 4951 saepe
1443 4880 1698 4938 fuderunt
1729 4899 1794 4939 ac
1822 4885 1907 4940 fu-

299 4978 518 5042 garunt,
546 4983 668 5024 cum
698 4969 844 5039 prius
876 4984 1063 5039 preces
1088 4972 1510 5040 praecessissent,
1537 4982 1593 5029 et
1612 4989 1692 5030 ea:
1711 4975 1906 5033 adver-

302 5063 570 5119 sariorum
601 5062 890 5133 phalanges
914 5061 1260 5133 repulissent.
1288 5063 1345 5120 2.
1391 5064 1746 5123 Misericordia
1772 5087 1904 5135 mea,

299 5165 351 5211 et
379 5154 638 5225 refugium
679 5169 867 5222 meum,
907 5163 1168 5226 susceptor
1208 5171 1349 5210 meus
1390 5166 1438 5211 et
1482 5160 1720 5216 liberator
1746 5179 1906 5218 meus.

305 5246 472 5304 Vides
500 5261 623 5302 eum
650 5261 835 5312 rursus
857 5262 1046 5318 rogare
1072 5255 1132 5303 ut
1149 5257 1396 5305 servetur
1420 5266 1450 5306 a
1471 5253 1774 5310 clementia.
1799 5256 1910 5313 Imo

305 5355 437 5395 vero
468 5338 556 5394 hic
582 5338 741 5393 etiam
771 5338 971 5408 aiiquid
1009 5338 1152 5394 aliud
1179 5339 1466 5410 signiﬁcat.
1509 5345 1612 5400 Per
1639 5345 1741 5402 hoc
1765 5351 1908 5403 enim

306 5431 359 5488 id
386 5431 624 5486 ostendit
644 5440 698 5487 et
723 5431 883 5486 dicit:
913 5430 992 5486 Ne
1020 5446 1196 5488 essem
1219 5434 1433 5504 quidem
1465 5437 1576 5507 ipsa
1602 5439 1795 5510 dignus
1812 5442 1911 5496 mi-

307 5522 623 5586 sericordia,
653 5522 752 5576 nisi
780 5521 894 5592 ipse
923 5523 1221 5578 annuisset.
1254 5522 1372 5594 Ipse
1402 5538 1482 5581 est
1513 5544 1663 5599 ergo,
1713 5531 1903 5602 inquit,

309 5613 663 5668 Misericordia
696 5627 844 5668 mea:
871 5628 990 5668 eam
1021 5615 1163 5669 enim
1193 5630 1257 5670 ex
1289 5617 1440 5673 factis
1481 5621 1615 5675 meis
1658 5639 1763 5677 non
1792 5639 1910 5678 sum

306 5713 695 5775 consequutus.
723 5704 854 5758 Nam
880 5705 979 5760 etsi
1009 5717 1092 5761 est
1120 5707 1510 5773 misericordia,
1537 5728 1640 5766 non
1664 5716 1913 5771 omnibus

308 5806 487 5852 tamen
509 5795 969 5856 indiscrimiuatim
987 5798 1180 5852 accidit
1201 5815 1212 5850 :
1237 5798 1288 5851 Μ
1298 5801 1514 5856 iscrebor
1530 5803 1694 5872 enim,
1721 5807 1910 5877 inquit,

307 5889 454 5960 cuius
477 5890 710 5945 misertus
728 5892 892 5962 fuero,
930 5899 974 5945 ct
1007 5889 1300 5960 miserebor,
1319 5911 1466 5964 quem
1489 5897 1632 5965 fuero
1651 5900 1914 5956 miseratus

1348 452 1706 518 EXI‘OSITIO
1743 449 1809 507 IN
1848 443 2176 506 PSALMUM
2213 439 2444 501 CXLIII.

3451 430 3558 486 458

1955 559 2134 631 (Rom.
2158 556 2214 614 9.
2238 556 2349 627 15).
2375 555 2598 625 Oportet
2623 568 2774 624 ergo,
2797 552 2842 607 si
2864 550 3286 608 misericordiam
3311 548 3570 605 volumus

1954 649 2236 720 consequi,
2282 646 2402 719 ejus
2444 646 2744 702 clementia:
2773 644 3113 700 occisionem
3143 657 3212 698 ex
3241 642 3396 698 nobis
3431 643 3561 714 ipsis

1952 741 2218 812 proferre.
2244 739 2342 794 Hic
2368 747 2544 794 autem
2585 737 2715 793 dicit
2743 751 2811 792 se
2834 737 2943 791 hoc
2961 737 3157 807 ipsum,
3186 735 3331 805 quod
3361 736 3432 790 sit
3455 737 3558 789 mi-

1953 831 2306 888 sericordiam
2347 839 2736 900 consequutus,
2781 828 2832 884 ei
2862 838 3141 898 acceptum
3172 827 3334 884 ferre.
3367 826 3565 883 Vidisti
3621 853 3623 855 ί

1953 925 2242 981 contritum
2286 921 2566 977 animum?
2590 921 2768 976 vidisti
2811 929 3018 992 gratam
3052 930 3310 986 mentem,
3338 929 3566 992 etquo-

1963 1016 2126 1072 modo
2168 1015 2398 1085 benigno
2444 1015 2554 1069 Deo
2586 1013 2903 1068 universum
2945 1011 3238 1067 adscribit?
3285 1012 3570 1082 susceptor

1955 1123 2122 1173 meus,
2152 1114 2197 1160 et
2222 1104 2463 1160 liberator
2487 1119 2653 1168 meus,
2677 1112 2934 1175 protector
2955 1117 3125 1168 meus;
3149 1111 3196 1158 et
3225 1103 3286 1158 in-
3301 1105 3422 1175 ipso
3449 1097 3571 1174 spe"-

1956 1200 2087 1254 rari.
2115 1198 2278 1268 Spem
2310 1195 2363 1251 in
2395 1197 2570 1268 ipsum
2598 1195 2816 1252 assidue
2839 1205 3043 1263 versat,
3066 1195 3270 1274 docens
3299 1210 3491 1252 omnes
3512 1205 3576 1252 ut

1959 1289 2128 1345 nullis
2153 1287 2309 1344 malis
2337 1288 2654 1354 obruantur,
2705 1285 2804 1342 sed
2848 1286 2938 1343 vel
2980 1287 3036 1343 in
3084 1285 3277 1343 mediis
3313 1288 3575 1344 arumnis

1962 1397 2086 1439 eum
2113 1395 2329 1451 semper
2354 1373 2848 1444 iutueantur,abeo
2872 1378 3165 1449 pendeant,
3193 1390 3295 1435 nec
3319 1395 3574 1452 umquam

1963 1472 2277 1544 desperent,
2324 1466 2576 1528 animove
2604 1470 2915 1528 concidant.
2944 1465 3066 1541 Ipse
3093 1479 3180 1528 est
3207 1469 3354 1527 enim
3383 1485 3577 1528 susce-

1967 1574 2090 1637 ptor
2120 1571 2175 1620 et
2200 1564 2460 1620 liberator
2479 1578 2651 1620 meus.
2675 1562 2833 1620 Unde
2859 1571 2915 1619 et
2941 1561 2989 1619 si
3025 1578 3134 1631 non
3159 1562 3216 1619 in
3244 1560 3376 1634 ipSis
3402 1566 3577 1620 maln-

1967 1672 2086 1711 rttm
2115 1654 2391 1726 principiis
2417 1655 2677 1726 suscipiat
2700 1664 2758 1711 et
2778 1655 2996 1724 liberet,
3026 1654 3172 1712 bono
3212 1667 3428 1726 oportet
3455 1671 3581 1714 esse

1967 1748 2171 1804 animo.
2192 1748 2250 1804 Si
2268 1748 2414 1803 enim
2438 1747 2555 1822 ipse
2575 1756 2659 1804 est
2682 1755 2966 1819 susceptor
2981 1761 3048 1803 ac
3065 1745 3340 1815 defensor,
3357 1749 3583 1805 omnino

1969 1838 2223 1895 liberabit
2245 1855 2276 1894 a
2305 1827 2481 1895 malis.
2498 1837 2653 1894 Tunc
2667 1834 2813 1895 enim
2826 1835 3067 1896 maxime
3092 1852 3219 1910 spes
3234 1849 3349 1918 est,
3365 1841 3587 1912 quando

1972 1931 2040 1986 iis
2066 1945 2188 1998 qua:
2216 1930 2466 1985 videntur
2491 1945 2593 1986 nos
2618 1929 2997 2001 dejicientibus
3038 1931 3095 1987 in
3118 1930 3582 2004 desperationem,

1971 2036 2036 2077 ea
2062 2020 2229 2077 efﬁcit
2247 2031 2308 2075 ut
2326 2021 2396 2076 de
2431 2019 2612 2077 loturo
2640 2021 2780 2078 bene
2817 2035 3122 2092 speremus.
3164 2021 3268 2092 Qui
3290 2023 3462 2080 subdit
3490 2042 3589 2098 po-

1976 2112 2157 2185 pulum
2185 2128 2354 2168 meum
2379 2113 2476 2168 sub
2499 2128 2600 2168 me.
2629 2112 2723 2170 Sic
2747 2121 2895 2170 recte
2914 2114 3073 2172 dixit.
3097 2111 3236 2172 Nam
3266 2116 3354 2173 hic
3373 2111 3591 2190 quoque

1976 2221 2214 2278 superno
2235 2207 2436 2262 auxilio
2466 2222 2604 2278 opus
2633 2217 2740 2276 est,
2767 2217 2827 2265 ut
2847 2209 2940 2281 qui
2967 2208 3161 2267 ditioni
3188 2211 3416 2282 subiecti
3438 2207 3587 2283 sunt,

1978 2300 2344 2369 acquiescant,
2376 2308 2432 2356 et
2458 2314 2562 2356 nec
2583 2299 2903 2358 seditionem
2919 2296 3144 2374 agitent,
3163 2318 3264 2360 nec
3288 2306 3589 2377 insurgunt.

1980 2391 2102 2447 Non
2132 2393 2306 2448 solum
2336 2407 2467 2464 ergo
2490 2392 2544 2447 in
2567 2393 2920 2468 subjugandis
2940 2396 3195 2465 inimicis,
3224 2397 3321 2454 sed
3345 2399 3507 2455 etiam
3538 2403 3592 2457 in

1981 2484 2292 2541 domesticis
2306 2486 2421 2542 suis
2435 2486 2784 2558 subjiciendis
2806 2488 3048 2560 superno
3063 2491 3220 2547 nobis
3237 2493 3441 2549 auxilio
3457 2508 3596 2566 opus

1982 2589 2085 2634 est.
2115 2576 2251 2633 Nam
2280 2577 2386 2634 hoc
2404 2594 2622 2651 quoque
2657 2596 2909 2654 magnum
2938 2592 3043 2651 est,
3072 2599 3202 2640 suos
3222 2586 3324 2641 ben
3383 2603 3592 2659 regere,

1983 2683 2086 2725 nec
2127 2670 2307 2727 minus
2339 2680 2424 2726 est
2447 2687 2610 2744 quam
2640 2672 2888 2732 inimicos
2929 2676 3164 2732 vincere.
3202 2677 3348 2734 Multi
3380 2681 3595 2751 quidem

1983 2768 2132 2816 certe
2156 2775 2530 2832 saepenumero
2555 2773 2758 2835 tropaea
2785 2764 2840 2821 in
2861 2765 3018 2824 bellis
3043 2776 3355 2834 erexerunt,
3385 2772 3437 2826 iu
3468 2788 3600 2843 pace

1985 2862 2165 2908 autem
2190 2854 2318 2910 censi
2346 2863 2496 2921 sunt,
2526 2872 2650 2912 cum
2676 2871 2868 2914 eorum
2898 2861 3096 2932 quibus
3122 2875 3394 2934 praeerant
3425 2865 3598 2923 habe-

1987 2958 2086 3000 nas
2130 2961 2240 3002 non
2281 2949 2430 3004 recte
2473 2957 2698 3020 possent
2738 2950 3030 3008 moderari.
3063 2953 3180 3010 Non
3209 2971 3342 3028 ergo
3366 2958 3420 3013 in
3451 2961 3602 3030 regni

1989 3047 2255 3110 potestate
2285 3041 2447 3096 situm
2475 3050 2581 3110 est,
2610 3051 2670 3098 ut
2696 3054 2874 3100 castra
2901 3045 3279 3117 subjiciuntur,
3310 3050 3408 3107 sed
3430 3052 3481 3106 iu
3507 3054 3602 3110 Dei

1982 3129 2206 3184 auxilio.
2228 3130 2694 3198 Quemadmodum
2719 3143 2902 3190 autem
2926 3135 2996 3192 ab
3020 3131 3087 3193 ab
3109 3139 3409 3208 procedunt
3436 3143 3608 3199 victo-

1989 3221 2085 3278 riae
2103 3221 2177 3278 de
2205 3222 2472 3293 hostibus,
2506 3224 2576 3281 ita
2603 3224 2767 3281 etiam
2793 3239 3017 3283 suorum
3047 3215 3374 3288 obedientia.
3402 3233 3457 3289 5.
3489 3230 3605 3290 Do-

1990 3314 2145 3383 mine,
2161 3315 2286 3388 quid
2310 3325 2383 3372 est
2407 3316 2582 3383 homo,
2611 3314 2738 3389 quia
2761 3319 3032 3376 innotuisti
3049 3324 3096 3377 ei
3109 3323 3138 3378 .’
3163 3333 3254 3378 aut
3275 3325 3418 3395 filius
3441 3325 3608 3384 homi-

1990 3401 2100 3474 nis,
2127 3409 2249 3478 quia
2271 3420 2483 3479 reputas
2509 3423 2626 3468 eum
2640 3413 2668 3468 7
2688 3413 2880 3482 Alius,“
2897 3416 3038 3484 Quid
3057 3418 3238 3486 homo,
3265 3430 3312 3476 et
3335 3439 3608 3494 cognosces

1990 3500 2199 3572 ipsum!
2240 3503 2414 3570 Alius,
2467 3503 2621 3573 Quod
2661 3510 2899 3578 agnoscis
2936 3509 3146 3579 ipsum?
3194 3511 3448 3585 Magnum
3479 3531 3610 3589 ergo

1993 3591 2302 3663 quempiam
2331 3608 2454 3650 esse
2479 3604 2712 3666 oportet,
2746 3599 2836 3669 qui
2861 3608 2946 3654 est
2975 3600 3506 3676 Deum'cogniturus,
3525 3609 3610 3665 rei

1997 3683 2175 3752 potius
2195 3684 2286 3753 qui
2315 3692 2400 3740 est
2427 3685 2497 3741 ab
2518 3687 2639 3757 ipso
2663 3691 3103 3760 cognoscendus;
3134 3710 3242 3750 non
3265 3687 3412 3754 hunc
3427 3710 3612 3757 autem

1997 3776 2194 3845 solum,
2222 3777 2320 3833 sed
2341 3778 2504 3835 etiam
2528 3780 2679 3837 illum
2699 3783 2787 3839 cui
2818 3784 2960 3842 Deus
2986 3788 3216 3845 voluerit
3245 3791 3611 3851 innotescere.

1999 3865 2070 3920 Et
2099 3867 2223 3923 ideo
2248 3868 2452 3940 optime
2477 3870 2732 3930 dixerunt
2767 3874 3120 3949 Septuaginta
3147 3881 3300 3950 illud;
3334 3883 3615 3943 Innotnisn

2000 3960 2457 4020 ei:ostendentes
2486 3982 2585 4022 nos
2627 3982 2734 4024 non
2785 3984 2911 4026 eum
2955 3973 3253 4044 invenisse,
3299 3954 3392 4033 sed
3438 3981 3614 4051 ipsum

2003 4055 2160 4110 nobis
2186 4055 2350 4112 fuisse
2374 4056 2673 4115 inventum.
2705 4061 2984 4133 Siquidem
3016 4082 3124 4122 non
3150 4067 3324 4125 dixit:
3347 4071 3487 4140 Quid
3531 4083 3618 4131 est

2003 4147 2185 4216 homo,
2219 4151 2308 4222 qui
2341 4159 2395 4207 te
2420 4153 2704 4222 cognovit?
2735 4154 2851 4223 sed,
2886 4156 3026 4223 Quid
3065 4172 3138 4216 est
3165 4162 3340 4233 homo,
3363 4167 3502 4236 quod
3525 4185 3616 4223 co-

2003 4241 2176 4312 gnitus
2195 4258 2247 4297 es
2266 4243 2329 4297 ab
2349 4245 2501 4314 ipso?

2077 4337 2132 4389 ἓ.
2176 4335 2245 4390 Ει
2266 4338 2387 4393 ideo
2415 4338 2613 4395 Paulus
2644 4339 2746 4397 hoc
2768 4356 2972 4414 susque
3001 4344 3178 4418 deque
3197 4351 3416 4408 assidue
3438 4365 3622 4411 versat

2006 4426 2213 4520 dicens,
2246 4428 2394 4483 Tunc
2424 4441 2592 4486 autent
2613 4449 2894 4505 agnoscam
2919 4437 3052 4493 sicut
3080 4450 3128 4495 et
3154 4445 3359 4514 agnitus
3385 4463 3501 4500 sum
3541 4448 3620 4520 (1.

2007 4517 2126 4574 Cor.
2147 4520 2235 4575 15.
2269 4520 2380 4590 η).
2404 4521 2577 4578 Porro
2621 4525 2736 4595 ipse
2786 4543 3002 4598 quoque
3049 4529 3318 4600 Christus,
3365 4535 3488 4592 Non
3534 4517 3624 4595 uos

2008 4626 2089 4663 me
2111 4610 2347 4682 elegistis,
2378 4614 2467 4667 sed
2488 4631 2578 4686 ego
2600 4617 2729 4686 elegi
2743 4635 2831 4673 vos
2857 4619 3039 4697 (Joan.
3075 4624 3165 4680 15.
3199 4625 3312 4698 16).
3340 4627 3460 4684 Jam
3489 4646 3624 4687 vero

2010 4700 2135 4754 alibi
2162 4717 2374 4773 quoque
2403 4704 2718 4773 Paulus,.Si
2731 4711 2845 4777 quis
2872 4721 3042 4767 autem
3067 4715 3234 4787 diligit
3249 4716 3440 4787 Deum,
3468 4724 3512 4778 is
3534 4741 3626 4780 co-

2011 4794 2180 4863 gnitus
2200 4803 2273 4886 est
2295 4795 2357 4848 ab
2383 4812 2441 4850 eo
2472 4797 2549 4867 (1.
2574 4799 2692 4854 Cor.
2716 4799 2770 4856 8.
2797 4800 2877 4873 5).
2895 4799 2970 4859 Et
2998 4805 3121 4862 ideo
3145 4810 3364 4869 assidue
3383 4815 3625 4886 seipsum

2013 4898 2211 4956 susque
2240 4885 2415 4958 deque
2449 4889 2581 4946 dicit
2606 4903 2877 4962 vocatum,
2922 4899 3216 4957 ostendens
3254 4917 3314 4960 se
3345 4922 3452 4964 non
3470 4885 3630 4966 ultro

2013 4979 2329 5045 accessisse,
2357 4981 2453 5036 sed
2487 4983 2635 5052 prius
2678 4996 2926 5043 vocatum
2973 4989 3159 5048 fuisse.
3191 4992 3266 5050 Ita
3305 4999 3470 5059 etiam
3497 5002 3631 5059 dicit

2013 5069 2165 5164 alibi,
2195 5067 2486 5143 Persequor
2505 5084 2695 5144 autem,
2710 5079 2766 5134 si
2783 5080 2934 5134 etiam
2951 5085 3396 5156 comprehendam,
3418 5103 3630 5164 propter

2013 5163 2152 5231 quod
2174 5173 2220 5217 et
2244 5168 2638 5235 comprehensus
2657 5186 2769 5224 sum
2805 5170 3067 5248 (Philipp.
3096 5177 3156 5231 5.
3180 5179 3294 5254 12).
3326 5181 3445 5239 Non
3473 5163 3627 5250 dixit,

2015 5257 2434 5327 Comprehendi,
2464 5261 2591 5326 sed,
2610 5259 3018 5332 Contprehensus
3045 5286 3180 5325 sum.
3218 5272 3504 5341 Quomodo
3529 5293 3632 5334 au-

2018 5357 2125 5404 tem
2154 5349 2280 5404 dicit
2306 5349 2413 5415 hic,
2441 5350 2580 5416 Quid
2595 5361 2679 5408 est
2703 5355 2897 5412 homo?
2918 5361 3079 5432 Atqui
3108 5362 3246 5418 alius
3262 5365 3409 5433 dicit,
3435 5369 3633 5441 Magna

2015 5460 2096 5497 res
2122 5443 2295 5510 homo,
2320 5452 2366 5498 et
2399 5447 2621 5514 pretiosa
2658 5465 2739 5505 res
2776 5451 2856 5505 uir
2888 5454 3174 5512 misericors
3214 5457 3402 5524 (Prov.
3429 5461 3521 5520 ω.
3547 5464 3631 5531 6).

2020 5534 2090 5628 bit
2136 5534 2297 5601 alius,
2328 5535 2408 5589 A‘d
2434 5537 2709 5610 imaginem
2737 5541 2839 5598 Dei
2876 5547 2996 5617 fecit
3038 5548 3209 5620 ipsum
3238 5551 3390 5625 (Gen.
3423 5557 3478 5611 1.
3506 5555 3631 5628 27).

2017 5625 2251 5682 Sortitus
2277 5637 2361 5683 est
2390 5629 2533 5684 enim
2558 5633 2723 5688 totius
2749 5647 3010 5693 creaturae
3035 5641 3408 5708 prmfecturam
3437 5625 3631 5719 (Eccii.

2020 5719 2107 5773 I7.
2135 5719 2212 5789 I).
2248 5719 2386 5775 Sunt
2410 5731 2588 5778 autem
2608 5726 2872 5789 nonnulli,
2891 5730 3087 5799 quibus
3112 5750 3180 5789 ne
3204 5736 3397 5807 dignus
3414 5741 3631 5811 quidem

2018 5819 2134 5865 erat
2166 5812 2398 5867 mundus
2425 5813 2611 5885 (Hebr.
2635 5818 2721 5871 ll.
2747 5818 2861 5890 38).
2901 5820 3009 5877 Sed
3055 5823 3145 5878 illa
3173 5827 3391 5896 quidem
3419 5831 3486 5886 dc
3514 5834 3629 5887 vir-

2023 5914 2153 5974 tute,
2188 5917 2243 5962 ot
2270 5907 2484 5978 quando
2533 5909 2750 5980 quidam
2796 5913 3045 5973 homines
3092 5935 3209 5975 eam
3258 5925 3635 5983 ostenderint:
