4056 6432
510 394 611 453 489

506 512 609 570 hoc
629 508 990 576 autem;0uid
1015 514 1086 562 est
1113 507 1259 560 homo
1274 505 1301 557 .’
1323 501 1521 559 dictum
1547 507 1632 555 est
1648 496 1717 553 de
1736 505 1944 551 natura.
1975 491 2087 547 Ila-

504 617 611 673 gna
641 611 725 657 est
751 600 986 655 hominis
1003 598 1259 653 natura‘:
1293 589 1480 663 magna
1508 589 1747 661 quidem,
1787 585 1882 641 sed
1921 584 1965 639 si
1996 598 2085 639 re-

501 692 700 762 spicias
725 692 1109 761 cognitionem,
1136 702 1239 758 qua
1271 685 1466 740 donata
1510 681 1629 743 luit.
1669 679 1825 749 longe
1861 686 1945 732 est
1984 674 2085 731 hac

502 779 744 837 inferior.

573 873 939 928 Hiereticoruni
960 870 1311 941 presumptio.
1350 867 1518 921 Deum
1535 879 1641 919 esse
1667 871 1726 916 ut
1740 860 2080 917 didicerimus.

503 965 800 1021 Substantia
831 962 923 1016 Dei
950 962 1097 1019 nobis
1126 956 1630 1032 ignota.—-—Attdiant
1655 951 1891 1009 haeretici
1908 948 2084 1007 sehoc

498 1057 678 1109 t'urore
707 1067 828 1108 esse
855 1053 1102 1115 percitos,
1123 1047 1249 1104 dum
1269 1047 1351 1103 sui
1371 1044 1590 1107 modum
1616 1041 1896 1105 excedunt,
1914 1046 1970 1093 et
1991 1053 2085 1092 ex-

499 1155 665 1201 trema
690 1143 939 1197 laborare
967 1140 1261 1202 inscientia,
1279 1138 1405 1192 dum
1422 1139 1608 1191 dicunt
1623 1148 1682 1189 se
1705 1146 1767 1188 ea
1786 1131 1947 1196 seire,
1962 1142 2082 1196 quin

496 1244 623 1290 sunt
654 1234 784 1305 ipsis
809 1231 1082 1301 superiora
1107 1229 1210 1301 (α).
1239 1229 1422 1284 Potest
1444 1227 1591 1283 enim
1609 1237 1731 1285 esse
1751 1220 2010 1292 ignoratio
2025 1219 2078 1274 in

494 1324 821 1395 cognitione,
849 1330 903 1377 et
940 1322 995 1376 in
1023 1319 1355 1391 ignoratione
1396 1316 1662 1387 cognitio:
1690 1321 1745 1369 et
1772 1312 1819 1366 si
1843 1312 1944 1377 vis,
1978 1310 2081 1375 hoc

494 1419 668 1484 ipsum
716 1414 975 1484 agitemus
1002 1412 1058 1467 in
1087 1410 1246 1466 rebus
1272 1407 1578 1465 sensilibus.
1609 1404 1703 1459 Dic
1746 1400 1874 1456 mibi
1913 1400 2076 1461 enim,

492 1506 547 1560 si
569 1508 688 1575 quis
714 1507 855 1560 dicm
878 1516 939 1558 se
965 1515 1124 1567 posse
1143 1515 1298 1558 mare
1325 1497 1523 1559 metiri.
1558 1505 1616 1551 et
1642 1493 1783 1552 scire
1823 1499 1952 1561 quot
1981 1488 2079 1542 ba-

496 1599 619 1653 lteat
634 1606 855 1668 cyathos
878 1613 893 1649 :
916 1609 1094 1654 annon
1112 1602 1198 1649 est
1224 1594 1309 1646 hic
1335 1590 1569 1645 maxime
1594 1587 1686 1658 qui
1714 1586 1922 1656 ignorat
1950 1580 2078 1653 quid

493 1689 565 1743 sit
586 1686 771 1744 mare?
796 1685 898 1753 Qui
921 1694 1102 1741 autem
1120 1682 1251 1739 dicit
1276 1696 1337 1737 se
1361 1680 1590 1744 nescire,
1633 1676 1731 1732 sed
1759 1674 1952 1731 asserit
1978 1689 2078 1728 nu-

492 1792 699 1834 merum
728 1776 846 1847 eius
866 1790 985 1831 esse
1011 1775 1311 1832 inﬁnitum:
1338 1773 1387 1827 is
1410 1781 1495 1828 est
1512 1770 1608 1841 qni
1632 1769 1864 1823 maxime
1877 1778 2077 1835 cogno-

491 1869 567 1924 vit
594 1866 720 1938 quid
742 1873 813 1921 sit
839 1882 1009 1923 mare.
1033 1864 1186 1938 Quod
1210 1865 1262 1920 si
1282 1863 1404 1934 quis
1430 1861 1499 1917 de
1526 1861 1634 1916 Deo
1659 1860 1875 1922 dixerit,
1908 1857 2076 1917 Deum

489 1957 627 2023 vidi,
652 1964 705 2012 et
723 1962 858 2012 meis
876 1955 1047 2012 oculis
1074 1952 1423 2026 apprehendi.
1448 1966 1629 2011 annon
1656 1958 1743 2007 est
1765 1950 1812 2004 is
1840 1949 1931 2019 qui
1958 1962 2077 2001 ma-

490 2050 635 2106 xime
659 2051 827 2107 Deum
847 2064 954 2104 non
977 2048 1150 2115 novit,
1176 2047 1269 2119 qui
1289 2060 1434 2110 eum,
1456 2045 1546 2116 qui
1564 2043 1664 2099 sub
1679 2050 1951 2113 aspectum
1966 2054 2075 2097 non

489 2140 656 2205 cadit,
684 2139 813 2195 dicit
840 2153 962 2197 esse
988 2137 1393 2205 aspectabilem.
1425 2146 1482 2190 et
1510 2135 1564 2191 in
1587 2134 1951 2189 additamenta
1985 2144 2078 2185 eo-

484 2232 745 2305 gnitionis
786 2246 907 2288 eam
942 2244 1179 2309 quoque,
1201 2243 1323 2299 qua:
1357 2226 1546 2281 haberi
1575 2232 1769 2297 potest,
1799 2222 1992 2292 eripit?
2016 2220 2075 2276 Si

486 2325 608 2397 quis
625 2336 802 2380 autem
829 2322 1021 2380 dixerit
1047 2337 1175 2379 eum
1200 2323 1307 2375 sub
1324 2321 1495 2377 visum
1527 2332 1633 2373 non
1660 2315 1875 2375 cadere.
1903 2322 1960 2369 et
1979 2328 2075 2368 ne-

486 2416 690 2473 minem
713 2430 835 2475 eum
864 2414 1046 2473 videre
1068 2426 1253 2484 posse,
1280 2426 1457 2468 annon
1488 2410 1534 2467 is
1560 2407 1759 2477 estqui
1781 2405 1882 2461 scit
1906 2404 2077 2459 maxi-

485 2507 610 2564 me?
634 2506 769 2575 Quid
796 2515 975 2561 autem
1005 2504 1053 2559 si
1076 2505 1195 2575 quis
1213 2503 1408 2559 dixerit
1427 2516 1549 2560 eum
1569 2497 1950 2569 comprehendi
1968 2511 2075 2552 non

485 2612 666 2669 posse,
689 2598 825 2652 alius
847 2611 976 2651 vero
1000 2593 1379 2665 comprehendi
1400 2609 1414 2646 :
1437 2607 1615 2649 attnuit
1638 2599 1723 2646 est
1744 2590 1833 2645 hic
1859 2589 2074 2659 quidem

487 2689 577 2759 qni
609 2686 952 2757 ignorat,ille
980 2701 1109 2741 vero
1133 2683 1425 2755 quinovit’
1452 2686 1646 2739 Annon
1674 2678 1825 2735 vides
1850 2679 2072 2734 Paulum

484 2791 698 2847 quoque
727 2776 827 2831 hac
852 2778 936 2830 via
966 2774 1190 2845 ingredi,
1223 2782 1279 2828 et
1301 2774 1497 2837 dicere,
1542 2770 1626 2826 Ea:
1653 2782 1794 2841 parte
1822 2770 2075 2841 cognosci-

486 2885 621 2934 mus,
647 2878 694 2923 et
718 2883 785 2924 ea:
806 2878 948 2938 parte
970 2872 1335 2939 prophetatum
1375 2864 1455 2936 (l.
1490 2861 1609 2919 Cor.
1646 2863 1731 2917 l3.
1763 2862 1857 2933 9)?
1879 2862 2073 2917 Consi-

486 2961 615 3015 dera
652 2968 783 3030 quot
821 2966 879 3014 et
916 2965 1122 3028 quanta
1153 2957 1289 3013 facta
1324 2965 1468 3021 sunt,
1500 2963 1560 3011 ut
1584 2954 1932 3020 disceremus,
1965 2969 2074 3009 non

484 3068 606 3123 qua:
632 3051 703 3105 sit
729 3051 820 3105 Dei
857 3049 1177 3114 substantia,
1203 3046 1473 3119 sedquod
1509 3047 1579 3103 sit
1617 3046 1777 3102 Deus.
1808 3044 1924 3101 Hoc
1944 3058 2077 3116 ergo

486 3140 682 3197 Paulus
701 3154 915 3209 quoque
941 3138 1106 3196 dicit:
1131 3136 1346 3195 Credere
1366 3137 1508 3195 enim
1537 3145 1756 3202 oportet,
1778 3135 2075 3205 inquinan-

484 3235 741 3289 eedtment
766 3233 835 3287 ad
862 3230 1047 3291 Deum.
1078 3231 1196 3295 otiis
1232 3242 1307 3285 est
1337 3227 1522 3297 (Hebr.
1564 3228 1653 3284 lt.
1674 3230 1756 3299 6).
1785 3227 1923 3284 Etim
1950 3228 2073 3283 uni-

484 3339 638 3379 versa
659 3324 909 3391 prmdicat
928 3330 1172 3377 creatura
1195 3320 1306 3388 (Ea:
1326 3319 1670 3389 magnitudine
1693 3318 1857 3383 enim,
1879 3318 2075 3391 inquit,

484 3426 529 3470 et
557 3413 929 3487 pulchritudine
947 3422 1295 3466 creaturarum
1325 3428 1416 3479 per
1436 3412 1811 3476 praportt'ouent
1841 3411 2075 3464 conside-

485 3517 629 3559 ratur
658 3503 864 3559 (ἔκαιον
890 3498 1043 3577 [ευρ.
1075 3503 1160 3557 l3.
1188 3500 1243 3576 5]
1262 3500 1307 3570 ),
1338 3502 1455 3570 ipsa
1483 3502 1714 3559 hominis
1737 3501 2071 3565 constitutio,

486 3597 720 3657 honores
748 3604 895 3667 quia
944 3594 1057 3650 Deo
1105 3594 1216 3649 dati
1263 3602 1410 3661 sunt,
1458 3594 1738 3665 supplicia,
1791 3594 2070 3657 beneﬁcia,

485 3688 629 3742 varia
664 3687 715 3741 in
742 3703 809 3741 eo
836 3686 1071 3756 regendo
1103 3686 1347 3753 consilia,
1389 3701 1510 3756 quae
1549 3685 1803 3755 praedicta
1827 3694 1953 3738 sunt
1980 3699 2075 3754 per

485 3778 795 3850 prophetas,
824 3778 1034 3833 diversa
1058 3766 1489 3834 miracula..Post
1504 3776 1619 3832 haec
1643 3778 1789 3833 venit
1812 3776 1927 3848 ipse
1942 3777 2075 3833 Uni.

484 3871 717 3941 genitus,
746 3878 799 3923 et
825 3868 1191 3923 admirabilem
1235 3867 1379 3922 illam
1423 3877 1479 3922 et
1514 3867 1833 3938 stnpendam
1870 3869 2077 3936 peregit

487 3959 864 4017 acontimiam.
895 3958 965 4013 Et
990 3968 1163 4013 tamen
1194 3965 1319 4013 sunt
1345 3952 1607 4022 nonnulli,
1626 3958 1721 4027 qui
1741 3958 1882 4028 quod
1908 3959 2077 4014 mani-

489 4052 683 4113 festum
712 4058 791 4105 est
820 4048 1055 4104 nondum
1097 4048 1431 4105 didicerunt:
1468 4057 1522 4105 et
1550 4057 1607 4103 tu
1642 4048 1777 4104 dicis
1826 4058 1877 4103 te
1919 4062 2077 4119 posse

489 4140 702 4212 propria
732 4141 942 4195 ratione
982 4139 1458 4209 comprehendere,
1510 4156 1742 4211 quanam
1768 4142 1813 4198 is
1843 4142 1913 4197 sit
1940 4142 2071 4197 sub-

489 4231 717 4287 stantia?
749 4232 914 4287 Deum
941 4247 1089 4302 ergo,
1119 4234 1308 4302 inquit,
1341 4233 1588 4302 ignoras?
1614 4234 1799 4299 Absit;
1831 4235 1925 4290 sed
1950 4251 2075 4291 eum

488 4321 704 4393 quidem
732 4337 853 4377 esse
896 4321 1042 4376 scin:
1071 4322 1183 4376 scio
1222 4336 1343 4377 esse
1382 4322 1717 4386 clementem,
1759 4324 1980 4390 bonum,
2024 4336 2080 4381 et

491 4411 913 4472 misericordem.
964 4410 1352 4479 providentem,
1398 4422 1452 4464 et
1492 4398 1735 4467 omnium.
1776 4428 1958 4468 curant
1988 4430 2081 4483 ge—

488 4508 717 4565 rentem,
749 4508 803 4555 et
824 4514 1171 4569 qutecumque
1190 4500 1290 4553 alia
1319 4499 1868 4570 dixeruntScriptnra:
1891 4522 1903 4557 :
1929 4505 2083 4572 quid-

493 4607 614 4645 uaui
643 4591 712 4644 sit
738 4600 914 4644 autem
930 4589 1224 4644 substantia
1252 4588 1368 4657 Dei,
1388 4608 1494 4649 non
1514 4592 1657 4646 novi.
1686 4593 1853 4646 Adam
1872 4609 2081 4665 quoque

494 4682 774 4750 putavitse
814 4696 969 4749 posse
1010 4680 1125 4749 plus
1169 4681 1428 4747 invenire,
1463 4697 1748 4751 persuasus
1775 4699 1805 4736 a
1836 4683 2078 4750 diabolo;

493 4782 549 4826 ct
576 4770 634 4825 id
654 4773 813 4826 etiam
859 4771 1001 4841 quod
1046 4771 1248 4837 habuit,
1282 4773 1531 4843 perdidit.
1580 4776 1731 4841 Quod
1761 4776 1844 4829 his
1869 4792 2081 4846 quoque

494 4862 698 4929 evenit,
722 4864 849 4918 dum
874 4864 1141 4921 ducuntur
1170 4864 1418 4919 humanis
1446 4866 1759 4929 rationibus,
1787 4879 1959 4923 etnon
1983 4885 2079 4923 su-

494 4955 647 5009 dinnt
685 4956 965 5010 Dominum
992 4955 1119 5011 dare
1148 4965 1487 5022 sapientiam,
1517 4965 1571 5009 et
1595 4972 1621 5008 τι
1656 4957 1786 5011 facie
1824 4959 1940 5029 ejus
1966 4975 2084 5014 esse

495 5047 768 5100 scientiam
797 5056 852 5102 et
879 5047 1273 5117 intertigentiam
1316 5048 1493 5114 (Prov.
1527 5049 1582 5101 οὶ.
1613 5049 1689 5117 (ἱ).
1719 5049 1832 5102 Non
1864 5052 2083 5104 audiunt

497 5137 719 5191 Paulum
744 5140 1031 5199 dicentem,
1055 5137 1155 5192 Per
1176 5139 1427 5206 Spiritum
1448 5141 1683 5193 reuelauit
1701 5143 1841 5194 nuois
1867 5145 1941 5211 (ι.
1964 5144 2079 5196 Cor.

498 5230 553 5283 2.
580 5228 691 5299 {0),
720 5237 773 5282 et
803 5230 1036 5283 rationes
1057 5230 1434 5298 expcllentcm.
1466 5229 1725 5296 Rationes,
1770 5237 1960 5302 inquu,
1996 5235 2083 5286 de-

498 5332 764 5389 atruentcs,
792 5337 847 5378 et
877 5339 1071 5377 omnem
1101 5324 1435 5389 altitudinem,
1475 5342 1588 5395 qua!
1613 5327 1819 5395 erigitur
1848 5328 2087 5380 adversus

501 5417 757 5473 scientiam
794 5415 885 5470 Dei
914 5414 990 5487 (ἓ.
1017 5414 1134 5472 Cor.
1168 5416 1253 5479 l0.
1282 5417 1359 5490 5}.
1394 5419 1455 5471 Et
1486 5419 1620 5472 alius
1645 5420 1879 5488 sapiens,
1909 5421 2090 5476 Ratio-

580 5533 599 5559 “
625 5532 911 5597 (Irmi'a,ua.l
927 5534 1024 5593 μὴν
1046 5538 1184 5597 statin
1203 5534 1345 5597 nocte
1366 5536 1561 5595 μεγάλη,
1590 5539 1924 5597 interrogandi
1952 5552 2089 5586 more

518 5592 786 5662 lim-vetus,
812 5590 1050 5662 Diophane
1073 5598 1143 5641 est
1165 5590 1374 5662 hominis
1393 5590 1612 5647 natura?
1651 5590 1834 5647 Verum
1862 5600 1938 5647 hic
1980 5604 2091 5649 nul-

519 5654 614 5719 lam
636 5664 752 5719 esse
777 5654 903 5715 pulli
940 5654 1395 5719 interrogationem.

583 5713 655 5779 (μ)
686 5713 940 5785 Hic—notat
964 5713 1243 5785 nummi-os,
1275 5718 1359 5785 qui
1384 5718 1611 5771 dicebant
1636 5734 1688 5771 se
1725 5737 1871 5785 nosse
1907 5724 2085 5775 l-‘ilinin

524 5772 613 5822 Dei
636 5776 838 5833 perinde
865 5780 1012 5839 atque
1037 5775 1143 5839 ipse
1170 5772 1395 5829 se'novit;

1288 389 1347 447 ε.
1386 383 1665 444 ιθΑΝΝιε
1698 374 2170 438 ωιιιῖδοδτοιιι
2208 374 2529 431 ARCHIEP.
2567 375 3098 432 CONSTANTINOI‘.

3690 377 3797 436 ιω

2205 503 2295 542 nes
2320 488 2581 541 hominum
2607 488 2818 552 timida,
2844 497 2890 542 et
2912 487 3091 541 labiles
3109 488 3417 542 inventiones
3436 503 3615 540 eorum
3637 487 3794 559 (Sep.

2203 574 2257 630 9.
2298 575 2377 645 5).
2408 576 2545 643 Quid
2572 584 2643 629 est
2671 581 2838 640 homo,
2870 578 2990 645 quia
3033 578 3293 639 innotuistt'
3332 577 3423 631 ei?
3447 578 3627 634 lente
3656 578 3798 649 aglta

2197 667 2456 721 inﬁnitam
2490 666 2632 721 illam
2660 668 3111 737 magnitudinem;
3134 668 3243 722 imo
3271 684 3400 724 vero
3419 684 3642 725 neeum
3672 686 3793 727 eam

2196 758 2410 827 quidem
2445 757 2588 824 dico,
2629 758 2822 828 loquor
2865 773 2965 828 pro
3006 759 3100 813 Dei
3144 758 3433 828 dignitate;
3479 760 3579 815 sed
3606 763 3798 816 nescio

2191 848 2460 919 quomodo
2488 850 2707 919 loquar:
2734 863 2909 919 neque
2928 849 3070 903 enim
3090 850 3141 925 si
3160 848 3585 919 magnitudinem
3610 851 3802 906 inDeo

2190 941 2452 1006 dicamus,
2483 941 2698 1011 proprie
2726 940 3013 1010 loquimur.
3038 939 3149 997 Sed
3170 943 3419 1013 quoniam
3450 957 3558 999 non
3590 958 3796 1011 possu-

2191 1047 2313 1086 mus
2338 1032 2493 1086 aliter
2516 1030 2687 1100 loqui,
2726 1030 2791 1091 ijs
2831 1029 3011 1085 verbis
3043 1030 3238 1100 quibus
3276 1030 3425 1085 licuit
3465 1046 3601 1087 usus
3644 1047 3795 1087 sum.

2186 1122 2320 1178 Nam
2344 1136 2467 1177 eum
2493 1134 2617 1181 eum
2633 1135 2846 1190 quoque
2869 1135 3002 1174 voco
3020 1121 3373 1188 Altissimum,
3396 1136 3650 1177 noneutn
3673 1124 3813 1178 loco-

2187 1212 2608 1271 circumscribo:
2634 1211 2729 1269 sed
2755 1210 2872 1281 ejus
2899 1218 3106 1266 naturai
3146 1211 3483 1267 altitudinem
3524 1222 3583 1267 et
3628 1213 3795 1282 maje-

2186 1313 2399 1371 statem,
2449 1318 2567 1375 qua:
2610 1302 2807 1375 ubique
2832 1302 3157 1368 diﬁ‘usaeSt,
3195 1312 3251 1360 et
3293 1306 3791 1376 omniapervadit,

2184 1394 2435 1452 ostendo.
2466 1394 2537 1449 Et
2565 1394 2685 1449 ideo
2712 1394 2862 1459 dicit,
2896 1394 3041 1459 Quid
3062 1402 3151 1449 est,
3172 1394 3344 1459 homo,
3370 1396 3496 1465 quia
3521 1397 3793 1456 innotuisti

2181 1486 2271 1541 ei?
2294 1486 2583 1557 Propterea
2626 1486 2934 1541 enimeum
2976 1500 3192 1558 quoque
3232 1485 3364 1542 fecit
3404 1486 3694 1555 humilem,
3736 1498 3793 1544 et

2184 1591 2376 1649 magna
2404 1576 2455 1633 ei
2484 1577 2704 1647 largitus
2724 1586 2826 1639 est,
2858 1591 2928 1635 ne
2950 1576 3475 1643 extolleretur,.cum
3503 1588 3563 1633 ut
3583 1594 3645 1635 se
3666 1594 3789 1633 nso-

2183 1673 2369 1727 derate
2394 1676 2566 1739 gerat,
2595 1683 2840 1738 magnam
2868 1668 3246 1724 necessitatem
3267 1668 3455 1731 aﬂ’erat
3480 1679 3693 1725 natura
3711 1672 3789 1725 vi-

2180 1760 2324 1818 litas.
2370 1759 2473 1813 Aut
2502 1760 2641 1828 filius
2689 1760 2928 1823 hominis,
2967 1760 3089 1830 quia
3128 1770 3335 1831 reputas
3382 1763 3540 1816 um!
3587 1753 3788 1818 Vidisti

2182 1858 2375 1923 quanta
2398 1851 2469 1905 sit
2494 1852 2588 1906 Dei
2617 1859 2823 1905 natura:
2854 1850 3143 1919 majestas?
3188 1853 3244 1906 4.
3277 1850 3444 1905 Homo
3469 1856 3689 1907 vanitati
3713 1860 3793 1907 οι-

2181 1942 2319 1996 mitis
2346 1946 2511 2013 factus
2526 1950 2632 1996 est.
2659 1942 2812 1996 Alius
2838 1949 3018 1997 autem
3037 1941 3329 2012 interpres,
3358 1940 3609 2009 Vauitati,
3626 1944 3787 2007 dixit,

2190 2031 2399 2104 Vapori.
2427 2031 2568 2087 Nihil
2607 2040 2785 2087 autem
2824 2032 3095 2101 signiﬁcat
3133 2031 3300 2096 aliud,
3343 2030 3589 2101 Vanitati,
3620 2048 3793 2103 quam

2179 2137 2303 2178 eum
2333 2136 2454 2177 esse
2479 2120 2763 2188 caducum,
2794 2130 3224 2191 temporaneum,
3255 2130 3313 2177 et
3338 2121 3460 2175 vita:
3490 2123 3697 2178 brevis.
3729 2122 3787 2177 In

2181 2211 2284 2271 hoc
2308 2212 2426 2268 loco
2456 2206 2713 2267 tractatur
2737 2215 2804 2265 de
2835 2225 3080 2290 corpore.
3111 2210 3327 2267 Etideo
3352 2211 3564 2267 dicebat
3606 2214 3788 2268 Abra-

2181 2302 2327 2370 ham,
2356 2303 2469 2374 Ego
2512 2312 2682 2358 autem
2716 2312 2851 2358 terra
2879 2313 2928 2357 et
2956 2304 3084 2359 cinis
3127 2302 3279 2373 (Gen.
3320 2305 3408 2360 l8.
3447 2302 3574 2375 27);
3622 2304 3789 2360 Isaias

2180 2403 2380 2458 autem,
2410 2392 2589 2447 Omnis
2607 2408 2732 2448 caro
2749 2396 2963 2465 faunas,
2986 2405 3033 2447 et
3054 2392 3221 2465 gloria
3237 2396 3346 2465 ejus
3367 2394 3516 2466 quasi
3539 2395 3645 2464 ﬂos
3663 2398 3794 2461 [teni

2184 2484 2336 2557 (Isat'.
2367 2485 2455 2541 ια
2488 2485 2567 2557 6).
2597 2484 2737 2546 Ouid
2762 2494 2843 2541 est
2870 2492 3076 2549 autem,
3130 2483 3358 2540 Vanitati
3398 2487 3585 2541 similis
3616 2490 3789 2559 factas

2179 2583 2290 2631 est?
2311 2582 2517 2643 multo,
2540 2576 2745 2647 inquit:
2777 2591 2957 2636 rerum
2980 2577 3126 2635 enim
3156 2576 3510 2635 humanarum
3543 2578 3789 2634 nihilost

2178 2667 2389 2722 ﬁrmum
2434 2680 2535 2721 nec
2578 2666 2792 2731 stabile,
2821 2668 2919 2721 sed
2943 2666 3127 2725 omnia
3157 2676 3440 2725 transeunt
3474 2676 3533 2724 et
3560 2677 3789 2737 preter-

2176 2772 2417 2812 curruut.
2446 2755 2569 2809 Dies
2598 2756 2709 2826 ejus
2732 2756 2861 2809 sicut
2890 2756 3069 2810 umbra
3092 2766 3431 2827 preteretmt:
3460 2756 3565 2813 hoc
3579 2767 3684 2825 est,
3701 2757 3791 2816 Ne

2178 2852 2393 2916 quando
2422 2846 2641 2917 quidem
2667 2846 2882 2913 adsunt,
2913 2846 3077 2903 ullam
3118 2862 3227 2901 vnn
3256 2846 3476 2915 habent,
3518 2848 3619 2904 sed
3642 2850 3789 2905 celer

2178 2942 2310 2995 riter
2327 2940 2561 2993 avolant.

2250 3031 2304 3087 5.
2336 3028 2391 3084 ld
2422 3040 2598 3086 autem
2639 3028 2922 3088 considera
2950 3028 3004 3085 in
3038 3029 3205 3087 rebus
3232 3030 3394 3100 ipsis.
3424 3044 3524 3087 eos
3558 3034 3701 3101 apud
3728 3041 3787 3088 te

2177 3120 2440 3191 cogitans,
2490 3121 2580 3190 qui
2620 3127 2745 3176 sunt
2774 3121 3092 3178 auctoritate
3131 3121 3363 3193 pmditi,
3393 3123 3488 3194 qui
3528 3124 3788 3180 curribus

2177 3212 2586 3283 vehuntur,qui
2627 3216 2974 3283 magistratus
2996 3222 3213 3285 gerunt,
3264 3215 3357 3286 qui
3400 3216 3459 3269 in
3499 3229 3782 3271 carcerein

2177 3302 2491 3372 conjiciunt,
2521 3311 2575 3357 et
2598 3300 2778 3373 ﬂagris
2801 3303 3039 3360 caedunt.
3069 3304 3208 3373 Quid
3232 3305 3377 3361 enim
3394 3304 3469 3360 illi
3494 3305 3563 3360 ab
3589 3306 3785 3361 umbra

2177 3392 2456 3459 differunt,
2482 3408 2589 3448 non
2610 3393 2787 3451 solum
2807 3404 3052 3465 tempore
3094 3396 3283 3451 mortis
3307 3437 3324 3461 ,
3354 3395 3448 3452 sed
3473 3403 3635 3451 etiam
3654 3406 3787 3451 ante

2178 3482 2448 3538 mortem?
2495 3484 2722 3551 Quando
2750 3487 2895 3540 enim
2922 3486 3267 3556 magistratus
3291 3487 3658 3557 deposuerint,
3688 3486 3782 3543 illa

2179 3577 2358 3630 omnia
2404 3576 2629 3630 omnino
2660 3586 2891 3647 pereunt
2930 3587 2987 3633 et
3010 3578 3228 3635 avolant
3253 3596 3267 3634 :
3297 3594 3385 3636 res
3414 3591 3597 3635 autem
3628 3595 3783 3635 vera:

2179 3677 2305 3723 sunt
2331 3678 2614 3738 postquam
2643 3668 2771 3725 hine
2796 3670 3188 3727 excesserimus
3216 3689 3234 3727 :
3259 3686 3381 3728 vera
3410 3680 3535 3731 tunc
3573 3671 3782 3730 redde-

2181 3767 2266 3813 tur
2290 3759 2452 3824 ratio,
2484 3772 2611 3813 vera
2638 3768 2800 3814 erunt
2822 3760 3105 3831 supplicia,
3134 3770 3191 3817 et
3216 3763 3355 3818 bona
3386 3763 3637 3818 similiter
3670 3782 3687 3818 :
3722 3773 3785 3819 et

2175 3850 2339 3920 judex
2369 3860 2455 3906 est
2491 3853 2582 3922 qui
2627 3852 2850 3908 minime
2888 3852 3001 3909 falli
3050 3864 3247 3924 potest.
3288 3854 3421 3922 Quae
3463 3865 3646 3913 autem
3692 3857 3789 3913 hie

2182 3943 2335 4009 ﬁunt,
2366 3951 2492 3998 sunt
2519 3942 2715 3997 similia
2746 3944 3280 4013 puerisludentibns.
3308 3946 3409 4013 Qui
3440 3945 3584 4000 enim
3612 3945 3781 4001 hodie

2177 4034 2401 4103 judicat.
2428 4034 2517 4090 die
2545 4034 2781 4090 crastino
2796 4035 3095 4104 iudicatur,
3119 4036 3413 4107 densaque
3436 4043 3493 4091 et
3520 4036 3783 4107 frequen-

2184 4135 2262 4178 tes
2284 4133 2409 4178 sunt
2438 4140 2618 4180 rerum
2650 4126 2995 4191 mut-itiones,
3013 4138 3069 4181 et
3097 4128 3389 4198 inaequales
3407 4128 3700 4183 transitus.
3723 4130 3781 4184 5.

2183 4216 2419 4285 Domine,
2448 4218 2640 4271 inclina
2665 4218 2816 4273 celos
2839 4228 2971 4286 tuos,
3003 4229 3050 4273 et
3067 4219 3333 4273 descende.
3366 4217 3538 4290 Tange
3563 4229 3780 4285 montes,

2184 4316 2232 4361 et
2261 4310 2603 4378 rumigabam.
2637 4310 2808 4381 Alius,
2833 4308 2968 4366 Cum
2990 4312 3248 4367 inclinasti
3280 4314 3432 4367 celos
3458 4324 3593 4380 tuos,
3616 4323 3664 4369 et
3690 4314 3782 4370 de-

2185 4395 2440 4459 scendisti,
2463 4407 2513 4450 et
2538 4398 2738 4466 tetigisti
2764 4409 2980 4464 montes,
3027 4400 3407 4473 {umigaverunt
3427 4401 3527 4475 (α).
3556 4405 3623 4459 Et
3640 4420 3783 4475 qum-

2186 4503 2307 4541 nam
2320 4495 2401 4541 est
2415 4487 2532 4546 lure
2544 4490 2823 4547 verborum
2836 4492 3038 4547 series?
3052 4491 3235 4563 Magna
3249 4503 3414 4561 certe,
3430 4502 3482 4549 et
3494 4509 3615 4564 qua:
3624 4495 3782 4551 valde

2186 4578 2424 4631 cnhierct
2450 4579 2739 4646 prioribus.
2767 4580 3030 4649 Quoniam
3062 4582 3204 4662 enim
3235 4582 3305 4638 de
3321 4584 3526 4640 vilitate
3542 4584 3777 4638 humana

2188 4670 2437 4739 loquutus
2481 4681 2586 4736 est,
2620 4680 2675 4726 et
2699 4674 2933 4733 ostendit
2961 4688 3120 4743 quam
3148 4675 3220 4730 sit
3249 4684 3440 4731 natura
3463 4678 3618 4732 nihili
3647 4694 3659 4730 :
3694 4678 3786 4733 hie

2188 4776 2374 4814 rursus
2397 4760 2637 4815 refrenat
2674 4779 2737 4819 ac
2780 4765 3025 4833 reprimit
3046 4766 3371 4822 tumidarum
3418 4773 3789 4840 arrogantiam-

2190 4866 2283 4920 per
2304 4866 2363 4905 ea
2384 4867 2502 4921 qu:e
2518 4853 2813 4922 subiunxit,
2839 4862 2938 4911 hoc
2959 4857 3348 4927 propemodum
3369 4859 3585 4916 dicens;
3609 4860 3787 4931 Opor-

2189 4941 2335 4995 tebat
2362 4942 2577 5012 quidem
2607 4944 2754 5009 ipsus
2780 4960 2845 4998 ex
2872 4947 3063 5016 seipsis
3090 4949 3398 5018 perspicere
3421 4962 3631 5008 naturae
3660 4953 3786 5009 vili-

2193 5043 2377 5097 talem,
2408 5046 2461 5086 et
2490 5049 2594 5087 non
2619 5035 2719 5087 sibi
2764 5035 2975 5101 placere
2999 5079 3014 5101 ,
3060 5054 3390 5109 magnosque
3432 5046 3653 5111 spiritus
3699 5061 3792 5097 sn-

2194 5142 2371 5177 mi-re:
2403 5126 2500 5177 sed
2546 5126 2797 5193 quoniam
2830 5130 3013 5182 nolunt
3035 5173 3049 5191 ,
3078 5145 3141 5183 cx
3172 5130 3325 5185 factis
3349 5134 3451 5186 tuis
3477 5136 3702 5190 ostende
3726 5137 3790 5190 ad

2194 5226 2445 5284 quoniam
2479 5215 2835 5269 humilitatem
2862 5234 2944 5271 res
2974 5236 3161 5273 eorum
3190 5222 3471 5276 redierint.

2268 5309 2405 5361 Dens
2436 5308 2690 5374 quomodo
2720 5309 2915 5361 dicatur
2957 5311 3257 5366 descendere
3281 5322 3323 5365 ct
3348 5324 3573 5383 tangere.
3608 5315 3792 5369 Manut

2198 5399 2291 5451 Dei
2314 5400 2452 5466 quid.
2478 5399 2644 5451 Alieni
2668 5401 2760 5463 ﬁlii
2780 5402 2864 5468 qui
2888 5412 3023 5455 sunt.
3044 5433 3111 5441 —-
3130 5402 3345 5455 Domine
3366 5444 3380 5466 ,
3424 5406 3616 5458 inclina
3647 5408 3792 5461 ca’los

2199 5502 2329 5551 (nos,
2364 5502 2408 5542 vi
2457 5493 2719 5545 dt‘St'CNdL’.
2766 5493 2875 5546 lloc
2920 5495 3067 5558 dicit,
3099 5510 3203 5549 non
3232 5498 3373 5565 quod
3403 5498 3543 5551 Dens
3571 5500 3793 5554 descen-

2198 5583 2285 5634 tlnt
2319 5601 2328 5634 :
2358 5583 2627 5651 quomodo
2656 5584 2794 5635 enim
2825 5584 3195 5651 descenderet,
3229 5589 3317 5655 qui
3343 5590 3791 5659 nbiqttept'atsens

2199 5674 2323 5727 est?
2372 5675 2464 5726 sed
2527 5683 2584 5725 ut
2644 5689 2735 5743 per
2805 5674 3105 5743 hnjnsmodi
3167 5677 3426 5731 humanas
3494 5681 3792 5749 dictiones,

2264 5806 2335 5865 (tl)
2373 5814 2479 5855 ltusr
2506 5805 2652 5855 lL’l‘ll'l
2680 5807 2815 5869 «‘njns
2842 5809 3125 5873 interpretis
3143 5812 3200 5862 sil
3232 5812 3502 5875 ignoratur.
