4056 6436
303 432 408 492 Mil

306 546 610 607 crassiores
662 536 938 592 auditores
983 531 1181 580 terreat
1215 518 1321 574 :de
1365 513 1451 568 his
1489 511 1724 564 humano
1754 517 1905 557 more

308 640 568 711 loquitur.
610 631 743 687 Nam
775 620 1130 681 contrectatio
1159 613 1261 669 etsi
1308 599 1736 711 magnum'quid
1783 611 1936 711 esse-

587 723 757 779 multo
791 725 940 774 certe
978 721 1062 768 est
1090 708 1184 765 Dei
1226 705 1486 774 dignitate
1515 695 1761 794 inferius.
1787 690 1908 794 lion

487 786 623 889 opus
665 814 824 869 habet
853 810 994 863 Deus
1036 796 1463 859 contrectatione
1491 791 1558 845 ad
1585 789 1638 844 id
1666 786 1908 889 efficien-

301 879 461 976 dum,
486 879 543 966 υἱ
569 917 779 963 montes
806 901 1084 970 fumigent,
1117 894 1226 948 imo
1253 903 1383 944 vero
1411 901 1479 941 ne
1500 892 1634 939 nutu
1662 879 1901 976 quidem,

301 970 402 1064 sed
430 970 657 1062 consilio
686 1006 889 1053 tantum
921 1004 977 1047 et
1004 991 1296 1045 voluntate.
1333 982 1619 1049 Postquam
1660 989 1792 1043 ergo
1818 970 1903 1025 di-

299 1101 387 1157 xit
412 1098 481 1153 de
506 1096 713 1151 vilitate
738 1086 994 1149 hominis,
1035 1081 1166 1137 dicit
1195 1078 1357 1134 etiam
1389 1075 1456 1129 de
1487 1071 1578 1127 Dei
1611 1067 1850 1140 potentia
1883 1104 1903 1131 ,

298 1190 484 1264 quoad
512 1190 629 1257 ejus
659 1191 833 1253 potest
859 1178 972 1234 fieri
996 1176 1063 1229 ab
1090 1172 1310 1228 homine
1340 1186 1355 1222 :
1390 1181 1513 1264 nam
1542 1164 1660 1217 Iuno
1684 1169 1904 1230 quoque

299 1257 466 1353 lon‘ge
493 1281 687 1335 absunt
714 1275 783 1330 ab
817 1272 905 1327 illa
935 1268 1236 1339 majestate.
1272 1262 1328 1316 6.
1381 1257 1617 1328 Fulgura
1659 1266 1903 1307 corusca-

299 1378 514 1438 tionem,
561 1380 608 1426 et
641 1365 909 1438 dissipabis
929 1379 1014 1417 eos
1049 1377 1067 1414 :
1108 1358 1277 1413 emitte
1302 1353 1514 1426 sagittas
1540 1357 1672 1412 tuas,
1704 1353 1752 1400 et
1778 1358 1904 1438 eon-

301 1434 531 1524 turbabis
570 1479 675 1518 eos.
709 1434 907 1529 Fulgur
935 1455 1022 1509 hic
1046 1461 1101 1508 et
1126 1450 1348 1519 sagittas
1375 1460 1482 1500 non
1505 1441 1638 1498 dicit
1663 1439 1767 1493 hoc
1789 1434 1898 1529 ful-

296 1575 422 1632 gur,
455 1570 554 1610 nec
579 1553 679 1608 has
697 1527 952 1621 sagittas,
1013 1542 1110 1600 sed
1139 1541 1213 1596 ita
1240 1545 1396 1601 vocat
1421 1532 1704 1605 supplicia,
1740 1545 1809 1613 ex
1836 1527 1905 1582 iis

297 1625 425 1724 qua:
452 1649 564 1720 jam
593 1654 719 1702 nota
759 1651 908 1705 sunt,
935 1635 1270 1709 persuadens
1295 1632 1344 1688 ei
1372 1629 1463 1700 qui
1494 1625 1815 1688 contemnit,
1845 1629 1902 1676 et

296 1752 383 1799 est
407 1742 556 1811 piger
580 1753 644 1792 ac
669 1734 964 1805 negligens,
992 1738 1055 1784 ut
1085 1733 1320 1791 tremat,
1351 1728 1684 1782 revereatur,
1731 1728 1900 1782 seque

297 1810 548 1892 inclinet.
581 1831 638 1886 Si
669 1828 813 1884 enim
841 1825 1015 1896 fulgur
1050 1819 1178 1876 ferri
1206 1833 1310 1873 non
1344 1823 1563 1886 potest,
1607 1810 1741 1865 licet
1789 1820 1900 1861 non

294 1928 548 1983 mittatur
566 1922 635 1976 ad
661 1917 1001 1988 supplicium,
1033 1913 1077 1967 si
1109 1925 1261 1986 suam
1286 1904 1543 1978 puniendi
1575 1908 1897 1972 potestatem

293 2016 536 2072 voluerit
556 2022 796 2076 movere,
826 2009 944 2079 quis
970 2020 1090 2060 eam
1116 1997 1442 2058 sustinebit?
1471 1996 1565 2051 Dei
1592 2003 1772 2048 autem
1807 2006 1898 2044 sa-

291 2114 446 2185 gitta:
467 2117 593 2166 sunt
615 2116 812 2178 pestes,
841 2104 1030 2164 fames,
1057 2099 1288 2170 fulgura,
1321 2104 1376 2151 et
1411 2089 1725 2160 multiplicia
1769 2094 1901 2185 sup-

294 2178 584 2279 pliciorum
631 2214 848 2271 genera.
884 2197 937 2251 7.
971 2194 1159 2249 Emitte
1207 2204 1417 2244 manum
1456 2195 1594 2239 tuam
1639 2182 1703 2235 de
1747 2178 1898 2233 alto:

291 2274 436 2370 eripe
462 2314 558 2362 me,
579 2305 626 2350 et
654 2296 812 2350 libera
835 2308 915 2346 me
938 2290 1002 2344 de
1028 2288 1174 2358 aquis
1198 2283 1393 2347 multis,
1417 2291 1465 2336 et
1491 2280 1555 2334 de
1571 2293 1726 2331 manu
1753 2274 1886 2345 ﬁlio-

291 2367 412 2446 rum
443 2391 744 2445 alienorum.
776 2385 890 2441 Non
917 2383 1090 2439 solum
1134 2378 1277 2437 enim
1306 2379 1373 2434 ad
1407 2372 1731 2444 puniendum
1751 2412 1767 2438 ,
1799 2367 1897 2423 sed

289 2485 458 2540 etiam
484 2483 552 2538 ad
579 2477 1006 2538 conservandum
1035 2483 1216 2544 parata
1247 2481 1332 2527 est
1365 2470 1456 2526 Dei
1493 2467 1753 2538 potentia.
1784 2463 1894 2517 ila-

291 2591 424 2633 num
453 2563 631 2629 autem
645 2573 732 2628 hic
746 2565 1410 2640 vocatopem.auxilium:
1442 2571 1497 2617 et
1526 2560 1647 2616 ideo
1675 2574 1782 2613 non
1813 2557 1895 2612 di-

289 2671 395 2737 xit,
414 2667 678 2733 Extende,
696 2666 790 2722 sed
808 2663 1018 2728 Emitte,
1040 2658 1487 2730 hocsignificans:
1507 2653 1653 2728 quod
1668 2654 1712 2708 si
1729 2652 1891 2709 etiam

289 2760 488 2816 alicubi
511 2759 660 2822 dicit,
695 2756 960 2822 Extende,
993 2755 1132 2808 idem
1163 2765 1353 2806 rursus
1389 2748 1675 2819 significat.
1711 2748 1892 2812 Aquas

290 2861 475 2907 autem
501 2849 819 2904 insolentem
842 2845 1076 2901 hostium
1114 2841 1491 2912 irruptionem,
1520 2847 1575 2892 et
1590 2835 1890 2899 confusam,

291 2958 415 3013 qua:
442 2954 636 3012 magno
661 2939 863 3007 impetu
887 2936 1074 2991 fertur.
1104 2933 1260 3001 Quod
1307 2931 1451 2986 enim
1495 2929 1565 2983 de
1601 2926 1754 2996 aquis
1784 2938 1892 2978 non

292 3036 563 3106 loquatur,
616 3029 854 3087 ostendit
901 3028 952 3082 id
1000 3026 1142 3098 quod
1173 3023 1515 3093 subjungitur
1543 3037 1556 3073 :
1587 3018 1665 3073 De
1691 3033 1846 3071 manu
1872 3057 1890 3082 ,

291 3109 489 3200 inquit,
520 3127 745 3193 ﬁliorum
772 3122 1079 3176 alienorum.
1124 3116 1348 3171 Alienos
1378 3122 1560 3168 autem
1593 3111 1732 3165 ﬁlios
1759 3109 1894 3163 mihi

289 3221 506 3278 videtur
537 3219 625 3273 hic
648 3216 831 3271 dicere
858 3228 975 3278 eos,
1007 3209 1100 3281 qni
1142 3223 1173 3263 a
1204 3210 1431 3263 veritate
1480 3212 1607 3260 sunt
1649 3201 1891 3258 alienati.

290 3310 758 3382 Quemadmodum
779 3307 924 3362 enim
948 3303 1133 3360 ﬁdeles
1155 3299 1554 3358 necessitudine
1574 3297 1893 3368 coniunctos

291 3406 668 3463 existimamus
697 3409 753 3457 et
782 3400 998 3463 fratres,
1033 3397 1106 3452 ita
1148 3396 1310 3451 etiam
1339 3394 1564 3455 alienos,
1599 3390 1844 3446 infideles
1875 3408 1889 3445 :

290 3507 349 3554 et
373 3496 476 3551 hac
507 3495 740 3549 maxime
780 3492 992 3547 ratione
1018 3491 1252 3544 alienum
1282 3503 1313 3541 a
1345 3483 1745 3542 necessitudine
1765 3497 1898 3539 con-

291 3589 479 3661 iuncto
504 3581 884 3640 discernimus.
913 3581 962 3637 Is
992 3579 1136 3636 enim
1166 3579 1299 3635 mihi
1347 3588 1431 3634 est
1480 3577 1813 3648 propinquus
1840 3581 1896 3630 et

294 3677 700 3734 necessitudine
751 3677 1094 3746 conjunctus,
1149 3676 1241 3744 qui
1293 3674 1540 3727 eumdem
1592 3672 1692 3725 sibi
1731 3683 1894 3741 quem

292 3785 397 3841 ego
420 3781 627 3839 patrem
655 3768 949 3833 adscribit,
994 3777 1050 3823 et
1089 3777 1172 3821 est
1221 3765 1464 3836 ejusdem
1494 3779 1696 3818 mensae
1729 3763 1894 3832 parti-

292 3876 445 3932 ceps,
473 3863 653 3930 potius
681 3876 838 3931 quam
871 3861 916 3914 is
937 3859 1025 3928 qui
1053 3868 1138 3913 est
1165 3858 1296 3912 mihi
1327 3873 1528 3927 genere
1567 3855 1845 3924 proximus
1877 3870 1893 3910 :

294 3965 382 4010 est
409 3956 553 4008 enini
588 3955 701 4007 lucc
725 3955 1022 4021 perfectior
1049 3953 1132 4006 lex
1157 3952 1518 4020 cognationis,
1538 3947 1895 4018 quemadmo-

293 4047 424 4101 dum
455 4047 614 4099 etiam
643 4062 762 4116 qua:
790 4063 855 4099 ex
891 4044 1178 4098 c.iitrariis
1207 4045 1264 4097 lit
1295 4043 1574 4106 alienatio,
1604 4049 1689 4096 est
1740 4056 1896 4109 apt-r-

295 4139 404 4193 tior
429 4149 482 4191 et
508 4138 809 4194 evidentior
832 4153 897 4191 ea
939 4153 1059 4207 quze
1082 4138 1240 4211 sitLex
1263 4150 1484 4205 genere.
1513 4133 1592 4188 Ne
1619 4133 1722 4186 hoc
1764 4145 1896 4201 ergo

295 4230 626 4301 respexeris,
649 4229 793 4300 quod
822 4231 923 4284 sub
951 4229 1143 4283 eodem
1174 4229 1309 4282 cazlo
1338 4243 1525 4281 sumus
1551 4267 1566 4291 ,
1615 4235 1671 4278 et
1719 4225 1772 4278 in
1805 4239 1896 4277 eo-

294 4324 425 4378 dem
455 4325 588 4377 orbe
634 4331 900 4377 terrarum
933 4319 1236 4373 habitamus
1261 4334 1274 4370 ε
1305 4318 1462 4370 aliam
1487 4316 1630 4370 enim
1653 4329 1900 4369 commu-

295 4417 519 4472 nionem
550 4429 755 4485 quznro,
786 4429 906 4483 qua:
953 4413 1118 4467 cmlos
1157 4421 1396 4480 superat.
1444 4411 1556 4464 Illic
1599 4418 1780 4464 nostra
1818 4415 1902 4461 est

297 4507 645 4563 conversatio
669 4515 722 4560 et
765 4506 870 4567 vita
908 4521 921 4557 :
963 4503 1082 4556 Vita
1109 4504 1254 4558 enim
1299 4511 1495 4564 nostra,
1550 4499 1740 4568 inquit,
1785 4497 1903 4550 abs-

297 4600 508 4655 condita
539 4608 608 4653 est
636 4615 752 4652 cum
781 4597 983 4650 Christo
1008 4595 1063 4648 in
1087 4593 1197 4648 Deo
1226 4594 1465 4664 (Coloss.
1498 4593 1552 4646 3.
1583 4592 1664 4661 5).
1715 4588 1901 4658 Neque

297 4695 447 4748 enim
480 4701 680 4746 terram
711 4688 1036 4752 habitamus,
1063 4686 1160 4742 sed
1185 4684 1664 4756 commigravimus
1714 4681 1766 4735 in
1806 4695 1902 4733 su-

299 4800 528 4856 pernam
569 4783 935 4852 metropolim.
961 4781 1134 4836 Aliam
1165 4797 1348 4834 veram
1379 4781 1554 4835 lucem
1587 4779 1849 4832 habemus
1885 4817 1899 4840 ,

301 4881 466 4934 aliam
502 4877 754 4947 patriam,
783 4887 838 4932 et
864 4876 1012 4931 cives
1034 4875 1170 4928 alios
1204 4884 1259 4928 et
1281 4884 1563 4944 cognatos.
1593 4872 1660 4927 Et
1687 4869 1907 4926 ideodi-

302 4973 457 5027 ccbat
488 4971 686 5026 Paulus
711 4988 724 5022 :
761 4970 812 5024 Ν
819 4987 884 5023 an
911 4970 1030 5023 estis
1057 4969 1228 5038 utique
1249 4968 1473 5036 hospites
1499 4976 1545 5020 et
1569 4966 1796 5022 aduente.
1816 4963 1907 5017 sed

301 5066 435 5120 cites
463 5074 755 5117 sanctorum
797 5063 815 5132 (
841 5062 1033 5132 Eplies.
1060 5062 1118 5115 2.
1151 5060 1262 5133 l9).
1293 5056 1576 5127 Quomodo
1615 5072 1744 5126 ergo
1775 5057 1908 5110 dixit

303 5157 558 5211 Christus
584 5154 980 5210 Samaritanum
1028 5168 1149 5207 esse
1199 5154 1537 5222 proximum,
1587 5149 1691 5204 etsi
1738 5149 1909 5201 multo

305 5250 592 5305 intervallo
613 5259 919 5317 separatum
949 5246 1115 5313 (Luc.
1147 5247 1232 5301 10.
1260 5247 1348 5302 56.
1375 5238 1509 5315 37)?
1550 5246 1619 5299 At
1650 5259 1754 5297 non
1782 5251 1865 5295 est
1891 5281 1905 5304 ,

305 5343 348 5395 si
380 5351 659 5411 spectetur
688 5349 895 5394 natura:
921 5339 1078 5392 ratio.
1104 5336 1332 5405 Quando
1353 5352 1484 5406 ergo
1514 5335 1785 5390 henelicio
1804 5333 1911 5386 atii-

305 5449 435 5489 cere
480 5431 801 5501 oportuerit.
851 5431 923 5484 sit
965 5432 1143 5484 omnis
1184 5429 1349 5482 homo
1390 5427 1484 5482 tibi
1532 5426 1908 5496 propinquus;

309 5525 527 5594 quando
553 5533 728 5577 autem
757 5523 824 5577 de
871 5523 1098 5577 veritate
1129 5531 1351 5590 agetur,
1400 5535 1632 5596 agnosce
1675 5518 1793 5587 quis
1843 5519 1913 5571 sit

317 5616 670 5685 propinquus,
701 5623 750 5666 ct
773 5614 894 5683 quis
923 5614 1149 5666 alienus.
1184 5613 1357 5665 Etiam
1387 5613 1429 5665 si
1462 5612 1659 5665 habeas
1689 5612 1907 5664 fratrem

312 5709 504 5760 eodem
559 5717 709 5774 patre
739 5716 794 5759 et
837 5705 1025 5758 eadem
1057 5715 1227 5758 matre
1259 5713 1460 5766 natum,
1493 5713 1544 5756 et
1589 5703 1638 5756 iu
1681 5704 1796 5772 lege
1825 5717 1914 5755 vc-

315 5799 492 5853 ritatis
513 5806 692 5854 tecum
719 5814 822 5853 non
852 5797 1347 5862 couimunicavcrit,
1370 5797 1436 5853 sit
1456 5798 1548 5851 tibi
1574 5796 1911 5866 magisquani

1432 380 1792 449 EXPOSITIO
1830 378 1898 435 IN
1937 377 2261 436 PSALMUM
2297 375 2520 435 CXLIII.

3525 381 3634 436 ΜΞ

2023 493 2199 564 quivis
2227 492 2429 566 Scytha
2457 493 2720 550 barbarus
2745 511 2760 551 :
2787 509 2902 550 srve
2925 502 3103 550 autem
3137 496 3209 548 sit
3233 494 3455 564 Scytha,
3510 496 3629 551 sive

2019 583 2359 648 Sauromata,
2388 584 2637 654 dogmata
2659 591 2836 638 autem
2864 586 3021 655 plene
3037 593 3092 641 et
3116 585 3354 654 perfecte
3383 584 3624 647 sciverit,

2017 683 2072 730 et
2088 674 2316 744 idipsum
2340 674 2483 745 quod
2527 687 2581 729 tu
2607 674 3004 742 crediderit,eo
3026 677 3118 745 qui
3140 676 3332 731 eodem
3359 684 3513 729 utero
3537 685 3624 728 est

2015 766 2215 831 editus,
2257 770 2328 821 sit
2371 767 2466 821 tibi
2496 767 2865 837 proiiinquior,
2894 782 3065 837 eaque
3089 768 3300 823 ratione
3326 767 3620 822 barbarum

2013 873 2045 912 ι
2068 873 2175 914 non
2205 858 2435 914 barbaro
2459 858 2848 926 discernamus,
2877 875 2986 914 non
3024 875 3092 915 ex
3133 861 3337 930 lingua,
3395 875 3497 916 nec
3544 876 3617 915 ex

2014 967 2246 1022 genere;
2274 953 2370 1008 sed
2408 968 2476 1007 ex
2508 953 2706 1018 anima,
2751 961 2807 1008 et
2849 967 2917 1009 ex
2961 953 3160 1007 mentis
3208 954 3500 1008 sententia.
3543 951 3620 1007 Ita

2015 1047 2160 1099 enim
2190 1045 2423 1099 maxime
2469 1044 2633 1099 homo
2659 1055 2775 1111 est,
2817 1045 3033 1114 quando
3076 1044 3235 1115 plene
3283 1053 3339 1100 et
3383 1044 3620 1113 perfecte

2015 1147 2162 1193 tenet
2191 1138 2441 1208 dogmata
2462 1177 2482 1205 ,
2511 1146 2566 1192 et
2592 1139 2756 1192 vitam
2784 1137 2933 1208 agit,
2956 1153 3077 1208 quae
3106 1139 3390 1208 sapientia:
3435 1136 3616 1194 studio

2012 1243 2113 1284 con
2121 1230 2318 1284 veniat.

2083 1322 2138 1375 4.
2185 1321 2294 1376 Sed
2317 1320 2595 1376 videamus
2615 1320 2870 1392 deinceps
2894 1321 3168 1393 quomodo
3197 1322 3297 1378 hos
3323 1323 3618 1392 descripsit

2011 1411 2219 1467 alienos
2241 1414 2526 1482 propheta,
2557 1412 2746 1468 dicens
2775 1433 2790 1469 :
2825 1410 2988 1482 Eripe
3010 1429 3092 1467 me
3117 1412 3183 1467 de
3206 1430 3362 1467 manu
3388 1415 3617 1484 ﬁliorum

2012 1505 2315 1570 alienorum,
2346 1503 2403 1560 8.
2428 1520 2643 1573 quorum
2657 1521 2714 1559 os
2735 1503 3001 1576 (aquatum
3020 1514 3092 1570 est
3111 1507 3404 1569 vanitatem,
3427 1516 3475 1560 et
3491 1507 3618 1561 deat-

2012 1605 2121 1649 tera
2148 1610 2324 1649 eorum
2361 1595 2569 1650 dextera
2609 1594 2913 1665 iniquitatis.
2957 1593 3152 1651 Vidisti
3180 1610 3443 1666 quosnam
3470 1595 3616 1652 dicat

2009 1687 2254 1742 alienos?
2282 1686 2392 1743 Eos
2421 1688 2513 1759 qui
2544 1688 2730 1742 vivunt
2757 1689 2811 1743 in
2842 1688 3052 1745 scelere
3073 1729 3089 1754 ,
3142 1705 3239 1745 eos
3281 1689 3374 1760 qui
3427 1699 3615 1745 amant

2010 1781 2372 1851 iniquitatem,
2397 1796 2494 1838 eos
2536 1782 2628 1852 qui
2655 1781 2818 1836 stulta
2837 1781 2855 1813 ί
2884 1781 3199 1852 loquuntur,
3232 1796 3329 1838 eos
3354 1783 3445 1852 qui
3478 1781 3611 1861 nihil

2009 1871 2199 1926 dicunt
2225 1872 2378 1929 utile.
2411 1873 2663 1942 Agnosce
2680 1887 2811 1944 ergo
2836 1872 3072 1940 alienos,
3098 1873 3170 1928 ab
3193 1887 3307 1939 ore,
3342 1889 3371 1927 ο
3404 1874 3560 1930 factis
3594 1892 3609 1928 :

2008 1965 2152 2020 sicut
2193 1965 2440 2021 Christus
2485 1979 2698 2036 quoque
2726 1966 2900 2020 dicit:
2942 1966 2987 2019 Α
3017 1965 3265 2038 fructibus
3294 1944 3488 2021 eorum
3513 1982 3604 2020 co-

2006 2059 2258 2129 gnoscetis
2283 2073 2370 2112 eos
2408 2055 2640 2127 (Matth.
2673 2059 2727 2110 7.
2785 2057 2852 2112 l6
2883 2059 2924 2129 ).
2955 2056 3106 2112 Sicut
3125 2058 3272 2112 enim
3317 2058 3369 2111 in
3413 2059 3610 2113 castris

2007 2151 2176 2204 multa
2203 2149 2402 2204 dantur
2423 2151 2574 2220 signa
2595 2159 2652 2205 et
2674 2151 2918 2221 symbols
2944 2192 2960 2218 ,
3015 2158 3074 2205 ut
3118 2151 3163 2206 si
3202 2151 3419 2220 quando
3448 2161 3613 2206 noctu

2008 2242 2246 2312 prazliari
2269 2243 2577 2312 contigerit.
2612 2242 2697 2298 vel
2719 2241 2965 2305 sublatus
2994 2241 3189 2312 pulvis,
3215 2251 3274 2296 ut
3299 2256 3405 2296 nox
3425 2241 3611 2296 videa-

2007 2346 2114 2400 tur,
2149 2334 2411 2399 effecerit,
2438 2335 2522 2389 vel
2553 2335 2732 2406 aliqua
2762 2334 2871 2389 alia
2907 2334 3158 2389 confusio
3183 2344 3240 2389 et
3270 2333 3608 2404 perturbatio

2005 2427 2272 2490 evenerit,
2302 2442 2373 2481 ne
2397 2426 2603 2480 socium
2631 2440 2789 2482 suum
2814 2424 3038 2496 aspiciat
3063 2433 3335 2494 tamquam
3369 2424 3603 2490 hostem,

2005 2533 2107 2574 nec
2131 2519 2347 2574 hostem
2373 2530 2645 2589 tamquam
2676 2517 2884 2573 socium
2908 2535 2922 2571 :
2955 2518 3121 2573 etiam
3145 2517 3297 2588 signa
3324 2516 3416 2572 dat
3449 2515 3608 2572 nobis

2005 2609 2094 2664 hic
2119 2608 2404 2680 propheta,
2426 2625 2523 2680 per
2547 2625 2668 2680 quae
2697 2610 2899 2679 poteris
2914 2608 3226 2664 discernere
3243 2600 3606 2679 propinquum

2003 2712 2059 2757 et
2102 2701 2365 2768 alienum,
2413 2717 2610 2772 nempe
2632 2717 2697 2757 ex
2725 2703 2790 2757 iis
2818 2717 2940 2772 quae
2967 2701 3226 2770 loquitur,
3277 2717 3343 2756 ex
3376 2701 3441 2755 iis
3485 2715 3609 2771 quas

2003 2794 2166 2861 facit,
2221 2795 2408 2850 dicens
2435 2812 2448 2848 :
2483 2794 2715 2862 Quorum
2745 2811 2802 2850 os
2841 2796 3108 2865 loquutum
3134 2802 3206 2849 est
3234 2794 3528 2854 vanitatem.
3559 2801 3608 2846 et

2003 2889 2211 2944 dextera
2231 2906 2405 2943 eorum
2431 2889 2639 2944 dextera
2669 2889 2970 2960 iniquitatis.
3000 2887 3154 2942 Nunc
3197 2887 3341 2941 enim
3369 2896 3452 2940 est
3487 2885 3608 2939 bel-

2004 2980 2134 3044 lum,
2166 2990 2221 3034 et
2246 2996 2442 3051 pugna,
2467 2990 2522 3035 et
2550 2980 2793 3049 praelium
2811 2989 3131 3033 nocturnum
3151 2977 3604 3042 crudelissimum,

2003 3071 2340 3127 daemonibus
2368 3069 2724 3137 ferientibus,
2760 3069 3043 3126 desideriis
3083 3068 3460 3123 insidiantibus
3485 3109 3499 3133 ,
3548 3079 3606 3122 et

2000 3165 2502 3222 ratiocinationibus
2530 3163 2957 3234 insurgentibus.
2990 3160 3127 3216 Sunt
3147 3160 3310 3216 etiam
3342 3160 3422 3215 eis
3442 3201 3460 3225 ,
3504 3139 3597 3228 qui

2002 3267 2130 3314 sunt
2153 3257 2426 3330 mysteriis
2452 3255 2664 3321 initiati,
2711 3270 2806 3310 sua
2832 3255 2984 3324 signa
3028 3261 3082 3309 et
3109 3251 3355 3325 symbola
3400 3268 3414 3304 :
3459 3260 3516 3305 et
3559 3247 3609 3304 si

2002 3353 2311 3408 dubitantes
2337 3350 2476 3406 scire
2502 3349 2768 3413 volumus,
2815 3363 2883 3402 an
2923 3346 3042 3416 quis
3084 3345 3156 3400 sit
3192 3341 3486 3414 profanus,
3535 3354 3608 3394 an

2003 3446 2279 3519 mysteriis
2304 3446 2566 3508 initiatus,
2595 3457 2659 3498 ea
2683 3451 2934 3512 rogantes
2949 3440 3244 3494 discamus.

2077 3537 2340 3593 Proximis
2383 3539 2570 3590 nostris
2619 3532 2813 3588 auxilio
2843 3547 2953 3590 esse
2980 3529 3234 3584 debemus.
3285 3527 3420 3581 Deus
3446 3542 3538 3580 cur
3574 3540 3608 3578 a

2005 3633 2147 3687 nobis
2173 3630 2376 3686 laudari
2421 3627 2564 3682 uelit.
2611 3625 2840 3680 Membra
2869 3633 3044 3679 nostra
3088 3631 3144 3676 ut
3188 3619 3286 3675 Dei
3313 3619 3490 3673 laudes
3515 3634 3607 3671 ca-

2005 3732 2149 3779 nant.
2178 3721 2487 3776 —Dea:tcra
2507 3735 2683 3774 eorum
2721 3723 2929 3771 dextera
2959 3713 3259 3785 iniquitatis.
3295 3710 3431 3778 Quid
3449 3710 3610 3780 igitur

2006 3815 2176 3886 possit
2208 3813 2311 3868 hoc
2346 3826 2467 3869 esse
2518 3810 2735 3881 gravius
2759 3850 2773 3872 ,
2804 3805 3019 3877 quando
3045 3819 3164 3875 qua:
3193 3803 3316 3856 data
3345 3812 3429 3855 est
3456 3799 3610 3854 nobis

2006 3908 2074 3964 ad
2099 3907 2376 3973 auxilium,
2403 3920 2521 3960 eam
2551 3903 2615 3957 ad
2649 3900 2869 3956 insidias
2895 3895 3300 3954 convertimus?
3323 3894 3447 3947 Ideo
3464 3891 3608 3946 enim

2008 4000 2267 4056 habemus
2286 3999 2559 4062 dexteras,
2603 4003 2662 4049 ut
2683 4004 2737 4048 et
2769 3990 3056 4059 nobisipsis
3081 3997 3136 4042 et
3164 3987 3280 4039 aliis
3308 3982 3498 4052 injuria
3526 3981 3585 4036 af
3589 4011 3610 4022 -

2007 4096 2162 4152 fectis
2181 4108 2336 4161 opem
2366 4089 2623 4154 feramus,
2657 4095 2714 4140 ut
2735 4085 2939 4139 scelera
2962 4082 3029 4136 de
3057 4078 3235 4135 medio
3263 4077 3533 4137 tollamus,
3553 4082 3613 4128 ut

2010 4189 2076 4242 iis
2103 4187 2297 4257 quibus
2317 4187 2400 4236 vis
2427 4191 2478 4236 et
2506 4181 2759 4235 damnum
2789 4175 3031 4234 affertur,
3059 4171 3227 4224 simus
3248 4176 3435 4237 portus
3456 4173 3512 4218 et
3529 4179 3611 4217 re-

1998 4279 2230 4351 fugium.
2246 4271 2536 4343 Quomodo
2547 4285 2679 4339 ergo
2695 4267 2776 4322 eis
2790 4263 2951 4318 venia
2962 4260 3301 4330 dabitur,qui
3331 4257 3417 4312 his
3445 4257 3611 4310 armis

2008 4350 2362 4432 utuntur‘non
2391 4370 2455 4422 al
2491 4367 2717 4420 aliorum
2743 4361 2995 4423 salutem,
3017 4354 3110 4411 sed
3141 4353 3208 4408 ad
3242 4367 3395 4407 suam
3426 4350 3611 4420 perni.

2006 4465 2188 4523 ciem?
2215 4464 2268 4518 9.
2299 4461 2454 4521 Deus,
2483 4459 2738 4511 canticum
2765 4467 2954 4506 nouum
2981 4445 3194 4502 cantabo
3221 4445 3333 4498 tibi.
3353 4444 3614 4508 anenam

2009 4567 2093 4613 est
2121 4567 2308 4610 rursus
2337 4553 2452 4606 haec
2472 4542 2897 4616 consequentia?
2923 4540 3147 4595 Maxima
3169 4551 3384 4606 quoque
3407 4533 3493 4589 hic
3508 4540 3612 4587 est.

2011 4651 2272 4719 Quoniam
2301 4646 2444 4700 enim
2473 4642 2628 4702 dixit,
2662 4637 2850 4691 Emitte
2889 4650 3092 4686 manum
3119 4641 3260 4684 tuam
3282 4672 3297 4697 ,
3347 4626 3620 4696 ctLEr-ipe

2011 4761 2112 4810 me,
2141 4751 2194 4798 et
2221 4740 2469 4807 disperge
2490 4735 2656 4803 ipsos,
2678 4729 2958 4799 profitetur
2979 4739 3036 4779 se
3057 4737 3272 4794 quoque
3292 4720 3342 4774 ei
3359 4719 3616 4774 daturum

2013 4809 2317 4891 mercedem
2339 4829 2539 4892 auxilii,
2569 4841 2634 4881 ex
2665 4837 2768 4893 qua
2800 4819 2932 4874 nihil
2957 4815 3174 4888 quidem
3214 4809 3483 4867 commodi
3529 4822 3620 4862 ac-

2013 4931 2172 5000 cipiat
2198 4927 2283 4983 cui
2312 4926 2505 4984 datur;
2536 4918 2631 4974 sed
2658 4931 2778 4986 qua:
2821 4913 2870 4968 ci
2915 4911 3004 4981 qni
3039 4909 3183 4964 illam
3214 4905 3395 4970 offert,
3416 4901 3614 5000 ‘pluri-

2014 4992 2162 5078 mum
2193 5020 2348 5074 atl‘ert
2367 5011 2738 5071 emolumenti.
2759 5007 3015 5073 Qnmnam
3037 5011 3214 5055 autem
3231 5014 3292 5053 ea
3315 4994 3437 5051 est?
3456 4992 3617 5057 Deus,

2016 5121 2266 5174 canticum
2294 5127 2476 5167 novum
2494 5105 2707 5164 cantabo
2735 5099 2912 5155 tibi.Si
2938 5107 3116 5152 autem
3141 5094 3244 5148 hoc
3267 5101 3352 5148 est
3374 5101 3621 5160 parvum,

2016 5211 2272 5264 collatum
2303 5219 2425 5260 cum
2468 5195 2836 5269 magnitudine
2862 5188 3130 5253 beneﬁcii,
3179 5185 3326 5255 atqui
3373 5180 3523 5236 dedit
3568 5177 3622 5269 id

2019 5301 2162 5373 quod
2194 5297 2397 5353 habuit.
2448 5268 2581 5348 Nam
2631 5304 2726 5342 nos
2773 5298 2990 5355 quoque
3019 5297 3047 5333 a
3077 5275 3424 5373 pauperibus,
3453 5280 3508 5373 et
3532 5268 3625 5340 qui

2023 5363 2154 5447 nihil
2185 5388 2482 5459 possident,
2504 5381 2634 5438 nihil
2653 5377 2795 5434 aliud
2819 5374 3166 5445 requirimus,
3196 5382 3357 5438 quam
3387 5363 3620 5459 Iaudem,

2022 5497 2077 5540 et
2104 5492 2311 5554 gratum
2341 5479 2600 5532 animum.
2644 5472 2749 5527 Scal
2795 5483 2890 5522 nos
2926 5463 3179 5536 quidem,
3229 5468 3288 5514 ut
3332 5455 3627 5554 evadamus

2025 5543 2282 5633 cini-iores
2311 5590 2323 5624 :
2361 5573 2502 5627 l‘eus
2539 5577 2742 5632 autem,
2784 5576 2891 5616 non
2924 5556 3067 5630 quod
3099 5569 3234 5625 opus
3269 5551 3484 5614 habeat,
3525 5543 3624 5599 sed

2091 5731 2105 5762 ¹
2142 5727 2262 5775 Edit.
2303 5721 2487 5779 Morel,
2531 5715 2749 5775 inutili/1;
2785 5712 2887 5763 sed.
2925 5709 3087 5766 stulta,
3127 5704 3306 5756 melius
3343 5697 3626 5763 qttattratatl

2025 5804 2227 5846 seriem.
