  <div class='ocr_page' id='page_1' title='image "/cluster/home/n/w/nwhite01/storage/ocr_20150623/55/ien.35556001660828/457.png"; bbox 0 0 4056 6430; ppageno 0'>
   <div class='ocr_carea' id='block_1_1' title="bbox 496 359 602 415">
    <p class='ocr_par' dir='ltr' id='par_1_1' title="bbox 496 359 602 415">
     <span class='ocr_line' id='line_1_1' title="bbox 496 359 602 415; baseline -0.038 0"><span class='ocrx_word' id='word_1_1' title='bbox 496 359 602 415; x_wconf 74' lang='grc'><strong>463</strong></span> 
     </span>
    </p>
   </div>
   <div class='ocr_carea' id='block_1_2' title="bbox 497 467 2065 541">
    <p class='ocr_par' dir='ltr' id='par_1_2' title="bbox 497 467 2065 541">
     <span class='ocr_line' id='line_1_2' title="bbox 497 467 2065 541; baseline -0.004 -13"><span class='ocrx_word' id='word_1_2' title='bbox 497 483 553 528; x_wconf 85' lang='lat' dir='ltr'><strong>ut</strong></span> <span class='ocrx_word' id='word_1_3' title='bbox 582 487 676 527; x_wconf 88' lang='lat' dir='ltr'><strong>cos</strong></span> <span class='ocrx_word' id='word_1_4' title='bbox 701 471 789 541; x_wconf 87' lang='lat' dir='ltr'><strong>qui</strong></span> <span class='ocrx_word' id='word_1_5' title='bbox 815 478 1032 532; x_wconf 89' lang='lat' dir='ltr'><strong>canunt,</strong></span> <span class='ocrx_word' id='word_1_6' title='bbox 1065 467 1259 523; x_wconf 86' lang='lat' dir='ltr'><strong>efficiat</strong></span> <span class='ocrx_word' id='word_1_7' title='bbox 1287 468 1560 531; x_wconf 88' lang='lat' dir='ltr'><strong>clariores,</strong></span> <span class='ocrx_word' id='word_1_8' title='bbox 1588 478 1641 523; x_wconf 87' lang='lat' dir='ltr'><strong>et</strong></span> <span class='ocrx_word' id='word_1_9' title='bbox 1662 483 1722 522; x_wconf 88' lang='lat' dir='ltr'><strong>ea</strong></span> <span class='ocrx_word' id='word_1_10' title='bbox 1742 467 1946 522; x_wconf 87' lang='lat' dir='ltr'><strong>ratione</strong></span> <span class='ocrx_word' id='word_1_11' title='bbox 1971 475 2065 522; x_wconf 80' lang='lat' dir='ltr'><strong>eos</strong></span> 
     </span>
    </p>
   </div>
   <div class='ocr_carea' id='block_1_3' title="bbox 499 556 2073 627">
    <p class='ocr_par' dir='ltr' id='par_1_3' title="bbox 499 556 2073 627">
     <span class='ocr_line' id='line_1_3' title="bbox 499 556 2073 627; baseline -0.001 -13"><span class='ocrx_word' id='word_1_12' title='bbox 499 576 691 616; x_wconf 78' lang='lat' dir='ltr'><strong>rursus</strong></span> <span class='ocrx_word' id='word_1_13' title='bbox 712 560 970 616; x_wconf 88' lang='lat' dir='ltr'><strong>beneficio</strong></span> <span class='ocrx_word' id='word_1_14' title='bbox 996 559 1208 613; x_wconf 69' lang='lat' dir='ltr'><strong>alliciat.</strong></span> <span class='ocrx_word' id='word_1_15' title='bbox 1241 556 1308 612; x_wconf 88' lang='lat' dir='ltr'><strong>In</strong></span> <span class='ocrx_word' id='word_1_16' title='bbox 1339 559 1579 627; x_wconf 81' lang='lat' dir='ltr'><strong>psalterio</strong></span> <span class='ocrx_word' id='word_1_17' title='bbox 1595 557 1908 614; x_wconf 71' lang='lat' dir='ltr'><strong>decatthordo</strong></span> <span class='ocrx_word' id='word_1_18' title='bbox 1938 557 2073 626; x_wconf 67' lang='lat' dir='ltr'><strong>psaL.</strong></span> 
     </span>
    </p>
   </div>
   <div class='ocr_carea' id='block_1_4' title="bbox 495 645 2066 717">
    <p class='ocr_par' dir='ltr' id='par_1_4' title="bbox 495 645 2066 717">
     <span class='ocr_line' id='line_1_4' title="bbox 495 645 2066 717; baseline -0.003 -13"><span class='ocrx_word' id='word_1_19' title='bbox 495 649 598 704; x_wconf 85' lang='lat' dir='ltr'><strong>lam</strong></span> <span class='ocrx_word' id='word_1_20' title='bbox 619 650 740 712; x_wconf 89' lang='lat' dir='ltr'><strong>tibi;</strong></span> <span class='ocrx_word' id='word_1_21' title='bbox 777 651 877 704; x_wconf 91' lang='lat' dir='ltr'><strong>hoc</strong></span> <span class='ocrx_word' id='word_1_22' title='bbox 904 659 1005 715; x_wconf 87' lang='lat' dir='ltr'><strong>est,</strong></span> <span class='ocrx_word' id='word_1_23' title='bbox 1029 651 1192 717; x_wconf 86' lang='lat' dir='ltr'><strong>Agam</strong></span> <span class='ocrx_word' id='word_1_24' title='bbox 1220 649 1311 702; x_wconf 87' lang='lat' dir='ltr'><strong>tibi</strong></span> <span class='ocrx_word' id='word_1_25' title='bbox 1337 649 1555 717; x_wconf 86' lang='lat' dir='ltr'><strong>gratias.</strong></span> <span class='ocrx_word' id='word_1_26' title='bbox 1583 645 1687 702; x_wconf 87' lang='lat' dir='ltr'><strong>Sed</strong></span> <span class='ocrx_word' id='word_1_27' title='bbox 1705 657 1830 701; x_wconf 91' lang='lat' dir='ltr'><strong>tunc</strong></span> <span class='ocrx_word' id='word_1_28' title='bbox 1851 647 2066 716; x_wconf 87' lang='lat' dir='ltr'><strong>quidem</strong></span> 
     </span>
    </p>
   </div>
   <div class='ocr_carea' id='block_1_5' title="bbox 494 738 2069 809">
    <p class='ocr_par' dir='ltr' id='par_1_5' title="bbox 494 738 2069 809">
     <span class='ocr_line' id='line_1_5' title="bbox 494 738 2069 809; baseline -0.001 -15"><span class='ocrx_word' id='word_1_29' title='bbox 494 748 648 794; x_wconf 86' lang='lat' dir='ltr'><strong>erant</strong></span> <span class='ocrx_word' id='word_1_30' title='bbox 676 741 1022 795; x_wconf 87' lang='lat' dir='ltr'><strong>instrumenta</strong></span> <span class='ocrx_word' id='word_1_31' title='bbox 1051 755 1144 808; x_wconf 90' lang='lat' dir='ltr'><strong>per</strong></span> <span class='ocrx_word' id='word_1_32' title='bbox 1169 755 1286 809; x_wconf 77' lang='lat' dir='ltr'><strong>qua:</strong></span> <span class='ocrx_word' id='word_1_33' title='bbox 1311 739 1514 793; x_wconf 87' lang='lat' dir='ltr'><strong>cantica</strong></span> <span class='ocrx_word' id='word_1_34' title='bbox 1545 738 1860 792; x_wconf 89' lang='lat' dir='ltr'><strong>emittebant</strong></span> <span class='ocrx_word' id='word_1_35' title='bbox 1885 755 1897 790; x_wconf 95' lang='lat'>:</span> <span class='ocrx_word' id='word_1_36' title='bbox 1927 752 2069 792; x_wconf 87' lang='lat' dir='ltr'><strong>nunc</strong></span> 
     </span>
    </p>
   </div>
   <div class='ocr_carea' id='block_1_6' title="bbox 492 829 2069 900">
    <p class='ocr_par' dir='ltr' id='par_1_6' title="bbox 492 829 2069 900">
     <span class='ocr_line' id='line_1_6' title="bbox 492 829 2069 900; baseline -0.003 -14"><span class='ocrx_word' id='word_1_37' title='bbox 492 842 668 886; x_wconf 73' lang='lat' dir='ltr'><strong>autem</strong></span> <span class='ocrx_word' id='word_1_38' title='bbox 699 847 794 900; x_wconf 90' lang='lat' dir='ltr'><strong>pro</strong></span> <span class='ocrx_word' id='word_1_39' title='bbox 823 832 1184 886; x_wconf 86' lang='lat' dir='ltr'><strong>instrumentis</strong></span> <span class='ocrx_word' id='word_1_40' title='bbox 1212 845 1491 900; x_wconf 87' lang='lat' dir='ltr'><strong>possumus</strong></span> <span class='ocrx_word' id='word_1_41' title='bbox 1506 830 1577 884; x_wconf 87' lang='lat' dir='ltr'><strong>uti</strong></span> <span class='ocrx_word' id='word_1_42' title='bbox 1605 844 1846 898; x_wconf 80' lang='lat' dir='ltr'><strong>corpore.</strong></span> <span class='ocrx_word' id='word_1_43' title='bbox 1875 829 2069 884; x_wconf 84' lang='lat' dir='ltr'><strong>Possu-</strong></span> 
     </span>
    </p>
   </div>
   <div class='ocr_carea' id='block_1_7' title="bbox 492 921 2069 992">
    <p class='ocr_par' dir='ltr' id='par_1_7' title="bbox 492 921 2069 992">
     <span class='ocr_line' id='line_1_7' title="bbox 492 921 2069 992; baseline -0.003 -15"><span class='ocrx_word' id='word_1_44' title='bbox 492 936 610 977; x_wconf 90' lang='lat' dir='ltr'><strong>mus</strong></span> <span class='ocrx_word' id='word_1_45' title='bbox 638 923 779 977; x_wconf 89' lang='lat' dir='ltr'><strong>enim</strong></span> <span class='ocrx_word' id='word_1_46' title='bbox 806 937 903 992; x_wconf 90' lang='lat' dir='ltr'><strong>per</strong></span> <span class='ocrx_word' id='word_1_47' title='bbox 926 923 1109 977; x_wconf 89' lang='lat' dir='ltr'><strong>oculos</strong></span> <span class='ocrx_word' id='word_1_48' title='bbox 1130 936 1346 988; x_wconf 88' lang='lat' dir='ltr'><strong>canere,</strong></span> <span class='ocrx_word' id='word_1_49' title='bbox 1394 936 1499 976; x_wconf 87' lang='lat' dir='ltr'><strong>non</strong></span> <span class='ocrx_word' id='word_1_50' title='bbox 1545 935 1640 990; x_wconf 90' lang='lat' dir='ltr'><strong>per</strong></span> <span class='ocrx_word' id='word_1_51' title='bbox 1676 921 1905 990; x_wconf 87' lang='lat' dir='ltr'><strong>linguam</strong></span> <span class='ocrx_word' id='word_1_52' title='bbox 1954 931 2069 974; x_wconf 89' lang='lat' dir='ltr'><strong>tan-</strong></span> 
     </span>
    </p>
   </div>
   <div class='ocr_carea' id='block_1_8' title="bbox 489 1009 2068 1081">
    <p class='ocr_par' dir='ltr' id='par_1_8' title="bbox 489 1009 2068 1081">
     <span class='ocr_line' id='line_1_8' title="bbox 489 1009 2068 1081; baseline -0.001 -16"><span class='ocrx_word' id='word_1_53' title='bbox 489 1020 641 1077; x_wconf 87' lang='lat' dir='ltr'><strong>tnm;</strong></span> <span class='ocrx_word' id='word_1_54' title='bbox 672 1026 766 1081; x_wconf 88' lang='lat' dir='ltr'><strong>per</strong></span> <span class='ocrx_word' id='word_1_55' title='bbox 801 1024 1024 1074; x_wconf 75' lang='lat' dir='ltr'><strong>melius,</strong></span> <span class='ocrx_word' id='word_1_56' title='bbox 1073 1026 1168 1080; x_wconf 89' lang='lat' dir='ltr'><strong>per</strong></span> <span class='ocrx_word' id='word_1_57' title='bbox 1200 1011 1382 1080; x_wconf 87' lang='lat' dir='ltr'><strong>pedes,</strong></span> <span class='ocrx_word' id='word_1_58' title='bbox 1409 1020 1464 1066; x_wconf 91' lang='lat' dir='ltr'><strong>et</strong></span> <span class='ocrx_word' id='word_1_59' title='bbox 1497 1025 1594 1079; x_wconf 91' lang='lat' dir='ltr'><strong>per</strong></span> <span class='ocrx_word' id='word_1_60' title='bbox 1638 1024 1813 1065; x_wconf 81' lang='lat' dir='ltr'><strong>aures.</strong></span> <span class='ocrx_word' id='word_1_61' title='bbox 1845 1009 2068 1077; x_wconf 84' lang='lat' dir='ltr'><strong>Quando</strong></span> 
     </span>
    </p>
   </div>
   <div class='ocr_carea' id='block_1_9' title="bbox 487 1100 2066 1172">
    <p class='ocr_par' dir='ltr' id='par_1_9' title="bbox 487 1100 2066 1172">
     <span class='ocr_line' id='line_1_9' title="bbox 487 1100 2066 1172; baseline -0.001 -16"><span class='ocrx_word' id='word_1_62' title='bbox 487 1103 631 1156; x_wconf 86' lang='lat' dir='ltr'><strong>enim</strong></span> <span class='ocrx_word' id='word_1_63' title='bbox 661 1101 1069 1172; x_wconf 84' lang='lat' dir='ltr'><strong>unumquodque</strong></span> <span class='ocrx_word' id='word_1_64' title='bbox 1092 1109 1279 1157; x_wconf 78' lang='lat' dir='ltr'><strong>eorum</strong></span> <span class='ocrx_word' id='word_1_65' title='bbox 1307 1115 1373 1157; x_wconf 87' lang='lat' dir='ltr'><strong>ea</strong></span> <span class='ocrx_word' id='word_1_66' title='bbox 1403 1100 1529 1155; x_wconf 90' lang='lat' dir='ltr'><strong>facit</strong></span> <span class='ocrx_word' id='word_1_67' title='bbox 1552 1114 1672 1170; x_wconf 59' lang='lat' dir='ltr'><strong>quas</strong></span> <span class='ocrx_word' id='word_1_68' title='bbox 1697 1101 1806 1154; x_wconf 87' lang='lat' dir='ltr'><strong>Deo</strong></span> <span class='ocrx_word' id='word_1_69' title='bbox 1841 1100 2066 1170; x_wconf 79' lang='lat' dir='ltr'><strong>gloriam</strong></span> 
     </span>
    </p>
   </div>
   <div class='ocr_carea' id='block_1_10' title="bbox 486 1192 2067 1263">
    <p class='ocr_par' dir='ltr' id='par_1_10' title="bbox 486 1192 2067 1263">
     <span class='ocr_line' id='line_1_10' title="bbox 486 1192 2067 1263; baseline 0 -17"><span class='ocrx_word' id='word_1_70' title='bbox 486 1201 544 1247; x_wconf 90' lang='lat' dir='ltr'><strong>et</strong></span> <span class='ocrx_word' id='word_1_71' title='bbox 570 1193 826 1247; x_wconf 85' lang='lat' dir='ltr'><strong>honorem</strong></span> <span class='ocrx_word' id='word_1_72' title='bbox 848 1193 1094 1258; x_wconf 86' lang='lat' dir='ltr'><strong>all&#39;erunt,</strong></span> <span class='ocrx_word' id='word_1_73' title='bbox 1118 1208 1310 1263; x_wconf 85' lang='lat' dir='ltr'><strong>nempe</strong></span> <span class='ocrx_word' id='word_1_74' title='bbox 1329 1192 1542 1262; x_wconf 88' lang='lat' dir='ltr'><strong>quando</strong></span> <span class='ocrx_word' id='word_1_75' title='bbox 1560 1193 1743 1247; x_wconf 89' lang='lat' dir='ltr'><strong>oculus</strong></span> <span class='ocrx_word' id='word_1_76' title='bbox 1764 1208 1869 1248; x_wconf 91' lang='lat' dir='ltr'><strong>non</strong></span> <span class='ocrx_word' id='word_1_77' title='bbox 1891 1193 2067 1262; x_wconf 82' lang='lat' dir='ltr'><strong>impu-</strong></span> 
     </span>
    </p>
   </div>
   <div class='ocr_carea' id='block_1_11' title="bbox 488 1283 2067 1355">
    <p class='ocr_par' dir='ltr' id='par_1_11' title="bbox 488 1283 2067 1355">
     <span class='ocr_line' id='line_1_11' title="bbox 488 1283 2067 1355; baseline 0 -17"><span class='ocrx_word' id='word_1_78' title='bbox 488 1283 608 1339; x_wconf 86' lang='lat' dir='ltr'><strong>dice</strong></span> <span class='ocrx_word' id='word_1_79' title='bbox 631 1284 943 1353; x_wconf 79' lang='lat' dir='ltr'><strong>respexerit,</strong></span> <span class='ocrx_word' id='word_1_80' title='bbox 970 1283 1184 1354; x_wconf 87' lang='lat' dir='ltr'><strong>quando</strong></span> <span class='ocrx_word' id='word_1_81' title='bbox 1215 1299 1405 1339; x_wconf 85' lang='lat' dir='ltr'><strong>manus</strong></span> <span class='ocrx_word' id='word_1_82' title='bbox 1432 1299 1537 1338; x_wconf 91' lang='lat' dir='ltr'><strong>non</strong></span> <span class='ocrx_word' id='word_1_83' title='bbox 1569 1283 1637 1340; x_wconf 89' lang='lat' dir='ltr'><strong>ad</strong></span> <span class='ocrx_word' id='word_1_84' title='bbox 1680 1285 1938 1355; x_wconf 83' lang='lat' dir='ltr'><strong>rapinam,</strong></span> <span class='ocrx_word' id='word_1_85' title='bbox 1972 1284 2067 1339; x_wconf 86' lang='lat' dir='ltr'><strong>sed</strong></span> 
     </span>
    </p>
   </div>
   <div class='ocr_carea' id='block_1_12' title="bbox 488 1374 2066 1446">
    <p class='ocr_par' dir='ltr' id='par_1_12' title="bbox 488 1374 2066 1446">
     <span class='ocr_line' id='line_1_12' title="bbox 488 1374 2066 1446; baseline 0.001 -17"><span class='ocrx_word' id='word_1_86' title='bbox 488 1374 556 1430; x_wconf 88' lang='lat' dir='ltr'><strong>ad</strong></span> <span class='ocrx_word' id='word_1_87' title='bbox 587 1375 980 1446; x_wconf 88' lang='lat' dir='ltr'><strong>eleemosynam</strong></span> <span class='ocrx_word' id='word_1_88' title='bbox 1010 1389 1072 1432; x_wconf 84' lang='lat' dir='ltr'><strong>se</strong></span> <span class='ocrx_word' id='word_1_89' title='bbox 1097 1375 1454 1442; x_wconf 79' lang='lat' dir='ltr'><strong>extenderint,</strong></span> <span class='ocrx_word' id='word_1_90' title='bbox 1503 1374 1716 1445; x_wconf 81' lang='lat' dir='ltr'><strong>quando</strong></span> <span class='ocrx_word' id='word_1_91' title='bbox 1741 1375 1807 1429; x_wconf 91' lang='lat' dir='ltr'><strong>ad</strong></span> <span class='ocrx_word' id='word_1_92' title='bbox 1835 1375 2066 1445; x_wconf 89' lang='lat' dir='ltr'><strong>psalmos</strong></span> 
     </span>
    </p>
   </div>
   <div class='ocr_carea' id='block_1_13' title="bbox 486 1466 2067 1538">
    <p class='ocr_par' dir='ltr' id='par_1_13' title="bbox 486 1466 2067 1538">
     <span class='ocr_line' id='line_1_13' title="bbox 486 1466 2067 1538; baseline -0.001 -15"><span class='ocrx_word' id='word_1_93' title='bbox 486 1477 543 1523; x_wconf 90' lang='lat' dir='ltr'><strong>et</strong></span> <span class='ocrx_word' id='word_1_94' title='bbox 593 1469 879 1524; x_wconf 81' lang='lat' dir='ltr'><strong>&#39;conciones</strong></span> <span class='ocrx_word' id='word_1_95' title='bbox 921 1467 1186 1538; x_wconf 78' lang='lat' dir='ltr'><strong>spiritales</strong></span> <span class='ocrx_word' id='word_1_96' title='bbox 1242 1466 1606 1537; x_wconf 84' lang='lat' dir='ltr'><strong>suscipiendas</strong></span> <span class='ocrx_word' id='word_1_97' title='bbox 1667 1482 1825 1530; x_wconf 86' lang='lat' dir='ltr'><strong>aures</strong></span> <span class='ocrx_word' id='word_1_98' title='bbox 1869 1475 2067 1536; x_wconf 49' lang='lat' dir='ltr'><strong>paratae.</strong></span> 
     </span>
    </p>
   </div>
   <div class='ocr_carea' id='block_1_14' title="bbox 487 1556 2066 1628">
    <p class='ocr_par' dir='ltr' id='par_1_14' title="bbox 487 1556 2066 1628">
     <span class='ocr_line' id='line_1_14' title="bbox 487 1556 2066 1628; baseline 0.001 -17"><span class='ocrx_word' id='word_1_99' title='bbox 487 1560 699 1623; x_wconf 85' lang='lat' dir='ltr'><strong>fuerint,</strong></span> <span class='ocrx_word' id='word_1_100' title='bbox 717 1557 927 1628; x_wconf 86' lang='lat' dir='ltr'><strong>quando</strong></span> <span class='ocrx_word' id='word_1_101' title='bbox 944 1558 1106 1628; x_wconf 86' lang='lat' dir='ltr'><strong>pedes</strong></span> <span class='ocrx_word' id='word_1_102' title='bbox 1121 1557 1478 1613; x_wconf 80' lang='lat' dir='ltr'><strong>adccclesiam</strong></span> <span class='ocrx_word' id='word_1_103' title='bbox 1490 1558 1838 1622; x_wconf 85' lang='lat' dir='ltr'><strong>cucurrerint,</strong></span> <span class='ocrx_word' id='word_1_104' title='bbox 1855 1556 2066 1627; x_wconf 85' lang='lat' dir='ltr'><strong>quando</strong></span> 
     </span>
    </p>
   </div>
   <div class='ocr_carea' id='block_1_15' title="bbox 483 1647 2067 1717">
    <p class='ocr_par' dir='ltr' id='par_1_15' title="bbox 483 1647 2067 1717">
     <span class='ocr_line' id='line_1_15' title="bbox 483 1647 2067 1717; baseline -0.001 -14"><span class='ocrx_word' id='word_1_105' title='bbox 483 1661 580 1703; x_wconf 85' lang='lat' dir='ltr'><strong>cor</strong></span> <span class='ocrx_word' id='word_1_106' title='bbox 607 1662 710 1702; x_wconf 89' lang='lat' dir='ltr'><strong>non</strong></span> <span class='ocrx_word' id='word_1_107' title='bbox 740 1648 894 1702; x_wconf 88' lang='lat' dir='ltr'><strong>dolos</strong></span> <span class='ocrx_word' id='word_1_108' title='bbox 919 1649 1100 1714; x_wconf 87' lang='lat' dir='ltr'><strong>struit,</strong></span> <span class='ocrx_word' id='word_1_109' title='bbox 1141 1649 1238 1703; x_wconf 85' lang='lat' dir='ltr'><strong>sed</strong></span> <span class='ocrx_word' id='word_1_110' title='bbox 1278 1649 1500 1704; x_wconf 91' lang='lat' dir='ltr'><strong>caritate</strong></span> <span class='ocrx_word' id='word_1_111' title='bbox 1541 1648 1757 1717; x_wconf 89' lang='lat' dir='ltr'><strong>plenum</strong></span> <span class='ocrx_word' id='word_1_112' title='bbox 1784 1659 1885 1712; x_wconf 90' lang='lat' dir='ltr'><strong>est,</strong></span> <span class='ocrx_word' id='word_1_113' title='bbox 1931 1647 2067 1702; x_wconf 82' lang='lat' dir='ltr'><strong>ﬁunt</strong></span> 
     </span>
    </p>
   </div>
   <div class='ocr_carea' id='block_1_16' title="bbox 484 1737 2064 1809">
    <p class='ocr_par' dir='ltr' id='par_1_16' title="bbox 484 1737 2064 1809">
     <span class='ocr_line' id='line_1_16' title="bbox 484 1737 2064 1809; baseline 0.002 -20"><span class='ocrx_word' id='word_1_114' title='bbox 484 1737 724 1791; x_wconf 85' lang='lat' dir='ltr'><strong>membra</strong></span> <span class='ocrx_word' id='word_1_115' title='bbox 751 1739 990 1808; x_wconf 83' lang='lat' dir='ltr'><strong>corporis</strong></span> <span class='ocrx_word' id='word_1_116' title='bbox 1019 1738 1326 1809; x_wconf 86' lang='lat' dir='ltr'><strong>psalterium</strong></span> <span class='ocrx_word' id='word_1_117' title='bbox 1347 1747 1402 1794; x_wconf 87' lang='lat' dir='ltr'><strong>et</strong></span> <span class='ocrx_word' id='word_1_118' title='bbox 1426 1738 1652 1805; x_wconf 86' lang='lat' dir='ltr'><strong>cithara,</strong></span> <span class='ocrx_word' id='word_1_119' title='bbox 1674 1747 1730 1795; x_wconf 88' lang='lat' dir='ltr'><strong>et</strong></span> <span class='ocrx_word' id='word_1_120' title='bbox 1753 1746 1952 1794; x_wconf 88' lang='lat' dir='ltr'><strong>canunt</strong></span> <span class='ocrx_word' id='word_1_121' title='bbox 1966 1752 2064 1792; x_wconf 88' lang='lat' dir='ltr'><strong>no-</strong></span> 
     </span>
    </p>
   </div>
   <div class='ocr_carea' id='block_1_17' title="bbox 483 1828 2058 1898">
    <p class='ocr_par' dir='ltr' id='par_1_17' title="bbox 483 1828 2058 1898">
     <span class='ocr_line' id='line_1_17' title="bbox 483 1828 2058 1898; baseline 0.001 -18"><span class='ocrx_word' id='word_1_122' title='bbox 483 1838 608 1881; x_wconf 68' lang='lat' dir='ltr'><strong>runt</strong></span> <span class='ocrx_word' id='word_1_123' title='bbox 635 1829 921 1894; x_wconf 83' lang='lat' dir='ltr'><strong>canticum,</strong></span> <span class='ocrx_word' id='word_1_124' title='bbox 946 1842 1054 1883; x_wconf 88' lang='lat' dir='ltr'><strong>non</strong></span> <span class='ocrx_word' id='word_1_125' title='bbox 1072 1829 1245 1884; x_wconf 77' lang='lat' dir='ltr'><strong>verbis</strong></span> <span class='ocrx_word' id='word_1_126' title='bbox 1269 1829 1420 1894; x_wconf 89' lang='lat' dir='ltr'><strong>solis,</strong></span> <span class='ocrx_word' id='word_1_127' title='bbox 1439 1829 1532 1883; x_wconf 89' lang='lat' dir='ltr'><strong>sed</strong></span> <span class='ocrx_word' id='word_1_128' title='bbox 1552 1829 1712 1883; x_wconf 90' lang='lat' dir='ltr'><strong>etiam</strong></span> <span class='ocrx_word' id='word_1_129' title='bbox 1738 1829 1899 1883; x_wconf 84' lang='lat' dir='ltr'><strong>rebus</strong></span> <span class='ocrx_word' id='word_1_130' title='bbox 1913 1828 2058 1898; x_wconf 86' lang='lat' dir='ltr'><strong>ipsis.</strong></span> 
     </span>
    </p>
   </div>
   <div class='ocr_carea' id='block_1_18' title="bbox 484 1916 2066 1988">
    <p class='ocr_par' dir='ltr' id='par_1_18' title="bbox 484 1916 2066 1988">
     <span class='ocr_line' id='line_1_18' title="bbox 484 1916 2066 1988; baseline 0.001 -17"><span class='ocrx_word' id='word_1_131' title='bbox 484 1916 574 1977; x_wconf 65' lang='lat'><strong>10.</strong></span> <span class='ocrx_word' id='word_1_132' title='bbox 610 1917 710 1982; x_wconf 82' lang='lat' dir='ltr'><strong>Qui</strong></span> <span class='ocrx_word' id='word_1_133' title='bbox 755 1918 845 1970; x_wconf 85' lang='lat' dir='ltr'><strong>dat</strong></span> <span class='ocrx_word' id='word_1_134' title='bbox 889 1918 1106 1971; x_wconf 83' lang='lat' dir='ltr'><strong>salutem</strong></span> <span class='ocrx_word' id='word_1_135' title='bbox 1141 1919 1362 1988; x_wconf 81' lang='lat' dir='ltr'><strong>regibus.</strong></span> <span class='ocrx_word' id='word_1_136' title='bbox 1393 1918 1574 1988; x_wconf 84' lang='lat' dir='ltr'><strong>Neque</strong></span> <span class='ocrx_word' id='word_1_137' title='bbox 1599 1917 1740 1972; x_wconf 89' lang='lat' dir='ltr'><strong>enim</strong></span> <span class='ocrx_word' id='word_1_138' title='bbox 1767 1926 1962 1984; x_wconf 87' lang='lat' dir='ltr'><strong>castra,</strong></span> <span class='ocrx_word' id='word_1_139' title='bbox 2011 1927 2066 1973; x_wconf 90' lang='lat' dir='ltr'><strong>et</strong></span> 
     </span>
    </p>
   </div>
   <div class='ocr_carea' id='block_1_19' title="bbox 482 1999 2065 2078">
    <p class='ocr_par' dir='ltr' id='par_1_19' title="bbox 482 1999 2065 2078">
     <span class='ocr_line' id='line_1_19' title="bbox 482 1999 2065 2078; baseline 0.002 -19"><span class='ocrx_word' id='word_1_140' title='bbox 482 1999 768 2060; x_wconf 82' lang='lat' dir='ltr'><strong>multitudo</strong></span> <span class='ocrx_word' id='word_1_141' title='bbox 789 2008 1038 2072; x_wconf 87' lang='lat' dir='ltr'><strong>militum,</strong></span> <span class='ocrx_word' id='word_1_142' title='bbox 1061 2021 1162 2062; x_wconf 85' lang='lat' dir='ltr'><strong>nec</strong></span> <span class='ocrx_word' id='word_1_143' title='bbox 1186 2008 1464 2074; x_wconf 83' lang='lat' dir='ltr'><strong>satellites,</strong></span> <span class='ocrx_word' id='word_1_144' title='bbox 1491 2007 1846 2078; x_wconf 79' lang='lat' dir='ltr'><strong>custodesque</strong></span> <span class='ocrx_word' id='word_1_145' title='bbox 1875 2022 2065 2077; x_wconf 88' lang='lat' dir='ltr'><strong>corpo-</strong></span> 
     </span>
    </p>
   </div>
   <div class='ocr_carea' id='block_1_20' title="bbox 483 2096 2065 2167">
    <p class='ocr_par' dir='ltr' id='par_1_20' title="bbox 483 2096 2065 2167">
     <span class='ocr_line' id='line_1_20' title="bbox 483 2096 2065 2167; baseline 0 -17"><span class='ocrx_word' id='word_1_146' title='bbox 483 2097 559 2151; x_wconf 85' lang='lat' dir='ltr'><strong>ris</strong></span> <span class='ocrx_word' id='word_1_147' title='bbox 575 2097 651 2167; x_wconf 90' lang='lat' dir='ltr'><strong>(a)</strong></span> <span class='ocrx_word' id='word_1_148' title='bbox 675 2137 689 2161; x_wconf 94' lang='lat'><strong>,</strong></span> <span class='ocrx_word' id='word_1_149' title='bbox 720 2096 816 2152; x_wconf 90' lang='lat' dir='ltr'><strong>sed</strong></span> <span class='ocrx_word' id='word_1_150' title='bbox 857 2097 949 2153; x_wconf 90' lang='lat' dir='ltr'><strong>Dei</strong></span> <span class='ocrx_word' id='word_1_151' title='bbox 991 2097 1243 2152; x_wconf 76' lang='lat' dir='ltr'><strong>auxilium</strong></span> <span class='ocrx_word' id='word_1_152' title='bbox 1274 2111 1491 2153; x_wconf 88' lang='lat' dir='ltr'><strong>servare</strong></span> <span class='ocrx_word' id='word_1_153' title='bbox 1516 2097 1673 2152; x_wconf 81' lang='lat' dir='ltr'><strong>solet.</strong></span> <span class='ocrx_word' id='word_1_154' title='bbox 1721 2096 1824 2164; x_wconf 83' lang='lat' dir='ltr'><strong>Qui</strong></span> <span class='ocrx_word' id='word_1_155' title='bbox 1864 2097 2065 2151; x_wconf 76' lang='lat' dir='ltr'><strong>redimit</strong></span> 
     </span>
    </p>
   </div>
   <div class='ocr_carea' id='block_1_21' title="bbox 483 2186 2064 2256">
    <p class='ocr_par' dir='ltr' id='par_1_21' title="bbox 483 2186 2064 2256">
     <span class='ocr_line' id='line_1_21' title="bbox 483 2186 2064 2256; baseline 0 -14"><span class='ocrx_word' id='word_1_156' title='bbox 483 2187 654 2242; x_wconf 78' lang='lat' dir='ltr'><strong>David</strong></span> <span class='ocrx_word' id='word_1_157' title='bbox 677 2203 876 2242; x_wconf 81' lang='lat' dir='ltr'><strong>servum</strong></span> <span class='ocrx_word' id='word_1_158' title='bbox 897 2205 1064 2244; x_wconf 87' lang='lat' dir='ltr'><strong>suum.</strong></span> <span class='ocrx_word' id='word_1_159' title='bbox 1098 2187 1153 2241; x_wconf 88' lang='lat' dir='ltr'><strong>lu</strong></span> <span class='ocrx_word' id='word_1_160' title='bbox 1188 2187 1461 2242; x_wconf 89' lang='lat' dir='ltr'><strong>communi</strong></span> <span class='ocrx_word' id='word_1_161' title='bbox 1476 2187 1746 2256; x_wconf 87' lang='lat' dir='ltr'><strong>loquutus,</strong></span> <span class='ocrx_word' id='word_1_162' title='bbox 1768 2187 1880 2256; x_wconf 89' lang='lat' dir='ltr'><strong>jam</strong></span> <span class='ocrx_word' id='word_1_163' title='bbox 1908 2186 1976 2242; x_wconf 91' lang='lat' dir='ltr'><strong>de</strong></span> <span class='ocrx_word' id='word_1_164' title='bbox 2003 2199 2064 2242; x_wconf 86' lang='lat' dir='ltr'><strong>se</strong></span> 
     </span>
    </p>
   </div>
   <div class='ocr_carea' id='block_1_22' title="bbox 478 2277 2060 2352">
    <p class='ocr_par' dir='ltr' id='par_1_22' title="bbox 478 2277 2060 2352">
     <span class='ocr_line' id='line_1_22' title="bbox 478 2277 2060 2352; baseline 0.002 -21"><span class='ocrx_word' id='word_1_165' title='bbox 478 2278 732 2349; x_wconf 74' lang='lat' dir='ltr'><strong>loquitur,</strong></span> <span class='ocrx_word' id='word_1_166' title='bbox 765 2296 864 2336; x_wconf 92' lang='lat' dir='ltr'><strong>nec</strong></span> <span class='ocrx_word' id='word_1_167' title='bbox 889 2281 1040 2346; x_wconf 82' lang='lat' dir='ltr'><strong>dicit,</strong></span> <span class='ocrx_word' id='word_1_168' title='bbox 1067 2279 1170 2348; x_wconf 88' lang='lat' dir='ltr'><strong>Qui</strong></span> <span class='ocrx_word' id='word_1_169' title='bbox 1213 2279 1478 2334; x_wconf 88' lang='lat' dir='ltr'><strong>redemit:</strong></span> <span class='ocrx_word' id='word_1_170' title='bbox 1504 2278 1598 2334; x_wconf 85' lang='lat' dir='ltr'><strong>sed</strong></span> <span class='ocrx_word' id='word_1_171' title='bbox 1619 2319 1633 2344; x_wconf 93' lang='lat'><strong>,</strong></span> <span class='ocrx_word' id='word_1_172' title='bbox 1687 2277 1790 2345; x_wconf 84' lang='lat' dir='ltr'><strong>Qui</strong></span> <span class='ocrx_word' id='word_1_173' title='bbox 1831 2279 2060 2352; x_wconf 79' lang='lat' dir='ltr'><strong>redimit,</strong></span> 
     </span>
    </p>
   </div>
   <div class='ocr_carea' id='block_1_23' title="bbox 477 2368 1686 2440">
    <p class='ocr_par' dir='ltr' id='par_1_23' title="bbox 477 2368 1686 2440">
     <span class='ocr_line' id='line_1_23' title="bbox 477 2368 1686 2440; baseline -0.002 -16"><span class='ocrx_word' id='word_1_174' title='bbox 477 2369 768 2425; x_wconf 84' lang='lat' dir='ltr'><strong>ostendens</strong></span> <span class='ocrx_word' id='word_1_175' title='bbox 796 2379 1105 2440; x_wconf 90' lang='lat' dir='ltr'><strong>perpetuam</strong></span> <span class='ocrx_word' id='word_1_176' title='bbox 1137 2370 1253 2439; x_wconf 85' lang='lat' dir='ltr'><strong>ejus</strong></span> <span class='ocrx_word' id='word_1_177' title='bbox 1279 2368 1686 2438; x_wconf 84' lang='lat' dir='ltr'><strong>providentiam.</strong></span> 
     </span>
    </p>
   </div>
   <div class='ocr_carea' id='block_1_24' title="bbox 552 2459 2062 2529">
    <p class='ocr_par' dir='ltr' id='par_1_24' title="bbox 552 2459 2062 2529">
     <span class='ocr_line' id='line_1_24' title="bbox 552 2459 2062 2529; baseline -0.001 -14"><span class='ocrx_word' id='word_1_178' title='bbox 552 2461 606 2515; x_wconf 83' lang='grc'><strong>5.</strong></span> <span class='ocrx_word' id='word_1_179' title='bbox 631 2459 834 2516; x_wconf 83' lang='lat' dir='ltr'><strong>Deinde</strong></span> <span class='ocrx_word' id='word_1_180' title='bbox 858 2474 1044 2515; x_wconf 83' lang='lat' dir='ltr'><strong>rursus</strong></span> <span class='ocrx_word' id='word_1_181' title='bbox 1067 2459 1200 2529; x_wconf 87' lang='lat' dir='ltr'><strong>petit</strong></span> <span class='ocrx_word' id='word_1_182' title='bbox 1227 2473 1290 2514; x_wconf 88' lang='lat' dir='ltr'><strong>ea</strong></span> <span class='ocrx_word' id='word_1_183' title='bbox 1319 2473 1438 2528; x_wconf 71' lang='lat' dir='ltr'><strong>qua:</strong></span> <span class='ocrx_word' id='word_1_184' title='bbox 1468 2459 1613 2528; x_wconf 90' lang='lat' dir='ltr'><strong>prius</strong></span> <span class='ocrx_word' id='word_1_185' title='bbox 1651 2459 1895 2526; x_wconf 87' lang='lat' dir='ltr'><strong>petierat,</strong></span> <span class='ocrx_word' id='word_1_186' title='bbox 1922 2459 2062 2514; x_wconf 85' lang='lat' dir='ltr'><strong>assi-</strong></span> 
     </span>
    </p>
   </div>
   <div class='ocr_carea' id='block_1_25' title="bbox 478 2547 2064 2620">
    <p class='ocr_par' dir='ltr' id='par_1_25' title="bbox 478 2547 2064 2620">
     <span class='ocr_line' id='line_1_25' title="bbox 478 2547 2064 2620; baseline -0.001 -15"><span class='ocrx_word' id='word_1_187' title='bbox 478 2552 585 2605; x_wconf 84' lang='lat' dir='ltr'><strong>due</strong></span> <span class='ocrx_word' id='word_1_188' title='bbox 607 2563 799 2620; x_wconf 80' lang='lat' dir='ltr'><strong>rogans</strong></span> <span class='ocrx_word' id='word_1_189' title='bbox 827 2557 882 2604; x_wconf 92' lang='lat' dir='ltr'><strong>et</strong></span> <span class='ocrx_word' id='word_1_190' title='bbox 905 2551 1216 2620; x_wconf 85' lang='lat' dir='ltr'><strong>supplicans</strong></span> <span class='ocrx_word' id='word_1_191' title='bbox 1238 2557 1296 2604; x_wconf 89' lang='lat' dir='ltr'><strong>ut</strong></span> <span class='ocrx_word' id='word_1_192' title='bbox 1316 2549 1572 2604; x_wconf 89' lang='lat' dir='ltr'><strong>liberetur</strong></span> <span class='ocrx_word' id='word_1_193' title='bbox 1593 2550 1661 2604; x_wconf 88' lang='lat' dir='ltr'><strong>ab</strong></span> <span class='ocrx_word' id='word_1_194' title='bbox 1680 2547 1939 2618; x_wconf 84' lang='lat' dir='ltr'><strong>improbis</strong></span> <span class='ocrx_word' id='word_1_195' title='bbox 1966 2549 2064 2604; x_wconf 88' lang='lat' dir='ltr'><strong>ho-</strong></span> 
     </span>
    </p>
   </div>
   <div class='ocr_carea' id='block_1_26' title="bbox 477 2637 2061 2710">
    <p class='ocr_par' dir='ltr' id='par_1_26' title="bbox 477 2637 2061 2710">
     <span class='ocr_line' id='line_1_26' title="bbox 477 2637 2061 2710; baseline -0.001 -14"><span class='ocrx_word' id='word_1_196' title='bbox 477 2639 730 2706; x_wconf 74' lang='lat' dir='ltr'><strong>rninibus,</strong></span> <span class='ocrx_word' id='word_1_197' title='bbox 751 2639 829 2695; x_wconf 86' lang='lat' dir='ltr'><strong>sic</strong></span> <span class='ocrx_word' id='word_1_198' title='bbox 855 2640 1039 2696; x_wconf 85' lang='lat' dir='ltr'><strong>dicens</strong></span> <span class='ocrx_word' id='word_1_199' title='bbox 1062 2656 1076 2693; x_wconf 91' lang='lat'><strong>:</strong></span> <span class='ocrx_word' id='word_1_200' title='bbox 1097 2641 1181 2694; x_wconf 82' lang='grc'><strong>11.</strong></span> <span class='ocrx_word' id='word_1_201' title='bbox 1199 2637 1274 2693; x_wconf 83' lang='lat' dir='ltr'><strong>De</strong></span> <span class='ocrx_word' id='word_1_202' title='bbox 1294 2638 1466 2708; x_wconf 83' lang='lat' dir='ltr'><strong>gladio</strong></span> <span class='ocrx_word' id='word_1_203' title='bbox 1492 2639 1716 2709; x_wconf 84' lang='lat' dir='ltr'><strong>maligno</strong></span> <span class='ocrx_word' id='word_1_204' title='bbox 1742 2640 1880 2710; x_wconf 83' lang='lat' dir='ltr'><strong>eripe</strong></span> <span class='ocrx_word' id='word_1_205' title='bbox 1897 2654 1997 2705; x_wconf 87' lang='lat' dir='ltr'><strong>me,</strong></span> <span class='ocrx_word' id='word_1_206' title='bbox 2015 2648 2061 2694; x_wconf 89' lang='lat' dir='ltr'><strong>et</strong></span> 
     </span>
    </p>
   </div>
   <div class='ocr_carea' id='block_1_27' title="bbox 475 2728 2058 2800">
    <p class='ocr_par' dir='ltr' id='par_1_27' title="bbox 475 2728 2058 2800">
     <span class='ocr_line' id='line_1_27' title="bbox 475 2728 2058 2800; baseline -0.001 -17"><span class='ocrx_word' id='word_1_207' title='bbox 475 2744 595 2783; x_wconf 86' lang='lat' dir='ltr'><strong>erue</strong></span> <span class='ocrx_word' id='word_1_208' title='bbox 620 2745 700 2783; x_wconf 82' lang='lat' dir='ltr'><strong>me</strong></span> <span class='ocrx_word' id='word_1_209' title='bbox 723 2728 788 2783; x_wconf 82' lang='lat' dir='ltr'><strong>de</strong></span> <span class='ocrx_word' id='word_1_210' title='bbox 805 2745 957 2783; x_wconf 83' lang='lat' dir='ltr'><strong>manu</strong></span> <span class='ocrx_word' id='word_1_211' title='bbox 980 2729 1204 2798; x_wconf 74' lang='lat' dir='ltr'><strong>ﬁliorum</strong></span> <span class='ocrx_word' id='word_1_212' title='bbox 1229 2729 1529 2794; x_wconf 84' lang='lat' dir='ltr'><strong>alienarunt,</strong></span> <span class='ocrx_word' id='word_1_213' title='bbox 1558 2745 1775 2800; x_wconf 83' lang='lat' dir='ltr'><strong>quorum</strong></span> <span class='ocrx_word' id='word_1_214' title='bbox 1799 2745 1856 2783; x_wconf 92' lang='lat' dir='ltr'><strong>os</strong></span> <span class='ocrx_word' id='word_1_215' title='bbox 1877 2730 2058 2798; x_wconf 81' lang='lat' dir='ltr'><strong>loquu-</strong></span> 
     </span>
    </p>
   </div>
   <div class='ocr_carea' id='block_1_28' title="bbox 478 2817 2056 2888">
    <p class='ocr_par' dir='ltr' id='par_1_28' title="bbox 478 2817 2056 2888">
     <span class='ocr_line' id='line_1_28' title="bbox 478 2817 2056 2888; baseline 0.002 -17"><span class='ocrx_word' id='word_1_216' title='bbox 478 2828 583 2872; x_wconf 83' lang='lat' dir='ltr'><strong>tunt</strong></span> <span class='ocrx_word' id='word_1_217' title='bbox 621 2828 694 2873; x_wconf 85' lang='lat' dir='ltr'><strong>est</strong></span> <span class='ocrx_word' id='word_1_218' title='bbox 715 2820 1003 2885; x_wconf 76' lang='lat' dir='ltr'><strong>vanitatem,</strong></span> <span class='ocrx_word' id='word_1_219' title='bbox 1030 2828 1078 2873; x_wconf 87' lang='lat' dir='ltr'><strong>et</strong></span> <span class='ocrx_word' id='word_1_220' title='bbox 1101 2817 1308 2873; x_wconf 65' lang='lat' dir='ltr'><strong>dextera</strong></span> <span class='ocrx_word' id='word_1_221' title='bbox 1331 2833 1505 2872; x_wconf 81' lang='lat' dir='ltr'><strong>eorum</strong></span> <span class='ocrx_word' id='word_1_222' title='bbox 1528 2817 1734 2872; x_wconf 69' lang='lat' dir='ltr'><strong>dextera</strong></span> <span class='ocrx_word' id='word_1_223' title='bbox 1757 2818 2056 2888; x_wconf 74' lang='lat' dir='ltr'><strong>iniquitatis.</strong></span> 
     </span>
    </p>
   </div>
   <div class='ocr_carea' id='block_1_29' title="bbox 547 2907 2061 2980">
    <p class='ocr_par' dir='ltr' id='par_1_29' title="bbox 547 2907 2061 2980">
     <span class='ocr_line' id='line_1_29' title="bbox 547 2907 2061 2980; baseline -0.001 -15"><span class='ocrx_word' id='word_1_224' title='bbox 547 2909 804 2980; x_wconf 78' lang='lat' dir='ltr'><strong>Prospera</strong></span> <span class='ocrx_word' id='word_1_225' title='bbox 847 2926 960 2980; x_wconf 68' lang='lat' dir='ltr'><strong>qua</strong></span> <span class='ocrx_word' id='word_1_226' title='bbox 994 2907 1271 2964; x_wconf 81' lang='lat' dir='ltr'><strong>habeantur</strong></span> <span class='ocrx_word' id='word_1_227' title='bbox 1293 2909 1347 2962; x_wconf 89' lang='lat' dir='ltr'><strong>in</strong></span> <span class='ocrx_word' id='word_1_228' title='bbox 1370 2909 1466 2963; x_wconf 84' lang='lat' dir='ltr'><strong>hoc</strong></span> <span class='ocrx_word' id='word_1_229' title='bbox 1488 2909 1697 2963; x_wconf 83' lang='lat' dir='ltr'><strong>mundo.</strong></span> <span class='ocrx_word' id='word_1_230' title='bbox 1714 2939 1785 2949; x_wconf 90' lang='lat'><strong>—</strong></span> <span class='ocrx_word' id='word_1_231' title='bbox 1799 2909 1888 2965; x_wconf 75' lang='grc'><strong>12.</strong></span> <span class='ocrx_word' id='word_1_232' title='bbox 1922 2909 2061 2975; x_wconf 85' lang='lat' dir='ltr'><strong>Quo-</strong></span> 
     </span>
    </p>
   </div>
   <div class='ocr_carea' id='block_1_30' title="bbox 473 2983 2060 3070">
    <p class='ocr_par' dir='ltr' id='par_1_30' title="bbox 473 2983 2060 3070">
     <span class='ocr_line' id='line_1_30' title="bbox 473 2983 2060 3070; baseline 0.001 -14"><span class='ocrx_word' id='word_1_233' title='bbox 473 2983 588 3056; x_wconf 73' lang='lat' dir='ltr'><strong>runi</strong></span> <span class='ocrx_word' id='word_1_234' title='bbox 601 3003 698 3068; x_wconf 84' lang='lat' dir='ltr'><strong>lilii</strong></span> <span class='ocrx_word' id='word_1_235' title='bbox 735 3005 863 3056; x_wconf 81' lang='lat' dir='ltr'><strong>sicut</strong></span> <span class='ocrx_word' id='word_1_236' title='bbox 897 3003 1105 3057; x_wconf 70' lang='lat' dir='ltr'><strong>nouella</strong></span> <span class='ocrx_word' id='word_1_237' title='bbox 1117 3002 1458 3070; x_wconf 83' lang='lat' dir='ltr'><strong>plantationes</strong></span> <span class='ocrx_word' id='word_1_238' title='bbox 1475 3002 1530 3054; x_wconf 84' lang='lat' dir='ltr'><strong>in</strong></span> <span class='ocrx_word' id='word_1_239' title='bbox 1551 3003 1802 3070; x_wconf 77' lang='lat' dir='ltr'><strong>iuuentute</strong></span> <span class='ocrx_word' id='word_1_240' title='bbox 1816 3018 1930 3059; x_wconf 88' lang='lat' dir='ltr'><strong>sua.</strong></span> <span class='ocrx_word' id='word_1_241' title='bbox 1957 3003 2060 3058; x_wconf 87' lang='lat' dir='ltr'><strong>De-</strong></span> 
     </span>
    </p>
   </div>
   <div class='ocr_carea' id='block_1_31' title="bbox 475 3091 2059 3163">
    <p class='ocr_par' dir='ltr' id='par_1_31' title="bbox 475 3091 2059 3163">
     <span class='ocr_line' id='line_1_31' title="bbox 475 3091 2059 3163; baseline 0.001 -15"><span class='ocrx_word' id='word_1_242' title='bbox 475 3093 662 3148; x_wconf 80' lang='lat' dir='ltr'><strong>scribit</strong></span> <span class='ocrx_word' id='word_1_243' title='bbox 680 3092 766 3148; x_wconf 89' lang='lat' dir='ltr'><strong>hic</strong></span> <span class='ocrx_word' id='word_1_244' title='bbox 783 3094 1160 3163; x_wconf 78' lang='lat' dir='ltr'><strong>prosperitates</strong></span> <span class='ocrx_word' id='word_1_245' title='bbox 1179 3091 1473 3148; x_wconf 83' lang='lat' dir='ltr'><strong>mundanas</strong></span> <span class='ocrx_word' id='word_1_246' title='bbox 1489 3099 1542 3148; x_wconf 88' lang='lat' dir='ltr'><strong>et</strong></span> <span class='ocrx_word' id='word_1_247' title='bbox 1559 3093 1770 3149; x_wconf 79' lang='lat' dir='ltr'><strong>divitias</strong></span> <span class='ocrx_word' id='word_1_248' title='bbox 1793 3111 1808 3148; x_wconf 94' lang='lat'><strong>:</strong></span> <span class='ocrx_word' id='word_1_249' title='bbox 1837 3101 1893 3148; x_wconf 91' lang='lat' dir='ltr'><strong>et</strong></span> <span class='ocrx_word' id='word_1_250' title='bbox 1911 3095 2059 3163; x_wconf 89' lang='lat' dir='ltr'><strong>ponit</strong></span> 
     </span>
    </p>
   </div>
   <div class='ocr_carea' id='block_1_32' title="bbox 473 3182 2056 3255">
    <p class='ocr_par' dir='ltr' id='par_1_32' title="bbox 473 3182 2056 3255">
     <span class='ocr_line' id='line_1_32' title="bbox 473 3182 2056 3255; baseline 0.001 -16"><span class='ocrx_word' id='word_1_251' title='bbox 473 3185 527 3240; x_wconf 90' lang='lat' dir='ltr'><strong>id</strong></span> <span class='ocrx_word' id='word_1_252' title='bbox 557 3185 696 3255; x_wconf 87' lang='lat' dir='ltr'><strong>quod</strong></span> <span class='ocrx_word' id='word_1_253' title='bbox 726 3195 805 3240; x_wconf 88' lang='lat' dir='ltr'><strong>est</strong></span> <span class='ocrx_word' id='word_1_254' title='bbox 834 3185 1082 3254; x_wconf 85' lang='lat' dir='ltr'><strong>primum,</strong></span> <span class='ocrx_word' id='word_1_255' title='bbox 1115 3182 1313 3238; x_wconf 83' lang='lat' dir='ltr'><strong>habere</strong></span> <span class='ocrx_word' id='word_1_256' title='bbox 1335 3182 1476 3238; x_wconf 84' lang='lat' dir='ltr'><strong>filios</strong></span> <span class='ocrx_word' id='word_1_257' title='bbox 1509 3182 1780 3247; x_wconf 80' lang='lat' dir='ltr'><strong>ﬂorentes,</strong></span> <span class='ocrx_word' id='word_1_258' title='bbox 1812 3193 1867 3240; x_wconf 91' lang='lat' dir='ltr'><strong>et</strong></span> <span class='ocrx_word' id='word_1_259' title='bbox 1899 3184 2056 3254; x_wconf 88' lang='lat' dir='ltr'><strong>juve-</strong></span> 
     </span>
    </p>
   </div>
   <div class='ocr_carea' id='block_1_33' title="bbox 473 3273 2060 3344">
    <p class='ocr_par' dir='ltr' id='par_1_33' title="bbox 473 3273 2060 3344">
     <span class='ocr_line' id='line_1_33' title="bbox 473 3273 2060 3344; baseline 0 -14"><span class='ocrx_word' id='word_1_260' title='bbox 473 3275 653 3330; x_wconf 88' lang='lat' dir='ltr'><strong>nilitcr</strong></span> <span class='ocrx_word' id='word_1_261' title='bbox 674 3275 1020 3339; x_wconf 73' lang='lat' dir='ltr'><strong>exsultantes,</strong></span> <span class='ocrx_word' id='word_1_262' title='bbox 1043 3287 1242 3344; x_wconf 85' lang='lat' dir='ltr'><strong>eosque</strong></span> <span class='ocrx_word' id='word_1_263' title='bbox 1271 3273 1545 3344; x_wconf 87' lang='lat' dir='ltr'><strong>utriusque</strong></span> <span class='ocrx_word' id='word_1_264' title='bbox 1563 3288 1748 3329; x_wconf 77' lang='lat' dir='ltr'><strong>sexus.</strong></span> <span class='ocrx_word' id='word_1_265' title='bbox 1772 3273 2060 3344; x_wconf 80' lang='lat' dir='ltr'><strong>Subjunxit</strong></span> 
     </span>
    </p>
   </div>
   <div class='ocr_carea' id='block_1_34' title="bbox 473 3365 2057 3436">
    <p class='ocr_par' dir='ltr' id='par_1_34' title="bbox 473 3365 2057 3436">
     <span class='ocr_line' id='line_1_34' title="bbox 473 3365 2057 3436; baseline -0.001 -14"><span class='ocrx_word' id='word_1_266' title='bbox 473 3382 642 3436; x_wconf 88' lang='lat' dir='ltr'><strong>ergo:</strong></span> <span class='ocrx_word' id='word_1_267' title='bbox 675 3365 830 3420; x_wconf 66' lang='lat' dir='ltr'><strong>Filia</strong></span> <span class='ocrx_word' id='word_1_268' title='bbox 868 3382 1042 3421; x_wconf 81' lang='lat' dir='ltr'><strong>eorum</strong></span> <span class='ocrx_word' id='word_1_269' title='bbox 1067 3367 1374 3436; x_wconf 68' lang='lat' dir='ltr'><strong>compositas,</strong></span> <span class='ocrx_word' id='word_1_270' title='bbox 1405 3367 1791 3423; x_wconf 75' lang='lat' dir='ltr'><strong>circumornatte</strong></span> <span class='ocrx_word' id='word_1_271' title='bbox 1816 3376 1871 3420; x_wconf 88' lang='lat' dir='ltr'><strong>ut</strong></span> <span class='ocrx_word' id='word_1_272' title='bbox 1909 3367 2057 3421; x_wconf 84' lang='lat' dir='ltr'><strong>simi-</strong></span> 
     </span>
    </p>
   </div>
   <div class='ocr_carea' id='block_1_35' title="bbox 475 3455 2053 3526">
    <p class='ocr_par' dir='ltr' id='par_1_35' title="bbox 475 3455 2053 3526">
     <span class='ocr_line' id='line_1_35' title="bbox 475 3455 2053 3526; baseline 0.003 -17"><span class='ocrx_word' id='word_1_273' title='bbox 475 3455 636 3510; x_wconf 81' lang='lat' dir='ltr'><strong>litudo</strong></span> <span class='ocrx_word' id='word_1_274' title='bbox 665 3455 981 3526; x_wconf 75' lang='lat' dir='ltr'><strong>templi.&#39;liic</strong></span> <span class='ocrx_word' id='word_1_275' title='bbox 1006 3470 1110 3510; x_wconf 86' lang='lat' dir='ltr'><strong>una</strong></span> <span class='ocrx_word' id='word_1_276' title='bbox 1137 3470 1257 3510; x_wconf 88' lang='lat' dir='ltr'><strong>cum</strong></span> <span class='ocrx_word' id='word_1_277' title='bbox 1293 3456 1573 3525; x_wconf 88' lang='lat' dir='ltr'><strong>juventute</strong></span> <span class='ocrx_word' id='word_1_278' title='bbox 1613 3457 1837 3512; x_wconf 90' lang='lat' dir='ltr'><strong>multum</strong></span> <span class='ocrx_word' id='word_1_279' title='bbox 1873 3458 2053 3513; x_wconf 81' lang='lat' dir='ltr'><strong>luxum</strong></span> 
     </span>
    </p>
   </div>
   <div class='ocr_carea' id='block_1_36' title="bbox 475 3545 2057 3617">
    <p class='ocr_par' dir='ltr' id='par_1_36' title="bbox 475 3545 2057 3617">
     <span class='ocr_line' id='line_1_36' title="bbox 475 3545 2057 3617; baseline 0.003 -16"><span class='ocrx_word' id='word_1_280' title='bbox 475 3545 724 3612; x_wconf 84' lang='lat' dir='ltr'><strong>ostendit,</strong></span> <span class='ocrx_word' id='word_1_281' title='bbox 755 3547 909 3600; x_wconf 84' lang='lat' dir='ltr'><strong>vittas</strong></span> <span class='ocrx_word' id='word_1_282' title='bbox 932 3561 1111 3602; x_wconf 86' lang='lat' dir='ltr'><strong>earum</strong></span> <span class='ocrx_word' id='word_1_283' title='bbox 1133 3545 1493 3617; x_wconf 88' lang='lat' dir='ltr'><strong>mundumque</strong></span> <span class='ocrx_word' id='word_1_284' title='bbox 1519 3549 1835 3604; x_wconf 88' lang='lat' dir='ltr'><strong>muliebrem</strong></span> <span class='ocrx_word' id='word_1_285' title='bbox 1864 3550 2057 3606; x_wconf 88' lang='lat' dir='ltr'><strong>descri-</strong></span> 
     </span>
    </p>
   </div>
   <div class='ocr_carea' id='block_1_37' title="bbox 472 3638 2051 3711">
    <p class='ocr_par' dir='ltr' id='par_1_37' title="bbox 472 3638 2051 3711">
     <span class='ocr_line' id='line_1_37' title="bbox 472 3638 2051 3711; baseline 0.003 -19"><span class='ocrx_word' id='word_1_286' title='bbox 472 3638 569 3703; x_wconf 88' lang='lat' dir='ltr'><strong>bit,</strong></span> <span class='ocrx_word' id='word_1_287' title='bbox 615 3653 733 3708; x_wconf 78' lang='lat' dir='ltr'><strong>quze</strong></span> <span class='ocrx_word' id='word_1_288' title='bbox 783 3638 996 3706; x_wconf 89' lang='lat' dir='ltr'><strong>quidem</strong></span> <span class='ocrx_word' id='word_1_289' title='bbox 1048 3639 1288 3692; x_wconf 90' lang='lat' dir='ltr'><strong>oriuntur</strong></span> <span class='ocrx_word' id='word_1_290' title='bbox 1335 3654 1402 3693; x_wconf 81' lang='lat' dir='ltr'><strong>ex</strong></span> <span class='ocrx_word' id='word_1_291' title='bbox 1440 3653 1626 3710; x_wconf 89' lang='lat' dir='ltr'><strong>magna</strong></span> <span class='ocrx_word' id='word_1_292' title='bbox 1681 3642 2051 3711; x_wconf 78' lang='lat' dir='ltr'><strong>prOSperitate.</strong></span> 
     </span>
    </p>
   </div>
   <div class='ocr_carea' id='block_1_38' title="bbox 473 3727 2052 3797">
    <p class='ocr_par' dir='ltr' id='par_1_38' title="bbox 473 3727 2052 3797">
     <span class='ocr_line' id='line_1_38' title="bbox 473 3727 2052 3797; baseline 0.004 -15"><span class='ocrx_word' id='word_1_293' title='bbox 473 3727 675 3783; x_wconf 87' lang='lat' dir='ltr'><strong>Deinde</strong></span> <span class='ocrx_word' id='word_1_294' title='bbox 701 3727 840 3797; x_wconf 79' lang='lat' dir='ltr'><strong>quod</strong></span> <span class='ocrx_word' id='word_1_295' title='bbox 880 3727 1087 3782; x_wconf 82' lang='lat' dir='ltr'><strong>videtur</strong></span> <span class='ocrx_word' id='word_1_296' title='bbox 1120 3742 1240 3784; x_wconf 88' lang='lat' dir='ltr'><strong>esse</strong></span> <span class='ocrx_word' id='word_1_297' title='bbox 1274 3729 1587 3795; x_wconf 88' lang='lat' dir='ltr'><strong>secundum,</strong></span> <span class='ocrx_word' id='word_1_298' title='bbox 1617 3729 1845 3787; x_wconf 75' lang='lat' dir='ltr'><strong>fortasse</strong></span> <span class='ocrx_word' id='word_1_299' title='bbox 1875 3741 2052 3788; x_wconf 89' lang='lat' dir='ltr'><strong>autem</strong></span> 
     </span>
    </p>
   </div>
   <div class='ocr_carea' id='block_1_39' title="bbox 471 3818 2050 3888">
    <p class='ocr_par' dir='ltr' id='par_1_39' title="bbox 471 3818 2050 3888">
     <span class='ocr_line' id='line_1_39' title="bbox 471 3818 2050 3888; baseline 0.003 -14"><span class='ocrx_word' id='word_1_300' title='bbox 471 3834 612 3874; x_wconf 77' lang='lat' dir='ltr'><strong>nunc</strong></span> <span class='ocrx_word' id='word_1_301' title='bbox 636 3827 720 3874; x_wconf 91' lang='lat' dir='ltr'><strong>est</strong></span> <span class='ocrx_word' id='word_1_302' title='bbox 763 3818 1012 3888; x_wconf 90' lang='lat' dir='ltr'><strong>primum,</strong></span> <span class='ocrx_word' id='word_1_303' title='bbox 1059 3819 1268 3874; x_wconf 86' lang='lat' dir='ltr'><strong>divitias</strong></span> <span class='ocrx_word' id='word_1_304' title='bbox 1308 3833 1494 3875; x_wconf 85' lang='lat' dir='ltr'><strong>rursus</strong></span> <span class='ocrx_word' id='word_1_305' title='bbox 1531 3820 1785 3877; x_wconf 87' lang='lat' dir='ltr'><strong>describit</strong></span> <span class='ocrx_word' id='word_1_306' title='bbox 1824 3822 2050 3879; x_wconf 87' lang='lat' dir='ltr'><strong>dicens:</strong></span> 
     </span>
    </p>
   </div>
   <div class='ocr_carea' id='block_1_40' title="bbox 472 3909 2055 3979">
    <p class='ocr_par' dir='ltr' id='par_1_40' title="bbox 472 3909 2055 3979">
     <span class='ocr_line' id='line_1_40' title="bbox 472 3909 2055 3979; baseline 0.002 -14"><span class='ocrx_word' id='word_1_307' title='bbox 472 3911 561 3965; x_wconf 71' lang='grc' dir='ltr'><strong>ιδ.</strong></span> <span class='ocrx_word' id='word_1_308' title='bbox 589 3909 949 3978; x_wconf 85' lang='lat' dir='ltr'><strong>Promptuaria</strong></span> <span class='ocrx_word' id='word_1_309' title='bbox 973 3925 1147 3963; x_wconf 87' lang='lat' dir='ltr'><strong>eorum</strong></span> <span class='ocrx_word' id='word_1_310' title='bbox 1174 3911 1344 3979; x_wconf 84' lang='lat' dir='ltr'><strong>plena,</strong></span> <span class='ocrx_word' id='word_1_311' title='bbox 1389 3912 1665 3966; x_wconf 79' lang='lat' dir='ltr'><strong>eructantia</strong></span> <span class='ocrx_word' id='word_1_312' title='bbox 1693 3928 1756 3966; x_wconf 79' lang='lat' dir='ltr'><strong>ea:</strong></span> <span class='ocrx_word' id='word_1_313' title='bbox 1779 3913 1875 3966; x_wconf 79' lang='lat' dir='ltr'><strong>hoc</strong></span> <span class='ocrx_word' id='word_1_314' title='bbox 1911 3913 1965 3967; x_wconf 89' lang='lat' dir='ltr'><strong>in</strong></span> <span class='ocrx_word' id='word_1_315' title='bbox 1987 3915 2055 3968; x_wconf 88' lang='lat' dir='ltr'><strong>il-</strong></span> 
     </span>
    </p>
   </div>
   <div class='ocr_carea' id='block_1_41' title="bbox 473 3999 2050 4074">
    <p class='ocr_par' dir='ltr' id='par_1_41' title="bbox 473 3999 2050 4074">
     <span class='ocr_line' id='line_1_41' title="bbox 473 3999 2050 4074; baseline 0.002 -20"><span class='ocrx_word' id='word_1_316' title='bbox 473 4000 582 4054; x_wconf 84' lang='lat' dir='ltr'><strong>lud.</strong></span> <span class='ocrx_word' id='word_1_317' title='bbox 616 3999 752 4066; x_wconf 84' lang='lat' dir='ltr'><strong>Quid</strong></span> <span class='ocrx_word' id='word_1_318' title='bbox 795 4008 896 4064; x_wconf 88' lang='lat' dir='ltr'><strong>est,</strong></span> <span class='ocrx_word' id='word_1_319' title='bbox 943 3999 1241 4054; x_wconf 81' lang='lat' dir='ltr'><strong>Eructantia</strong></span> <span class='ocrx_word' id='word_1_320' title='bbox 1276 4001 1458 4055; x_wconf 68' lang='lat' dir='ltr'><strong>esthoc</strong></span> <span class='ocrx_word' id='word_1_321' title='bbox 1503 4003 1556 4056; x_wconf 86' lang='lat' dir='ltr'><strong>in</strong></span> <span class='ocrx_word' id='word_1_322' title='bbox 1601 4003 1774 4058; x_wconf 78' lang='lat' dir='ltr'><strong>illud?</strong></span> <span class='ocrx_word' id='word_1_323' title='bbox 1820 4005 2050 4074; x_wconf 86' lang='lat' dir='ltr'><strong>Angusta</strong></span> 
     </span>
    </p>
   </div>
   <div class='ocr_carea' id='block_1_42' title="bbox 472 4089 2054 4162">
    <p class='ocr_par' dir='ltr' id='par_1_42' title="bbox 472 4089 2054 4162">
     <span class='ocr_line' id='line_1_42' title="bbox 472 4089 2054 4162; baseline 0.003 -19"><span class='ocrx_word' id='word_1_324' title='bbox 472 4089 852 4160; x_wconf 83' lang='lat' dir='ltr'><strong>promptuaria,</strong></span> <span class='ocrx_word' id='word_1_325' title='bbox 878 4090 1065 4159; x_wconf 88' lang='lat' dir='ltr'><strong>inquit,</strong></span> <span class='ocrx_word' id='word_1_326' title='bbox 1089 4105 1195 4146; x_wconf 92' lang='lat' dir='ltr'><strong>non</strong></span> <span class='ocrx_word' id='word_1_327' title='bbox 1215 4103 1436 4161; x_wconf 89' lang='lat' dir='ltr'><strong>possunt</strong></span> <span class='ocrx_word' id='word_1_328' title='bbox 1453 4107 1643 4162; x_wconf 88' lang='lat' dir='ltr'><strong>capere</strong></span> <span class='ocrx_word' id='word_1_329' title='bbox 1667 4093 1899 4148; x_wconf 87' lang='lat' dir='ltr'><strong>divitias.</strong></span> <span class='ocrx_word' id='word_1_330' title='bbox 1925 4092 2054 4148; x_wconf 80' lang='lat' dir='ltr'><strong>Oves</strong></span> 
     </span>
    </p>
   </div>
   <div class='ocr_carea' id='block_1_43' title="bbox 471 4183 2053 4256">
    <p class='ocr_par' dir='ltr' id='par_1_43' title="bbox 471 4183 2053 4256">
     <span class='ocr_line' id='line_1_43' title="bbox 471 4183 2053 4256; baseline 0.001 -20"><span class='ocrx_word' id='word_1_331' title='bbox 471 4199 646 4236; x_wconf 79' lang='lat' dir='ltr'><strong>eorum</strong></span> <span class='ocrx_word' id='word_1_332' title='bbox 673 4187 865 4252; x_wconf 65' lang='lat' dir='ltr'><strong>fetam,</strong></span> <span class='ocrx_word' id='word_1_333' title='bbox 892 4183 1199 4238; x_wconf 84' lang='lat' dir='ltr'><strong>abundantes</strong></span> <span class='ocrx_word' id='word_1_334' title='bbox 1235 4185 1290 4243; x_wconf 85' lang='lat' dir='ltr'><strong>in</strong></span> <span class='ocrx_word' id='word_1_335' title='bbox 1321 4185 1595 4256; x_wconf 82' lang='lat' dir='ltr'><strong>egressibus</strong></span> <span class='ocrx_word' id='word_1_336' title='bbox 1626 4187 1750 4240; x_wconf 86' lang='lat' dir='ltr'><strong>suis.</strong></span> <span class='ocrx_word' id='word_1_337' title='bbox 1779 4186 1865 4240; x_wconf 74' lang='grc' dir='ltr'><strong>Η.</strong></span> <span class='ocrx_word' id='word_1_338' title='bbox 1891 4184 2053 4239; x_wconf 78' lang='lat' dir='ltr'><strong>Boves</strong></span> 
     </span>
    </p>
   </div>
   <div class='ocr_carea' id='block_1_44' title="bbox 468 4273 2052 4347">
    <p class='ocr_par' dir='ltr' id='par_1_44' title="bbox 468 4273 2052 4347">
     <span class='ocr_line' id='line_1_44' title="bbox 468 4273 2052 4347; baseline 0.002 -19"><span class='ocrx_word' id='word_1_339' title='bbox 468 4289 644 4328; x_wconf 83' lang='lat' dir='ltr'><strong>eorum</strong></span> <span class='ocrx_word' id='word_1_340' title='bbox 671 4289 876 4328; x_wconf 64' lang='lat' dir='ltr'><strong>crassis.</strong></span> <span class='ocrx_word' id='word_1_341' title='bbox 905 4273 1029 4328; x_wconf 62' lang='lat' dir='ltr'><strong>Haec</strong></span> <span class='ocrx_word' id='word_1_342' title='bbox 1057 4291 1266 4345; x_wconf 89' lang='lat' dir='ltr'><strong>quoque</strong></span> <span class='ocrx_word' id='word_1_343' title='bbox 1293 4292 1396 4331; x_wconf 92' lang='lat' dir='ltr'><strong>non</strong></span> <span class='ocrx_word' id='word_1_344' title='bbox 1427 4277 1705 4332; x_wconf 81' lang='lat' dir='ltr'><strong>videbatur</strong></span> <span class='ocrx_word' id='word_1_345' title='bbox 1745 4291 1904 4347; x_wconf 83' lang='lat' dir='ltr'><strong>parva</strong></span> <span class='ocrx_word' id='word_1_346' title='bbox 1931 4277 2052 4332; x_wconf 86' lang='lat' dir='ltr'><strong>feli-</strong></span> 
     </span>
    </p>
   </div>
   <div class='ocr_carea' id='block_1_45' title="bbox 469 4363 2049 4434">
    <p class='ocr_par' dir='ltr' id='par_1_45' title="bbox 469 4363 2049 4434">
     <span class='ocr_line' id='line_1_45' title="bbox 469 4363 2049 4434; baseline 0.003 -17"><span class='ocrx_word' id='word_1_347' title='bbox 469 4364 625 4418; x_wconf 87' lang='lat' dir='ltr'><strong>citas.</strong></span> <span class='ocrx_word' id='word_1_348' title='bbox 659 4363 814 4433; x_wconf 89' lang='lat' dir='ltr'><strong>Apud</strong></span> <span class='ocrx_word' id='word_1_349' title='bbox 851 4366 1098 4434; x_wconf 87' lang='lat' dir='ltr'><strong>antiquos</strong></span> <span class='ocrx_word' id='word_1_350' title='bbox 1127 4367 1271 4421; x_wconf 89' lang='lat' dir='ltr'><strong>enim</strong></span> <span class='ocrx_word' id='word_1_351' title='bbox 1315 4369 1367 4420; x_wconf 92' lang='lat' dir='ltr'><strong>in</strong></span> <span class='ocrx_word' id='word_1_352' title='bbox 1411 4366 1494 4422; x_wconf 89' lang='lat' dir='ltr'><strong>his</strong></span> <span class='ocrx_word' id='word_1_353' title='bbox 1518 4369 1634 4421; x_wconf 68' lang='lat' dir='ltr'><strong>sita:</strong></span> <span class='ocrx_word' id='word_1_354' title='bbox 1658 4378 1810 4420; x_wconf 90' lang='lat' dir='ltr'><strong>erant</strong></span> <span class='ocrx_word' id='word_1_355' title='bbox 1833 4368 2049 4434; x_wconf 71' lang='lat' dir='ltr'><strong>divitiae,</strong></span> 
     </span>
    </p>
   </div>
   <div class='ocr_carea' id='block_1_46' title="bbox 469 4455 2062 4528">
    <p class='ocr_par' dir='ltr' id='par_1_46' title="bbox 469 4455 2062 4528">
     <span class='ocr_line' id='line_1_46' title="bbox 469 4455 2062 4528; baseline 0.003 -21"><span class='ocrx_word' id='word_1_356' title='bbox 469 4455 524 4508; x_wconf 89' lang='lat' dir='ltr'><strong>in</strong></span> <span class='ocrx_word' id='word_1_357' title='bbox 553 4455 832 4521; x_wconf 85' lang='lat' dir='ltr'><strong>armentis,</strong></span> <span class='ocrx_word' id='word_1_358' title='bbox 869 4455 1118 4524; x_wconf 87' lang='lat' dir='ltr'><strong>gregibus</strong></span> <span class='ocrx_word' id='word_1_359' title='bbox 1154 4463 1208 4510; x_wconf 87' lang='lat' dir='ltr'><strong>et</strong></span> <span class='ocrx_word' id='word_1_360' title='bbox 1248 4456 1562 4522; x_wconf 86' lang='lat' dir='ltr'><strong>seminibus,</strong></span> <span class='ocrx_word' id='word_1_361' title='bbox 1609 4457 1914 4528; x_wconf 90' lang='lat' dir='ltr'><strong>priusquam</strong></span> <span class='ocrx_word' id='word_1_362' title='bbox 1967 4459 2062 4522; x_wconf 89' lang='lat' dir='ltr'><strong>in-_</strong></span> 
     </span>
    </p>
   </div>
   <div class='ocr_carea' id='block_1_47' title="bbox 467 4543 2052 4601">
    <p class='ocr_par' dir='ltr' id='par_1_47' title="bbox 467 4543 2052 4601">
     <span class='ocr_line' id='line_1_47' title="bbox 467 4543 2052 4601; baseline 0.003 -6"><span class='ocrx_word' id='word_1_363' title='bbox 467 4552 624 4598; x_wconf 80' lang='lat' dir='ltr'><strong>venta</strong></span> <span class='ocrx_word' id='word_1_364' title='bbox 645 4554 786 4598; x_wconf 87' lang='lat' dir='ltr'><strong>esset</strong></span> <span class='ocrx_word' id='word_1_365' title='bbox 802 4543 1053 4598; x_wconf 87' lang='lat' dir='ltr'><strong>hodierna</strong></span> <span class='ocrx_word' id='word_1_366' title='bbox 1077 4544 1264 4598; x_wconf 82' lang='lat' dir='ltr'><strong>inertia</strong></span> <span class='ocrx_word' id='word_1_367' title='bbox 1291 4554 1346 4600; x_wconf 91' lang='lat' dir='ltr'><strong>et</strong></span> <span class='ocrx_word' id='word_1_368' title='bbox 1371 4547 1640 4600; x_wconf 81' lang='lat' dir='ltr'><strong>mollities.</strong></span> <span class='ocrx_word' id='word_1_369' title='bbox 1669 4545 1792 4600; x_wconf 90' lang='lat' dir='ltr'><strong>Non</strong></span> <span class='ocrx_word' id='word_1_370' title='bbox 1815 4557 1887 4601; x_wconf 85' lang='lat' dir='ltr'><strong>est</strong></span> <span class='ocrx_word' id='word_1_371' title='bbox 1905 4547 2052 4601; x_wconf 87' lang='lat' dir='ltr'><strong>ruina</strong></span> 
     </span>
    </p>
   </div>
   <div class='ocr_carea' id='block_1_48' title="bbox 469 4635 2050 4707">
    <p class='ocr_par' dir='ltr' id='par_1_48' title="bbox 469 4635 2050 4707">
     <span class='ocr_line' id='line_1_48' title="bbox 469 4635 2050 4707; baseline 0.003 -19"><span class='ocrx_word' id='word_1_372' title='bbox 469 4635 719 4700; x_wconf 72' lang='lat' dir='ltr'><strong>maceria,</strong></span> <span class='ocrx_word' id='word_1_373' title='bbox 751 4649 908 4705; x_wconf 74' lang='lat' dir='ltr'><strong>neque</strong></span> <span class='ocrx_word' id='word_1_374' title='bbox 935 4635 1193 4690; x_wconf 84' lang='lat' dir='ltr'><strong>transitus.</strong></span> <span class='ocrx_word' id='word_1_375' title='bbox 1243 4635 1353 4690; x_wconf 86' lang='lat' dir='ltr'><strong>Hoc</strong></span> <span class='ocrx_word' id='word_1_376' title='bbox 1395 4645 1497 4702; x_wconf 88' lang='lat' dir='ltr'><strong>est,</strong></span> <span class='ocrx_word' id='word_1_377' title='bbox 1543 4637 1598 4690; x_wconf 93' lang='lat' dir='ltr'><strong>ln</strong></span> <span class='ocrx_word' id='word_1_378' title='bbox 1643 4639 1784 4707; x_wconf 79' lang='lat' dir='ltr'><strong>agris</strong></span> <span class='ocrx_word' id='word_1_379' title='bbox 1816 4637 2050 4694; x_wconf 89' lang='lat' dir='ltr'><strong>colendis</strong></span> 
     </span>
    </p>
   </div>
   <div class='ocr_carea' id='block_1_49' title="bbox 469 4723 2049 4803">
    <p class='ocr_par' dir='ltr' id='par_1_49' title="bbox 469 4723 2049 4803">
     <span class='ocr_line' id='line_1_49' title="bbox 469 4723 2049 4803; baseline 0.003 -27"><span class='ocrx_word' id='word_1_380' title='bbox 469 4738 661 4792; x_wconf 86' lang='lat' dir='ltr'><strong>magna</strong></span> <span class='ocrx_word' id='word_1_381' title='bbox 701 4723 983 4780; x_wconf 88' lang='lat' dir='ltr'><strong>adhibetur</strong></span> <span class='ocrx_word' id='word_1_382' title='bbox 1028 4739 1175 4791; x_wconf 90' lang='lat' dir='ltr'><strong>cura,</strong></span> <span class='ocrx_word' id='word_1_383' title='bbox 1225 4725 1495 4803; x_wconf 85' lang='lat' dir='ltr'><strong>diligentia</strong></span> <span class='ocrx_word' id='word_1_384' title='bbox 1540 4734 1596 4781; x_wconf 89' lang='lat' dir='ltr'><strong>et</strong></span> <span class='ocrx_word' id='word_1_385' title='bbox 1639 4727 1895 4791; x_wconf 89' lang='lat' dir='ltr'><strong>studium,</strong></span> <span class='ocrx_word' id='word_1_386' title='bbox 1928 4743 2049 4781; x_wconf 89' lang='lat' dir='ltr'><strong>cum</strong></span> 
     </span>
    </p>
   </div>
   <div class='ocr_carea' id='block_1_50' title="bbox 468 4812 2048 4887">
    <p class='ocr_par' dir='ltr' id='par_1_50' title="bbox 468 4812 2048 4887">
     <span class='ocr_line' id='line_1_50' title="bbox 468 4812 2048 4887; baseline 0.004 -20"><span class='ocrx_word' id='word_1_387' title='bbox 468 4812 670 4868; x_wconf 82' lang='lat' dir='ltr'><strong>fructus</strong></span> <span class='ocrx_word' id='word_1_388' title='bbox 698 4813 984 4876; x_wconf 81' lang='lat' dir='ltr'><strong>luxurient,</strong></span> <span class='ocrx_word' id='word_1_389' title='bbox 1014 4829 1168 4883; x_wconf 88' lang='lat' dir='ltr'><strong>sepcs</strong></span> <span class='ocrx_word' id='word_1_390' title='bbox 1196 4825 1359 4875; x_wconf 87' lang='lat' dir='ltr'><strong>stent,</strong></span> <span class='ocrx_word' id='word_1_391' title='bbox 1391 4818 1542 4871; x_wconf 84' lang='lat' dir='ltr'><strong>vinea</strong></span> <span class='ocrx_word' id='word_1_392' title='bbox 1572 4817 1805 4887; x_wconf 91' lang='lat' dir='ltr'><strong>undique</strong></span> <span class='ocrx_word' id='word_1_393' title='bbox 1845 4820 2048 4874; x_wconf 90' lang='lat' dir='ltr'><strong>consita</strong></span> 
     </span>
    </p>
   </div>
   <div class='ocr_carea' id='block_1_51' title="bbox 467 4903 2046 4975">
    <p class='ocr_par' dir='ltr' id='par_1_51' title="bbox 467 4903 2046 4975">
     <span class='ocr_line' id='line_1_51' title="bbox 467 4903 2046 4975; baseline 0.004 -19"><span class='ocrx_word' id='word_1_394' title='bbox 467 4905 538 4958; x_wconf 84' lang='lat' dir='ltr'><strong>sit</strong></span> <span class='ocrx_word' id='word_1_395' title='bbox 570 4913 625 4958; x_wconf 86' lang='lat' dir='ltr'><strong>et</strong></span> <span class='ocrx_word' id='word_1_396' title='bbox 647 4905 868 4958; x_wconf 86' lang='lat' dir='ltr'><strong>munita.</strong></span> <span class='ocrx_word' id='word_1_397' title='bbox 913 4903 1091 4975; x_wconf 80' lang='lat' dir='ltr'><strong>Neque</strong></span> <span class='ocrx_word' id='word_1_398' title='bbox 1117 4906 1309 4959; x_wconf 86' lang='lat' dir='ltr'><strong>clamor</strong></span> <span class='ocrx_word' id='word_1_399' title='bbox 1333 4908 1387 4958; x_wconf 86' lang='lat' dir='ltr'><strong>in</strong></span> <span class='ocrx_word' id='word_1_400' title='bbox 1425 4907 1607 4974; x_wconf 80' lang='lat' dir='ltr'><strong>plateis</strong></span> <span class='ocrx_word' id='word_1_401' title='bbox 1645 4925 1835 4964; x_wconf 89' lang='lat' dir='ltr'><strong>eorum.</strong></span> <span class='ocrx_word' id='word_1_402' title='bbox 1879 4911 2046 4975; x_wconf 82' lang='lat' dir='ltr'><strong>Alius,</strong></span> 
     </span>
    </p>
   </div>
   <div class='ocr_carea' id='block_1_52' title="bbox 468 4995 2046 5067">
    <p class='ocr_par' dir='ltr' id='par_1_52' title="bbox 468 4995 2046 5067">
     <span class='ocr_line' id='line_1_52' title="bbox 468 4995 2046 5067; baseline 0.004 -19"><span class='ocrx_word' id='word_1_403' title='bbox 468 4995 538 5050; x_wconf 75' lang='lat' dir='ltr'><strong>In</strong></span> <span class='ocrx_word' id='word_1_404' title='bbox 584 4997 725 5049; x_wconf 86' lang='lat' dir='ltr'><strong>atriis</strong></span> <span class='ocrx_word' id='word_1_405' title='bbox 763 5012 955 5050; x_wconf 89' lang='lat' dir='ltr'><strong>eorum.</strong></span> <span class='ocrx_word' id='word_1_406' title='bbox 1000 4997 1157 5051; x_wconf 86' lang='lat' dir='ltr'><strong>Aliud</strong></span> <span class='ocrx_word' id='word_1_407' title='bbox 1187 5013 1354 5065; x_wconf 85' lang='lat' dir='ltr'><strong>genus</strong></span> <span class='ocrx_word' id='word_1_408' title='bbox 1400 5001 1783 5067; x_wconf 83' lang='lat' dir='ltr'><strong>prosperitatis,</strong></span> <span class='ocrx_word' id='word_1_409' title='bbox 1823 5003 1915 5054; x_wconf 87' lang='lat' dir='ltr'><strong>sed</strong></span> <span class='ocrx_word' id='word_1_410' title='bbox 1944 5018 2046 5054; x_wconf 88' lang='lat' dir='ltr'><strong>non</strong></span> 
     </span>
    </p>
   </div>
   <div class='ocr_carea' id='block_1_53' title="bbox 467 5088 2044 5160">
    <p class='ocr_par' dir='ltr' id='par_1_53' title="bbox 467 5088 2044 5160">
     <span class='ocr_line' id='line_1_53' title="bbox 467 5088 2044 5160; baseline 0.003 -18"><span class='ocrx_word' id='word_1_411' title='bbox 467 5104 591 5142; x_wconf 85' lang='lat' dir='ltr'><strong>cum</strong></span> <span class='ocrx_word' id='word_1_412' title='bbox 617 5088 1032 5158; x_wconf 88' lang='lat' dir='ltr'><strong>quibuscumque</strong></span> <span class='ocrx_word' id='word_1_413' title='bbox 1072 5089 1267 5143; x_wconf 86' lang='lat' dir='ltr'><strong>divitiis</strong></span> <span class='ocrx_word' id='word_1_414' title='bbox 1307 5091 1620 5159; x_wconf 89' lang='lat' dir='ltr'><strong>acquisitum</strong></span> <span class='ocrx_word' id='word_1_415' title='bbox 1662 5108 1894 5160; x_wconf 89' lang='lat' dir='ltr'><strong>:nempc</strong></span> <span class='ocrx_word' id='word_1_416' title='bbox 1924 5110 2044 5160; x_wconf 80' lang='lat' dir='ltr'><strong>pax,</strong></span> 
     </span>
    </p>
   </div>
   <div class='ocr_carea' id='block_1_54' title="bbox 467 5181 2038 5250">
    <p class='ocr_par' dir='ltr' id='par_1_54' title="bbox 467 5181 2038 5250">
     <span class='ocr_line' id='line_1_54' title="bbox 467 5181 2038 5250; baseline 0.003 -18"><span class='ocrx_word' id='word_1_417' title='bbox 467 5181 839 5249; x_wconf 84' lang='lat' dir='ltr'><strong>tranquillitas,</strong></span> <span class='ocrx_word' id='word_1_418' title='bbox 867 5189 919 5233; x_wconf 91' lang='lat' dir='ltr'><strong>et</strong></span> <span class='ocrx_word' id='word_1_419' title='bbox 947 5181 1235 5244; x_wconf 85' lang='lat' dir='ltr'><strong>securitas;</strong></span> <span class='ocrx_word' id='word_1_420' title='bbox 1269 5181 1445 5234; x_wconf 91' lang='lat' dir='ltr'><strong>nullus</strong></span> <span class='ocrx_word' id='word_1_421' title='bbox 1486 5183 1571 5250; x_wconf 92' lang='lat' dir='ltr'><strong>qui</strong></span> <span class='ocrx_word' id='word_1_422' title='bbox 1618 5190 1766 5250; x_wconf 88' lang='lat' dir='ltr'><strong>paret</strong></span> <span class='ocrx_word' id='word_1_423' title='bbox 1810 5184 2038 5245; x_wconf 77' lang='lat' dir='ltr'><strong>insidias,</strong></span> 
     </span>
    </p>
   </div>
   <div class='ocr_carea' id='block_1_55' title="bbox 469 5270 2046 5338">
    <p class='ocr_par' dir='ltr' id='par_1_55' title="bbox 469 5270 2046 5338">
     <span class='ocr_line' id='line_1_55' title="bbox 469 5270 2046 5338; baseline 0.004 -16"><span class='ocrx_word' id='word_1_424' title='bbox 469 5270 646 5323; x_wconf 82' lang='lat' dir='ltr'><strong>nullus</strong></span> <span class='ocrx_word' id='word_1_425' title='bbox 673 5271 761 5338; x_wconf 92' lang='lat' dir='ltr'><strong>qui</strong></span> <span class='ocrx_word' id='word_1_426' title='bbox 790 5270 985 5325; x_wconf 89' lang='lat' dir='ltr'><strong>bellum</strong></span> <span class='ocrx_word' id='word_1_427' title='bbox 1010 5281 1177 5337; x_wconf 83' lang='lat' dir='ltr'><strong>gerat,</strong></span> <span class='ocrx_word' id='word_1_428' title='bbox 1209 5271 1302 5326; x_wconf 90' lang='lat' dir='ltr'><strong>sed</strong></span> <span class='ocrx_word' id='word_1_429' title='bbox 1333 5287 1430 5326; x_wconf 90' lang='lat' dir='ltr'><strong>nec</strong></span> <span class='ocrx_word' id='word_1_430' title='bbox 1467 5273 1720 5327; x_wconf 89' lang='lat' dir='ltr'><strong>tumultus</strong></span> <span class='ocrx_word' id='word_1_431' title='bbox 1757 5273 1914 5338; x_wconf 87' lang='lat' dir='ltr'><strong>ullus,</strong></span> <span class='ocrx_word' id='word_1_432' title='bbox 1950 5290 2046 5329; x_wconf 87' lang='lat' dir='ltr'><strong>nec</strong></span> 
     </span>
    </p>
   </div>
   <div class='ocr_carea' id='block_1_56' title="bbox 469 5361 2046 5434">
    <p class='ocr_par' dir='ltr' id='par_1_56' title="bbox 469 5361 2046 5434">
     <span class='ocr_line' id='line_1_56' title="bbox 469 5361 2046 5434; baseline 0.003 -20"><span class='ocrx_word' id='word_1_433' title='bbox 469 5362 816 5427; x_wconf 88' lang='lat' dir='ltr'><strong>perturbatio.</strong></span> <span class='ocrx_word' id='word_1_434' title='bbox 860 5363 947 5416; x_wconf 80' lang='grc'><strong>15.</strong></span> <span class='ocrx_word' id='word_1_435' title='bbox 995 5361 1206 5416; x_wconf 83' lang='lat' dir='ltr'><strong>Beatum</strong></span> <span class='ocrx_word' id='word_1_436' title='bbox 1247 5365 1482 5417; x_wconf 73' lang='lat' dir='ltr'><strong>dixerunt</strong></span> <span class='ocrx_word' id='word_1_437' title='bbox 1531 5365 1793 5434; x_wconf 80' lang='lat' dir='ltr'><strong>papttlum,</strong></span> <span class='ocrx_word' id='word_1_438' title='bbox 1832 5366 1913 5418; x_wconf 86' lang='lat' dir='ltr'><strong>cui</strong></span> <span class='ocrx_word' id='word_1_439' title='bbox 1942 5366 2046 5419; x_wconf 76' lang='lat' dir='ltr'><strong>hwc</strong></span> 
     </span>
    </p>
   </div>
   <div class='ocr_carea' id='block_1_57' title="bbox 467 5450 2044 5526">
    <p class='ocr_par' dir='ltr' id='par_1_57' title="bbox 467 5450 2044 5526">
     <span class='ocr_line' id='line_1_57' title="bbox 467 5450 2044 5526; baseline 0.006 -24"><span class='ocrx_word' id='word_1_440' title='bbox 467 5462 603 5506; x_wconf 79' lang='lat' dir='ltr'><strong>sunt.</strong></span> <span class='ocrx_word' id='word_1_441' title='bbox 633 5450 823 5506; x_wconf 79' lang='lat' dir='ltr'><strong>Beatus</strong></span> <span class='ocrx_word' id='word_1_442' title='bbox 852 5456 1089 5522; x_wconf 82' lang='lat' dir='ltr'><strong>populus,</strong></span> <span class='ocrx_word' id='word_1_443' title='bbox 1112 5455 1256 5521; x_wconf 75' lang='lat' dir='ltr'><strong>cuius</strong></span> <span class='ocrx_word' id='word_1_444' title='bbox 1281 5454 1527 5510; x_wconf 83' lang='lat' dir='ltr'><strong>Dominus</strong></span> <span class='ocrx_word' id='word_1_445' title='bbox 1545 5455 1682 5509; x_wconf 82' lang='lat' dir='ltr'><strong>Deus</strong></span> <span class='ocrx_word' id='word_1_446' title='bbox 1702 5458 1828 5526; x_wconf 79' lang='lat' dir='ltr'><strong>ejus.</strong></span> <span class='ocrx_word' id='word_1_447' title='bbox 1857 5456 2044 5512; x_wconf 76' lang='lat' dir='ltr'><strong>Vidisti</strong></span> 
     </span>
    </p>
   </div>
   <div class='ocr_carea' id='block_1_58' title="bbox 528 5549 2044 5622">
    <p class='ocr_par' dir='ltr' id='par_1_58' title="bbox 528 5549 2044 5622">
     <span class='ocr_line' id='line_1_58' title="bbox 528 5549 2044 5622; baseline 0.011 -26"><span class='ocrx_word' id='word_1_448' title='bbox 528 5549 717 5622; x_wconf 45' lang='lat' dir='ltr'><strong>2(filGr.</strong></span> <span class='ocrx_word' id='word_1_449' title='bbox 747 5554 1180 5622; x_wconf 49' lang='lat' dir='ltr'><strong>.eaiuaroctiiaxez.</strong></span> <span class='ocrx_word' id='word_1_450' title='bbox 1209 5557 1290 5605; x_wconf 81' lang='lat' dir='ltr'><strong>Sic</strong></span> <span class='ocrx_word' id='word_1_451' title='bbox 1311 5558 1357 5622; x_wconf 81' lang='lat' dir='ltr'><strong>in</strong></span> <span class='ocrx_word' id='word_1_452' title='bbox 1381 5557 1782 5622; x_wconf 73' lang='lat' dir='ltr'><strong>inscriptionibus</strong></span> <span class='ocrx_word' id='word_1_453' title='bbox 1811 5575 2044 5613; x_wconf 68' lang='lat' dir='ltr'><strong>Vocantur</strong></span> 
     </span>
    </p>
   </div>
   <div class='ocr_carea' id='block_1_59' title="bbox 472 5610 2043 5683">
    <p class='ocr_par' dir='ltr' id='par_1_59' title="bbox 472 5610 2043 5683">
     <span class='ocr_line' id='line_1_59' title="bbox 472 5610 2043 5683; baseline 0 -8"><span class='ocrx_word' id='word_1_454' title='bbox 472 5610 758 5683; x_wconf 4' lang='lat' dir='ltr'><strong>Times-33d</strong></span> <span class='ocrx_word' id='word_1_455' title='bbox 807 5610 1483 5683; x_wconf 36' lang='lat' dir='ltr'><strong>Imperélol‘ummpmrsitlium</strong></span> <span class='ocrx_word' id='word_1_456' title='bbox 1532 5610 1781 5683; x_wconf 69' lang='lat' dir='ltr'><strong>&#39;doputati.</strong></span> <span class='ocrx_word' id='word_1_457' title='bbox 1822 5610 2043 5675; x_wconf 51' lang='lat' dir='ltr'><strong>bin-bnis</strong></span> 
     </span>
    </p>
   </div>
   <div class='ocr_carea' id='block_1_60' title="bbox 477 5670 2042 5747">
    <p class='ocr_par' dir='ltr' id='par_1_60' title="bbox 477 5670 2042 5747">
     <span class='ocr_line' id='line_1_60' title="bbox 477 5670 2042 5747; baseline 0.015 -35"><span class='ocrx_word' id='word_1_458' title='bbox 477 5670 683 5747; x_wconf 46' lang='lat' dir='ltr'><strong>Sugaris</strong></span> <span class='ocrx_word' id='word_1_459' title='bbox 705 5670 908 5747; x_wconf 56' lang='lat' dir='ltr'><strong>gorpore</strong></span> <span class='ocrx_word' id='word_1_460' title='bbox 930 5681 1104 5747; x_wconf 71' lang='lat' dir='ltr'><strong>custos.</strong></span> <span class='ocrx_word' id='word_1_461' title='bbox 1149 5670 1341 5747; x_wconf 63' lang='lat' dir='ltr'><strong>Cliutdii</strong></span> <span class='ocrx_word' id='word_1_462' title='bbox 1362 5681 1575 5747; x_wconf 75' lang='lat' dir='ltr'><strong>_t,‘rt&#39;_sa_ris</strong></span> <span class='ocrx_word' id='word_1_463' title='bbox 1599 5670 1804 5747; x_wconf 45' lang='lat' dir='ltr'><strong>Augusti</strong></span> <span class='ocrx_word' id='word_1_464' title='bbox 1825 5670 2042 5747; x_wconf 42' lang='lat' dir='ltr'><strong>ibiibi};</strong></span> 
     </span>
    </p>
   </div>
   <div class='ocr_carea' id='block_1_61' title="bbox 471 5732 2040 5799">
    <p class='ocr_par' dir='ltr' id='par_1_61' title="bbox 471 5732 2040 5799">
     <span class='ocr_line' id='line_1_61' title="bbox 471 5732 2040 5799; baseline 0.018 -27"><span class='ocrx_word' id='word_1_465' title='bbox 471 5732 1120 5799; x_wconf 22' lang='lat' dir='ltr'><strong>cus-tus,hllgreulehadlmc</strong></span> <span class='ocrx_word' id='word_1_466' title='bbox 1173 5741 1311 5789; x_wconf 63' lang='lat' dir='ltr'><strong>bonw</strong></span> <span class='ocrx_word' id='word_1_467' title='bbox 1343 5742 1637 5793; x_wconf 76' lang='lat' dir='ltr'><strong>‘Latinitalis</strong></span> <span class='ocrx_word' id='word_1_468' title='bbox 1678 5732 2040 5799; x_wconf 45' lang='lat' dir='ltr'><strong>za-cuttti&#39;iiiié</strong></span> 
     </span>
    </p>
   </div>
   <div class='ocr_carea' id='block_1_62' title="bbox 473 5792 1141 5857">
    <p class='ocr_par' dir='ltr' id='par_1_62' title="bbox 473 5792 1141 5857">
     <span class='ocr_line' id='line_1_62' title="bbox 473 5792 1141 5857; baseline 0.015 -22"><span class='ocrx_word' id='word_1_469' title='bbox 473 5792 714 5850; x_wconf 84' lang='lat' dir='ltr'><strong>Antiquit.</strong></span> <span class='ocrx_word' id='word_1_470' title='bbox 742 5792 879 5842; x_wconf 85' lang='lat' dir='ltr'><strong>Tom.</strong></span> <span class='ocrx_word' id='word_1_471' title='bbox 919 5797 963 5856; x_wconf 82' lang='grc'><strong>5,</strong></span> <span class='ocrx_word' id='word_1_472' title='bbox 993 5811 1040 5857; x_wconf 75' lang='grc' dir='ltr'><strong>[ν.</strong></span> <span class='ocrx_word' id='word_1_473' title='bbox 1071 5796 1141 5845; x_wconf 78' lang='grc'><strong>16.</strong></span> 
     </span>
    </p>
   </div>
   <div class='ocr_carea' id='block_1_63' title="bbox 1232 315 3040 418">
    <p class='ocr_par' dir='ltr' id='par_1_63' title="bbox 1232 315 3040 418">
     <span class='ocr_line' id='line_1_63' title="bbox 1232 315 3040 418; baseline 0.003 -8"><span class='ocrx_word' id='word_1_474' title='bbox 1232 352 1290 410; x_wconf 89' lang='lat' dir='ltr'><strong>S.</strong></span> <span class='ocrx_word' id='word_1_475' title='bbox 1329 351 1604 409; x_wconf 78' lang='lat' dir='ltr'><strong>JOANNiS</strong></span> <span class='ocrx_word' id='word_1_476' title='bbox 1640 349 2112 409; x_wconf 77' lang='lat' dir='ltr'><strong>CHRYSOSTOMI</strong></span> <span class='ocrx_word' id='word_1_477' title='bbox 2150 315 2468 411; x_wconf 64' lang='lat' dir='ltr'><strong>AliClllEP.</strong></span> <span class='ocrx_word' id='word_1_478' title='bbox 2509 355 3040 418; x_wconf 72' lang='lat' dir='ltr'><strong>CONSTANTINOP.</strong></span> 
     </span>
    </p>
   </div>
   <div class='ocr_carea' id='block_1_64' title="bbox 3653 374 3755 430">
    <p class='ocr_par' dir='ltr' id='par_1_64' title="bbox 3653 374 3755 430">
     <span class='ocr_line' id='line_1_64' title="bbox 3653 374 3755 430; baseline 0.02 -3"><span class='ocrx_word' id='word_1_479' title='bbox 3653 374 3755 430; x_wconf 65' lang='lat'><strong>411$</strong></span> 
     </span>
    </p>
   </div>
   <div class='ocr_carea' id='block_1_65' title="bbox 2176 468 3759 548">
    <p class='ocr_par' dir='ltr' id='par_1_65' title="bbox 2176 468 3759 548">
     <span class='ocr_line' id='line_1_65' title="bbox 2176 468 3759 548; baseline 0.016 -30"><span class='ocrx_word' id='word_1_480' title='bbox 2176 468 2275 522; x_wconf 88' lang='lat' dir='ltr'><strong>viri</strong></span> <span class='ocrx_word' id='word_1_481' title='bbox 2319 470 2603 528; x_wconf 78' lang='lat' dir='ltr'><strong>virtutem?</strong></span> <span class='ocrx_word' id='word_1_482' title='bbox 2649 475 2932 546; x_wconf 86' lang='lat' dir='ltr'><strong>Postquam</strong></span> <span class='ocrx_word' id='word_1_483' title='bbox 2980 495 3167 536; x_wconf 88' lang='lat' dir='ltr'><strong>omnes</strong></span> <span class='ocrx_word' id='word_1_484' title='bbox 3197 481 3410 538; x_wconf 83' lang='lat' dir='ltr'><strong>divitias</strong></span> <span class='ocrx_word' id='word_1_485' title='bbox 3438 485 3677 548; x_wconf 77' lang='lat' dir='ltr'><strong>adduxit,</strong></span> <span class='ocrx_word' id='word_1_486' title='bbox 3706 501 3759 543; x_wconf 87' lang='lat' dir='ltr'><strong>et</strong></span> 
     </span>
    </p>
   </div>
   <div class='ocr_carea' id='block_1_66' title="bbox 2171 561 3758 647">
    <p class='ocr_par' dir='ltr' id='par_1_66' title="bbox 2171 561 3758 647">
     <span class='ocr_line' id='line_1_66' title="bbox 2171 561 3758 647; baseline 0.015 -36"><span class='ocrx_word' id='word_1_487' title='bbox 2171 571 2263 612; x_wconf 88' lang='lat' dir='ltr'><strong>eas</strong></span> <span class='ocrx_word' id='word_1_488' title='bbox 2291 561 2468 618; x_wconf 83' lang='lat' dir='ltr'><strong>verbis</strong></span> <span class='ocrx_word' id='word_1_489' title='bbox 2511 577 2860 635; x_wconf 85' lang='lat' dir='ltr'><strong>persequutus</strong></span> <span class='ocrx_word' id='word_1_490' title='bbox 2899 581 3002 635; x_wconf 88' lang='lat' dir='ltr'><strong>est,</strong></span> <span class='ocrx_word' id='word_1_491' title='bbox 3047 581 3103 627; x_wconf 92' lang='lat' dir='ltr'><strong>et</strong></span> <span class='ocrx_word' id='word_1_492' title='bbox 3146 573 3340 631; x_wconf 86' lang='lat' dir='ltr'><strong>deinde</strong></span> <span class='ocrx_word' id='word_1_493' title='bbox 3382 579 3525 647; x_wconf 81' lang='lat' dir='ltr'><strong>vulgi</strong></span> <span class='ocrx_word' id='word_1_494' title='bbox 3565 579 3636 634; x_wconf 92' lang='lat' dir='ltr'><strong>de</strong></span> <span class='ocrx_word' id='word_1_495' title='bbox 3683 583 3758 635; x_wconf 75' lang='lat' dir='ltr'><strong>eis</strong></span> 
     </span>
    </p>
   </div>
   <div class='ocr_carea' id='block_1_67' title="bbox 2169 653 3761 733">
    <p class='ocr_par' dir='ltr' id='par_1_67' title="bbox 2169 653 3761 733">
     <span class='ocr_line' id='line_1_67' title="bbox 2169 653 3761 733; baseline 0.015 -31"><span class='ocrx_word' id='word_1_496' title='bbox 2169 653 2488 707; x_wconf 85' lang='lat' dir='ltr'><strong>sententiam</strong></span> <span class='ocrx_word' id='word_1_497' title='bbox 2513 656 2704 721; x_wconf 87' lang='lat' dir='ltr'><strong>attulit,</strong></span> <span class='ocrx_word' id='word_1_498' title='bbox 2734 673 2801 712; x_wconf 83' lang='lat' dir='ltr'><strong>ex</strong></span> <span class='ocrx_word' id='word_1_499' title='bbox 2830 657 2911 715; x_wconf 84' lang='lat' dir='ltr'><strong>bis</strong></span> <span class='ocrx_word' id='word_1_500' title='bbox 2940 661 3071 718; x_wconf 82' lang='lat' dir='ltr'><strong>nihil</strong></span> <span class='ocrx_word' id='word_1_501' title='bbox 3098 663 3146 717; x_wconf 90' lang='lat' dir='ltr'><strong>ei</strong></span> <span class='ocrx_word' id='word_1_502' title='bbox 3173 663 3389 720; x_wconf 87' lang='lat' dir='ltr'><strong>humani</strong></span> <span class='ocrx_word' id='word_1_503' title='bbox 3411 667 3623 733; x_wconf 55' lang='lat' dir='ltr'><strong>arridit,</strong></span> <span class='ocrx_word' id='word_1_504' title='bbox 3658 687 3761 726; x_wconf 83' lang='lat' dir='ltr'><strong>nec</strong></span> 
     </span>
    </p>
   </div>
   <div class='ocr_carea' id='block_1_68' title="bbox 2171 745 3760 827">
    <p class='ocr_par' dir='ltr' id='par_1_68' title="bbox 2171 745 3760 827">
     <span class='ocr_line' id='line_1_68' title="bbox 2171 745 3760 827; baseline 0.016 -34"><span class='ocrx_word' id='word_1_505' title='bbox 2171 753 2265 793; x_wconf 88' lang='lat' dir='ltr'><strong>eos</strong></span> <span class='ocrx_word' id='word_1_506' title='bbox 2300 758 2418 797; x_wconf 88' lang='lat' dir='ltr'><strong>esse</strong></span> <span class='ocrx_word' id='word_1_507' title='bbox 2447 745 2631 800; x_wconf 87' lang='lat' dir='ltr'><strong>beatos</strong></span> <span class='ocrx_word' id='word_1_508' title='bbox 2657 749 2926 805; x_wconf 80' lang='lat' dir='ltr'><strong>existimat</strong></span> <span class='ocrx_word' id='word_1_509' title='bbox 2968 753 3055 821; x_wconf 92' lang='lat' dir='ltr'><strong>qui</strong></span> <span class='ocrx_word' id='word_1_510' title='bbox 3087 753 3202 809; x_wconf 81' lang='lat' dir='ltr'><strong>haec</strong></span> <span class='ocrx_word' id='word_1_511' title='bbox 3229 757 3524 827; x_wconf 84' lang='lat' dir='ltr'><strong>possident,</strong></span> <span class='ocrx_word' id='word_1_512' title='bbox 3552 761 3648 814; x_wconf 86' lang='lat' dir='ltr'><strong>sed</strong></span> <span class='ocrx_word' id='word_1_513' title='bbox 3675 760 3760 818; x_wconf 89' lang='lat' dir='ltr'><strong>his</strong></span> 
     </span>
    </p>
   </div>
   <div class='ocr_carea' id='block_1_69' title="bbox 2170 833 3761 908">
    <p class='ocr_par' dir='ltr' id='par_1_69' title="bbox 2170 833 3761 908">
     <span class='ocr_line' id='line_1_69' title="bbox 2170 833 3761 908; baseline 0.014 -23"><span class='ocrx_word' id='word_1_514' title='bbox 2170 833 2418 889; x_wconf 90' lang='lat' dir='ltr'><strong>omnibus</strong></span> <span class='ocrx_word' id='word_1_515' title='bbox 2470 840 2875 908; x_wconf 65' lang='lat' dir='ltr'><strong>prmtermissis,</strong></span> <span class='ocrx_word' id='word_1_516' title='bbox 2925 843 2992 898; x_wconf 91' lang='lat' dir='ltr'><strong>ad</strong></span> <span class='ocrx_word' id='word_1_517' title='bbox 3033 861 3221 901; x_wconf 77' lang='lat' dir='ltr'><strong>verum</strong></span> <span class='ocrx_word' id='word_1_518' title='bbox 3263 847 3569 905; x_wconf 86' lang='lat' dir='ltr'><strong>thesaurum</strong></span> <span class='ocrx_word' id='word_1_519' title='bbox 3611 865 3761 906; x_wconf 82' lang='lat' dir='ltr'><strong>suam</strong></span> 
     </span>
    </p>
   </div>
   <div class='ocr_carea' id='block_1_70' title="bbox 2171 925 3760 1008">
    <p class='ocr_par' dir='ltr' id='par_1_70' title="bbox 2171 925 3760 1008">
     <span class='ocr_line' id='line_1_70' title="bbox 2171 925 3760 1008; baseline 0.012 -32"><span class='ocrx_word' id='word_1_520' title='bbox 2171 925 2409 979; x_wconf 82' lang='lat' dir='ltr'><strong>extendit</strong></span> <span class='ocrx_word' id='word_1_521' title='bbox 2433 925 2835 986; x_wconf 86' lang='lat' dir='ltr'><strong>beatitudinem.</strong></span> <span class='ocrx_word' id='word_1_522' title='bbox 2883 931 3007 1000; x_wconf 87' lang='lat' dir='ltr'><strong>Alii,</strong></span> <span class='ocrx_word' id='word_1_523' title='bbox 3058 935 3246 1005; x_wconf 91' lang='lat' dir='ltr'><strong>inquit,</strong></span> <span class='ocrx_word' id='word_1_524' title='bbox 3278 953 3372 994; x_wconf 90' lang='lat' dir='ltr'><strong>eos</strong></span> <span class='ocrx_word' id='word_1_525' title='bbox 3397 941 3486 1008; x_wconf 87' lang='lat' dir='ltr'><strong>qui</strong></span> <span class='ocrx_word' id='word_1_526' title='bbox 3517 939 3634 994; x_wconf 57' lang='lat' dir='ltr'><strong>base</strong></span> <span class='ocrx_word' id='word_1_527' title='bbox 3665 939 3760 994; x_wconf 86' lang='lat' dir='ltr'><strong>ba-</strong></span> 
     </span>
    </p>
   </div>
   <div class='ocr_carea' id='block_1_71' title="bbox 2170 1013 3758 1097">
    <p class='ocr_par' dir='ltr' id='par_1_71' title="bbox 2170 1013 3758 1097">
     <span class='ocr_line' id='line_1_71' title="bbox 2170 1013 3758 1097; baseline 0.012 -29"><span class='ocrx_word' id='word_1_528' title='bbox 2170 1013 2332 1080; x_wconf 89' lang='lat' dir='ltr'><strong>bent,</strong></span> <span class='ocrx_word' id='word_1_529' title='bbox 2361 1017 2543 1072; x_wconf 90' lang='lat' dir='ltr'><strong>beatos</strong></span> <span class='ocrx_word' id='word_1_530' title='bbox 2570 1034 2689 1076; x_wconf 89' lang='lat' dir='ltr'><strong>esse</strong></span> <span class='ocrx_word' id='word_1_531' title='bbox 2713 1021 2964 1080; x_wconf 82' lang='lat' dir='ltr'><strong>dixerunt</strong></span> <span class='ocrx_word' id='word_1_532' title='bbox 2997 1045 3010 1079; x_wconf 91' lang='lat'><strong>:</strong></span> <span class='ocrx_word' id='word_1_533' title='bbox 3051 1041 3152 1097; x_wconf 90' lang='lat' dir='ltr'><strong>ego</strong></span> <span class='ocrx_word' id='word_1_534' title='bbox 3187 1037 3364 1084; x_wconf 88' lang='lat' dir='ltr'><strong>autem</strong></span> <span class='ocrx_word' id='word_1_535' title='bbox 3393 1029 3610 1086; x_wconf 88' lang='lat' dir='ltr'><strong>beatum</strong></span> <span class='ocrx_word' id='word_1_536' title='bbox 3641 1033 3758 1086; x_wconf 73' lang='lat' dir='ltr'><strong>exi-</strong></span> 
     </span>
    </p>
   </div>
   <div class='ocr_carea' id='block_1_72' title="bbox 2168 1107 3759 1190">
    <p class='ocr_par' dir='ltr' id='par_1_72' title="bbox 2168 1107 3759 1190">
     <span class='ocr_line' id='line_1_72' title="bbox 2168 1107 3759 1190; baseline 0.01 -29"><span class='ocrx_word' id='word_1_537' title='bbox 2168 1107 2330 1161; x_wconf 82' lang='lat' dir='ltr'><strong>Stimo</strong></span> <span class='ocrx_word' id='word_1_538' title='bbox 2344 1109 2614 1178; x_wconf 87' lang='lat' dir='ltr'><strong>populum,</strong></span> <span class='ocrx_word' id='word_1_539' title='bbox 2644 1111 2802 1182; x_wconf 81' lang='lat' dir='ltr'><strong>Cujus</strong></span> <span class='ocrx_word' id='word_1_540' title='bbox 2821 1122 2894 1168; x_wconf 86' lang='lat' dir='ltr'><strong>est</strong></span> <span class='ocrx_word' id='word_1_541' title='bbox 2919 1113 3168 1172; x_wconf 84' lang='lat' dir='ltr'><strong>Dominus</strong></span> <span class='ocrx_word' id='word_1_542' title='bbox 3185 1117 3324 1174; x_wconf 88' lang='lat' dir='ltr'><strong>Deus</strong></span> <span class='ocrx_word' id='word_1_543' title='bbox 3343 1121 3452 1190; x_wconf 86' lang='lat' dir='ltr'><strong>ejus</strong></span> <span class='ocrx_word' id='word_1_544' title='bbox 3475 1136 3496 1174; x_wconf 89' lang='lat'><strong><em>:</em></strong></span> <span class='ocrx_word' id='word_1_545' title='bbox 3527 1123 3630 1176; x_wconf 88' lang='lat' dir='ltr'><strong>hoc</strong></span> <span class='ocrx_word' id='word_1_546' title='bbox 3653 1137 3759 1177; x_wconf 90' lang='lat' dir='ltr'><strong>uno</strong></span> 
     </span>
    </p>
   </div>
   <div class='ocr_carea' id='block_1_73' title="bbox 2171 1197 3759 1284">
    <p class='ocr_par' dir='ltr' id='par_1_73' title="bbox 2171 1197 3759 1284">
     <span class='ocr_line' id='line_1_73' title="bbox 2171 1197 3759 1284; baseline 0.013 -37"><span class='ocrx_word' id='word_1_547' title='bbox 2171 1197 2456 1253; x_wconf 89' lang='lat' dir='ltr'><strong>ostendens</strong></span> <span class='ocrx_word' id='word_1_548' title='bbox 2473 1213 2686 1254; x_wconf 88' lang='lat' dir='ltr'><strong>omnem</strong></span> <span class='ocrx_word' id='word_1_549' title='bbox 2713 1202 3036 1271; x_wconf 87' lang='lat' dir='ltr'><strong>felicitatem,</strong></span> <span class='ocrx_word' id='word_1_550' title='bbox 3063 1222 3251 1264; x_wconf 88' lang='lat' dir='ltr'><strong>omnes</strong></span> <span class='ocrx_word' id='word_1_551' title='bbox 3269 1207 3531 1266; x_wconf 87' lang='lat' dir='ltr'><strong>bonorum</strong></span> <span class='ocrx_word' id='word_1_552' title='bbox 3552 1213 3759 1284; x_wconf 83' lang='lat' dir='ltr'><strong>copias,</strong></span> 
     </span>
    </p>
   </div>
   <div class='ocr_carea' id='block_1_74' title="bbox 2169 1289 3758 1370">
    <p class='ocr_par' dir='ltr' id='par_1_74' title="bbox 2169 1289 3758 1370">
     <span class='ocr_line' id='line_1_74' title="bbox 2169 1289 3758 1370; baseline 0.013 -32"><span class='ocrx_word' id='word_1_553' title='bbox 2169 1299 2358 1340; x_wconf 87' lang='lat' dir='ltr'><strong>omnes</strong></span> <span class='ocrx_word' id='word_1_554' title='bbox 2392 1302 2540 1356; x_wconf 88' lang='lat' dir='ltr'><strong>opes.</strong></span> <span class='ocrx_word' id='word_1_555' title='bbox 2588 1289 2682 1345; x_wconf 88' lang='lat' dir='ltr'><strong>Illa</strong></span> <span class='ocrx_word' id='word_1_556' title='bbox 2708 1293 2852 1348; x_wconf 88' lang='lat' dir='ltr'><strong>enim</strong></span> <span class='ocrx_word' id='word_1_557' title='bbox 2889 1296 3255 1363; x_wconf 69' lang='lat' dir='ltr'><strong>praeterﬂuunt</strong></span> <span class='ocrx_word' id='word_1_558' title='bbox 3301 1307 3358 1353; x_wconf 92' lang='lat' dir='ltr'><strong>et</strong></span> <span class='ocrx_word' id='word_1_559' title='bbox 3411 1309 3758 1370; x_wconf 64' lang='lat' dir='ltr'><strong>praetereunt,</strong></span> 
     </span>
    </p>
   </div>
   <div class='ocr_carea' id='block_1_75' title="bbox 2170 1373 3759 1460">
    <p class='ocr_par' dir='ltr' id='par_1_75' title="bbox 2170 1373 3759 1460">
     <span class='ocr_line' id='line_1_75' title="bbox 2170 1373 3759 1460; baseline 0.014 -34"><span class='ocrx_word' id='word_1_560' title='bbox 2170 1373 2284 1430; x_wconf 83' lang='lat' dir='ltr'><strong>haec</strong></span> <span class='ocrx_word' id='word_1_561' title='bbox 2305 1391 2434 1430; x_wconf 90' lang='lat' dir='ltr'><strong>vero</strong></span> <span class='ocrx_word' id='word_1_562' title='bbox 2464 1377 2733 1435; x_wconf 87' lang='lat' dir='ltr'><strong>beatitudo</strong></span> <span class='ocrx_word' id='word_1_563' title='bbox 2763 1395 2942 1439; x_wconf 90' lang='lat' dir='ltr'><strong>manet</strong></span> <span class='ocrx_word' id='word_1_564' title='bbox 2968 1397 3240 1456; x_wconf 90' lang='lat' dir='ltr'><strong>perpetuo,</strong></span> <span class='ocrx_word' id='word_1_565' title='bbox 3271 1404 3392 1444; x_wconf 90' lang='lat' dir='ltr'><strong>cum</strong></span> <span class='ocrx_word' id='word_1_566' title='bbox 3424 1406 3522 1460; x_wconf 92' lang='lat' dir='ltr'><strong>pro</strong></span> <span class='ocrx_word' id='word_1_567' title='bbox 3546 1393 3759 1459; x_wconf 82' lang='lat' dir='ltr'><strong>ovibus,</strong></span> 
     </span>
    </p>
   </div>
   <div class='ocr_carea' id='block_1_76' title="bbox 2169 1463 3758 1542">
    <p class='ocr_par' dir='ltr' id='par_1_76' title="bbox 2169 1463 3758 1542">
     <span class='ocr_line' id='line_1_76' title="bbox 2169 1463 3758 1542; baseline 0.013 -25"><span class='ocrx_word' id='word_1_568' title='bbox 2169 1463 2309 1531; x_wconf 83' lang='lat' dir='ltr'><strong>filiis,</strong></span> <span class='ocrx_word' id='word_1_569' title='bbox 2339 1466 2531 1536; x_wconf 88' lang='lat' dir='ltr'><strong>bobus,</strong></span> <span class='ocrx_word' id='word_1_570' title='bbox 2549 1472 2864 1541; x_wconf 87' lang='lat' dir='ltr'><strong>sepimento,</strong></span> <span class='ocrx_word' id='word_1_571' title='bbox 2894 1483 2947 1530; x_wconf 91' lang='lat' dir='ltr'><strong>et</strong></span> <span class='ocrx_word' id='word_1_572' title='bbox 2970 1477 3145 1542; x_wconf 78' lang='lat' dir='ltr'><strong>vinea,</strong></span> <span class='ocrx_word' id='word_1_573' title='bbox 3171 1478 3265 1533; x_wconf 90' lang='lat' dir='ltr'><strong>Dei</strong></span> <span class='ocrx_word' id='word_1_574' title='bbox 3287 1479 3559 1536; x_wconf 86' lang='lat' dir='ltr'><strong>beatitudo</strong></span> <span class='ocrx_word' id='word_1_575' title='bbox 3583 1481 3758 1538; x_wconf 84' lang='lat' dir='ltr'><strong>futura</strong></span> 
     </span>
    </p>
   </div>
   <div class='ocr_carea' id='block_1_77' title="bbox 2167 1553 3760 1640">
    <p class='ocr_par' dir='ltr' id='par_1_77' title="bbox 2167 1553 3760 1640">
     <span class='ocr_line' id='line_1_77' title="bbox 2167 1553 3760 1640; baseline 0.014 -34"><span class='ocrx_word' id='word_1_576' title='bbox 2167 1555 2238 1608; x_wconf 87' lang='lat' dir='ltr'><strong>sit</strong></span> <span class='ocrx_word' id='word_1_577' title='bbox 2275 1553 2491 1623; x_wconf 69' lang='lat' dir='ltr'><strong>divitiae,</strong></span> <span class='ocrx_word' id='word_1_578' title='bbox 2523 1562 2802 1627; x_wconf 85' lang='lat' dir='ltr'><strong>securitas,</strong></span> <span class='ocrx_word' id='word_1_579' title='bbox 2847 1576 2899 1618; x_wconf 91' lang='lat' dir='ltr'><strong>et</strong></span> <span class='ocrx_word' id='word_1_580' title='bbox 2928 1580 3116 1621; x_wconf 90' lang='lat' dir='ltr'><strong>murus</strong></span> <span class='ocrx_word' id='word_1_581' title='bbox 3145 1569 3592 1640; x_wconf 80' lang='lat' dir='ltr'><strong>inexpugnabilis.</strong></span> <span class='ocrx_word' id='word_1_582' title='bbox 3625 1574 3760 1629; x_wconf 88' lang='lat' dir='ltr'><strong>Cum</strong></span> 
     </span>
    </p>
   </div>
   <div class='ocr_carea' id='block_1_78' title="bbox 2168 1647 3765 1731">
    <p class='ocr_par' dir='ltr' id='par_1_78' title="bbox 2168 1647 3765 1731">
     <span class='ocr_line' id='line_1_78' title="bbox 2168 1647 3765 1731; baseline 0.014 -35"><span class='ocrx_word' id='word_1_583' title='bbox 2168 1657 2230 1696; x_wconf 88' lang='lat' dir='ltr'><strong>ea</strong></span> <span class='ocrx_word' id='word_1_584' title='bbox 2260 1658 2387 1716; x_wconf 88' lang='lat' dir='ltr'><strong>ergo</strong></span> <span class='ocrx_word' id='word_1_585' title='bbox 2413 1647 2606 1703; x_wconf 90' lang='lat' dir='ltr'><strong>auditis</strong></span> <span class='ocrx_word' id='word_1_586' title='bbox 2627 1689 2644 1716; x_wconf 93' lang='lat'><strong>,</strong></span> <span class='ocrx_word' id='word_1_587' title='bbox 2689 1653 2835 1707; x_wconf 91' lang='lat' dir='ltr'><strong>nullo</strong></span> <span class='ocrx_word' id='word_1_588' title='bbox 2861 1658 3476 1731; x_wconf 52' lang='lat' dir='ltr'><strong>eortttilperturbemini.</strong></span> <span class='ocrx_word' id='word_1_589' title='bbox 3521 1662 3619 1718; x_wconf 88' lang='lat' dir='ltr'><strong>sed</strong></span> <span class='ocrx_word' id='word_1_590' title='bbox 3645 1679 3765 1718; x_wconf 85' lang='lat' dir='ltr'><strong>um-</strong></span> 
     </span>
    </p>
   </div>
   <div class='ocr_carea' id='block_1_79' title="bbox 2168 1738 3764 1823">
    <p class='ocr_par' dir='ltr' id='par_1_79' title="bbox 2168 1738 3764 1823">
     <span class='ocr_line' id='line_1_79' title="bbox 2168 1738 3764 1823; baseline 0.013 -30"><span class='ocrx_word' id='word_1_591' title='bbox 2168 1738 2295 1794; x_wconf 87' lang='lat' dir='ltr'><strong>bras</strong></span> <span class='ocrx_word' id='word_1_592' title='bbox 2322 1753 2816 1814; x_wconf 74' lang='lat' dir='ltr'><strong>praetercurrentes,</strong></span> <span class='ocrx_word' id='word_1_593' title='bbox 2859 1749 3138 1805; x_wconf 82' lang='lat' dir='ltr'><strong>veritatem</strong></span> <span class='ocrx_word' id='word_1_594' title='bbox 3167 1752 3572 1823; x_wconf 86' lang='lat' dir='ltr'><strong>apprehendite.</strong></span> <span class='ocrx_word' id='word_1_595' title='bbox 3605 1754 3764 1813; x_wconf 77' lang='lat' dir='ltr'><strong>Prius</strong></span> 
     </span>
    </p>
   </div>
   <div class='ocr_carea' id='block_1_80' title="bbox 2167 1832 3764 1914">
    <p class='ocr_par' dir='ltr' id='par_1_80' title="bbox 2167 1832 3764 1914">
     <span class='ocr_line' id='line_1_80' title="bbox 2167 1832 3764 1914; baseline 0.014 -29"><span class='ocrx_word' id='word_1_596' title='bbox 2167 1833 2310 1887; x_wconf 91' lang='lat' dir='ltr'><strong>enim</strong></span> <span class='ocrx_word' id='word_1_597' title='bbox 2336 1832 2469 1889; x_wconf 80' lang='lat' dir='ltr'><strong>dixit</strong></span> <span class='ocrx_word' id='word_1_598' title='bbox 2515 1834 2784 1893; x_wconf 88' lang='lat' dir='ltr'><strong>hominem</strong></span> <span class='ocrx_word' id='word_1_599' title='bbox 2833 1842 3060 1898; x_wconf 87' lang='lat' dir='ltr'><strong>similem</strong></span> <span class='ocrx_word' id='word_1_600' title='bbox 3097 1858 3220 1900; x_wconf 85' lang='lat' dir='ltr'><strong>esse</strong></span> <span class='ocrx_word' id='word_1_601' title='bbox 3262 1847 3500 1914; x_wconf 86' lang='lat' dir='ltr'><strong>vanitati,</strong></span> <span class='ocrx_word' id='word_1_602' title='bbox 3548 1859 3604 1905; x_wconf 92' lang='lat' dir='ltr'><strong>et</strong></span> <span class='ocrx_word' id='word_1_603' title='bbox 3645 1851 3764 1908; x_wconf 85' lang='lat' dir='ltr'><strong>dies</strong></span> 
     </span>
    </p>
   </div>
   <div class='ocr_carea' id='block_1_81' title="bbox 2166 1925 3762 2013">
    <p class='ocr_par' dir='ltr' id='par_1_81' title="bbox 2166 1925 3762 2013">
     <span class='ocr_line' id='line_1_81' title="bbox 2166 1925 3762 2013; baseline 0.011 -33"><span class='ocrx_word' id='word_1_604' title='bbox 2166 1925 2282 1995; x_wconf 87' lang='lat' dir='ltr'><strong>ejus</strong></span> <span class='ocrx_word' id='word_1_605' title='bbox 2307 1934 2573 1997; x_wconf 87' lang='lat' dir='ltr'><strong>tamquam</strong></span> <span class='ocrx_word' id='word_1_606' title='bbox 2600 1931 2844 1987; x_wconf 89' lang='lat' dir='ltr'><strong>umbram</strong></span> <span class='ocrx_word' id='word_1_607' title='bbox 2872 1934 3166 2004; x_wconf 84' lang='lat' dir='ltr'><strong>praeterire.</strong></span> <span class='ocrx_word' id='word_1_608' title='bbox 3194 1937 3251 1992; x_wconf 92' lang='lat' dir='ltr'><strong>Si</strong></span> <span class='ocrx_word' id='word_1_609' title='bbox 3285 1938 3484 1995; x_wconf 88' lang='lat' dir='ltr'><strong>videris</strong></span> <span class='ocrx_word' id='word_1_610' title='bbox 3511 1955 3643 2013; x_wconf 86' lang='lat' dir='ltr'><strong>ergo</strong></span> <span class='ocrx_word' id='word_1_611' title='bbox 3663 1943 3762 1997; x_wconf 80' lang='lat' dir='ltr'><strong>ali-</strong></span> 
     </span>
    </p>
   </div>
   <div class='ocr_carea' id='block_1_82' title="bbox 2165 2016 3759 2104">
    <p class='ocr_par' dir='ltr' id='par_1_82' title="bbox 2165 2016 3759 2104">
     <span class='ocr_line' id='line_1_82' title="bbox 2165 2016 3759 2104; baseline 0.013 -35"><span class='ocrx_word' id='word_1_612' title='bbox 2165 2031 2301 2086; x_wconf 86' lang='lat' dir='ltr'><strong>quos</strong></span> <span class='ocrx_word' id='word_1_613' title='bbox 2327 2016 2411 2073; x_wconf 88' lang='lat' dir='ltr'><strong>his</strong></span> <span class='ocrx_word' id='word_1_614' title='bbox 2435 2020 2684 2077; x_wconf 89' lang='lat' dir='ltr'><strong>omnibus</strong></span> <span class='ocrx_word' id='word_1_615' title='bbox 2713 2021 3016 2092; x_wconf 75' lang='lat' dir='ltr'><strong>afﬂuentes,</strong></span> <span class='ocrx_word' id='word_1_616' title='bbox 3045 2027 3096 2082; x_wconf 92' lang='lat' dir='ltr'><strong>in</strong></span> <span class='ocrx_word' id='word_1_617' title='bbox 3134 2029 3343 2085; x_wconf 88' lang='lat' dir='ltr'><strong>scelere</strong></span> <span class='ocrx_word' id='word_1_618' title='bbox 3367 2031 3529 2086; x_wconf 90' lang='lat' dir='ltr'><strong>vitam</strong></span> <span class='ocrx_word' id='word_1_619' title='bbox 3554 2048 3718 2104; x_wconf 86' lang='lat' dir='ltr'><strong>agere</strong></span> <span class='ocrx_word' id='word_1_620' title='bbox 3744 2053 3759 2089; x_wconf 89' lang='lat'><strong>:</strong></span> 
     </span>
    </p>
   </div>
   <div class='ocr_carea' id='block_1_83' title="bbox 2164 2105 3760 2191">
    <p class='ocr_par' dir='ltr' id='par_1_83' title="bbox 2164 2105 3760 2191">
     <span class='ocr_line' id='line_1_83' title="bbox 2164 2105 3760 2191; baseline 0.014 -33"><span class='ocrx_word' id='word_1_621' title='bbox 2164 2105 2375 2161; x_wconf 89' lang='lat' dir='ltr'><strong>etiamsi</strong></span> <span class='ocrx_word' id='word_1_622' title='bbox 2400 2109 2679 2167; x_wconf 88' lang='lat' dir='ltr'><strong>universus</strong></span> <span class='ocrx_word' id='word_1_623' title='bbox 2705 2119 2967 2169; x_wconf 89' lang='lat' dir='ltr'><strong>terrarum</strong></span> <span class='ocrx_word' id='word_1_624' title='bbox 3003 2116 3150 2174; x_wconf 89' lang='lat' dir='ltr'><strong>orbis</strong></span> <span class='ocrx_word' id='word_1_625' title='bbox 3189 2133 3286 2176; x_wconf 84' lang='lat' dir='ltr'><strong>eos</strong></span> <span class='ocrx_word' id='word_1_626' title='bbox 3327 2120 3512 2178; x_wconf 88' lang='lat' dir='ltr'><strong>beatos</strong></span> <span class='ocrx_word' id='word_1_627' title='bbox 3532 2123 3760 2191; x_wconf 86' lang='lat' dir='ltr'><strong>judicet,</strong></span> 
     </span>
    </p>
   </div>
   <div class='ocr_carea' id='block_1_84' title="bbox 2169 2200 3760 2270">
    <p class='ocr_par' dir='ltr' id='par_1_84' title="bbox 2169 2200 3760 2270">
     <span class='ocr_line' id='line_1_84' title="bbox 2169 2200 3760 2270; baseline 0.013 -21"><span class='ocrx_word' id='word_1_628' title='bbox 2169 2203 2223 2250; x_wconf 92' lang='lat' dir='ltr'><strong>tu</strong></span> <span class='ocrx_word' id='word_1_629' title='bbox 2249 2211 2343 2252; x_wconf 91' lang='lat' dir='ltr'><strong>eos</strong></span> <span class='ocrx_word' id='word_1_630' title='bbox 2366 2214 2487 2254; x_wconf 89' lang='lat' dir='ltr'><strong>esse</strong></span> <span class='ocrx_word' id='word_1_631' title='bbox 2509 2200 2746 2259; x_wconf 80' lang='lat' dir='ltr'><strong>infelices</strong></span> <span class='ocrx_word' id='word_1_632' title='bbox 2775 2213 2830 2259; x_wconf 89' lang='lat' dir='ltr'><strong>et</strong></span> <span class='ocrx_word' id='word_1_633' title='bbox 2870 2207 3096 2263; x_wconf 87' lang='lat' dir='ltr'><strong>miseros</strong></span> <span class='ocrx_word' id='word_1_634' title='bbox 3120 2209 3362 2266; x_wconf 83' lang='lat' dir='ltr'><strong>existima</strong></span> <span class='ocrx_word' id='word_1_635' title='bbox 3391 2228 3406 2266; x_wconf 89' lang='lat'><strong>:</strong></span> <span class='ocrx_word' id='word_1_636' title='bbox 3443 2226 3539 2268; x_wconf 88' lang='lat' dir='ltr'><strong>eos</strong></span> <span class='ocrx_word' id='word_1_637' title='bbox 3577 2223 3760 2270; x_wconf 84' lang='lat' dir='ltr'><strong>autem</strong></span> 
     </span>
    </p>
   </div>
   <div class='ocr_carea' id='block_1_85' title="bbox 2165 2285 3762 2373">
    <p class='ocr_par' dir='ltr' id='par_1_85' title="bbox 2165 2285 3762 2373">
     <span class='ocr_line' id='line_1_85' title="bbox 2165 2285 3762 2373; baseline 0.016 -36"><span class='ocrx_word' id='word_1_638' title='bbox 2165 2285 2253 2353; x_wconf 91' lang='lat' dir='ltr'><strong>qui</strong></span> <span class='ocrx_word' id='word_1_639' title='bbox 2281 2301 2340 2341; x_wconf 89' lang='lat' dir='ltr'><strong>se</strong></span> <span class='ocrx_word' id='word_1_640' title='bbox 2379 2287 2490 2344; x_wconf 91' lang='lat' dir='ltr'><strong>Deo</strong></span> <span class='ocrx_word' id='word_1_641' title='bbox 2527 2289 2858 2360; x_wconf 76' lang='lat' dir='ltr'><strong>dedicarem,</strong></span> <span class='ocrx_word' id='word_1_642' title='bbox 2898 2295 3076 2352; x_wconf 86' lang='lat' dir='ltr'><strong>felices</strong></span> <span class='ocrx_word' id='word_1_643' title='bbox 3110 2311 3163 2354; x_wconf 92' lang='lat' dir='ltr'><strong>et</strong></span> <span class='ocrx_word' id='word_1_644' title='bbox 3205 2299 3392 2358; x_wconf 84' lang='lat' dir='ltr'><strong>beatos</strong></span> <span class='ocrx_word' id='word_1_645' title='bbox 3410 2313 3621 2373; x_wconf 88' lang='lat' dir='ltr'><strong>reputa.</strong></span> <span class='ocrx_word' id='word_1_646' title='bbox 3649 2306 3762 2362; x_wconf 84' lang='lat' dir='ltr'><strong>Nos</strong></span> 
     </span>
    </p>
   </div>
   <div class='ocr_carea' id='block_1_86' title="bbox 2169 2385 3762 2460">
    <p class='ocr_par' dir='ltr' id='par_1_86' title="bbox 2169 2385 3762 2460">
     <span class='ocr_line' id='line_1_86' title="bbox 2169 2385 3762 2460; baseline 0.014 -34"><span class='ocrx_word' id='word_1_647' title='bbox 2169 2389 2299 2430; x_wconf 86' lang='lat' dir='ltr'><strong>vero</strong></span> <span class='ocrx_word' id='word_1_648' title='bbox 2323 2391 2510 2433; x_wconf 88' lang='lat' dir='ltr'><strong>omnes</strong></span> <span class='ocrx_word' id='word_1_649' title='bbox 2549 2394 2645 2436; x_wconf 88' lang='lat' dir='ltr'><strong>eas</strong></span> <span class='ocrx_word' id='word_1_650' title='bbox 2682 2395 2894 2454; x_wconf 90' lang='lat' dir='ltr'><strong>semper</strong></span> <span class='ocrx_word' id='word_1_651' title='bbox 2940 2385 3152 2443; x_wconf 88' lang='lat' dir='ltr'><strong>divitias</strong></span> <span class='ocrx_word' id='word_1_652' title='bbox 3177 2404 3500 2460; x_wconf 64' lang='lat' dir='ltr'><strong>quaeramus,</strong></span> <span class='ocrx_word' id='word_1_653' title='bbox 3536 2395 3762 2449; x_wconf 76' lang='lat' dir='ltr'><strong>ethunc</strong></span> 
     </span>
    </p>
   </div>
   <div class='ocr_carea' id='block_1_87' title="bbox 2167 2465 3761 2546">
    <p class='ocr_par' dir='ltr' id='par_1_87' title="bbox 2167 2465 3761 2546">
     <span class='ocr_line' id='line_1_87' title="bbox 2167 2465 3761 2546; baseline 0.014 -27"><span class='ocrx_word' id='word_1_654' title='bbox 2167 2465 2546 2526; x_wconf 85' lang='lat' dir='ltr'><strong>beatitudinem</strong></span> <span class='ocrx_word' id='word_1_655' title='bbox 2571 2489 2586 2526; x_wconf 88' lang='lat'><strong>:</strong></span> <span class='ocrx_word' id='word_1_656' title='bbox 2614 2483 2672 2528; x_wconf 89' lang='lat' dir='ltr'><strong>ut</strong></span> <span class='ocrx_word' id='word_1_657' title='bbox 2697 2482 2754 2530; x_wconf 88' lang='lat' dir='ltr'><strong>et</strong></span> <span class='ocrx_word' id='word_1_658' title='bbox 2779 2477 3062 2546; x_wconf 64' lang='lat' dir='ltr'><strong>prmeentia</strong></span> <span class='ocrx_word' id='word_1_659' title='bbox 3092 2478 3230 2536; x_wconf 91' lang='lat' dir='ltr'><strong>bona</strong></span> <span class='ocrx_word' id='word_1_660' title='bbox 3275 2491 3328 2538; x_wconf 91' lang='lat' dir='ltr'><strong>et</strong></span> <span class='ocrx_word' id='word_1_661' title='bbox 3371 2480 3542 2539; x_wconf 88' lang='lat' dir='ltr'><strong>futura</strong></span> <span class='ocrx_word' id='word_1_662' title='bbox 3569 2501 3761 2541; x_wconf 82' lang='lat' dir='ltr'><strong>consc-</strong></span> 
     </span>
    </p>
   </div>
   <div class='ocr_carea' id='block_1_88' title="bbox 2163 2564 3757 2633">
    <p class='ocr_par' dir='ltr' id='par_1_88' title="bbox 2163 2564 3757 2633">
     <span class='ocr_line' id='line_1_88' title="bbox 2163 2564 3757 2633; baseline 0.016 -24"><span class='ocrx_word' id='word_1_663' title='bbox 2163 2571 2410 2627; x_wconf 86' lang='lat' dir='ltr'><strong>qnamur,</strong></span> <span class='ocrx_word' id='word_1_664' title='bbox 2457 2564 2629 2633; x_wconf 87' lang='lat' dir='ltr'><strong>gratia</strong></span> <span class='ocrx_word' id='word_1_665' title='bbox 2674 2574 2730 2620; x_wconf 91' lang='lat' dir='ltr'><strong>et</strong></span> <span class='ocrx_word' id='word_1_666' title='bbox 2773 2569 3138 2625; x_wconf 83' lang='lat' dir='ltr'><strong>misericordia</strong></span> <span class='ocrx_word' id='word_1_667' title='bbox 3181 2572 3394 2628; x_wconf 90' lang='lat' dir='ltr'><strong>Domini</strong></span> <span class='ocrx_word' id='word_1_668' title='bbox 3430 2577 3597 2631; x_wconf 89' lang='lat' dir='ltr'><strong>nostri</strong></span> <span class='ocrx_word' id='word_1_669' title='bbox 3628 2576 3757 2633; x_wconf 80' lang='lat' dir='ltr'><strong>lesu</strong></span> 
     </span>
    </p>
   </div>
   <div class='ocr_carea' id='block_1_89' title="bbox 2161 2647 3756 2728">
    <p class='ocr_par' dir='ltr' id='par_1_89' title="bbox 2161 2647 3756 2728">
     <span class='ocr_line' id='line_1_89' title="bbox 2161 2647 3756 2728; baseline 0.013 -26"><span class='ocrx_word' id='word_1_670' title='bbox 2161 2647 2382 2718; x_wconf 88' lang='lat' dir='ltr'><strong>Christi,</strong></span> <span class='ocrx_word' id='word_1_671' title='bbox 2410 2653 2496 2707; x_wconf 88' lang='lat' dir='ltr'><strong>cui</strong></span> <span class='ocrx_word' id='word_1_672' title='bbox 2523 2654 2691 2723; x_wconf 84' lang='lat' dir='ltr'><strong>gloria</strong></span> <span class='ocrx_word' id='word_1_673' title='bbox 2712 2663 2766 2711; x_wconf 92' lang='lat' dir='ltr'><strong>et</strong></span> <span class='ocrx_word' id='word_1_674' title='bbox 2790 2657 3091 2728; x_wconf 86' lang='lat' dir='ltr'><strong>imperium,</strong></span> <span class='ocrx_word' id='word_1_675' title='bbox 3115 2662 3168 2717; x_wconf 93' lang='lat' dir='ltr'><strong>in</strong></span> <span class='ocrx_word' id='word_1_676' title='bbox 3189 2665 3384 2719; x_wconf 65' lang='lat' dir='ltr'><strong>saecula</strong></span> <span class='ocrx_word' id='word_1_677' title='bbox 3408 2667 3756 2723; x_wconf 61' lang='lat' dir='ltr'><strong>seculorum.</strong></span> 
     </span>
    </p>
   </div>
   <div class='ocr_carea' id='block_1_90' title="bbox 2163 2741 2355 2798">
    <p class='ocr_par' dir='ltr' id='par_1_90' title="bbox 2163 2741 2355 2798">
     <span class='ocr_line' id='line_1_90' title="bbox 2163 2741 2355 2798; baseline 0 -2"><span class='ocrx_word' id='word_1_678' title='bbox 2163 2741 2355 2798; x_wconf 85' lang='lat' dir='ltr'><strong>Amen.</strong></span> 
     </span>
    </p>
   </div>
   <div class='ocr_carea' id='block_1_91' title="bbox 2613 2861 3288 2924">
    <p class='ocr_par' dir='ltr' id='par_1_91' title="bbox 2613 2861 3288 2924">
     <span class='ocr_line' id='line_1_91' title="bbox 2613 2861 3288 2924; baseline 0.009 -8"><span class='ocrx_word' id='word_1_679' title='bbox 2613 2861 2682 2916; x_wconf 82' lang='lat' dir='ltr'><strong>IN</strong></span> <span class='ocrx_word' id='word_1_680' title='bbox 2712 2861 3035 2922; x_wconf 65' lang='lat' dir='ltr'><strong>PSAIMUH</strong></span> <span class='ocrx_word' id='word_1_681' title='bbox 3059 2866 3288 2924; x_wconf 76' lang='lat' dir='ltr'><strong>CXLIV.</strong></span> 
     </span>
    </p>
   </div>
   <div class='ocr_carea' id='block_1_92' title="bbox 2163 2949 3754 3038">
    <p class='ocr_par' dir='ltr' id='par_1_92' title="bbox 2163 2949 3754 3038">
     <span class='ocr_line' id='line_1_92' title="bbox 2163 2949 3754 3038; baseline 0.012 -20"><span class='ocrx_word' id='word_1_682' title='bbox 2163 2965 2218 3018; x_wconf 72' lang='lat' dir='ltr'><strong>i.</strong></span> <span class='ocrx_word' id='word_1_683' title='bbox 2245 2964 2496 3024; x_wconf 71' lang='lat' dir='ltr'><strong>Eultabo</strong></span> <span class='ocrx_word' id='word_1_684' title='bbox 2517 2976 2583 3036; x_wconf 87' lang='lat' dir='ltr'><strong>te,</strong></span> <span class='ocrx_word' id='word_1_685' title='bbox 2601 2968 2742 3026; x_wconf 86' lang='lat' dir='ltr'><strong>Deus</strong></span> <span class='ocrx_word' id='word_1_686' title='bbox 2766 2987 2924 3038; x_wconf 73' lang='lat' dir='ltr'><strong>naeus,</strong></span> <span class='ocrx_word' id='word_1_687' title='bbox 2951 2972 3065 3029; x_wconf 82' lang='lat' dir='ltr'><strong>Rea:</strong></span> <span class='ocrx_word' id='word_1_688' title='bbox 3082 2992 3253 3030; x_wconf 87' lang='lat' dir='ltr'><strong>meus:</strong></span> <span class='ocrx_word' id='word_1_689' title='bbox 3275 2986 3324 3031; x_wconf 87' lang='lat' dir='ltr'><strong>et</strong></span> <span class='ocrx_word' id='word_1_690' title='bbox 3349 2949 3639 3035; x_wconf 76' lang='lat' dir='ltr'><strong>benedicarn</strong></span> <span class='ocrx_word' id='word_1_691' title='bbox 3658 2999 3754 3038; x_wconf 86' lang='lat' dir='ltr'><strong>no-</strong></span> 
     </span>
    </p>
   </div>
   <div class='ocr_carea' id='block_1_93' title="bbox 2325 3057 3570 3128">
    <p class='ocr_par' dir='ltr' id='par_1_93' title="bbox 2325 3057 3570 3128">
     <span class='ocr_line' id='line_1_93' title="bbox 2325 3057 3570 3128; baseline 0.014 -19"><span class='ocrx_word' id='word_1_692' title='bbox 2325 3057 2456 3110; x_wconf 81' lang='lat' dir='ltr'><strong>mini</strong></span> <span class='ocrx_word' id='word_1_693' title='bbox 2481 3059 2641 3113; x_wconf 81' lang='lat' dir='ltr'><strong>tuoin</strong></span> <span class='ocrx_word' id='word_1_694' title='bbox 2663 3061 2929 3128; x_wconf 74' lang='lat' dir='ltr'><strong>mulum,</strong></span> <span class='ocrx_word' id='word_1_695' title='bbox 2960 3071 3006 3117; x_wconf 90' lang='lat' dir='ltr'><strong>et</strong></span> <span class='ocrx_word' id='word_1_696' title='bbox 3030 3065 3084 3119; x_wconf 89' lang='lat' dir='ltr'><strong>in</strong></span> <span class='ocrx_word' id='word_1_697' title='bbox 3104 3067 3347 3121; x_wconf 72' lang='lat' dir='ltr'><strong>saeculum</strong></span> <span class='ocrx_word' id='word_1_698' title='bbox 3373 3071 3570 3126; x_wconf 71' lang='lat' dir='ltr'><strong>saeculi.</strong></span> 
     </span>
    </p>
   </div>
   <div class='ocr_carea' id='block_1_94' title="bbox 2234 3168 3754 3244">
    <p class='ocr_par' dir='ltr' id='par_1_94' title="bbox 2234 3168 3754 3244">
     <span class='ocr_line' id='line_1_94' title="bbox 2234 3168 3754 3244; baseline 0.012 -22"><span class='ocrx_word' id='word_1_699' title='bbox 2234 3168 2288 3222; x_wconf 74' lang='grc' dir='ltr'><strong>Ι.</strong></span> <span class='ocrx_word' id='word_1_700' title='bbox 2318 3168 2532 3225; x_wconf 82' lang='lat' dir='ltr'><strong>Carnem</strong></span> <span class='ocrx_word' id='word_1_701' title='bbox 2568 3179 2616 3225; x_wconf 84' lang='lat' dir='ltr'><strong>et</strong></span> <span class='ocrx_word' id='word_1_702' title='bbox 2639 3174 2936 3244; x_wconf 81' lang='lat' dir='ltr'><strong>sanguinem</strong></span> <span class='ocrx_word' id='word_1_703' title='bbox 2975 3174 3165 3231; x_wconf 76' lang='lat' dir='ltr'><strong>Christi</strong></span> <span class='ocrx_word' id='word_1_704' title='bbox 3197 3179 3413 3235; x_wconf 81' lang='lat' dir='ltr'><strong>edimus.</strong></span> <span class='ocrx_word' id='word_1_705' title='bbox 3461 3180 3754 3240; x_wconf 78' lang='lat' dir='ltr'><strong>Benedictio</strong></span> 
     </span>
    </p>
   </div>
   <div class='ocr_carea' id='block_1_95' title="bbox 2161 3260 3754 3339">
    <p class='ocr_par' dir='ltr' id='par_1_95' title="bbox 2161 3260 3754 3339">
     <span class='ocr_line' id='line_1_95' title="bbox 2161 3260 3754 3339; baseline 0.013 -30"><span class='ocrx_word' id='word_1_706' title='bbox 2161 3274 2252 3330; x_wconf 80' lang='lat' dir='ltr'><strong>per</strong></span> <span class='ocrx_word' id='word_1_707' title='bbox 2271 3271 2352 3314; x_wconf 83' lang='lat' dir='ltr'><strong>res</strong></span> <span class='ocrx_word' id='word_1_708' title='bbox 2369 3261 2527 3332; x_wconf 83' lang='lat' dir='ltr'><strong>ipsas.</strong></span> <span class='ocrx_word' id='word_1_709' title='bbox 2557 3260 2728 3318; x_wconf 84' lang='lat' dir='ltr'><strong>Homo</strong></span> <span class='ocrx_word' id='word_1_710' title='bbox 2752 3281 2844 3319; x_wconf 83' lang='lat' dir='ltr'><strong>cur</strong></span> <span class='ocrx_word' id='word_1_711' title='bbox 2869 3265 3056 3336; x_wconf 82' lang='lat' dir='ltr'><strong>factus.</strong></span> <span class='ocrx_word' id='word_1_712' title='bbox 3085 3265 3185 3322; x_wconf 87' lang='lat' dir='ltr'><strong>Dei</strong></span> <span class='ocrx_word' id='word_1_713' title='bbox 3207 3270 3262 3324; x_wconf 87' lang='lat' dir='ltr'><strong>in</strong></span> <span class='ocrx_word' id='word_1_714' title='bbox 3287 3286 3380 3324; x_wconf 92' lang='lat' dir='ltr'><strong>nos</strong></span> <span class='ocrx_word' id='word_1_715' title='bbox 3398 3272 3658 3339; x_wconf 71' lang='lat' dir='ltr'><strong>base/icio.</strong></span> <span class='ocrx_word' id='word_1_716' title='bbox 3681 3304 3754 3317; x_wconf 89' lang='lat'><strong><em>—</em></strong></span> 
     </span>
    </p>
   </div>
   <div class='ocr_carea' id='block_1_96' title="bbox 2161 3347 3753 3423">
    <p class='ocr_par' dir='ltr' id='par_1_96' title="bbox 2161 3347 3753 3423">
     <span class='ocr_line' id='line_1_96' title="bbox 2161 3347 3753 3423; baseline 0.012 -21"><span class='ocrx_word' id='word_1_717' title='bbox 2161 3347 2261 3404; x_wconf 89' lang='lat' dir='ltr'><strong>llic</strong></span> <span class='ocrx_word' id='word_1_718' title='bbox 2285 3348 2528 3406; x_wconf 88' lang='lat' dir='ltr'><strong>Psalmus</strong></span> <span class='ocrx_word' id='word_1_719' title='bbox 2560 3352 2844 3423; x_wconf 79' lang='lat' dir='ltr'><strong>diligenter</strong></span> <span class='ocrx_word' id='word_1_720' title='bbox 2877 3357 3233 3414; x_wconf 89' lang='lat' dir='ltr'><strong>attendendus</strong></span> <span class='ocrx_word' id='word_1_721' title='bbox 3257 3369 3361 3416; x_wconf 89' lang='lat' dir='ltr'><strong>est.</strong></span> <span class='ocrx_word' id='word_1_722' title='bbox 3393 3361 3490 3418; x_wconf 78' lang='lat' dir='ltr'><strong>Hic</strong></span> <span class='ocrx_word' id='word_1_723' title='bbox 3512 3377 3656 3419; x_wconf 81' lang='lat' dir='ltr'><strong>enim</strong></span> <span class='ocrx_word' id='word_1_724' title='bbox 3687 3381 3753 3421; x_wconf 86' lang='lat' dir='ltr'><strong>us</strong></span> 
     </span>
    </p>
   </div>
   <div class='ocr_carea' id='block_1_97' title="bbox 2159 3443 3750 3521">
    <p class='ocr_par' dir='ltr' id='par_1_97' title="bbox 2159 3443 3750 3521">
     <span class='ocr_line' id='line_1_97' title="bbox 2159 3443 3750 3521; baseline 0.011 -27"><span class='ocrx_word' id='word_1_725' title='bbox 2159 3449 2368 3496; x_wconf 87' lang='lat' dir='ltr'><strong>constat</strong></span> <span class='ocrx_word' id='word_1_726' title='bbox 2396 3443 2591 3512; x_wconf 86' lang='lat' dir='ltr'><strong>verbis,</strong></span> <span class='ocrx_word' id='word_1_727' title='bbox 2616 3461 2734 3515; x_wconf 86' lang='lat' dir='ltr'><strong>quae</strong></span> <span class='ocrx_word' id='word_1_728' title='bbox 2757 3447 2846 3517; x_wconf 91' lang='lat' dir='ltr'><strong>qui</strong></span> <span class='ocrx_word' id='word_1_729' title='bbox 2875 3458 3001 3502; x_wconf 88' lang='lat' dir='ltr'><strong>sunt</strong></span> <span class='ocrx_word' id='word_1_730' title='bbox 3028 3451 3296 3520; x_wconf 87' lang='lat' dir='ltr'><strong>mysteriis</strong></span> <span class='ocrx_word' id='word_1_731' title='bbox 3315 3456 3511 3510; x_wconf 85' lang='lat' dir='ltr'><strong>nostris</strong></span> <span class='ocrx_word' id='word_1_732' title='bbox 3537 3457 3750 3521; x_wconf 85' lang='lat' dir='ltr'><strong>initiati,</strong></span> 
     </span>
    </p>
   </div>
   <div class='ocr_carea' id='block_1_98' title="bbox 2159 3530 3749 3614">
    <p class='ocr_par' dir='ltr' id='par_1_98' title="bbox 2159 3530 3749 3614">
     <span class='ocr_line' id='line_1_98' title="bbox 2159 3530 3749 3614; baseline 0.013 -31"><span class='ocrx_word' id='word_1_733' title='bbox 2159 3530 2370 3586; x_wconf 88' lang='lat' dir='ltr'><strong>assidue</strong></span> <span class='ocrx_word' id='word_1_734' title='bbox 2397 3534 2676 3590; x_wconf 80' lang='lat' dir='ltr'><strong>succinum</strong></span> <span class='ocrx_word' id='word_1_735' title='bbox 2714 3537 2952 3593; x_wconf 86' lang='lat' dir='ltr'><strong>dicentes</strong></span> <span class='ocrx_word' id='word_1_736' title='bbox 2983 3557 2997 3592; x_wconf 87' lang='lat'><strong>:</strong></span> <span class='ocrx_word' id='word_1_737' title='bbox 3034 3539 3183 3594; x_wconf 82' lang='lat' dir='ltr'><strong>Oculi</strong></span> <span class='ocrx_word' id='word_1_738' title='bbox 3207 3544 3430 3598; x_wconf 85' lang='lat' dir='ltr'><strong>omnium</strong></span> <span class='ocrx_word' id='word_1_739' title='bbox 3455 3546 3510 3600; x_wconf 82' lang='lat' dir='ltr'><strong>in</strong></span> <span class='ocrx_word' id='word_1_740' title='bbox 3558 3557 3606 3602; x_wconf 89' lang='lat' dir='ltr'><strong>te</strong></span> <span class='ocrx_word' id='word_1_741' title='bbox 3629 3565 3749 3614; x_wconf 85' lang='lat' dir='ltr'><strong>spe-</strong></span> 
     </span>
    </p>
   </div>
   <div class='ocr_carea' id='block_1_99' title="bbox 2157 3624 3750 3707">
    <p class='ocr_par' dir='ltr' id='par_1_99' title="bbox 2157 3624 3750 3707">
     <span class='ocr_line' id='line_1_99' title="bbox 2157 3624 3750 3707; baseline 0.011 -34"><span class='ocrx_word' id='word_1_742' title='bbox 2157 3629 2294 3686; x_wconf 85' lang='lat' dir='ltr'><strong>rant,</strong></span> <span class='ocrx_word' id='word_1_743' title='bbox 2321 3629 2368 3674; x_wconf 88' lang='lat' dir='ltr'><strong>et</strong></span> <span class='ocrx_word' id='word_1_744' title='bbox 2395 3631 2450 3675; x_wconf 91' lang='lat' dir='ltr'><strong>tu</strong></span> <span class='ocrx_word' id='word_1_745' title='bbox 2485 3624 2578 3677; x_wconf 87' lang='lat' dir='ltr'><strong>das</strong></span> <span class='ocrx_word' id='word_1_746' title='bbox 2604 3625 2769 3707; x_wconf 77' lang='lat' dir='ltr'><strong>cibum</strong></span> <span class='ocrx_word' id='word_1_747' title='bbox 2806 3643 2979 3681; x_wconf 84' lang='lat' dir='ltr'><strong>eorum</strong></span> <span class='ocrx_word' id='word_1_748' title='bbox 3006 3629 3061 3682; x_wconf 86' lang='lat' dir='ltr'><strong>in</strong></span> <span class='ocrx_word' id='word_1_749' title='bbox 3086 3638 3306 3700; x_wconf 84' lang='lat' dir='ltr'><strong>tempore</strong></span> <span class='ocrx_word' id='word_1_750' title='bbox 3334 3644 3620 3703; x_wconf 76' lang='lat' dir='ltr'><strong>opportuno</strong></span> <span class='ocrx_word' id='word_1_751' title='bbox 3664 3637 3750 3707; x_wconf 80' lang='grc' dir='ltr'><strong>(α)</strong></span> 
     </span>
    </p>
   </div>
   <div class='ocr_carea' id='block_1_100' title="bbox 2160 3704 3751 3794">
    <p class='ocr_par' dir='ltr' id='par_1_100' title="bbox 2160 3704 3751 3794">
     <span class='ocr_line' id='line_1_100' title="bbox 2160 3704 3751 3794; baseline 0.011 -30"><span class='ocrx_word' id='word_1_752' title='bbox 2160 3710 2230 3782; x_wconf 81' lang='grc' dir='ltr'><strong>(υ.</strong></span> <span class='ocrx_word' id='word_1_753' title='bbox 2266 3709 2378 3782; x_wconf 78' lang='grc'><strong>15).</strong></span> <span class='ocrx_word' id='word_1_754' title='bbox 2402 3713 2504 3779; x_wconf 86' lang='lat' dir='ltr'><strong>Qui</strong></span> <span class='ocrx_word' id='word_1_755' title='bbox 2529 3704 2669 3768; x_wconf 88' lang='lat' dir='ltr'><strong>eniin</strong></span> <span class='ocrx_word' id='word_1_756' title='bbox 2696 3715 2832 3770; x_wconf 84' lang='lat' dir='ltr'><strong>ﬁlius</strong></span> <span class='ocrx_word' id='word_1_757' title='bbox 2860 3715 3032 3772; x_wconf 89' lang='lat' dir='ltr'><strong>factus</strong></span> <span class='ocrx_word' id='word_1_758' title='bbox 3060 3729 3162 3786; x_wconf 87' lang='lat' dir='ltr'><strong>est,</strong></span> <span class='ocrx_word' id='word_1_759' title='bbox 3191 3728 3249 3775; x_wconf 89' lang='lat' dir='ltr'><strong>et</strong></span> <span class='ocrx_word' id='word_1_760' title='bbox 3274 3736 3459 3776; x_wconf 84' lang='lat' dir='ltr'><strong>mensa</strong></span> <span class='ocrx_word' id='word_1_761' title='bbox 3483 3704 3751 3794; x_wconf 79' lang='lat' dir='ltr'><strong>spirituali</strong></span> 
     </span>
    </p>
   </div>
   <div class='ocr_carea' id='block_1_101' title="bbox 2159 3801 3744 3880">
    <p class='ocr_par' dir='ltr' id='par_1_101' title="bbox 2159 3801 3744 3880">
     <span class='ocr_line' id='line_1_101' title="bbox 2159 3801 3744 3880; baseline 0.009 -23"><span class='ocrx_word' id='word_1_762' title='bbox 2159 3801 2374 3870; x_wconf 89' lang='lat' dir='ltr'><strong>fruitur,</strong></span> <span class='ocrx_word' id='word_1_763' title='bbox 2392 3804 2550 3875; x_wconf 88' lang='lat' dir='ltr'><strong>digne</strong></span> <span class='ocrx_word' id='word_1_764' title='bbox 2573 3815 2774 3875; x_wconf 87' lang='lat' dir='ltr'><strong>patrem</strong></span> <span class='ocrx_word' id='word_1_765' title='bbox 2803 3807 2972 3878; x_wconf 84' lang='lat' dir='ltr'><strong>gloria</strong></span> <span class='ocrx_word' id='word_1_766' title='bbox 2993 3808 3248 3866; x_wconf 77' lang='lat' dir='ltr'><strong>aﬂ‘ecerit.</strong></span> <span class='ocrx_word' id='word_1_767' title='bbox 3266 3810 3434 3866; x_wconf 81' lang='lat' dir='ltr'><strong>Filius</strong></span> <span class='ocrx_word' id='word_1_768' title='bbox 3461 3810 3744 3880; x_wconf 78' lang='lat' dir='ltr'><strong>enim,&#39;ait,</strong></span> 
     </span>
    </p>
   </div>
   <div class='ocr_carea' id='block_1_102' title="bbox 2157 3896 3750 3966">
    <p class='ocr_par' dir='ltr' id='par_1_102' title="bbox 2157 3896 3750 3966">
     <span class='ocr_line' id='line_1_102' title="bbox 2157 3896 3750 3966; baseline 0.009 -18"><span class='ocrx_word' id='word_1_769' title='bbox 2157 3896 2411 3965; x_wconf 69' lang='lat' dir='ltr'><strong>glori/ictu</strong></span> <span class='ocrx_word' id='word_1_770' title='bbox 2455 3909 2646 3966; x_wconf 83' lang='lat' dir='ltr'><strong>patrem</strong></span> <span class='ocrx_word' id='word_1_771' title='bbox 2669 3938 2686 3963; x_wconf 93' lang='lat'><strong>,</strong></span> <span class='ocrx_word' id='word_1_772' title='bbox 2738 3908 2786 3952; x_wconf 86' lang='lat' dir='ltr'><strong>et</strong></span> <span class='ocrx_word' id='word_1_773' title='bbox 2836 3915 3006 3954; x_wconf 83' lang='lat' dir='ltr'><strong>servus</strong></span> <span class='ocrx_word' id='word_1_774' title='bbox 3059 3901 3321 3958; x_wconf 83' lang='lat' dir='ltr'><strong>dominum</strong></span> <span class='ocrx_word' id='word_1_775' title='bbox 3361 3921 3510 3960; x_wconf 83' lang='lat' dir='ltr'><strong>suum</strong></span> <span class='ocrx_word' id='word_1_776' title='bbox 3560 3907 3750 3962; x_wconf 82' lang='lat' dir='ltr'><strong>timebit</strong></span> 
     </span>
    </p>
   </div>
   <div class='ocr_carea' id='block_1_103' title="bbox 2159 3984 3746 4067">
    <p class='ocr_par' dir='ltr' id='par_1_103' title="bbox 2159 3984 3746 4067">
     <span class='ocr_line' id='line_1_103' title="bbox 2159 3984 3746 4067; baseline 0.009 -30"><span class='ocrx_word' id='word_1_777' title='bbox 2159 3984 2412 4052; x_wconf 82' lang='lat' dir='ltr'><strong>(Malach.</strong></span> <span class='ocrx_word' id='word_1_778' title='bbox 2443 3987 2496 4041; x_wconf 83' lang='grc'><strong>1.</strong></span> <span class='ocrx_word' id='word_1_779' title='bbox 2527 3984 2603 4056; x_wconf 89' lang='grc'><strong>6).</strong></span> <span class='ocrx_word' id='word_1_780' title='bbox 2633 3985 2825 4044; x_wconf 83' lang='lat' dir='ltr'><strong>Factus</strong></span> <span class='ocrx_word' id='word_1_781' title='bbox 2866 4003 2928 4044; x_wconf 91' lang='lat' dir='ltr'><strong>cs</strong></span> <span class='ocrx_word' id='word_1_782' title='bbox 2964 3989 3124 4059; x_wconf 87' lang='lat' dir='ltr'><strong>filius,</strong></span> <span class='ocrx_word' id='word_1_783' title='bbox 3162 4003 3216 4048; x_wconf 90' lang='lat' dir='ltr'><strong>et</strong></span> <span class='ocrx_word' id='word_1_784' title='bbox 3259 4008 3440 4050; x_wconf 86' lang='lat' dir='ltr'><strong>mensa</strong></span> <span class='ocrx_word' id='word_1_785' title='bbox 3481 3997 3746 4067; x_wconf 84' lang='lat' dir='ltr'><strong>spirituali</strong></span> 
     </span>
    </p>
   </div>
   <div class='ocr_carea' id='block_1_104' title="bbox 2158 4074 3749 4158">
    <p class='ocr_par' dir='ltr' id='par_1_104' title="bbox 2158 4074 3749 4158">
     <span class='ocr_line' id='line_1_104' title="bbox 2158 4074 3749 4158; baseline 0.011 -30"><span class='ocrx_word' id='word_1_786' title='bbox 2158 4074 2372 4140; x_wconf 88' lang='lat' dir='ltr'><strong>frueris,</strong></span> <span class='ocrx_word' id='word_1_787' title='bbox 2401 4077 2692 4133; x_wconf 90' lang='lat' dir='ltr'><strong>comedens</strong></span> <span class='ocrx_word' id='word_1_788' title='bbox 2713 4093 2929 4135; x_wconf 89' lang='lat' dir='ltr'><strong>carnem</strong></span> <span class='ocrx_word' id='word_1_789' title='bbox 2965 4089 3021 4136; x_wconf 92' lang='lat' dir='ltr'><strong>et</strong></span> <span class='ocrx_word' id='word_1_790' title='bbox 3057 4086 3369 4154; x_wconf 88' lang='lat' dir='ltr'><strong>sanguinem</strong></span> <span class='ocrx_word' id='word_1_791' title='bbox 3411 4086 3547 4156; x_wconf 83' lang='lat' dir='ltr'><strong>ejus,</strong></span> <span class='ocrx_word' id='word_1_792' title='bbox 3577 4090 3666 4158; x_wconf 93' lang='lat' dir='ltr'><strong>qui</strong></span> <span class='ocrx_word' id='word_1_793' title='bbox 3693 4097 3749 4146; x_wconf 84' lang='lat' dir='ltr'><strong>to</strong></span> 
     </span>
    </p>
   </div>
   <div class='ocr_carea' id='block_1_105' title="bbox 2155 4166 3744 4247">
    <p class='ocr_par' dir='ltr' id='par_1_105' title="bbox 2155 4166 3744 4247">
     <span class='ocr_line' id='line_1_105' title="bbox 2155 4166 3744 4247; baseline 0.01 -27"><span class='ocrx_word' id='word_1_794' title='bbox 2155 4166 2502 4235; x_wconf 85' lang='lat' dir='ltr'><strong>regeneravit</strong></span> <span class='ocrx_word' id='word_1_795' title='bbox 2524 4185 2539 4221; x_wconf 87' lang='lat'><strong>:</strong></span> <span class='ocrx_word' id='word_1_796' title='bbox 2565 4168 2707 4224; x_wconf 90' lang='lat' dir='ltr'><strong>refer</strong></span> <span class='ocrx_word' id='word_1_797' title='bbox 2727 4171 2902 4240; x_wconf 88' lang='lat' dir='ltr'><strong>itaque</strong></span> <span class='ocrx_word' id='word_1_798' title='bbox 2925 4174 3146 4243; x_wconf 89' lang='lat' dir='ltr'><strong>gratiam</strong></span> <span class='ocrx_word' id='word_1_799' title='bbox 3169 4189 3268 4244; x_wconf 91' lang='lat' dir='ltr'><strong>pro</strong></span> <span class='ocrx_word' id='word_1_800' title='bbox 3289 4185 3434 4232; x_wconf 89' lang='lat' dir='ltr'><strong>tanto</strong></span> <span class='ocrx_word' id='word_1_801' title='bbox 3460 4179 3744 4247; x_wconf 83' lang='lat' dir='ltr'><strong>beneficio,</strong></span> 
     </span>
    </p>
   </div>
   <div class='ocr_carea' id='block_1_106' title="bbox 2157 4258 3747 4333">
    <p class='ocr_par' dir='ltr' id='par_1_106' title="bbox 2157 4258 3747 4333">
     <span class='ocr_line' id='line_1_106' title="bbox 2157 4258 3747 4333; baseline 0.009 -21"><span class='ocrx_word' id='word_1_802' title='bbox 2157 4266 2212 4312; x_wconf 91' lang='lat' dir='ltr'><strong>et</strong></span> <span class='ocrx_word' id='word_1_803' title='bbox 2238 4272 2359 4312; x_wconf 91' lang='lat' dir='ltr'><strong>eum</strong></span> <span class='ocrx_word' id='word_1_804' title='bbox 2385 4258 2476 4326; x_wconf 89' lang='lat' dir='ltr'><strong>qui</strong></span> <span class='ocrx_word' id='word_1_805' title='bbox 2515 4259 2630 4314; x_wconf 66' lang='lat' dir='ltr'><strong>haec</strong></span> <span class='ocrx_word' id='word_1_806' title='bbox 2657 4261 2903 4329; x_wconf 62' lang='lat' dir='ltr'><strong>praebuit,</strong></span> <span class='ocrx_word' id='word_1_807' title='bbox 2929 4263 3098 4331; x_wconf 63' lang='lat' dir='ltr'><strong>gloria</strong></span> <span class='ocrx_word' id='word_1_808' title='bbox 3118 4274 3173 4320; x_wconf 90' lang='lat' dir='ltr'><strong>et</strong></span> <span class='ocrx_word' id='word_1_809' title='bbox 3195 4265 3400 4322; x_wconf 88' lang='lat' dir='ltr'><strong>honore</strong></span> <span class='ocrx_word' id='word_1_810' title='bbox 3428 4268 3601 4333; x_wconf 87' lang='lat' dir='ltr'><strong>aflice,</strong></span> <span class='ocrx_word' id='word_1_811' title='bbox 3625 4286 3747 4326; x_wconf 83' lang='lat' dir='ltr'><strong>ver-</strong></span> 
     </span>
    </p>
   </div>
   <div class='ocr_carea' id='block_1_107' title="bbox 2158 4346 3743 4427">
    <p class='ocr_par' dir='ltr' id='par_1_107' title="bbox 2158 4346 3743 4427">
     <span class='ocr_line' id='line_1_107' title="bbox 2158 4346 3743 4427; baseline 0.012 -28"><span class='ocrx_word' id='word_1_812' title='bbox 2158 4346 2329 4416; x_wconf 89' lang='lat' dir='ltr'><strong>baque</strong></span> <span class='ocrx_word' id='word_1_813' title='bbox 2367 4347 2549 4414; x_wconf 81' lang='lat' dir='ltr'><strong>legens</strong></span> <span class='ocrx_word' id='word_1_814' title='bbox 2566 4363 2827 4427; x_wconf 79' lang='lat' dir='ltr'><strong>compone</strong></span> <span class='ocrx_word' id='word_1_815' title='bbox 2854 4361 3084 4409; x_wconf 87' lang='lat' dir='ltr'><strong>mentem</strong></span> <span class='ocrx_word' id='word_1_816' title='bbox 3127 4355 3194 4410; x_wconf 90' lang='lat' dir='ltr'><strong>ad</strong></span> <span class='ocrx_word' id='word_1_817' title='bbox 3222 4371 3284 4410; x_wconf 91' lang='lat' dir='ltr'><strong>ea</strong></span> <span class='ocrx_word' id='word_1_818' title='bbox 3312 4372 3431 4427; x_wconf 60' lang='lat' dir='ltr'><strong>quae</strong></span> <span class='ocrx_word' id='word_1_819' title='bbox 3452 4358 3700 4415; x_wconf 90' lang='lat' dir='ltr'><strong>dicuntur</strong></span> <span class='ocrx_word' id='word_1_820' title='bbox 3726 4379 3743 4418; x_wconf 88' lang='lat'><strong>:</strong></span> 
     </span>
    </p>
   </div>
   <div class='ocr_carea' id='block_1_108' title="bbox 2157 4423 3741 4516">
    <p class='ocr_par' dir='ltr' id='par_1_108' title="bbox 2157 4423 3741 4516">
     <span class='ocr_line' id='line_1_108' title="bbox 2157 4423 3741 4516; baseline 0.011 -26"><span class='ocrx_word' id='word_1_821' title='bbox 2157 4445 2212 4491; x_wconf 89' lang='lat' dir='ltr'><strong>et</strong></span> <span class='ocrx_word' id='word_1_822' title='bbox 2260 4452 2382 4491; x_wconf 90' lang='lat' dir='ltr'><strong>cum</strong></span> <span class='ocrx_word' id='word_1_823' title='bbox 2425 4437 2578 4505; x_wconf 90' lang='lat' dir='ltr'><strong>dicis,</strong></span> <span class='ocrx_word' id='word_1_824' title='bbox 2625 4423 2874 4496; x_wconf 66' lang='lat' dir='ltr'><strong>Exaltabo</strong></span> <span class='ocrx_word' id='word_1_825' title='bbox 2917 4453 2984 4508; x_wconf 85' lang='lat' dir='ltr'><strong>te,</strong></span> <span class='ocrx_word' id='word_1_826' title='bbox 3040 4443 3179 4500; x_wconf 81' lang='lat' dir='ltr'><strong>Deus</strong></span> <span class='ocrx_word' id='word_1_827' title='bbox 3229 4423 3393 4515; x_wconf 78' lang='lat' dir='ltr'><strong>meus,</strong></span> <span class='ocrx_word' id='word_1_828' title='bbox 3439 4449 3552 4505; x_wconf 76' lang='lat' dir='ltr'><strong>Rea:</strong></span> <span class='ocrx_word' id='word_1_829' title='bbox 3580 4469 3741 4516; x_wconf 85' lang='lat' dir='ltr'><strong>meus,</strong></span> 
     </span>
    </p>
   </div>
   <div class='ocr_carea' id='block_1_109' title="bbox 2156 4530 3748 4608">
    <p class='ocr_par' dir='ltr' id='par_1_109' title="bbox 2156 4530 3748 4608">
     <span class='ocr_line' id='line_1_109' title="bbox 2156 4530 3748 4608; baseline 0.01 -25"><span class='ocrx_word' id='word_1_830' title='bbox 2156 4530 2377 4585; x_wconf 91' lang='lat' dir='ltr'><strong>ostende</strong></span> <span class='ocrx_word' id='word_1_831' title='bbox 2407 4546 2650 4601; x_wconf 89' lang='lat' dir='ltr'><strong>magnam</strong></span> <span class='ocrx_word' id='word_1_832' title='bbox 2684 4533 3092 4590; x_wconf 89' lang='lat' dir='ltr'><strong>familiaritatem</strong></span> <span class='ocrx_word' id='word_1_833' title='bbox 3122 4547 3176 4590; x_wconf 89' lang='lat' dir='ltr'><strong>et</strong></span> <span class='ocrx_word' id='word_1_834' title='bbox 3200 4539 3653 4608; x_wconf 91' lang='lat' dir='ltr'><strong>conjunctionem,</strong></span> <span class='ocrx_word' id='word_1_835' title='bbox 3691 4556 3748 4600; x_wconf 88' lang='lat' dir='ltr'><strong>ut</strong></span> 
     </span>
    </p>
   </div>
   <div class='ocr_carea' id='block_1_110' title="bbox 2156 4621 3746 4698">
    <p class='ocr_par' dir='ltr' id='par_1_110' title="bbox 2156 4621 3746 4698">
     <span class='ocr_line' id='line_1_110' title="bbox 2156 4621 3746 4698; baseline 0.009 -23"><span class='ocrx_word' id='word_1_836' title='bbox 2156 4621 2222 4676; x_wconf 92' lang='lat' dir='ltr'><strong>de</strong></span> <span class='ocrx_word' id='word_1_837' title='bbox 2251 4623 2486 4678; x_wconf 72' lang='lat' dir='ltr'><strong>te&#39;etiam</strong></span> <span class='ocrx_word' id='word_1_838' title='bbox 2531 4625 2670 4680; x_wconf 90' lang='lat' dir='ltr'><strong>dicat</strong></span> <span class='ocrx_word' id='word_1_839' title='bbox 2712 4627 2871 4693; x_wconf 88' lang='lat' dir='ltr'><strong>Deus,</strong></span> <span class='ocrx_word' id='word_1_840' title='bbox 2916 4630 3054 4684; x_wconf 90' lang='lat' dir='ltr'><strong>sicut</strong></span> <span class='ocrx_word' id='word_1_841' title='bbox 3080 4629 3226 4685; x_wconf 88' lang='lat' dir='ltr'><strong>etde</strong></span> <span class='ocrx_word' id='word_1_842' title='bbox 3251 4631 3545 4698; x_wconf 84' lang='lat' dir='ltr'><strong>Abraham,</strong></span> <span class='ocrx_word' id='word_1_843' title='bbox 3575 4633 3746 4696; x_wconf 86' lang='lat' dir='ltr'><strong>Isaac,</strong></span> 
     </span>
    </p>
   </div>
   <div class='ocr_carea' id='block_1_111' title="bbox 2155 4714 3748 4791">
    <p class='ocr_par' dir='ltr' id='par_1_111' title="bbox 2155 4714 3748 4791">
     <span class='ocr_line' id='line_1_111' title="bbox 2155 4714 3748 4791; baseline 0.006 -23"><span class='ocrx_word' id='word_1_844' title='bbox 2155 4721 2205 4768; x_wconf 89' lang='lat' dir='ltr'><strong>et</strong></span> <span class='ocrx_word' id='word_1_845' title='bbox 2246 4714 2429 4780; x_wconf 88' lang='lat' dir='ltr'><strong>Jacob,</strong></span> <span class='ocrx_word' id='word_1_846' title='bbox 2484 4714 2597 4785; x_wconf 85' lang='lat' dir='ltr'><strong>Ego</strong></span> <span class='ocrx_word' id='word_1_847' title='bbox 2636 4733 2748 4771; x_wconf 88' lang='lat' dir='ltr'><strong>sum</strong></span> <span class='ocrx_word' id='word_1_848' title='bbox 2789 4718 2926 4773; x_wconf 85' lang='lat' dir='ltr'><strong>Deus</strong></span> <span class='ocrx_word' id='word_1_849' title='bbox 2966 4719 3242 4791; x_wconf 79' lang='lat' dir='ltr'><strong>Abraham,</strong></span> <span class='ocrx_word' id='word_1_850' title='bbox 3297 4721 3438 4776; x_wconf 85' lang='lat' dir='ltr'><strong>Deus</strong></span> <span class='ocrx_word' id='word_1_851' title='bbox 3486 4723 3657 4788; x_wconf 85' lang='lat' dir='ltr'><strong>Isaac,</strong></span> <span class='ocrx_word' id='word_1_852' title='bbox 3703 4735 3748 4777; x_wconf 71' lang='lat' dir='ltr'><strong>et</strong></span> 
     </span>
    </p>
   </div>
   <div class='ocr_carea' id='block_1_112' title="bbox 2159 4805 3746 4877">
    <p class='ocr_par' dir='ltr' id='par_1_112' title="bbox 2159 4805 3746 4877">
     <span class='ocr_line' id='line_1_112' title="bbox 2159 4805 3746 4877; baseline 0.007 -21"><span class='ocrx_word' id='word_1_853' title='bbox 2159 4805 2295 4859; x_wconf 83' lang='lat' dir='ltr'><strong>Deus</strong></span> <span class='ocrx_word' id='word_1_854' title='bbox 2336 4806 2497 4860; x_wconf 83' lang='lat' dir='ltr'><strong>Jacob</strong></span> <span class='ocrx_word' id='word_1_855' title='bbox 2523 4806 2716 4876; x_wconf 71' lang='lat' dir='ltr'><strong>(Exod.</strong></span> <span class='ocrx_word' id='word_1_856' title='bbox 2761 4809 2816 4864; x_wconf 79' lang='lat'><strong>5.</strong></span> <span class='ocrx_word' id='word_1_857' title='bbox 2848 4810 2926 4876; x_wconf 87' lang='lat'><strong>6).</strong></span> <span class='ocrx_word' id='word_1_858' title='bbox 2959 4809 3016 4864; x_wconf 88' lang='lat' dir='ltr'><strong>Si</strong></span> <span class='ocrx_word' id='word_1_859' title='bbox 3045 4809 3193 4865; x_wconf 90' lang='lat' dir='ltr'><strong>dicas</strong></span> <span class='ocrx_word' id='word_1_860' title='bbox 3222 4813 3384 4877; x_wconf 91' lang='lat' dir='ltr'><strong>enim,</strong></span> <span class='ocrx_word' id='word_1_861' title='bbox 3419 4812 3560 4867; x_wconf 86' lang='lat' dir='ltr'><strong>Deus</strong></span> <span class='ocrx_word' id='word_1_862' title='bbox 3579 4831 3746 4877; x_wconf 87' lang='lat' dir='ltr'><strong>meus,</strong></span> 
     </span>
    </p>
   </div>
   <div class='ocr_carea' id='block_1_113' title="bbox 2155 4900 3745 4968">
    <p class='ocr_par' dir='ltr' id='par_1_113' title="bbox 2155 4900 3745 4968">
     <span class='ocr_line' id='line_1_113' title="bbox 2155 4900 3745 4968; baseline 0.006 -18"><span class='ocrx_word' id='word_1_863' title='bbox 2155 4909 2199 4951; x_wconf 85' lang='lat' dir='ltr'><strong>et</strong></span> <span class='ocrx_word' id='word_1_864' title='bbox 2226 4900 2338 4952; x_wconf 69' lang='lat' dir='ltr'><strong>Item</strong></span> <span class='ocrx_word' id='word_1_865' title='bbox 2364 4916 2519 4964; x_wconf 84' lang='lat' dir='ltr'><strong>meus,</strong></span> <span class='ocrx_word' id='word_1_866' title='bbox 2551 4915 2651 4954; x_wconf 90' lang='lat' dir='ltr'><strong>nec</strong></span> <span class='ocrx_word' id='word_1_867' title='bbox 2689 4915 2818 4955; x_wconf 79' lang='lat' dir='ltr'><strong>voce</strong></span> <span class='ocrx_word' id='word_1_868' title='bbox 2852 4902 2998 4958; x_wconf 77' lang='lat' dir='ltr'><strong>dicas</strong></span> <span class='ocrx_word' id='word_1_869' title='bbox 3027 4909 3252 4968; x_wconf 90' lang='lat' dir='ltr'><strong>tantum,</strong></span> <span class='ocrx_word' id='word_1_870' title='bbox 3293 4903 3388 4958; x_wconf 91' lang='lat' dir='ltr'><strong>sed</strong></span> <span class='ocrx_word' id='word_1_871' title='bbox 3422 4904 3558 4960; x_wconf 85' lang='lat' dir='ltr'><strong>hanc</strong></span> <span class='ocrx_word' id='word_1_872' title='bbox 3581 4908 3745 4960; x_wconf 87' lang='lat' dir='ltr'><strong>etiam</strong></span> 
     </span>
    </p>
   </div>
   <div class='ocr_carea' id='block_1_114' title="bbox 2154 4989 3743 5062">
    <p class='ocr_par' dir='ltr' id='par_1_114' title="bbox 2154 4989 3743 5062">
     <span class='ocr_line' id='line_1_114' title="bbox 2154 4989 3743 5062; baseline 0.003 -20"><span class='ocrx_word' id='word_1_873' title='bbox 2154 4990 2403 5044; x_wconf 78' lang='lat' dir='ltr'><strong>ostendas</strong></span> <span class='ocrx_word' id='word_1_874' title='bbox 2445 4989 2750 5055; x_wconf 85' lang='lat' dir='ltr'><strong>caritatem,</strong></span> <span class='ocrx_word' id='word_1_875' title='bbox 2802 4991 2913 5060; x_wconf 86' lang='lat' dir='ltr'><strong>ipse</strong></span> <span class='ocrx_word' id='word_1_876' title='bbox 2955 5007 3164 5062; x_wconf 82' lang='lat' dir='ltr'><strong>quoque</strong></span> <span class='ocrx_word' id='word_1_877' title='bbox 3211 4992 3327 5048; x_wconf 80' lang='lat' dir='ltr'><strong>haec</strong></span> <span class='ocrx_word' id='word_1_878' title='bbox 3364 4995 3433 5048; x_wconf 84' lang='lat' dir='ltr'><strong>de</strong></span> <span class='ocrx_word' id='word_1_879' title='bbox 3482 5005 3532 5048; x_wconf 90' lang='lat' dir='ltr'><strong>te</strong></span> <span class='ocrx_word' id='word_1_880' title='bbox 3575 4997 3743 5055; x_wconf 84' lang='lat' dir='ltr'><strong>dicet.</strong></span> 
     </span>
    </p>
   </div>
   <div class='ocr_carea' id='block_1_115' title="bbox 2155 5081 3744 5150">
    <p class='ocr_par' dir='ltr' id='par_1_115' title="bbox 2155 5081 3744 5150">
     <span class='ocr_line' id='line_1_115' title="bbox 2155 5081 3744 5150; baseline 0.006 -18"><span class='ocrx_word' id='word_1_881' title='bbox 2155 5081 2352 5134; x_wconf 86' lang='lat' dir='ltr'><strong>Servus</strong></span> <span class='ocrx_word' id='word_1_882' title='bbox 2386 5095 2538 5134; x_wconf 89' lang='lat' dir='ltr'><strong>meus</strong></span> <span class='ocrx_word' id='word_1_883' title='bbox 2575 5090 2628 5134; x_wconf 91' lang='lat' dir='ltr'><strong>et</strong></span> <span class='ocrx_word' id='word_1_884' title='bbox 2658 5081 2884 5135; x_wconf 87' lang='lat' dir='ltr'><strong>famulus</strong></span> <span class='ocrx_word' id='word_1_885' title='bbox 2916 5097 3065 5136; x_wconf 88' lang='lat' dir='ltr'><strong>meus</strong></span> <span class='ocrx_word' id='word_1_886' title='bbox 3091 5099 3106 5134; x_wconf 90' lang='lat'><strong>:</strong></span> <span class='ocrx_word' id='word_1_887' title='bbox 3136 5083 3274 5150; x_wconf 90' lang='lat' dir='ltr'><strong>quod</strong></span> <span class='ocrx_word' id='word_1_888' title='bbox 3302 5085 3459 5138; x_wconf 88' lang='lat' dir='ltr'><strong>etiam</strong></span> <span class='ocrx_word' id='word_1_889' title='bbox 3490 5085 3557 5139; x_wconf 91' lang='lat' dir='ltr'><strong>de</strong></span> <span class='ocrx_word' id='word_1_890' title='bbox 3598 5086 3744 5142; x_wconf 73' lang='lat' dir='ltr'><strong>Mosa</strong></span> 
     </span>
    </p>
   </div>
   <div class='ocr_carea' id='block_1_116' title="bbox 2155 5170 3744 5238">
    <p class='ocr_par' dir='ltr' id='par_1_116' title="bbox 2155 5170 3744 5238">
     <span class='ocr_line' id='line_1_116' title="bbox 2155 5170 3744 5238; baseline 0.004 -14"><span class='ocrx_word' id='word_1_891' title='bbox 2155 5170 2347 5225; x_wconf 88' lang='lat' dir='ltr'><strong>dictum</strong></span> <span class='ocrx_word' id='word_1_892' title='bbox 2377 5180 2476 5225; x_wconf 74' lang='lat' dir='ltr'><strong>est.</strong></span> <span class='ocrx_word' id='word_1_893' title='bbox 2517 5170 2578 5223; x_wconf 83' lang='lat' dir='ltr'><strong>Et</strong></span> <span class='ocrx_word' id='word_1_894' title='bbox 2606 5171 2889 5224; x_wconf 79' lang='lat' dir='ltr'><strong>bcnedicnm</strong></span> <span class='ocrx_word' id='word_1_895' title='bbox 2911 5174 3102 5225; x_wconf 83' lang='lat' dir='ltr'><strong>nomini</strong></span> <span class='ocrx_word' id='word_1_896' title='bbox 3134 5184 3220 5226; x_wconf 85' lang='lat' dir='ltr'><strong>tuo</strong></span> <span class='ocrx_word' id='word_1_897' title='bbox 3250 5175 3302 5227; x_wconf 86' lang='lat' dir='ltr'><strong>in</strong></span> <span class='ocrx_word' id='word_1_898' title='bbox 3324 5174 3588 5238; x_wconf 67' lang='lat' dir='ltr'><strong>sarculum,</strong></span> <span class='ocrx_word' id='word_1_899' title='bbox 3619 5189 3664 5229; x_wconf 87' lang='lat' dir='ltr'><strong>et</strong></span> <span class='ocrx_word' id='word_1_900' title='bbox 3690 5180 3744 5232; x_wconf 69' lang='lat' dir='ltr'><strong>in</strong></span> 
     </span>
    </p>
   </div>
   <div class='ocr_carea' id='block_1_117' title="bbox 2153 5260 3743 5332">
    <p class='ocr_par' dir='ltr' id='par_1_117' title="bbox 2153 5260 3743 5332">
     <span class='ocr_line' id='line_1_117' title="bbox 2153 5260 3743 5332; baseline 0.006 -20"><span class='ocrx_word' id='word_1_901' title='bbox 2153 5260 2392 5314; x_wconf 76' lang='lat' dir='ltr'><strong>srrculnm</strong></span> <span class='ocrx_word' id='word_1_902' title='bbox 2420 5263 2612 5315; x_wconf 66' lang='lat' dir='ltr'><strong>surculi.</strong></span> <span class='ocrx_word' id='word_1_903' title='bbox 2640 5261 2825 5316; x_wconf 77' lang='lat' dir='ltr'><strong>Vidisti</strong></span> <span class='ocrx_word' id='word_1_904' title='bbox 2848 5265 3114 5332; x_wconf 85' lang='lat' dir='ltr'><strong>quomodo</strong></span> <span class='ocrx_word' id='word_1_905' title='bbox 3144 5265 3378 5318; x_wconf 89' lang='lat' dir='ltr'><strong>ostendit</strong></span> <span class='ocrx_word' id='word_1_906' title='bbox 3402 5267 3522 5319; x_wconf 71' lang='lat' dir='ltr'><strong>vitae</strong></span> <span class='ocrx_word' id='word_1_907' title='bbox 3553 5268 3743 5322; x_wconf 80' lang='lat' dir='ltr'><strong>futurae</strong></span> 
     </span>
    </p>
   </div>
   <div class='ocr_carea' id='block_1_118' title="bbox 2156 5351 3741 5420">
    <p class='ocr_par' dir='ltr' id='par_1_118' title="bbox 2156 5351 3741 5420">
     <span class='ocr_line' id='line_1_118' title="bbox 2156 5351 3741 5420; baseline 0.007 -20"><span class='ocrx_word' id='word_1_908' title='bbox 2156 5352 2463 5419; x_wconf 73' lang='lat' dir='ltr'><strong>promntia?</strong></span> <span class='ocrx_word' id='word_1_909' title='bbox 2509 5351 2936 5406; x_wconf 86' lang='lat' dir='ltr'><strong>Benedictionem</strong></span> <span class='ocrx_word' id='word_1_910' title='bbox 2988 5362 3166 5408; x_wconf 89' lang='lat' dir='ltr'><strong>autem</strong></span> <span class='ocrx_word' id='word_1_911' title='bbox 3209 5355 3296 5410; x_wconf 87' lang='lat' dir='ltr'><strong>hic</strong></span> <span class='ocrx_word' id='word_1_912' title='bbox 3333 5356 3586 5420; x_wconf 83' lang='lat' dir='ltr'><strong>ostendit,</strong></span> <span class='ocrx_word' id='word_1_913' title='bbox 3636 5375 3741 5411; x_wconf 89' lang='lat' dir='ltr'><strong>non</strong></span> 
     </span>
    </p>
   </div>
   <div class='ocr_carea' id='block_1_119' title="bbox 2155 5442 3740 5517">
    <p class='ocr_par' dir='ltr' id='par_1_119' title="bbox 2155 5442 3740 5517">
     <span class='ocr_line' id='line_1_119' title="bbox 2155 5442 3740 5517; baseline 0.004 -24"><span class='ocrx_word' id='word_1_914' title='bbox 2155 5457 2270 5509; x_wconf 67' lang='lat' dir='ltr'><strong>quae</strong></span> <span class='ocrx_word' id='word_1_915' title='bbox 2302 5442 2360 5496; x_wconf 84' lang='lat' dir='ltr'><strong>fit</strong></span> <span class='ocrx_word' id='word_1_916' title='bbox 2390 5457 2482 5512; x_wconf 89' lang='lat' dir='ltr'><strong>per</strong></span> <span class='ocrx_word' id='word_1_917' title='bbox 2507 5442 2688 5506; x_wconf 74' lang='lat' dir='ltr'><strong>verba,</strong></span> <span class='ocrx_word' id='word_1_918' title='bbox 2723 5443 2816 5498; x_wconf 91' lang='lat' dir='ltr'><strong>sed</strong></span> <span class='ocrx_word' id='word_1_919' title='bbox 2852 5459 2971 5512; x_wconf 66' lang='lat' dir='ltr'><strong>qua:</strong></span> <span class='ocrx_word' id='word_1_920' title='bbox 3025 5460 3119 5514; x_wconf 83' lang='lat' dir='ltr'><strong>per</strong></span> <span class='ocrx_word' id='word_1_921' title='bbox 3158 5461 3245 5500; x_wconf 89' lang='lat' dir='ltr'><strong>res</strong></span> <span class='ocrx_word' id='word_1_922' title='bbox 3291 5447 3450 5515; x_wconf 85' lang='lat' dir='ltr'><strong>ipsas.</strong></span> <span class='ocrx_word' id='word_1_923' title='bbox 3498 5445 3572 5500; x_wconf 87' lang='lat' dir='ltr'><strong>Ita</strong></span> <span class='ocrx_word' id='word_1_924' title='bbox 3614 5463 3740 5517; x_wconf 86' lang='lat' dir='ltr'><strong>ergo</strong></span> 
     </span>
    </p>
   </div>
   <div class='ocr_carea' id='block_1_120' title="bbox 2216 5553 3732 5616">
    <p class='ocr_par' dir='ltr' id='par_1_120' title="bbox 2216 5553 3732 5616">
     <span class='ocr_line' id='line_1_120' title="bbox 2216 5553 3732 5616; baseline 0.003 -16"><span class='ocrx_word' id='word_1_925' title='bbox 2216 5554 2291 5616; x_wconf 70' lang='lat' dir='ltr'><strong>(al</strong></span> <span class='ocrx_word' id='word_1_926' title='bbox 2334 5556 2413 5602; x_wconf 79' lang='lat' dir='ltr'><strong>Gr.</strong></span> <span class='ocrx_word' id='word_1_927' title='bbox 2469 5553 2816 5614; x_wconf 54' lang='grc' dir='ltr'><strong>ὑποψάὶλουσι.</strong></span> <span class='ocrx_word' id='word_1_928' title='bbox 2871 5553 2994 5603; x_wconf 86' lang='lat' dir='ltr'><strong>Hinc</strong></span> <span class='ocrx_word' id='word_1_929' title='bbox 3047 5554 3283 5603; x_wconf 72' lang='lat' dir='ltr'><strong>discimus</strong></span> <span class='ocrx_word' id='word_1_930' title='bbox 3325 5556 3457 5605; x_wconf 81' lang='lat' dir='ltr'><strong>hunc</strong></span> <span class='ocrx_word' id='word_1_931' title='bbox 3513 5573 3732 5616; x_wconf 60' lang='lat' dir='ltr'><strong>Versum,</strong></span> 
     </span>
    </p>
   </div>
   <div class='ocr_carea' id='block_1_121' title="bbox 2157 5613 3736 5675">
    <p class='ocr_par' dir='ltr' id='par_1_121' title="bbox 2157 5613 3736 5675">
     <span class='ocr_line' id='line_1_121' title="bbox 2157 5613 3736 5675; baseline 0.006 -17"><span class='ocrx_word' id='word_1_932' title='bbox 2157 5613 2292 5661; x_wconf 68' lang='lat' dir='ltr'><strong>(lt-nti</strong></span> <span class='ocrx_word' id='word_1_933' title='bbox 2314 5616 2527 5663; x_wconf 82' lang='lat' dir='ltr'><strong>omnium</strong></span> <span class='ocrx_word' id='word_1_934' title='bbox 2569 5613 2618 5662; x_wconf 57' lang='lat' dir='ltr'><strong>in</strong></span> <span class='ocrx_word' id='word_1_935' title='bbox 2656 5619 2699 5662; x_wconf 81' lang='lat' dir='ltr'><strong>te</strong></span> <span class='ocrx_word' id='word_1_936' title='bbox 2741 5623 2951 5675; x_wconf 79' lang='lat' dir='ltr'><strong>sperant,</strong></span> <span class='ocrx_word' id='word_1_937' title='bbox 2987 5625 3031 5666; x_wconf 75' lang='lat' dir='ltr'><strong>et</strong></span> <span class='ocrx_word' id='word_1_938' title='bbox 3057 5623 3106 5662; x_wconf 86' lang='lat' dir='ltr'><strong>tu</strong></span> <span class='ocrx_word' id='word_1_939' title='bbox 3145 5615 3234 5664; x_wconf 76' lang='lat' dir='ltr'><strong>(las</strong></span> <span class='ocrx_word' id='word_1_940' title='bbox 3273 5616 3429 5665; x_wconf 69' lang='lat' dir='ltr'><strong>t‘if‘ttm</strong></span> <span class='ocrx_word' id='word_1_941' title='bbox 3475 5632 3642 5666; x_wconf 70' lang='lat' dir='ltr'><strong>eorum</strong></span> <span class='ocrx_word' id='word_1_942' title='bbox 3686 5613 3736 5668; x_wconf 81' lang='lat' dir='ltr'><strong>in</strong></span> 
     </span>
    </p>
   </div>
   <div class='ocr_carea' id='block_1_122' title="bbox 2156 5676 3734 5738">
    <p class='ocr_par' dir='ltr' id='par_1_122' title="bbox 2156 5676 3734 5738">
     <span class='ocr_line' id='line_1_122' title="bbox 2156 5676 3734 5738; baseline 0.006 -19"><span class='ocrx_word' id='word_1_943' title='bbox 2156 5681 2363 5738; x_wconf 33' lang='lat' dir='ltr'><strong>tempore</strong></span> <span class='ocrx_word' id='word_1_944' title='bbox 2389 5685 2675 5738; x_wconf 72' lang='lat' dir='ltr'><strong>opportuno,</strong></span> <span class='ocrx_word' id='word_1_945' title='bbox 2703 5676 2852 5724; x_wconf 67' lang='lat' dir='ltr'><strong>fuisse</strong></span> <span class='ocrx_word' id='word_1_946' title='bbox 2876 5691 3186 5738; x_wconf 54' lang='lat' dir='ltr'><strong>responsum.</strong></span> <span class='ocrx_word' id='word_1_947' title='bbox 3210 5679 3340 5738; x_wconf 77' lang='lat' dir='ltr'><strong>quod</strong></span> <span class='ocrx_word' id='word_1_948' title='bbox 3363 5682 3734 5738; x_wconf 51' lang='lat' dir='ltr'><strong>sustinebatur,</strong></span> 
     </span>
    </p>
   </div>
   <div class='ocr_carea' id='block_1_123' title="bbox 2154 5734 3736 5845">
    <p class='ocr_par' dir='ltr' id='par_1_123' title="bbox 2154 5734 3736 5845">
     <span class='ocr_line' id='line_1_123' title="bbox 2154 5734 3736 5845; baseline 0.008 -65"><span class='ocrx_word' id='word_1_949' title='bbox 2154 5734 2359 5845; x_wconf 46' lang='lat' dir='ltr'><strong>tlilag‘ou?</strong></span> <span class='ocrx_word' id='word_1_950' title='bbox 2395 5737 2604 5845; x_wconf 45' lang='lat' dir='ltr'><strong>\cilain</strong></span> <span class='ocrx_word' id='word_1_951' title='bbox 2647 5748 2898 5799; x_wconf 59' lang='lat' dir='ltr'><strong>praeeunte</strong></span> <span class='ocrx_word' id='word_1_952' title='bbox 2926 5757 2936 5799; x_wconf 70' lang='lat'>;</span> <span class='ocrx_word' id='word_1_953' title='bbox 2964 5734 3072 5801; x_wconf 58' lang='lat' dir='ltr'><strong>&#39;qun</strong></span> <span class='ocrx_word' id='word_1_954' title='bbox 3100 5743 3159 5786; x_wconf 78' lang='lat' dir='ltr'><strong>dc</strong></span> <span class='ocrx_word' id='word_1_955' title='bbox 3193 5734 3244 5788; x_wconf 67' lang='lat' dir='ltr'><strong>re</strong></span> <span class='ocrx_word' id='word_1_956' title='bbox 3286 5754 3431 5802; x_wconf 72' lang='lat' dir='ltr'><strong>seprzt</strong></span> <span class='ocrx_word' id='word_1_957' title='bbox 3471 5740 3515 5789; x_wconf 87' lang='lat' dir='ltr'><strong>it:</strong></span> <span class='ocrx_word' id='word_1_958' title='bbox 3553 5734 3736 5792; x_wconf 72' lang='lat' dir='ltr'><strong>Montio</strong></span> 
     </span>
     <span class='ocr_line' id='line_1_124' title="bbox 2154 5811 2522 5845; baseline 0.008 -3"><span class='ocrx_word' id='word_1_959' title='bbox 2154 5812 2189 5842; x_wconf 71' lang='lat' dir='ltr'><strong>at</strong></span> <span class='ocrx_word' id='word_1_960' title='bbox 2273 5811 2322 5845; x_wconf 76' lang='lat' dir='ltr'><strong>sa</strong></span> <span class='ocrx_word' id='word_1_961' title='bbox 2349 5813 2409 5845; x_wconf 93' lang='lat' dir='ltr'><strong>m.</strong></span> <span class='ocrx_word' id='word_1_962' title='bbox 2449 5831 2456 5834; x_wconf 83' lang='grc'><strong><em>-</em></strong></span> <span class='ocrx_word' id='word_1_963' title='bbox 2510 5835 2522 5845; x_wconf 93' lang='grc'><strong>.</strong></span> 
     </span>
    </p>
   </div>
   <div class='ocr_carea' id='block_1_124' title="bbox 2151 5799 2522 5847">
    <p class='ocr_par' dir='ltr' id='par_1_124' title="bbox 2151 5799 2522 5847">
     <span class='ocr_line' id='line_1_125' title="bbox 2151 5799 2522 5847; baseline 0.013 -5"><span class='ocrx_word' id='word_1_964' title='bbox 2151 5799 2207 5842; x_wconf 73' lang='lat' dir='ltr'><strong>ad</strong></span> <span class='ocrx_word' id='word_1_965' title='bbox 2235 5799 2409 5845; x_wconf 76' lang='lat' dir='ltr'><strong>Psalm.</strong></span> <span class='ocrx_word' id='word_1_966' title='bbox 2449 5799 2522 5847; x_wconf 65' lang='lat' dir='ltr'><strong>il.</strong></span> 
     </span>
    </p>
   </div>
  </div>
