4056 6486
223 389 334 449 ωδ

221 501 493 559 enitatur
539 494 701 560 Deus,
750 492 823 548 ita
861 485 1210 546 benedicitur.
1261 483 1336 561 lta
1371 484 1533 538 etiam
1573 481 1825 552 iubemur

221 593 408 650 dicere
434 590 487 643 in
521 584 828 656 precatione
869 596 885 634 :
932 576 1293 646 Sanctiﬁcetur
1318 589 1500 629 nomen
1529 581 1693 638 tuum,
1725 569 1828 624 boc

225 678 712 753 est,.gloriﬂcetur.
743 673 798 728 Ξ.
838 671 940 726 Per
966 669 1192 741 singulos
1231 664 1339 721 dies
1383 665 1669 720 benedicam
1714 664 1823 728 tibi,

223 785 277 828 et
303 772 524 830 laudabo
550 785 732 824 nomen
757 783 900 820 suum
928 765 983 819 in
1020 763 1286 828 saxulum,
1313 769 1360 814 et
1387 760 1442 814 in
1461 757 1705 814 saxulum
1731 771 1828 810 sa-

225 867 354 924 nlt'.
381 865 549 930 Alius,
581 861 648 915 In
673 859 916 916 sectilem
937 865 1200 926 perpetuo.
1225 853 1338 908 Hoc
1361 861 1445 907 est
1473 850 1526 905 in
1549 849 1734 919 primis
1753 846 1828 917 pii

226 955 422 1021 animi,
449 969 478 1006 a
507 952 667 1007 rebus
691 963 810 1019 qua:
836 946 902 1000 ad
931 945 1132 1002 victum
1159 941 1430 1014 pertinent
1456 940 1737 994 liberatum
1767 952 1828 992 se

226 1046 450 1120 hymnis
472 1043 740 1099 dedicare.
767 1038 947 1107 Turpe
966 1036 1110 1091 enim
1137 1033 1314 1095 fuerit,
1348 1039 1406 1087 ut
1447 1031 1608 1085 homo
1627 1029 1716 1100 qui
1747 1035 1830 1084 est

226 1149 456 1207 compos
497 1132 740 1196 rationis,
767 1136 826 1184 et
849 1126 1098 1183 omnibus
1125 1139 1246 1195 qua:
1287 1122 1533 1178 videntur
1571 1129 1832 1191 prmstan.

229 1232 362 1292 tior,
387 1229 458 1282 sit
481 1234 724 1280 creatura
753 1224 807 1276 in
834 1220 927 1275 Dei
952 1217 1195 1274 laudibus
1223 1215 1441 1272 inferior
1474 1236 1488 1270 ι
1517 1230 1626 1269 non
1653 1213 1828 1268 solum

229 1328 413 1393 autem
442 1327 615 1385 turpe,
638 1327 820 1369 verum
842 1310 1001 1370 etiam
1022 1307 1327 1363 absurdum.
1355 1303 1634 1374 Quomodo
1651 1312 1830 1357 autem

231 1425 344 1465 non
390 1406 703 1472 absurdum,
751 1401 1014 1472 siquidem
1068 1401 1184 1470 ipsa
1217 1397 1454 1468 quotidie
1499 1393 1659 1466 atque
1697 1394 1834 1450 adeo

229 1497 461 1570 singulis
513 1495 661 1550 boris
698 1492 894 1548 emittit
935 1489 1158 1544 Domino
1192 1486 1670 1558 gloriﬁcationem‘l
1710 1482 1833 1539 Cati

229 1590 402 1654 enim,
435 1586 626 1655 inquit,
659 1590 896 1637 enarrant
921 1580 1139 1651 gloriam
1176 1577 1294 1642 Dei,
1325 1585 1371 1630 et
1399 1591 1555 1648 opera
1592 1590 1835 1628 manuum

232 1681 348 1750 ejus
371 1676 643 1731 annuntiat
672 1673 1066 1744 firmamentum.
1098 1666 1223 1722 Dies
1260 1667 1359 1721 diei
1389 1675 1582 1719 eructat
1607 1664 1833 1731 verbum,

232 1781 287 1826 et
335 1786 438 1824 una:
491 1767 628 1822 nocti
680 1765 871 1820 indicat
909 1762 1170 1818 scientiam
1197 1759 1368 1833 (Psal.
1400 1759 1488 1815 i8.
1528 1758 1582 1812 Ξ.
1615 1755 1693 1828 5).
1723 1755 1836 1823 Sol,

226 1860 384 1924 luna,
427 1860 605 1912 varius
637 1863 903 1910 astrorum
942 1854 1160 1916 chorus,
1189 1859 1244 1905 et
1283 1849 1670 1920 pulcherrimus
1705 1846 1839 1903 ordo

235 1957 557 2006 ceterorum
585 1946 822 2002 omnium
852 1959 1006 2000 suum
1036 1942 1290 2013 prmdicat
1318 1940 1596 2011 Opiﬁcem.
1627 1939 1726 2009 Qui
1757 1946 1841 1993 est

237 2057 369 2112 ergo
398 2040 483 2095 bis
509 2038 761 2094 omnibus
788 2036 1124 2107 praestantior
1167 2035 1211 2088 si
1243 2033 1344 2088 hoc
1383 2047 1488 2090 non
1524 2031 1701 2093 faoiat,
1741 2028 1839 2085 sed

237 2134 406 2188 etiam
460 2130 624 2184 vitam
684 2135 805 2198 agat
855 2141 975 2197 quas
1027 2124 1337 2181 Creatorem
1395 2137 1551 2178 suum
1598 2120 1840 2182 maledici

241 2231 522 2296 procuret,
548 2219 819 2291 quomodo
837 2218 936 2275 erit
957 2219 1004 2274 is
1023 2218 1214 2287 dignus
1235 2218 1338 2271 ulla
1367 2217 1540 2283 venia,
1567 2223 1660 2270 aut
1681 2229 1841 2285 quam

242 2317 443 2385 poterit
479 2312 670 2368 afferre
697 2313 777 2366 sui
808 2310 1197 2377 defensionem,
1243 2323 1365 2375 cum
1392 2307 1496 2379 qui
1519 2308 1640 2362 ideo
1675 2309 1845 2362 factus

239 2417 347 2471 est,
380 2415 436 2459 ut
463 2405 570 2458 Deo
601 2403 826 2471 placeat,
866 2411 922 2457 et
949 2417 1170 2471 regnum
1201 2399 1438 2455 futurum
1464 2408 1840 2468 consequatur,

242 2497 364 2566 ejus
387 2494 605 2566 quidem
635 2493 838 2548 nullam
869 2493 1031 2547 ducat
1056 2492 1339 2553 rationem.
1369 2490 1464 2545 sed
1492 2490 1719 2559 negotiis
1744 2504 1848 2543 Sne—

243 2589 515 2644 cularibus
542 2586 790 2652 curisque
820 2583 1102 2637 mundanis
1140 2598 1199 2638 se
1229 2582 1500 2651 implicet?
1524 2584 1595 2636 At
1630 2581 1718 2636 hic
1739 2597 1845 2635 non

245 2677 389 2740 talis,
429 2674 522 2729 sed
566 2689 658 2743 per
684 2683 848 2727 totam
887 2674 1046 2726 vitam
1077 2671 1336 2726 offerebat
1364 2671 1474 2726 Deo
1503 2671 1708 2737 laudes,
1741 2685 1847 2725 non

244 2767 422 2822 solum
448 2758 645 2830 verbis,
675 2765 770 2819 sed
814 2764 974 2820 rebus
1014 2764 1162 2832 ipsis,
1197 2764 1305 2817 Deo
1326 2763 1469 2818 enim
1497 2764 1658 2818 multa
1686 2764 1852 2818 debe-

231 2874 393 2921 anus,
416 2857 556 2926 quod
586 2865 640 2909 et
665 2872 786 2910 cum
818 2871 922 2909 non
941 2869 1186 2910 essemus
1226 2853 1440 2919 fecerit,
1468 2865 1522 2910 et
1548 2855 1691 2925 quod
1720 2856 1851 2911 tales

245 2949 535 3009 creaverit.
567 2957 622 3002 et
647 2952 813 3002 factos
845 2957 990 3017 regat
1020 2957 1073 3001 et
1093 2947 1385 3011 contineat,
1416 2955 1470 2999 et
1507 2945 1647 3012 quod
1680 2945 1854 3013 quoti-

249 3041 339 3094 die
363 3051 466 3092 tam
496 3038 739 3108 privatim
762 3051 919 3106 quam
947 3037 1303 3091 communiter
1323 3036 1621 3105 provideat,
1653 3035 1850 3089 nostri-

249 3145 359 3200 que
387 3115 567 3182 cuifm
604 3135 774 3196 gerat,
817 3127 974 3196 idque
1000 3127 1137 3180 clam
1175 3138 1230 3180 et
1265 3135 1477 3200 aperte,
1515 3126 1776 3195 nobisque
1799 3134 1856 3181 et

252 3219 550 3276 scientibus
581 3227 635 3272 et
669 3217 1050 3272 nescientibus.
1080 3216 1217 3282 Quid
1239 3217 1380 3271 enim
1409 3229 1545 3284 opus
1573 3225 1654 3270 est
1672 3215 1856 3270 dicere

252 3327 376 3381 qua:
417 3309 518 3364 sub
562 3317 839 3377 aspectum
877 3306 1097 3372 cadunt,
1131 3322 1247 3376 quae
1287 3315 1512 3376 prdpter
1552 3321 1650 3360 nos
1699 3305 1856 3360 fecit?

256 3399 634 3463 ministerium,
665 3393 811 3468 quod
829 3398 939 3467 ipsa
969 3397 1228 3466 prtebent,
1251 3399 1494 3467 corporis
1514 3397 1860 3453 constitutio-

258 3509 408 3558 nem,
440 3493 632 3546 animae
684 3490 1038 3556 nobilitatem,
1091 3490 1454 3559 quotidianam
1485 3489 1602 3558 ejus
1640 3503 1862 3545 oecono-

257 3588 424 3644 miam
461 3595 515 3640 et
537 3583 1079 3649 administrationem,
1113 3599 1208 3653 per
1245 3583 1524 3646 miracula,
1557 3597 1653 3651 per
1692 3583 1858 3652 leges,

259 3695 361 3750 per
389 3678 645 3749 supplicia
665 3718 679 3740 ,
719 3678 923 3730 variam
960 3685 1013 3730 et
1051 3691 1172 3745 quae
1213 3675 1596 3746 comprehendi
1628 3689 1734 3729 non
1766 3689 1861 3744 po-

261 3780 371 3826 test
414 3770 531 3837 ejus
571 3767 982 3836 providentiam,
1015 3765 1277 3820 bonorum
1308 3765 1546 3820 omnium
1575 3779 1860 3832 summam,

261 3862 406 3931 quod
440 3878 508 3916 ne
536 3859 673 3914 Filio
697 3858 911 3930 quidem
938 3873 1038 3914 suo
1080 3859 1317 3928 pepercit
1356 3866 1574 3930 propter
1596 3875 1712 3924 nos,
1744 3875 1866 3929 quae

261 3953 371 4013 iam
399 3950 520 4004 data
547 3957 670 4003 sunt
701 3964 794 4018 per
836 3947 1180 4017 baptismum,
1216 3964 1311 4018 per
1353 3958 1710 4014 sacramenta,
1745 3964 1866 4020 quae

261 4043 442 4098 danda
471 4052 598 4096 sunt
622 4041 758 4096 bona
790 4041 878 4096 illa
905 4040 1212 4106 ineffabilia,
1241 4055 1484 4110 regnum,
1514 4041 1867 4096 resurreCtio-

264 4152 415 4204 nem,
449 4135 799 4191 hereditatem
839 4134 1050 4204 plenam
1079 4134 1222 4188 omni
1265 4133 1626 4189 beatitudine?
1666 4133 1722 4188 Si
1749 4134 1869 4204 quis

266 4231 413 4284 enim
461 4245 628 4282 unum
678 4226 928 4297 quodque
970 4242 1155 4281 eorum
1206 4235 1523 4292 enumeret,
1575 4227 1773 4283 incidet
1813 4229 1867 4282 in

264 4320 542 4376 ineffabile
570 4321 790 4389 pelagus
831 4318 1211 4373 beneficiorum
1232 4359 1248 4384 ,
1283 4329 1338 4372 et
1365 4318 1566 4373 videbit
1603 4327 1734 4388 quot
1769 4334 1869 4372 no-

268 4412 508 4469 minibus
532 4413 603 4466 sit
632 4410 862 4479 benigno
892 4411 999 4465 Deo
1019 4409 1282 4465 obnoxius
1309 4427 1324 4462 :
1356 4425 1461 4464 non
1489 4411 1661 4464 solum
1689 4419 1870 4465 autem

271 4512 494 4574 propter
518 4503 651 4567 huic,
679 4502 776 4558 sed
804 4501 968 4556 etiam
1003 4511 1222 4570 propter
1259 4502 1596 4572 majestatem
1620 4503 1738 4572 ejus
1759 4503 1874 4572 glo-

271 4593 390 4657 r'un,
418 4604 636 4664 propter
680 4591 1032 4646 substantiam
1059 4592 1128 4645 ab
1173 4592 1320 4646 omni
1362 4593 1578 4648 interitu
1618 4593 1870 4649 alienam.

272 4683 407 4738 Nam
439 4684 599 4738 etiam
632 4691 852 4753 propter
876 4697 995 4737 eam
1021 4681 1248 4738 debetur
1283 4684 1332 4738 ei
1365 4698 1397 4738 a
1427 4683 1582 4738 nobis
1619 4685 1788 4754 gloria
1822 4693 1878 4740 et

274 4775 597 4839 benedictio,
628 4783 682 4828 et
707 4785 960 4843 perpetua
986 4775 1274 4845 gratiarum
1296 4774 1458 4843 actio,
1489 4775 1663 4831 cultus
1691 4783 1745 4830 et
1770 4776 1876 4830 mi-

276 4869 555 4923 nisterium
597 4866 895 4920 assiduum.
927 4865 1039 4921 Hoc
1083 4866 1256 4935 ipsum
1283 4882 1414 4938 ergo
1451 4868 1714 4938 propheta
1743 4883 1876 4938 quo.

276 4973 382 5027 que
407 4957 710 5027 signiﬁcans
735 4956 946 5013 dicebat
977 4975 990 5011 :
1022 4957 1075 5012 3.
1125 4955 1347 5027 Magnus
1378 4957 1646 5024 Dominus,
1691 4971 1737 5014 et
1767 4959 1880 5014 lau-

276 5047 466 5103 dabilis
494 5048 643 5101 nimis
667 5062 686 5101 :
714 5055 761 5101 et
790 5047 1154 5117 magnitudinis
1190 5047 1302 5118 ejus
1326 5064 1428 5102 non
1471 5057 1542 5103 est
1566 5049 1705 5116 ﬁnis.
1731 5049 1877 5118 Quo-

278 5140 425 5193 niam
456 5138 598 5194 enim
629 5131 783 5203 dixii,
814 5136 1120 5192 Benedicam
1151 5148 1196 5192 et
1223 5121 1464 5203 laudabo,
1499 5141 1733 5196 ostendit
1755 5156 1877 5196 eum

278 5248 388 5286 non
418 5246 577 5301 egere
609 5231 807 5285 nostris
851 5229 1098 5284 laudibus
1124 5244 1226 5284 nec
1264 5230 1747 5298 benedictionibus,
1782 5247 1880 5288 nec

279 5327 400 5393 ejus
434 5325 618 5394 gloriae
660 5322 862 5393 aliquid
902 5323 1160 5379 accedere
1197 5339 1229 5379 a
1273 5323 1520 5379 laudibus
1563 5339 1749 5379 eorum
1790 5326 1881 5396 qui

285 5415 605 5470 ministrant.
631 5413 760 5484 Ejus
780 5416 922 5469 enim
944 5413 1238 5469 substantia
1257 5422 1340 5469 est
1362 5415 1429 5470 ab
1446 5415 1663 5470 interitu
1684 5417 1880 5484 aliena,

280 5518 337 5563 et
366 5517 489 5580 eget
516 5507 662 5562 nullo
689 5507 816 5562 alio.
846 5507 946 5576 Qui
972 5519 1150 5563 autem
1177 5509 1351 5578 ipsum
1368 5508 1606 5573 laudant,
1636 5509 1738 5578 ipsi
1761 5527 1885 5565 cva-

280 5602 418 5656 dunt
442 5599 718 5655 clariores.
757 5600 874 5655 Non
914 5602 1090 5656 solum
1134 5611 1313 5658 autem
1361 5611 1583 5672 propter
1623 5603 1746 5670 hoc,
1790 5605 1886 5660 sed

281 5703 446 5748 etiam
493 5700 712 5761 propter
743 5691 1096 5748 excellentem
1137 5692 1252 5762 ejus
1282 5692 1504 5763 gloriam
1533 5692 1758 5749 debetur
1782 5695 1832 5749 ei
1853 5709 1888 5750 a

283 5781 440 5839 nobis
467 5782 723 5853 laudatio,
750 5790 804 5839 et
833 5783 956 5839 ideo
995 5783 1097 5839 boc
1132 5785 1439 5857 signiﬁcans
1476 5783 1629 5852 dixit,
1665 5783 1886 5858 Magnus

1331 367 1694 429 uxrosmo
1732 367 1799 426 IN
1839 365 2166 426 νεΑωιυκ
2202 353 2436 426 Cthv.

3424 366 3533 424 ωσ

1932 479 2202 546 Dominus,
2222 491 2270 535 et
2296 480 2569 538 inritabilis
2583 480 2734 536 nimis
2750 496 2771 545 ;
2797 480 2901 537 hoc
2917 489 3021 549 est,
3043 478 3247 538 nullius
3266 479 3537 552 indigens.

1930 572 2067 639 Quid
2089 583 2192 637 est,
2230 571 2571 628 Laudabilis!
2613 572 2812 644 Dignus
2845 573 2938 644 qui
2969 573 3238 640 laudibus,
3272 571 3539 629 encomiis

1931 673 1986 720 et
2010 663 2224 735 hymnis
2249 664 2570 720 celebretur.
2593 663 2710 719 Non
2737 673 2825 720 est
2849 672 3030 721 autem
3064 664 3243 720 solum
3270 661 3536 719 Laudabi-

1932 755 2016 821 lis,
2047 755 2163 822 sed,
2196 752 2358 810 Valde
2385 754 2698 810 laudabilis:
2724 763 2780 811 et
2821 755 2945 811 ideo
2991 755 3093 811 hoc
3135 754 3332 826 adjecit
3368 769 3541 810 :curn

1933 856 2114 902 autem
2139 862 2298 917 quam
2328 847 2398 902 sit
2421 845 2724 912 laudabilis,
2769 846 2949 902 verbis
2997 860 3106 902 non
3145 855 3328 917 posset
3352 847 3539 915 expri-

1932 951 2104 1003 mere,
2154 936 2451 1007 subjunxit,
2492 937 2562 990 Et
2598 937 2965 1008 magnitudinis
3002 937 3114 1006 ejus
3141 952 3245 991 non
3271 945 3347 990 est
3375 936 3495 1003 ﬁnis
3519 948 3544 990 :

1932 1027 2075 1100 quod
2105 1027 2319 1099 quidam
2346 1028 2482 1086 alius
2545 1030 2823 1099 interpres
2871 1028 3032 1094 dixit,
3097 1025 3352 1082 Iuventio.
3384 1024 3541 1094 Quod

1934 1134 2112 1178 autem
2141 1123 2291 1191 dicit,
2321 1130 2406 1178 est
2430 1121 2693 1193 ejusmodi
2731 1140 2747 1174 :
2774 1121 3038 1190 Quoniam
3079 1134 3334 1190 magnum
3375 1118 3544 1173 habes

1937 1216 2244 1281 Dominum,
2269 1213 2347 1269 sis
2373 1227 2590 1285 quoque
2630 1221 2684 1267 tu
2715 1211 2978 1275 excelsus,
3004 1219 3063 1266 et
3089 1220 3151 1265 te
3175 1209 3368 1280 expedi
3395 1223 3426 1262 a
3459 1222 3544 1264 re-

1935 1306 2037 1362 bus
2064 1321 2183 1377 quae
2208 1305 2277 1361 ad
2305 1304 2446 1359 hanc
2483 1304 2647 1358 vitam
2675 1303 2965 1373 pertinent.
2998 1302 3165 1358 Sume
3202 1301 3424 1372 spiritus
3450 1298 3545 1371 qui

1936 1405 2196 1468 superent
2221 1396 2566 1468 praesentium
2605 1403 2788 1450 rerum
2834 1394 3216 1460 humilitatem,
3247 1408 3355 1448 non
3382 1399 3442 1447 ut
3469 1391 3548 1446 sis

1938 1490 2081 1544 elato
2109 1489 2290 1543 animo
2311 1496 2366 1543 et
2393 1487 2653 1554 insolens,
2682 1487 2775 1542 sed
2799 1500 2994 1557 magno
3012 1495 3070 1541 et
3091 1485 3311 1542 excelso
3338 1486 3542 1540 animo.

1939 1580 2100 1637 Aliud
2143 1583 2284 1636 enim
2331 1580 2657 1650 arrogantia,
2714 1589 2771 1634 et
2821 1578 2967 1634 aliud
3007 1577 3321 1649 magnitudo
3358 1577 3546 1632 animi.

1941 1673 2037 1728 Est
2055 1672 2198 1728 enim
2223 1685 2504 1742 arrogans,
2547 1671 2637 1742 qui
2669 1679 2889 1740 propter
2927 1683 3018 1724 res
3057 1685 3248 1740 parvas
3271 1683 3332 1724 se
3357 1669 3546 1738 jactat,

1941 1773 1995 1820 et
2017 1774 2308 1819 conservos
2333 1763 2594 1833 de5picit;
2623 1762 2734 1817 alto
2751 1769 3041 1816 autemest
3057 1761 3260 1827 animo,
3284 1761 3374 1831 qui
3398 1746 3553 1815 men-

1944 1865 1996 1913 t‘e
2024 1864 2108 1911 est
2149 1854 2388 1922 humilis,
2423 1864 2478 1910 et
2527 1853 2808 1925 prtesentis
2848 1854 2972 1908 vitae
3001 1866 3227 1923 pompas
3269 1851 3401 1906 nihil
3428 1865 3552 1907 esse

1945 1948 2235 2004 existimat.

2015 2039 2070 2093 2.
2120 2038 2309 2094 Contra
2344 2038 2633 2092 Arioniam.
2655 2066 2730 2078 —
2757 2037 2855 2093 Ubi
2886 2051 3030 2091 nunc
3071 2044 3196 2092 sunt
3239 2035 3328 2106 qui
3351 2035 3556 2106 dicunt

1944 2146 2006 2188 se
2034 2132 2204 2187 Deum
2225 2131 2296 2184 ita
2317 2143 2499 2194 nosse,
2530 2128 2669 2182 sicut
2695 2135 2752 2182 et
2793 2128 2907 2196 ipse
2942 2126 3181 2194 seipsum
3212 2124 3404 2180 novit?
3439 2125 3553 2177 An-

1945 2223 2097 2277 diant
2121 2221 2438 2291 prophetam
2479 2218 2775 2282 dicentem,
2807 2216 3180 2288 Magnitudinis
3221 2217 3329 2286 ejus
3355 2229 3454 2269 non
3481 2223 3556 2268 est

1948 2313 2088 2382 ﬁnis,
2120 2311 2516 2367 et'ernbescaut
2539 2309 2608 2364 de
2638 2308 2845 2363 insania
2872 2304 3083 2380 θηρία).

2025 2404 2200 2474 Opera
2220 2403 2316 2456 Dei
2346 2404 2455 2472 ejus
2501 2400 2874 2470 providentiam
2895 2398 3184 2453 laudantia.
3207 2426 3281 2438 —
3305 2397 3364 2452 ι.
3394 2394 3557 2451 Gene-

1949 2497 2082 2550 ratio
2102 2506 2147 2548 et
2167 2494 2424 2564 generatio
2464 2490 2691 2545 laudabit
2721 2504 2876 2559 opera
2898 2498 3006 2542 tua.
3035 2486 3189 2555 Quod
3218 2485 3396 2541 facere
3421 2500 3557 2540 con-
3626 2485 3636 2494 ”

1953 2587 2158 2646 suevit.
2194 2585 2244 2638 id
2292 2598 2504 2654 quoque
2530 2581 2679 2636 facit.
2709 2579 2937 2648 Quando
2982 2582 3128 2633 enim
3176 2576 3416 2632 laudavit
3439 2577 3560 2645 ejus

1954 2676 2378 2748 magnitudinem
2408 2685 2464 2731 et
2499 2675 2746 2744 gloriam,
2775 2674 2923 2754 vpnit
2959 2672 3122 2727 etiam
3171 2669 3239 2726 ad
3263 2669 3384 2739 ejus
3410 2670 3559 2724 cele-

1956 2769 2158 2822 branda
2185 2781 2369 2837 opera.
2402 2765 2516 2820 lloe
2546 2765 2720 2834 ipsum
2752 2764 2840 2818 hic
2871 2777 3084 2833 quoque
3112 2761 3269 2826 facit,
3293 2771 3354 2816 .et
3380 2760 3513 2815 dicit
3543 2777 3558 2813 :

1959 2857 2227 2912 Generatio
2257 2867 2304 2910 et
2350 2857 2608 2928 generatio
2657 2854 2889 2909 laudabit
2925 2869 3082 2922 opera
3127 2862 3236 2918 tua,
3267 2851 3563 2907 ostendens

1959 2948 2378 3018 magnitudinem
2405 2947 2523 3016 ejus
2549 2962 2614 3002 ex
2643 2945 2916 3015 operibus.
2934 2945 3048 2999 lloc
3067 2951 3171 3007 est,
3193 2942 3312 2999 Non
3337 2957 3450 2997 uno
3474 2956 3564 2997 sn-

1960 3039 2068 3094 lum
2102 3051 2344 3109 tempore
2373 3038 2510 3092 facta
2541 3045 2668 3092 sunt
2708 3044 2766 3092 et
2814 3037 3232 3106 praeterierunt,
3277 3048 3456 3104 neque
3507 3032 3564 3088 in

1960 3132 2171 3186 duobus
2199 3141 2293 3185 aut
2321 3131 2493 3185 tribus
2517 3131 2694 3197 annis,
2725 3131 2824 3184 sed
2856 3144 2951 3199 per
2977 3128 3290 3182 universum
3323 3139 3566 3196 presens

1963 3224 2216 3279 saeculum
2247 3221 2648 3287 extenduntur,
2697 3221 2855 3276 itaut
2903 3235 3241 3293 unaquaque
3284 3218 3566 3290 generatus

1964 3314 2081 3384 ejus
2110 3329 2276 3384 opera
2301 3312 2718 3384 contempletur.
2749 3311 2865 3366 Hoc
2903 3320 2988 3366 est
3015 3311 3186 3377 enim,
3215 3308 3491 3367 Genuatio
3519 3317 3568 3364 et

1964 3406 2219 3478 generatio
2241 3421 2260 3459 :
2281 3415 2334 3460 et
2360 3419 2481 3474 qua:
2509 3413 2611 3467 est,
2644 3403 2836 3473 inquit,
2863 3411 2917 3457 et
2942 3416 3062 3472 qua
3091 3410 3353 3472 sequitur,
3370 3410 3426 3457 et
3449 3417 3571 3472 qua

1965 3506 2089 3568 post
2134 3497 2280 3551 illam
2337 3495 2515 3550 futura
2545 3505 2649 3562 est,
2681 3503 2738 3549 et
2776 3508 2898 3564 qua:
2939 3509 3127 3549 rursus
3170 3504 3293 3563 post
3321 3507 3467 3559 earn,
3515 3503 3571 3549 et

1967 3603 2299 3659 unaquaeque
2326 3603 2510 3643 earum
2557 3603 2676 3658 quae
2705 3595 3006 3664 sequuntur
3034 3603 3051 3643 2
3083 3600 3272 3642 rursus
3300 3594 3571 3653 creatura,

1967 3698 2087 3754 qua:
2116 3682 2218 3736 hoc
2244 3682 2390 3736 omni
2420 3689 2664 3752 tempore
2690 3680 2940 3735 similiter
2978 3679 3287 3735 extenditur
3308 3720 3326 3746 ,
3377 3692 3575 3749 nempe

1968 3774 2178 3838 caelum,
2207 3783 2367 3839 terra,
2395 3787 2564 3839 mare,
2586 3787 2699 3838 aer,
2719 3771 2888 3837 lacus,
2919 3769 3305 3838 fontes,lluvii,
3332 3772 3572 3835 semina,

1969 3869 2185 3939 plantae,
2214 3866 2417 3932 herbae,
2441 3875 2496 3922 et
2521 3881 2641 3936 qua:
2665 3879 2732 3920 ex
2757 3864 2824 3926 iis
2849 3863 3134 3933 capiuntur
3155 3862 3440 3930 beneficia,
3482 3878 3578 3918 na-

1973 3969 2107 4016 tura:
2131 3975 2322 4016 cursus
2343 3961 2433 4029 qui
2464 3975 2755 4029 numquam
2793 3957 3225 4030 interrumpitur,
3255 3957 3479 4022 imbres,
3524 3965 3581 4012 et

1975 4063 2276 4122 temporum
2309 4052 2707 4108 vicissitudines
2725 4061 2877 4108 certo
2903 4052 3096 4109 ordine
3132 4050 3350 4108 assidue
3391 4064 3583 4121 proce-

1973 4143 2187 4210 dentes,
2207 4158 2336 4209 nox,
2360 4143 2497 4202 dies.
2522 4142 2625 4208 sol,
2661 4142 2808 4206 luna,
2825 4149 2992 4204 astra,
3014 4143 3116 4195 alia
3143 4141 3345 4204 munia,
3376 4150 3432 4197 et
3457 4155 3581 4210 quae

1976 4245 2173 4305 praeter
2203 4233 2320 4290 huic
2345 4233 2584 4304 quotidie
2610 4231 2745 4287 ﬁunt
2769 4241 2829 4287 et
2847 4232 3098 4303 privatim
3136 4241 3194 4288 et
3221 4230 3583 4287 communiter

1976 4325 2043 4378 ad
2071 4324 2448 4394 corrigendum
2476 4331 2530 4378 et
2571 4322 2834 4377 beneﬂcio
2887 4320 3244 4376 afﬁciendum.
3270 4321 3582 4378 universum

1980 4429 2149 4484 genus
2175 4413 2451 4469 hominum
2469 4453 2485 4480 ,
2516 4427 2637 4482 qua:
2663 4411 2882 4467 assidue
2906 4411 3110 4469 ludatis
3136 4412 3457 4468 eveniebant
3484 4412 3586 4464 mi-

1979 4505 2195 4570 racula,
2227 4505 2411 4574 signa,
2457 4502 2790 4573 providentia
2849 4502 2903 4556 in
2933 4503 3142 4573 frugmn
3199 4501 3584 4573 proventibus,

1982 4594 2318 4666 providentia
2351 4596 2404 4649 in
2432 4593 2658 4648 victoria
2707 4592 2966 4648 adversus
3012 4592 3218 4658 hostes,
3251 4592 3586 4664 providentia

1981 4703 2101 4757 quae
2130 4694 2214 4741 est
2260 4687 2311 4740 in
2339 4685 2458 4739 aliis
2499 4685 2772 4752 omnibus,
2795 4685 2974 4755 qualia
3003 4682 3220 4739 fuerunt
3258 4685 3312 4739 in
3352 4684 3589 4740 adventu

1982 4778 2204 4842 Christi,
2232 4776 2408 4846 qualia
2433 4785 2675 4846 tempore
2691 4775 3059 4846 apostolorum
3080 4817 3096 4839 ,
3131 4776 3310 4846 qualia
3342 4785 3590 4846 tempore

1985 4869 2481 4938 persequutionum,
2512 4882 2634 4936 qua
2660 4866 2876 4936 quidem
2907 4867 3125 4922 fuerunt
3151 4866 3386 4935 antiquis
3419 4866 3578 4935 longe

1988 4961 2137 5029 plura
2161 4969 2216 5015 et
2240 4959 2465 5028 majora,
2491 4958 2666 5028 qualia
2694 4958 2854 5012 etiam
2883 4968 3064 5013 nostra
3090 4957 3190 5012 hac
3218 4958 3589 5028 generatione.

1985 5052 2198 5108 Nullum
2244 5061 2327 5107 est
2369 5051 2512 5107 enim
2551 5059 2762 5119 tempus
2786 5091 2802 5116 ,
2834 5050 2975 5118 quod
3026 5050 3190 5106 etiam
3241 5059 3438 5119 prmter
3478 5049 3594 5104 haec

1986 5145 2289 5198 communia
2319 5159 2424 5196 non
2456 5142 2592 5197 ferat
2617 5143 2827 5212 signum
2857 5143 2974 5211 ejus
2995 5141 3368 5212 providentiae.
3411 5139 3476 5194 Et
3499 5157 3595 5211 po-

1989 5238 2196 5291 tentiam
2227 5248 2366 5290 tuam
2395 5235 2792 5289 annuntiabunt.
2828 5235 2892 5289 Et
2929 5249 3026 5305 per
3070 5233 3352 5296 beneﬁcia,
3385 5233 3592 5301 inquit,

1988 5340 2168 5398 etper
2198 5329 2477 5398 supplicia.
2509 5327 2626 5382 Non
2655 5336 2837 5383 cessat
2864 5328 3008 5382 enim
3045 5327 3189 5384 omni
3216 5327 3425 5381 ratione
3456 5324 3601 5380 Dens

1991 5423 2136 5478 omni
2166 5431 2408 5492 tempore
2441 5427 2642 5475 nostra:
2663 5428 2871 5474 natura:
2893 5419 3220 5489 prospicere.
3244 5417 3297 5474 5.
3342 5415 3599 5488 llagniﬂo

2061 5545 2136 5608 (α)
2171 5544 2256 5594 Gr.
2292 5542 2686 5604 αἱσχννέσθωσαν
2721 5541 2800 5589 ἐπὶ
2829 5543 2890 5602 τῇ
2933 5537 3091 5602 οἰκείᾳ
3123 5537 3286 5600 μανίᾳ.
3329 5534 3467 5594 Hac,
3515 5533 3595 5582 id

1994 5626 2042 5659 τ.
2070 5609 2135 5655 οἱ.
2166 5622 2237 5668 μ.,
2260 5604 2466 5673 babgnt_
2484 5604 2584 5673 duo
2603 5616 2747 5660 mss.,
2782 5609 2924 5649 recte
2936 5615 2975 5673 ’ί
2992 5612 3105 5648 nam
3137 5599 3421 5673 insectatur

1995 5658 2178 5727 minos;
2206 5658 2298 5728 qui,
2340 5658 2576 5714 dicebant
2627 5675 2684 5712 se
2735 5658 2888 5728 nosse
2934 5661 3131 5728 Deum,
3173 5665 3231 5708 ut
3282 5658 3423 5724 Dens
3463 5658 3600 5728 novit

1996 5715 2239 5790 εἶὲἰῤεὶιηῖ
2273 5727 2712 5790 Ωυβιυρι-ίωῐβῃι
2753 5725 2860 5772 haec
2900 5720 3052 5771 verba
3101 5721 3316 5786 deerant
3364 5715 3416 5767 in
3468 5717 3597 5787 ﬁdit.

2001 5784 2174 5841 Morel.
2194 5796 2247 5838 et
2272 5784 2320 5837 in
2345 5786 2609 5838 Sai'i'.Sed
2632 5784 2712 5835 hic
2732 5793 3016 5848 postremus
3029 5797 3088 5833 ea
3117 5790 3255 5831 notat
3279 5784 3329 5829 in
3351 5784 3597 5843 margine.
