4056 6430
556 326 659 380 ιω

560 441 768 493 centiam
796 434 971 506 glorier
997 430 1298 487 sanctitatis
1325 440 1424 483 tua:
1450 430 1713 498 loquentur
1732 470 1746 494 ,
1792 437 1835 481 et
1881 425 2132 479 mirabilia

562 542 653 583 tua
675 527 968 583 narrabant.
1002 525 1150 580 Mitis
1181 522 1280 594 (α),
1312 520 1753 575 Pulcltritudinem
1806 518 1971 573 laudis
2013 526 2131 580 tuae,

559 629 603 671 et
629 616 776 671 verba
806 616 1109 668 nrbvrbilium
1131 602 1329 666 tuorum
1360 612 1653 663 narrabant.
1687 609 1974 676 Postquam
1997 607 2133 659 dixit

559 708 887 778 potentiam,
919 704 1337 758 ostenditetiam
1362 716 1482 755 eam
1511 700 1803 768 potentiam
1830 712 1950 752 esse
1998 696 2134 749 insi-

555 812 712 866 gnem
737 804 791 850 et
814 796 1082 849 eximiam.
1111 794 1290 859 Neque
1314 792 1456 845 enim
1479 789 1812 856 simpliciter,
1845 802 2018 855 neque
2048 800 2136 839 res

558 888 805 955 vulgares
854 885 1015 947 iecit,
1061 882 1156 948 sed
1185 883 1362 936 omnia
1405 892 1511 934 tam
1561 880 1890 943 admirabilia
1933 888 1989 933 et
2027 887 2135 930 tam

560 975 887 1031 incredibilia
939 981 1192 1042 perpetuo
1220 972 1365 1038 fecit,
1398 972 1519 1039 plus
1547 986 1706 1040 quam
1736 984 1927 1037 capere
1953 960 2136 1037 posset

557 1070 781 1120 humana
810 1074 1000 1119 natura
1028 1079 1277 1132 operans,
1302 1072 1359 1116 ut
1379 1077 1497 1131 quin
1535 1060 1690 1124 ﬁunt,
1714 1061 1821 1115 sint
1850 1060 2005 1128 plena
2030 1058 2134 1113 mi-i

555 1156 736 1211 raculo
761 1166 813 1209 et
840 1156 1025 1225 gloria.
1049 1153 1341 1209 Considera
1371 1166 1498 1220 ergo
1513 1166 1631 1221 qua:
1658 1151 1711 1204 iu
1734 1149 1985 1220 Egypto,
2015 1163 2135 1219 quas

554 1248 607 1300 in
650 1246 927 1300 Palaestina
959 1244 1093 1299 facta
1139 1253 1266 1299 sunt
1303 1240 1791 1311 temporeAbrabze
1816 1282 1831 1305 ,
1862 1240 2039 1303 lsaae,
2080 1246 2136 1293 et

553 1339 748 1407 Joseph
776 1356 789 1391 :
818 1352 1002 1392 rursus
1028 1351 1148 1406 quin
1178 1338 1226 1388 in
1250 1335 1482 1404 Egypto
1512 1342 1753 1401 tempore
1790 1332 1952 1386 Hosis
1972 1373 1985 1389 .
2015 1345 2134 1399 quae

555 1431 605 1481 in
655 1428 959 1493 solitudine,
1003 1441 1123 1495 quae
1162 1433 1281 1494 post
1322 1425 1622 1494 ingressum
1656 1439 1669 1473 :
1702 1422 1881 1477 denuo
1924 1435 2043 1491 quae
2078 1421 2133 1474 in

553 1520 878 1588 captivitate,
901 1533 1020 1589 quae
1040 1516 1658 1579 subNabucbodonosor,
1680 1529 1798 1583 quae
1824 1514 1878 1567 in
1896 1513 2131 1577 fornace,

552 1628 670 1678 qus:
698 1614 749 1664 in
782 1610 1045 1675 leonibus,
1077 1623 1193 1678 qua
1225 1608 1276 1661 in
1317 1607 1525 1680 reditu,
1571 1619 1691 1675 quin
1734 1605 1785 1658 in
1824 1603 2126 1671 prophetis.

553 1702 676 1755 limo
701 1702 842 1756 enim
870 1701 1046 1753 omnia
1068 1698 1427 1768 prmdicabant
1452 1697 1568 1761 ejus
1595 1696 1685 1765 qui
1718 1693 2129 1760 fecitvirtutem,

552 1792 793 1859 gloriam,
819 1790 1171 1858 majestatem,
1194 1787 1469 1842 all'ereutia
1501 1800 1749 1855 magnum
1778 1795 2049 1853 stuporem
2078 1793 2134 1839 et

552 1882 977 1935 admirationem.

628 1972 873 2042 Pestifera
896 1988 955 2024 ac
980 1972 1131 2024 noxia
1150 1970 1300 2024 etiam
1326 1967 1421 2021 Dei
1449 1976 1565 2021 sunt
1606 1966 1947 2034 providentius.
1980 1994 2049 2005 -—-
2074 1968 2124 2018 6.

557 2065 623 2118 Et
651 2058 883 2116 uirtutem
904 2060 1199 2115 terribilium
1226 2071 1427 2111 tuorum
1455 2058 1640 2119 dicent,
1660 2068 1705 2110 et
1734 2055 2132 2126 magnitudinem

552 2167 687 2209 tuam
711 2153 1002 2208 narrab'unt.
1033 2154 1137 2206 Per
1168 2154 1280 2205 haec
1304 2151 1536 2206 ostendit
1559 2164 1677 2204 esse
1708 2148 1995 2216 perfectam
2016 2148 2132 2216 ejus

552 2247 839 2315 potentiam
862 2243 927 2296 ad
951 2240 1401 2303 benefaciendum,
1426 2240 1492 2293 ad
1513 2239 1857 2308 puniendum,
1884 2237 2131 2292 etomuia

550 2352 669 2405 quae
700 2342 1005 2388 enumerata
1027 2342 1151 2386 sunt
1181 2340 1461 2399 utrumque
1485 2330 1788 2397 complecti.
1815 2328 1926 2381 Hoc
1955 2337 2131 2381 autem

552 2436 731 2496 petest
758 2426 925 2480 videri
956 2439 1060 2478 non
1088 2424 1262 2478 solum
1291 2422 1341 2476 in
1374 2423 1439 2476 iis
1487 2437 1608 2491 quae
1637 2429 1761 2475 tunc
1814 2429 2128 2484 evenerunt,

552 2518 645 2571 sed
673 2518 833 2570 etiam
869 2516 922 2569 in
960 2514 1241 2579 creaturis,
1272 2523 1326 2567 et
1370 2513 1649 2580 utriusque
1693 2511 1935 2566 beneﬁcii
1965 2512 2129 2563 multa

550 2620 673 2663 esse
701 2609 1072 2671 instrumenta,
1116 2612 1299 2673 utpote
1326 2618 1502 2658 rerum
1552 2601 1765 2671 quidem
1793 2601 2127 2665 terribilium,

554 2700 775 2769 fulgura,
808 2697 1036 2750 tonitrua
1059 2697 1100 2762 ί,
1138 2696 1372 2758 fulmina,
1409 2694 1590 2761 igneos
1622 2693 1878 2758 turbines,
1902 2700 2128 2760 pestem,

554 2791 721 2855 nives,
749 2789 1080 2859 grandinem,
1104 2788 1417 2856 rubiginem,
1440 2786 1581 2855 gelu,
1612 2784 1876 2849 incendia,
1910 2784 2133 2837 inunda-

555 2885 760 2945 tiones;
792 2882 843 2934 in
875 2879 1172 2948 reptilibus,
1198 2878 1479 2939 dracones,
1517 2877 1778 2944 scorpios,
1810 2884 2129 2943 serpentes;

557 2975 610 3027 in
637 2971 957 3036 volucribus,
983 2972 1270 3034 locustam;
1300 2979 1351 3023 et
1376 2969 1427 3021 in
1457 2969 1521 3021 iis
1548 2983 1666 3038 qua:
1706 2977 1829 3021 sunt
1849 2968 2054 3036 abjecta
2077 2976 2132 3022 et

556 3064 696 3127 vilia,
729 3065 1099 3138 cynomyiam,
1128 3073 1338 3113 erucam
1366 3077 1378 3113 :
1427 3074 1545 3127 qua:
1594 3060 1706 3127 ipsa
1740 3073 1951 3128 quoque
2008 3068 2132 3114 sunt

555 3152 903 3221 providentia:
940 3168 953 3203 :
982 3159 1036 3204 et
1054 3164 1170 3219 quze
1200 3148 1440 3202 homines
1460 3157 1793 3213 convertant,
1826 3164 1856 3201 a
1888 3148 2130 3202 socordia

554 3242 801 3303 liberent,
845 3256 872 3293 a
914 3238 1179 3310 profundo
1217 3252 1407 3290 somno
1447 3238 1700 3303 excitent,
1747 3253 1777 3291 a
1803 3250 2023 3292 veterno
2064 3239 2130 3293 ad

555 3334 873 3402 vigilantiam
905 3331 1203 3385 traducant.
1236 3330 1348 3383 Non
1372 3330 1544 3383 solum
1570 3338 1747 3385 autem
1778 3330 1831 3384 in
1867 3331 1947 3384 his
1972 3372 1986 3395 ,
2035 3331 2129 3385 sed

552 3426 711 3479 etiam
760 3425 812 3477 in
845 3422 1129 3476 contrariis
1156 3429 1239 3474 est
1259 3421 1447 3474 vvirtus
1476 3420 1591 3489 ejus
1620 3420 1872 3489 perfecta.
1919 3421 1982 3475 Et
2012 3421 2131 3476 ideo

552 3531 674 3569 cum
705 3530 801 3567 nos
830 3513 944 3567 haec
972 3512 1134 3567 vellet
1160 3512 1373 3574 docere,
1401 3522 1676 3580 postquam
1698 3510 1854 3573 dixit,
1882 3509 2131 3564 Virtutem

552 3608 845 3661 terribilium
874 3618 1074 3658 tuorum
1103 3605 1287 3667 dicent,
1312 3614 1359 3657 et
1388 3604 1812 3673 magniﬁcentiam
1838 3614 1977 3657 tuam
2005 3620 2129 3656 nar-

550 3700 752 3763 rabant,
780 3698 1051 3768 subjunxit
1074 3715 1085 3749 :
1114 3699 1166 3752 7.
1195 3696 1493 3750 Memoriam
1516 3697 1843 3749 abundantia
1868 3696 2131 3751 suavitatis

552 3802 651 3843 tuae
694 3792 1002 3843 eructabunt.
1050 3789 1219 3853 Alius,
1252 3787 1499 3841 Bonitatis
1545 3797 1661 3842 tuc.
1713 3787 1779 3841 Et
1817 3790 2020 3859 justitia
2046 3798 2133 3842 tua

551 3879 869 3933 exsultabant
891 3879 985 3949 (b).
1016 3878 1167 3943 Quod
1196 3879 1329 3932 alius
1369 3878 1503 3932 dixit
1531 3878 1813 3946 interpres,
1837 3878 1902 3931 Et
1931 3882 2129 3933 miseri-

552 3969 751 4022 cordias
773 3978 885 4022 tuas
924 3968 1201 4022 (nudabant
1229 3967 1317 4040 (ε).
1341 3968 1659 4025 Nos-antem
1685 3970 2129 4038 quemadmodum

553 4056 807 4111 terribilia
836 4057 1283 4122 enumeravimus,
1320 4058 1389 4111 ita
1419 4059 1579 4113 etiam
1611 4074 1829 4115 necesse
1868 4071 1951 4116 est
1988 4062 2132 4117 dica-

551 4163 668 4202 mus
694 4162 880 4201 eorum
911 4148 1215 4212 contraria;
1253 4162 1447 4216 nempe
1475 4149 1528 4203 in
1559 4150 1624 4204 iis
1650 4166 1769 4219 quae
1789 4151 2058 4218 videntur,
2078 4160 2133 4207 et

552 4258 673 4310 quae
697 4242 837 4295 circa
865 4256 961 4295 nos
982 4251 1126 4306 sunt,
1151 4253 1356 4296 annuas
1384 4251 1680 4311 temporum
1709 4244 2129 4312 vicissitudines,

553 4333 689 4397 dies,
722 4332 925 4395 hortos,
961 4342 1132 4401 prata,
1182 4330 1341 4387 flores
1370 4334 1565 4397 varios,
1598 4349 1787 4404 aquam
1818 4336 2028 4391 dulcem
2077 4345 2133 4391 et

553 4421 837 4490 potabilem
862 4461 879 4486 ,
912 4421 1191 4476 commoda
1222 4434 1340 4490 quin
1382 4422 1662 4491 capiuntur
1703 4438 1768 4478 ex
1831 4425 2091 4480 imbribus
2111 4467 2127 4493 ,

552 4522 709 4567 terrm
734 4522 936 4581 partus,
958 4512 1134 4567 varios
1158 4511 1381 4579 fructus,
1412 4512 1649 4568 diversas
1674 4514 1913 4583 arbores,
1941 4532 2132 4573 suaves

553 4616 763 4670 ventos,
796 4605 1024 4659 solerem
1047 4604 1275 4665 radium,
1309 4605 1553 4660 lunarem
1572 4605 1894 4675 lampadem,
1924 4609 2128 4663 varium

552 4701 816 4751 astrorum
846 4695 1069 4750 chorum
1093 4736 1108 4761 ,
1138 4695 1371 4765 quietam
1413 4704 1467 4751 et
1509 4694 1849 4766 tranquillam
1881 4707 2126 4751 noctem:

551 4797 607 4843 et
633 4788 686 4841 in
713 4786 901 4853 brutis,
932 4800 1081 4853 oves,
1112 4787 1295 4853 boves,
1325 4796 1379 4843 et
1402 4797 1622 4856 capras;
1654 4796 1709 4842 et
1732 4788 1786 4842 in
1808 4789 2127 4858 agrestibus,

551 4894 770 4951 capreas
788 4920 805 4948 ,
830 4894 1036 4947 cervos,
1063 4880 1293 4950 lepores,
1311 4890 1363 4935 et
1376 4879 1477 4934 alia
1498 4880 1723 4949 plurima
1742 4896 1758 4946 ;
1776 4882 1891 4935 etin
1913 4881 2133 4935 volucri-

553 4972 673 5038 bus,
698 4986 823 5027 aves
842 4972 1113 5037 Indicas';
1140 4972 1194 5025 in
1222 4971 1351 5040 ipsis
1370 4971 1621 5040 operibus
1643 4970 1807 5026 videri
1828 4981 2001 5041 potest
2023 4986 2131 5025 non

615 5142 631 5172 ι
666 5138 739 5187 sic
756 5136 916 5196 Savi|.;
943 5149 1054 5195 vox,
1097 5133 1324 5196 tonitrua,
1359 5133 1607 5196 deeratgin
1646 5132 1810 5181 Morel.
1839 5130 1977 5196 Paulo
2000 5136 2126 5194 post,

552 5214 665 5256 vox,
678 5193 958 5256 rubiginem,
969 5193 1114 5256 deest
1137 5197 1186 5244 in
1206 5194 1344 5245 Savil.
1361 5208 1376 5256 ;
1400 5196 1489 5244 sed
1506 5193 1636 5243 illam
1653 5206 1824 5243 vocem
1839 5193 2033 5255 adjicit’i
2040 5206 2127 5255 pse

553 5264 695 5324 paulo
718 5255 838 5309 inﬁ‘a
856 5264 983 5321 pOSt.
1009 5255 1252 5307 locustam.
1335 5316 1348 5324 _
1719 5319 1734 5324 _
1809 5318 1820 5324 _
1970 5316 1979 5324 _

613 5325 632 5353 ²
668 5331 716 5389 tn
738 5312 918 5377 arietis),
1051 5329 1189 5389 ιρνιοιε
1213 5316 1509 5389 mulsam.
1537 5325 1703 5389 ntust,
1719 5318 1908 5381 legisse
1935 5312 2129 5364 videtur

550 5386 809 5442 Garutianus
830 5380 1085 5442 ttervetus,
1106 5380 1189 5442 qui
1213 5380 1379 5434 vertit,
1405 5388 1755 5442 aves_canoras.

614 5447 687 5507 (a)
854 5444 919 5515 sit
954 5442 1031 5491 hic
1053 5438 1314 5502 interpres,
1339 5451 1404 5487 ne
1426 5438 1705 5500 conjectura
1735 5438 1935 5495 quidem
1962 5449 2126 5499 possu-

549 5520 658 5567 mus
679 5517 890 5567 assequi.

614 5566 688 5628 (b)
723 5559 1074 5626 Hic'interpres
1095 5564 1206 5628 quis
1220 5562 1283 5612 sit
1306 5561 1573 5623 ignoratur.
1603 5566 1711 5610 nec
1736 5567 1916 5621 autem,
1944 5559 2122 5610 bonita-

578 5628 583 5633 l
614 5575 688 5628 (υ)
723 5575 807 5615 Hic
829 5575 1074 5637 interpres
1095 5575 1206 5672 quis
1220 5575 1283 5612 sn
1306 5575 1568 5623 ignoratur.

548 5634 610 5678 trs
628 5636 740 5686 tuae,
756 5628 931 5692 desunt
948 5639 994 5674 in
1016 5632 1117 5673 Sam
1142 5661 1154 5692 τ
1313 5690 1324 5692 _
1522 5683 1534 5692 _
1558 5685 1568 5692 υ

616 5691 685 5753 (ε)
722 5683 828 5737 inec
852 5689 1189 5750 interpretatio
1215 5692 1288 5734 est
1308 5683 1588 5747 Symmachi.

1354 313 1412 366 S.
1456 310 1733 370 JOANNIS
1763 308 2231 367 CHRYSOSTOMI
2258 308 2574 365 ARCHIEP.
2615 311 3148 373 CONSTANTINOP.
3743 325 3838 378 ttil

2242 421 2412 475 solum
2436 425 2679 493 puniens,
2706 427 2800 481 sed
2838 428 2992 498 longe
3022 430 3181 484 etiam
3214 430 3443 499 amplius
3470 430 3736 488 beneﬁcio
3761 434 3839 489 al-

2244 513 2429 569 liciens
2448 532 2605 584 quam
2631 520 2875 585 puniens.
2904 522 2968 575 Et
2998 520 3085 575 illa
3117 521 3331 588 quidem
3378 524 3603 578 terroris
3627 526 3834 594 gratia;

2240 604 2353 657 etsi
2371 620 2431 658 ea
2458 607 2739 674 aliquando
2768 625 2952 665 revera
2982 612 3345 679 intentaveri‘t,
3394 614 3445 669 id
3470 612 3599 669 facit
3621 625 3835 686 propter

2241 711 2334 750 eos
2381 699 2471 766 qui
2521 700 2655 754 adeo
2687 704 2881 771 stupidi
2902 714 3045 770 sunt,
3072 715 3130 760 ut
3153 716 3296 761 metu
3338 725 3443 763 non
3474 714 3836 782 corrigantur.

2242 785 2297 839 ln
2328 787 2409 841 his
2431 798 2604 844 autem
2628 799 2683 845 et
2707 793 2986 849 muniﬁcus
3007 806 3060 850 et
3080 797 3411 864 splendidus,
3441 800 3634 871 bisque
3661 804 3838 872 reipss

2240 876 2403 931 afﬁcit
2430 893 2534 932 non
2563 882 2737 934 solum
2760 881 2967 951 dignos,
2994 885 3088 939 sed
3116 886 3275 941 etiam
3302 888 3571 959 indignos.

2309 988 2364 1043 5.
2423 988 2643 1044 Varians
2689 1007 2819 1062 ergo
2872 1004 3109 1050 nostram
3160 998 3426 1066 salutem,
3480 1002 3645 1056 modo
3695 1005 3836 1070 haec,

2242 1080 2403 1134 modo
2430 1081 2541 1149 illa,
2598 1082 2744 1148 facit,
2777 1094 2831 1139 et
2860 1084 2975 1140 haec
3004 1089 3200 1156 saepius
3226 1105 3384 1158 quam
3419 1092 3531 1159 illa,
3579 1094 3838 1162 quoniam

2241 1170 2358 1226 haec
2387 1174 2497 1226 sola
2527 1172 2816 1229 desiderat.
2840 1176 3127 1245 Propterea
3155 1180 3297 1233 enim
3321 1181 3626 1249 gehennam
3659 1184 3840 1240 mina-

2244 1270 2327 1314 tus
2348 1272 2450 1326 est,
2485 1278 2590 1317 non
2634 1274 2690 1318 ut
2716 1279 2836 1318 eam
2876 1265 3161 1337 inﬂigeret,
3201 1269 3294 1323 sed
3322 1284 3390 1324 ne
3418 1270 3726 1341 indigeret;
3784 1283 3843 1329 et

2242 1354 2386 1408 illam
2433 1357 2649 1425 quidem
2682 1360 2894 1426 paravit
2927 1358 3140 1413 diabolo
3172 1378 3185 1413 :
3217 1359 3299 1418 Ite
3335 1364 3500 1427 enim,
3542 1366 3741 1434 inquit,
3786 1367 3840 1420 in

2238 1445 2422 1514 ignem,
2470 1447 2558 1515 qui
2584 1456 2795 1516 paratus
2834 1458 2907 1501 est
2945 1449 3144 1503 diabolo
3168 1449 3400 1517 .(Matth.
3431 1450 3523 1506 25.
3552 1454 3664 1523 41)
3706 1472 3838 1511 :re-

2238 1550 2398 1604 gnum
2426 1546 2601 1590 autem
2631 1536 2956 1604 hominibus,
2989 1539 3280 1594 ostendens
3300 1555 3359 1595 se
3387 1542 3531 1597 nolle
3556 1543 3837 1600 hominem

2238 1624 2509 1679 intrudere
2536 1627 2587 1679 in
2609 1626 2928 1695 gehennam.
2949 1628 3001 1683 8.
3028 1627 3325 1684 Misericors
3349 1642 3396 1685 et
3422 1634 3694 1687 miseratur
3724 1634 3837 1691 Do-

2238 1716 2421 1778 minus,
2457 1718 2651 1785 patiens
2672 1728 2718 1770 et
2746 1720 2959 1773 multum
3008 1721 3314 1775 misericors.
3346 1724 3399 1777 9.
3428 1723 3619 1779 Suavis
3640 1725 3833 1781 Domi-

2238 1824 2332 1861 nus
2357 1810 2630 1874 universis,
2660 1820 2705 1863 et
2734 1813 3075 1866 miserationes
3126 1816 3235 1882 ejus
3269 1832 3421 1881 super
3464 1819 3643 1870 omnia
3668 1835 3830 1888 opera

2237 1902 2366 1969 ejus.
2402 1901 2564 1955 Vides
2596 1903 2911 1971 prephelam
2956 1904 3229 1958 immorari
3271 1906 3322 1959 in
3370 1907 3454 1961 his
3486 1910 3832 1975 melioribus,

2236 2000 2289 2047 et
2313 1993 2585 2060 prolixiori
2613 1995 2687 2047 uti
2717 1995 2980 2050 oratione.
3008 1995 3167 2050 Nevit
3194 2000 3336 2051 enim
3386 2000 3475 2054 Dei
3505 2016 3640 2070 opes
3668 2003 3721 2056 in
3753 2003 3834 2059 his

2236 2086 2469 2138 maxime
2493 2087 2809 2141 consistere.
2851 2086 3034 2157 Neque
3060 2090 3202 2143 enim
3230 2089 3469 2145 licuisset
3496 2097 3830 2163 conservari,

2239 2177 2341 2231 nisi
2370 2191 2559 2246 magna
2590 2177 2779 2233 fuisset
2803 2178 2918 2247 ejus
2947 2180 3233 2235 clementia
3260 2201 3273 2236 :
3304 2199 3407 2237 non
3442 2184 3686 2241 licuisset
3714 2203 3833 2241 ma-

2239 2283 2388 2333 nere,
2430 2270 2533 2323 nisi
2563 2270 2679 2339 ejus
2710 2286 2956 2341 magnam
3001 2287 3243 2327 essemus
3269 2278 3475 2344 experti
3508 2277 3827 2335 bonitatem.

2238 2359 2307 2414 Et
2333 2360 2453 2415 ideo
2480 2358 2689 2416 dicebat
2720 2380 2733 2415 :
2763 2359 2877 2431 Ego
2906 2380 3017 2417 sum
3043 2367 3129 2435 qui
3148 2368 3289 2420 deleo
3304 2369 3598 2437 iniquitates
3621 2383 3759 2438 tuas,
3779 2384 3827 2430 et

2238 2451 2288 2504 in
2315 2453 2413 2505 tuis
2458 2456 2679 2521 peccatis
2704 2466 2752 2513 te
2775 2454 2996 2525 defendi.
3030 2456 3086 2511 Μ
3090 2459 3303 2513 iserator
3328 2471 3374 2514 et
3403 2463 3695 2518 misericors
3719 2465 3829 2519 Do-

2238 2546 2404 2598 minus
2434 2540 2601 2611 (lsai.
2648 2547 2737 2602 45.
2769 2546 2887 2619 25).
2918 2549 3049 2604 Vide
3076 2552 3347 2619 quomodo
3377 2556 3618 2611 ostendit
3645 2558 3829 2613 inell‘a-

2237 2636 2397 2693 bilem
2440 2638 2557 2707 ejus
2598 2640 2960 2695 clementiam.
2990 2641 3107 2698 Non
3154 2644 3326 2698 solum
3371 2649 3516 2701 enim
3546 2650 3833 2713 miseretur

2236 2744 2421 2783 eorum
2450 2730 2539 2798 qui
2565 2740 2808 2799 peccant,
2842 2734 2936 2787 sed
2963 2734 3120 2787 etiam
3149 2735 3291 2789 aliud
3314 2738 3548 2791 ostendit
3574 2754 3681 2793 non
3713 2756 3829 2810 paro

2238 2836 2361 2873 vum
2386 2836 2555 2890 genus
2599 2823 2918 2889 clementia,
2965 2839 3158 2893 nempe
3202 2826 3475 2881 lenitatem
3521 2840 3578 2882 et
3624 2831 3834 2899 patien-

2238 2914 2388 2979 tiam,
2437 2924 2495 2968 ut
2518 2917 2733 2969 veniant
2763 2917 2831 2969 ad
2876 2918 3262 2984 poenitentiam,
3296 2927 3350 2974 et
3396 2935 3517 2974 cum
3562 2922 3681 2992 ejus
3726 2925 3837 2979 cle-

2235 3005 2432 3065 mentia
2461 3021 2490 3060 a
2519 3022 2616 3061 suo
2645 3022 2857 3077 quoque
2886 3021 3269 3063 conserventur
3320 3011 3839 3093 studiooiiiligeu-

2238 3103 2330 3166 tia,
2362 3109 2415 3154 et
2438 3116 2501 3155 ex
2532 3102 2642 3156 suis
2670 3101 2823 3155 faelis
2852 3101 3098 3155 ﬁduciam
3130 3102 3381 3156 habeant.
3406 3104 3520 3159 Non
3545 3116 3630 3160 est
3653 3116 3835 3163 autem

2236 3192 2407 3246 solum
2463 3192 2791 3259 Misericors,
2844 3194 2937 3247 sed
2976 3194 3133 3248 etiam
3160 3235 3175 3259 ,
3224 3194 3446 3253 Multum
3506 3199 3835 3266 misericors;

2238 3284 2529 3340 ostendens
2557 3294 2757 3339 tantam
2787 3285 3211 3341 misericordiam
3240 3303 3345 3341 non
3389 3303 3549 3357 posse
3577 3306 3837 3353 mensura

2235 3375 2650 3444 comprehendi,
2690 3378 2783 3428 sed
2821 3391 2921 3429 nec
2948 3376 3060 3431 ullo
3103 3377 3356 3446 explicari
3407 3394 3681 3436 sermone.
3724 3382 3837 3439 Sed

2236 3476 2414 3519 tamen
2441 3481 2535 3536 per
2556 3480 2617 3519 ea
2635 3480 2753 3535 qua:
2777 3464 3028 3535 deinceps
3057 3478 3481 3542 consequuntur.
3504 3471 3683 3540 quoad
3716 3473 3839 3542 ejus

2239 3556 2353 3612 fieri
2387 3557 2579 3625 potuit,
2625 3555 2881 3621 ostendit,
2910 3571 3030 3611 cum
3068 3540 3346 3627 subjunxit
3387 3578 3401 3613 :
3433 3562 3622 3615 Suavis
3650 3540 3841 3617 Domi.

2237 3665 2331 3702 nus
2344 3648 2605 3713 universis,
2626 3658 2673 3701 et
2684 3647 3031 3701 miserationes
3051 3650 3159 3718 ejus
3173 3666 3326 3718 super
3337 3651 3508 3703 omnia
3528 3669 3687 3719 opera
3696 3656 3834 3724 ejus.

2309 3739 2520 3795 Bonitas
2564 3742 2661 3796 Dei
2698 3743 2751 3796 in
2795 3758 2984 3797 omnes.
3026 3741 3152 3796 Cain
3186 3743 3381 3814 punitio
3422 3759 3486 3799 ea:
3525 3746 3839 3815 benignitate

2236 3834 2353 3889 Dei.
2387 3833 2571 3889 Mortis
2596 3852 2754 3905 genus
2782 3836 3087 3890 levissimum
3113 3851 3201 3904 per
3219 3850 3425 3904 aquam.
3477 3834 3641 3889 Muta:
3679 3852 3757 3891 res
3780 3846 3839 3891 ut

2237 3925 2403 3980 Deum
2427 3926 2741 3981 benedicant.
2772 3957 2844 3966 —
2868 3925 3007 3992 Quid
3041 3935 3146 3989 est,
3173 3924 3430 3980 Universis
3449 3924 3477 3977 Ῡ
3500 3926 3675 3981 Etiam
3705 3943 3837 3998 pec-

2235 4020 2527 4086 catoribus,
2562 4021 2752 4091 inquit,
2776 4029 2829 4075 et
2857 4021 2921 4074 iis
2955 4020 3045 4089 qui
3073 4020 3257 4074 vivunt
3282 4020 3565 4077 scelerate.
3596 4020 3720 4075 Non
3743 4036 3840 4075 so-

2237 4113 2345 4166 lum
2367 4114 2509 4167 enim
2534 4112 2682 4180 justi,
2714 4121 2768 4165 et
2788 4111 2824 4164 ii
2854 4111 2943 4181 qui
2964 4125 3024 4165 se
3044 4124 3192 4166 recte
3224 4119 3279 4165 et
3301 4126 3367 4165 ex
3395 4111 3595 4166 virtute
3616 4120 3833 4182 gerunt.

2237 4211 2329 4256 aut
2350 4202 2439 4271 qui
2460 4202 2727 4255 ducuntur
2767 4200 3078 4271 paenitentia
3105 4216 3119 4265 ;
3149 4199 3243 4255 sed
3281 4199 3442 4255 etiam
3472 4215 3689 4266 omnes,
3739 4216 3839 4271 per

2239 4306 2302 4346 ea
2349 4306 2468 4360 quae
2496 4292 2772 4359 patiuntur
2795 4331 2811 4357 ,
2845 4290 2962 4359 ejus
2988 4289 3410 4345 misericordiam
3442 4290 3739 4360 praedicant
3776 4299 3839 4347 et

2237 4382 2550 4437 bonitatem.
2576 4382 2645 4440 Et
2683 4381 2730 4437 si
2756 4380 2875 4449 quis
2909 4394 2997 4435 me
3022 4387 3197 4450 roget,
3226 4378 3453 4434 Cuinam
3477 4378 3578 4434 fuit
3617 4381 3790 4435 bonus
3809 4382 3837 4437 2

2236 4475 2409 4533 dicam
2440 4492 2455 4529 :
2487 4472 2603 4529 Non
2645 4472 2779 4528 Abel
2807 4471 2949 4537 soli,
2976 4470 3073 4525 sed
3112 4471 3272 4526 etiam
3314 4469 3486 4525 Caino
3526 4488 3539 4523 :
3573 4487 3681 4526 non
3730 4473 3835 4528 soli

2235 4570 2349 4625 Noe
2374 4578 2429 4624 et
2455 4568 2571 4637 ejus
2595 4566 2778 4622 liberis
2800 4605 2815 4629 ,
2844 4564 2940 4620 sed
2968 4563 3035 4617 iis
3061 4563 3224 4618 etiam
3270 4576 3407 4631 quos
3446 4562 3705 4617 diluvium
3731 4564 3834 4618 ob-

2236 4660 2361 4714 ruit.
2385 4659 2745 4727 Quzecumque
2775 4656 2919 4711 enim
2955 4653 3104 4717 facit,
3138 4650 3436 4723 procedunt
3456 4668 3486 4706 a
3515 4653 3832 4709 misericor-

2235 4750 2323 4805 dia
2349 4760 2405 4805 et
2432 4746 2734 4804 clementia.
2766 4745 2834 4799 Et
2876 4753 2933 4798 ut
2960 4744 3100 4798 scias
3123 4783 3139 4808 ,
3166 4740 3438 4811 quomodo
3464 4741 3535 4795 sit
3557 4742 3614 4795 in
3639 4756 3833 4798 omnes

2236 4841 2408 4896 bonus
2429 4848 2483 4894 et
2511 4839 2768 4901 clemens,
2796 4832 2922 4889 illud
2952 4834 3074 4886 hinc
3102 4831 3407 4887 considera.
3436 4829 3666 4897 Quanta
3696 4830 3826 4897 fuit,

2236 4946 2438 5002 quaeso,
2488 4916 2852 4999 benignitatis,
2897 4924 3047 4979 illum
3093 4921 3443 4996 fratricidam,
3490 4922 3580 4993 qui
3622 4922 3830 4979 eadem

2238 5023 2499 5095 ejusmodi
2530 5023 2751 5086 fecerat,
2789 5017 2876 5088 qui
2909 5017 3182 5073 dexteram
3226 5029 3379 5070 suam
3417 5008 3730 5078 foedarent,
3777 5024 3831 5070 et

2238 5117 2328 5187 qui
2375 5114 2467 5170 Dei
2512 5114 2657 5182 leges
2706 5108 3150 5172 conculcaverat,
3180 5104 3273 5160 tali
3301 5103 3516 5160 tradere
3541 5105 3827 5177 supplicio,

2238 5207 2379 5279 quod
2404 5203 2698 5262 admonitio
2740 5203 2809 5256 sit
2834 5201 3013 5279 potius
3037 5212 3195 5267 quam
3220 5211 3398 5266 pana,
3428 5203 3486 5249 ut
3510 5204 3567 5250 et
3592 5210 3689 5265 per
3709 5195 3828 5249 lon-

2237 5277 2531 5372 gitudinem
2563 5294 2819 5363 temporis
2849 5277 2997 5347 illum
3019 5290 3263 5359 expiaret
3290 5302 3321 5343 a
3351 5298 3591 5357 peccato,
3614 5296 3670 5342 et
3689 5287 3823 5341 alios

2238 5392 2457 5447 doceret
2506 5398 2563 5443 et
2604 5386 2889 5455 castigaret
2931 5398 3028 5454 per
3078 5396 3141 5436 ea
3188 5396 3309 5449 quae
3352 5379 3443 5434 ille
3487 5378 3827 5449 patiebatur?

2236 5484 2459 5552 Quanta:
2479 5487 2615 5545 erat,
2638 5491 2839 5548 quaeso,
2871 5472 3216 5543 benignitatis
3235 5512 3251 5536 ,
3279 5484 3375 5526 eos
3399 5470 3489 5541 qui
3510 5471 3829 5540 gravissimo

2238 5588 2292 5632 et
2312 5570 2588 5628 incurabili
2619 5566 2806 5623 morbo
2834 5562 3145 5620 laborabant
3162 5569 3404 5633 tempore
3428 5559 3637 5624 diluvii,
3659 5569 3716 5615 et
3732 5573 3828 5614 nec

2244 5667 2421 5735 minis,
2449 5676 2549 5719 nec
2575 5658 2891 5727 rationibus,
2931 5670 3031 5714 nec
3056 5653 3167 5710 ullo
3193 5652 3299 5709 alio
3327 5652 3559 5710 correcti
3587 5650 3817 5709 fuerant.
