4066 6470
510 318 615 375 7Ιὸ

510 434 747 517 gantiam
794 448 900 517 quo
939 443 1095 517 pacto
1132 431 1267 517 apud
1312 431 2093 517 Deumrnegetisripporteat,

512 500 687 573 ignem
719 502 772 557 in
799 500 893 556 eos
913 500 1156 573 urentem
1182 502 1423 566 immisit,
1451 505 1519 555 ita
1549 500 1606 555 ut
1626 500 2095 573 locuslneendium

511 572 819 636 vocaretur,
848 572 1083 642 quodin
1123 586 1189 626 eo
1218 572 1613 642 magnspopuli
1648 584 1772 641 pars
1810 572 1934 641 igne
1969 584 2100 625 con-

514 650 727 713 sumpta
772 641 921 713 esset
962 641 1149 711 (Nunt.
1176 642 1262 713 11.
1291 642 1367 708 5).
1410 641 1597 696 Postea
1624 654 1754 713 vero
1780 657 1897 711 qute
1925 642 2096 710 petie-

519 710 659 765 t-ant’
686 710 850 767 dedit.
899 710 1095 767 Panem
1130 712 1244 766 cteli
1271 722 1325 766 et
1351 726 1541 779 panem
1564 710 1871 781 angelorum
1902 724 2095 781 manna

512 790 713 852 vocat,
739 797 861 852 qma
900 796 1003 836 non
1050 780 1293 852 Immanis
1329 780 1781 852 Aapparatus’crat
1806 780 2048 852 manibus
2080 797 2093 832 :

512 852 583 906 de
620 849 770 906 cclo'
793 861 1006 921 autem,
1059 850 1145 905 ubi
1190 849 1497 921 angelorum
1541 851 1738 921 eltoius
1765 859 1916 915 erat,
1949 849 2064 921 dela

509 934 641 988 psus
664 930 766 990 est.
790 918 1157 975 Commeatum
1186 918 1347 990 porro
1369 920 1581 987 qualem
1612 919 1680 975 ad
1707 935 1874 989 usque
1900 918 2096 973 saturi-

507 999 686 1071 ialeni
712 989 1024 1071 demiserit,
1048 989 1199 1071 clare
1217 989 1585 1071 enuntiantea
1605 999 2049 1071 ψῃιξεεηυμῃιιιι·
2080 1006 2095 1042 :

505 1060 595 1115 26.
622 1059 842 1115 Abstulit
883 1069 1113 1114 austrum
1149 1060 1212 1113 de
1239 1060 1391 1124 ca'lo,
1419 1070 1467 1115 et
1493 1059 1693 1114 induxit
1720 1060 1773 1113 in
1800 1059 1976 1113 virtut:
2004 1074 2100 1113 suo

506 1129 871 1197 nfn‘cum-2‘l.
901 1128 969 1183 Et
1006 1129 1134 1200 pluit
1160 1146 1313 1199 super
1336 1146 1419 1200 eos
1448 1131 1579 1184 sicut
1608 1130 1861 1200 pulverem
1886 1144 2091 1193 cantes,

506 1209 554 1253 ct
600 1200 731 1254 sicut
777 1216 983 1254 arenam
1008 1198 1185 1254 inuris
1224 1198 1452 1254 volatilia
1489 1198 1726 1269 pennata.
1754 1198 1942 1254 Parata
1970 1206 2098 1253 sunt

504 1269 644 1338 apud
675 1269 841 1340 Deum
871 1270 1004 1323 bona
1036 1286 1051 1323 :
1081 1269 1182 1340 sed
1202 1278 1379 1340 tamen
1407 1284 1469 1324 ea
1500 1270 1563 1324 ad
1588 1280 1944 1340 oppertunum
1961 1277 2097 1323 tem-

507 1354 607 1407 pus
644 1338 712 1393 ab
735 1353 802 1395 eo
830 1347 1128 1394 servantur.
1153 1338 1509 1407 Quamobrem
1540 1338 1964 1394 cumJudaicum
1997 1352 2095 1406 po-

510 1408 693 1477 pulum
734 1410 929 1463 satiare
955 1409 1133 1479 vellet.
1164 1424 1270 1463 non
1298 1424 1489 1463 novum
1517 1408 1783 1479 Opiﬁciunt
1813 1408 2093 1479 produxit,

506 1494 627 1533 cum
670 1487 907 1533 austrum
954 1486 1011 1533 et
1051 1477 1274 1533 africum
1315 1479 1626 1548 commovit.
1678 1478 1740 1533 Hi
1788 1477 2015 1548 namque
2042 1479 2096 1533 in

507 1549 907 1619 astuosioribus
944 1548 1258 1619 regionibus
1306 1546 1435 1619 dare
1478 1548 1686 1613 solent,
1731 1548 1818 1603 ubi
1854 1546 2098 1619 summus

509 1618 698 1689 Opiles
745 1617 1077 1689 coturnicum
1118 1618 1326 1686 cepiam
1364 1617 1555 1689 adesse
1596 1620 1842 1689 curavit,
1870 1628 1925 1673 et
1949 1618 2099 1673 velut

508 1687 573 1742 es
603 1688 805 1758 paratis
846 1688 1110 1758 thesauris
1134 1702 1356 1757 scopum
1402 1688 1659 1755 implevit.
1688 1687 1797 1743 Nos
1820 1698 1998 1758 autem
2031 1704 2098 1743 ne

511 1756 854 1828 hyperbolice
876 1773 905 1810 a
939 1757 1197 1827 propheta
1226 1756 1426 1812 dictum
1454 1758 1618 1813 fuisse
1646 1769 1889 1827 putemus
1908 1800 1922 1822 ,
1954 1756 2097 1812 Pluit

506 1830 637 1881 sicut
672 1828 925 1894 pulverem
964 1844 1139 1881 carnes
1158 1868 1173 1890 ,
1212 1837 1260 1881 et
1296 1828 1426 1882 sicut
1464 1844 1668 1882 arenam
1694 1828 1847 1881 utaris
1876 1828 2098 1884 volatilia

510 1907 752 1979 genitura.
781 1897 985 1979 inlinita
1012 1900 1207 1979 qitippe
1228 1906 1353 1979 sunt
1375 1897 1631 1979 nobisque
1656 1900 1831 1979 ignota
1862 1898 1954 1953 Dei
1976 1899 2094 1979 opi-

510 1967 648 2020 ticia.
667 1966 834 2037 Tanta
856 1966 1147 2037 itaqueluit
1161 1967 1431 2023 volucrum
1448 1966 1729 2037 multitudo
1746 2010 1760 2034 ,
1781 1978 1838 2022 ut
1860 1981 1963 2023 non
1996 1969 2097 2023 ﬁlis

507 2036 1188 2108 antiretibusautmachinis
1206 2037 1346 2101 aliis,
1373 2036 1467 2092 sed
1498 2038 1743 2093 manibus
1770 2038 1835 2092 ad
1859 2050 2096 2108 paratam

510 2106 1178 2180 iacilemqueyenatiouem
1197 2122 1332 2176 opus
1357 2117 1619 2180 _esset,nut
1648 2106 1919 2178 sequentia
1941 2109 2097 2180 plane

508 2176 800 2249 tleclarant.
826 2176 917 2233 28.
951 2176 1018 2249 Et
1042 2177 1324 2249 ceciderunt
1348 2178 1400 2249 iis
1427 2178 1589 2231 medio
1609 2176 1885 2233 castrorum
1903 2176 2094 2249 eorum,

510 2247 646 2300 circa
672 2247 994 2301 tabernacula
1021 2264 1213 2301 eorum.
1237 2246 1330 2303 29.
1348 2244 1418 2301 Et
1434 2251 1877 2311 manducarerunt,
1895 2258 1939 2303 et
1954 2244 2097 2303 satu-1

514 2316 623 2388 rati
657 2325 782 2388 sunt
820 2318 987 2370 nimis.
1029 2316 1239 2388 Cogitcs
1275 2332 1403 2387 ergo
1431 2318 1588 2373 velim
1622 2329 1727 2373 tam
1759 2334 2096 2373 numerosam

516 2384 909 2455 multitudinem
928 2428 943 2451 ,
983 2395 1088 2440 tam
1110 2384 1364 2441 'voraet-ni
1391 2428 1405 2448 ,
1436 2388 1677 2442 satiatam
1708 2404 1813 2442 non
1838 2390 1903 2443 ad
1935 2405 2095 2443 unum

512 2455 791 2527 dumtaxat
808 2456 949 2527 diem
969 2497 985 2521 ,
1013 2456 1105 2511 Sed
1131 2456 1195 2512 ad
1217 2456 1432 2527 lriginta
1452 2499 1467 2517 .
1497 2466 1554 2510 ut
1581 2458 1786 2513 discere
1814 2460 1985 2527 possis
2006 2500 2020 2522 ,
2050 2460 2095 2513 si

510 2523 681 2597 Hosis
694 2526 966 2597 historiam
988 2527 1199 2597 in_|ibro
1217 2523 1570 2582 Numerorum
1597 2523 1875 2597 percurras
1908 2527 2092 2597 (Num.

511 2596 598 2650 11.
628 2596 715 2651 19.
745 2594 836 2650 20.
866 2596 935 2651 52
958 2596 997 2664 ).
1032 2595 1096 2649 Et
1139 2597 1442 2650 desiderium
1470 2594 1643 2651 eorum
1669 2599 1834 2651 attulit
1863 2594 1932 2652 eis
1961 2614 1979 2652 :
2004 2598 2092 2653 50.

510 2680 614 2719 non
653 2675 765 2720 sunt
791 2666 1014 2735 fraudati
1050 2682 1083 2719 a
1119 2667 1366 2720 desiderio
1406 2682 1516 2719 suo.
1558 2667 1736 2719 Adhuc
1778 2684 1887 2722 esca
1914 2685 2090 2723 eorum

508 2743 617 2807 erat
641 2736 802 2807 inore
825 2737 1049 2805 ipsorum
1068 2776 1081 2800 ,
1110 2737 1198 2791 3L
1228 2747 1274 2789 et
1304 2738 1381 2789 ira
1424 2735 1516 2807 Dei
1545 2737 1767 2790 ascendit
1808 2754 1959 2807 super
1988 2755 2090 2793 eos.

510 2803 578 2857 Et
606 2806 788 2859 occidit
814 2803 984 2875 plures
1008 2822 1199 2871 eorum,
1219 2815 1265 2859 ct
1291 2807 1469 2861 electos
1490 2804 1655 2861 Israel
1682 2803 1954 2876 impcdiiu‘t.
1981 2808 2095 2864 Non

511 2878 706 2945 trustra
732 2890 859 2945 ergo
888 2876 1025 2930 Deus
1053 2876 1244 2931 multas
1274 2891 1339 2930 ex
1365 2876 1707 2943 petitionibus
1728 2878 1927 2932 nostris
1952 2880 2094 2933 aliud

510 2943 563 3017 in
608 2943 814 3017 tempus
858 2945 1032 3000 dill‘ert
1057 2988 1072 3011 ,
1115 2948 1207 3017 sed
1248 2946 1316 3017 ad
1358 2947 1639 3001 utilitatem
1670 2957 1940 3009 nostram.
1972 2948 2093 3017 quia

507 3014 753 3083 plurima:
776 3016 1224 3087 concupiscentia
1253 3016 1558 3087 hominibus
1587 3019 1759 3071 noxia:
1786 3026 1932 3074 sunt.
1958 3014 2094 3087 quas

509 3094 686 3158 tamen
738 3086 1382 3158 plurimispeecatoribus
1423 3087 1881 3158 conceditiratus.
1918 3086 2093 3154 Ecqua

508 3152 579 3225 de
593 3152 760 3225 causa
791 3152 1071 3210 concedit?
1098 3156 1175 3211 Ne
1206 3157 1408 3225 ipsmn,
1438 3166 1493 3211 ut
1517 3156 1625 3225 jam
1656 3156 1889 3211 diximus
1908 3200 1922 3222 ,
1946 3152 2095 3225 quasi

510 3223 833 3295 imbecillum
874 3235 1114 3293 arguant.
1155 3223 1358 3291 Quibus
1405 3223 1675 3280 concessis
1710 3241 1803 3281 eos
1834 3223 2094 3295 supplicio

514 3293 712 3357 allicit,
746 3304 802 3347 ut
832 3309 928 3349 nos
955 3296 1283 3353 absterreat.
1317 3312 1383 3350 ne
1403 3298 1507 3349 vim
1541 3296 1827 3351 inferamus
1856 3293 1965 3351 Deo
1992 3297 2094 3350 illi-

506 3362 630 3436 citis
674 3364 1029 3431 petitionibus.
1063 3365 1368 3420 Judmorutn
1403 3367 1579 3436 itaque
1607 3367 2087 3434 concupiscentiam

507 3432 747 3487 ciborum
772 3436 1001 3502 explevit
1024 3452 1039 3488 :
1070 3441 1125 3489 et
1149 3450 1269 3490 cum
1299 3436 1474 3489 adhuc
1494 3432 1760 3501 ederent,
1785 3432 1913 3490 iram
1944 3438 2097 3491 indu-

508 3504 623 3575 _xit,
668 3504 964 3575 occiditque
1004 3506 1225 3575 pingues
1274 3520 1455 3559 eorum
1482 3547 1496 3572 ,
1544 3507 1747 3560 scilicet
1790 3506 2013 3572 obesos,
2042 3518 2095 3561 et

512 3573 785 3644 impedivit
826 3575 1024 3628 electos
1048 3616 1061 3635 ,
1103 3573 1211 3628 non
1245 3576 1436 3629 virtute
1461 3577 1855 3644 prtestautiores
1874 3618 1887 3640 ,
1921 3581 2012 3631 sed
2041 3578 2093 3631 in

508 3643 744 3715 nequitia
772 3644 969 3715 electos
992 3662 1013 3715 A:
1045 3654 1168 3698 sunt
1190 3646 1333 3699 enim
1364 3643 1522 3699 etiam
1556 3647 1606 3699 in
1635 3647 1863 3715 nequitia
1892 3649 2092 3701 eximii.

511 3712 602 3763 52.
630 3710 697 3765 1η
727 3714 953 3766 omnibus
981 3713 1057 3766 ln's
1088 3726 1408 3784 peccaverunt
1437 3715 1605 3768 adhuc
1626 3756 1639 3780 ,
1673 3710 1845 3770 et'uon
1869 3718 2096 3771 credidec

508 3790 627 3855 runt
689 3783 741 3835 in
776 3783 1095 3837 mirabilibus
1122 3786 1252 3854 ejus.
1277 3785 1369 3839 33.
1399 3784 1463 3837 Et
1492 3785 1778 3855 defecerunt
1804 3788 1854 3839 iu
1880 3790 2097 3840 uanitate

509 3852 617 3923 dies
642 3868 813 3923 eorum
836 3894 850 3915 ,
880 3863 926 3905 et
953 3855 1072 3905 anni
1102 3852 1272 3907 eorum
1301 3871 1414 3907 cum
1440 3852 1781 3923 festinatione.

584 3922 888 3995 5:_Miratur
930 3924 1183 3995 propheta
1218 3922 1521 3977 Juda'orum
1553 3926 2007 3995 inobsequentiam
2036 3941 2092 3983 et

511 3990 689 4044 cordis
723 3992 1003 4055 duritiem,
1032 3990 1152 4062 quia
1185 4008 1291 4047 non
1332 3996 1502 4048 solum
1534 4010 1655 4048 cum
1687 3990 1945 4055 beneﬁcio
1974 4000 2092 4051 alli-

510 4062 921 4139 cerentur,_sed
949 4063 1109 4116 etiam
1155 4079 1276 4139 cum
1321 4065 1725 4139 castigarentur,
1757 4066 2093 4139 impudenter

510 4079 779 4125 cerentur,
828 4079 921 4115 seu
949 4079 1109 4116 ettam
1155 4079 1276 4117 cum
1321 4079 1725 4187 caStipzirentur,
1757 4079 2092 4139 impudenter

510 4131 945 4206 perseverabant,
975 4142 1029 4185 et
1076 4133 1365 4206 peccabaut
1408 4150 1436 4187 a
1481 4134 1584 4188 huc
1609 4152 1623 4198 ;
1651 4135 1699 4189 id
1731 4145 1843 4197 est.
1878 4150 2092 4206 peccata

513 4202 745 4323 peccatis
789 4201 1072 4256 addebant.
1104 4202 1179 4255 Ita
1208 4210 1336 4257 vero
1378 4218 1435 4258 se
1473 4206 1728 4271 gerebant
1766 4201 1891 4274 quia
1928 4210 2092 4262 mira-

553 4270 707 4323 ilibus
738 4270 832 4323 Dei
863 4286 967 4323 non
997 4273 1318 4323 credebant:
1351 4273 1401 4323 id
1428 4286 1539 4323 est.
1568 4290 1667 4323 nec
1695 4279 2089 4323 persuasimmm

553 4270 707 4343 liibilS_
738 4270 841 4343 Dei
863 4286 979 4343 non
997 4273 1318 4343 credebant;
1351 4273 1401 4326 id
1428 4270 1539 4335 est,
1568 4290 1667 4328 nec
1695 4270 2090 4343 persuasionem

511 4354 613 4394 nec
640 4340 795 4413 ﬁdem
828 4340 1121 4413 habebant.
1142 4342 1390 4396 Miracula
1419 4346 1560 4396 enim
1591 4354 1644 4396 et
1671 4340 1815 4413 signa
1843 4362 1967 4399 casu
1991 4388 2004 4407 .
2038 4359 2093 4402 ut

510 4423 627 4462 mos
652 4420 735 4482 est
760 4410 954 4482 impiis,
984 4412 1291 4482 contingere
1315 4416 1585 4482 putabant.
1620 4410 1743 4469 Ideo
1766 4416 1879 4469 dies
1907 4432 2089 4470 eorum

507 4493 629 4532 cum
652 4480 993 4551 l'estinatione
1010 4480 1357 4539 defecerunt:
1382 4482 1730 4537 defectionem
1756 4496 1954 4551 autem,
1986 4503 2089 4540 non

508 4550 1173 4622 paucitatemetemporis,
1222 4553 1315 4606 sed
1370 4554 1621 4608 virtutum
1668 4556 1897 4622 inopiam
1941 4550 2088 4610 dicit.

507 4621 756 4692 Quisquis
779 4620 921 4674 enim
942 4622 1188 4677 virtutem
1214 4638 1317 4676 non
1341 4634 1592 4688 sectatur,
1618 4620 1954 4692 quaniumvis
1996 4642 2092 4679 an-

510 4704 673 4742 nosus
701 4688 879 4757 fuerit,
912 4699 1087 4745 tamen
1110 4692 1314 4746 dierum
1342 4692 1572 4756 defectu,
1603 4688 1651 4755 id
1675 4704 1776 4757 est,
1810 4696 2089 4751 immatura

509 4760 854 4832 morteobit,
903 4776 1025 4816 eum
1068 4777 1173 4815 non
1217 4777 1310 4817 eos
1352 4764 1553 4817 fructus
1606 4765 1815 4828 tulerit,
1863 4780 2087 4832 quorum

507 4842 666 4905 causa
699 4829 748 4882 in
796 4830 1082 4905 humanam
1128 4833 1397 4905 ingressus
1423 4842 1506 4887 est
1540 4836 1722 4905 vitam.
1753 4829 2089 4905 QuaprOpter

506 4898 776 4971 scriptura
808 4901 1167 4955 Abrahamum
1190 4898 1249 4956 et
1267 4902 1455 4956 Jobtun
1481 4904 1662 4971 plenos
1683 4898 1887 4959 dieruni
1914 4898 2084 4969 vocat,

506 4969 715 5043 etiamsi
742 4971 889 5043 multi
916 4972 1003 5043 alii
1036 4972 1273 5043 pluribus
1302 4969 1525 5043 vixerit—tt
1550 4977 1703 5028 annis
1730 4974 1878 5043 (Gen.
1909 4977 2005 5030 25.
2030 4978 2082 5031 8.

501 5038 603 5091 Job
633 5038 721 5092 42.
771 5039 889 5107 16).
1039 5038 1164 5094 Cum
1205 5042 1448 5117 occideret
1495 5060 1610 5107 eos,
1644 5038 1762 5117 (unc
1799 5047 2084 5117 qutcrcbant

506 5123 637 5169 cum,
671 5118 716 5161 et
739 5112 1151 5163 convertebantnr
1181 5124 1225 5164 ct
1252 5114 1476 5167 diluculo
1505 5114 1765 5167 veniebant
1797 5112 1863 5167 ad
1893 5114 2078 5170 Deum.

626 5178 690 5230 Et
708 5180 971 5253 recordati
997 5190 1111 5253 sunt
1152 5182 1268 5250 quia
1296 5180 1437 5235 Deus
1472 5185 1677 5253 udjutor
1706 5201 1877 5238 eorum
1913 5197 2006 5250 est,
2037 5197 2083 5240 et

511 5248 642 5301 Deus
664 5248 938 5303 altissimus
968 5248 1250 5317 redemptor
1274 5268 1447 5305 eorum
1471 5248 1563 5306 est.
1597 5254 1731 5308 Vere
1762 5248 2080 5309 laudandum

507 5320 811 5388 bonumque
832 5330 913 5373 est
941 5336 1155 5388 semper
1174 5323 1481 5377 meminisse
1511 5323 1603 5377 Dei
1627 5341 1640 5376 :
1665 5324 1734 5377 ita
1764 5335 1819 5377 ut
1844 5326 2003 5379 etiam
2024 5328 2076 5377 in

508 5397 651 5460 recte
678 5386 851 5452 laetis,
881 5390 997 5456 ejus
1028 5386 1334 5446 invocemus
1379 5393 1705 5460 praesidium.
1739 5393 1869 5448 Nam
1911 5394 1957 5450 si
1984 5411 2082 5450 nos

504 5456 619 5533 ejus
648 5460 989 5533 recordentur
1014 5475 1132 5513 cum
1164 5456 1419 5531 prospere
1458 5464 1661 5530 agimus
1680 5503 1697 5528 ,
1738 5472 1793 5518 et
1815 5465 1928 5533 ipse
1955 5465 2081 5519 dum

504 5526 557 5579 itt
587 5528 1142 5604 teruutnis‘vcrsamitr
1163 5526 1328 5604 nostri
1360 5526 1689 5587 meminerit.
1708 5526 1848 5589 Cutn'
1868 5536 2081 5604 quidam

505 5606 682 5651 autem
715 5598 863 5672 inviti
888 5608 1046 5667 atque
1068 5599 1317 5672 Dagellati
1347 5617 1467 5656 eum
1497 5605 1794 5672 requirunt,
1818 5598 1946 5659 illud
1974 5620 2079 5661 non

505 5675 589 5738 est
615 5682 693 5738 ex,
725 5668 901 5721 animo
932 5668 1225 5738 requirere.
1266 5672 1359 5727 sed
1388 5687 1453 5727 ex
1481 5668 1799 5729 necessitate
1839 5675 2082 5731 confiteri

500 5736 645 5808 ipsos
676 5737 843 5794 Deum
867 5736 1161 5811 adiutorem
1184 5751 1240 5799 et
1273 5743 1667 5818 redemptorem
1694 5744 1913 5803 habere.
1945 5745 2078 5803 Illud

1974 336 1975 339 ‘
1999 316 2268 374 SPURIA.

3689 312 3797 365 7l6

2204 444 2334 483 vero
2368 428 2639 498 proprium
2663 438 2743 482 est
2770 428 2989 497 ingratis
3015 438 3067 483 et
3098 428 3434 498 nequhsimis
3454 428 3794 490 domesticis.

2202 496 2396 569 quibus
2436 496 2683 569 dominus
2725 500 2776 569 ri
2816 496 3079 569 estortam
3126 496 3519 554 confessionem
3567 501 3795 563 videns,

2202 566 2427 638 gratiam
2454 582 2556 621 non
2590 566 3023 640 babebit._Ilulto
3046 570 3213 640 magis
3238 570 3412 623 Deus:
3444 585 3549 623 non
3582 571 3795 640 ignorat

2202 636 2344 693 enim
2378 652 2657 706 pravorum
2683 646 2736 690 et
2764 636 3027 693 fallaciqu
3062 636 3333 693 hominum
3362 636 3789 698 simulationem.

2201 723 2358 777 quam
2399 708 2672 777 sequentia
2722 708 2863 761 clare
2895 720 3337 777 commemorant.
3369 709 3456 765 36.
3485 707 3553 762 Et
3591 712 3796 777 dilace-

2200 775 2319 849 tiunt
2346 793 2459 829 eum
2480 775 2541 829 in
2569 792 2655 829 ore
2673 792 2785 840 suo,
2812 787 2861 831 et
2900 775 3073 849 lingua
3099 796 3194 833 sua
3226 780 3417 833 mentiti
3443 787 3563 834 sunt
3590 776 3661 833 ei.
3693 779 3794 833 57-

2202 845 2300 901 Cor
2324 856 2493 900 autem
2522 862 2694 899 eorum
2720 862 2819 899 non
2846 857 2954 901 erat
2975 845 3181 902 'rectunt
3223 866 3339 903 cum
3363 865 3443 914 eo,
3475 864 3565 903 nec
3604 849 3795 915 ﬁdeles

2202 916 2358 969 habiti
2384 925 2500 969 sunt
2532 917 2585 968 in
2616 926 2910 986 testamento
2949 920 3077 986 ejus.
3127 918 3220 973 llis
3262 933 3305 974 s.
3351 919 3525 973 :ilibus
3569 917 3797 973 Iuda-os

2200 987 2371 1055 carpit
2399 986 2557 1039 lsaias
2583 1004 2596 1040 :
2632 984 2860 1054 Populus
2897 984 2980 1041 hic
3004 988 3169 1041 labiis
3191 1004 3270 1042 me
3307 999 3445 1042 autat
3464 1031 3479 1053 ,
3507 1004 3595 1042 cor
3618 998 3793 1041 autem

2200 1072 2373 1129 eorum
2389 1055 2710 1129 _longe_distnt
2735 1072 2768 1108 a
2796 1058 2905 1129 ntel
2915 1055 3039 1129 Isai.
3058 1055 3150 1113 29.
3171 1058 3285 1129 l5).
3308 1057 3587 1126 Quomodo
3607 1068 3793 1129 autem

2198 1122 2333 1179 illud
2371 1122 2826 1207 deprehenditur?
2856 1122 3251 1207 lil_tlltos_certe'
3272 1122 3538 1207 hodieque
3573 1127 3793 1207 inveni-

2201 1210 2340 1267 mus.
2372 1196 2603 1267 quisola
2626 1196 2801 1267 lingua
2838 1196 3079 1267 religiosi
3097 1206 3254 1259 sunt;
3284 1198 3412 1252 dum
3435 1196 3531 1262 {ut
3555 1198 3631 1252 ait
3658 1213 3792 1267 pro-

2200 1264 2402 1339 pheta;
2420 1264 2542 1339 Non
2567 1264 2741 1339 ﬁdeles
2767 1265 2924 1319 habiti
2944 1264 3068 1339 sttui
3091 1269 3145 1321 in
3174 1276 3463 1322 testamento
3489 1269 3617 1339 ejus.
3650 1264 3792 1323 Cum

2198 1334 2340 1388 enim
2374 1334 2464 1391 Dei
2506 1336 2769 1389 mandatis
2795 1350 2900 1390 non
2945 1337 3187 1402 credant,
3218 1334 3632 1402 comprobantur
3666 1340 3795 1391 nul-

2198 1404 2307 1459 lum
2335 1404 2533 1475 habere
2556 1419 2679 1475 erga
2704 1406 3042 1461 mandantem
3071 1407 3269 1461 bonum
3294 1404 3566 1469 allectum,
3585 1408 3795 1461 nullam

2199 1474 2635 1540 conscientiam;
2658 1475 2728 1531 de
2768 1475 2959 1545 quibus
2998 1475 3197 1531 Paulus
3230 1476 3481 1545 dicebat,
3531 1476 3696 1530 Deum
3735 1493 3799 1531 se

2200 1544 2502 1616 comitentur
2530 1560 2695 1610 nosse,
2726 1544 2959 1615 operibus
2997 1557 3166 1600 autem
3206 1556 3390 1616 negant
3416 1544 3545 1615 (Tit.
3577 1548 3627 1601 l.
3662 1548 3788 1615 16).

2200 1612 2303 1669 58.
2321 1612 2441 1683 Ipse
2467 1623 2635 1667 autem
2660 1625 2733 1686 est
2759 1612 3073 1686 misericors,
3102 1626 3151 1669 et
3177 1612 3434 1686 propitius
3453 1619 3547 1670 erit
3574 1612 3797 1686 peccatis

2204 1700 2409 1750 eorum,
2437 1693 2483 1738 et
2525 1701 2627 1738 non
2654 1685 2926 1753 disperdat.
2964 1685 3033 1740 Et
3058 1685 3332 1740 abundabit
3357 1697 3415 1741 ut
3440 1685 3629 1741 auertat
3659 1688 3796 1741 iram

2198 1771 2377 1827 suant,_
2391 1766 2437 1808 et
2457 1755 2813 1827 nonaccendet
2838 1771 3036 1827 omnem
3053 1757 3181 1827 iram
3192 1772 3362 1827 suam.
3384 1754 3644 1827 Propitius
3668 1761 3795 1822 erit.

2204 1824 2539 1893 quandonam
2554 1825 2577 1878 ?
2594 1825 2853 1880 Futurum
2873 1826 3134 1889 indicans.
3146 1824 3346 1880 Christi
3364 1824 3792 1882 incarnationem

2202 1893 2883 1977 plane_'designavit,.quia
2934 1898 3107 1977 ipsum
3154 1897 3313 1977 Pater
3353 1898 3794 1977 propinationem

2201 1966 2434 2037 peccatis
2456 1967 2653 2020 nostris
2669 1966 2820 2037 emisit
2844 1983 2857 2018 :
2886 1967 2975 2037 qui
2999 1981 3165 2036 usque
3188 1966 3325 2021 adeo
3350 1966 3659 2023 misericors
3679 1978 3792 2036 est,

2199 2042 2256 2088 ut
2282 2034 2508 2111 primam
2540 2034 2969 2111 praedicationem
3012 2034 3315 2111 hominibus
3346 2038 3584 2111 posuerit
3612 2034 3795 2111 peni;

2201 2106 2419 2175 tentiam
2450 2126 2464 2160 :
2494 2120 2615 2160 cum
2650 2115 2828 2160 autem
2870 2105 3085 2161 interitu
3114 2105 3329 2175 dignum
3349 2105 3661 2175 'reperisset
3685 2108 3790 2165 Ju-

2198 2173 2408 2244 daicum
2439 2177 2712 2244 pepulum,
2738 2191 2843 2230 non
2873 2173 3206 2244 disperdidit.
3236 2177 3350 2231 Non
3372 2173 3517 2232 enim
3545 2178 3596 2231 in
3624 2178 3793 2232 linem

2201 2243 2395 2317 delevit
2432 2243 2450 2298 ἱ
2484 2260 2667 2300 semen
2716 2255 2895 2301 autem
2924 2243 3002 2301 eis
3030 2246 3233 2300 dimisit
3262 2255 3318 2317 et
3347 2248 3619 2317 reliquias,
3650 2265 3792 2317 apo-

2199 2313 2386 2387 stolos,
2407 2316 2590 2387 equile:
2631 2331 2813 2387 eorum
2834 2331 3065 2387 numero
3092 2313 3564 2387 crediderant.’lie
3592 2313 3797 2387 quibus

2198 2382 2361 2437 Isaias
2385 2382 2596 2459 dicebat
2626 2384 2789 2459 giVisi
2820 2386 3063 2459 Dominus
3085 2386 3312 2440 Sabaoth
3341 2382 3623 2459 reliquisset
3641 2389 3794 2444 nobis

2198 2470 2384 2527 semen,
2429 2456 2576 2527 quasi
2618 2454 2869 2527 Sodoma_
2889 2456 3267 2527 fuissemus,et
3303 2454 3459 2527 quasi
3496 2456 3794 2513 Gomorrlea

2200 2523 2390 2599 similes
2414 2525 2536 2599 [acti
2563 2541 2780 2579 essemus
2822 2523 2979 2599 (Isai._
3019 2531 3070 2579 1.
3098 2524 3177 2599 9).
3204 2523 3568 2599 Multiplieavit
3606 2529 3794 2599 itaque

2200 2594 2621 2648 misericordiam
2650 2594 2910 2661 suam,'et
2930 2596 3050 2650 ideo
3072 2594 3262 2651 avertit
3290 2594 3423 2651 iram
3441 2613 3610 2651 suam.
3639 2594 3793 2661 Quo-

2204 2666 2365 2719 modo
2394 2664 2621 2718 avertit?
2644 2662 2866 2719 Onmcm
2898 2666 3025 2720 iram
3056 2682 3207 2721 suam
3234 2684 3336 2720 non
3365 2669 3625 2722 accendit.
3651 2662 3789 2723 Par—

2202 2742 2305 2806 tem
2330 2735 2574 2789 accendit
2600 2743 2655 2790 et
2674 2745 2857 2789 contra
2881 2736 3135 2806 templum
3157 2747 3497 2806 veteremque
3512 2739 3790 2793 civitatem

2202 2802 2439 2879 induxit;
2470 2806 2513 2858 si
2552 2816 2715 2858 totum
2741 2802 3105 2879 accendisset,
3132 2821 3256 2879 cum
3306 2802 3505 2879 templo
3547 2810 3787 2879 populus

2203 2875 2552 2946 pcriisset,_et
2588 2890 2707 2928 eum
2754 2876 2904 2946 urbe,
2944 2885 3001 2930 ut
3027 2878 3078 2930 in
3124 2876 3392 2943 Sodomis,
3421 2875 3594 2931 etiam
3619 2875 3789 2946 'regiu

2199 2954 2447 3017 corrupta
2480 2944 2685 3017 luisset.
2716 2946 2799 2999 59.
2837 2944 2905 2997 Et
2934 2946 3226 3000 recordatus
3246 2960 3319 3002 est
3347 2949 3467 3017 quia
3492 2963 3612 3002 caro
3640 2944 3787 3015 sunt,

2199 3013 2409 3081 spiritus
2438 3013 2655 3078 vadens,
2702 3024 2750 3067 et
2786 3030 2885 3068 non
2924 3016 3141 3071 rediens.
3185 3013 3464 3084 Quomodo
3509 3018 3649 3074 Deus
3691 3013 3789 3075 aut

2202 3091 2404 3138 naturae
2423 3093 2518 3138 aut
2542 3084 2860 3138 inﬁrmitatis
2887 3095 3085 3141 nostra:
3113 3089 3371 3142 rationem
3394 3087 3743 3144 obliviscatur
3760 3089 3789 3145 ?

2201 3151 2398 3206 Verum
2424 3154 2491 3208 de
2522 3152 2656 3225 Filio
2686 3164 2907 3225 propter
2935 3171 3032 3211 nos
3060 3159 3337 3211 inearnato
3362 3157 3477 3213 haec
3506 3158 3784 3225 dicuntur,

2200 3226 2289 3298 qui
2318 3238 2424 3277 non
2452 3224 2611 3298 modo
2641 3223 2699 3278 ut
2723 3223 2930 3298 Opilexe
2951 3237 3129 3280 nostra
3168 3231 3449 3298 cognovit;
3483 3231 3575 3284 sed
3617 3223 3785 3290 etiam

2202 3294 2535 3363 incarnatus,
2594 3294 2705 3363 ipsa
2750 3296 3077 3363 experientia
3133 3294 3492 3353 iulifmitatem
3544 3311 3787 3355 nostram

2198 3362 2421 3429 didicit;
2450 3365 2518 3417 ita
2548 3362 2918 3419 ut'Paulusde
2950 3366 3041 3421 illo
3070 3366 3210 3421 dicat
3239 3385 3252 3421 :
3286 3367 3397 3422 Etsi
3425 3367 3592 3423 Filius
3629 3381 3786 3435 esset,

2200 3448 2289 3501 per
2315 3451 2374 3487 ea
2391 3450 2503 3505 quae
2528 3451 2705 3510 passus
2724 3446 2816 3501 est,
2849 3436 3025 3490 didicit
3050 3439 3379 3510 obedientiam
3401 3436 3583 3510 (Hebr.
3608 3440 3662 3493 5.
3693 3440 3788 3509 8);

2200 3512 2252 3557 et
2279 3504 2496 3577 rursus,
2527 3504 2593 3558 In
2622 3521 2721 3573 quo
2743 3522 2925 3577 passus
2951 3518 3023 3560 est
3060 3509 3171 3577 ipse
3197 3504 3421 3562 tentatus
3430 3550 3445 3567 .
3476 3521 3634 3576 potest
3661 3504 3779 3565 ten;

2200 3575 2314 3628 tatis
2354 3590 2499 3648 opem
2547 3574 2892 3648 ferrelIIebr.
2938 3576 2993 3629 2.
3034 3574 3146 3646 18).
3187 3578 3319 3645 Quia
3368 3574 3527 3648 igitur
3565 3578 3787 3635 Verbum

2204 3660 2323 3697 caro
2353 3644 2645 3719 factunt'est
2665 3644 2841 3715 (J'oan.
2872 3647 2923 3700 l.
2956 3644 3409 3719 lt),rccordatus'
3425 3660 3505 3703 est
3526 3654 3783 3719 quoniam

2200 3728 2568 3788 carosumus;
2598 3716 2647 3769 id
2668 3725 2772 3788 est,
2795 3718 3122 3784 experientia
3139 3715 3393 3788 cognovit
3416 3715 3785 3776 inﬁrmitatem

2200 3785 2375 3838 carnis
2406 3795 2623 3839 IIOSll‘tB.
2655 3786 2880 3840 Carnem
2910 3796 3088 3841 autem
3112 3785 3263 3841 vocat
3285 3798 3450 3843 totum
3484 3791 3781 3847 hominem.

2202 3854 2430 3926 ideoque
2459 3856 2510 3910 id
2539 3856 2776 3926 protulit,
2814 3856 3041 3924 Spiritus
3080 3857 3299 3923 vadens,
3328 3869 3372 3913 et
3416 3875 3517 3912 non
3554 3862 3780 3917 rediens.

2198 3924 2319 4001 Non
2342 3927 2482 3979 enim
2516 3924 2567 3980 in
2598 3936 2915 4001 pnesentem
2956 3928 3117 4001 vitam
3150 3930 3402 4001 redimus.
3436 3934 3784 4001 Quapropter

2200 3996 2688 4069 \igiiare‘oportet,
2717 3997 2839 4049 dum
2868 3997 2922 4049 in
2952 3998 3035 4049 via
3071 3999 3394 4069 incedimus,
3432 4000 3482 4053 in
3505 3996 3782 4069 quam're-

2198 4065 2333 4119 verti
2356 4066 2499 4118 nullo
2519 4066 2676 4120 modo
2704 4081 3003 4135 possumus.
3026 4069 3113 4122 40.
3138 4067 3342 4134 Quoties
3362 4065 3785 4127 exacerbaverat»:

2198 4152 2312 4208 eum
2329 4136 2389 4208 in
2419 4136 2634 4199 deserto,
2657 4137 2711 4189 in
2740 4138 2872 4190 iram
2892 4139 3266 4193 concitaverunt
3288 4156 3402 4191 eum
3423 4142 3474 4192 in
3496 4144 3785 4208 inaquoso.’

2198 4205 2288 4275 41.
2318 4202 2386 4257 Et
2415 4207 2640 4259 conversi
2660 4217 2798 4270 sunt,
2831 4218 2878 4261 et
2905 4218 3215 4262 tentaoerunt
3252 4208 3433 4275 Deum,
3459 4222 3503 4264 et
3532 4202 3783 4267 sanctum

2199 4273 2846 4348 Israellexacerbaverunt.
2897 4277 3118 4348 Miratur
3174 4273 3444 4348 ingentem
3496 4281 3780 4337 Iudaicam

2201 4346 2488 4422 nequitiam
2520 4346 2766 4422 illiusque
2794 4347 3006 4422 modum
3032 4390 3050 4422 ι
3094 4346 3375 4422 quod'iutn
3421 4352 3593 4405 solum
3635 4367 3783 4422 saepe

2204 4415 2367 4468 Deum
2391 4416 2845 4493 exacerbaveriut,
2866 4417 2958 4471 sed
2976 4415 3135 4493 etiam
3160 4420 3210 4472 in
3238 4420 3471 4485 deserto,
3498 4422 3583 4475 ubi
3609 4415 3783 4493 mag—is

2198 4486 2480 4557 compungi
2507 4496 2560 4539 et
2586 4484 2654 4557 ad
2678 4486 2886 4557 canum
2935 4489 3204 4555 respicere
3248 4504 3343 4557 par
3382 4484 3532 4557 erat,
3564 4484 3782 4549 nemi'ne

2200 4555 2339 4620 illos,
2373 4556 2711 4629 utcontingit
2738 4556 2797 4629 in_
2830 4557 3169 4623 civitatibus,
3205 4555 3524 4629 decipiente
3556 4572 3650 4615 aut
3689 4564 3778 4618 in-

2197 4638 2444 4689 escante;
2468 4626 2561 4681 sed
2587 4629 2745 4679 etiam
2771 4626 2835 4700 In
2857 4629 3099 4700 inaquoso
3126 4631 3176 4683 in
3204 4626 3779 4700 iramcoucitaverunt,

2199 4706 2510 4771 arroganter
2538 4698 2870 4771 agentesybi
2903 4712 2997 4771 par
3024 4710 3143 4754 erat
3177 4715 3292 4763 eos,
3327 4712 3508 4771 utpote
3549 4698 3779 4759 sitibun-l

2196 4765 2313 4840 dos,
2337 4765 2567 4840 humiles
2585 4780 2723 4820 esse.
2753 4765 2955 4840 Deinde
2977 4771 3243 4835 conversi,
3264 4787 3367 4824 non
3387 4765 3458 4825 ad
3479 4772 3777 4840 justitiam;

2196 4836 2287 4889 sed
2316 4837 2382 4889 ad
2409 4837 2565 4889 aliam
2609 4837 2905 4905 nequitiam
2942 4840 3106 4893 Deum
3137 4848 3402 4895 tentantes
3442 4836 3781 4901 divertebiut't

2197 4906 2508 4974 (amentium
2542 4921 2701 4974 porro
2730 4918 2845 4960 erat
2870 4923 2993 4962 eum
3021 4918 3226 4963 tentare
3252 4913 3338 4979 qui
3365 4913 3542 4965 omnia
3580 4916 3726 4967 novit

2201 4987 2254 5030 et
2289 4976 2534 5030 Sanctum
2565 4974 2730 5029 Israel
2755 4979 3139 5034 exacerbantes
3190 4980 3457 5035 Christum
3485 4983 3681 5037 indicat
3710 4922 3752 5037 ti

2201 4987 2254 5030 et
2289 4976 2534 5030 Sanctum
2565 4974 2730 5029 Israel
2755 4979 3139 5034 exacerbantes
3190 4974 3457 5035 Christum
3485 4983 3681 5037 indicat
3710 5006 3723 5035 ι

2194 5062 2298 5121 quo
2323 5046 2483 5121 Isaias
2504 5047 2751 5121 dicebat;
2776 5046 2877 5121 Cui
2899 5065 2983 5121 nte
3020 5052 3335 5104 assimilastis
3370 5093 3385 5117 ,
3409 5061 3455 5105 et
3478 5054 3780 5112 exaltabor’

2194 5118 2315 5191 dicit
2341 5115 2641 5191 Sanctus_(I
2649 5117 2745 5191 sai.
2773 5115 2870 5191 1ος
2890 5117 2985 5188 25)
3003 5138 3015 5182 ;
3040 5135 3250 5174 crucem
3277 5115 3639 5191 prahuutiaus
3658 5143 3671 5179 :
3697 5128 3780 5183 sic

2192 5188 2333 5259 enim
2351 5188 2519 5259 etiam
2549 5187 2791 5259 Christus
2822 5187 3331 5259 illam'siguilicavit.

2263 5258 2315 5313 6.
2339 5246 2445 5312 Cur
2462 5266 2641 5333 autem
2660 5257 2714 5333 i_u
2742 5258 2956 5313 deserto
2976 5246 3081 5314 n07.
3112 5262 3278 5333 modo
3307 5263 3472 5317 Deum
3492 5266 3777 5333 exacerba-

2191 5337 2401 5392 verunt,
2432 5328 2635 5381 scilicet
2660 5327 2869 5383 Patrem
2889 5371 2903 5394 ,
2931 5334 3024 5385 sed
3050 5332 3211 5387 etiam
3242 5333 3493 5387 Sanctum
3521 5330 3679 5389 Israel
3708 5338 3776 5393 ad

2192 5397 2323 5477 iram
2355 5408 2783 5477 provlpea-veruui
2797 5438 2813 5462 ,
2848 5416 3053 5477 nempe
3075 5402 3309 5456 Filium?
3337 5407 3603 5477 Quoniam
3625 5419 3774 5477 petra

2192 5466 2439 5540 nimirum
2465 5466 2710 5521 Christus
2731 5468 2850 5522 illos
2876 5466 3217 5540 sequebatur,
3248 5466 3661 5529 nonet-edebant
3681 5493 3773 5529 au-

2192 5545 2301 5591 tem
2326 5538 2496 5614 ipsum
2518 5553 2581 5592 ex
2603 5546 2750 5614 petra
2772 5538 2964 5614 aquam
2985 5542 3086 5596 sibi
3112 5544 3339 5598 educere
3363 5554 3414 5598 et
3440 5548 3778 5614 suppeditare

2191 5621 2383 5676 posse;
2422 5609 2497 5683 ita
2525 5616 2583 5662 ut
2610 5607 3048 5683 Moyses’diceret
3080 5630 3094 5665 :
3126 5614 3315 5667 Audite
3342 5630 3455 5683 tne,
3483 5607 3733 5671 increduli
3757 5659 3776 5683 ,

2190 5693 2309 5753 nam
2327 5694 2387 5731 ex
2412 5679 2505 5732 hac
2522 5688 2671 5753 petra
2682 5694 2867 5747 aquam
2892 5682 3027 5753 vobis
3046 5683 3314 5738 educentus
3334 5686 3350 5753 (
3361 5682 3413 5738 Ν
3418 5700 3520 5738 um.
3544 5684 3634 5741 20.
3662 5679 3778 5749 ιωξ

2193 5746 2529 5819 Quapmpter
2564 5746 2867 5821 indignatus
2910 5752 3170 5825 adversus
3205 5746 3500 5813 illos'Dctts
3526 5746 3774 5815 dicebat:

3758 4958 3777 4984 ο

3747 5004 3779 5041 υ
3866 5038 3888 5051 .
