4066 6472
498 413 605 467 79.3

499 523 651 595 plicia
680 518 888 588 quidcnt
918 514 1035 571 illos
1062 512 1308 595 invadere
1332 492 2077 595 dicit,_eos_neutftgmtipe-

497 580 714 662 quitiam
736 593 1107 662 perpetrarunt
1124 623 1140 649 ,
1171 580 1575 662 Opprobriorum
1596 583 1772 662 aptent
1794 580 1916 662 ipse
1943 586 2077 662 quo-

496 646 602 731 que
643 646 762 712 cum
804 646 1341 731 il'lis_‘particcps'essc
1382 646 1924 731 dieitur.SireAcp-i‘m'
1949 655 2077 731 pro:

500 712 657 800 pheta
685 736 827 783 esset
844 769 859 790 ,
889 712 955 781 dé
980 712 1157 800 iisqui
1183 718 1512 800 prophetiam
1542 730 1646 796 non
1685 712 2036 800 admittebant
2062 728 2077 763 :

497 783 613 855 sive
642 783 892 851 sacerdos
919 838 931 857 ,
964 794 1031 847 de
1059 783 1124 847 iis
1150 783 1237 861 qui
1269 783 1480 861 a'hipso
1507 786 1675 861 sacris
1704 783 2074 861 initiabantur,

499 851 800 935 deindeque
827 851 997 935 iniqua
1029 851 1279 935 agenies,
1312 851 1430 935 ideo
1472 851 2081 935 puniebantur.._erube-

498 923 698 994 scebat.
717 923 826 990 'Sed
845 923 1155 1003 quibusnam
1183 930 1368 1003 vicinis
1392 923 1666 1003 probrosi,
1687 933 1741 979 et
1763 923 2077 1003 quibusnam

494 990 810 1061 iiiICircuitu
838 990 889 1056 in
930 1001 1159 1055 derisum
1200 1008 1252 1052 et
1291 990 1756 1050 subsannationem
1782 990 1949 1047 crant
1984 990 2080 1061 ,ιιι-τ

495 1060 639 1129 da-i?
666 1075 821 1128 Clare
849 1072 977 1126 dicit
1001 1068 1330 1122 daemonibus
1348 1110 1362 1132 ,
1393 1066 1479 1135 qui
1508 1066 1577 1119 ob
1605 1064 1892 1133 nequitiam
1924 1060 2079 1115 ricini

498 1156 621 1203 sunt
662 1144 964 1198 Jud:eorum
990 1158 1005 1193 :
1034 1141 1085 1192 in
1130 1139 1349 1192 circuitu
1387 1144 1562 1189 autem
1600 1148 1780 1203 eorum
1809 1139 1965 1193 sunt,
1986 1139 2081 1203 ιιι-
2146 1182 2152 1190 ,

501 1198 623 1284 pote
659 1214 749 1282 qui
776 1210 1011 1284 quotidie
1038 1209 1164 1284 ipsis
1194 1208 1524 1284 insidientur.
1556 1204 1612 1258 5.
1646 1201 1945 1284 (ima-equo,
1978 1198 2084 1284 Do-

500 1272 922 1344 inine,'irasceris
957 1295 1011 1333 in
1050 1272 1198 1346 ﬁnem
1222 1318 1236 1343 ,
1269 1276 1567 1346 act-cudetur
1602 1272 1737 1327 velut
1778 1272 1906 1346 ignis
1946 1272 2083 1346 solus

502 1339 662 1410 tuus?
687 1351 838 1406 Hunc
867 1352 955 1404 lict
986 1339 1154 1417 zelum
1188 1339 1692 1417 Moyseslcgislator
1719 1339 1839 1417 erga
1870 1339 2083 1417 .lttd:ros

504 1423 745 1492 exposuit
770 1439 782 1474 :
814 1421 888 1492 ait
914 1420 1055 1473 enim
1083 1434 1096 1468 :
1129 1410 1502 1492 lpsi_in_z_el_utn
1531 1429 1610 1492 me
1633 1413 2001 1492 concitaverunt
2030 1410 2082 1462 in

506 1479 601 1546 non
626 1491 733 1543 Deo
757 1532 771 1555 ,
796 1491 1117 1543 irritaverant
1146 1479 1223 1539 me
1247 1488 1299 1539 in
1320 1485 1467 1538 idolis
1489 1485 1611 1537 suis.
1640 1481 1706 1535 Et
1731 1497 1820 1555 ego
1849 1481 1901 1555 in
1922 1479 2084 1555 zelum

502 1548 769 1615 roncitabo'
795 1576 905 1613 eum
931 1559 984 1612 in
1009 1574 1107 1611 non
1137 1566 1280 1624 gente
1298 1596 1312 1618 ,
1340 1564 1386 1607 et
1423 1557 1475 1606 in
1514 1562 1659 1623 gente
1686 1548 1842 1624 stulta
1878 1548 2083 1624 irritabo

500 1614 617 1685 illos
652 1630 833 1702 (Deut.
864 1627 950 1684 '52.
979 1629 1044 1682 21
1071 1630 1108 1695 ).
1137 1614 1349 1702 Deinde
1373 1626 1453 1697 his
1471 1614 1695 1702 subiicit.
1719 1639 1749 1702 ε.
1778 1619 1922 1702 Ignis
1969 1634 2085 1671 suc-

500 1691 679 1755 census
705 1708 775 1754 est
801 1699 850 1751 in
865 1702 1040 1822 iurare
1063 1691 1169 1750 meo
1192 1694 1211 1767 (
1232 1694 1367 1748 Ibid.
1397 1691 1442 1747 r.
1469 1693 1540 1746 εἰ
1563 1692 1603 1751 l.
1653 1691 1785 1758 Quia
1812 1691 1968 1759 igitur
1993 1704 2081 1768 se-

501 1770 586 1822 lus
628 1778 810 1822 contra
899 1768 1076 1821 uda-os
1126 1766 1358 1822 gentium
1403 1764 1731 1817 v'ocationem
1788 1765 2081 1822 procurant

501 1770 586 1825 lus
628 1778 810 1825 contra
865 1764 1076 1822 Judmos
1126 1764 1358 1832 gentium
1403 1764 1731 1817 Vocationem
1788 1764 2085 1832 procunn'it

501 1840 614 1961 git
656 1839 796 1893 enim
830 1837 1068 1902 (Paulus,
1112 1829 1254 1890 Sicut
1286 1849 1370 1887 vos
1412 1832 1685 1902 aliquando
1725 1829 1825 1884 non
1854 1829 2085 1883 obcdistis

556 1925 613 1961 eo
628 1948 642 1961 .
674 1924 808 1960 nunc
832 1917 996 1959 autent
1022 1905 1413 1960 misericordiam
1435 1902 1723 1961 consequuti
1745 1900 1860 1954 estis
1880 1900 2085 1953 illorum

556 1925 613 1961 eo
628 1948 642 1966 .
674 1924 808 1960 nunc
831 1900 996 1959 autem
1022 1900 1413 1973 misericordiam
1435 1900 1723 1973 consequuti
1745 1900 1860 1954 estis
1880 1900 2085 1953 illorum

502 1978 835 2032 inobedientia
877 1974 896 2047 [
918 1974 1063 2029 Ront.
1092 1976 1176 2047 li.
1195 1971 1305 2047 51)]
1326 1990 1338 2036 ;
1364 1981 1415 2026 ct
1435 1969 1639 2047 rursus,
1662 1969 1859 2047 Lapsus
1877 1984 2051 2024 eorum
2067 2007 2081 2028 ,

501 2054 694 2112 nempe
722 2041 1056 2108 Judzeorum,
1103 2041 1499 2112 dicitiw‘mundi
1523 2082 1540 2107 ,
1580 2052 1625 2094 et
1668 2041 1837 2112 clades
1877 2055 2044 2112 eorum
2067 2078 2082 2101 ,

500 2108 689 2171 divitia:
713 2116 928 2187 gentium
957 2113 1125 2186 (Ibid.
1158 2130 1202 2168 υ.
1229 2113 1316 2167 ll.
1347 2110 1491 2183 12]),
1523 2110 1824 2187 necessario
1853 2108 2084 2179 prophe-

506 2195 555 2240 ta
582 2181 772 2255 quzeiit
790 2227 806 2249 ,
840 2181 1110 2254 usqticqno
1130 2224 1145 2249 ,
1174 2192 1228 2237 et
1257 2181 1577 2255 numpu'sque
1607 2182 1657 2234 in
1687 2181 1843 2255 fian
1870 2193 2084 2255 inausu-

505 2250 696 2311 rus-sit
716 2258 879 2309 iratus
906 2250 956 2309 tn
986 2250 1198 2309 luda‘os
1223 2272 1235 2305 :
1267 2254 1350 2307 cui
1380 2252 1606 2320 Spiritus
1629 2266 1720 2317 per
1756 2250 1973 2304 Paulum
2001 2263 2087 2320 re-

503 2327 729 2394 spondet
760 2342 773 2378 :
809 2326 1025 2392 Quando
1069 2319 1861 2394 plenitudo,gentiumuingressa
1877 2319 2085 2394 fundi,

503 2387 621 2449 tunc
648 2387 1002 2449 omnis—Israel
1025 2387 1298 2448 salvabitur
1322 2387 1479 2463 (Ibid.
1501 2406 1547 2444 υ.
1566 2390 1654 2444 25.
1670 2389 1782 2465 26).
1797 2387 2090 2465 6._Eﬂ'umle

502 2466 633 2518 iram
670 2475 806 2517 tuam
840 2465 891 2517 in
924 2474 1091 2535 gentes
1118 2478 1231 2543 qua:
1257 2471 1305 2515 te
1331 2460 1441 2515 non
1469 2464 1708 2543 noluerunt
1721 2460 1748 2524 ,⁷
1764 2468 1808 2511 et
1848 2460 1899 2510 in
1932 2475 2088 2543 regna

501 2550 616 2604 quis
635 2551 813 2589 nomen
838 2528 977 2588 tunin
1003 2549 1103 2587 non
1128 2528 1499 2604 inuocaocruut.
1530 2528 2087 2604 7._Qnia_comcde_rnnt

503 2598 701 2669 Jacob,
745 2604 998 2684 etulocum
1040 2604 1149 2684 ejus
1189 2600 1558 2684 des-citaverunt.
1590 2599 1705 2654 Non
1733 2598 1802 2684 de
1842 2598 2088 2684 omnibus

506 2689 635 2741 ergo
658 2674 903 2744 gentibus
934 2668 1166 2744 loquitur
1192 2689 1206 2723 :
1239 2668 1963 2744 ideoqueinterponi-tionem
1992 2668 2090 2744 ad:

508 2736 696 2803 lubuit,
724 2743 904 2798 Gentes
928 2736 1115 2797 dicens
1142 2757 1245 2796 non
1272 2736 1731 2794 indiScriminﬂhu
1758 2753 1965 2802 omnes,
1994 2736 2087 2791 sed

507 2828 599 2867 eas
618 2855 632 2876 ,
664 2813 789 2878 (tate
808 2823 855 2867 te
875 2830 974 2866 non
999 2822 1259 2865 nouerunt.
1290 2811 1397 2864 Nos
1421 2819 1595 2864 autem
1619 2810 1890 2878 novimus,
1921 2816 1973 2861 ct
1994 2824 2089 2861 uo-

507 2899 626 2936 tncn
666 2876 753 2937 Dei
786 2884 1079 2937 invocatum
1109 2890 1190 2934 est
1216 2896 1377 2950 super
1402 2894 1497 2933 nos
1518 2880 1739 2950 (Jcr.l4.
1843 2897 1855 2932 :
1874 2878 2089 2950 sedne-

507 2968 611 3022 que
639 2952 802 3007 Jacob
828 2952 1155 3007 comedimus
1182 2969 1195 3006 :
1230 2948 1569 3022 nequeenim
1612 2948 2088 3022 blasphemadicta

507 3018 599 3076 aut
646 3024 989 3077 contumelias
1030 3022 1081 3074 in
1130 3036 1250 3075 eum
1298 3018 1811 3089 proferimus.un
1862 3018 2086 3087 idipsum

507 3106 628 3147 esse
664 3092 804 3161 quod
836 3090 1116 3145 comedere
1147 3088 1338 3145 Paulus
1366 3089 1691 3161 declaravit;
1726 3088 1786 3142 Si
1814 3096 1980 3141 autem
2009 3089 2091 3141 in-

506 3166 658 3214 uicem
688 3162 923 3215 mordetis
946 3170 991 3215 et
1016 3161 1261 3215 devoratis
1280 3201 1295 3223 ,
1328 3161 1485 3212 videte
1512 3176 1571 3214 ne
1592 3161 1654 3212 ab
1676 3160 1881 3213 invicem
1906 3174 2090 3212 consu-

506 3232 715 3284 mamini
759 3238 774 3299 (
798 3232 914 3285 Gal.
938 3232 991 3285 5.
1017 3231 1153 3293 l5);
1180 3246 1353 3298 neque
1379 3230 1549 3282 locum
1579 3230 1692 3298 ejus
1713 3228 2047 3299 devastamus
2071 3243 2085 3279 :

506 3298 773 3369 quomodo
800 3303 940 3355 enim
986 3301 1036 3355 id
1082 3302 1201 3363 fiat,
1245 3314 1364 3354 cum
1393 3298 1740 3369 singuli-eum
1780 3308 1832 3369 ut
1867 3298 2087 3369 patriam

506 3386 841 3425 communem
865 3386 959 3440 pro
984 3370 1197 3439 Speeiali
1226 3373 1484 3440 cujusque
1503 3368 1839 3440 adscribunt?
1862 3368 1975 3422 Non
1999 3383 2087 3440 er—

506 3455 575 3509 go
601 3442 752 3494 nobis
777 3438 1034 3511 propheta
1064 3441 1367 3502 maledixit,
1394 3438 1488 3511 scd
1514 3440 1690 3511 iisqui
1718 3439 1768 3492 in
1793 3438 2086 3511 ignorantia

508 3508 813 3564 manserunt
832 3551 849 3577 ,
879 3508 933 3564 et
962 3525 1153 3564 nomen
1196 3511 1342 3579 regni
1389 3509 1479 3563 Dei
1510 3509 1794 3563 noluerunt
1821 3508 2084 3579 adipisci:

506 3580 849 3649 quamobrem
892 3580 961 3633 illi
1004 3577 1425 3634 maledictiouent
1470 3580 1873 3649 pertimescant.
1905 3578 1958 3632 8.
2006 3577 2087 3632 Ne

507 3650 787 3703 memineris
814 3650 1135 3717 iniquitatum
1166 3659 1451 3703 nostrarum
1478 3649 1820 3717 antiquarunt.
1851 3648 2086 3715 Quomo-

504 3720 575 3774 do
604 3720 744 3788 euim
782 3720 1086 3774 satisfacere
1118 3720 1402 3785 poterimus
1444 3733 1539 3787 pro
1577 3718 1729 3773 malis
1766 3719 1996 3788 antiquis
2033 3729 2088 3772 et.

509 3790 690 3843 novis?
718 3787 877 3844 Forte
904 3804 1031 3844 vero
1058 3790 1310 3857 prepheta
1340 3788 1641 3858 iniquitates
1666 3787 1911 3858 antiquas
1933 3797 2089 3844 vocat

506 3874 734 3929 easquae
756 3860 806 3912 in
833 3859 1048 3929 deserto
1072 3860 1316 3913 admissa:
1336 3857 1484 3913 fuere
1508 3876 1521 3912 :
1548 3858 1669 3929 quia
1694 3857 1949 3913 adversus
1970 3859 2087 3913 illas

506 3928 686 3983 multis
736 3928 1004 3998 variisque
1055 3928 1726 3985 comminationilmsusns
1770 3937 1852 3984 cst
1904 3929 2082 3983 Dens:

504 4008 824 4067 quapropter
860 4013 1044 4052 eorum
1086 3999 1503 4052 recordationem
1532 3999 1737 4052 metuit.
1768 3998 1878 4053 Cito
1902 4000 2083 4052 antici-

507 4081 619 4136 pant
644 4086 735 4121 nos
751 4068 1110 4140 inrisericordite
1129 4078 1259 4133 tum,
1285 4067 1499 4123 Donn’ne
1517 4108 1534 4132 ,
1553 4069 1673 4139 quia
1699 4085 1940 4139 pauperes
1964 4072 2086 4140 [acti

502 4155 679 4191 sumus
709 4138 877 4193 nimis.
910 4138 1049 4193 Nihil
1077 4140 1144 4192 ita
1175 4152 1458 4207 pauperem
1491 4138 1757 4194 hominem
1785 4138 2001 4194 exhibet
2029 4150 2085 4194 ut

502 4218 811 4279 peccatum;
843 4207 1018 4262 adhuc
1036 4218 1215 4279 autem
1236 4210 1516 4277 pauperior
1535 4207 1792 4276 efficitur,
1815 4225 1933 4264 cum
1964 4226 2085 4279 pec-

501 4278 619 4332 cato
640 4279 882 4347 adjicitur
903 4279 1161 4347 impietas.
1187 4278 1522 4348 Quapropter
1541 4280 1607 4335 ad
1629 4292 1686 4333 se
1704 4280 1809 4332 cito
1828 4278 2083 4336 accedere

504 4349 871 4402 miserationes
900 4349 988 4402 Dei
1015 4349 1312 4416 supplicant
1330 4388 1346 4411 ,
1372 4364 1439 4402 ne
1458 4349 1528 4403 ob
1548 4359 1836 4403 extremam
1861 4365 2084 4418 pauper-

504 4431 662 4470 t.ucnt
690 4418 1033 4485 tit'Spel‘allleS
1059 4419 1109 4471 in
1151 4418 1436 4487 perniciem
1472 4428 1615 4474 eant.
1646 4419 1698 4473 9.
1729 4418 1930 4487 Adjuva
1961 4437 2085 4487 nos,

504 4487 640 4541 Deus
667 4487 906 4559 salutaris
928 4499 1123 4559 noster;
1151 4498 1353 4559 prapter
1371 4487 1587 4559 gloriam
1608 4489 1821 4559 nominis
1846 4490 1919 4542 tni
1937 4529 1950 4553 ,
1981 4490 2083 4543 Do-

501 4559 666 4629 utine,
695 4558 981 4629 liberanos.
1010 4557 1179 4626 Prope
1205 4560 1271 4611 ad
1306 4557 1396 4612 Dei
1421 4560 1643 4629 gloriam
1669 4558 1923 4625 propheta
1954 4576 2081 4613 con-

500 4628 630 4695 fugit
654 4643 669 4691 ;
700 4628 950 4699 quoniam
971 4628 1201 4699 justitias
1224 4629 1401 4697 populi
1427 4628 1681 4683 exhibere
1707 4644 1811 4681 non
1838 4639 2076 4699 p‘iterat;

497 4709 706 4769 estque,
725 4697 889 4766 gloria
920 4699 1146 4751 nominis
1179 4698 1268 4752 Dei
1318 4708 1623 4766 peccatores
1654 4697 1890 4769 mEsera'ri
1916 4717 1928 4751 :
1958 4702 2078 4769 quia

501 4769 611 4829 ipse
641 4768 990 4838 misericors,
1010 4770 1289 4822 miserator
1323 4778 1377 4821 et
1406 4768 1723 4838 longanimis
1748 4768 1958 4823 dicitur.
1980 4768 2080 4825 'Ait

498 4840 638 4890 cnim
665 4836 875 4907 Moyses
900 4854 913 4889 :
944 4835 1009 4890 Et
1034 4839 1225 4891 vocavit
1254 4839 1305 4890 in
1330 4835 1531 4891 nomine
1552 4837 1794 4903 Domini,
1827 4850 1869 4892 et
1915 4850 2079 4893 trans-

498 4909 583 4958 ivit
605 4916 721 4960 ante
741 4906 917 4974 [aciem
938 4908 1068 4971 ejus,
1091 4918 1136 4960 et
1155 4909 1365 4970 uocauit,
1393 4906 1659 4973 Dominus,
1680 4908 1925 4963 Dominus
1942 4910 2079 4965 Deus

499 4978 761 5030 miserator
786 4987 831 5030 et
861 4977 1168 5047 migricors,
1197 4978 1497 5047 longanimis
1521 4988 1568 5032 et
1597 4979 1768 5033 multa?
1793 4980 2074 5034 miscricor-

495 5047 598 5099 dite
627 5056 673 5101 et
704 5061 855 5100 uerax
882 5044 1086 5118 (Exod.
1116 5047 1201 5102 54.
1234 5044 1304 5118 ϐ)
1330 5086 1344 5101 .

566 5203 619 5255 ’5.
651 5199 837 5255 Vidcn‘
858 5215 977 5254 cum
1000 5200 1098 5255 has
1118 5200 1183 5255 ad
1213 5200 1479 5257 Christum
1503 5217 1686 5265 preces
1704 5202 1947 5265 fundere.
1979 5202 2075 5259 Ille

494 5274 689 5341 quippe
714 5288 815 5342 non
839 5272 997 5323 modo
1020 5270 1156 5342 lleus
1175 5280 1284 5337 est,
1307 5273 1398 5325 sed
1425 5284 1474 5325 et
1498 5268 1748 5327 Set-valor
1776 5278 1954 5342 utique
1982 5290 2072 5325 γυ-

494 5340 679 5395 eum:
716 5341 828 5403 ipse
856 5350 931 5393 est
969 5340 1131 5409 gloria
1163 5342 1391 5395 nominis
1429 5342 1555 5406 Dei,
1590 5342 1831 5397 \idclicct
1865 5340 2068 5399 Patris:

493 5410 1027 5482 quamobremuillum
1077 5409 1267 5482 Paulus
1314 5411 1646 5479 splendorem
1679 5414 1859 5482 gloria:
1902 5414 2071 5470 Patris

495 5479 773 5552 appellavit
794 5481 811 5549 (
831 5479 1064 5552 chr._l.
1091 5482 1176 5550 '5).
1202 5481 1484 5550 Sequentia
1526 5479 1936 5552 porrovarguuut
1960 5486 2071 5543 hare

496 5551 563 5605 de
590 5550 805 5603 Christo
831 5552 953 5604 dici.
989 5549 1054 5603 Et
1081 5549 1325 5624 propitius
1353 5549 1697 5624 estopeccatis
1721 5549 1899 5607 nostris
1946 5573 2065 5624 pro.

503 5630 621 5695 pter_
636 5638 811 5674 nomen
851 5630 1032 5695 luunt:
1067 5623 1144 5675 l0.
1173 5638 1237 5695 ne
1272 5627 1400 5691 forte
1423 5622 1590 5674 dicant
1620 5623 1668 5675 in
1701 5622 1953 5695 gentibus,
1976 5626 2072 5680 Ubi

497 5705 564 5745 cst
596 5689 728 5743 Deus
753 5693 963 5744 eorum?
993 5692 1057 5745 Et
1102 5689 1372 5758 cujusVesl
1419 5706 1513 5759 per
1560 5689 1826 5761 proprium
1878 5713 2069 5751 nomen

500 5766 722 5835 parcatis
753 5762 1176 5835 propitiumcssc
1198 5763 1339 5835 ,_nisi
1366 5762 1558 5816 Christi
1579 5803 1594 5825 ,
1624 5768 1709 5832 qui
1745 5766 1862 5819 ideo
1892 5770 2070 5835 propi-

496 5831 760 5885 tiatorium
794 5832 1063 5903 pzissiilet?
1094 5831 1187 5885 llic
1215 5831 1518 5886 Iudaeorum
1542 5831 1782 5903 peccatis
1814 5831 2062 5903 propitia-

496 5903 693 5957 tionem
718 5900 1014 5956 (ouciliavit
1034 5942 1048 5965 .
1076 5917 1197 5957 cum
1223 5903 1506 5957 crucifixus
1533 5900 1672 5959 Patri
1693 5900 1827 5960 dixit
1847 5923 1859 5960 :
1895 5900 2065 5976 Pater,

2012 389 2279 446 SPURIA.

3672 384 3785 442 τες

2185 502 2378 572 dimitte
2397 501 2497 572 illis
2519 516 2540 565 ;
2559 518 2659 572 non
2671 502 2813 554 'cnim
2836 503 2998 555 sciunt
3019 503 3142 572 quid
3158 501 3351 572 faciunt
3372 504 3392 565 ζ
3412 500 3631 572 141635.
3655 500 3786 564 δι).

2187 572 2311 627 ldeo
2340 570 2534 627 Paulus
2572 571 2640 626 de
2671 572 2759 624 illo
2798 573 2872 626 ait
2895 570 3102 640 :-Quem
3143 570 3403 639 proposuit
3431 571 3568 625 Deus
3596 577 3788 641 propr-

2184 643 2439 694 tiatorium
2464 657 2552 710 per
2575 640 2726 709 ﬁdem
2763 643 2816 695 in
2857 643 2967 711 ejus
2995 642 3287 711 sanguinem
3305 684 3319 701 ,
3363 642 3416 694 in
3444 642 3795 695 ostensionem

2176 713 2393 781 justitiae
2419 712 2610 781 ipsius,
2640 713 2693 763 in
2735 712 3074 781 remissionem
3118 712 3503 778 praecedentium
3543 722 3790 780 peccato-

2186 799 2296 834 rum
2348 780 2533 847 (Rom.
2582 782 2635 835 5.
2678 780 2750 837 25
2780 780 2821 851 ).
2878 781 3199 850 Propitiatur
3240 795 3417 835 autem
3464 782 3789 836 Judmorum

2187 852 2449 921 peccatis,
2479 866 2583 905 non
2616 862 2832 922 propter
2868 851 3011 919 ipsos
3040 852 3210 905 solum
3233 892 3247 914 ,
3291 852 3382 922 sed
3415 852 3580 905 multo
3608 854 3793 922 magis

2187 920 2404 991 propter
2428 931 2612 991 gentes
2638 940 2651 975 :
2684 937 2751 974 ne
2777 920 2913 975 forte
2942 922 3031 975 Dei
3061 921 3397 976 clementiam
3428 920 3740 989 ignorantes
3766 962 3789 985 ,

2187 990 2402 1046 dicant:
2433 990 2531 1045 Ubi
2551 1000 2622 1044 est
2653 990 2789 1045 Deus
2813 992 3027 1045 eorum?
3049 1001 3102 1045 et
3130 1008 3195 1047 ex
3242 993 3533 1060 ignorantia
3575 991 3786 1057 impin-

2186 1071 2343 1128 gunt;
2392 1063 2484 1116 sed
2528 1071 2586 1115 ut
2631 1063 2680 1116 id
2726 1070 3112 1129 cognoscentes
3169 1061 3235 1115 ab
3276 1062 3460 1114 eadem
3492 1061 3791 1117 clementia

2188 1133 2467 1198 ducantur,
2487 1142 2541 1186 et
2566 1131 2889 1187 suadeantur
2910 1147 3030 1185 cum
3058 1146 3251 1201 magno
3270 1131 3447 1186 studio
3472 1146 3789 1196 accurrere,

2188 1210 2242 1272 et
2266 1202 2490 1272 salutem
2521 1203 2795 1272 consequi.
2823 1201 2951 1268 Quae
2980 1212 3276 1270 sequuntur
3302 1213 3479 1256 autem
3510 1202 3796 1272 hisdict'ns

2190 1271 2347 1325 fidem
2375 1271 2587 1343 facient.
2616 1271 2680 1326 Et
2707 1271 2901 1325 sciatur
2923 1273 2974 1326 in
3004 1273 3230 1343 gentibus
3272 1289 3443 1325 coram
3485 1271 3645 1343 oculis
3685 1286 3792 1325 tto-

2188 1342 2305 1413 stris
2333 1342 2467 1413 ultio
2496 1344 2756 1413 sanguinis
2797 1342 3053 1413 servorum
3096 1351 3297 1413 tuorum
3338 1343 3441 1413 qui
3462 1342 3652 1408 e/I'usns
3681 1352 3787 1396 est.

2188 1411 2361 1478 Quare
2390 1412 2502 1466 vult
2528 1411 2706 1467 notam
2738 1428 2857 1467 esse
2882 1412 3126 1478 gentibus
3155 1412 3451 1467 ultionem?
3487 1412 3618 1481 Quia
3666 1412 3794 1465 «he-

2187 1496 2375 1536 monas
2402 1482 2761 1538 debellaturus
2786 1491 2901 1536 erat
2921 1522 2935 1542 ,
2980 1482 3068 1550 qtti
3099 1482 3408 1551 sanguinem
3431 1523 3446 1545 ,
3478 1484 3527 1536 id
3551 1492 3632 1535 est
3658 1483 3752 1536 ani
3770 1512 3792 1523 -

2191 1566 2304 1604 mas
2345 1567 2618 1607 servorum
2664 1553 2754 1607 Dei
2776 1594 2792 1618 ,
2815 1553 3019 1606 scilicet
3046 1552 3380 1614 Judmornm,
3413 1568 3507 1621 per
3550 1552 3791 1606 idolola-

2193 1622 2343 1675 triaut
2366 1622 2828 1677 labefactavcrant.
2852 1625 3103 1687 Qua-nam
3128 1632 3304 1677 autem
3332 1622 3462 1676 ultio
3481 1624 3633 1676 erat?
3656 1622 3791 1677 ldo-

2191 1695 2360 1748 lorum
2391 1694 2635 1758 eversio,
2681 1693 3062 1747 diabolicorum
3096 1693 3411 1760 templorum
3440 1692 3788 1761 incendium,

2190 1763 2329 1832 quod
2360 1770 2483 1816 ante
2526 1763 2709 1818 oculos
2752 1763 3055 1818 .ludmorum
3086 1762 3393 1830 perficitur:
3427 1764 3604 1815 vident
3633 1766 3789 1818 enim

2190 1831 2249 1887 ea
2269 1848 2383 1899 quze
2402 1843 2737 1903 peraguntur,
2760 1848 2932 1903 neque
2951 1840 3331 1901 cooperantur:
3357 1831 3485 1885 nota'
3502 1840 3677 1887 autem
3697 1847 3793 1888 est.

2193 1903 2324 1957 ultio
2351 1902 2635 1970 gentibus:
2669 1904 2795 1972 ipsa:
2828 1918 3057 1972 namque
3081 1902 3285 1965 sciunt,
3313 1918 3416 1971 qua
3447 1918 3605 1972 mantt
3628 1945 3642 1958 .
3673 1919 3787 1972 qua

2191 1973 2389 2026 virtute
2417 1975 2529 2027 lure
2555 1971 2829 2041 patrantur
2850 1988 2913 2027 ac
2945 1982 3296 2041 peraguntur,
3328 1982 3382 2026 et
3408 1973 3551 2027 cruci
3579 1971 3787 2028 Christi

2192 2058 2374 2097 eorum
2399 2043 2486 2112 qui
2513 2044 2611 2101 hoc
2632 2044 2807 2097 vident
2836 2042 3053 2097 exitium
3080 2042 3408 2097 adscribunt.
3434 2043 3520 2097 Η.
3548 2041 3791 2097 lntroeat

2190 2114 2241 2166 in
2269 2122 2533 2182 conspectu
2563 2123 2648 2167 tuo
2689 2115 2903 2183 gemitus
2938 2112 3334 2183 compeditorum
3357 2128 3375 2167 :
3396 2112 3518 2183 Eon
3558 2128 3792 2178 compe-

2192 2183 2344 2235 dihus
2368 2200 2432 2237 ex
2480 2182 2778 2246 ferro,.$ed
2822 2199 2887 2236 ex
2921 2191 3137 2250 peccato
3166 2182 3351 2237 factis:
3394 2182 3595 2237 Catenis
3632 2183 3788 2238 enim

2194 2262 2514 2323 peccatorum
2560 2270 2765 2307 suorum
2803 2253 3142 2321 unusquisque
3179 2252 3442 2323 stringitur
3497 2252 3688 2321 (Prov.
3723 2254 3790 2309 5.

2156 2380 2159 2383 ι
2192 2322 2227 2376 Ξ).
2251 2326 2287 2387 ).
2342 2324 2493 2379 llunc
2524 2324 2776 2393 gemitum
2804 2323 2855 2376 in
2884 2330 3229 2395 conspectum
3258 2322 3346 2377 Dei
3376 2323 3575 2378 intrare
3604 2334 3787 2395 rogat,

2195 2403 2253 2447 ut.
2277 2409 2336 2446 ca
2364 2410 2482 2461 qua:
2512 2403 2807 2463 sequuntur
2828 2393 3062 2463 nancisci
3091 2393 3314 2463 possint.

2263 2460 2492 2517 Christus
2519 2460 2788 2534 brae/rima
2815 2462 3008 2534 Patris.
3036 2460 3106 2502 -4
3126 2460 3417 2534 Secundum
3467 2465 3788 2534 magnitudi-

2193 2551 2303 2586 nem
2319 2533 2507 2587 bracliii
2530 2537 2601 2587 ιιιὶ
2617 2532 2817 2604 posside
2835 2533 2968 2601 ﬁlios
2989 2542 3148 2604 morte
3162 2533 3475 2598 effectarum.
3493 2532 3785 2591 Brachium

2193 2603 2365 2658 Patris
2412 2603 2679 2659 Christum
2707 2604 2886 2656 vocari
2932 2617 3075 2672 serpe
3121 2603 3509 2658 declaravitnns
3541 2622 3555 2656 :
3587 2620 3789 2660 secun-

2193 2675 2317 2727 dum
2346 2674 2486 2729 illius
2527 2673 2941 2744 magnitudinem
2961 2714 2976 2736 ,
3003 2672 3249 2728 videlicet
3296 2690 3483 2744 magna
3515 2674 3787 2730 adventus

2195 2744 2314 2812 ejus
2357 2748 2605 2815 mysteria
2635 2784 2651 2808 ,
2679 2751 2969 2815 quresunt
3016 2757 3145 2815 crux
3182 2754 3235 2797 et
3276 2746 3616 2815 resurrectio.
3660 2746 3788 2803 Non

2194 2822 2367 2869 morte
2394 2813 2679 2869 mulctatos
2700 2854 2716 2878 ,
2745 2813 2838 2868 sed
2866 2829 3051 2868 eorum
3079 2813 3216 2868 filios
3238 2814 3439 2869 servari
3462 2830 3492 2869 a
3539 2815 3646 2868 Deo
3678 2831 3787 2882 po-

2195 2885 2351 2938 stulat
2382 2903 2396 2939 :
2428 2895 2597 2939 morte
2639 2884 2810 2938 aﬂ‘ecti
2857 2895 3032 2938 autem
3079 2892 3231 2938 erant
3268 2886 3301 2937 ii
3331 2886 3420 2954 qui
3464 2886 3516 2937 iu
3547 2887 3648 2939 vita
3679 2884 3789 2943 ha‘c

2197 2970 2300 3008 non
2330 2955 2674 3009 crediderant
2700 2970 2715 3016 ς
2743 2955 3045 3025 sericorum
3076 2954 3165 3025 lilii
3205 2954 3273 3025 ab
3305 2956 3559 3025 apostolis
3583 2971 3786 3025 sagena

2193 3025 2329 3094 eapti
2361 3026 2555 3094 ingenti
2587 3040 2808 3078 numero
2830 3022 3060 3078 fuerant.
3096 3024 3176 3077 l2.
3210 3022 3381 3078 Redde
3399 3026 3573 3079 vicinis
3594 3022 3789 3082 nostris

2193 3096 2479 3166 septuplum
2498 3096 2548 3147 in
2565 3096 2679 3166 sinu
2702 3110 2891 3166 eorum.
2906 3095 3264 3166 impr-apertum
3283 3094 3530 3164 ipsorum,
3542 3097 3676 3166 quod
3691 3114 3788 3152 at:-

2196 3164 2551 3233 probraverunt
2578 3164 2684 3225 tibi,
2719 3163 2948 3218 Domine.
2981 3163 3095 3221 Non
3141 3180 3279 3219 nunc
3305 3163 3508 3220 vicinos
3537 3163 3789 3224 homines

2193 3235 2476 3305 appellavit
2508 3252 2520 3287 :
2551 3250 2725 3305 neque
2772 3236 2912 3288 enim
2964 3234 3040 3289 eis
3069 3234 3370 3305 septuplum
3416 3235 3562 3290 reddi
3594 3253 3787 3305 preca-

2196 3314 2279 3358 tus
2323 3315 2502 3368 csset,
2554 3320 2753 3374 gnarus
2788 3305 3020 3373 judicem
3078 3305 3126 3358 id
3172 3321 3277 3358 non
3333 3307 3558 3360 laturum
3603 3322 3729 3363 esse
3766 3328 3782 3362 :

2195 3383 2342 3429 certe
2364 3390 2469 3444 quo
2499 3384 2652 3443 pacto
2678 3375 2745 3429 ad
2777 3376 2946 3444 ipsum
2977 3376 3245 3443 psalleret,
3278 3375 3358 3429 Tn
3382 3377 3558 3429 reddes
3578 3379 3786 3431 unicui-

2191 3462 2287 3515 que
2304 3443 2576 3498 secundum
2596 3462 2751 3513 opera
2776 3462 2867 3498 sua
2895 3443 3065 3513 (Psal.
3090 3450 3141 3499 6.
3170 3446 3285 3514 l5)?
3318 3445 3457 3515 Ergo
3484 3446 3551 3501 de
3577 3446 3785 3502 mento.

2194 3515 2347 3569 nihus
2394 3517 2644 3583 loquitur.
2698 3516 2774 3569 Illi
2806 3519 2947 3587 enim
2978 3516 3280 3585 septuplum
3316 3516 3435 3584 jure
3465 3518 3734 3587 accipiunt
3760 3538 3779 3575 :

2194 3594 2376 3656 utpote
2404 3587 2491 3654 qui
2522 3600 2644 3640 cum
2674 3585 3059 3656 praestantioris
3087 3587 3191 3639 sint
3219 3596 3441 3650 natum,
3462 3585 3619 3656 quam
3648 3604 3771 3653 nos,

2192 3655 2259 3710 de
2283 3657 2418 3709 caelo
2443 3656 2835 3726 autemdejecti
2867 3654 3096 3717 fuerint,
3126 3672 3297 3726 neque
3328 3654 3502 3710 tamen
3531 3659 3605 3711 sic
3634 3668 3781 3712 tem-

2194 3726 2523 3794 perantiorcs
2564 3724 2768 3797 effecti.
2794 3735 2987 3779 terram
3019 3727 3130 3781 suis
3154 3724 3617 3782 :tdittt'elltinnihtts
3647 3744 3780 3797 per—

2194 3798 2425 3858 turbent,
2456 3811 2629 3864 neque
2658 3796 2755 3849 soli
2778 3804 3018 3864 peccent,
3037 3797 3127 3850 sed
3155 3811 3254 3850 nos
3273 3797 3433 3865 etiam
3461 3797 3524 3850 ad
3559 3796 3778 3865 peccata

2193 3865 2466 3938 inducant,
2497 3866 2840 3938 atqueDeum
2865 3866 3124 3938 apud‘nus
3147 3867 3343 3936 probro
3368 3864 3599 3938 afficiant
3620 3873 3777 3938 quasi

2189 3937 2306 4001 ejus
2345 3936 2520 4005 imago
2561 3934 2818 4005 deciderit
2851 3954 2863 3987 :
2892 3934 2957 3989 ad
2986 3934 3127 4005 inec
3149 3934 3284 3990 vero
3337 3952 3405 3990 ne
3435 3952 3529 4005 per
3570 3934 3776 3996 Christi

2191 4006 2402 4073 quidem
2433 4004 2716 4060 adventum
2743 4004 2810 4059 ab
2841 4004 3135 4061 idololatria
3158 4004 3511 4063 desciverunt.
3542 4010 3633 4061 sed
3662 4009 3767 4071 ipsi

2190 4087 2314 4130 sunt
2340 4076 2556 4130 addicti.
2586 4077 2713 4142 Quis
2738 4085 2916 4129 autem
2958 4092 3141 4130 eorum
3169 4084 3250 4130 est
3273 4076 3461 4129 sinus?
3490 4076 3773 4134 Gelu-una.

2192 4148 2322 4213 Ipsis
2349 4152 2492 4216 enim
2524 4148 2592 4201 ab
2619 4147 2768 4200 initio
2800 4148 2947 4216 locus
2989 4147 3075 4201 ille
3101 4146 3385 4216 deputatus
3408 4159 3483 4199 est
3517 4165 3529 4198 :
3561 4148 3608 4200 id
3641 4165 3775 4203 vero

2188 4207 2419 4270 declarat
2440 4207 2711 4271 'Dominus
2744 4234 2755 4269 :
2790 4214 2888 4279 Ite,
2909 4207 3187 4279 maledicti:
3212 4218 3264 4269 in
3298 4217 3461 4284 ignem
3502 4230 3771 4283 a'tertmm,

2189 4297 2422 4359 paratum
2471 4288 2672 4359 diabolo
2715 4296 2765 4339 et
2793 4287 2985 4357 angelis
3012 4289 3122 4355 ejus
3158 4286 3371 4355 (.llattlt.
3413 4287 3503 4359 25.
3534 4290 3643 4359 41).
3678 4291 3769 4345 15.

2192 4355 2241 4408 Ν
2248 4374 2302 4410 os
2323 4368 2487 4410 autem
2516 4358 2730 4425 populus
2750 4355 2929 4409 tuus‘ct
2956 4372 3067 4410 oves
3093 4372 3296 4425 pascuae
3315 4366 3434 4412 tute.
3469 4355 3657 4413 'l‘otum
3688 4359 3773 4414 di-

2188 4427 2261 4496 cit
2286 4426 2575 4479 humanum
2617 4442 2785 4495 genus
2816 4443 2830 4479 :
2860 4442 2956 4481 nos
2991 4428 3183 4496 quippe
3208 4442 3486 4496 opponens
3507 4428 3771 4483 daunoui-

2188 4495 2288 4550 lms
2315 4496 2381 4550 dc
2409 4497 2542 4551 ca'lo
2567 4496 2879 4562 deturbatis,
2887 4498 3160 4621 lpopulum
3196 4495 3293 4551 Dei
3318 4508 3371 4552 et
3396 4512 3525 4554 oves
3557 4514 3771 4566 pascua.

2190 4567 2354 4621 insius
2379 4576 2534 4621 vocat
2568 4566 2857 4621 hominem.
2932 4577 2949 4620 ι
2978 4583 3077 4621 una
3106 4566 3173 4621 de
3198 4582 3358 4621 causa
3390 4584 3524 4621 oves
3555 4584 3770 4621 nztsctlau

2190 4567 2354 4637 ipsius
2379 4576 2534 4637 vocat
2568 4566 2857 4621 hominem.
2887 4566 2949 4621 Et
2978 4566 3077 4637 qua
3106 4566 3173 4621 de
3198 4582 3358 4622 causa
3390 4584 3524 4623 oves
3555 4584 3770 4637 pascua:

2187 4636 2345 4706 ejus?
2373 4636 2504 4704 Quia
2537 4652 2633 4691 nos
2664 4637 2844 4709 fideles
2873 4636 3008 4705 ipso’
3035 4639 3084 4691 in
3117 4638 3520 4709 participatione
3558 4636 3769 4709 myste-

2187 4705 2383 4761 riorum
2404 4709 2685 4775 p’ascimur.
2711 4705 3070 4775 Con/itabimur
3094 4708 3204 4773 tibi,
3231 4707 3386 4771 Deus,
3420 4710 3470 4761 in
3499 4705 3767 4765 mention.

2187 4777 2251 4830 In
2272 4778 2637 4847 generationem
2664 4786 2711 4830 et
2741 4780 3107 4847 generationem
3132 4779 3541 4832 annuntiabinms
3562 4777 3767 4834 laudent

2184 4858 2340 4900 tuam.
2371 4846 2493 4902 llaec
2514 4846 2779 4918 confessio
2800 4849 2949 4915 quasi
2974 4849 3081 4915 jam
3109 4850 3213 4902 alia
3241 4849 3507 4903 confessio
3531 4865 3767 4918 pra-ces-

2183 4920 2313 4971 serit
2340 4928 2672 4971 recensetur.
2718 4917 2873 4971 Prius
2900 4919 3040 4972 enim
3085 4934 3184 4972 nos
3212 4933 3341 4972 ovcs
3366 4917 3614 4974 Christus
3633 4935 3755 4975 eou-

2183 4987 2355 5041 fessus
2381 4985 2550 5041 fuerat
2581 4988 2765 5041 dicens
2794 5005 2807 5041 :
2837 4988 2965 5041 Oves
3002 5004 3125 5041 mete
3151 5005 3320 5041 vocem
3355 5005 3516 5042 meam
3546 4990 3764 5047 audiunt

2183 5056 2362 5127 (Joan.
2391 5057 2475 5128 10.
2498 5056 2613 5128 27);
2644 5058 2837 5128 deinde
2856 5074 2975 5111 cum
3001 5067 3185 5125 gentes
3216 5059 3373 5111 etiam
3408 5060 3566 5115 vellet
3594 5060 3765 5117 adsci-

2180 5126 2331 5181 Scere
2353 5167 2369 5190 ,
2399 5126 2601 5198 addidit
2627 5147 2639 5182 :
2676 5126 2850 5181 "abeo
2882 5136 2928 5181 et
2952 5128 3079 5183 alias
3106 5144 3254 5195 oves,
3275 5144 3389 5198 qua!
3416 5146 3515 5184 non
3556 5140 3671 5185 sunt
3700 5150 3763 5186 ea:

2182 5199 2282 5271 (ioc;
2306 5197 2512 5271 oviligct
2536 5198 2651 5253 illas
2690 5208 2883 5271 oportet
2920 5214 2999 5251 me
3033 5197 3335 5271 congregare
3363 5198 3594 5271 (Ibid.iu.
3646 5202 3757 5271 16).

2184 5267 2284 5337 Ipsi
2324 5268 2657 5331 contitcmur,
2688 5269 2775 5336 qui
2810 5269 2956 5321 illum
3009 5267 3274 5337 pastorem
3325 5267 3379 5323 in
3422 5270 3635 5327 Psahno
3671 5267 3758 5324 so-

2180 5338 2732 5411 quenti‘vocannts._l_d
2768 5353 2893 5391 vero
2924 5339 3144 5393 facuuus
3171 5354 3274 5411 non
3300 5339 3364 5395 ad
3397 5352 3625 5411 tempus,
3660 5343 3756 5399 sed

2180 5409 2233 5463 in
2279 5407 2529 5462 sreculum
2555 5449 2570 5473 ,
2601 5408 2802 5461 scilicet
2852 5421 3145 5477 perpetuo:
3177 5419 3226 5463 et
3262 5410 3311 5462 in
3356 5407 3754 5480 geticmtiouem

2180 5489 2233 5533 ct
2254 5480 2650 5549 generationem
2680 5480 3108 5534 annuntiahimus
3139 5480 3344 5533 laudem
3375 5482 3491 5549 ejus
3511 5522 3525 5545 ,
3556 5484 3606 5535 in
3633 5500 3751 5538 om-

2180 5548 2334 5619 nihus
2402 5548 2835 5619 generationibus
2904 5550 3113 5603 laudem
3175 5548 3459 5619 gratiarum
3529 5554 3749 5611 actionis

2178 5618 2495 5691 offerentes,
2538 5628 2629 5671 aut
2674 5618 2794 5691 quia
2840 5634 2907 5674 ex
2937 5628 3161 5691 utraque
3186 5618 3547 5691 generatione.
3578 5622 3749 5691 ipsum

2180 5689 2487 5742 laudamus:
2516 5703 2622 5742 non
2665 5688 2836 5742 solum
2876 5704 2941 5743 ex
2989 5690 3053 5743 iis
3077 5688 3165 5758 qui
3208 5688 3381 5744 adhuc
3409 5692 3458 5744 in
3487 5688 3647 5757 carpe
3673 5698 3743 5749 vi-

2177 5769 2351 5833 runt,
2364 5758 2455 5813 sed
2483 5760 2641 5812 etiam
2681 5773 2747 5813 ex
2779 5759 2841 5812 iis
2871 5759 2957 5833 qui
2986 5774 3018 5814 a
3042 5760 3747 5833 carne_discesserunt‘:'pa-

2178 5828 2433 5904 triarchas
2466 5842 2659 5898 nempe
2681 5870 2696 5890 ,
2724 5831 2992 5899 apostolos
3015 5871 3032 5895 ,
3065 5830 3377 5901 prophetas.
3406 5843 3459 5886 et
3489 5828 3748 5904 martyies

2177 5902 2230 5958 in
2262 5905 2494 5959 medium
2519 5906 2837 5959 advocantes
2860 5946 2875 5974 ,
2899 5922 3017 5960 cum
3051 5909 3219 5977 ipsum
3246 5921 3543 5976 precamur.
