4066 6458
239 412 381 467 ’72ῖί

258 589 316 642 1.
356 584 418 638 In
451 586 602 650 ﬁnem
652 584 744 655 pro
773 585 848 655 iis,
874 585 961 653 qui
1010 578 1478 655 eomtnutnbuntur,
1533 573 1876 630 testimonium

445 659 544 726 ipsi
572 650 748 727 mp1.
775 696 789 720 ,
814 650 1054 708 Psalmus
1081 669 1232 724 super
1258 650 1484 720 Assyrio.
1511 661 1698 702 cxxtx.

338 794 392 850 l.
424 789 846 862 Commutandqs
892 795 1050 842 vocat
1093 799 1184 862 eos
1224 783 1314 862 qui
1363 796 1458 852 per
1485 778 1872 862 penitentiam

259 863 560 920 renovandi
586 869 750 923 sunt.
791 857 836 914 E
861 873 920 913 re
943 867 1122 912 autem
1159 851 1410 923 Iit—ﬁnem
1432 851 1676 922 adjunxit
1704 890 1719 914 ,
1748 851 1874 918 quia

264 935 510 990 ultimam
559 945 816 988 ancoram
856 928 1118 983 habemus
1149 924 1515 993 paenitentiam
1550 969 1554 972 .
1591 935 1652 976 ea
1693 929 1872 973 autem

261 1007 429 1061 etiam
461 1006 513 1058 in
545 1004 650 1057 line
686 1000 1006 1056 surculorum
1047 1012 1144 1068 per
1169 993 1365 1052 Christi
1396 993 1686 1068 adventum
1739 1004 1876 1057 pra:-

262 1076 444 1132 tlieata
473 1073 592 1128 fuit.
622 1073 679 1126 In
701 1069 894 1125 horum
941 1063 1306 1140 testimonium
1339 1063 1518 1140 Asap-h
1549 1068 1871 1140 prtesentettt

267 1147 542 1201 "salinum
592 1141 900 1196 modulatus
941 1149 1026 1194 est
1069 1149 1228 1207 atque
1270 1135 1342 1207 in
1372 1133 1586 1207 Psalmo
1640 1133 1878 1184 narravit

266 1225 468 1284 quanta
491 1214 801 1270 Judazorum
831 1211 1061 1284 pppulus
1086 1204 1156 1284 ob
1191 1204 1589 1284 multitudinem
1626 1210 1877 1284 peccato-

267 1270 388 1340 r'um
420 1299 618 1354 passus
637 1294 738 1339 est.
770 1270 953 1354 εξρίιὶ
977 1279 1162 1354 pascis
1182 1274 1367 1354 Israel.
1393 1270 1638 1354 attende”;
1663 1271 1754 1354 qui
1775 1270 1873 1353 tle-

267 1340 435 1410 ducis.
458 1356 591 1409 velut
633 1369 774 1407 ovem
817 1340 1010 1421 Jo'sep'lt
1038 1347 1162 1421 :qtti
1182 1347 1323 1421 sedes
1365 1361 1520 1416 super
1567 1340 1872 1421 Circi-abitu,

267 1442 484 1496 appara.
509 1425 667 1496 Vides
696 1411 971 1496 quomodir
991 1411 1225 1496 cumbis
1250 1411 1554 1496 consonent
1579 1412 1742 1468 verba
1771 1411 1877 1466 Do-

268 1484 402 1551 n'ti'ni
429 1537 444 1556 ,
478 1510 596 1564 qua:
625 1495 676 1564 in
703 1484 1225 1564 Evangeliisdixjsse
1266 1487 1441 1564 fertur
1455 1502 1478 1564 _:
1506 1484 1620 1564 Ego
1646 1499 1758 1564 sum
1781 1498 1877 1564 pa-

271 1579 380 1622 stor
405 1551 566 1620 bonus
607 1563 785 1631 (Joan.
825 1551 910 1614 lll.
958 1561 1070 1628 14).
1101 1559 1208 1631 Srd
1231 1573 1351 1631 cur,
1374 1556 1495 1631 aliis
1523 1551 1749 1631 relictis,
1781 1551 1875 1608 Jo-

268 1636 497 1705 mpltum
545 1625 897 1690 et‘Jacohutn
943 1631 993 1705 in
1026 1625 1258 1684 medium
1288 1625 1542 1705 adducit?
1571 1625 1702 1705 Quia
1732 1633 1878 1705 uter-

268 1697 376 1778 qu‘e
409 1723 478 1762 ex
497 1705 808 1778 memoratis
847 1699 1118 1778 profectus
1157 1708 1258 1760 est,
1295 1699 1430 1778 alius
1465 1697 1518 1750 in
1549 1697 1872 1778 ﬁgyptum,

269 1767 411 1833 alius
431 1778 484 1831 in
514 1767 974 1845 Mesopotamiam,
992 1778 1046 1824 et
1070 1781 1290 1845 uterque
1318 1768 1388 1845 ibi
1416 1767 1762 1845 servivit:__At
1779 1779 1872 1845 eo:

271 1864 392 1904 rum
421 1836 734 1902 servitutem
757 1845 808 1897 in
835 1843 1157 1904 libertatem,
1181 1836 1235 1894 οἰ
1257 1840 1308 1893 in
1339 1838 1474 1894 bona
1502 1852 1621 1906 qua:
1644 1836 1876 1906 libertati

268 1919 460 1974 addita
505 1925 630 1973 sunt
681 1914 951 1969 transtulit
991 1911 1164 1975 Deus,
1209 1924 1371 1980 quem
1413 1904 1558 1963 nunc
1595 1904 1878 1961 attendere

273 1989 552 2061 propheta
580 1985 822 2061 expetit;
851 1991 909 2061 ut
940 1995 1183 2061 cernens
1209 1983 1518 2061 universum
1555 1991 1724 2061 genus
1764 1989 1867 2061 uo:

273 2045 447 2115 ἱιισιῖιιι
475 2045 843 2128 ερίι·ἰιιὶιιιὶὺιιέ
882 2054 1109 2128 inimicis
1143 2051 1347 2107 servire
1391 2051 1522 2128 (non
1549 2045 1691 2105 enim
1724 2055 1780 2128 ut
1807 2045 1876 2128 ad

273 2145 370 2195 se,
398 2118 849 2192 scd'indellnite,
878 2139 972 2181 seu
1013 2122 1079 2178 ad
1111 2137 1302 2195 omnes
1330 2118 1583 2190 reSpiciat
1615 2118 1877 2190 propheta

246 2193 481 2271 'optimet
507 2195 719 2268 rogat),
754 2197 1030 2271 festinaret
1057 2194 1125 2248 ad
1164 2193 1468 2271 libertatem
1500 2201 1738 2271 nostram
1766 2230 1782 2254 ,
1813 2201 1877 2271 ac

275 2259 402 2327 cito
421 2259 742 2324 adventaret
769 2268 822 2320 in
855 2281 1048 2328 carne;
1095 2265 1348 2334 quoniam
1394 2261 1512 2332 ejus
1528 2261 1768 2334 adventu
1807 2259 1876 2313 ad

278 2341 577 2397 libertatem
607 2354 744 2408 opus
770 2335 1053 2400 habemus;
1085 2330 1259 2408 neque
1282 2333 1392 2408 alio
1417 2330 1578 2408 modo
1597 2330 1878 2408 sedentem

277 2427 438 2483 super
466 2401 763 2483 Cherubim
814 2401 1311 2483 suscepturiuerant
1357 2403 1642 2483 homines,
1668 2401 1876 2483 nisinin

276 2469 437 2537 eti'ne
464 2481 791 2536 advenisset.
815 2469 1085 2553 5._Coram
1111 2475 1394 2553 Eii/iraira,
1409 2473 1680 2553 Benjamin
1700 2481 1748 2553 et
1768 2469 1879 2553 a-

277 2569 426 2607 nasse
448 2593 463 2614 ,
491 2553 660 2606 excita
695 2550 971 2614 potentiam
1009 2543 1182 2605 tuam,
1211 2555 1258 2600 et
1281 2547 1394 2601 veni
1437 2555 1491 2598 ut
1511 2543 1679 2599 salvos
1717 2543 1879 2612 facias

277 2640 390 2678 nos.
435 2613 593 2678 Clare
642 2613 928 2675 adventum
961 2616 1228 2687 Unigeniti
1270 2617 1321 2670 in
1348 2630 1566 2670 carnem
1611 2613 1876 2687 postulat;

277 2695 526 2762 quocirca
555 2707 660 2745 non
689 2690 850 2746 modo
880 2699 938 2744 ut
955 2685 1156 2762 veniat,
1185 2687 1281 2743 sed
1307 2687 1469 2743 etiam
1497 2693 1556 2741 ut
1583 2685 1878 2762 potentiam

278 2756 426 2818 suam
459 2762 674 2827 excitet.
712 2769 881 2832 rogat;
917 2760 1213 2832 potentiam
1231 2767 1413 2814 autem
1438 2766 1602 2832 vocat
1633 2756 1878 2822 incarna-

281 2835 523 2888 tionem:
553 2834 632 2886 sie
655 2826 799 2887 enini
822 2826 877 2886 et
898 2826 949 2884 in
966 2831 1074 2885 alio
1098 2829 1431 2884 Psalmorum
1450 2827 1569 2882 loco
1586 2826 1760 2895 ipsam
1787 2839 1882 2895 apo

281 2905 436 2972 pellit
497 2922 509 2956 :
559 2901 737 2956 Induit
792 2901 1042 2956 Dominus
1093 2901 1390 2972 potentiam,
1418 2907 1467 2952 et
1516 2897 1780 2972 prarcinxit
1827 2913 1882 2951 se

281 2968 452 3047 (Psal.
478 2974 567 3047 9:2.
595 2977 670 3041 1).
697 2974 876 3047 Ecqua
900 2972 975 3047 de
992 2968 1151 3026 causa
1181 2985 1302 3024 cum
1324 2971 1485 3025 etiam
1513 2968 1662 3047 prius
1690 2976 1882 3047 puteus

280 3037 459 3109 esset,
493 3037 804 3114 lateretque
835 3043 1108 3105 homines,
1144 3053 1321 3114 tamen
1361 3055 1482 3114 cum
1513 3040 1564 3092 iu
1595 3037 1880 3114 carne_ad-

282 3117 445 3178 venit,
475 3109 875 3184 potentiamque
918 3121 1092 3184 suam,
1113 3111 1384 3184 ostendit,
1415 3111 1555 3165 hanc
1586 3109 1880 3184 pcteutiam

280 3180 486 3240 coram-
518 3180 805 3252 Ephraim,
859 3183 1136 3252 Benjamin
1195 3191 1263 3252 et
1300 3180 1561 3252 Manasse
1594 3181 1879 3252 excitatam

283 3256 448 3312 fuisse
493 3249 711 3309 dicitur?
742 3257 817 3310 Ex
863 3249 1018 3325 parte
1055 3263 1221 3309 totum
1254 3251 1505 3325 lsraeiem
1531 3251 1782 3325 indicat,
1816 3251 1881 3304 ad

282 3343 439 3398 quem
469 3327 714 3381 Christus
741 3342 807 3398 ex
834 3321 978 3380 cadis
1012 3325 1321 3398 incarnatus
1350 3321 1571 3398 advenit
1598 3341 1612 3376 :
1643 3335 1880 3398 quapro-

286 3393 402 3466 pter
427 3398 522 3460 ait,
551 3398 742 3452 Coram
768 3397 894 3463 ipsis
923 3397 1214 3466 potentiam
1245 3393 1418 3466 excita
1444 3409 1458 3457 ;
1489 3394 1574 3466 vel
1603 3393 1728 3466 quia
1759 3408 1881 3446 cum

283 3463 541 3522 adversus
570 3469 717 3522 illum
746 3463 1213 3530 sentirent,talem
1245 3479 1364 3518 esse
1387 3463 1880 3534 deprehenderunt,

285 3550 337 3590 nt
368 3539 434 3592 ad
467 3539 638 3606 ipsum
667 3537 1005 3592 accederent.
1033 3537 1086 3589 4.
1120 3535 1278 3599 Deus,
1306 3543 1536 3606 converte
1566 3549 1658 3606 not
1680 3574 1693 3597 ,
1725 3541 1770 3586 et
1795 3550 1882 3587 os-

284 3609 430 3664 tende
460 3604 640 3675 [aciem
667 3617 828 3670 tuam,
858 3617 902 3659 et
921 3607 1048 3660 salvi
1073 3607 1277 3660 erimus.
1305 3605 1360 3658 In
1388 3604 1740 3675 sequentibus
1763 3619 1882 3673 pro-

285 3674 768 3748 phetaclariorem
815 3678 992 3732 reddit
1033 3691 1370 3748 sermonem,
1401 3674 1714 3748 ostendens
1751 3689 1884 3743 quo-

284 3745 448 3810 inodo,
491 3758 546 3804 et
587 3764 690 3818 qua
732 3748 801 3802 de
842 3763 1004 3802 causa
1059 3747 1306 3802 Christus
1350 3745 1678 3800 adventnrus
1713 3754 1876 3800 esset.

287 3819 564 3874 Adventus
590 3819 732 3875 enim
759 3819 874 3872 htec
893 3833 1052 3872 causa
1078 3818 1204 3882 luit,
1239 3824 1295 3870 ut
1325 3831 1423 3870 nos
1450 3823 1790 3870 converteret
1830 3826 1884 3871 et

283 3891 577 3956 Corrigeret
608 3907 622 3943 :
653 3889 844 3950 modus
893 3898 1107 3949 autem,
1155 3888 1420 3956 apparitio
1466 3887 1780 3951 manifesta,
1828 3897 1884 3942 ut

283 3974 403 4014 eum
435 3956 568 4014 facie
595 3960 658 4012 ad
690 3957 879 4013 faciem
906 3961 1208 4013 videremus
1239 3975 1251 4010 :
1284 3973 1385 4012 nec
1409 3957 1515 4010 alio
1542 3957 1703 4011 modo
1740 3956 1884 4010 salu-

286 4039 392 4085 tem
417 4033 554 4084 nacti
585 4045 863 4095 essemus,
897 4031 997 4083 nisi
1024 4030 1126 4082 hoc
1152 4029 1313 4083 modo
1339 4029 1694 4095 apparuisset.
1727 4027 1881 4095 Quod

283 4103 444 4156 etiam
474 4101 640 4156 Jacob
687 4101 989 4168 patriarcha
1025 4098 1235 4153 dicebat
1257 4096 1280 4152 ἐ
1322 4097 1435 4151 Vidi
1467 4097 1633 4150 Deum
1661 4098 1792 4166 [acie
1815 4098 1884 4152 ad

283 4176 488 4241 faciem,
520 4169 566 4224 et
598 4173 719 4224 vixit
747 4171 920 4223 anima
946 4186 1054 4222 mea
1081 4168 1234 4241 (Gen.
1262 4169 1351 4224 32.
1376 4168 1489 4241 50).
1520 4169 1883 4233 Quamobrem

285 4239 458 4311 ipsum
487 4244 557 4294 ita
589 4243 772 4294 videre
803 4241 1022 4310 Moyses
1056 4239 1268 4308 qdoque
1309 4239 1620 4309 postulavit,
1646 4253 1760 4311 non
1784 4253 1882 4294 cus

283 4310 527 4367 riositate
548 4322 723 4365 motus
747 4351 762 4374 ,
791 4311 885 4366 sed
912 4325 1033 4364 eum
1059 4319 1262 4374 nosset,
1290 4322 1475 4378 utpOIe
1505 4310 1764 4378 propheta
1782 4351 1796 4373 ,
1825 4311 1880 4364 in

285 4382 386 4436 hoc
417 4385 704 4452 repositam
731 4382 850 4436 eSSe
877 4382 1154 4435 hominum
1179 4381 1403 4435 salutem
1431 4396 1569 4452 :non
1601 4391 1658 4433 ut
1683 4380 1880 4452 nudam

285 4449 493 4508 videret
539 4452 872 4507 divinitatem
906 4469 920 4507 :
955 4455 1092 4506 hanc
1114 4453 1258 4506 enim
1305 4452 1422 4520 ejus
1448 4449 1637 4504 faciem
1663 4451 1840 4520 nullus
1865 4492 1879 4515 ,

285 4534 340 4577 ut
367 4525 481 4592 ipse
510 4524 649 4577 Deus
673 4523 766 4584 ait,
786 4522 968 4577 videre
992 4523 1186 4591 poterit
1209 4519 1401 4592 (Ereti.
1433 4522 1523 4576 55.
1547 4519 1665 4590 90).
1694 4521 1748 4576 5.
1768 4519 1881 4578 Do-

285 4595 417 4648 mine
437 4593 574 4648 Deus
596 4594 856 4656 virtutum,
879 4609 1139 4662 quousque
1159 4593 1390 4646 irasceris
1417 4607 1570 4661 super
1599 4592 1882 4646 orationem

284 4681 540 4720 servorum
566 4674 769 4718 tuorum
786 4665 811 4717 ?
835 4663 948 4718 Non
973 4666 1088 4717 sine
1110 4678 1269 4718 causa
1302 4662 1384 4716 his
1411 4676 1540 4718 usus
1566 4673 1650 4716 est
1677 4663 1879 4729 verbis,

284 4735 376 4790 sed
405 4735 563 4790 simul
613 4750 764 4788 suam
807 4734 1120 4803 dignitatem
1160 4733 1438 4800 indicans,
1471 4733 1629 4787 simul
1658 4749 1781 4788 eum
1823 4744 1883 4788 ut

284 4807 464 4860 veniat
510 4806 668 4859 enixe
719 4820 953 4874 rogans:
987 4807 1338 4873 quamobrem
1396 4818 1518 4860 eum
1564 4819 1670 4858 non
1720 4805 1882 4859 modo

286 4875 476 4942 Deum,
511 4875 604 4930 sed
631 4877 790 4929 etiam
813 4874 1104 4930 Dominum
1135 4876 1412 4935 virtutum,
1446 4874 1697 4929 videlicet
1723 4877 1883 4930 etule-

285 4949 467 5012 stium,
491 4947 746 5015 appellat.
769 4944 903 5000 Cum
931 4955 1106 4999 autem
1135 4946 1334 5013 Spiritu
1360 4943 1569 4999 afﬂatus
1590 4960 1880 5014 cognosce-

282 5027 364 5072 ret
404 5019 455 5070 itt
505 5017 649 5070 aliud
700 5025 910 5085 tempus
956 5016 1157 5070 differri
1206 5016 1402 5071 Christi
1445 5025 1758 5086 mysterium
1785 5057 1799 5079 ,
1830 5019 1878 5071 id

285 5091 418 5142 iram
463 5087 737 5156 appellat,
776 5085 918 5155 quod
948 5087 1124 5141 oratio
1169 5086 1286 5156 ejus
1324 5094 1467 5156 tunc
1501 5085 1706 5141 exitum
1772 5104 1879 5142 non

285 5157 526 5236 habitura
542 5155 696 5211 esset
732 5178 743 5211 :
774 5172 837 5211 ac
865 5172 1140 5236 quousque
1171 5155 1878 5236 ira.extendettdasitscis-

283 5230 473 5283 cilatur
501 5245 515 5278 :
545 5243 710 5298 quare
744 5229 1021 5298 sequentia
1061 5226 1138 5282 Sic
1177 5228 1418 5294 adjunxit
1451 5247 1464 5280 :
1493 5228 1546 5282 6.
1564 5226 1763 5282 Ciliabis
1789 5245 1882 5282 nos

284 5315 413 5367 pune
443 5300 804 5369 facrymarum,
829 5308 875 5350 et
906 5298 1102 5366 potabis
1133 5314 1224 5352 nos
1250 5299 1488 5369 lurrymis
1528 5300 1580 5352 in
1622 5315 1876 5353 mensura.

352 5370 581 5423 Christus
607 5369 755 5437 panis
779 5371 894 5422 vitw
922 5380 966 5420 et
998 5369 1233 5438 poculum
1250 5369 1584 5438 [aetum—In
1612 5374 1880 5427 communi

287 5439 413 5493 illttd
438 5481 455 5505 ,
488 5439 756 5509 Usqueun
781 5481 796 5503 ,
844 5440 1044 5494 dictum
1081 5447 1182 5511 est
1215 5458 1226 5492 :
1259 5455 1382 5493 nam
1430 5441 1496 5494 ad
1544 5441 1672 5495 illud
1713 5456 1881 5511 usque

287 5521 498 5578 tempus
534 5512 812 5579 prOphetaa
856 5525 1048 5579 panem
1080 5510 1435 5580 lacrymarum
1465 5520 1519 5566 et
1567 5519 1747 5580 potum
1789 5510 1882 5566 Su-

282 5570 1058 5652 tnobant{Inlinnnmn'genus
1087 5570 1430 5652 deplorantes
1450 5623 1463 5646 ,
1497 5570 1670 5637 donec
1718 5581 1880 5637 adve-

283 5654 432 5705 niens
485 5652 598 5720 ipse
625 5650 901 5716 Christus,
939 5653 1090 5719 panis
1130 5650 1252 5722 vita:
1279 5662 1335 5706 ct
1379 5653 1626 5722 poculum
1658 5652 1880 5710 effectus

281 5731 380 5776 est.
411 5722 779 5791 Congrucutcr
805 5730 985 5776 autem
1015 5722 1164 5783 illud,
1187 5721 1253 5776 In
1283 5721 1519 5776 mensura
1538 5763 1552 5788 ,
1582 5724 1875 5792 subjtmxil,

281 5791 572 5845 ostendens
600 5792 728 5845 nihil
757 5792 897 5860 apud
928 5793 1096 5846 Deum
1125 5795 1241 5848 sine
1273 5809 1547 5858 mensura,
1577 5791 1878 5850 scdomnia

280 5877 394 5916 cum
418 5864 598 5935 regula
628 5873 680 5918 et
709 5878 959 5917 mensura
1001 5878 1122 5919 esse
1147 5881 1160 5932 ;
1189 5866 1302 5920 sive
1344 5866 1419 5920 ira
1449 5867 1563 5921 sive
1593 5866 1872 5936 castigatio

1584 389 1648 448 ΙΝ
1687 382 2011 445 νειιιιωι
2051 379 2265 442 LXXIX
2278 423 2292 436 .

3481 380 3586 436 7:26

1987 513 2038 552 tn
2059 495 2337 551 hominum
2356 494 2636 550 utilitatem
2657 494 2943 551 inducitur.
2961 497 3012 552 7.
3030 495 3262 558 Posuisti
3277 511 3369 550 nos
3393 495 3446 550 in
3467 512 3589 550 eor.-

1983 568 2335 622 tmdictionem
2369 566 2546 620 vicinis
2571 568 2759 621 nostris
2776 609 2790 632 ,
2821 578 2868 621 et
2889 568 3082 622 inimici
3109 569 3270 622 nostri
3299 566 3581 622 subsanna-

1981 647 2160 691 verunt
2203 653 2315 692 nos.
2346 635 2576 692 Eosdem
2623 637 2770 708 ipsos
2798 653 2942 708 nunc
2981 653 3197 708 quoque
3246 637 3498 694 inimicos
3532 649 3590 694 et

1983 708 2190 762 vicinos
2233 708 2378 762 clare
2431 721 2612 762 sermo
2643 705 2958 764 'subindtcat
2987 705 3202 764 {donec
3242 709 3385 764 enim
3429 722 3588 764 sumo

1982 779 2191 833 distulit
2226 779 2516 832 adventum
2561 774 2847 844 Christus,
2896 779 2951 833 in
3005 779 3482 834 subsannationem
3536 789 3594 834 et

1983 853 2036 904 in
2064 848 2302 903 derisum
2331 847 2599 903 habebant
2620 847 2888 919 homines;
2920 851 3174 919 ipsosque
3196 850 3430 905 maxime
3457 862 3587 919 pro-

1984 919 2174 990 phetas
2197 928 2254 973 ut
2278 935 2383 974 non
2406 933 2630 974 veraces
2656 917 2956 986 habebant;
2976 917 3116 975 circa
3139 935 3200 974 ea
3229 933 3348 989 qua:
3373 919 3442 974 de
3463 917 3589 976 Sal-

1984 990 2183 1045 vatoris
2199 990 2428 1046 adventu
2449 990 2896 1059 pneuuntiabant:
2915 991 3023 1045 imo
3037 990 3200 1045 etiam
3217 991 3594 1045 contradictio-

1985 1076 2109 1132 nem
2134 1061 2207 1132 ab
2242 1060 2372 1132 ipsis
2401 1076 2520 1132 non
2550 1060 2721 1132 levem
2748 1061 3089 1132 sustinebant
3117 1061 3395 1132 propheta:
3419 1101 3435 1126 ,
3463 1075 3590 1132 cum

1989 1131 2064 1185 illi
2097 1129 2324 1189 aliorn'm
2354 1129 2948 1202 pse_ttdopropbetarutn
2991 1129 3233 1187 diversa’
3256 1131 3590 1202 narrantinni

1982 1216 2088 1270 ope
2110 1199 2407 1259 uterentur.
2432 1199 2598 1255 Forte
2623 1199 2785 1256 etiam
2813 1201 3296 1258 contradictionem
3323 1202 3510 1258 statuit
3532 1201 3586 1256 in

1982 1272 2360 1338 daimonibus,
2388 1271 2623 1333 inimicis
2663 1281 2718 1326 et
2765 1273 2956 1327 vicinis
3004 1273 3409 1342 spiritualibus,
3442 1273 3591 1328 clare

1983 1342 2312 1412 signiﬁcans,
2337 1343 2476 1398 sicut
2500 1342 2826 1398 domesticos
2856 1343 3021 1408 heris,
3056 1344 3124 1396 ita
3155 1344 3437 1398 daemonas
3468 1357 3594 1411 pro.

1983 1413 2161 1482 phetis
2181 1413 2454 1483 subjectos
2481 1425 2603 1476 esse
2621 1454 2638 1480 ,
2664 1413 2784 1483 qui
2810 1423 2989 1468 tatnen
3013 1413 3312 1483 aliquando
3337 1429 3405 1468 ex
3430 1428 3592 1468 arro-

1981 1484 2161 1554 gantia
2209 1482 2614 1540 contradicunt.-
2648 1482 2705 1538 8.
2749 1482 2973 1538 Domine
3000 1482 3138 1540 Deus
3169 1486 3439 1549 virtutum,
3472 1499 3595 1554 con-

1983 1553 2118 1608 certe
2158 1570 2284 1618 nos,
2315 1563 2362 1608 et
2406 1554 2614 1609 oslmde
2641 1554 2827 1622 [aciem
2850 1565 3021 1619 tuam,
3054 1563 3099 1608 et
3127 1556 3256 1609 salui
3289 1556 3494 1610 erimus.
3532 1553 3589 1608 Ιιι

1984 1623 2175 1707 eadem
2222 1634 2428 1708 perstat
2466 1624 2888 1708 supplicatione,
2922 1635 2980 1680 ut
3017 1626 3265 1708 ostendat
3296 1634 3492 1708 quanta
3522 1624 3596 1708 sit

1981 1697 2100 1778 ejus
2125 1695 2419 1778 necessitas
2437 1736 2453 1758 ,
2481 1695 2759 1778 simulque
2779 1711 2876 1778 nos
2901 1696 3106 1759 erudit,
3140 1713 3211 1752 ne
3235 1695 3419 1751 animo
3447 1695 3590 1778 dell:

1985 1765 2223 1830 ciamus.
2249 1766 2296 1822 "si
2330 1767 2554 1835 quando
2583 1766 2852 1838 postulata
2896 1781 3006 1822 non
3043 1781 3462 1838 consequamur,
3496 1765 3595 1838 sed

1983 1834 2444 1906 perseveremus:
2482 1837 2705 1892 omnino
2751 1837 2896 1893 enim
2944 1834 3369 1906 impetrabiinus.
3415 1834 3472 1892 θ’.
3505 1834 3598 1889 γε.

1983 1924 2132 1989 neam
2182 1908 2245 1962 de
2271 1907 2508 1980 Aigypto
2533 1908 2872 1975 transtulisti,
2901 1908 3093 1980 ejecisli
3129 1918 3304 1981 gentes
3324 1949 3340 1974 ,
3372 1915 3416 1963 et
3440 1907 3596 1978 plan-

1983 1987 2102 2033 tasti
2127 1995 2260 2034 eam.

2055 2049 2239 2104 2.-llic
2263 2058 2482 2118 enarrat
2508 2056 2764 2118 quantam
2790 2049 2930 2106 Deus
2957 2065 3139 2104 curam
3174 2049 3425 2105 habuerit
3450 2048 3593 2103 circa

1981 2119 2211 2202 salutem
2246 2112 2473 2202 _Judaici
2515 2112 2723 2202 populi.
2753 2119 3221 2202 Quemadmodum
3258 2120 3598 2202 anaticulo-

1985 2207 2088 2247 nus
2108 2232 2124 2250 .
2158 2199 2217 2246 nt
2241 2188 2530 2245 fecundam
2560 2200 2608 2244 et
2636 2188 2956 2246 feraciorem
2987 2191 3203 2246 vineam
3234 2191 3434 2245 efliCiat
3453 2233 3468 2256 ,
3498 2205 3590 2245 sc-

1984 2258 2090 2319 mel
2123 2262 2267 2315 illam
2296 2270 2354 2316 et
2380 2261 2571 2316 iterum
2615 2261 2909 2317 transfert:
2941 2261 3022 2317 sic
3047 2263 3190 2316 Deus
3233 2261 3484 2316 Israelem
3520 2277 3585 2314 ex

1986 2340 2129 2388 terra
2150 2330 2523 2414 Chaldaaortun
2547 2345 2650 2414 per
2672 2332 3036 2414 Abrahamum
3066 2333 3119 2387 in
3148 2342 3346 2414 terram
3381 2331 3593 2386 Chanao

1985 2418 2227 2458 nieorum
2251 2401 2505 2468 deduxit;
2545 2401 2676 2458 inde
2724 2417 2821 2472 per
2867 2403 3126 2458 Jacobum
3176 2405 3228 2457 in
3255 2402 3591 2472 Egyptum;

1983 2475 2204 2529 demum
2253 2474 2374 2529 illos
2417 2474 2572 2544 quasi
2615 2473 2668 2528 in
2720 2489 2907 2530 arvum
2953 2475 3148 2544 pingue
3191 2475 3260 2529 ad
3293 2485 3490 2528 terram
3514 2474 3596 2544 ab

1985 2545 2139 2616 initio
2169 2543 2488 2616 promissam
2528 2543 2703 2600 duxit.
2737 2544 2846 2601 Nec
2883 2543 3067 2616 modo
3093 2547 3261 2614 ipsam
3287 2543 3553 2616 plantavit
3576 2584 3592 2603 ,

1985 2615 2080 2671 sed
2107 2613 2272 2670 etiam
2318 2613 2612 2670 radicavit:
2643 2616 2695 2670 id
2737 2625 2824 2670 est
2868 2615 3080 2670 radices
3115 2613 3194 2670 illi
3229 2613 3594 2684 iit—profundo

1984 2687 2186 2757 posuit,
2219 2695 2405 2756 utpote
2435 2703 2555 2756 quae
2577 2701 2681 2740 non
2706 2687 2845 2742 ultra
2877 2685 3254 2742 transferenda
3281 2683 3447 2740 esset.
3481 2683 3591 2739 Nec

1984 2758 2134 2839 prius
2171 2757 2220 2811 id
2263 2765 2598 2839 exsequutus
2631 2767 2948 2839 est,_quam
2978 2767 3171 2827 gentes
3210 2757 3418 2839 incolas
3439 2757 3592 2826 quasi

1985 2828 2192 2910 Spinas_
2221 2828 2525 2910 erui-sisset.
2558 2828 2920 2910 Quamobrem
2960 2844 3224 2910 prospere
3244 2829 3390 2910 egit,
3422 2839 3480 2880 ut
3503 2841 3592 2882 sc-
3671 2875 3688 2890 κ

1986 2897 2278 2968 quentibus
2321 2898 2653 2953 declaraviL'
2676 2900 2764 2954 ltl.
2813 2898 2932 2954 Dus;
2964 2897 3164 2956 itineris
3196 2897 3339 2969 fuisti
3369 2899 3422 2951 in
3471 2913 3599 2951 cou-

1985 2980 2164 3048 speclu.
2187 2971 2316 3048 ejus.
2341 2969 2459 3036 Quo
2486 2970 2682 3048 pacto?
2709 2971 2810 3024 l’er
2832 2971 3012 3048 dolatu
3042 2970 3247 3048 legem,
3271 2979 3325 3024 et
3351 2969 3592 3048 gentium

1989 3040 2436 3112 internecionem.
2491 3041 2557 3094 Et
2579 3041 2848 3112 Aplantasti
2866 3041 3075 3112 radices
3121 3040 3252 3112 ejus,
3286 3049 3330 3094 et
3374 3040 3599 3112 implevit

1987 3120 2198 3182 terram.
2223 3110 2394 3182 Radix
2413 3126 2542 3166 vero
2569 3110 2807 3167 Judaica:
2825 3111 2996 3166 vineae
3017 3110 3150 3166 sunt
3166 3113 3399 3182 Moyses,
3416 3111 3594 3173 .lcsus,

1989 3181 2242 3247 Phincos,
2262 3181 2504 3236 Eleazar.
2532 3182 2592 3235 lli
2623 3191 2822 3236 terram
2848 3183 3046 3252 pietate
3070 3187 3164 3239 sua
3185 3181 3551 3250 impleverunt
3577 3201 3590 3235 :

2027 3267 2330 3322 uocumque
2371 3254 2514 3306 enim
2568 3253 2783 3307 illorum
2830 3256 3055 3310 virtutes
3101 3255 3455 3308 transierunt.
3505 3254 3594 3306 ll.

1987 3269 2203 3377 ἳὴιενιιίι
2227 3333 2417 3377 montes
2455 3324 2636 3377 umbra
2655 3325 2799 3377 eius.
2823 3334 2870 3377 et
2894 3324 3102 3377 arbusta
3125 3326 3239 3377 eius
3275 3324 3454 3377 cedro:
3481 3321 3593 3375 Dei.

2042 3327 2203 3390 peruit
2227 3321 2417 3396 montes
2455 3324 2636 3396 umbra
2655 3325 2799 3396 ejus,
2823 3334 2870 3378 et
2894 3324 3102 3396 arbusta
3125 3326 3239 3395 ejus
3275 3324 3454 3396 cedros
3481 3321 3593 3375 Dei.

1990 3395 2199 3450 Montes
2231 3403 2355 3448 sunt
2396 3394 2525 3462 justi
2581 3394 2706 3461 Ilei',
2734 3397 2805 3449 ob
2831 3396 2954 3448 vita:
2996 3394 3212 3450 illorum
3257 3395 3597 3448 altitudinem

1987 3476 2045 3519 ct
2096 3466 2516 3519 sublimitatem:
2549 3465 2819 3534 iidemque
2865 3465 2965 3533 ipsi
3003 3466 3151 3520 cedri
3198 3475 3326 3530 sunt
3371 3482 3383 3517 :
3416 3464 3600 3517 Justus

1991 3536 2134 3590 enim
2173 3547 2227 3589 ut
2275 3535 2447 3604 palma
2470 3537 2700 3605 ﬂorebit,
2730 3537 2859 3589 sicut
2889 3536 3070 3590 cedrus
3113 3537 3165 3590 in
3195 3535 3392 3589 Libano
3422 3535 3594 3586 tnuiti~

1991 3607 2260 3675 plicabitur
2287 3605 2461 3676 (Psal.
2492 3606 2582 3661 9i.
2619 3607 2724 3672 15).
2757 3606 2866 3660 llos
2902 3608 3113 3676 operuit
3145 3609 3330 3660 umbra
3355 3605 3596 3676 iudaice

1990 3674 2184 3742 vinem,
2217 3674 2413 3746 nempe
2451 3679 2571 3744 lex,
2593 3674 3048 3746 quemadmodum
3088 3679 3163 3732 ait
3195 3677 3391 3731 Paulus
3420 3695 3433 3730 :
3469 3674 3600 3730 Um-

1990 3749 2132 3802 bram
2153 3749 2341 3803 habens
2363 3749 2444 3818 lez
2469 3753 2758 3818 futurorum
2783 3748 3032 3801 bonorum
3053 3789 3066 3812 ,
3097 3766 3197 3802 non
3222 3749 3387 3816 ipsam
3417 3747 3599 3816 integi-

1991 3836 2104 3872 nem
2130 3836 2298 3873 rerum
2333 3816 2518 3889 (Hebr.
2544 3818 2632 3873 10.
2664 3819 2741 3886 1).
2771 3820 3003 3873 Arbusta
3034 3819 3298 3890 intelliges
3325 3818 3600 3887 propheti-

1989 3904 2083 3942 cas
2142 3891 2441 3954 dictiones,
2499 3905 2619 3959 qua:
2666 3894 3045 3957 operantium,
3088 3906 3186 3946 ceu
3239 3892 3597 3959 agricolarum

1989 3962 2212 4015 arbores
2251 3960 2541 4015 colentium
2587 3961 2873 4014 virtutibus
2905 3961 3163 4016 sublimes
3203 3961 3432 4026 euecto,
3473 3974 3600 4028 pro-

1993 4032 2164 4099 prium
2210 4031 2467 4085 exhibent
2522 4029 2778 4084 fructum.
2839 4031 2966 4085 lla-c
3031 4032 3210 4101 itaque
3247 4032 3423 4101 justas
3466 4046 3596 4101 opo-

1989 4113 2246 4162 ruerunt,
2281 4116 2388 4155 non
2445 4102 2515 4154 ita
2555 4110 2612 4155 ut
2660 4102 3028 4166 occultarent;
3075 4100 3168 4157 sed
3218 4100 3288 4156 ita
3326 4110 3382 4156 ut
3416 4101 3484 4154 ah
3525 4100 3602 4155 eis

1991 4173 2382 4226 incredulitatis
2463 4174 2702 4243 algorcm
2745 4182 2873 4243 haut
2935 4175 3324 4243 cujuscumque
3395 4173 3599 4241 peccati

1989 4254 2178 4296 a-stum
2220 4243 2540 4297 climiuarCI.
2601 4242 2686 4296 l2.
2739 4241 2979 4297 Extendit
3023 4241 3255 4312 palmitis
3297 4260 3416 4297 suos
3447 4259 3601 4310 usque

1989 4314 2057 4385 ad
2103 4330 2275 4376 mare,
2308 4323 2353 4366 et
2390 4330 2548 4380 usque
2577 4314 2644 4385 ad
2683 4314 2902 4382 ﬂumina
2940 4317 3245 4385 prOpagt'nes
3273 4317 3402 4381 ejus.
3457 4313 3602 4366 Maro

1989 4384 2119 4438 dicit
2187 4385 2507 4454 baptismum
2537 4425 2552 4449 ,
2602 4383 2821 4437 flumina
2876 4383 3174 4452 peculiares
3213 4385 3597 4455 expiationes;

1991 4456 2273 4524 palmites,
2322 4471 2387 4508 ex
2431 4455 2624 4522 quibus
2661 4470 2779 4507 uva:
2825 4467 3138 4518 nascuntur,
3172 4466 3429 4524 quotquot
3478 4457 3600 4507 vita:

1991 4527 2232 4580 instituto
2289 4525 2606 4594 conspicuos
2646 4525 2955 4579 Judccorum
3005 4527 3233 4594 populus
3284 4526 3488 4580 habuit.
3536 4525 3596 4579 Hi

1989 4612 2094 4650 non
2161 4596 2212 4650 in
2259 4597 2430 4659 mari,
2475 4595 2569 4649 sed
2622 4610 2790 4666 usque
2854 4596 2921 4649 ad
2983 4613 3133 4651 mare
3179 4596 3389 4650 extensi
3439 4606 3599 4660 sunt,

1990 4678 2209 4736 propter
2254 4669 2480 4721 virtutes
2525 4682 2650 4720 Suas
2697 4673 2864 4735 pmpe
2915 4666 3165 4734 baptismi
3206 4669 3432 4737 gratiam
3479 4683 3602 4736 pro-

1986 4738 2178 4807 gressi.
2208 4738 2480 4807 Quotquot
2503 4745 2681 4791 autem
2714 4742 3032 4806 propagines
3073 4737 3310 4802 fuerunt,
3347 4751 3451 4791 non
3487 4738 3601 4805 pal-

1989 4809 2169 4872 mites,
2227 4809 2320 4863 sed
2369 4809 2641 4879 palmitum
2683 4809 3007 4872 imitatores,
3061 4809 3298 4879 legisque
3339 4809 3600 4877 justitiam

1989 4895 2100 4947 prie
2148 4895 2208 4934 se
2255 4881 2529 4943 ferentes;
2573 4878 2626 4932 hi
2672 4894 2845 4947 usque
2896 4879 2964 4932 ad
3011 4878 3254 4944 ﬂumina,
3301 4879 3602 4949 peculiares

1989 4965 2182 5020 nempe
2219 4949 2590 5018 expiationes,
2639 4951 2847 5004 extensi
2896 4961 3043 5015 sunt,
3099 4966 3204 5004 non
3243 4952 3308 5005 iis
3368 4950 3597 5017 purgati,

1989 5022 2082 5075 sed
2125 5036 2184 5075 se
2211 5032 2465 5091 purgatos
2499 5021 2890 5075 existimantes.
2923 5022 3010 5076 15.
3056 5020 3122 5076 Ut
3145 5021 3267 5090 quid
3305 5019 3602 5074 destruxiin

1988 5095 2262 5144 maceriam
2289 5095 2418 5161 ejus,
2464 5101 2510 5144 et
2554 5091 2861 5145 vindemiant
2889 5109 3002 5145 eam
3040 5108 3233 5157 omnes,
3276 5094 3361 5162 qui
3391 5100 3599 5162 pra-terf

1988 5167 2290 5232 grediuntttr
2315 5167 2444 5215 viam
2463 5164 2488 5214 ?
2516 5163 2739 5216 Maceria
2761 5162 2999 5217 Judaicm
3023 5164 3193 5218 vinea:
3217 5165 3302 5217 lex
3331 5172 3432 5216 est.
3469 5161 3521 5215 ld
3550 5161 3596 5214 si

1989 5249 2096 5286 non
2143 5234 2356 5300 eredas,
2403 5233 2530 5288 and}
2578 5233 2766 5288 Isaiam
2799 5234 3109 5288 dicentem:
3151 5233 3309 5288 Vinea
3353 5236 3488 5304 facta
3527 5241 3602 5285 est

1989 5305 2194 5369 dilecto,
2230 5307 2281 5356 in
2323 5322 2516 5376 cornu,
2543 5306 2592 5358 in
2622 5305 2732 5358 loco
2759 5306 2939 5376 pingui
2973 5305 3126 5376 (Isai.
3174 5305 3226 5359 5.
3266 5306 3318 5375 l)
3350 5322 3362 5355 :
3392 5313 3446 5356 et
3477 5318 3598 5376 rur-

1989 5389 2129 5439 sum,
2168 5377 2444 5430 Materiam
2473 5375 2816 5443 circumposui
2834 5374 3053 5445 {legem
3076 5392 3204 5430 vero
3225 5374 3386 5438 dicit;
3419 5385 3463 5427 et
3491 5374 3601 5426 val-

1989 5447 2090 5499 lari
2112 5463 2130 5509 ;
2154 5448 2360 5500 scilicet
2384 5449 2698 5516 prazceptis;
2741 5457 2786 5500 et
2821 5449 3048 5513 plantari
3076 5449 3275 5500 vineam
3305 5445 3520 5508 Sorech,
3553 5453 3601 5496 et

1988 5518 2238 5583 wrli/icavi
2271 5520 2446 5570 turrim
2482 5519 2535 5570 in
2570 5518 2736 5588 medio
2769 5521 2910 5588 ejus;
2953 5534 3149 5586 nempe
3178 5517 3509 5588 Jerusalem;
3555 5524 3603 5567 et

1991 5588 2216 5640 torcular
2254 5589 2378 5659 fodi
2423 5589 2476 5640 in
2529 5605 2590 5640 ca
2616 5587 2856 5658 (Ibidro.
2903 5587 2996 5659 2);
3049 5591 3256 5644 scilicet
3303 5587 3600 5659 templum:

1988 5659 2182 5713 deinde
2201 5658 2381 5730 adjicit
2413 5677 2425 5712 :
2454 5659 2590 5725 Quid
2613 5657 2798 5725 faciam
2825 5657 3025 5715 vineis?
3055 5661 3300 5730 Auferam
3325 5657 3599 5730 maceriam

1988 5731 2124 5798 ejut,
2147 5739 2192 5782 et
2215 5729 2307 5781 erit
2335 5731 2386 5781 in
2414 5730 2747 5802 direptionem
2777 5730 2938 5802 (Ibid.
2967 5747 3011 5784 υ.
3044 5728 3306 5797 4).'ilanc
3327 5728 3599 5802 destruxit

1991 5805 2300 5872 tuacet'iatn,
2343 5800 2556 5868 quando
2585 5801 2634 5853 in
2666 5800 2941 5872 Christum
2975 5811 3279 5872 peccat‘ttut.
3315 5801 3405 5869 qui
3450 5801 3596 5872 ipsos

1990 5871 2118 5940 lege
2139 5870 2451 5936 vallaverat,
2493 5881 2546 5926 et
2586 5870 2986 5928 vindemiantur
3013 5889 3040 5926 a
3090 5870 3593 5944 pertranseunlibus
