4066 6468
495 352 592 409 751
1989 342 2257 401 ειιιςιιιιι.

498 467 740 523 inimicos
772 464 1100 527 tribulautes,
1126 464 1348 534 illosque
1366 461 1474 534 sub
1503 472 1842 531 conspectum
1866 475 1969 514 non
1987 475 2075 514 ca-

494 543 682 593 dentes
710 536 1033 600 liumiliavit;
1072 536 1165 589 sed
1211 532 1313 587 nou
1356 532 1660 589 Iudaeorum
1688 545 1879 586 causa:
1908 545 2073 589 cornu

495 621 725 677 namque
755 608 1055 660 dtemOnum
1100 605 1389 677 etiamnum
1432 610 1593 677 super
1624 600 1740 677 illos
1763 602 2070 677 tutabatur;

493 676 587 733 sed
617 670 667 730 in
696 686 934 730 nostrum
970 676 1205 744 gentium
1252 674 1474 744 gratiam
1519 670 1777 744 humiliati
1807 679 1950 744 sunt,
1984 671 2073 740 qui
2124 724 2127 729 _

496 747 624 817 ipsis
650 747 957 819 servitutem
976 741 1316 819 negavimus1
1339 756 1628 819 eorumque
1648 741 1846 819 cultum
1868 741 2076 819 desint.

496 811 688 871 simus.
712 811 1071 884 Quamobrem
1095 815 1261 868 iratus
1291 813 1489 869 Judmis
1509 812 1648 884 Deus
1667 811 2074 884 ipsosinimicos

495 888 594 941 sibi
626 878 828 949 statuit,
880 894 936 938 ut
977 884 1249 955 sequentia
1276 884 1596 955 declarant:
1628 879 1715 934 16.
1742 878 1944 955 Inimici
1973 879 2077 955 Do-

495 958 619 1009 mini
642 956 831 1009 mentiti
874 963 988 1008 sunt
1018 950 1081 1019 ei,
1122 965 1171 1008 et
1209 954 1303 1006 erit
1346 963 1539 1022 tempus
1576 968 1752 1022 eorum
1788 950 2071 1022 in_sa'cula.

494 1026 717 1085 Inimici.
742 1025 993 1093 quinam?
1012 1018 1097 1079 De
1132 1025 1321 1094 quibus
1351 1018 1808 1094 Paulus_dicebat_:
1835 1018 2075 1094 inimicos

494 1098 655 1149 crucis
684 1089 890 1161 Christi,
915 1110 1127 1164 quorum
1150 1089 1277 1164 ﬁnis
1290 1092 1551 1164 interitnsi
1564 1090 1756 1164 I’ltilip.
1770 1091 1829 1164 >5.
1845 1089 1939 1164 _18_.
1962 1090 2071 1160 I9).

494 1165 724 1234 Ideoque
754 1160 961 1232 tempus
996 1160 1202 1234 eorum,
1232 1163 1281 1217 id
1311 1171 1413 1227 est,
1445 1160 1657 1215 ultionis
1684 1161 1811 1234 ipsis
1844 1161 2078 1214 inferen-

492 1238 598 1301 tlte,
630 1229 680 1288 in
711 1229 886 1288 futuro
911 1236 1107 1288 sarculo
1127 1233 1241 1288 fore
1259 1235 1612 1287 comminatus
1643 1240 1743 1285 est.
1774 1229 1827 1301 In
1851 1245 1956 1299 quo
1980 1246 2077 1282 au-

496 1300 599 1358 tem
627 1305 835 1358 mentiti
865 1304 1023 1360 sunt?
1052 1305 1183 1372 Quia
1222 1304 1351 1371 ipse.
1377 1304 1443 1357 ad
1489 1302 1631 1361 illos,
1681 1311 1735 1353 ut
1764 1300 1829 1353 ad
1864 1302 2072 1372 propria

492 1376 656 1440 venit,
684 1373 746 1427 Et
762 1374 841 1427 sui
853 1390 989 1437 eum,
1012 1369 1169 1428 ut‘ait
1187 1369 1440 1437 Joannes,
1465 1388 1564 1425 non
1582 1380 1875 1440 receperunt
1893 1369 2071 1439 (Joan.

492 1447 545 1501 1.
587 1439 696 1515 11).
732 1445 816 1499 17.
848 1443 1159 1515 (.‘ibuoiteos
1185 1459 1250 1515 ea:
1276 1444 1428 1511 adipe
1452 1442 1711 1515 frumenti,
1757 1450 1804 1493 et
1841 1439 1904 1492 tle
1934 1450 2075 1515 petra

490 1516 638 1590 melle
654 1510 1023 1590 ξςςιιιιηιιιίιςοεἶ
1054 1513 1197 1590 Ipsis
1210 1514 1309 1567 hoc
1332 1510 1619 1590 exprobrat
1642 1510 2075 1590 narr:insquibtt_s

491 1586 664 1639 ειπεριί
690 1584 980 1646 beneﬁciis,
1011 1580 1199 1655 ingrati
1224 1580 1547 1655 manserint,
1561 1596 1659 1650 per
1677 1580 1945 1655 sensibilia
1969 1582 2079 1648 sp”.-

491 1656 700 1709 ritualia
743 1649 1104 1709 subindicaus.
1149 1653 1423 1709 Frumenti
1464 1649 1609 1707 enim
1652 1650 1860 1719 adipem
1904 1649 2073 1720 legem

491 1737 667 1789 vocat,
698 1725 766 1778 ob
792 1725 1035 1793 spiritum
1066 1724 1444 1779 inhabitantem
1468 1724 1519 1777 in
1543 1723 1689 1775 litera
1716 1739 1729 1774 :
1754 1729 2078 1793 quapropter

492 1796 545 1851 in
573 1795 679 1851 alio
705 1792 914 1849 Psalmo
936 1797 1029 1860 ait,
1053 1792 1152 1858 Qui
1178 1795 1344 1861 posuit
1370 1795 1496 1861 ﬁnes
1522 1803 1633 1861 tuos
1650 1806 1840 1861 pacem,
1862 1798 1905 1843 et
1921 1792 2077 1861 adipe

495 1867 736 1938 frumenti
762 1866 985 1938 satiatute
1016 1860 1184 1938 (Psal.
1210 1865 1332 1938 M'l.
1452 1860 1609 1938 [14]).
1641 1860 1918 1938 Quodnam
1947 1860 2073 1915 illttd

492 1931 563 1990 {sit
601 1938 651 1990 in
682 1931 1033 2001 sequentibus
1062 1933 1249 1989 docet:
1286 1936 1384 1999 Qui
1411 1931 1591 1987 emittit
1632 1931 1888 2001 eloquium
1925 1947 2073 1983 suum

490 2016 639 2060 terra:
656 2003 817 2073 (Ibid.
839 2020 885 2058 υ.
904 2006 954 2077 4.
977 2002 1023 2077 [1
1035 2002 1134 2075 5]).
1153 2004 1255 2077 Mel
1271 2018 1508 2077 namque
1530 2018 1591 2056 ex
1621 2010 1765 2071 petra
1790 2002 2075 2077 prophetas

495 2070 764 2145 appellat:
795 2070 1043 2144 quoniam
1072 2070 1116 2127 ’ἐι
1160 2074 1389 2138 Christo,
1420 2070 1506 2143 qui
1540 2070 1686 2142 petra
1716 2080 1817 2135 est,
1851 2070 2077 2145 prephe-

494 2140 616 2200 tiain
646 2140 858 2206 habent.
888 2160 991 2215 qua
1024 2145 1167 2213 ipsos
1196 2146 1409 2203 satiavit
1438 2140 1597 2215 Dens.
1626 2140 2072 2215 nonprophetam

493 2232 655 2270 unum
682 2215 817 2270 dans
845 2211 935 2270 aut
960 2211 1205 2279 alterum,
1234 2216 1327 2271 sed
1349 2214 1543 2269 multos
1571 2215 1622 2267 in
1650 2211 1827 2265 multis
1852 2225 2074 2280 genera-

492 2287 745 2341 tionibus.

745 2358 795 2411 1.
828 2354 1118 2411 Intellectus
1145 2354 1339 2424 Asaplt.
1375 2352 1613 2409 Psttlmus
1644 2366 1829 2424 ursi.

563 2426 748 2500 Brevis
769 2427 1148 2500 est__inscriptio
1168 2421 1365 2500 Psalmi
1389 2442 1402 2478 :
1436 2424 1536 2500 hoc
1560 2424 1699 2477 enim
1728 2421 1887 2500 habet
1915 2435 2072 2500 argu-

491 2492 767 2551 mentum':
798 2490 1221 2561 adhortationem
1246 2496 1311 2549 ad
1332 2494 1592 2564 justitiam
1621 2503 1674 2546 et
1701 2490 2072 2564 reprehensio-

492 2582 635 2630 nem,
664 2566 804 2635 quod
834 2565 915 2620 his
936 2581 1039 2619 non
1065 2562 1391 2635 adlimreatit.
1419 2563 1555 2617 Deus
1583 2564 1712 2635 stetit
1738 2562 1789 2615 in
1816 2578 2073 2635 synagoga

491 2631 714 2702 deorum,
746 2636 798 2690 in
818 2636 980 2689 medio
1007 2646 1176 2689 autem
1204 2637 1322 2690 deos
1349 2634 1613 2704 dijudicat.
1647 2632 1829 2704 Magna
1848 2631 1967 2684 haec
1991 2640 2075 2685 est

494 2708 585 2759 Dei
605 2722 727 2776 erga
754 2721 852 2761 nos
882 2704 1222 2776 liberalitatis
1239 2704 1640 2776 demonstraui),
1659 2703 1782 2776 quia
1800 2716 1947 2776 suam
1974 2716 2072 2769 ap-

492 2773 831 2847 pellationem
867 2774 1078 2847 e'piiieio
1101 2775 1286 2847 Dpil‘ex
1329 2774 1534 2847 indidit.
1574 2773 1642 2847 ξι
1671 2773 1783 2847 ipse
1815 2774 1952 2825 Deus
1982 2786 2074 2839 per

491 2844 857 2901 excellentiam
883 2844 1075 2907 dictus,
1097 2846 1235 2900 hanc
1256 2846 1481 2913 gratiam
1503 2844 1823 2913 quibusdam,
1845 2856 2070 2913 conces-

489 2917 579 2975 sit.
605 2926 659 2969 ut
683 2916 930 2971 similiter
948 2911 1299 2978 vocarentur;
1330 2914 1395 2969 iis
1425 2911 1615 2983 nernpe
1636 2914 1723 2982 qui
1750 2911 2074 2983 principatus

488 2988 799 3054 dignitatem
844 2985 1139 3041 secundum
1182 2985 1353 3039 zelum
1402 2984 1493 3038 Dei
1544 2981 1778 3054 omnium
1821 2981 2072 3054 principis

492 3052 706 3123 habent,
751 3066 805 3111 et
842 3068 1075 3111 servant.
1120 3055 1473 3122 Quamobrem
1510 3068 1651 3108 IIth
1688 3052 1819 3107 deos
1870 3052 1988 3123 illos
2041 3066 2071 3106 e

494 3122 699 3196 populo
745 3128 832 3196 qui
887 3126 1323 3196 praeminebant
1384 3123 1819 3196 appellavit,'de
1878 3122 2073 3196 quibus

490 3189 651 3251 etiam
678 3189 1045 3268 Littvses'dixit
1068 3213 1081 3268 ξ
1113 3193 1366 3268 Diisnon
1383 3189 1672 3268 niailedices,
1684 3203 1741 3268 _e_t
1762 3194 1826 3268 de
1845 3189 2073 3262 principe

492 3268 668 3349 ρετινυιὶ
693 3262 883 3346 tuin-on
908 3267 1040 3320 male
1061 3266 1275 3349 loqueris
1296 3264 1498 3349 Exod;
1519 3264 1611 3349 εξ.
1626 3262 1757 3349 g8).
1781 3262 1985 3349 AV'erumr
2006 3278 2071 3349 es

492 3333 597 3391 illis
625 3353 719 3393 eos
738 3335 827 3404 qui
850 3351 1063 3393 veraces
1087 3333 1231 3401 sunt,
1258 3345 1312 3389 et
1334 3336 1423 3404 qui
1448 3333 1756 3403 dignitatem
1784 3347 1931 3404 suam
1963 3348 2070 3387 non

489 3402 869 3471 ementiuntur,
910 3408 1108 3476 quique
1150 3402 1468 3476 prophetia),
1502 3402 1593 3459 aut
1635 3402 1939 3476 sacerdotii,
1982 3411 2075 3457 aut

490 3477 686 3532 ducum
712 3472 975 3532 exercitus
1001 3472 1312 3542 dignitatem
1344 3475 1617 3540 obtinent,
1656 3482 1802 3526 tanto
1827 3472 2074 3542 dignatur

491 3548 715 3613 honore,
744 3561 804 3609 ut
829 3555 934 3602 stet
964 3547 1016 3601 in
1058 3548 1268 3601 illorum
1298 3559 1595 3615 synagoga,
1624 3543 2069 3615 quemadmodum

489 3619 564 3671 ait
591 3618 891 3689 psalmista;
921 3631 1018 3689 eos
1045 3627 1221 3689 autem
1247 3613 1342 3689 qui
1367 3613 1466 3689 sibi
1493 3616 1729 3689 pra‘stito
1755 3613 1960 3689 honore
1988 3615 2070 3666 in-

491 3683 647 3757 iligna
679 3687 932 3753 iecerant,
976 3683 1028 3741 in
1060 3686 1233 3742 medio
1260 3683 1535 3757 dijudicat,
1566 3686 1669 3757 hoc
1700 3694 1810 3757 est,
1844 3685 1895 3737 in
1936 3697 2069 3737 con-

489 3754 675 3827 spectu
716 3758 889 3812 omnis
925 3766 1201 3821 creaturae,
1240 3754 1496 3826 dignitate
1534 3764 1589 3809 et
1628 3754 1811 3827 habitu
1852 3767 2073 3827 prorsus

488 3825 763 3882 donudans
792 3842 913 3887 eos,
952 3836 1006 3881 et
1048 3825 1348 3887 traducens.
1381 3827 1500 3896 quia
1531 3840 1652 3879 cum
1683 3826 1945 3893 imperare
1972 3825 2070 3877 de-

492 3900 750 3963 buissent,
775 3898 872 3964 ipsi
894 3906 1078 3952 contra
1099 3896 1349 3966 nequitia:
1370 3896 1593 3963 imperio
1613 3911 1670 3949 se
1696 3896 2032 3966 subjccerunt
2053 3912 2066 3960 ;

490 3983 626 4037 quos
669 3966 931 4037 propheta
942 3968 1119 4037 modo
1145 3965 1384 4034 corripit,
1424 3966 1583 4021 modo
1620 3969 1861 4037 hortatur
1890 3965 1941 4037 in
1981 3980 2070 4020 se-

488 4035 793 4109 quentibus.
824 4037 879 4091 2.
911 4035 1174 4109 Usquequo
1194 4037 1440 4109 iudicatis
1460 4036 1803 4109 iniquitatem,
1843 4045 1889 4088 et
1917 4036 2072 4109 facies

488 4106 803 4179 peccatorum
827 4106 1306 4179 sumitisH’ulchre
1350 4106 1495 4179 illud,
1523 4106 1811 4179 Usquequo,
1860 4106 2071 4179 puemi-

489 4176 578 4242 Sit,
610 4178 897 4233 ostendens
924 4178 1043 4233 illos
1062 4178 1116 4231 in
1145 4178 1418 4247 iniquitate
1443 4177 1533 4231 diu
1560 4176 1869 4247 persistere,
1898 4184 1949 4230 et
1972 4176 2066 4247 Dei

492 4250 823 4304 tolerantiam
850 4263 955 4303 non
1000 4246 1418 4317 persentiscere;
1450 4261 1513 4301 ac
1551 4247 1704 4300 nullo
1726 4246 1883 4299 modo
1917 4246 2075 4317 cogi-

492 4327 605 4373 tant
634 4328 839 4386 tempus
870 4314 1094 4374 transire
1122 4328 1281 4387 atque
1309 4327 1735 4387 pnctereurrere,
1763 4314 2071 4387 quoelapso

493 4392 699 4459 iniquos
740 4390 873 4459 ultio
909 4388 1120 4443 invadet
1149 4406 1161 4441 :
1191 4386 1516 4456 quapropter
1548 4386 1786 4455 judicant
1816 4386 2069 4459 iniquitaj

493 4455 621 4523 teni,
649 4469 703 4513 et
728 4458 887 4523 facies
916 4455 1251 4527 peccatorum
1274 4455 1509 4521 sumunt,
1538 4471 1661 4511 cum
1687 4463 1954 4527 oporteret
1978 4455 2085 4521 Dei

492 4531 806 4585 sententiam
860 4525 1054 4597 ubique
1102 4536 1273 4599 stare,
1304 4544 1420 4599 Διιιιι
1465 4526 1723 4597 justitiam
1771 4525 2068 4599 desiderat,

493 4602 717 4670 ideoque
738 4600 789 4653 in
813 4595 1037 4670 singulis
1059 4598 1267 4670 judiciis
1296 4595 1486 4652 faeiem
1509 4610 1661 4650 suam
1690 4595 2067 4670 reprtesent'at:

442 4710 445 4711 ν
493 4673 562 4725 ita
595 4665 651 4725 ut
690 4665 1101 4741 Moxses'dicat’:
1133 4668 1501 4741 Nonaccipies
1540 4681 1806 4741 persoan
1851 4667 1904 4741 in
1924 4665 2073 4734 judi-

493 4742 592 4807 cio,
623 4741 741 4809 quia
772 4736 985 4809 [mmini
1024 4748 1097 4793 est
1116 4738 1371 4808 judicium
1398 4736 1657 4809 (Dentri:
1700 4736 1812 4809 17).
1842 4736 1950 4809 Cur
1974 4751 2071 4809 αυτ

493 4806 598 4864 teut
635 4806 734 4876 ait,
761 4807 966 4862 Faciem
1006 4806 1321 4877 peccatorum
1362 4806 1556 4862 sumitis
1573 4806 1599 4860 .’
1626 4807 1759 4873 Quia
1782 4806 1956 4877 omnis
1980 4806 2068 4875 qui

485 4875 742 4951 justitiam
792 4875 1142 4951 corrumpere
1172 4878 1370 4943 studet,
1418 4887 1471 4932 et
1513 4878 1767 4946 judicium
1801 4875 2070 4951 adversus

494 4946 792 5019 proximum
818 4951 937 5003 ferri
980 4946 1188 5019 satagit,
1208 4963 1355 5019 rvere
1380 4957 1624 5019 peccator
1654 4955 1767 5019 est,
1800 4946 1921 5019 licet
1942 4946 2071 5015 justi

491 5017 726 5083 speciem
754 5034 861 5088 prae
890 5032 947 5072 se
976 5017 1131 5073 ferat.
1160 5017 1454 5088 Diapsalma
1484 5018 1706 5088 induxit,
1736 5018 1855 5086 quia
1884 5030 2071 5088 repre-

494 5086 885 5175 hensionemin
919 5090 1197 5175 consilium
1238 5086 1422 5142 mutat.
1528 5086 2071 5175 jl.ridicate‘pupijllo.let

493 5160 769 5232 mendico,
797 5158 1035 5213 humilem
1064 5168 1111 5211 et
1152 5159 1731 5232 pauperentjustiﬁcate.
1765 5156 1879 5232 Non
1910 5156 2036 5232 dicit
2055 5196 2074 5222 ,κ

494 5230 738 5309 Jttdicate
752 5230 895 5309 justo
915 5269 929 5293 ,
960 5244 1131 5309 neque
1158 5227 1457 5309 prophetae,
1491 5244 1658 5297 neque
1681 5228 1973 5309 sacerdoti,
2005 5227 2074 5282 de

496 5301 683 5369 quibus
704 5301 845 5353 Deus
865 5299 935 5353 ita
964 5298 1199 5369 prtecipit
1221 5317 1235 5353 :
1256 5298 1437 5353 Nolite
1457 5310 1659 5369 tangere
1681 5298 1894 5369 christos
1916 5314 2069 5361 meos,

494 5384 541 5422 et
567 5369 917 5440 iu_pr0pltst_is
957 5368 1078 5422 meis
1106 5369 1259 5422 nolite
1296 5368 1562 5440 malignari
1590 5368 1758 5439 (Psal.
1789 5368 1912 5440 104.
1956 5369 2070 5440 15).

495 5441 589 5495 sed
622 5437 831 5509 Pupilla
856 5437 1003 5509 dicit,
1045 5440 1309 5505 mendico,
1338 5437 1541 5503 humili,
1584 5437 1818 5507 pauperi.
1865 5438 2073 5504 Quare?

496 5510 627 5577 Quia
662 5508 765 5563 illis
796 5508 1007 5577 quidem
1047 5510 1299 5579 iniuriam
1321 5512 1559 5579 accipere
1601 5509 1868 5577 convenit,
1892 5524 2073 5576 quem-

496 5581 779 5635 admodum
832 5579 1023 5633 Paulus
1068 5578 1239 5635 dicit:
1273 5578 1441 5643 Quare
1483 5595 1583 5633 non
1632 5580 1792 5649 magis
1830 5580 2074 5647 injuria)»

496 5651 757 5719 accipitis?
776 5666 929 5719 quare
955 5667 1054 5703 non
1083 5651 1243 5719 magis
1272 5652 1501 5719 fraudein
1521 5651 1748 5718 patimini
1772 5650 1845 5717 (1.
1875 5649 1992 5703 Cor.
2017 5650 2071 5704 6.

499 5722 591 5789 7)?
622 5721 713 5774 llis
740 5735 867 5774 vero
890 5721 1221 5775 intolerabile
1246 5730 1326 5775 est
1356 5721 1599 5789 iujuriam
1627 5720 1751 5787 pati,
1779 5720 1848 5773 ob
1875 5720 2075 5773 instau-

498 5800 608 5848 tem
637 5806 700 5847 es
730 5798 883 5844 aetate
920 5802 1008 5846 aut
1039 5807 1102 5848 ex
1148 5792 1398 5863 pauperie
1441 5790 1801 5847 inﬁrmitatem
1834 5806 1845 5843 :
1886 5806 2072 5861 quam-

2148 4291 2152 4295 .
2174 4262 2450 4321 appetens,

3673 343 3801 401 73‘!

2186 463 2368 532 obrem
2423 462 2524 517 illis
2572 461 2837 532 lcgislator
2887 462 3253 517 vehementius
3302 461 3688 532 patrocinatur.
3723 461 3795 516 4.

2183 530 2383 601 Eripite
2397 530 2683 601 pauperem,
2709 544 2755 586 et
2777 549 2982 601 egenum
3005 534 3068 586 de
3084 547 3236 585 manu
3255 530 3528 599 peccatoris
3546 532 3797 591 liberate.

2181 604 2340 669 Quasi
2370 601 2437 656 de
2468 604 2594 657 feris
2615 604 2931 673 agresubus,
2960 603 3029 657 de
3066 603 3129 657 iis
3152 603 3241 673 qui
3274 605 3527 668 iniustitia
3558 612 3611 655 et
3644 616 3793 673 ava-

2181 673 2299 726 ritia
2332 670 2678 735 delectantur,
2727 674 2977 740 loquitur,
3010 670 3336 743 quapropter
3360 673 3483 726 alibi
3510 673 3582 725 ait
3617 690 3632 725 :
3679 670 3789 725 lno

2181 743 2392 796 sidiatur
2412 746 2463 796 in
2493 743 2780 797 abscondito
2801 746 2945 814 quasi
2968 743 3044 796 leo
3067 746 3119 796 in
3148 742 3389 814 spelunca
3408 760 3500 796 sua
3521 760 3540 795 :
3560 742 3796 814 insidia-

2181 822 2263 883 t_ur
2287 823 2341 865 ut
2365 814 2532 882 rapiat
2562 813 2833 883 pauperem
2864 813 3032 882 (Psal.
3061 814 3145 867 10.
3180 813 3256 881 9).
3290 813 3470 881 Itaque
3494 813 3581 881 qui
3617 827 3797 866 meno

2179 880 2354 953 dieum
2392 880 2585 953 servat.
2608 880 3187 953 pastorisdignitatem
3218 880 3397 953 atque
3422 884 3665 953 pretium
3682 898 3794 935 re-

2182 951 2313 1015 Iert;
2340 950 2844 1022 pastoris,inquam,
2864 950 3029 1013 illius,
3064 954 3155 1021 qui
3182 950 3523 1021 semetipsum
3555 952 3795 1007 tradi-ns

2182 1035 2278 1088 pro
2309 1024 2460 1073 nobis
2496 1036 2562 1073 ex
2597 1022 2958 1088 spit-itnallbus
2998 1038 3101 1091 nos
3139 1022 3267 1076 feris
3296 1023 3522 1089 eripuit;
3554 1024 3643 1091 qui
3671 1038 3789 1075 au-

2182 1102 2287 1144 tem
2316 1091 2452 1154 rapit
2473 1099 2525 1143 et
2547 1091 2804 1154 devastat,
2826 1092 2964 1146 inter
2986 1090 3123 1145 foras
3147 1103 3471 1147 numeratur.
3498 1090 3793 1147 Utautem

2180 1162 2231 1215 iu
2257 1160 2409 1214 nobis
2434 1161 2623 1229 injuria
2655 1161 2963 1215 ail‘ectorum
2994 1163 3342 1227 patrocinium
3365 1164 3643 1229 adaugent,
3678 1162 3794 1215 ad—

2178 1231 2332 1295 didit,
2372 1233 2454 1283 De
2482 1248 2633 1284 manu
2663 1233 2935 1300 peccatoris
2975 1231 3199 1296 liberate,
3229 1240 3284 1286 ut
3310 1232 3375 1285 ad
3405 1232 3791 1287 defensionem

2182 1303 2509 1372 festinemus,
2539 1301 2584 1355 si
2622 1301 2836 1371 quando
2876 1302 3148 1357 videamus
3179 1302 3422 1372 iniuriam
3453 1302 3790 1357 inferentem

2179 1371 2482 1435 inﬁrmum,
2535 1382 2588 1425 et
2637 1371 2755 1425 sine
2807 1371 3276 1427 commiseratione
3327 1387 3466 1428 esse.
3522 1373 3793 1427 Inlirm'us

2178 1442 2373 1510 quippe
2400 1452 2481 1496 est
2528 1452 2794 1511 peccator,
2846 1451 3028 1510 utpote
3054 1444 3141 1511 qui
3185 1444 3237 1496 in
3266 1442 3429 1497 Deum
3475 1443 3786 1512 impingat;

2179 1512 2294 1565 sine
2324 1513 2785 1567 commiseratione
2814 1525 3012 1575 autem,
3036 1518 3157 1581 quia
3187 1529 3253 1567 ne
3277 1513 3373 1567 sibi
3405 1514 3619 1581 quidem
3651 1527 3793 1579 par—

2179 1581 2270 1643 cit,
2300 1583 2494 1652 uedum
2522 1583 2696 1635 alteri.
2724 1582 2777 1636 5.
2808 1581 3106 1636 Nescierunt
3130 1599 3287 1652 neque
3313 1581 3689 1645 intellexerunt,
3722 1584 3791 1636 in

2181 1651 2391 1705 tenebris
2437 1654 2716 1705 ambulant.
2761 1652 2898 1718 Quid
2943 1651 3290 1708 nescierunt?
3318 1652 3602 1707 Prarteutis
3649 1654 3789 1707 vita:

2180 1732 2373 1775 Statum
2424 1720 2659 1788 ﬂuxum,
2710 1723 2954 1777 humanas
3003 1723 3121 1777 vita:
3166 1723 3595 1784 instabilitatem;
3648 1724 3786 1791 quia

2180 1806 2335 1856 agros
2357 1793 2519 1859 agris,
2550 1792 2795 1847 domibus
2818 1794 3007 1846 domos
3035 1794 3346 1861 adiungunt,
3380 1806 3629 1862 sa-peque
3658 1798 3788 1847 tta-c

2182 1862 2410 1916 inimicis
2436 1864 2545 1915 suis
2588 1862 2942 1917 accumulant.
2976 1862 3114 1930 Quid
3140 1873 3315 1917 autem
3345 1879 3445 1916 non
3492 1864 3789 1917 intellexe-

2180 1935 2340 1985 runt?
2372 1933 2518 2001 Ipsus
2553 1933 2694 1987 circa
2726 1933 2942 1987 minima
2970 1942 3276 2001 occupatos,
3320 1934 3610 2001 majoribus
3651 1948 3789 1988 sese

2182 2002 2461 2065 fraudare;
2490 2011 2815 2071 quapropter
2844 2004 2895 2056 in
2920 2003 3154 2067 tenebris
3195 2004 3444 2072 nequiti:e
3471 2004 3781 2068 ambulant,

2178 2072 2245 2125 ad
2277 2074 2445 2127 lucem
2469 2075 2727 2143 accedere
2744 2074 3117 2128 erubescentes
3142 2092 3153 2127 :
3182 2072 3359 2127 Omnis
3376 2074 3505 2126 enim
3520 2074 3607 2143 qui
3638 2074 3788 2126 muta

2179 2144 2301 2210 ngit,
2330 2144 2433 2195 odit
2474 2145 2634 2197 lucem
2672 2142 2851 2206 (Joan.
2886 2144 2936 2197 5.
2967 2143 3083 2211 9.0),
3130 2153 3186 2196 ut
3230 2143 3426 2197 Paulus
3462 2142 3611 2197 diett.
3649 2144 3787 2198 Ideo

2180 2215 2337 2283 etiam
2362 2214 2585 2267 fortasse
2613 2214 2853 2283 obiurgat
2876 2213 3012 2276 illos,
3037 2214 3176 2283 quod
3213 2216 3263 2267 iu
3302 2213 3538 2268 tenebris
3579 2214 3785 2267 ambu-

2181 2282 2369 2354 lantes.
2396 2284 2682 2337 nescierint
2698 2282 2869 2354 neqtte
2891 2282 3252 2354 intellexerint
3271 2284 3319 2337 id
3342 2283 3484 2353 quod
3505 2284 3781 2354 sequitur.

2181 2301 2369 2342 tantes.
2396 2301 2763 2337 nesCtertutne
2806 2301 2869 2337 tte
2891 2301 3252 2338 intellexerint
3271 2301 3319 2337 tu
3342 2301 3484 2353 quoa
3505 2301 3781 2354 sequitur.

2180 2352 2456 2416 Quodnam
2493 2354 2659 2407 illud?
2686 2301 2822 2407 Audi
2854 2373 2865 2408 :
2893 2352 3190 2407 Moneantur
3226 2355 3393 2407 omnia
3434 2354 3783 2421 fundamenta

2178 2432 2342 2477 term.
2369 2424 2519 2489 Quod
2550 2424 2591 2477 si
2627 2423 2963 2478 fundamenta
2992 2436 3148 2477 teme
3169 2436 3466 2483 mmemor,
3498 2425 3783 2492 quomodo

2184 2503 2433 2561 poterunt
2486 2495 2535 2548 in
2591 2494 2680 2547 illa
2736 2496 2994 2548 manere?
3048 2494 3143 2548 IIis
3204 2494 3274 2548 ita
3324 2509 3383 2547 se
3450 2493 3783 2550 habentibus

2177 2578 2274 2635 cur
2304 2562 2519 2635 fratrem
2551 2562 2878 2629 fraudamus,
2905 2580 2998 2618 cur
3014 2580 3238 2634 egenum
3266 2564 3618 2635 comedimus,
3644 2580 3778 2619 cuiu

2178 2632 2354 2688 nullus
2385 2633 2508 2705 hinc
2546 2635 2701 2705 nobis
2744 2636 2946 2689 l‘ructus
2983 2630 3221 2705 oriatur?
3265 2635 3316 2689 6.
3351 2630 3464 2705 Ego
3508 2635 3652 2702 dixi,
3696 2636 3783 2689 dii

2183 2706 2322 2769 estis,
2353 2714 2397 2757 et
2424 2704 2518 2773 ﬁlii
2544 2704 2746 2758 Excelsi
2773 2720 2964 2759 omnes.
2999 2706 3050 2759 7.
3079 2703 3180 2759 Vos
3202 2714 3367 2758 autem
3394 2703 3519 2758 sicut
3541 2706 3779 2759 homines

2178 2776 2480 2840 moriemini,
2504 2785 2549 2828 et
2567 2777 2691 2828 sicut
2711 2791 2840 2829 unus
2856 2777 2917 2829 de
2939 2775 3251 2845 principibus
3275 2774 3486 2831 cadetis.
3509 2775 3776 2839 Quando-

2177 2859 2299 2898 nam
2326 2860 2513 2900 omnes
2552 2860 2670 2899 esse
2700 2845 2830 2899 deos
2870 2855 2932 2900 et.
2966 2846 3102 2899 lilios
3134 2845 3391 2899 Altissimi
3432 2846 3729 2900 declaravit
3750 2847 3778 2900 ?

2175 2913 2292 2969 Non
2323 2917 2464 2969 enim
2489 2916 2717 2984 amplius
2743 2914 2810 2969 de
2837 2916 3164 2985 principibus
3192 2924 3417 2978 tantum,
3447 2915 3539 2970 sed
3560 2915 3630 2970 de
3657 2925 3779 2972 toto

2175 2999 2371 3054 genere
2426 2985 2659 3039 humano
2708 2987 2959 3054 loquitur.
3013 2985 3171 3040 Certe
3226 2986 3439 3054 quando
3494 2986 3774 3041 hominem

2176 3054 2472 3125 cliormavit
2518 3057 2687 3115 Deus.
2734 3057 3004 3125 dignitatis
3050 3056 3208 3111 talen:
3254 3056 3622 3111 deﬁnitionem
3675 3056 3778 3111 de-

2175 3124 2254 3180 dit
2296 3142 2309 3179 :
2342 3124 2619 3180 Faciamus
2662 3124 3027 3180 hominem-ad
3065 3127 3334 3197 imaginem
3375 3137 3422 3180 et
3469 3127 3775 3181 similitudi-

2178 3212 2290 3259 nem
2336 3207 2609 3260 nostram;
2651 3206 2700 3249 et
2745 3197 3066 3251 dominentur
3109 3196 3339 3251 omnibus
3382 3198 3601 3265 piscibus
3651 3214 3773 3250 nta-

2176 3270 2248 3321 ris
2265 3308 2280 3335 ,
2306 3276 2352 3320 et
2379 3267 2673 3339 volatilibus
2692 3267 3170 3339 ca‘litet‘jumentis
3187 3310 3201 3333 ,
3232 3276 3279 3339 et
3306 3270 3552 3339 unirersae
3594 3276 3771 3333 terre,

2175 3346 2224 3390 et
2252 3338 2484 3391 omnibus
2523 3338 2785 3408 reptilibus
2814 3336 2968 3407 (Gen.
3004 3339 3055 3393 I.
3084 3338 3198 3403 26).
3227 3337 3396 3403 Quod
3426 3341 3468 3390 si
3501 3340 3775 3394 custodis-

2176 3407 2332 3471 sent,
2380 3422 2477 3461 nec
2505 3407 2857 3463 inubedientia
2908 3408 3000 3464 Dei
3046 3408 3330 3477 imaginem
3360 3408 3771 3477 prodidissent,

2178 3492 2283 3530 non
2302 3487 2473 3531 morte
2492 3478 2725 3532 damnati
2746 3477 2988 3533 fuissent.
3002 3478 3334 3533 Contumelia
3352 3480 3493 3533 enim
3517 3480 3571 3533 iu
3597 3480 3771 3535 Deum

2176 3556 2259 3619 est
2283 3548 2761 3619 ejusmajestatem
2790 3549 3053 3617 ignorare,
3085 3558 3139 3603 et
3166 3548 3349 3604 eadem
3371 3551 3475 3619 pati
3503 3565 3621 3619 qum
3654 3552 3775 3606 dia-

2174 3616 2349 3672 bolus.
2393 3617 2747 3686 Quamobrem
2796 3616 2912 3684 ait,
2965 3621 3110 3674 Sicut
3158 3616 3386 3673 Itominei
3432 3616 3719 3675 moriemini
3749 3664 3769 3686 ,

2174 3688 2463 3743 ostendens
2493 3688 2776 3743 humanam
2820 3689 3122 3758 passionem
3162 3704 3283 3744 esse
3311 3698 3559 3745 mortem.
3610 3693 3786 3745 Atta-

2175 3774 2298 3813 men
2328 3758 2520 3815 licebat
2547 3775 2649 3812 non
2683 3762 2817 3812 mori
2839 3802 2851 3823 ,
2879 3760 2921 3813 si
2956 3760 3045 3813 Dei
3076 3761 3244 3829 legem
3276 3760 3344 3815 ab
3374 3762 3525 3815 initio
3548 3775 3770 3815 servas-

2174 3842 2384 3900 scmus;
2404 3840 2581 3884 nostra
2601 3831 2792 3898 quippe
2811 3839 2993 3884 natura
3012 3840 3292 3900 utrumque
3310 3830 3599 3885 habuisset.
3618 3832 3772 3886 Sicut

2174 3915 2325 3966 unus,
2355 3899 2543 3968 inquit,
2566 3900 2630 3953 de
2657 3901 2966 3969 principibus
2986 3899 3497 3965 cadetis,’diabolum
3526 3903 3773 3956 subindi-

2176 3986 2325 4035 cans,
2344 3972 2432 4039 qui
2451 3970 2702 4038 principis
2721 3974 3010 4039 potentiam
3026 3976 3163 4025 inter
3177 3972 3397 4037 angelos
3415 3984 3520 4025 sort
3531 3972 3766 4028 iebatur:

2174 4042 2518 4109 quamobrem
2561 4044 2635 4094 ait
2664 4040 2856 4094 Paulus
2880 4058 2893 4097 :
2929 4040 3048 4095 Non
3075 4052 3144 4095 est
3173 4041 3314 4095 nobis
3343 4041 3633 4095 colluctatio
3663 4043 3766 4096 ad-
3830 4082 3833 4085 -

2174 4126 2342 4164 versus
2367 4112 2664 4182 sanguinem
2684 4120 2729 4165 et
2754 4128 2975 4182 carnem,
3004 4112 3091 4164 sed
3118 4111 3357 4166 adversus
3372 4112 3690 4182 principatus
3718 4124 3771 4168 et

2174 4189 2441 4250 potestates
2480 4179 2701 4305 éEphes.
2750 4182 2803 4263 6.
2833 4181 2958 4248 12);
2992 4182 3201 4264 inﬂatus
3237 4179 3434 4265 autem.
3459 4194 3514 4237 et
3537 4179 3771 4255 ’Amajora

2174 4262 2450 4305 appetens.
2515 4252 2693 4305 ccidit.
2728 4251 2958 4305 Idtnsum
3001 4252 3199 4305 bonum
3240 4262 3489 4305 contum:
3518 4268 3640 4305 cum
3666 4270 3771 4305 au-

2515 4252 2693 4307 ecidit.
2728 4251 2958 4320 Idipsum
3001 4252 3199 4307 hemiui
3240 4253 3489 4321 contigit;
3518 4251 3774 4309 eumau-

2174 4321 2342 4375 disset
2377 4323 2519 4375 enim
2569 4321 2684 4376 htec
2724 4322 2986 4390 serpentis
3024 4324 3182 4376 verba
3228 4338 3243 4375 :
3296 4322 3419 4377 Scit'
3449 4324 3581 4376 enim
3624 4321 3773 4381 Deus

2174 4391 2309 4462 quod
2332 4408 2641 4463 quacumque
2668 4392 3101 4446 die-comederitis
3142 4408 3204 4446 ea:
3226 4409 3305 4457 eo,
3352 4392 3556 4448 scilicet
3598 4394 3768 4463 ligno,

2174 4463 2463 4531 aperientur
2488 4461 2623 4516 Oculi
2651 4463 2818 4528 vestri,
2840 4473 2886 4516 et
2911 4463 3049 4516 eritis
3074 4464 3197 4515 sicut
3226 4465 3317 4529 dii,
3344 4464 3553 4518 scientes
3581 4461 3772 4519 bonum

2176 4543 2222 4587 et
2247 4533 2441 4605 malum
2464 4531 2617 4602 (Gen.
2661 4532 2713 4586 5.
2745 4533 2799 4602 5)
2828 4548 2843 4586 :
2878 4532 3245 4605 inobcdieutie
3276 4549 3334 4588 se
3370 4533 3595 4605 dedidit,
3626 4537 3771 4591 unde

2177 4602 2480 4657 necessario
2503 4612 2784 4672 sequutum
2811 4612 2894 4658 est
2919 4619 3040 4658 eum
3071 4602 3131 4657 in'
3153 4604 3357 4658 ruinam
3388 4604 3576 4658 morbo
3601 4606 3772 4662 animi

2175 4676 2256 4727 sui
2284 4673 2516 4745 debitam
2542 4674 2823 4745 decidisse.
2850 4673 3121 4745 8..Surge,
3148 4673 3297 4745 Dens,
3341 4675 3514 4741 iudica
3553 4684 3765 4740 terram,

2175 4744 2415 4813 quoniam
2468 4753 2531 4815 tu
2578 4744 2888 4815 fllereditabis
2946 4745 3001 4798 in
3048 4744 3289 4815 omnibus
3336 4745 3582 4815 gentibus.
3646 4745 3769 4803 Non

2176 4822 2492 4884 prmsentem
2522 4814 2680 4884 igitur
2702 4813 3072 4877 hereditatem,
3119 4814 3213 4869 sed
3245 4813 3473 4869 futuram
3503 4816 3768 4883 propheta

2176 4883 2505 4956 ευιιὶιιόιιειιιΔ
2602 4883 2721 4956 ideo
2762 4885 2928 4956 Deum
2978 4896 3128 4953 rogat
3153 4896 3211 4938 ut
3236 4896 3439 4955 surgat,
3484 4897 3535 4941 et
3560 4886 3773 4956 judicet

2179 4963 2395 5019 terram,
2424 4953 2667 5009 videlicet
2697 4953 2968 5010 hominem
3004 4972 3019 5007 :
3045 4970 3167 5009 cum
3193 4953 3478 5010 snrrekerit
3503 4953 3681 5011 autem
3712 4957 3773 5016 in

2177 5026 2424 5079 omnibus
2452 5025 2697 5096 gentibus
2722 5023 3058 5096 bereditabit.
3111 5025 3373 5080 Omnibus
3406 5026 3602 5096 quippe
3638 5042 3772 5081 con-

2177 5104 2453 5168 gruentem
2480 5094 2572 5168 dat
2596 5104 2829 5168 sortem;
2853 5095 3008 5168 aliam
3040 5095 3347 5168 humilibus,
3376 5094 3767 5168 altam—tempe-

2179 5165 2449 5229 rantibus;
2484 5164 2621 5219 banc
2647 5164 2921 5235 beneﬁcis,
2952 5166 3095 5219 illam
3128 5166 3371 5230 nime-bis,
3398 5167 3554 5220 aliam
3581 5164 3766 5235 super-

2181 5234 2282 5316 bis,
2335 5235 2493 5289 aliam
2542 5234 2716 5316 avaris
2763 5252 2778 5288 :
2823 5246 3020 5316 gentes
3056 5238 3251 5305 quippe
3282 5238 3332 5289 in
3366 5238 3615 5315 praesenti
3650 5234 3766 5294 non

2180 5304 2499 5376 linguarum,
2532 5305 2626 5360 sed
2658 5306 2777 5359 vitae
2804 5304 3169 5361 diversitatem
3199 5304 3423 5362 vocavit.

2394 5417 2444 5470 1.
2479 5415 2740 5471 Canticum
2768 5414 2968 5471 Psalmi
2995 5418 3095 5489 ipsi
3122 5417 3317 5488 Asaplt.
3349 5434 3545 5473 Lxxxu.

2253 5509 2303 5562 1.
2332 5506 2748 5590 .Iurefanticum
2778 5517 2835 5590 et
2863 5509 3129 5590 Psalmum
3156 5510 3769 5590 prmseutemnarratio-

2182 5594 2303 5652 nem
2326 5578 2649 5652 appellavit;
2673 5581 2920 5652 quoniam
2942 5578 3254 5652 prophetiae,
3278 5596 3433 5648 quam
3458 5582 3772 5652 plerumque

2183 5650 2448 5705 Psalntnm
2468 5650 2733 5720 appellat,
2752 5650 3364 5720 canticumitriuutpltale
3389 5660 3573 5704 contra
3603 5650 3771 5720 quos-

2182 5721 2303 5773 dam
2332 5719 2575 5773 inimicos
2600 5718 2900 5775 admiscuit.
2922 5720 2977 5774 ‘2.
3015 5719 3170 5784 Deus,
3201 5722 3312 5788 quis
3332 5722 3511 5777 similis
3533 5718 3774 5776 erittibi.’

2183 5790 2295 5848 IIoc
2317 5788 2573 5863 propheta
2603 5789 2751 5857 dicit,
2782 5806 2885 5848 non
2915 5791 3250 5863 interrogans
3284 5790 3473 5864 (stulta
3505 5793 3647 5847 enim
3685 5792 3774 5848 in-
