4066 6498
313 378 424 434 τδδ

311 490 599 562 terrogatio
625 484 847 562 esset),
866 486 956 562 sed
988 484 1227 562 Numine
1256 481 1468 562 afﬂatus
1513 483 1826 562 immensam
1854 491 1909 537 et

311 553 907 632 ittcotitpagabilvin'liei
941 555 1356 632 tuagnittniincm
1403 553 1705 622 cht-i'ipsit.
1739 553 1909 632 Nemo

309 635 452 690 enim
483 624 540 686 se
568 630 678 683 Deo
709 629 946 681 onmium
979 628 1180 679 auctori
1210 626 1260 677 in
1283 625 1462 693 aliquo
1485 624 1908 690 comparandum

308 717 430 757 esse
455 699 787 772 gloriabitur.
832 699 962 763 Quia
995 713 1132 772 vero
1164 695 1454 772 diciionnm
1484 693 1773 772 discrimen
1804 695 1910 747 ob-

307 764 629 827 servandum
678 779 795 826 est:
830 782 1001 836 neque
1048 769 1190 819 enim
1236 767 1390 830 dixit,
1418 766 1548 832 Quis
1593 764 1783 818 similis
1827 772 1909 817 est

308 843 424 907 tibi,
448 841 565 907 sed,
597 839 725 907 Quis
753 839 932 891 similis
969 836 1063 890 erit
1087 838 1194 899 tibi,
1226 845 1282 890 et
1321 836 1402 888 his
1428 836 1661 907 futurum
1695 844 1908 907 tempus

308 905 559 974 indicata
588 905 737 964 certe
781 909 1203 962 incarnationem
1264 906 1531 975 Unigeniti
1583 905 1904 970 adumbrat,

305 995 554 1051 qumrens
575 995 696 1034 cum
719 979 1036 1051 quibusnam
1065 977 1352 1051 prophetis
1368 976 1481 1046 ejus
1496 976 1662 1051 gloria
1691 990 1909 1051 compa—

306 1043 473 1107 randa
491 1051 560 1106 sit
586 1068 600 1104 :
627 1043 976 1119 quamobrem
997 1043 1219 1102 euiualii
1241 1043 1466 1119 llcliain,
1487 1043 1573 1100 alii
1591 1043 1905 1119 Jerctniain,

306 1122 394 1177 alii
423 1138 486 1177 ex
517 1115 798 1201 prophetis
828 1119 1072 1201 aliquem
1101 1133 1220 1172 esse
1253 1117 1510 1201 putabant
1555 1131 1567 1168 :
1598 1115 1693 1197 sed
1727 1115 1907 1201 nulius

306 1208 369 1246 ex
404 1185 672 1261 prmdictis
702 1190 772 1261 illi
797 1185 986 1243 similis
1011 1204 1130 1244 esse
1159 1185 1385 1256 poterat.
1411 1186 1506 1242 Ille
1531 1187 1729 1256 quippe
1759 1185 1907 1261 solus

305 1257 424 1317 erat
470 1263 611 1315 Deus
638 1271 695 1314 et
744 1260 924 1322 homo,
957 1261 1104 1314 solus
1139 1273 1309 1328 genus
1357 1269 1599 1328 nostrum
1649 1257 1903 1328 servavit.

309 1333 390 1386 ne
418 1332 590 1396 sileas,
623 1346 784 1401 neque
810 1325 1164 1401 compescaris',
1184 1327 1368 1401 Deus;
1397 1327 1500 1401 hoc
1539 1335 1640 1391 est,
1675 1325 1751 1381 Ne
1782 1327 1905 1380 diu-

307 1403 411 1458 tius
440 1401 638 1457 toleres
671 1398 983 1455 {silentium
1009 1399 1152 1454 enim
1179 1399 1391 1467 iudicis,
1421 1398 1537 1467 ejus
1568 1411 1691 1467 erga
1721 1410 1907 1464 pecca-

305 1484 451 1528 tores
495 1470 835 1527 tolerantiam
886 1471 1115 1525 vocavit.
1165 1467 1272 1524 Cur
1321 1480 1499 1523 autem
1557 1468 1609 1522 id
1656 1467 1907 1536 rogavit?

307 1542 560 1607 Quoniam
600 1557 714 1595 ecce
742 1540 934 1594 inimici
973 1541 1047 1594 tui
1071 1549 1366 1601 sonuerunt,
1395 1548 1444 1592 et
1468 1537 1553 1606 qui
1578 1538 1792 1591 oderunt
1819 1546 1866 1590 te
1886 1577 1902 1602 ,

305 1613 592 1666 extulerunt
637 1619 810 1676 caput.
861 1610 914 1664 In
961 1619 1186 1675 tantum,
1231 1609 1420 1678 inquit,
1449 1609 1520 1662 ob
1568 1607 1903 1678 tolerantiam

306 1693 450 1737 tuam
478 1682 603 1736 elati
630 1691 755 1734 sunt
781 1680 1002 1747 inimici,
1035 1690 1093 1734 ut
1121 1676 1374 1735 sonarent
1398 1695 1414 1744 ;
1447 1678 1498 1732 id
1518 1689 1599 1733 est
1620 1676 1904 1732 conliden—

306 1765 387 1807 ter
417 1755 783 1823 loquerentur,
814 1760 870 1805 et
898 1751 1188 1823 nequitiam
1213 1764 1364 1804 suam
1393 1749 1543 1819 quasi
1575 1747 1705 1823 tuba_
1730 1749 1904 1823 impu-

303 1817 690 1892 denter'palam
720 1817 1439 1892 facerentfextollerentque
1466 1827 1644 1890 caput,
1674 1817 1744 1872 de
1770 1817 1901 1870 faci-

306 1891 529 1947 noribus
546 1893 658 1946 suis
679 1907 784 1945 non
798 1893 1198 1952 erubescentes,
1221 1891 1314 1945 sed
1333 1899 1646 1960 arroganter
1662 1896 1901 1958 agentes,

341 1965 454 2018 nasi
503 1962 683 2016 nullus
731 1971 873 2016 esset
915 1977 1073 2030 quem
1120 1961 1388 2015 timerent.
1433 1959 1682 2014 Inimicos
1709 1966 1902 2030 autem

341 1979 454 2018 nasi
503 1977 683 2016 nonus
731 1977 873 2016 esset
915 1977 1073 2030 quem
1120 1977 1388 2015 timerent.
1433 1977 1682 2014 nunucos
1723 1977 1902 2012 :lUtelll

303 1977 409 2088 (Dei
440 2043 749 2102 peccatores
769 2031 1004 2102 appellat
1037 2051 1050 2086 :
1091 2031 1212 2101 quia
1239 2041 1416 2102 autem
1442 2030 1678 2097 sibiipsis
1707 2029 1902 2102 inimici

312 2099 552 2159 sunt—illa
581 2099 948 2172 agetites'qute
977 2103 1080 2156 sibi
1108 2099 1358 2168 noceant,
1390 2099 1904 2172 benignusucumusit

311 2173 470 2236 Deus,
499 2183 555 2227 et
574 2168 800 2226 mortem
839 2168 1134 2241 peccatoris
1159 2172 1324 2236 nolit,
1355 2168 1598 2226 inimicos
1627 2169 1745 2223 illos
1773 2168 1908 2241 sibi-

306 2245 436 2308 ipsis
463 2245 776 2298 insidiantes
805 2239 969 2311 ponit.
1002 2244 1058 2298 4.
1091 2241 1261 2310 Super
1300 2242 1546 2310 populum
1585 2249 1726 2293 tuum
1753 2239 1904 2291 calli-

305 2316 425 2367 dum
456 2315 676 2368 inierunt
717 2314 1005 2378 consilium,
1047 2313 1456 2366 consultaverunt
1498 2321 1675 2365 contra
1704 2319 1906 2362 sanctos

307 2396 438 2439 tuos.
468 2384 549 2438 En
572 2383 712 2454 aliud
734 2397 902 2454 genus
925 2383 1428 2454 inimicititecontra
1457 2382 1622 2454 Deum
1644 2379 1904 2454 propheta

307 2456 575 2522 exposuit.
603 2449 759 2508 Nanf
784 2454 872 2522 qui
904 2462 958 2508 et
1001 2454 1198 2522 popqu
1228 2453 1322 2507 Dei
1359 2462 1414 2507 et
1454 2449 1904 2522 sanctiswinimici

305 2521 480 2591 erant,
512 2523 770 2579 adversus
795 2521 918 2578 eum
941 2521 1137 2578 bellum
1166 2525 1447 2587 suscitant,
1480 2523 1634 2592 cujus
1658 2521 1734 2574 illi
1761 2521 1904 2592 servi

306 2605 361 2649 et
402 2589 593 2649 fratres
640 2603 815 2650 erant.
861 2594 1066 2648 Bellum
1105 2603 1284 2649 autem
1329 2589 1560 2656 indicat,
1597 2607 1712 2645 non
1746 2589 1908 2644 modo

309 2667 462 2730 illud,
487 2665 630 2735 quod
656 2665 911 2734 deinceps
948 2664 1289 2730 describitur,
1319 2665 1373 2718 in
1400 2678 1508 2733 quo
1529 2677 1624 2717 eas
1652 2677 1770 2731 quae
1796 2660 1908 2735 bel-

307 2737 416 2789 lum
442 2731 698 2789 adversus
722 2731 937 2788 Iud-.eos
951 2737 1209 2804 gerebant
1231 2731 1903 2805 gentes—commemoravit-2

307 2807 401 2860 sed
423 2807 582 2861 etiam
610 2805 872 2873 quoddam
901 2800 1168 2860 occultum
1197 2800 1394 2860 bellum
1419 2803 1738 2868 subindical,
1763 2800 1906 2870 quod

307 2878 508 2932 sanctis
537 2885 844 2945 peccatores
875 2876 1072 2930 inferre
1097 2876 1293 2930 solent.
1339 2875 1571 2944 Ideoque
1601 2889 1706 2927 non
1733 2873 1906 2927 solum

309 2947 431 3001 illos
454 2947 644 3002 callide
674 2947 810 3001 inire
833 2947 1115 3000 consilium
1146 2947 1294 3014 dicit,
1322 2947 1417 3002 sed
1443 2947 1602 3000 etiam
1633 2959 1756 2998 cum
1789 2957 1906 3014 ma-

309 3018 451 3072 xima
480 3017 793 3084 calliditate,
827 3017 876 3071 id
909 3028 1009 3080 est,
1055 3011 1290 3072 versutia
1328 3017 1472 3071 varia
1503 3029 1559 3069 ct
1599 3011 1908 3069 omnimoda

309 3097 522 3143 utentes
552 3105 566 3140 :
597 3088 782 3156 quales
807 3098 931 3140 sunt
975 3089 1032 3151 ii,
1065 3090 1154 3157 qui
1188 3090 1335 3156 prius
1376 3086 1755 3157 pecuniisﬁ,_aut_
1780 3097 1907 3152 pos-

309 3155 661 3222 sessionibus,
703 3166 793 3211 aut
818 3157 936 3212 aliis
979 3155 1138 3212 rebus
1167 3155 1262 3212 eos
1287 3155 1389 3228 qui
1413 3158 1522 3211 Deo
1560 3155 1757 3228 addicti
1783 3163 1910 3228 sunt

308 3228 650 3291 deft-nudant,
693 3237 750 3280 ut
781 3243 875 3282 eos
918 3228 984 3282 ad
1025 3230 1231 3299 ingrate
1273 3224 1537 3298 agendum
1567 3236 1622 3281 et
1651 3224 1907 3299 blasphe-

310 3299 564 3353 mandnm
609 3299 844 3353 excitent
878 3318 891 3353 :
923 3314 1044 3353 cum
1088 3295 1269 3353 autem
1310 3295 1400 3353 res
1446 3299 1548 3352 hoc
1593 3295 1910 3351 modo’non

309 3368 568 3443 succedit,
596 3369 896 3438 voluptates
915 3370 1055 3443 ipsis
1079 3377 1391 3443 suggerunt,
1424 3383 1576 3443 vana».
1595 3368 1784 3437 gloriae
1811 3380 1910 3443 cu-

311 3440 609 3508 piditatem,
655 3442 1038 3508 art-agantiam,
1107 3441 1339 3504 fastum,
1386 3440 1680 3492 amicorum
1728 3440 1910 3508 Specie

312 3506 648 3564 inimicorum
698 3506 919 3564 consilia
972 3506 1162 3564 dantes
1206 3527 1220 3563 :
1264 3511 1316 3565 id
1363 3510 1504 3578 quod
1558 3506 1911 3578 sequentibus

312 3583 596 3636 indicatur.
627 3581 680 3636 5.
709 3578 961 3645 Dixerunt
989 3596 1008 3634 :
1047 3579 1237 3644 Venite,
1279 3590 1324 3634 et
1354 3577 1706 3649 disperdamus
1745 3594 1828 3632 eos
1849 3577 1913 3631 de

310 3662 473 3724 gente,
493 3659 650 3724 etnon
663 3660 973 3724 metueretur
989 3667 1170 3704 nomen
1185 3649 1352 3724 Israel
1369 3646 1522 3724 ultra.
1544 3646 1700 3705 Clare
1722 3649 1912 3724 isthmc

310 3718 380 3777 de
401 3721 634 3775 inimicis
661 3720 823 3776 Israel
849 3721 982 3775 infra
1006 3723 1365 3776 memorandis
1388 3721 1527 3775 dicta
1545 3730 1690 3785 sunt,
1716 3727 1772 3774 et
1796 3718 1913 3772 htec

309 3795 382 3847 ab
407 3794 487 3847 eis
514 3803 631 3862 acta
659 3802 782 3846 sunt
817 3809 829 3845 :
863 3807 1039 3862 neque
1069 3791 1156 3846 hic
1187 3792 1512 3862 intelligendi
1555 3799 1684 3862 sunt
1711 3789 1790 3862 illi
1821 3788 1912 3862 qui

311 3864 452 3917 mala
505 3861 636 3932 dant
669 3863 914 3928 consilia,
943 3857 997 3917 et
1031 3862 1121 3932 qui
1162 3861 1230 3916 ad
1281 3857 1480 3932 malum
1500 3858 1654 3928 quasi
1677 3860 1728 3912 vi
1758 3857 1913 3914 indu-

311 3944 440 3988 cunt
464 3935 544 4002 (α)
576 3976 588 3987 .
621 3931 675 3986 hi
706 3935 848 3986 enim
880 3949 980 3988 nos
1003 3931 1069 3987 de
1093 3941 1256 4001 gente
1283 3931 1596 4002 disperdere
1620 3935 1826 4002 volunt,
1855 3937 1913 3982 ut

316 4020 386 4058 ne
410 4001 534 4058 cum
574 4004 769 4072 iniquis
795 4005 1010 4071 quidem
1039 4001 1399 4068 nominemur,
1438 4003 1561 4072 quia
1591 4016 1711 4056 cum
1739 4001 1910 4072 legem

314 4073 631 4141 habeamus,
655 4071 942 4142 peccamus
963 4083 1162 4140 tamen,
1187 4089 1359 4142 neque
1378 4071 1502 4127 cum
1529 4073 1594 4126 iis
1622 4073 1710 4141 qui
1740 4071 1914 4140 legem

313 4143 647 4210 custodiunt,
678 4146 799 4268 q’uia
823 4146 1280 4214 praevaricamur;
1312 4144 1404 4198 sed
1425 4145 1475 4197 id
1503 4143 1688 4196 volunt
1731 4149 1790 4196 ut
1817 4157 1916 4195 no-

316 4232 437 4268 men
468 4215 629 4268 Israel
652 4230 684 4268 ο
724 4215 907 4268 Iivioni
935 4215 1194 4268 tradatur.
1218 4214 1349 4268 Nam
1368 4215 1412 4268 si
1443 4214 1603 4268 Israel
1625 4223 1708 4266 est
1727 4212 1915 4267 videns

316 4232 437 4270 men
468 4215 629 4269 Israel
652 4212 907 4270 oblivioni
935 4215 1194 4270 tradatur.
1218 4214 1349 4270 Nam
1368 4215 1412 4269 si
1443 4214 1603 4268 Israel
1625 4223 1708 4266 est
1727 4212 1915 4267 videns

317 4287 506 4350 Deunt,
534 4296 590 4340 et
616 4286 662 4340 si
691 4286 1090 4355 quispiam‘non
1115 4293 1238 4356 agat
1276 4300 1337 4340 ea
1382 4299 1516 4356 quae!
1534 4285 1704 4356 Deum
1731 4282 1917 4337 viden-

315 4368 424 4412 tem
465 4365 521 4410 ct
549 4356 615 4409 ad
641 4354 762 4410 enin
793 4354 979 4411 oculos
1005 4354 1200 4410 mentis
1234 4357 1466 4410 intentos
1504 4354 1789 4409 habentem
1819 4367 1916 4423 par

315 4438 399 4482 est
426 4442 609 4497 agere,
653 4441 875 4497 necesse
907 4434 965 4481 ut
1008 4428 1053 4482 is
1082 4426 1303 4480 omnino
1330 4425 1590 4497 oblivioni
1631 4423 1872 4497 tradatur
1897 4464 1912 4488 ,

316 4495 492 4568 neque
519 4511 587 4550 an
619 4497 779 4568 fuerit
804 4496 963 4551 Israel
989 4497 1136 4551 credi
1166 4497 1354 4566 possit,
1382 4496 1429 4551 is
1454 4497 1544 4568 qui
1570 4495 1916 4568 spiritualitcr

316 4565 436 4622 illos
463 4568 701 4629 videbat,
733 4567 785 4620 id
817 4577 920 4627 est.
969 4583 1143 4637 neque
1170 4565 1342 4620 Deum
1370 4567 1586 4620 novisse
1623 4565 1694 4637 ob
1734 4575 1915 4620 extre-

316 4654 459 4692 mam
487 4638 746 4693 incurlam
773 4638 877 4691 dici
907 4636 1094 4706 possit.
1126 4638 1181 4692 6.
1218 4637 1474 4701 Quoniam
1506 4636 1917 4690 consultaverunt

318 4710 639 4771 unanimiter,
656 4707 809 4761 simul
825 4710 1092 4761 adversum
1111 4717 1158 4761 te
1171 4717 1518 4761 testamentum
1535 4707 1912 4775 disposuerunt.

319 4779 518 4849 Ecquis
557 4778 814 4833 adversus
843 4775 1042 4849 Deum,
1084 4779 1174 4843 qui
1222 4794 1330 4832 non
1374 4779 1546 4849 oculis
1595 4775 1778 4849 modo,
1821 4776 1918 4849 sed

317 4847 479 4903 etiam
527 4848 938 4919 cogitationibus
967 4849 1272 4903 inaccessus
1311 4856 1414 4911 est,
1461 4847 1662 4915 aliquid
1697 4847 1917 4919 consul-

320 4930 454 4985 tare,
504 4916 942 4986 aut'di5p0ncre,
988 4930 1081 4973 aut
1121 4919 1400 4987 imaginari
1447 4919 1686 4986 poterit?
1719 4916 1918 4971 Verum

319 4991 410 5044 ille
437 4998 628 5044 contra
657 5005 716 5043 se
746 4989 880 5043 facta
921 4999 1131 5057 reputat
1156 5004 1219 5043 ea
1249 5004 1368 5058 qua:
1408 5000 1592 5042 contra
1624 5001 1716 5042 eos
1744 5002 1836 5055 qn:
1863 4987 1919 5040 itt

322 5060 438 5129 ipso
463 5059 740 5114 confidunt
763 5070 1025 5128 geruntur
1054 5077 1068 5114 :
1101 5059 1328 5129 ideoque
1355 5059 1562 5113 insidia:
1589 5060 1641 5111 in
1663 5071 1757 5113 eos
1779 5067 1922 5111 stru-

317 5143 417 5186 ctae
440 5130 492 5184 in
529 5133 700 5199 ipsum
729 5131 891 5184 Deum
922 5138 1108 5199 utpote
1149 5145 1333 5184 eorum
1381 5139 1608 5198 patrem,
1637 5138 1921 5198 patronum

327 5212 378 5254 et
404 5211 710 5254 curatorem
740 5200 984 5255 conﬂata:
1025 5201 1292 5253 dicuntur.
1324 5200 1552 5268 Quinam
1583 5209 1710 5253 sunt
1739 5211 1919 5252 autem

317 5274 406 5340 qui
453 5271 672 5324 insidias
703 5271 1068 5326 meditantur?
1094 5273 1146 5325 7.
1182 5271 1531 5324 Τιιὺεηιηειιια
1575 5268 1922 5323 Idumam-um

320 5355 366 5396 ct
415 5340 713 5414 Ismaeiitaz,
747 5341 903 5396 Moab
930 5353 975 5395 et
1015 5343 1255 5414 Agereni,
1284 5343 1336 5396 8.
1371 5341 1528 5394 Gebal
1554 5350 1607 5414 et
1628 5341 1922 5414 Ammonet

321 5414 544 5465 Amalec.
587 5411 651 5466 Ili
681 5429 866 5467 omnes
902 5429 967 5466 ex
1015 5411 1324 5468 Abrahamo
1371 5424 1539 5481 genus
1579 5413 1800 5474 ducunt,
1850 5412 1922 5464 ita

322 5492 379 5536 ut
425 5483 639 5552 cognati
696 5481 908 5538 Israelis
954 5492 1155 5551 essent.
1204 5483 1336 5537 Nam
1387 5482 1661 5536 Ismaclitae
1716 5495 1922 5551 patrem

323 5554 618 5606 habuerant
663 5553 942 5609 Ismaclcm
989 5555 1278 5608 Abrahatui
1325 5553 1515 5607 lilium.
1573 5553 1804 5623 Agareni
1856 5568 1924 5606 ex

322 5623 629 5678 Abrahamo
671 5625 885 5691 quidem
927 5641 1032 5678 non
1077 5634 1260 5686 erant,
1310 5624 1405 5679 sed
1449 5638 1516 5677 ex
1567 5627 1730 5690 Agar,
1761 5639 1921 5691 quam

327 5696 455 5749 Sara
484 5710 608 5748 cum
640 5695 945 5749 Abraltamo
988 5695 1053 5748 ad
1083 5694 1352 5765 quoddam
1387 5705 1595 5764 tempus
1617 5695 1883 5764 junxisset
1905 5735 1920 5759 ,

387 5808 459 5866 (α)
494 5816 609 5922 πιςτίὶ
646 5816 872 5873 «nupta
909 5811 1106 5862 omnino
1128 5817 1278 5861 sunt:
1307 5823 1416 5859 nam
1458 5810 1536 5861 hic
1572 5810 1772 5874 negatio
1791 5809 1922 5860 nulla

459 5883 588 5922 tinea
615 5907 628 5922 .

326 5882 433 5920 me
459 5882 628 5934 quem.

1611 369 1675 425 IN
1725 369 1844 426 PSA
1855 365 2045 425 ωιωι
2085 365 2346 424 LXXXII.

3521 377 3623 433 73-5

2021 481 2392 561 zelotypiaque
2420 495 2601 561 posrca
2651 492 2795 538 mota
2835 495 3014 561 esset,
3069 500 3189 561 cum
3225 487 3449 545 Ismacle
3502 493 3624 561 ejiei

2017 553 2545 630 curavitzalteriqne
2575 564 2754 630 postea
2794 556 3081 630 copulata,
3124 557 3306 630 aliise
3351 553 3624 630 prognatis

2017 627 2389 692 Agarennrum
2462 637 2654 676 nomen
2705 624 2869 678 dedit.
2909 626 3036 679 Item
3087 623 3156 681 ab
3210 623 3364 683 Esait'
3402 623 3626 689 Ainalec

2017 695 2294 747 oriebatur
2320 693 2417 816 Sa).
2447 693 2600 748 Moab
2631 703 2685 747 et
2711 699 2940 748 Ammon
2976 697 3066 750 lilii
3097 698 3195 752 Lot
3220 711 3372 753 erant
3399 715 3464 755 ex
3493 703 3625 756 dua-

2017 763 2117 816 bus
2146 763 2261 816 eius
2293 764 2324 816 Ii
2353 765 2502 816 iabus
2546 766 2779 816 susccnti
2802 807 2815 816 .
2862 775 2974 816 nos!
3021 767 3326 816 incendium
3357 771 3624 816 Sndnmn-

2016 763 2117 817 bus
2146 763 2261 833 ejus
2293 763 2502 818 Iiliabtts
2546 766 2815 832 suscepti,
2862 775 2974 834 post
3021 767 3326 823 incendium
3357 771 3624 826 Sodomo-

2016 847 2132 886 rum
2155 875 2168 896 ,
2193 834 2386 902 quibus
2424 836 2792 888 conterminus
2819 841 2929 889 erat
2955 835 3150 902 Gcbal,
3187 848 3240 893 et
3270 841 3495 896 fortasse
3537 842 3621 896 af-

2016 903 2136 979 finis
2161 922 2175 968 ;
2204 914 2532 979 quapropter
2580 906 2629 957 in
2660 906 2838 979 medio
2863 921 3050 979 eorum
3099 920 3432 964 numeratur.
3481 910 3623 979 Quid

2017 972 2285 1049 igitnrliis
2315 972 2806 1049 significaturiant
2843 992 2948 1049 qua
2974 976 3042 1049 de
3065 992 3228 1032 causa
3261 980 3404 1047 ipsos
3425 972 3625 1049 cogna-

2015 1051 2098 1117 tus
2121 1043 2380 1117 exhibet?
2411 1043 2674 1117 Utdif‘cas
2703 1046 2841 1100 inter
2862 1043 3112 1101 inimicos
3131 1089 3146 1115 ,
3175 1043 3398 1117 eos'qni
3434 1043 3626 1108 domo-

2013 1115 2133 1169 stici
2163 1125 2322 1181 sunt,
2353 1125 2407 1169 nt
2433 1113 2682 1190 Christus
2722 1116 2831 1178 ait,
2884 1117 2936 1170 id
2978 1126 3102 1190 est,
3133 1113 3393 1190 cognatos
3420 1122 3623 1190 primas

2017 1195 2196 1253 partes
2221 1200 2382 1254 agere
2414 1203 2428 1239 ε
2459 1186 2807 1256 quamobrem
2840 1186 3098 1256 prepheta
3129 1188 3180 1241 in
3209 1186 3404 1244 ultimo
3423 1186 3623 1250 ordine

2013 1257 2191 1331 posuit
2220 1257 2428 1331 θροηοὲ
2457 1273 2468 1307 :
2502 1255 2583 1310 sic
2618 1257 2795 1331 iiaqiie
2820 1255 3098 1331 subjunxit
3121 1275 3134 1312 :
3161 1258 3475 1331 Alienigena:
3501 1278 3617 1316 cum

2015 1325 2361 1396 [tribunatibus
2384 1325 2602 1396 Tyrum.
2634 1324 2688 1380 9.
2721 1324 2930 1380 Etenim
2976 1330 3137 1381 Assur
3162 1331 3294 1382 venit
3331 1324 3457 1384 cum
3495 1333 3620 1386 illis.

2011 1395 2128 1450 Non
2160 1410 2280 1450 cum
2310 1397 2375 1450 iis
2404 1396 2494 1464 qui
2522 1395 2722 1466 Tyrum
2765 1397 3038 1461 habitant,
3073 1398 3166 1452 sed
3206 1414 3328 1452 cum
3374 1401 3530 1455 Moab
3567 1413 3625 1457 et

2011 1466 2242 1520 Ammon
2263 1507 2279 1532 ,
2308 1476 2363 1520 et
2401 1481 2524 1536 eum
2550 1467 2670 1520 aliis
2709 1481 2848 1536 quos
2876 1478 3133 1536 cognatos
3161 1467 3473 1534 Judaanrum
3497 1486 3619 1527 esse

2010 1535 2366 1590 oetendimus.
2399 1535 2582 1606 Itaque
2606 1552 2712 1590 non
2730 1535 2836 1591 suo
2868 1535 3015 1592 motu
3048 1539 3100 1592 in
3123 1537 3228 1593 hoc
3259 1539 3456 1595 bellum
3478 1583 3492 1606 ,
3523 1542 3620 1597 sed

2011 1620 2043 1680 a
2086 1607 2343 1680 cogtgitis
2360 1606 2578 1680 excitati
2605 1647 2621 1672 ,
2648 1622 2707 1680 se
2727 1609 3091 1680 contulerunt
3123 1627 3137 1662 :
3167 1621 3497 1680 quapropter
3525 1613 3622 1666 ad-

2004 1675 2125 1747 jicit
2155 1694 2168 1730 :
2196 1675 2345 1730 Facti
2373 1686 2492 1730 sunt
2538 1677 2592 1730 in
2613 1675 2955 1747 Aadjutorium
3007 1680 3129 1746 ﬁliis
3157 1675 3290 1742 [σιξ
3329 1675 3391 1734 Μ’
3422 1697 3501 1736 05!
3521 1723 3536 1747 ,
3566 1685 3618 1736 in
3691 1735 3696 1740 .

2010 1743 2225 1820 illorum
2257 1747 2539 1820 auxilium
2561 1743 2918 1820 advenerunt.
2951 1743 3095 1820 Cave
3136 1750 3297 1820 igitur
3336 1743 3640 1807 interiores

2010 1815 2289 1879 inimicos;
2324 1816 2424 1888 ipsi
2456 1816 2598 1872 enim
2629 1816 2934 1888 exteriores
2961 1818 3139 1872 adhuc
3156 1815 3401 1876 armant.
3438 1821 3621 1888 Neque

2011 1888 2318 1960 cognationi
2348 1885 2515 1960 fidas,
2543 1889 2664 1955 quia
2693 1887 2780 1940 illa
2803 1887 2856 1940 iti
2887 1888 3218 1960 inimicitiam
3243 1902 3299 1943 ut
3329 1885 3619 1960 plurimum

2011 1958 2270 2021 vertitur;
2315 1957 2628 2026 consideres
2677 1967 2858 2010 autem
2926 1958 3087 2012 velim
3148 1957 3619 2026 nialcdictionetn,

2012 2041 2172 2096 quam
2203 2028 2307 2081 illis
2335 2027 2536 2081 intulit.
2581 2025 2920 2097 Diapsalma,
2948 2032 3072 2097 quia
3100 2044 3408 2086 sermonem
3444 2025 3621 2086 trans;

2010 2097 2108 2168 fert
2135 2100 2186 2151 in
2206 2097 2528 2168 orationem.
2563 2099 2651 2152 Itl.
2671 2097 2901 2168 Facillis
2927 2099 3056 2151 sicut
3086 2099 3296 2153 Madinn
3326 2111 3373 2155 et
3401 2103 3619 2168 Sisarte,

2009 2167 2161 2292 :iéutd
2191 2166 2365 2221 Jabim
2395 2169 2451 2222 in
2499 2178 2719 2222 torrente
2773 2166 2972 2222 Cisson.
3028 2171 3117 2224 11.
3169 2169 3522 2241 Dispcrierunt
3570 2166 3623 2227 in

2061 2252 2122 2291 'n
2163 2255 2240 2292 or.

2061 2252 2240 2293 anaor.

2182 2307 2305 2384 Non
2335 2305 2536 2384 frustra
2578 2307 2678 2363 hos
2708 2324 2774 2362 ex
2813 2310 3064 2366 omnibus
3108 2311 3340 2380 delegit;
3373 2313 3466 2367 sed
3498 2313 3622 2384 quia

2010 2377 2208 2433 bellum
2259 2379 2327 2432 ab
2381 2379 2514 2448 ipsis
2549 2393 2656 2433 non
2711 2389 3082 2448 exspectatura
3137 2377 3342 2436 exitum
3388 2377 3620 2439 habuit:

2013 2448 2222 2503 Madian
2266 2449 2410 2504 enim
2439 2459 2635 2504 terram
2667 2450 3010 2506 multitudine
3040 2453 3372 2518 cperientem
3399 2453 3622 2509 Gedeon

2011 2519 2128 2574 sine
2168 2521 2335 2592 armis
2364 2520 2624 2592 invadens
2669 2521 2890 2586 cecidit,
2915 2533 2970 2576 et
3015 2522 3316 2592 proﬂigawt
3345 2538 3466 2577 cum
3491 2526 3623 2582 viris

2013 2590 2305 2663 trecentis,
2337 2591 2571 2663 qui‘noni
2591 2605 2748 2645 enses
2769 2633 2784 2656 ,
2809 2606 2915 2649 non
2939 2594 3157 2663 clypeos
3178 2590 3196 2656 ξ
3220 2608 3329 2648 non
3358 2594 3622 2662 cassides,

2012 2674 2192 2733 neque
2212 2660 2318 2714 aiia
2346 2659 2530 2716 bellica
2560 2661 2915 2733 instrumenta
2943 2659 3212 2717 habebant
3231 2703 3246 2726 ,
3278 2665 3369 2718 sed
3419 2659 3623 2733 lampaL

2011 2732 2108 2784 des
2137 2739 2345 2785 tantum
2366 2773 2382 2799 ,
2410 2741 2472 2803 et
2509 2732 2670 2786 tubas
2712 2747 2978 2803 corneas,
3009 2734 3161 2803 queis
3204 2743 3502 2788 uterentur.
3535 2732 3616 2789 Si.

2012 2815 2189 2873 saram
2218 2816 2348 2856 vero
2390 2801 2581 2856 ducem
2611 2803 2785 2873 gentis
2815 2801 3143 2873 Jabim,’qni
3172 2819 3294 2858 cum
3338 2819 3626 2872 nongentis

2012 2871 2204 2942 ferreis
2259 2873 2508 2928 curribus
2561 2871 2862 2942 pugnabat,
2917 2871 3515 2942 Deus'perterrcfeci’t,
3571 2878 3623 2930 iti

2013 2940 2428 3017 fugamvertit,
2461 2951 2517 2998 et
2543 2940 2702 2997 uxori
2730 2943 2941 2997 Chabcr
2992 2940 3159 3017 Cirnzi'i
3197 2945 3455 3017 tradidit,
3503 2963 3626 3017 qua:

2013 3013 2164 3066 illutn
2200 3012 2444 3068 immisso
2466 3028 2562 3082 per
2585 3023 2826 3082 tempora
2861 3027 3014 3069 vecte
3046 3015 3333 3069 interfecit.
3369 3012 3624 3072 l’rcczitur

2012 3097 2142 3152 ergo
2169 3094 2226 3137 ut
2253 3083 2706 3158 quemadmodum
2735 3084 2818 3148 hi,
2869 3086 2944 3158 sic
2971 3084 3236 3158 etiamilli
3259 3127 3271 3149 ,
3316 3100 3451 3158 quos
3475 3090 3626 3158 prius

2014 3155 2388 3219 enumeravit,
2437 3155 2637 3208 inimici
2693 3169 2854 3209 manu
2912 3156 3004 3208 Dei
3058 3154 3272 3210 cadant.
3345 3154 3625 3214 'I‘nrr'entis

2013 3224 2211 3294 quippe
2234 3223 2428 3294 VCisson
2455 3233 2512 3279 et
2554 3223 2784 3291 Endor,
2815 3226 2957 3294 quod
2999 3225 3110 3280 illic
3152 3237 3339 3281 contra
3386 3226 3624 3284 Sisaram

2015 3293 2189 3364 pugna
2221 3293 2444 3358 fuisset,
2474 3297 2803 3349 mentionem
2831 3293 2977 3350 facit.
3010 3295 3164 3350 Facti
3191 3307 3309 3352 sunt
3341 3308 3395 3351 ut
3432 3309 3626 3355 stercus

2015 3374 2182 3419 terra.
2211 3364 2288 3420 Eo
2315 3379 2485 3436 usque
2509 3365 2720 3436 dejecta
2756 3380 2851 3434 per
2877 3365 3084 3422 cladem
3116 3369 3213 3421 fuit
3241 3383 3427 3422 eorum
3462 3385 3625 3424 arro—

2013 3436 2225 3506 gantia,
2257 3445 2313 3490 ut
2345 3451 2456 3505 pra:
2484 3438 2686 3508 vilitate
2713 3439 2865 3508 quasi
2904 3446 3113 3492 stercus
3142 3448 3542 3508 reputarcutur.
3579 3438 3624 3496 Ε

2015 3522 2075 3560 re
2097 3516 2275 3560 autem
2301 3515 2512 3562 stercus
2550 3507 2763 3562 dicitur.
2796 3507 3256 3576 Quemadmodum
3291 3511 3434 3564 enim
3471 3511 3623 3576 illud,

2016 3576 2139 3648 licet
2167 3577 2272 3631 vile
2315 3577 2692 3648 abjectumque
2722 3578 2823 3641 sit,
2875 3587 3072 3632 terram
3118 3581 3293 3634 reddit
3341 3583 3572 3636 feracem
3609 3597 3622 3635 :

2015 3647 2086 3719 ita
2128 3656 2183 3702 et
2228 3649 2578 3719 superborum
2608 3647 2770 3719 ruina
2821 3648 3105 3719 vilitasque
3153 3653 3363 3704 animas
3412 3660 3627 3707 nostras

2016 3717 2527 3792 virtutumjferaccs
2575 3717 2761 3792 efl‘i_cit.
2814 3719 2915 3792 I2:
2945 3717 3093 3792 Po'ne
3139 3722 3395 3792 principes
3451 3738 3626 3776 eorum

2015 3789 2143 3843 sicut
2173 3787 2326 3852 Oreb,
2350 3798 2397 3842 et
2423 3787 2547 3855 Zeb,
2572 3798 2616 3842 et
2640 3788 2792 3844 Zebte
2810 3800 2854 3843 et
2877 3787 3185 3845 Salmonea.
3209 3787 3365 3846 Vit-os
3387 3807 3629 3848 c0nime-

2019 3869 2195 3932 morat
2239 3875 2268 3912 a
2316 3858 2572 3932 Gedeoue
2600 3860 2930 3932 interfectos
2973 3877 2986 3914 :
3040 3874 3299 3932 rogatque
3356 3863 3628 3932 principes

2018 3928 2254 3984 hostium
2277 3943 2462 4002 parem
2494 3929 2677 3985 subire
2704 3941 2932 4002 sortem.
2951 3928 3301 3998 Quos—autem
3333 3928 3626 4002 principes,

2015 4002 2255 4073 apertius
2275 3999 2873 4073 dcclarant_scqticntia.
2909 4001 3097 4056 Omnes
3145 3999 3401 4073 principes
3427 3999 3622 4068 eorum,

2018 4071 2116 4143 [ἴῃ
2140 4072 2228 4143 qui
2249 4070 2516 4143 dixerunt,
2538 4069 2841 4143 Hereditate
2878 4069 3228 4143 possideanius
3273 4069 3627 4128 sanctuarium

2018 4137 2449 4213 Dei.'Principes
2480 4141 2640 4213 igitur
2675 4158 2782 4196 non
2807 4137 3067 4212 dignitate
3100 4154 3302 4198 tantum
3322 4185 3338 4210 ,
3363 4154 3628 4213 quantum

2017 4212 2220 4266 malitia
2243 4212 2374 4281 dicit
2403 4228 2417 4265 :
2445 4213 2794 4281 quamobrem
2825 4214 2921 4267 Dei
2953 4217 3317 4268 sanctuarium
3351 4212 3627 4270 heredita-

2021 4291 2126 4337 tem
2150 4297 2302 4338 suam
2335 4280 2448 4336 fore
2467 4280 2928 4351 imaginabantur,
2959 4287 3032 4338 ita
3068 4293 3128 4338 ut
3153 4287 3354 4340 Sanctis
3393 4288 3458 4340 ad
3485 4286 3630 4341 divi-

2024 4353 2161 4419 tias,
2208 4362 2263 4408 et
2287 4352 2484 4423 divinis
2526 4357 2592 4406 ad
2624 4354 2833 4407 lucrum
2883 4356 2958 4408 uti
2992 4364 3228 4423 possent.
3275 4357 3396 4410 Non
3453 4357 3629 4411 solum

2019 4433 2207 4494 autem,
2232 4424 2335 4478 hoc
2362 4421 2560 4494 faciunt
2601 4425 2692 4492 qui
2723 4437 2872 4478 Sacra
2901 4421 3027 4479 vasa
3067 4425 3327 4494 diripiunt
3355 4435 3411 4480 et
3443 4437 3631 4483 sancta

2019 4493 2348 4560 divendunt;
2380 4493 2476 4548 sed
2515 4495 2840 4564 quicumque
2867 4493 3046 4549 dixina
3070 4493 3448 4564 'cauponaiitur
3494 4514 3629 4553 ven-

2020 4564 2209 4636 dentes
2239 4573 2294 4618 et
2323 4574 2568 4636 ementes
2594 4580 2655 4616 ea
2694 4581 2812 4632 qua:
2843 4566 2939 4620 Dei
2969 4575 3130 4632 sunt,
3163 4577 3217 4620 ct
3246 4577 3398 4636 pacta
3447 4569 3630 4622 illicita

2023 4635 2306 4690 ineuntes:
2340 4635 2512 4702 qualis
2537 4643 2655 4689 erat
2684 4636 2906 4702 Simon,
2931 4637 3018 4705 qui
3050 4635 3371 4690 charismata
3403 4640 3633 4706 pecimia

2022 4720 2204 4778 emere
2242 4706 2463 4778 voluit:
2516 4707 2868 4778 quamobrem
2915 4707 3300 4778 Petrusiillum
3348 4708 3628 4778 indignum

2018 4775 2278 4850 judicavit
2306 4775 2451 4830 dono
2481 4777 2652 4850 Sancti
2678 4776 2907 4845 Spiritus
2949 4778 3086 4850 (.—Ict.
3119 4777 3174 4833 8.
3212 4780 3313 4850 l8.
3343 4775 3502 4850 σφω’.
3539 4781 3630 4838 14.

2023 4847 2161 4899 Deus
2205 4861 2363 4908 meus,
2399 4861 2528 4914 pone
2556 4847 2673 4899 illos
2718 4856 2771 4899 ut
2796 4847 2997 4913 rotant;
3052 4849 3102 4900 id
3151 4857 3268 4913 cst,
3301 4848 3355 4902 in
3384 4847 3632 4903 commo-

2027 4918 2172 4970 tione
2209 4925 2264 4970 et
2309 4917 2541 4970 instabili
2569 4930 2764 4987 cursu,
2788 4929 2842 4971 et
2864 4928 3120 4987 perpetua
3158 4921 3491 4974 mutatione:
3530 4920 3633 4976 hoc

2025 4989 2168 5041 enim
2199 4996 2330 5040 rota:
2361 4987 2657 5056 preprinm.
2680 4986 2824 5040 Sicut
2851 4986 3092 5055 stipulam
3119 5001 3236 5042 ante
3258 4991 3440 5059 [aciem
3464 4992 3592 5044 venti
3615 5008 3633 5057 ;

2025 5061 2104 5130 ita,
2136 5067 2194 5111 ut
2220 5073 2482 5130 nusquam
2529 5068 2673 5111 stare
2727 5059 2965 5128 possint,
3025 5069 3081 5114 et
3128 5076 3390 5130 nusquam
3444 5077 3634 5116 corum

2026 5129 2322 5182 substantia
2375 5138 2666 5198 appareat,
2725 5129 2925 5197 impetu
2979 5138 3158 5184 motus
3203 5129 3481 5198 dissipata.
3541 5133 3631 5187 I5.

2029 5200 2173 5252 Sicut
2221 5200 2354 5269 ignis
2377 5199 2463 5268 qui
2508 5199 2752 5270 comburit
2809 5202 3026 5269 syltiam,
3068 5201 3196 5254 sicut
3222 5201 3434 5270 ﬂamma
3489 5219 3635 5256 rom-

2027 5269 2213 5323 burens
2242 5281 2456 5343 montes.
2513 5269 2880 5343 lniructuOSus
2910 5271 3028 5324 illus
3081 5269 3228 5326 esch
3263 5281 3431 5340 rogat.
3491 5273 3636 5343 Ignis

2029 5342 2229 5408 quippe
2256 5340 2397 5394 utilis
2427 5340 2592 5411 estad
2624 5339 2963 5394 cuuﬂandum
2994 5357 3185 5395 aurum
3218 5343 3296 5397 vel
3326 5339 3643 5411 argentum,

2028 5425 2292 5483 panemve
2315 5410 2651 5483 coquendum
2669 5451 2685 5474 ,
2717 5411 3169 5480 pharmacmnque
3192 5423 3283 5467 aut
3311 5410 3436 5483 quid
3460 5415 3641 5470 simile

2029 5482 2096 5535 ad
2123 5481 2464 5536 commodum
2494 5491 2736 5552 nostrum
2769 5499 2780 5534 :
2826 5484 2963 5550 ignis
2991 5498 3118 5537 vero
3141 5499 3247 5552 quo
3278 5481 3640 5540 incenduntur

2030 5553 2228 5624 sylvas,
2260 5560 2353 5605 aut
2398 5551 2790 5624 comburuntur
2816 5562 3062 5618 montes,
3114 5551 3245 5607 nihil
3296 5555 3452 5610 nobis
3502 5557 3639 5624 parit

2033 5623 2159 5678 utile
2183 5632 2274 5676 aut
2303 5622 2669 5688 commodum,
2699 5622 2794 5677 sisd
2818 5624 2971 5677 ardet
2997 5625 3212 5694 quidem
3240 5622 3636 5690 vehementius.

2032 5694 2356 5749 exstinctum
2401 5702 2581 5748 autem
2615 5695 2744 5750 nihil
2774 5694 2917 5750 aliud
2950 5697 3187 5768 profert,
3216 5713 3374 5769 quam
3401 5700 3638 5758 favillam

2103 5869 2172 5931 in)
2209 5877 2344 5921 mor
2370 5868 2700 5932 gravissimus.
