4066 6500
517 418 618 474 ⁸18⁸1

510 532 723 590 nescire
740 531 937 588 scilicet
970 530 1297 598 temporibus
1318 538 1368 585 ct
1386 529 1546 585 rebus
1567 537 1623 584 ut
1645 543 1739 600 par
1757 538 1838 584 est
1859 526 1931 584 uti
1953 542 1968 584 :
1993 544 2092 583 nec

509 619 572 659 ea
618 616 776 657 nosse
803 617 923 671 quae
951 601 1089 670 apud
1119 616 1305 655 omnes
1336 602 1395 653 in
1436 600 1681 654 confesso
1707 609 1831 655 sunt
1851 639 1867 661 .
1900 613 2092 671 nempe

514 688 634 741 qtue
678 668 1011 742 sequuntur}
1040 671 1092 725 9.
1127 671 1229 736 Qui
1268 671 1511 742 plantavit
1552 683 1727 742 aurem
1767 685 1864 721 non
1898 668 2088 730 audiet,

419 758 422 761 '
511 738 602 794 aut
626 742 714 811 qui
739 738 890 807 ﬁnxit
915 745 1113 811 oculum
1138 757 1235 811 non
1264 738 1587 811 considerat?
1615 738 1934 811 Perorgaua
1964 753 2090 791 sen-

510 826 604 866 sus
630 809 789 865 etiam
818 810 906 879 qui
935 810 1117 863 insunt
1146 810 1359 869 indicat.
1379 810 1613 879 auditum
1640 809 1842 879 scilicet
1862 818 1915 879 et
1935 821 2090 874 aspe-

510 892 689 942 ctum;
720 876 987 935 hos'enim
1010 894 1197 933 sensus
1222 889 1275 933 et
1298 880 1430 932 alios
1463 878 1571 931 Deo
1590 879 1782 947 opillce
1813 876 2088 930 habemus.

509 949 812 1015 Quomodo,
846 949 1047 1016 inquit,
1075 948 1305 1003 dixerint
1345 950 1510 1002 Deum
1539 950 1686 1000 nullo
1711 950 1849 1000 circa
1877 960 1963 1000 res
1991 962 2089 1016 uu-

511 1030 652 1073 stras
692 1033 850 1072 sensu
889 1015 1126 1083 moveri,
1157 1020 1244 1087 qui
1276 1020 1436 1072 ctiam
1478 1019 1650 1084 ipsum
1682 1030 1896 1069 sensum
1938 1015 2090 1087 nobis

508 1089 675 1151 dedit,
709 1102 813 1140 non
840 1088 1059 1141 daturus
1089 1085 1188 1140 nisi
1216 1089 1449 1142 novisset
1476 1087 1673 1140 bonum
1705 1102 1825 1140 esse
1857 1085 2090 1140 munus?

508 1158 792 1223 Quodlibet
829 1168 1003 1211 autem
1048 1158 1241 1211 bonum
1286 1157 1457 1224 primo
1499 1155 1687 1210 ordine
1726 1156 1778 1208 in
1825 1155 1939 1223 ipso
1984 1155 2091 1208 Deo

509 1227 805 1289 constituit,
840 1228 1096 1281 bonorum
1127 1227 1365 1280 omnium
1390 1236 1623 1280 auctore.
1650 1225 1737 1279 10.
1764 1225 1862 1292 Qui
1884 1225 2091 1293 corripit

508 1308 707 1376 gentes,
735 1312 834 1349 non
863 1305 1056 1366 arguet,
1086 1298 1172 1376 qui
1200 1297 1341 1376 docet
1370 1295 1629 1376 h9ltlineln_
1646 1294 1941 1375 scientiam?
1968 1294 2091 1346 tlzcc

512 1364 835 1435 interrogat,
865 1364 969 1418 non
1001 1366 1149 1434 quasi
1190 1366 1348 1419 dubia
1377 1366 1504 1426 siut,
1538 1366 1631 1419 sed
1673 1365 1825 1435 quasi
1870 1364 1922 1417 in
1964 1378 2091 1435 conf

511 1436 656 1490 fesso
696 1431 836 1503 apud
884 1431 1070 1487 ontues
1090 1476 1102 1496 ,
1133 1449 1250 1503 qua:
1281 1450 1377 1501 per
1402 1431 1848 1504 interrogationes
1875 1446 1971 1487 eos
1999 1431 2089 1501 qui

510 1506 878 1559 contradicunt
910 1504 1110 1571 pudore
1141 1504 1464 1557 sutl'undant.
1506 1503 1636 1557 Nam
1668 1505 1711 1557 si
1738 1503 1935 1556 multas
1962 1517 2090 1570 gon-

512 1586 592 1629 tes
618 1614 631 1635 .
663 1574 711 1628 id
741 1584 823 1627 est
851 1577 1135 1626 humanum
1161 1588 1328 1641 genus
1351 1614 1365 1635 ,
1398 1573 1638 1635 instituit,
1673 1571 1940 1642 quomodo
1970 1585 2091 1638 pec-

510 1654 721 1698 catores
759 1643 1033 1711 Speciatim
1083 1657 1189 1697 non
1240 1643 1550 1711 redarguet?
1592 1642 1871 1709 Quomodo
1913 1652 2089 1711 autem

509 1725 697 1783 gentes
744 1709 1004 1766 instituit?
1050 1714 1337 1767 Seientiam
1386 1709 1626 1777 docens,
1669 1713 1858 1780 inquit.
1904 1709 2089 1783 Quum

510 1781 823 1838 Scientiant?
864 1782 1239 1836 Discretionetu
1268 1783 1389 1836 boni
1418 1791 1472 1837 et
1502 1783 1624 1835 tnali
1645 1823 1660 1846 ,
1691 1797 1871 1835 rerum
1903 1781 2092 1834 noxia-

512 1868 631 1908 rum
674 1862 725 1907 et
763 1852 989 1905 utilium.
1024 1853 1148 1921 ilico
1175 1851 1371 1921 quippe
1392 1854 1567 1905 omnia
1600 1852 1712 1920 ipse
1740 1866 1844 1904 non
1875 1866 1967 1919 per
1993 1865 2090 1921 cu-

511 1932 735 1986 ratores,
756 1936 861 1975 non
886 1936 979 1990 per
998 1920 1381 1986 doctores,sed
1401 1937 1463 1976 ex
1487 1922 1661 1975 innata
1684 1921 1873 1974 notitia
1889 1920 2088 1974 docuit.

511 1990 739 2062 Ideoque
767 1999 1048 2062 peccantes
1067 2002 1285 2062 arguet,
1320 1991 1371 2045 id
1402 2000 1503 2053 cst,
1528 1991 1804 2059 judicabit.
1836 1991 2087 2062 Ignoran-

509 2061 636 2115 tiatu
660 2060 851 2130 quippe
875 2060 1015 2131 justi,
1032 2069 1087 2115 et
1106 2060 1284 2129 injuin
1311 2076 1415 2115 non
1446 2062 1736 2131 poterimus
1761 2062 1898 2130 apud
1922 2061 2087 2131 Deum

511 2132 881 2211 prtetendere,
931 2130 1052 2211 quia
1100 2144 1196 2210 per
1236 2131 1754 2211 legettt__ti:itttralettt
1803 2130 2089 2211 discrimen

508 2199 650 2255 inter
670 2199 1139 2269 utrutnque’edocti
1169 2214 1371 2254 smnus.
1404 2201 1490 2254 11.
1516 2200 1766 2253 Dominus
1788 2200 1880 2253 scit
1906 2201 2091 2269 cogita-

507 2272 664 2323 tiones
693 2268 974 2335 hominum,
1003 2270 1237 2337 quoniam
1261 2286 1401 2323 name
1424 2281 1559 2324 sunt.
1605 2271 1717 2324 Hoc
1751 2286 1853 2322 non
1897 2268 2088 2322 frastra

508 2354 649 2393 nunc
670 2339 821 2395 ell‘erl
848 2340 1121 2408 psalmista
1148 2356 1161 2392 :
1190 2354 1257 2392 ne
1280 2338 1416 2394 forte
1442 2350 1684 2408 putemus
1722 2339 1887 2393 Deum
1919 2339 2091 2390 lmini-

508 2425 607 2463 nes
633 2413 891 2479 patienter
909 2407 1070 2475 ferre,
1102 2407 1709 2479 ignorantemquantum
1738 2410 1787 2461 in
1811 2409 2091 2477 cogitatio-

508 2480 665 2533 nibus
690 2480 952 2541 labantur,
984 2485 1214 2546 etquam
1246 2494 1376 2531 vana
1407 2480 1458 2532 in
1490 2492 1667 2532 mente
1699 2487 1943 2543 versent,
1971 2492 2089 2546 qua:

506 2549 572 2603 ad
602 2548 981 2630 blasphemiam
1010 2548 1061 2601 in
1087 2547 1366 2630 Christum.
1386 2548 1702 2630 pertingapt.
1730 2546 1845 2601 Non
1883 2549 2101 2630 ignorat.

508 2634 655 2687 ergo,
689 2617 781 2673 sed
808 2633 1026 2689 gnarus,
1055 2633 1238 2672 eorum
1258 2617 1512 2687 judicium
1541 2617 1593 2671 iu
1624 2619 1855 2672 futurum
1881 2628 2088 2689 tempus

506 2699 773 2753 reservat;
810 2688 912 2742 non
945 2697 1117 2743 tamen
1139 2702 1263 2758 erga
1285 2702 1506 2758 omnes;
1536 2689 1791 2758 quosdam
1815 2688 1955 2742 enim
1974 2690 2086 2754 jam

505 2758 570 2811 ad
604 2760 913 2827 sapientiam
946 2758 1139 2823 erudit,
1165 2757 1241 2812 'de
1270 2757 1462 2827 quibus
1497 2757 1933 2827 insequentibus
1956 2758 2088 2811 dici-

507 2839 591 2880 tur
624 2846 637 2882 :
668 2829 760 2881 12.
791 2826 974 2880 Beatus
999 2828 1147 2880 homo
1173 2826 1317 2897 quem
1342 2837 1397 2880 tu
1416 2826 1678 2895 erudieris,
1703 2827 1936 2893 Domine,
1959 2837 2005 2881 et
2025 2828 2090 2881 de

504 2898 612 2968 lege
640 2910 723 2950 tua
752 2897 979 2968 decueris
1004 2912 1137 2949 eam.

572 2968 625 3019 2.
657 2967 834 3019 Multis
860 2966 1029 3019 modis
1058 2966 1149 3035 qui
1173 2981 1199 3019 a
1226 2966 1333 3020 Deo
1358 2967 1601 3021 eruditur
1629 2967 1815 3022 beatus
1842 2967 2038 3022 dicitur
2069 2986 2081 3022 :

504 3039 673 3107 primo
699 3037 941 3107 quidem,
974 3038 1092 3104 quia
1125 3038 1313 3091 melior
1339 3047 1392 3107 et
1421 3039 1710 3107 sapientior
1735 3038 1994 3102 redditur,
2030 3048 2088 3093 ut

504 3105 607 3160 non
650 3107 782 3159 ultra
820 3106 1093 3159 brutorutn
1127 3108 1282 3159 vitam
1321 3105 1512 3170 ducat,
1542 3123 1713 3176 neque
1757 3109 2086 3162 rationabilis

501 3186 732 3240 creatus,
764 3178 898 3229 inter
926 3175 1299 3247 irrationabilia
1327 3175 1712 3238 constituatur;
1745 3177 1938 3231 deinde
1958 3180 2081 3247 quia

501 3260 532 3299 ει
563 3248 669 3299 Deo
705 3246 1003 3316 institutus,
1030 3246 1179 3316 quasi
1202 3260 1232 3298 a
1260 3256 1406 3313 patre
1441 3248 1750 3301 verberatur
1783 3264 1796 3300 :
1829 3246 2085 3316 quamob-

500 3330 612 3369 rem
641 3331 744 3369 non
788 3315 979 3384 puniri,
1008 3315 1100 3368 sed
1126 3318 1320 3369 ermliri
1351 3316 1542 3370 dicitur
1566 3335 1580 3369 :
1608 3319 1793 3384 punire
1834 3315 1973 3370 enim
1999 3318 2085 3386 ju-

502 3386 676 3455 dicum
699 3394 780 3439 est
804 3402 817 3446 ;
842 3386 1049 3438 erudire
1073 3394 1481 3454 prwccptorum.
1501 3388 1832 3455 Quapropter
1859 3387 2082 3454 addidit,

500 3453 578 3509 De
601 3457 708 3524 lege
736 3464 820 3507 tua
845 3456 1071 3507 docueris
1092 3470 1227 3518 eunt,
1253 3453 1544 3508 ostendens
1573 3453 1735 3509 Deum
1763 3471 1865 3510 non
1893 3453 2081 3511 iratum

500 3526 728 3587 erudire,
758 3526 848 3577 sed
872 3540 991 3577 eum
1014 3538 1167 3591 quem
1193 3525 1367 3578 erudit
1389 3526 1437 3576 in
1468 3527 1581 3593 lege
1602 3526 1815 3580 doctum
1835 3527 2081 3582 reddere.

498 3594 820 3663 Ecqmcnam
843 3594 1084 3648 utilitas?
1109 3594 1193 3647 15.
1228 3593 1293 3648 Ut
1314 3595 1507 3664 mulges
1528 3610 1637 3646 eum
1658 3613 1690 3647 a
1714 3598 1886 3651 diebus
1913 3599 2079 3664 malis,

506 3668 663 3718 donec
690 3666 912 3733 fodiatur
937 3666 1184 3733 percntari
1210 3666 1370 3731 fovea.
1404 3666 1791 3721 Beatitudinem
1816 3682 1935 3720 esse
1965 3684 2080 3720 ma—

498 3748 655 3803 gnam
687 3736 811 3787 dicit
841 3734 1097 3803 propheta
1130 3734 1495 3804 liberationem
1524 3750 1553 3787 a
1576 3735 1751 3788 futuro
1780 3738 2038 3804 supplicio
2062 3779 2077 3803 ,

500 3802 618 3857 ideo
659 3806 707 3856 in
746 3802 853 3857 alio
892 3804 1099 3856 Psztlmo
1128 3803 1255 3876 dicit
1269 3822 1290 3876 _:
1320 3802 1509 3857 Beatus
1552 3806 1636 3876 qui
1668 3802 1901 3875 intelligit
1932 3802 2083 3876 super

498 3890 706 3942 egenum
726 3883 769 3925 et
797 3890 1063 3942 pauperem
1087 3888 1107 3936 ;
1146 3873 1198 3925 in
1223 3874 1305 3926 die
1328 3876 1463 3927 mala
1507 3875 1729 3927 liberabit
1768 3873 1877 3929 eum
1908 3873 2091 3930 Domi--

498 3960 593 3995 nus
633 3942 812 4025 ('l’sal.
845 3946 933 3996 40.
972 3942 1065 4025 2).
1114 3942 1295 4025 Itaque
1332 3943 1453 4025 jure
1480 3953 1619 3998 nunc
1644 3946 2080 4025 _etiatn_beatum

498 4014 771 4091 constituit
803 4028 923 4095 cunni
950 4014 1037 4073 qui
1078 4015 1317 4095 eruditur
1339 4029 1370 4066 ιι
1395 4014 1502 4093 Deo
1522 4054 1535 4078 ,
1565 4016 1687 4095 quia
1710 4031 1807 4085 per
1837 4016 1971 4095 hanc
1992 4019 2076 4071 in-

499 4083 825 4135 stitutionem
856 4082 1025 4135 futura
1059 4084 1363 4148 vitatmala,
1392 4092 1449 4137 et
1473 4084 1524 4137 in
1546 4082 1732 4139 diebus
1752 4087 1906 4139 malis
1929 4102 2081 4141 man-

496 4152 773 4206 suetudine
807 4153 1025 4216 fruetur,
1060 4152 1121 4225 id
1141 4165 1243 4216 εει,
1276 4154 1338 4206 iis
1366 4155 1710 4222 temporibus,
1739 4159 1928 4225 qu.bns
1960 4172 2073 4225 pa:-

496 4237 594 4276 uas
619 4225 959 4288 experiuntur
981 4224 1014 4273 ii
1038 4223 1124 4289 qui
1146 4225 1439 4295 puniuntur
1462 4263 1478 4288 ,
1518 4225 1712 4293 quibus
1750 4223 1796 4295 ei
1826 4230 1913 4295 qui
1956 4223 2079 4282 vere

496 4302 741 4360 peccator
779 4302 875 4353 est,
907 4306 1097 4360 nempe
1125 4294 1355 4363 diabplo,
1383 4292 1450 4346 de
1475 4309 1579 4362 quo
1608 4294 1732 4347 dicit
1761 4292 1975 4363 Paulus,
2012 4297 2077 4351 Ut

476 4363 586 4431 ‘ﬁnt
613 4378 766 4431 supra
823 4363 1026 4414 modum
1078 4368 1289 4429 peccans
1334 4374 1593 4430 peccatum
1645 4382 1734 4431 per
1785 4372 2078 4420 mandatum

496 4445 513 4499 ι
542 4430 689 4483 Rom.
716 4431 915 4503 7J5),
945 4431 1385 4503 lovea‘ell‘oditur.
1418 4430 1674 4484 Parantur
1700 4436 1895 4503 quippe
1922 4439 1970 4490 ei
1997 4440 2079 4490 lu-

452 4518 457 4521 ‘
496 4510 609 4575 tura
640 4498 914 4575 supplieta,
944 4516 1060 4568 qua:
1089 4498 1295 4554 foveam
1316 4512 1673 4575 congruenter
1704 4498 1924 4575 vocavit,
1951 4509 2072 4575 quia

491 4585 558 4624 ex
592 4571 717 4635 ipsis
748 4585 1033 4636 numquam
1060 4584 1335 4640 emergere
1361 4574 1591 4638 poterit,
1624 4573 1717 4626 sed
1750 4577 1799 4627 in
1831 4577 1932 4629 illis
1965 4571 2074 4629 ina-

495 4641 637 4693 nebit
663 4641 811 4709 quasi
840 4641 890 4693 in
919 4640 1068 4693 fovea
1097 4642 1335 4695 obrutus.
1365 4644 1761 4695 Observandum
1793 4659 1966 4699 autem
1994 4657 2075 4701 est

497 4709 753 4783 Davidem
782 4726 885 4762 non
909 4712 1149 4783 eamdem
1178 4710 1316 4764 diem
1342 4712 1532 4783 malum
1551 4712 1934 4783 dicere,.Quam
1959 4718 2073 4779 dies

493 4782 658 4853 malas
690 4796 900 4833 rursum
933 4782 1178 4853 vocavit:
1208 4782 1301 4834 sed
1341 4782 1425 4833 illa
1473 4792 1553 4835 est
1585 4783 1633 4835 in
1675 4799 1776 4852 qua
1800 4782 2069 4853 judicium

491 4850 821 4918 proferetur,
864 4862 917 4904 et
941 4867 1040 4919 qua
1083 4852 1479 4905 misericordem
1517 4854 1673 4917 eruit,
1694 4850 2069 4911 ‘omtitmudam

490 4923 538 4973 ei
585 4920 877 4973 libertatein
929 4922 1170 4987 przrlictts
1202 4940 1212 4971 :
1250 4921 1362 4974 haec
1412 4936 1539 4975 vero
1582 4933 1699 4976 sunt
1741 4929 2068 4982 cruciatuum

494 4999 752 5063 tempora.
776 4990 1107 5063 Quapropter
1130 4992 1178 5063 in
1206 4990 1391 5059 plurali
1419 4994 1565 5055 dixit,
1598 4992 1734 5057 Dies,
1764 5012 1867 5049 non
1900 4998 2066 5063 Diom,

488 5062 680 5131 quibus
700 5060 886 5131 diebus
914 5060 1171 5128 tnitigabit
1194 5063 1240 5113 ei
1267 5062 1353 5131 qui
1379 5065 1636 5127 eruditur,
1672 5065 1718 5117 id
1741 5076 1843 5130 est,
1871 5060 2068 5123 leviora

490 5130 675 5183 reddet
703 5130 955 5202 supplicia
985 5130 1293 5184 secundum
1320 5132 1532 5184 modum
1577 5134 1909 5202 eruditionis,
1935 5155 2068 5193 cun-

490 5200 779 5279 ve_rsioni_s_.
812 5212 966 5279 atque
989 5203 1514 5279 etnetidationisqua:
1540 5218 1602 5255 ex
1632 5200 1961 5279 institutione
1987 5212 2065 5279 gi-

484 5273 682 5344 gnitur.
712 5271 796 5324 14.
832 5270 962 5336 Quia
991 5288 1087 5322 non
1113 5273 1318 5344 repellet
1346 5271 1591 5326 Dominus
1616 5275 1805 5342 plebem
1833 5270 2067 5344 suam,vel

484 5341 807 5393 hereditatem
830 5358 975 5392 suam
1000 5358 1099 5393 non
1126 5342 1451 5409 derelinquat.
1506 5341 1650 5397 lianc
1694 5347 1907 5400 adducit
1945 5341 2069 5402 cau-

486 5427 598 5483 saut
631 5412 895 5475 psalmista
923 5427 1017 5483 cur
1048 5411 1129 5463 hic
1156 5426 1270 5473 eos,
1296 5429 1427 5479 quos
1459 5414 1641 5467 beatos
1662 5418 1808 5483 dicit,
1836 5423 2064 5474 erudiat.

488 5482 789 5557 Clllll_elltltl
823 5481 1014 5557 populo
1042 5496 1139 5531 suo
1166 5491 1219 5533 et
1248 5483 1523 5557 hereditati
1556 5488 1761 5552 parcit,
1797 5481 2064 5557 quosdam

485 5550 656 5625 erudit
685 5591 700 5614 ,
745 5559 801 5603 ut
834 5560 885 5625 et
914 5552 1011 5625 ipsi
1034 5554 1275 5625 conversi
1307 5553 1529 5608 salutem
1551 5550 1971 5625 consequantur,
2012 5569 2068 5615 et

485 5621 603 5673 aliis
632 5621 997 5692 conversionis
1024 5620 1233 5675 occasio
1259 5630 1314 5676 et
1341 5626 1642 5692 exemplum
1670 5620 1794 5680 sint.
1828 5630 1883 5683 Si
1910 5620 2064 5683 nam-

488 5707 590 5757 que
618 5691 772 5743 vellet
814 5692 1061 5765 populum
1090 5707 1243 5765 suum
1289 5691 1594 5760 peccantem
1631 5700 1887 5765 repellere
1910 5739 1926 5765 ,
1974 5710 2066 5755 aut

486 5777 637 5814 suam
680 5762 1026 5839 hereditatem
1061 5763 1428 5839 spiritualibus
1459 5762 1707 5839 inimicis
1729 5762 2058 5839 relinquere,

487 5845 591 5887 u0n
622 5832 853 5890 erudtrct
874 5849 989 5901 nos,
1014 5843 1070 5887 ut
1092 5837 1141 5887 in
1166 5848 1311 5904 pejus
1331 5848 1394 5890 ex
1418 5835 1691 5908 iniquitate
1711 5832 2056 5899 verterentur.

2033 410 2305 474 SPUBIA.

2200 526 2353 595 Quod
2381 525 2523 580 enim
2551 524 2842 595 derelictio
2875 521 3179 595 huiusmodi
3226 537 3291 577 es
3338 535 3527 595 magna
3574 521 3804 595 prodest

2204 590 2304 659 ira.
2336 611 2371 650 a
2392 596 2501 650 Deo
2526 595 2701 649 disces
2724 590 3048 649 Judaeossic
3072 593 3413 663 alloquente:
3446 590 3803 650 Nan—uisitabo

2198 683 2311 720 cum
2341 666 2598 720 maechatte
2622 666 2805 735 fuerint
2843 679 3046 735 sponsa}
3085 679 3320 735 eorum,
3338 678 3428 735 nec
3455 678 3569 716 cum
3620 663 3798 732 ferai.

2198 736 2551 817 {altefue‘rin‘t
2586 732 2710 803 ﬁlia:
2735 750 2907 787 eorum
2953 732 3124 817 (Qus.
3158 733 3233 817 ⁸εὖ.
3255 732 3405 817 157ξὲ
3442 741 3501 817 ἐι
3535 747 3752 788 rursum
3780 775 3798 788 .

2199 803 2461 873 Dereliqui
2502 805 2706 857 domum
2746 820 2947 867 meam,
2998 804 3171 856 dimisi
3211 803 3535 873 hereditatem
3571 818 3761 873 trienni
3780 824 3797 858 .-

2222 877 2342 953 ῥεια.
2363 870 2710 953 est_lter3ditas
2734 890 2844 927 mea
2873 873 2993 953 milii
3006 874 3147 953 sicut
3170 873 3247 933 leo
3273 874 3329 926 in
3350 874 3490 953 sylsja
3516 870 3681 953 (le-1'.-
3703 872 3793 927 l2.

2239 985 2253 999 .
2283 946 2372 1014 8).
2408 946 2493 1000 15.
2530 942 2869 1012 Quoadusque
2886 943 3088 1012 jnstt'tt'a
3108 942 3797 1014 convertaturinjudicisun,

2199 961 2253 1000 't.
2283 961 2315 1001 δ
2334 961 2372 1014 ).
2408 961 2493 1000 15.
2530 961 2869 1012 quoadusque
2886 961 3088 1012 Justtua
3108 961 3424 996 convertatur
3443 961 3495 995 tu
3541 961 3796 1007 utam,

2197 1026 2243 1069 et
2271 1018 2354 1085 qui
2367 1017 2520 1085 juxta
2539 1014 2681 1085 illam
2708 1030 2879 1066 onmes
2902 1014 2989 1082 qui
3013 1020 3153 1085 recto
3171 1012 3481 1085 suntcorde.
3502 961 3622 1066 άοιι
3644 1012 3796 1082 quod

2237 1081 2476 1153 ustquam
2504 1084 2707 1151 jttstitia
2736 1081 2996 1136 conversa
3025 1082 3182 1136 fuerit
3209 1082 3261 1135 in
3283 1081 3541 1151 judicium
3564 1122 3580 1147 ,
3616 1097 3796 1150 popu-

2237 1100 2476 1153 ustquam
2504 1100 2707 1151 justum
2736 1100 2996 1136 conversa
3025 1100 3182 1136 merit
3209 1100 3261 1135 ιιι
3283 1100 3541 1151 juuictmn
3564 1122 3580 1147 ,
3616 1100 3796 1150 popu-

2199 1100 2307 1208 iitm
2337 1170 2491 1209 suum
2516 1154 2653 1207 Deus
2667 1164 2757 1205 aut
2785 1154 3130 1207 hereditatem
3163 1166 3313 1205 suam
3355 1154 3668 1220 repulsorus
3689 1162 3800 1218 stt;

2197 1225 2292 1278 sed
2317 1225 2435 1293 quia
2479 1224 2862 1293 institutionem
2910 1222 3057 1293 dedit
3094 1222 3145 1275 in
3185 1232 3593 1293 argumentum,
3640 1224 3792 1289 qum!

2200 1291 2349 1347 suam
2373 1292 2717 1347 hereditatem
2751 1308 2855 1345 non
2886 1292 3198 1361 negligerct,
3221 1291 3331 1361 vult
3360 1298 3409 1345 te
3434 1292 3627 1346 docere
3654 1307 3798 1361 quo-

2196 1378 2366 1431 usque
2390 1363 2471 1415 his
2490 1377 2625 1429 Opus
2647 1363 2768 1416 erit.
2795 1361 3019 1427 Quando
3038 1359 3188 1415 “enim
3216 1359 3458 1431 Christus
3480 1377 3603 1415 vera
3629 1359 3797 1428 justi-

2199 1433 2269 1485 tia
2286 1430 2635 1486 ’convcrtetur
2664 1433 2712 1484 in
2740 1432 3017 1499 judicium,
3047 1441 3098 1484 et
3126 1430 3379 1499 patientia
3406 1431 3589 1485 relicta
3619 1431 3687 1484 ad
3708 1432 3799 1499 ju-

2198 1502 2479 1555 dicandum
2513 1511 2768 1566 vertetur,
2794 1511 2849 1555 et
2876 1501 3062 1554 Omnes
3087 1502 3208 1553 recti
3230 1500 3401 1562 corde,
3430 1516 3621 1569 nempe
3637 1502 3795 1569 justi,

2195 1573 2351 1641 juxta
2378 1571 2557 1636 illaut,
2586 1570 2639 1625 id
2665 1580 2747 1625 est
2766 1610 2782 1635 ,
2809 1585 2921 1641 non
2952 1571 3004 1624 in
3047 1570 3135 1641 illa
3182 1572 3338 1638 quasi
3357 1571 3627 1641 judicandi
3650 1612 3665 1631 .
3698 1572 3796 1624 sed

2201 1639 2353 1711 quasi
2384 1642 2606 1695 clientes
2642 1650 2697 1695 et
2732 1639 2923 1710 judicis
2948 1639 3206 1711 satellites
3234 1647 3391 1711 erunt
3429 1640 3586 1702 (ideo
3608 1642 3801 1711 celeri

2200 1710 2516 1779 interpretes
2536 1750 2550 1772 .
2583 1711 2700 1765 loco
2727 1711 2898 1777 iilius,
2926 1710 3083 1764 Juxta
3112 1710 3279 1773 illam,
3309 1710 3433 1762 Post
3458 1726 3573 1763 eum
3598 1710 3793 1771 edide-

2199 1782 2359 1851 runt)
2386 1797 2402 1834 :
2436 1790 2561 1835 tunc
2579 1781 2835 1850 speciales
2858 1794 3045 1837 omnes
3074 1780 3431 1851 institutiones
3463 1779 3794 1851 cessabunt:

2202 1866 2306 1905 non
2334 1848 2475 1906 enim
2500 1851 2565 1905 ad
2585 1848 2929 1905 munitionem
2951 1892 2964 1912 ,
3013 1849 3106 1904 sed
3149 1850 3214 1903 ad
3254 1848 3658 1904 retributionem
3697 1849 3808 1905 Dei.

2195 1920 2454 2001 judicium
2480 1922 2604 1975 erit.
2634 1921 2929 2001 Diapsalma
2954 1920 3075 2000 ideo
3096 1919 3319 2001 addidit,
3341 1920 3461 1987 quia
3483 1933 3808 2001 sermonem

2200 1990 2345 2061 illum
2375 2005 2713 2045 communem
2740 1990 2811 2045 in
2852 1991 3123 2061 propriam
3153 1990 3319 2061 vertit
3351 2003 3658 2061 personam.
3702 1990 3795 2046 16.

2203 2060 2329 2125 Quis
2354 2070 2616 2132 consurget
2642 2061 2768 2115 milii
2792 2058 3033 2115 adi'erius
3058 2058 3424 2129 malignantes,
3442 2072 3529 2111 aut
3548 2060 3664 2181 quis
3686 2069 3797 2113 sta-

2204 2130 2273 2181 bit
2301 2146 2494 2181 mecum
2521 2132 2757 2181 adversus
2786 2140 3047 2181 onerantes
3072 2129 3379 2181 iniauitatem
3396 2130 3422 2181 7
3464 2129 3553 2181 Bel
3581 2144 3669 2181 um
3697 2144 3797 2181 no-

2204 2130 2273 2201 bit
2301 2146 2494 2184 mecum
2521 2129 2757 2184 adversus
2786 2140 3047 2201 operantes
3072 2129 3379 2201 ntiquitatem
3396 2130 3422 2184 1'
3464 2129 3669 2201 Bellum
3697 2144 3799 2184 no-

2198 2198 2283 2254 bis
2324 2214 2570 2270 asperum
2617 2213 2670 2254 et
2710 2198 3065 2256 truculentum
3122 2198 3379 2254 adrersus
3409 2200 3667 2270 malignas
3699 2215 3801 2268 po-

2203 2268 2424 2325 testates
2459 2270 2758 2339 subindicat
2788 2270 3077 2339 propheta,
3122 2284 3185 2323 ac
3208 2268 3589 2337 propemodum
3641 2269 3796 2324 Pauli

2199 2340 2359 2393 verba
2398 2340 2632 2409 profert:
2669 2338 2797 2393 Non
2813 2338 3049 2394 est'nobis
3072 2340 3207 2391 lucta
3232 2338 3470 2392 adversus
3494 2342 3798 2408 sanguinem

2199 2420 2245 2463 et
2274 2425 2508 2473 carnem,
2545 2409 2634 2464 sed
2678 2410 2917 2463 adversus
2945 2409 3259 2478 principatus
3301 2417 3347 2459 et
3395 2418 3695 2476 potestates,
3745 2421 3796 2463 et

2202 2490 2418 2532 rectores
2447 2480 2622 2531 mundi
2648 2481 2985 2548 tenebrarum,
3013 2478 3253 2532 adversus
3284 2478 3570 2546 spiritualia
3608 2480 3794 2548 nequi-

2197 2550 2282 2602 tite
2319 2548 2549 2617 (Epltes.
2579 2549 2629 2603 6.
2665 2547 2784 2620 12).
2833 2548 3029 2603 Contra
3074 2562 3168 2620 eos
3208 2548 3462 2601 auxilium
3501 2547 3700 2616 quaerit.
3736 2559 3797 2604 et

2198 2620 2446 2688 postulat.
2471 2621 2599 2687 Quis
2619 2617 2873 2673 adversus
2889 2632 2981 2672 eos
3004 2617 3158 2671 nobis
3177 2631 3507 2685 consurgens
3528 2619 3793 2673 auxilium

2201 2700 2254 2759 et
2284 2704 2437 2758 opem
2467 2690 2607 2744 l'crre
2638 2689 2847 2759 poleSl?
2872 2688 2950 2741 Ne
2981 2688 3137 2758 igitur
3169 2689 3259 2741 tibi
3292 2688 3501 2759 placeas
3527 2703 3648 2759 cum
3679 2706 3798 2741 tua-

2200 2757 2542 2830 lignantibus,
2573 2757 2745 2830 neque
2765 2757 3047 2813 delecteris
3066 2773 3187 2812 cum
3214 2757 3560 2830 operantibus
3588 2757 3798 2827 iniqui-

2199 2827 2380 2893 tatem,
2411 2827 2727 2899 quibuscum
2759 2830 3012 2899 propheta
3055 2844 3158 2883 non
3206 2827 3364 2881 modo
3420 2828 3619 2899 bellare
3667 2844 3787 2899 per-

2197 2906 2365 2967 optat,
2410 2898 2697 2969 seductiam
2726 2898 3138 2969 commilitonem
3169 2900 3386 2966 quaerit,
3415 2913 3537 2953 eum
3580 2898 3651 2952 de
3685 2915 3797 2969 quo

2196 2969 2343 3023 dicit.
2374 2970 2461 3023 17.
2493 2967 2609 3022 Nisi
2645 2970 2761 3037 quia
2791 2968 3037 3022 Dominus
3053 2969 3245 3038 adjurit
3279 2984 3370 3038 me
3392 3009 3407 3032 ,
3428 2972 3585 3037 paulo
3624 2967 3807 3023 acinus.

2196 3038 2464 3092 habitasset
2493 3040 2544 3093 in
2579 3041 2777 3108 inferno
2816 3038 2986 3091 anima
3016 3037 3146 3091 mea.
3178 3037 3356 3092 Solius
3398 3038 3526 3101 Dei,
3577 3039 3749 3108 inquit
3771 3081 3787 3099 .

2195 3109 2508 3163 commilitio
2540 3123 2674 3178 opus
2694 3107 2951 3162 habemus
2977 3123 2997 3164 ε
3028 3108 3141 3176 ipse
3166 3109 3312 3162 Solos
3337 3121 3434 3178 nos
3460 3120 3636 3177 potest
3653 3111 3795 3164 meti

2193 3189 2378 3233 contra
2412 3176 2784 3233 taletn'aciem.
2815 3178 2929 3232 Non
2968 3178 3277 3231 recordatus
3321 3176 3497 3232 delicti
3534 3182 3615 3233 sui
3659 3195 3793 3248 erga

2195 3249 2487 3314 Bersabee,
2539 3251 2651 3303 inec
2678 3248 2977 3301 modulatus
3004 3249 3122 3301 est?
3150 3248 3269 3301 Nisi
3303 3248 3444 3302 enim
3485 3259 3610 3302 tunc
3643 3250 3794 3303 Deus

2194 3321 2361 3373 misso
2388 3319 2627 3372 Nathaue
2656 3318 2834 3371 Davidi
2864 3319 3145 3373 auxiliatos
3170 3330 3334 3383 esset,
3365 3333 3457 3385 per
3476 3318 3593 3388 ejus
3621 3320 3788 3386 verba

2195 3389 2367 3457 ipsum
2399 3390 2636 3443 excitans
2660 3389 2724 3441 ad
2770 3388 3134 3457 pmnitentiam
3160 3429 3175 3453 ,
3224 3389 3515 3456 periculum
3557 3398 3676 3443 erat
3720 3405 3794 3445 ne

2195 3459 2361 3527 ipsius
2404 3459 2579 3512 anima
2621 3458 2886 3512 habitaret
2932 3458 2984 3510 in
3026 3459 3231 3513 inferno
3257 3500 3270 3523 ,
3314 3458 3427 3513 sive
3464 3460 3517 3515 in
3562 3471 3792 3527 peccato

2192 3531 2400 3582 mortis.

2264 3600 2316 3653 ὅ.
2346 3598 2495 3667 Quod
2522 3598 2566 3653 si
2590 3599 2763 3667 justus
2782 3614 2901 3651 cum
2932 3600 3117 3668 ignave
3143 3614 3199 3651 sc
3225 3598 3381 3666 grrit,
3408 3598 3460 3653 in
3490 3609 3662 3654 morte
3691 3599 3791 3654 ha-

2194 3669 2359 3733 bitat,
2392 3669 2584 3736 impius
2610 3683 2757 3732 certe
2791 3669 3065 3733 inhabitat,
3102 3680 3151 3721 et
3191 3672 3346 3721 sedes
3375 3670 3484 3737 ligit
3512 3688 3526 3724 :
3560 3668 3682 3723 Non
3708 3680 3789 3724 est

2193 3741 2334 3793 enim
2362 3740 2616 3862 gnomodo
2640 3756 2671 3790 a
2693 3747 2894 3807 peccato
2931 3748 3145 3807 emergat
3177 3737 3351 3810 (Psal.
3386 3739 3471 3793 72.
3503 3740 3573 3808 4)
3602 3758 3617 3792 :
3645 3755 3787 3809 quon

2193 3810 2333 3861 uiam
2403 3824 2487 3861 um
2512 3810 2778 3862 ceciderit.
2827 3817 2885 3862 ut
2913 3810 2985 3862 ait
3020 3809 3270 3862 Salomon
3298 3851 3311 3862 .
3364 3810 3416 3862 in
3466 3812 3787 3862 profundum

2192 3810 2333 3861 uiam
2362 3809 2487 3862 Cum
2512 3810 2742 3863 ceciderit
2765 3850 2778 3868 .
2827 3817 2885 3862 ut
2913 3810 2985 3862 ait
3020 3809 3270 3862 Salomon
3298 3851 3311 3872 ,
3364 3810 3416 3863 in
3465 3812 3791 3878 profundunt

2191 3881 2440 3931 malorum
2463 3922 2475 3939 ,
2516 3881 2787 3933 contemnit
2820 3878 3011 3948 (Prov.
3044 3879 3127 3932 18.
3159 3879 3247 3946 5).
3285 3879 3371 3948 18.
3420 3880 3481 3932 Si
3508 3878 3737 3932 dicebam
3762 3922 3785 3946 ,

2192 3949 2360 4002 Motus
2384 3958 2454 4001 est
2479 3966 2565 4017 pes
2587 3966 2753 4015 meus,
2779 3947 3121 4002 miscricordia
3139 3960 3223 4001 tua
3243 3989 3257 4012 ,
3280 3947 3500 4003 Domine
3517 3989 3533 4013 ,
3558 3949 3789 4017 adjuva-

2190 4020 2271 4073 bat
2301 4035 2398 4072 me.
2448 4021 2696 4088 Quisquis
2744 4021 2886 4074 cnim
2928 4021 3203 4087 agnoverit
3228 4030 3284 4073 et
3309 4018 3585 4074 confessu~
3614 4018 3791 4077 {"ch

2189 4100 2464 4157 peccatum
2495 4104 2669 4155 suum,
2703 4098 2755 4143 ct
2781 4104 3070 4153 concassus
3096 4108 3106 4140 ι
3128 4102 3199 4143 ou
3230 4090 3417 4159 ignave
3445 4104 3503 4143 se
3523 4093 3776 4158 gesserit,

2188 4175 2360 4230 neque
2384 4161 2768 4230 desperaverit,
2797 4161 2891 4213 sed
2916 4161 2965 4213 iu
2991 4174 3209 4213 sensum
3241 4162 3440 4230 peccati
3472 4162 3697 4223 venerit,
3728 4161 3779 4217 is

2192 4229 2283 4299 Dei
2315 4229 2565 4282 auxilium
2594 4239 2648 4283 et
2690 4230 3103 4284 miscricordiam
3143 4229 3320 4283 statim
3356 4232 3551 4284 sentiet
3596 4233 3785 4299 opitu-

2188 4298 2406 4353 lantetn.
2443 4300 2528 4353 l9.
2559 4298 2848 4353 Secundum
2878 4300 3248 4353 multitudinem
3273 4300 3505 4353 dolorum
3546 4298 3785 4356 arearum

2186 4369 2240 4420 in
2270 4370 2419 4421 corde
2448 4384 2554 4421 meo
2575 4410 2587 4432 ,
2620 4371 2986 4423 consolationes
3011 4381 3111 4423 tua:
3137 4371 3519 4437 laetiﬁcum-unt
3547 4372 3777 4424 animum

2187 4454 2367 4491 ineant.
2417 4439 2544 4493 Illud
2593 4441 2752 4494 etiam
2798 4450 2881 4493 cst
2928 4439 3116 4494 medici
3154 4442 3373 4494 scientis
3420 4442 3773 4509 ceugruenlia

2186 4510 2492 4563 vulneribus
2513 4509 2795 4564 admovere
2816 4511 3070 4564 remedia.
3099 4510 3317 4563 Doiores
3336 4518 3513 4566 autem
3533 4516 3585 4565 ιιι
3605 4514 3777 4566 corde

2185 4589 2337 4633 vocat
2365 4580 2477 4633 sive
2506 4580 2742 4635 dolorem
2769 4580 2836 4634 de
2867 4580 3095 4647 peccatis
3134 4594 3227 4648 per
3264 4581 3669 4634 conversionem
3716 4592 3776 4636 et

2183 4652 2643 4718 eompunctiuncm
2677 4651 2947 4705 inductum
2972 4665 2985 4714 ;
3016 4650 3129 4705 sive
3152 4650 3393 4705 dolorem
3424 4650 3492 4705 de
3523 4662 3774 4719 peccato.

2182 4735 2302 4790 rum
2337 4721 2494 4774 rebus
2523 4722 2824 4789 prosperis;
2873 4722 2983 4775 sive
3023 4733 3340 4775 uocumcnta
3387 4720 3541 4775 nobis
3570 4720 3774 4790 injuste

2183 4789 2323 4842 illata
2349 4807 2364 4854 ;
2395 4792 2474 4843 his
2500 4792 2747 4845 oumihus
2779 4790 2916 4844 Deus
2941 4802 3319 4861 congruentem
3343 4791 3769 4845 aﬂ‘crtconsola-

2186 4862 2402 4915 tionem.
2436 4860 2567 4914 Nam
2600 4861 2633 4913 ii
2660 4862 2849 4930 quibus
2880 4860 3072 4931 injuste
3096 4861 3301 4915 insidiae
3335 4870 3588 4929 parantur
3615 4903 3629 4925 ,
3664 4878 3769 4915 nu-

2179 4946 2300 4984 vam
2321 4932 2736 4985 consolationem
2760 4933 2895 4985 hanc
2910 4930 3106 4985 Christi
3128 4931 3503 4986 beatitudinem
3528 4930 3729 4985 habent
3751 4950 3768 4986 :

2120 5049 2123 5053 .
2178 5000 2329 5082 Beati
2348 5003 2899 5082 quipersequutiouem
2943 5004 3204 5082 patiuntur
3245 5010 3449 5082 propter
3465 5001 3769 5082 justitiam,

2177 5072 2413 5139 quoniam
2442 5073 2667 5140 ipsorum
2687 5082 2752 5125 est
2775 5088 2979 5142 regnum
3013 5074 3250 5125 (telorum
3294 5072 3517 5143 (Matth.
3547 5072 3600 5127 5.
3634 5072 3765 5141 l0).

2177 5144 2275 5206 Qui
2308 5157 2432 5195 vero
2462 5143 2528 5195 de
2559 5146 2786 5211 peccatis
2812 5144 2921 5195 suis
2945 5155 3159 5211 gemunt
3180 5155 3232 5197 et
3253 5143 3632 5207 lamentantur,
3656 5159 3767 5200 ma-

2177 5226 2279 5280 gna
2319 5220 2373 5265 et
2413 5214 2509 5280 ipsi
2541 5212 2863 5266 beatitudine
2896 5212 3161 5267 deuantur
3194 5232 3206 5263 :
3239 5213 3387 5283 Betui
3419 5214 3504 5281 qui
3550 5214 3764 5283 lugent,

2176 5284 2414 5352 quoniam
2451 5283 2547 5351 ipsi
2587 5284 2974 5356 consolationem
3011 5285 3265 5356 accipient
3296 5282 3313 5353 (
3342 5282 3522 5337 Matth.
3664 5282 3763 5356 5).

2177 5356 2443 5420 Quotquot
2472 5356 2629 5406 etiam
2658 5355 2723 5406 de
2748 5356 2903 5407 rebus
2947 5357 3213 5422 prosperis
3257 5355 3553 5423 iniquorum
3605 5355 3766 5422 inge-

2176 5438 2360 5486 munt,
2393 5436 2513 5476 cum
2565 5426 2692 5492 ipsis
2734 5426 2995 5492 pernicies
3033 5425 3265 5488 advrtiit,
3315 5436 3438 5478 tunc
3476 5441 3625 5477 suam
3658 5426 3760 5491 ipsi

2175 5493 2394 5563 glpriam
2418 5494 2651 5547 sentiunt
2680 5510 2693 5545 :
2729 5493 3000 5547 Lwtubitur
3028 5510 3169 5548 cn.m
3216 5498 3378 5561 iustus
3416 5512 3529 5547 cum
3579 5494 3766 5549 viderit

2176 5564 2443 5614 uindictam
2476 5563 2658 5629 (Psal.
2692 5565 2781 5619 57.
2828 5565 2948 5634 10).
2996 5564 3088 5619 Sin
3133 5581 3258 5619 vero
3298 5565 3497 5618 dixeris
3540 5566 3766 5621 dolores

2176 5635 2365 5686 aninne
2394 5648 2513 5686 esse
2545 5645 2777 5703 peccata,
2807 5644 2987 5704 utpote
3016 5650 3198 5703 pmnas
3226 5645 3279 5689 et
3304 5635 3519 5689 vulnera
3546 5651 3559 5699 ;
3592 5637 3763 5690 inulta

2175 5719 2383 5771 quoque
2406 5720 2566 5772 super
2593 5705 2673 5757 bis
2693 5721 2720 5757 ιι
2744 5706 2953 5759 Christo
2981 5709 3275 5759 consolatio
3295 5708 3547 5760 allenur:
3587 5706 3764 5759 Venite

2174 5776 2241 5825 ad
2267 5788 2342 5826 mc
2365 5816 2376 5836 ,
2412 5792 2582 5846 euntes
2607 5777 2690 5843 qui
2721 5777 2959 5830 laboratis
2983 5788 3027 5830 et
3059 5779 3252 5831 onerati
3289 5779 3405 5831 estis
3424 5816 3439 5836 ,
3475 5788 3520 5830 ct
3550 5793 3641 5846 ego
3673 5793 3759 5830 rc-

2174 5846 2349 5900 creabo
2378 5862 2460 5901 vos
2495 5848 2513 5918 (
2539 5845 2725 5903 illattlt.
2751 5847 2833 5903 11.
2857 5846 2928 5901 9.8
2952 5850 2967 5911 )
2994 5864 3005 5901 :
3035 5865 3096 5904 ac
3122 5862 3329 5905 rursum
3351 5888 3366 5917 ,
3411 5846 3530 5903 Non
3569 5845 3683 5902 rent
3705 5859 3763 5901 ut
