4066 6482
391 325 488 381 777

390 439 547 494 ιιισιιΙυ
591 452 717 506 ergo
747 435 888 506 Deus
919 441 1138 506 vocetur
1187 431 1327 506 qu_od
1374 431 1440 488 ab
1480 431 1587 506 alio
1617 431 1984 506 factum_es_t?

387 510 510 571 Sive
535 500 678 576 ergo'
691 503 1168 576 quiSpiam_adoret
1187 500 1219 570 ,⁷
1230 503 1342 558 sive
1372 517 1478 576 non
1505 502 1725 576 adoret,
1747 500 1850 555 sed.
1871 500 1985 568 glo-

387 571 927 644 rieturfutpote’qui
956 573 1143 628 iecerit
1165 587 1227 644 ea
1263 573 1482 644 quaeat)
1513 571 1622 626 alio
1647 571 1939 624 adorentur
1965 585 1980 644 ξ

386 648 475 701 ille
501 640 712 724 quoque
741 640 931 724 digrius
967 644 1056 724 qui
1095 640 1298 724 pudore
1336 640 1602 724 adiciatur
1622 681 1638 706 ,
1670 649 1856 724 utpote
1890 640 1982 724 qui

383 709 545 787 grave
588 709 962 769 ollendiéulum
986 709 1515 787 in_vi_tam__nostram
1561 710 1840 787 invexerit.
1870 709 1980 761 Ad-

385 780 528 840 erate
539 800 675 846 eum,
699 798 871 854 omnes
893 784 1061 854 angeli
1085 781 1542 854 ejus.Necessario
1566 780 1652 854 hic
1670 780 1982 854 angelorum

382 855 747 912 adorationem
773 848 997 918 iuduxii,
1015 861 1073 908 ut
1092 848 1160 907 ne
1179 852 1558 908 erubescamus
1576 851 1741 906 Deum
1753 848 1983 904 adorare

383 940 543 994 quem
573 923 798 994 adorant
831 923 1004 992 angeli
1031 963 1046 988 ,
1088 922 1352 994 simulque
1386 922 1620 994 sciamus
1643 962 1658 987 ,
1703 934 1843 994 nos2
1887 918 1980 987 qui

385 987 556 1049 Deum
586 993 870 1047 adoramus
894 987 989 1057 ,'in
1016 987 1325 1062 angelorum
1363 990 1607 1046 ordinem
1646 987 1980 1062 ascendere:

384 1063 451 1118 ad
480 1063 594 1117 haec
624 1063 750 1116 item
774 1103 788 1125 ,
814 1057 1126 1131 angelorum
1156 1077 1277 1117 esse
1314 1063 1540 1118 adorare
1559 1103 1575 1128 ,
1609 1075 1713 1115 non
1740 1057 1974 1131 adorari.

381 1132 496 1188 Non
524 1147 651 1200 ergo
676 1128 948 1186 daunones
967 1132 1244 1198 adorandi,
1276 1131 1453 1200 quies
1473 1131 1782 1200 angelorum
1805 1128 1979 1198 digni-

383 1147 496 1188 tVon
524 1147 584 1187 er
617 1147 651 1186 ο
676 1147 948 1186 ummones
967 1147 1244 1198 auoranat,
1276 1147 1453 1200 quies
1473 1147 1782 1200 angetorutn
1805 1147 1974 1198 mgni-

383 1211 491 1256 tate
515 1147 716 1270 deﬁipsi
737 1201 966 1270 suitt.78.
996 1202 1220 1269 Audiuit,
1245 1211 1291 1255 et
1318 1200 1488 1254 laetata
1507 1212 1578 1254 est
1608 1199 1735 1255 Sion
1741 1229 1774 1270 ρ
1820 1209 1866 1252 et
1885 1213 1974 1251 e1:-

382 1267 695 1341 sultaverunt
724 1271 849 1339 ﬁliai
872 1269 1074 1326 ludam:
1108 1267 1314 1341 propter
1332 1271 1532 1340 judicia
1560 1281 1646 1341 tua
1667 1310 1684 1337 ,
1732 1267 1966 1341 Domine.

385 1341 547 1396 Filias
589 1338 789 1410 Judaeze
827 1355 1015 1410 omnes
1047 1338 1143 1410 per
1184 1338 1369 1396 orbem
1418 1340 1707 1410 Ecclesias
1731 1338 1978 1410 vocavit,

385 1409 815 1480 quandoquidem
833 1407 1100 1465 confessio
1123 1410 1176 1464 in
1204 1411 1308 1466 illis
1333 1412 1502 1478 viget:
1525 1411 1604 1466 sic
1627 1408 1768 1464 enim
1795 1407 1978 1480 Judiea

380 1479 703 1550 explicatur.
730 1479 835 1550 Sed
863 1480 991 1534 Sion
1021 1481 1278 1549 praemisit
1298 1520 1313 1542 ,
1351 1488 1534 1550 utpote
1570 1479 1980 1550 primogenitam

385 1548 702 1620 Ecclesiam.
729 1549 875 1614 Haec,
910 1548 1105 1620 inquit,
1130 1550 1332 1604 audivit
1353 1548 1605 1605 ct'ltetata
1627 1556 1710 1604 est
1737 1566 1750 1602 :
1780 1548 1982 1620 audivit

383 1617 781 1688 idololatrarum
813 1617 1194 1686 turpitudinem
1214 1659 1228 1682 ,
1261 1631 1422 1688 atque
1464 1622 1624 1674 etiam
1665 1617 1977 1688 angelorum

381 1687 748 1758 adorationem
772 1729 786 1753 ,
819 1704 921 1758 qua
954 1689 1120 1744 Deum
1147 1687 1406 1749 adorant;
1435 1691 1558 1756 jure
1591 1687 1770 1744 autem
1802 1687 1978 1758 laetata

381 1767 465 1828 est
483 1798 498 1820 ,
527 1757 648 1828 quia
673 1755 1122 1828 Deum'creatura‘.
1163 1768 1366 1828 patrem
1394 1755 1674 1814 adoratum
1705 1758 1853 1828 colit.
1882 1755 1977 1828 Fi-

381 1825 570 1897 liaqué
596 1827 794 1898 JlﬂliBil!
818 1869 833 1891 ,
880 1843 1012 1898 quas
1040 1825 1177 1884 esse
1214 1829 1441 1886 dicimus
1488 1828 1788 1893 Ecclesias,
1818 1826 1977 1898 hujus

455 1898 670 1967 rticipes
712 1897 941 1961 ltetitire,
967 1898 1088 1967 jure
1132 1900 1553 1954 exsultaverunt.
1602 1898 1809 1954 Judicia
1843 1911 1977 1953 vero

460 1966 476 2038 i
507 1966 619 2022 lucc
640 1977 782 2038 sunt,
805 1969 946 2024 circa
972 1966 1091 2034 quae
1116 1969 1365 2038 gaudium
1389 1971 1580 2024 merito
1606 1969 1974 2038 annuntiatur.

379 2035 512 2101 Quia
539 2053 668 2108 ergo
699 2037 732 2091 ii
775 2039 864 2108 qui
889 2035 1161 2108 sculptilis
1201 2039 1460 2105 adorant,
1492 2049 1545 2093 et
1574 2041 1624 2092 in
1666 2039 1821 2093 idolis
1860 2037 1980 2108 glo-

379 2107 624 2178 riantur,
654 2107 824 2178 a_Deo
868 2107 1104 2163 damnati
1153 2109 1356 2178 pudore
1394 2109 1773 2164 suil'unduntur
1797 2151 1813 2171 ,
1859 2107 1977 2162 hare

377 2177 648 2248 quomodo
677 2176 811 2231 facta
834 2178 960 2241 sint,
990 2194 1054 2233 ex
1079 2176 1427 2248 sequentibus
1446 2179 1614 2234 disce.
1639 2179 1694 2235 9.
1720 2178 1976 2244 Quoniam

377 2253 430 2299 tu
460 2245 707 2300 Dominus
726 2247 1002 2302 altissimus
1022 2245 1174 2319 super
1193 2254 1393 2304 omnem
1419 2261 1624 2316 terram,
1653 2249 1805 2319 nimie
1832 2248 1978 2304 exal-

375 2324 509 2391 tatus
528 2334 580 2391 _es
603 2334 758 2386 super
782 2334 954 2372 omnes
973 2317 1114 2373 deos.
1132 2321 1406 2391 Quoniam
1427 2335 1526 2391 per
1543 2335 1767 2391 crucem;
1782 2317 1975 2391 factam

371 2383 629 2454 justitiam
660 2383 1067 2459 commemorat,
1094 2383 1319 2444 altitudo
1346 2383 1522 2445 aufem
1544 2389 1814 2459 Unigeniti
1835 2403 1972 2459 crux

374 2464 496 2530 est:
530 2459 600 2509 ait
627 2458 795 2530 enim,
829 2457 962 2530 Cum
994 2461 1247 2530 eaaltatus
1277 2462 1443 2530 fuero,
1476 2457 1874 2516 omnes'traham
1904 2458 1973 2511 ad

373 2528 618 2594 meipsnm
672 2527 690 2598 (
709 2526 868 2600 Joan.
906 2528 993 2581 1Ξ.
1023 2529 1093 2600 ῖξῖ
1115 2531 1168 2595 );
1201 2526 1418 2600 ιιθηιιὶε
1451 2540 1660 2600 putaret
1699 2530 1971 2600 Christum

371 2611 476 2650 non
500 2607 657 2651 antea
699 2599 987 2652 exaltatum
1031 2598 1194 2655 fuisse
1218 2640 1233 2664 ,
1277 2598 1382 2654 neu
1419 2598 1586 2666 modo
1625 2600 1789 2654 altum
1817 2598 1971 2666 ,‘sed

375 2667 536 2738 etiam
582 2668 899 2722 altissimum
947 2683 1110 2738 super
1155 2655 1369 2725 omnem
1403 2655 1599 2726 terram
1643 2683 1765 2725 esse
1811 2655 1967 2724 dixit.

370 2736 502 2809 cum
535 2752 662 2792 vero
694 2746 890 2809 terram
917 2736 1084 2804 dixit,
1113 2755 1176 2794 ex
1208 2749 1357 2808 parte
1388 2749 1556 2795 totum
1589 2754 1766 2796 rerum
1811 2740 1970 2809 opili-

370 2807 508 2861 cium
551 2808 862 2876 complexus
890 2819 990 2863 est.
1038 2807 1285 2880 Attamen
1313 2811 1740 2879 superexaltatus
1764 2807 1972 2880 est'per

368 2891 582 2932 crucem
607 2886 790 2932 contra
818 2894 1006 2934 omnes
1033 2879 1184 2938 deos.
1214 2881 1419 2936 scilicet
1442 2880 1578 2934 falso
1619 2881 1698 2935 sic
1725 2879 1970 2934 nomina-

369 2957 450 3001 tos
480 2965 494 3001 :
526 2949 648 3017 quia
669 2963 830 3003 cruce
849 2949 1064 3019 dejecti,
1089 2954 1463 3019 experimento
1482 2951 1785 3006 didicerunt
1803 2965 1967 3019 quam

367 3019 612 3073 excelsus
637 3019 707 3091 sit
735 3019 891 3082 Deus,
926 3021 995 3072 ita
1027 3031 1080 3073 ut
1108 3022 1586 3086 perinlirmitatem
1609 3061 1622 3081 .
1651 3019 1971 3091 inputaba-

369 3097 474 3169 tur,
502 3104 596 3170 eos
617 3086 703 3170 qui
724 3099 974 3212 gotentes
993 3091 1455 3156 existimabantur,
1482 3086 1849 3146 debellavérit.
1876 3090 1964 3146 10.

370 3158 468 3225 Qui
490 3159 698 3225 diligitis
776 3161 1021 3224 ominum,
1045 3161 1180 3214 adite
1203 3161 1358 3215 mala.
1383 3161 1452 3217 Ut
1475 3175 1659 3225 puram
1691 3161 1964 3217 inveniens

422 3159 470 3210 iii
490 3159 698 3229 diligitis

364 3231 709 3302 dilectionem
730 3270 747 3296 ,
775 3239 1041 3302 amatores
1075 3239 1131 3285 ut
1161 3245 1316 3302 veros
1346 3233 1406 3286 et.
1433 3229 1698 3302 genuinos
1716 3229 1962 3300 comple-

363 3309 539 3371 etatur
571 3319 584 3354 :
618 3299 690 3371 ita
722 3308 776 3353 ut
801 3301 1043 3371 quisquis
1067 3317 1126 3356 se
1147 3301 1276 3355 dicit
1307 3299 1471 3355 Deum
1495 3301 1740 3370 diligere,
1774 3299 1964 3371 nequi-

366 3370 450 3441 tire
479 3371 639 3441 etiam
680 3369 866 3425 leviter
887 3369 1162 3435 addictus,
1197 3379 1290 3424 aut
1313 3369 1616 3441 quampiam
1645 3386 1823 3426 rerum
1861 3369 1968 3424 sm-

363 3440 625 3493 cularium
669 3454 894 3501 amans,
934 3442 1187 3510 gseipsum
1245 3440 1493 3510 decipiat.
1543 3441 1677 3497 Nam
1737 3441 1968 3495 Amicitia

363 3510 540 3562 mundi
578 3511 728 3579 hujus
758 3509 1021 3563 inimicitia
1059 3513 1110 3564 in
1142 3509 1302 3564 Deam
1343 3509 1438 3575 cst,
1477 3513 1551 3565 ait
1581 3511 1832 3566 Jacobus.
1864 3511 1968 3566 Cu-

363 3581 519 3634 stodit
574 3580 823 3634 Dominus
862 3582 1067 3650 animas
1107 3591 1397 3650 sanctorum
1425 3598 1674 3647 suorum,
1714 3583 1777 3636 de
1812 3598 1967 3637 manu

364 3652 658 3722 peccatoris
691 3649 917 3703 liberabit
960 3651 1096 3722 illas.
1157 3649 1238 3706 Eu
1288 3654 1501 3722 quantis
1542 3651 1967 3722 bonisi'ruimur

360 3736 424 3775 ex
450 3735 581 3790 pura
611 3721 894 3782 dilectione
924 3737 1045 3790 erga
1072 3721 1256 3775 Deum.
1288 3721 1467 3776 Sancti
1494 3723 1634 3778 enim
1667 3721 1963 3785 el‘ticimur,

360 3791 728 3861 etcustodem
771 3791 1034 3845 habemus
1075 3792 1241 3845 Deum
1286 3793 1531 3846 maxima:
1570 3793 1958 3861 possessionis,

359 3860 554 3914 anima:
602 3870 837 3924 nostrm,
890 3870 947 3914 ut
989 3877 1093 3915 non
1142 3863 1312 3917 simus
1363 3862 1462 3917 sub
1510 3860 1668 3926 manu
1721 3863 1960 3918 inimici:

361 3931 500 4002 quod
523 3931 568 3984 si
597 3929 731 3986 forte
760 3932 1033 3995 fuerimus,
1060 3948 1162 3984 non
1188 3947 1286 3986 nos
1304 3931 1547 4002 despicit,
1567 3933 1658 3987 sed
1687 3947 1784 3986 nos
1803 3934 1969 4001 eruit,L

362 4001 708 4072 interpellans
763 4017 892 4056 vere
942 4014 1276 4070 peccatorem
1326 4014 1380 4056 et
1405 4001 1652 4057 radicem
1715 4006 1962 4072 peccati,

360 4070 634 4143 diabolum
663 4088 688 4143 ;r
709 4072 862 4126 nobis
891 4083 1067 4125 autem
1099 4088 1313 4125 mmmm
1353 4073 1581 4143 porrigit
1609 4083 1666 4126 ut
1697 4070 1979 4143 fugiamus.

360 4156 483 4194 cum
510 4142 597 4214 qui
623 4142 801 4214 inique
827 4143 880 4214 in
906 4143 1268 4214 t_ios_insurgit.
1302 4139 1387 4196 11.
1422 4139 1538 4197 Lua:
1562 4154 1676 4196 orta
1699 4139 1778 4198 es?
1791 4146 1957 4214 justo,

360 4221 405 4263 et
427 4213 574 4265 rectis
603 4212 753 4267 corde
779 4212 975 4265 la'titia.
1003 4212 1108 4266 Lex
1135 4213 1223 4265 Dei
1247 4213 1460 4267 lucerna
1483 4223 1538 4267 et
1564 4213 1651 4266 lux
1676 4212 1831 4281 justis
1853 4225 1956 4269 est.

359 4282 696 4353 Quapropter
737 4283 860 4336 alibi
907 4283 1036 4336 dicit
1075 4282 1238 4336 David
1271 4300 1282 4335 :
1313 4281 1544 4353 Lucerna
1584 4284 1795 4353 pedibus
1836 4288 1961 4338 meis

359 4352 564 4425 gerbum
585 4363 746 4425 tuum,
769 4362 819 4406 et
850 4353 1016 4425 tamen
1039 4354 1228 4425 semitis
1254 4354 1376 4406 meis
1404 4352 1422 4423 (
1448 4351 1608 4425 l’salgr
1629 4354 1748 4412 118.
1784 4355 1887 4409 105
1909 4353 1952 4425 ).

359 4421 740 4497 Is_ipse_rectis
770 4423 930 4497 corde
953 4463 968 4486 ,
989 4423 1252 4497 videlicet
1278 4421 1423 4477 recte
1465 4423 1830 4491 gradientibus
1862 4421 1957 4497 he-

359 4493 527 4545 titiam
557 4492 727 4546 indit:
755 4493 893 4546 viam
919 4493 1058 4546 enim
1091 4495 1193 4547 illis
1214 4535 1226 4557 ,
1250 4492 1415 4561 quam
1447 4503 1653 4562 optant,
1685 4496 1955 4562 ostendit,

357 4571 412 4615 et
439 4562 504 4615 ad
537 4563 760 4617 virtutes
784 4604 798 4627 ,
836 4578 968 4630 quas
999 4563 1146 4618 adire
1173 4563 1429 4628 student,
1479 4564 1683 4618 invitat.
1719 4565 1798 4618 Tu
1828 4580 1959 4620 vero

359 4631 536 4706 lucem
575 4635 837 4706 cijentem
870 4633 1209 4706 Unigenitum
1253 4634 1650 4706 esseeintellige
1676 4676 1691 4697 ,
1740 4634 1808 4690 de
1847 4651 1979 4706 quq.

355 4701 592 4756 Joannes
621 4703 925 4776 Theologus
963 4704 1217 4770 seripsit:
1254 4701 1442 4776 Omnia
1487 4701 1782 4776 per‘ipsam
1822 4701 1959 4776 facta

355 4781 471 4845 sunt
490 4815 504 4837 ,
523 4783 585 4845 _et
614 4775 722 4827 sine
746 4775 856 4840 ipso
899 4777 1191 4845 factumest
1216 4774 1350 4845 nihil
1375 4775 1512 4843 quod
1529 4774 1727 4845 factum
1755 4774 1848 4845 est.
1887 4775 1958 4831 In

353 4842 465 4918 ipso
485 4843 585 4896 vita
606 4856 710 4896 erat
722 4885 742 4918 _,
765 4853 812 4895 et
833 4845 939 4918 vita
952 4852 1062 4918 erat
1093 4842 1463 4918 lucc/tantitanti
1484 4842 1665 4918 (Joan.
1699 4847 1752 4899 1.
1775 4844 1836 4899 ⁷5.
1858 4854 1893 4900 4
1909 4846 1952 4918 ).

355 4860 371 4893 ι
411 4860 465 4895 so
485 4860 585 4896 vita
606 4860 710 4896 erat
730 4885 742 4906 ,
765 4860 812 4895 et
833 4860 931 4895 vita
955 4860 1062 4896 erat
1093 4860 1183 4896 tua:
1203 4860 1463 4896 hominum
1484 4860 1665 4912 (toan.
1699 4860 1721 4899 1
1736 4883 1752 4898 .
1782 4860 1836 4899 'o.
1858 4860 1893 4900 4
1909 4860 1952 4918 ).

355 4860 690 4985 ὄςιαρτρριετ
722 4916 893 4985 ipsum
924 4912 1198 4985 Malachiel
1222 4914 1390 4968 solem
1418 4916 1658 4977 vocavit,
1689 4925 1744 4969 et
1766 4931 1956 4985 quem-

353 4981 639 5036 admodum
672 4981 1055 5054 David,ipsum
1085 4984 1347 5054 oriturum
1377 4998 1495 5038 esse
1517 4985 1682 5054 justis
1710 4981 1954 5041 declara-

353 5055 465 5111 vit:
512 5055 585 5108 ait
610 5055 752 5107 enim
783 5071 796 5105 :
834 5053 1038 5107 Orietur
1072 5053 1207 5108 vobis
1247 5053 1532 5108 timentibus
1568 5055 1844 5109 Dominum
1879 5057 1959 5112 sol

342 5122 658 5196 justitiayet
697 5125 892 5196 medela
928 5125 982 5196 in
1020 5124 1126 5196 alis_
1155 5124 1264 5196 eius
1293 5123 1467 5196 (Mal.
1492 5125 1553 5196 74.
1582 5123 1680 5196 2).
1711 5127 1799 5180 12.
1832 5125 1951 5182 La:-

352 5195 552 5255 tantini,
575 5195 728 5262 justi,
752 5196 802 5247 in
827 5194 1066 5247 Domino.
1099 5193 1246 5248 Beati
1279 5193 1346 5247 ob
1367 5195 1618 5264 gaudium
1637 5193 1777 5252 sunt
1797 5196 1949 5264 justi.

354 5264 408 5316 In
443 5265 594 5318 nullo
620 5267 761 5320 enim
810 5265 1114 5319 mortalium
1148 5265 1521 5321 ﬂuxorumuue
1569 5266 1830 5320 honorum
1858 5268 1950 5321 lae-

354 5281 408 5316 ltl
443 5281 594 5318 nutto
620 5281 761 5320 enim
810 5281 1114 5319 mortalium
1148 5281 1521 5386 ttuxorumque
1569 5281 1830 5320 nouorum
1858 5281 1950 5321 tae-

354 5343 568 5398 tantur,
601 5335 694 5389 sed
726 5336 777 5388 in
813 5336 956 5400 Deo,
993 5335 1044 5388 in
1076 5349 1182 5404 quo
1216 5335 1377 5387 Omne
1449 5343 1588 5388 atum
1632 5339 1954 5401 optinuisset

352 5421 498 5476 omne
525 5405 716 5459 donum
742 5405 1017 5476 perfectum
1044 5400 1307 5476 desursum
1330 5414 1422 5467 est,
1445 5415 1504 5458 ut
1519 5421 1583 5460 ex
1607 5400 1846 5475 Epistula
1867 5406 1977 5463 λεια·

349 5475 468 5528 cobi
499 5475 650 5544 (Cap.
683 5474 815 5530 1.ὐ.
849 5477 953 5544 I7)
977 5475 1229 5528 didicisti.
1264 5474 1328 5526 Et
1363 5474 1673 5543 conﬁtemini
1701 5480 1957 5532 memoria:

349 5546 765 5612 sanctiﬁcationis
778 5547 909 5615 ejus.
929 5545 1333 5616 Conlessionein
1350 5547 1462 5599 sive
1484 5549 1773 5616 gratiarum
1797 5551 1957 5604 actio«

351 5630 469 5668 nem
497 5616 696 5670 dixeris
717 5614 829 5670 sive
850 5615 1167 5670 delictorum
1208 5614 1599 5671 confessionem
1633 5635 1644 5669 :
1677 5623 1790 5672 inec
1811 5633 1954 5674 enim

1717 316 1778 372 IN
1820 314 2138 374 PSALIIUM
2176 312 2383 373 XCVII.

776 3161 1021 3224 ominum,
1045 3161 1180 3214 adite
1203 3161 1358 3215 mala.
1383 3161 1452 3217 Ut
1475 3175 1659 3230 puram
1691 3161 1969 3230 inveniens
2002 3218 2006 3221 _

3607 309 3711 362 7Ῐῆ

2095 428 2138 482 si
2147 443 2209 481 re
2229 425 2800 482 commemorationem
2822 422 3119 479 sanctitatis
3135 421 3226 477 Dei
3249 418 3510 482 procedit.
3535 418 3710 490 Opor-

2095 507 2167 552 tet
2195 498 2338 552 enim
2368 495 2466 565 ipsi
2496 497 2695 566 gratias
2719 507 2920 566 agere;
2953 493 3094 566 quod
3123 493 3284 546 etiam
3309 491 3556 566 homines
3580 505 3710 566 san-

2089 559 2431 622 ctiﬁcationis
2457 559 2744 636 participes
2757 559 3005 636 etlecerit
3023 582 3037 618 :
3058 571 3259 636 parest
3278 562 3439 636 etiam
3461 559 3709 636 homines

2087 651 2210 691 sese
2234 631 2546 704 peccatores
2564 631 2832 690 conﬁteri.
2853 631 3206 704 Quantumvis
3229 631 3378 704 enim
3390 631 3566 700 justus
3587 631 3708 699 quis

2089 702 2268 770 fuerit,
2301 715 2643 774 comparatus
2673 719 2795 774 cum
2838 703 3264 774 sanctiﬁcatione
3292 702 3381 774 Dei
3401 709 3705 774 ,‘peccator

2085 771 2539 845 deprehendit—ur;
2561 776 2630 828 ita
2651 775 2711 828 ut
2725 773 2888 829 Isaias
2908 773 3044 828 dicat
3074 790 3087 827 :
3110 772 3290 827 Omnis
3303 771 3511 845 iustitia
3530 782 3706 845 nostra

2084 840 2215 901 sicut
2240 862 2442 916 pannus
2466 854 2794 906 menstruata:
2811 845 2866 898 in
2900 853 3171 912 conspectu
3194 852 3280 895 tuo
3302 840 3456 908 (lsai.
3480 840 3570 896 64.
3601 842 3634 896 6
3657 841 3698 910 ).

2363 962 2417 1016 1.
2459 959 2664 1014 Doridi.
2708 957 2952 1013 Alleluia.
2998 956 3239 1012 Psalmus
3278 971 3439 1012 xcvtt.

2161 1053 2212 1107 1.
2251 1051 2367 1106 Νοη
2398 1051 2517 1108 sine
2544 1065 2705 1106 causa
2730 1049 2918 1104 Πανίάί
2944 1049 3189 1104 Psalmus
3219 1048 3572 1102 inscribitur:
3602 1050 3697 1105 sed

2087 1124 2212 1194 quia
2224 1124 2499 1194 mysteria
2526 1120 3093 1194 Christiprzenuntiat,
3124 1134 3283 1194 quem
3315 1133 3412 1194 per
3440 1118 3699 1194 Davident

2087 1189 2494 1263 intelligendum
2536 1206 2658 1263 esse
2705 1189 2952 1263 Ezechiel
3004 1189 3264 1263 propheta
3292 1230 3307 1253 ,
3347 1189 3470 1263 _im_o
3521 1190 3701 1263 potius

2084 1258 2314 1331 Spiritus
2356 1271 2574 1317 sanctus
2622 1261 2674 1315 in
2727 1262 2845 1329 ipso
2891 1261 3115 1329 loquens
3160 1260 3305 1315 clare
3345 1258 3593 1331 indicat_:
3627 1261 3703 1314 ait

2085 1328 2229 1386 enim
2259 1350 2272 1363 ·
2303 1331 2371 1385 Et
2395 1328 2809 1397 suscitabovobis
2837 1328 3088 1401 pastorem
3113 1345 3311 1401 servum
3341 1344 3510 1383 meum
3530 1328 3702 1401 David

2086 1401 2300 1465 (Ezech.
2331 1403 2420 1458 34.
2443 1403 2560 1471 25).
2587 1403 2747 1469 Atqui
2779 1399 2948 1471 David
2973 1399 3157 1454 multis
3183 1407 3309 1471 ante
3334 1400 3696 1471 generationi-

2083 1472 2184 1526 bus
2211 1484 2456 1542 mortuus
2476 1468 2588 1527 erat
2620 1489 2633 1524 :
2665 1468 2761 1527 sed
2788 1469 3042 1542 Davident
3067 1479 3220 1542 vocat
3245 1468 3556 1534 Christum;
3587 1485 3697 1525 non

2083 1542 2246 1596 modo
2273 1539 2328 1596 ut
2352 1559 2418 1596 ex
2450 1542 2648 1596 Davide
2674 1551 2851 1595 ortum
2873 1584 2888 1607 ,
2922 1539 3016 1594 sed
3045 1541 3204 1593 etiam
3239 1549 3295 1593 ut
3322 1554 3537 1607 regem;
3572 1554 3692 1596 ser-

2081 1627 2207 1666 vum
2239 1621 2416 1665 autem
2438 1653 2450 1672 ,
2486 1621 2671 1679 utpote
2698 1612 2792 1680 qui
2816 1611 2954 1665 servi
2988 1610 3214 1664 formam
3245 1610 3534 1680 acceperit.
3569 1609 3696 1665 Ideo

2082 1697 2228 1737 nunc
2275 1697 2380 1735 non
2424 1678 2642 1736 Davidis
2689 1678 2932 1735 Psalmus
2982 1680 3325 1739 inscribitur.
3360 1678 3692 1735 sedDavitli.

2082 1751 2295 1806 Cantate
2317 1751 2537 1806 Domino
2563 1752 2819 1804 canticum
2845 1767 3049 1805 nomon.
3078 1749 3294 1817 Quare?
3320 1749 3454 1812 Quia
3479 1751 3690 1804 mirabi-

2081 1821 2152 1875 lia
2184 1822 2320 1891 fecit.
2355 1821 2468 1877 IIoe
2491 1832 2573 1876 est
2593 1836 2723 1888 ergo
2750 1821 2872 1875 novi
2898 1821 3092 1891 cantici
3120 1831 3518 1891 argumentum,
3544 1821 3689 1890 quod

2084 1889 2342 1946 Dominus
2371 1892 2630 1948 mirabilia
2662 1891 2839 1956 iaciat,
2870 1891 2953 1945 vel
2986 1889 3344 1960 Ρτοάίῃὶηιυι
3371 1889 3690 1960 interpreta-

2083 1970 2171 2034 t_us
2217 1969 2302 2017 est
2343 1961 2718 2034 Symmachus.
2757 1961 3024 2027 ‘Quamam
3069 1960 3195 2034 illa?
3246 1959 3688 2034 StyvacitA’ipsam

2078 2031 2286 2088 dextera
2315 2029 2424 2102 ejus
2451 2041 2498 2086 et
2539 2032 2801 2085 brachium
2841 2041 3076 2102 sanctum
3114 2032 3246 2102 ejus.
3300 2029 3503 2102 Ecquid
3542 2029 3688 2087 illud

2079 2100 2546 2170 miraculi—liabet,
2595 2102 2697 2156 nisi
2727 2101 2870 2171 quod
2903 2101 3064 2155 homo
3094 2100 3164 2155 ob
3191 2100 3458 2171 nequitite
3486 2115 3680 2158 exces-

2077 2186 2197 2242 sum
2245 2173 2396 2242 quasi
2439 2169 2758 2242 desperatus
2783 2171 3090 2227 esset?.lta
3132 2180 3189 2224 ut
3231 2169 3398 2242 Isaias
3432 2170 3674 2242 diceret:

2081 2240 2246 2314 omne
2265 2240 2424 2314 caput
2466 2243 2520 2296 in
2543 2240 2771 2314 laborent
2795 2282 2808 2304 ,
2855 2252 2902 2296 et
2945 2257 3093 2314 omne
3129 2257 3219 2294 cor
3254 2241 3320 2314 in
3349 2240 3598 2298 dolorem.
3637 2245 3682 2296 Α

2077 2313 2286 2382 pedibus
2314 2311 2472 2383 usque
2507 2313 2576 2366 ad
2601 2322 2757 2382 caput
2785 2329 2888 2366 non
2917 2321 2991 2366 est
3029 2313 3082 2364 in
3122 2326 3180 2364 eo
3206 2311 3400 2383 sanitas
3421 2353 3438 2376 ,
3483 2329 3584 2366 non
3611 2325 3687 2368 cst

2075 2380 2289 2453 miluus,
2321 2380 2423 2437 non
2447 2383 2590 2436 uibar:
2609 2424 2622 2444 ,
2654 2380 2754 2436 non
2791 2383 2950 2453 plaga
2990 2391 3206 2453 tumens.
3242 2380 3364 2434 Non
3389 2391 3552 2453 potest
3578 2400 3684 2436 em-

2075 2452 2327 2523 plastrum
2354 2455 2580 2523 apponi,
2626 2469 2727 2506 non
2771 2450 2972 2518 oleum,
3007 2468 3129 2523 non
3153 2450 3398 2522 ligamina
3431 2450 3596 2521 (Isai.
3628 2455 3679 2508 1.

2075 2470 2327 2520 ptastrum
2354 2470 2422 2523 ap
2493 2470 2580 2518 nt,
2626 2470 2727 2506 non
2771 2470 2972 2518 etcum,
3007 2470 3108 2505 non
3153 2470 3398 2522 ngamma
3431 2470 3596 2521 (sset.
3628 2470 3679 2508 1.

2074 2523 2128 2576 5.
2157 2522 2246 2592 6).
2281 2470 2603 2578 Davidﬂero
2632 2524 2709 2577 sic
2738 2543 2752 2579 :
2783 2524 2976 2577 Omnes
3001 2521 3398 2588 declinaverunt,
3458 2525 3578 2577 intul
3603 2525 3683 2578 ia-

2074 2594 2222 2648 utiles
2264 2595 2388 2665 facti
2413 2603 2527 2647 sunt
2553 2610 2572 2647 :
2593 2609 2700 2665 non
2728 2593 2916 2665 estqui
2943 2595 3097 2665 faciat
3125 2593 3398 2645 bonitatem
3421 2634 3436 2658 ,
3481 2610 3582 2647 non
3610 2605 3683 2649 est

2073 2679 2232 2734 usque
2264 2661 2344 2716 'ad
2387 2681 2545 2718 unum
2580 2663 2599 2734 (
2618 2663 2763 2717 Psal.
2797 2661 2885 2718 I3.
2913 2661 3011 2734 5,).
3055 2661 3166 2729 Qua
3203 2665 3252 2716 in
3288 2679 3347 2716 re
3376 2665 3595 2734 dextera
3627 2677 3682 2719 et

2073 2732 2294 2790 brachio
2323 2734 2418 2790 Dei
2448 2732 2754 2789 neceSsario
2781 2748 2917 2804 opus
2945 2732 3070 2797 fuit,
3105 2734 3356 2804 videlicet
3387 2732 3678 2804 Unigenito

2071 2804 2211 2875 ejus.
2242 2804 2422 2873 Ipsum
2447 2805 2591 2860 enim
2618 2803 2870 2872 exprimit
2898 2803 3408 2873 utrumque'dictum
3438 2821 3451 2857 :
3480 2803 3549 2859 de
3567 2822 3678 2875 quo

2073 2874 2233 2930 etiam
2275 2876 2438 2930 Isaias
2463 2877 2593 2930 dicit
2622 2893 2635 2928 :
2665 2876 2809 2930 Sicut
2838 2885 3013 2944 pastor
3034 2875 3290 2944 populum.
3307 2890 3455 2926 suum
3484 2874 3676 2944 pascet.

2071 2956 2119 3016 et
2149 2947 2353 3016 brachio
2380 2961 2475 2999 suo
2513 2945 2834 3016 congregabit
2863 2963 3023 3014 agnos
3053 2945 3211 3015 (lsai.
3237 2945 3323 3000 10.
3359 2946 3418 2999 11
3443 2947 3461 3015 )
3490 2963 3501 2996 :
3535 2949 3675 3015 quod

2071 3014 2346 3074 brachium
2378 3014 2650 3084 psalmista
2682 3014 2788 3070 non
2828 3016 2946 3070 sine
2970 3014 3131 3071 causa
3165 3026 3408 3070 sanctmn
3444 3014 3674 3080 Vocavit,

2071 3086 2167 3166 _s_ed
2190 3086 2333 3166 illud
2360 3087 2412 3140 in
2443 3087 2655 3166 propria
2683 3086 3123 3166 sibi_substantia
3151 3085 3450 3166 ostendere.
3464 3087 3672 3166 volens.

2070 3155 2203 3211 Illud
2227 3171 2354 3224 ergo
2375 3153 2648 3226 opiﬁcium
2672 3157 2812 3225 quod
2842 3157 3074 3225 perierat
3101 3157 3334 3211 servavit
3359 3174 3371 3209 :
3395 3153 3518 3210 Non
3539 3160 3676 3211 enim

2069 3227 2201 3298 uenit
2224 3227 2462 3298 judicare
2488 3227 2754 3298 mundam,
2783 3227 2874 3281 sed
2902 3225 3102 3298 salvere
3129 3226 3583 3298 nmndunt_(.loan.
3611 3230 3672 3283 5.

2071 3297 2201 3369 17).
2234 3297 2388 3364 Quod
2403 3306 2598 3369 autem
2630 3296 2898 3367 Uuigcniti
2924 3297 3220 3369 adventum
3251 3296 3518 3369 propheta
3547 3300 3674 3355 sub-

2069 3367 2484 3438 indicet_(solus
2528 3369 2672 3422 enim
2714 3371 2831 3435 ejus
2872 3368 3136 3423 adventus
3166 3367 3338 3438 genus
3379 3368 3670 3424 humanmn

2069 3435 2321 3502 servat),
2357 3438 2407 3491 id
2457 3438 2621 3492 Isaias
2664 3438 2934 3508 declarat,
2973 3437 3093 3492 Non
3122 3435 3351 3508 legatus,
3401 3439 3668 3508 inquiens,

2069 3525 2172 3561 non
2196 3509 2445 3575 angelus;
2489 3508 2577 3561 sed
2616 3509 2725 3577 ipse
2760 3507 3013 3562 Dominus
3042 3507 3199 3562 veniet
3218 3550 3231 3566 .
3263 3519 3308 3562 et
3336 3507 3550 3562 salvabit
3579 3527 3672 3564 nos

2069 3578 2089 3649 (
2116 3577 2245 3649 lsqi.
2285 3578 2372 3632 65.
2419 3579 2539 3649 9)_;
2597 3578 2726 3633 illud
2781 3594 2994 3648 quoque
3039 3579 3317 3649 sequentia
3367 3579 3662 3634 declarant.

2066 3648 2122 3703 2.
2148 3647 2204 3702 Ν
2207 3659 2341 3704 otum
2365 3649 2480 3719 fecit
2505 3647 2751 3704 Dominus
2770 3647 2996 3703 salutare
3015 3647 3182 3714 suum,
3211 3659 3328 3702 ante
3347 3660 3670 3718 conspectum

2066 3719 2287 3788 gentium
2333 3719 2570 3772 ‘revelavit
2608 3720 2858 3787 justitiam
2901 3735 3066 3773 suam.
3115 3719 3360 3773 Salutare
3412 3728 3468 3775 et
3506 3719 3665 3789 justi-

2069 3791 2198 3844 tiam
2220 3803 2364 3858 saepe
2382 3789 2654 3843 Christum
2682 3791 2983 3860 signiﬁcare
3009 3789 3122 3858 jam
3147 3799 3302 3844 antea
3335 3790 3532 3860 dictum
3561 3802 3664 3846 est.

2071 3860 2168 3914 llic
2194 3874 2343 3930 vero,
2366 3859 2800 3930 propheticarutn
2844 3860 3142 3914 dictionum
3170 3862 3441 3914 accuratio
3470 3859 3666 3930 depre-

2067 3929 2351 3996 henditur,
2396 3929 2666 4000 quomodo
2713 3931 2860 3998 prius
2902 3931 3075 3998 ipsum
3105 3941 3328 3994 notum,
3363 3929 3667 4000 deindeque

2065 4001 2360 4058 reselatum
2389 3999 2551 4055 fuisse
2580 3999 2808 4054 dicatur.
2841 4001 3022 4055 Primo
3051 4002 3292 4055 notitiam
3324 4002 3515 4056 indidit
3544 3999 3663 4071 pro-

2063 4071 2273 4142 phetis',
2302 4071 2494 4142 quibus
2526 4071 2665 4142 illius
2708 4073 2942 4138 cognitio
2967 4072 3273 4142 concredita
3302 4082 3413 4134 est,
3445 4088 3510 4126 ex
3538 4088 3634 4142 spe

2063 4138 2329 4196 cuiatione
2352 4141 2616 4210 Spiritus:
2651 4141 2719 4194 ita
2751 4149 2809 4195 ut
2853 4143 2966 4210 ipse
3008 4138 3265 4196 Dominus
3290 4142 3432 4196 dicat
3463 4160 3476 4195 :
3503 4138 3668 4196 Abra-

2063 4214 2182 4265 ham
2215 4221 2355 4280 pater
2394 4223 2563 4265 noster
2592 4212 2856 4264 exsultavit
2894 4220 2948 4264 ut
2989 4212 3181 4266 uideret
3222 4215 3355 4266 diem
3383 4229 3550 4266 meum
3571 4255 3585 4277 ,
3618 4227 3665 4269 et

2061 4283 2206 4349 vidit,
2250 4292 2296 4336 et
2325 4284 2526 4352 gavisus
2565 4292 2638 4335 est
2675 4281 2876 4352 (Joan.
2905 4282 2959 4337 8.
2991 4281 3060 4337 56
3083 4284 3122 4350 ).
3170 4282 3453 4337 Revelalus
3483 4293 3662 4339 autem

2061 4352 2293 4422 denique
2318 4360 2402 4406 est
2428 4363 2522 4421 per
2547 4367 2786 4423 earnem,
2818 4353 3144 4422 insuperque
3176 4369 3272 4422 per
3294 4353 3660 4423 apostolorum

2062 4420 2341 4492 miracula,
2388 4437 2508 4492 qum
2554 4420 2825 4492 Unigeniti
2874 4420 3123 4478 virtutem
3177 4420 3348 4491 palam
3397 4426 3657 4480 fecerunt.

2059 4491 2129 4563 lu
2155 4491 2422 4562 conspectu
2451 4491 2698 4563 gentium)
2727 4492 2820 4546 Hze
2848 4495 2994 4549 enim
3019 4493 3302 4548 credentes
3333 4494 3532 4548 Christi
3562 4496 3663 4548 ad-

2060 4574 2281 4618 ventum
2299 4571 2678 4635 susceperunt.
2709 4564 2958 4633 Alioquin
2989 4578 3139 4630 vero,
3171 4565 3295 4634 quia
3321 4564 3583 4621 adventus
3611 4567 3662 4620 in

2058 4648 2224 4688 carne
2263 4633 2406 4688 clara
2455 4633 2845 4688 demonstratio
2893 4646 2977 4688 ρει
3030 4633 3296 4689 idolorum
3340 4636 3660 4701 destructio,

2060 4701 2377 4774 Uuigenitus
2421 4703 2559 4774 haud
2601 4704 2764 4758 dubie
2801 4706 3028 4759 revelari
3061 4715 3238 4769 potest
3286 4707 3337 4760 in
3367 4716 3663 4773 conspectu

2059 4775 2316 4843 gentium.
2351 4775 2404 4829 3.
2435 4773 2748 4827 Iterat-datus
2785 4783 2855 4829 est
2900 4775 3262 4830 misericordia:
3299 4793 3406 4830 sua:
3442 4774 3662 4839 Iacobo,

2060 4856 2106 4898 et
2145 4845 2370 4899 veritatis
2406 4858 2515 4899 sua:
2558 4844 2733 4897 domui
2778 4843 2962 4900 Israel.
3005 4845 3130 4904 Cur-
3157 4861 3265 4901 non
3303 4848 3432 4901 satis
3477 4845 3664 4902 habuit

2058 4915 2228 4996 lacob
2251 4914 2451 4996 dicere,
2480 4913 2577 4969 sed
2853 4913 3014 4996 Israel
3037 4915 3254 4986 adjecit,
3287 4917 3384 4996 nisi
3416 4923 3476 4974 ut
3499 4916 3668 4973 doce-

2060 4995 2163 5052 ret,
2191 5001 2315 5039 eum
2346 4985 2519 5057 ipsum
2550 4985 2639 5055 qui
2670 4999 2741 5057 ea
2784 5001 2904 5057 quae
2932 4986 3042 5055 jam
3074 4985 3498 5054 prmnunlianlur
3525 5002 3664 5057 ope—

2059 5069 2207 5111 ratus
2234 5065 2346 5120 est,
2375 5054 2632 5109 Jacobum
2666 5054 2918 5111 Israelem
2939 5054 3464 5125 'cognominavisse?
3512 5054 3663 5124 Qua-

2059 5136 2279 5197 propter
2301 5140 2426 5199 cum
2451 5125 2543 5179 illo
2584 5126 2882 5199 luctabatur
2902 5170 2915 5190 ,
2949 5139 3005 5199 ut
3036 5129 3418 5182 incarnationis
3451 5140 3660 5199 mystc-

2059 5195 2195 5251 rium
2227 5195 2590 5264 praefiguraret
2620 5213 2632 5249 :
2665 5197 2847 5252 carnis
2879 5198 3022 5252 enim
3071 5205 3155 5252 est
3196 5200 3380 5253 luctari
3405 5242 3419 5264 ,
3461 5195 3523 5254 et
3554 5200 3665 5253 cir-

2061 5265 2736 5338 cumplecti-.Becordatus-
2772 5269 2949 5336 itaque
2991 5278 3072 5322 est
3098 5269 3280 5323 Jacobi
3329 5277 3383 5323 et
3423 5270 3659 5333 Ial'delis,

2061 5351 2116 5392 et
2153 5336 2221 5409 in
2247 5337 2472 5409 gratiam
2501 5336 2994 5409 illiusm‘ysterium
3042 5339 3303 5406 implevit.
3345 5340 3463 5406 Quo
3505 5351 3664 5409 pacto

2061 5407 2230 5463 illud?
2251 5407 2490 5462 Accessit
2514 5406 2760 5462 videlicet
2785 5408 2850 5462 ad
2872 5423 3001 5462 oves
3023 5424 3142 5478 qua:
3165 5412 3441 5477 perierunt
3466 5406 3662 5464 domus

2062 5479 2226 5534 Israel
2249 5495 2288 5543 ,'
2317 5493 2421 5530 non
2469 5478 2573 5531 illis
2619 5478 3040 5533 misericordiam
3089 5481 3404 5550 impertiens
3426 5482 3462 5606 ὦ
3487 5496 3663 5549 neque

2064 5551 2206 5605 enim
2235 5547 2380 5606 digni
2411 5549 2608 5606 erant).
2638 5549 2730 5603 sed
2756 5548 2978 5606 Jacobo.
3002 5565 3067 5603 ex
3097 5566 3203 5606 nuo
3232 5566 3401 5606 genus
3467 5553 3662 5606 uectus.

2064 5547 2608 5620 enimidignierant),
2638 5549 2730 5603 sed
2756 5548 2978 5615 Jacobo,
3002 5565 3067 5603 ex
3097 5547 3203 5619 quo
3232 5566 3401 5620 genus
3426 5547 3662 5606 dueelia.

2065 5631 2172 5674 tur.
2201 5618 2531 5675 Recordatus
2569 5628 2650 5674 est
2688 5620 2849 5674 etiam
2883 5618 3129 5674 veritatis
3150 5618 3341 5676 domus
3373 5622 3533 5678 Israel
3565 5622 3660 5675 he-

349 5688 515 5740 ctiam
541 5686 699 5754 justis
729 5687 1018 5758 competit;
1051 5687 1302 5758 quoniam
1332 5687 1508 5740 nullus
1539 5690 1641 5742 erit
1669 5691 1760 5758 qui
1788 5691 1950 5755 vivet,
2005 5703 2010 5709 '
2046 5687 2420 5746 ‘ne'dietionem
2467 5690 2608 5742 illam
2653 5705 2812 5758 quam
2841 5691 3000 5744 Israel
3025 5733 3038 5754 ,
3074 5701 3130 5744 ut
3155 5692 3507 5746 hereditatem
3541 5693 3659 5746 libis

350 5767 401 5812 et
434 5773 541 5813 non
572 5757 835 5826 peccabit.
865 5756 1181 5812 Necessario
1210 5766 1386 5812 autem
1428 5759 1494 5813 ad
1522 5756 1949 5816 recordationem

2063 5761 2198 5829 suis,
2246 5760 2299 5814 iu
2346 5761 2540 5816 tribtnn
2566 5761 2701 5817 Juda
2747 5761 3120 5833 prophetando
3149 5763 3406 5828 contulit,
3438 5765 3488 5819 in
3527 5774 3657 5832 opus
