4066 6454
470 333 573 387 779

468 447 773 507 adducens,
813 441 1197 512 veritatemque
1247 442 1445 498 iaciens
1486 452 1645 497 :erat
1690 449 1868 512 autem
1915 440 2001 512 illa
2034 457 2047 493 :

470 516 594 571 Non
617 517 813 583 deﬁciet
840 516 1072 583 princeps
1100 510 1162 567 ex
1179 512 1342 575 ludo,
1372 528 1530 582 neque
1556 512 1664 565 dux
1692 517 1758 583 de
1778 510 2053 579 femoribus

468 588 609 655 ejus,
639 581 797 637 donec
822 581 983 655 ueniat
1015 581 1091 655 ist
1110 598 1190 655 ent
1228 581 1502 655 repositum
1529 591 1600 635 est
1622 623 1637 645 ,
1668 590 1713 655 et
1741 581 1849 647 ipse
1874 595 2053 648 ωερε.-

468 652 621 725 ριαιίο
643 655 865 725 gentium
891 653 1041 724 (Gen.
1066 652 1297 725 £9.10);
1326 653 1528 718 Quibus
1555 652 2052 725 apprimeeonsen-

471 720 750 793 tiuntquzn
788 720 1082 793 sequuntur
1113 721 1405 793 {Viderunt
1448 737 1618 793 omnes
1665 720 1863 793 termini
1907 728 2056 793 terra

468 790 695 849 salutare
718 792 815 851 Dei
860 790 1039 847 nostri.
1066 792 1147 847 Ad
1181 792 1396 846 Judrcos
1424 792 1565 846 enim
1598 800 1648 844 ut
1682 790 1780 845 sibi
1812 790 2054 859 proprios

471 865 703 919 advenit.
736 862 831 917 His
854 874 1030 916 autem
1056 863 1239 916 oculos
1262 861 1632 915 claudentibus
1656 860 2053 932 (Obturave’runt

469 935 612 988 euizn
635 974 649 995 .
680 933 849 1002 inquit
889 932 1055 986 Isaias
1076 971 1090 996 ,
1131 932 1494 1002 oculossuos,
1527 946 1591 984 ne
1611 927 1866 1002 viderent)
1898 927 2048 1001 [lsai.

469 1004 558 1075 55.
591 993 732 1075 15]),
756 993 943 1075 eorum
975 993 1104 1075 loco
1122 993 1329 1075 termini
1363 1009 1517 1075 terrae
1537 1041 1550 1063 ,
1581 999 1821 1075 videlicet
1843 993 2048 1068 'ge'ntes,

475 1069 725 1128 viderunt
753 1073 983 1127 salutare
1014 1071 1107 1127 Dei
1126 1111 1141 1132 .
1170 1070 1309 1141 quod
1338 1071 1484 1141 prius
1515 1084 1619 1141 non
1648 1069 1906 1141 viderant.

541 1142 598 1195 3.
638 1141 974 1211 Hoc'quippe
1013 1150 1096 1194 est
1122 1140 1262 1211 quod
1292 1139 1432 1194 iiunc
1461 1140 1772 1211 prophetam
1799 1139 2050 1211 obstupe-

541 1156 598 1195 ι.
638 1156 974 1211 noc'qutppe
1013 1156 1096 1194 εει
1161 1156 1262 1195 non
1292 1156 1432 1194 nunc
1494 1156 1772 1209 ropuetam
1799 1156 2050 1207 oostupe-

471 1211 629 1275 facit,
673 1210 742 1266 de
778 1226 885 1281 quo
924 1211 1086 1281 etiam
1122 1156 1368 1265 Ebristus
1410 1156 1680 1263 admirans
1703 1205 2051 1281 dicebattztln

464 1282 716 1354 judicium
740 1277 831 1351 ego
984 1281 1045 1354 in
1073 1280 1317 1354 mundum
1347 1280 1479 1354 hunc
1495 1319 1510 1344 ,
1537 1280 1735 1354 utqui”
1751 1294 1859 1354 non
1884 1277 2050 1354 vident

471 1346 693 1422 viderint,
722 1346 881 1422 et'qni
910 1349 1075 1403 vident
1102 1350 1222 1422 caeci
1242 1348 1568 1422 [iant_(.loan.
1592 1346 1652 1403 9.
1671 1349 1789 1422 59).
1821 1348 1872 1401 4.
1895 1346 2047 1400 lubi-

470 1422 573 1475 lute
593 1420 720 1484 Deo,
747 1418 907 1473 criticis
934 1429 1085 1472 terra.
1118 1418 1245 1474 Jure
1264 1418 1501 1489 quidem,
1523 1420 1772 1489 quoniam
1802 1432 2047 1489 commu-

472 1492 557 1561 nia
589 1501 710 1544 sunt
734 1490 871 1545 bona
907 1506 920 1541 :
954 1504 1056 1561 non
1084 1490 1225 1561 etiim
1264 1487 1418 1561 unius
1444 1487 1911 1561 Διἐεἷοιιίει(ιιιειιίεξ
1934 1495 2051 1561 erat

470 1560 683 1624 .Indaea,
703 1574 808 1614 non
832 1560 1007 1629 gentis
1030 1560 1207 1621 unius,
1241 1558 1335 1612 sed
1365 1556 1534 1629 totius
1546 1559 1759 1627 generis
1786 1566 1870 1629 est
1898 1556 2049 1611 iusti-

472 1642 646 1685 tutum
673 1627 1003 1697 mysterium,
1027 1629 1094 1683 de
1118 1644 1223 1696 quo
1251 1644 1347 1681 nos
1369 1627 1618 1695 jubilare,
1649 1627 1801 1697 Quasi
1830 1627 1880 1680 in
1905 1641 2053 1680 com-

472 1700 617 1753 muni
661 1693 799 1753 bello
829 1700 1055 1753 victores
1077 1737 1092 1762 ,
1119 1693 1292 1765 jubet.
1325 1693 1543 1751 Terram
1587 1693 1729 1751 enim
1777 1695 2046 1750 hominem

469 1770 761 1838 generatim
782 1776 1050 1837 sumptqu
1072 1767 1304 1838 vocavit,
1328 1776 1383 1821 ut
1409 1766 1461 1821 in
1484 1766 1827 1838 sequentibus
1853 1766 2049 1838 clarius

470 1835 681 1893 dicitur.
711 1835 947 1903 Caritate,
983 1838 1030 1891 et
1055 1837 1299 1906 exsultate
1318 1878 1333 1901 ,
1362 1845 1412 1890 et
1438 1837 1658 1906 psallite.
1688 1835 1803 1890 Non
1828 1851 1956 1904 ergo
1978 1835 2047 1890 de

469 1908 634 1963 aridm
674 1909 978 1970 elemento,
1023 1908 1115 1960 sed
1144 1906 1212 1963 de
1255 1905 1557 1961 hominibus
1592 1906 1773 1961 dicere
1801 1907 2045 1960 instituit.

469 1980 805 2045 Quapmpter
831 1991 930 2031 ceu
972 1976 1036 2030 ad
1078 1976 1466 2030 multitudinem
1512 1991 1814 2031 sermonem
1844 1974 2041 2029 habet:

468 2048 723 2117 jnhetque
748 2047 921 2118 primo
948 2061 1140 2118 canere
1160 2088 1175 2112 ,
1199 2046 1410 2118 deinde
1435 2047 1705 2101 exsultare
1723 2087 1739 2111 ,
1773 2055 2046 2118 postretno

473 2115 700 2185 psallere
729 2115 830 2170 :‘ut
868 2116 1031 2170 divini
1074 2116 1248 2186 gaudii
1296 2116 1502 2186 initium
1547 2126 1706 2186 atque
1751 2118 1907 2169 linem
1956 2115 2048 2171 Dei

468 2184 907 2256 glorilicatiouem
931 2184 1236 2256 habeamus.
1266 2184 1561 2256 5.-Rsallite
1581 2184 1799 2239 Domino
1818 2185 1871 2238 in
1890 2186 2051 2239 citha-

468 2250 531 2308 ra
549 2297 563 2317 ,
593 2258 647 2310 in
676 2250 869 2309 cithara
895 2266 942 2308 et
971 2269 1088 2308 voce
1114 2255 1333 2322 psalmi;
1360 2255 1411 2308 6.
1441 2256 1494 2307 in
1523 2256 1653 2309 tubis
1678 2256 1977 2319 ductilibus,
2003 2264 2050 2307 et

469 2341 587 2379 voce
614 2325 742 2379 tuba!
768 2340 981 2379 cornea.
1011 2322 1315 2377 Jubilate'in
1343 2334 1609 2394 cotispeetu
1640 2324 1792 2393 Regis
1823 2323 2045 2377 Domini.

478 2396 694 2450 Etiamsi
724 2406 929 2463 tempus
960 2395 1115 2448 fuerit
1140 2410 1245 2463 quo
1272 2395 1353 2447 his
1385 2393 1746 2447 instrumentis
1783 2394 1848 2448 ad
1883 2394 2047 2448 Deum

471 2465 872 2535 glorilicandum
902 2469 1185 2519 utebantur
1205 2506 1219 2529 ,
1253 2463 1318 2517 ad
1367 2481 1415 2515 ιι(
1437 2479 1470 2535 εγ
1502 2465 1761 2518 citharam
1797 2465 2048 2518 virtutum

470 2534 808 2590 cmicordiam
841 2536 1212 2603 intelligamus,
1245 2549 1364 2601 quae
1390 2534 1533 2587 nullo
1560 2534 1718 2588 modo
1751 2543 1924 2603 potest
1951 2535 2046 2587 0b-

473 2605 652 2665 tineri.
685 2606 783 2658 nisi
812 2619 1026 2660 carnem
1050 2604 1451 2668 mortiliccmus,
1481 2613 1537 2657 ut
1565 2605 1629 2657 iis
1654 2606 1802 2672 quasi
1831 2603 2047 2658 chordis

470 2676 721 2728 virtutum
764 2686 1078 2728 concentum
1124 2674 1497 2742 perﬁciamus,
1537 2682 1590 2727 et
1631 2674 1817 2740 psalmi
1863 2689 2049 2728 vocem

476 2747 583 2799 lleo
623 2744 913 2812 placentem
949 2745 998 2797 in
1030 2745 1215 2797 caelum
1260 2744 1585 2798 emittamus.
1629 2743 1888 2811 Quoniam
1922 2759 2052 2798 vero

478 2824 593 2883 post
623 2816 880 2868 citharam
900 2815 1089 2868 tubam
1116 2816 1581 2878 commemoravit,
1622 2816 1876 2868 citharam
1903 2822 2052 2869 certe

475 2894 627 2937 vocat
652 2884 818 2938 Vetus
845 2884 1237 2955 Testamentum
1256 2925 1270 2946 ,
1305 2884 1355 2935 in
1382 2898 1487 2951 quo
1528 2884 1854 2955 psallendum
1894 2892 2050 2955 erat;

473 2972 538 3009 ex
570 2955 769 3008 cithara
796 2955 936 3007 enim
967 2954 1311 3021 psalmodiam
1338 2955 1642 3006 concinnari
1667 2954 1870 3023 jussum
1899 2963 2047 3009 erat:

476 3026 627 3078 tubas
656 3035 831 3078 autem
858 3024 1169 3092 Evangelia,
1212 3024 1261 3075 in
1290 3024 1479 3093 quibus
1502 3024 1731 3091 jubilarc
1758 3026 1948 3078 merito
1967 3025 2053 3092 ju-

475 3096 661 3148 hcmur
701 3095 750 3146 in
797 3106 1081 3161 couSpcctu
1111 3093 1271 3161 Regis
1316 3093 1555 3156 Domini,
1587 3094 1792 3148 scilicet
1831 3094 2047 3158 Christi,

477 3176 661 3232 utpote
710 3165 799 3232 qui
853 3180 945 3229 per
994 3164 1359 3233 evangelicum
1412 3164 1705 3217 instituttnu
1752 3166 2052 3232 spirituales

476 3236 760 3288 vicerimus
808 3234 1070 3287 inimicos.
1123 3235 1348 3301 Ideoque
1396 3233 1548 3287 tubas
1594 3235 1847 3298 plurimas
1893 3234 2051 3287 simul

472 3305 912 3358 commemoravit
949 3312 1002 3355 et
1034 3319 1218 3363 unam,
1253 3304 1372 3369 quia
1402 3302 1747 3373 Evangelium
1768 3341 1781 3364 ,
1807 3303 1929 3357 licet
1964 3318 2050 3357 se-

476 3376 708 3427 cundum
742 3375 989 3426 virtutem
1017 3388 1174 3425 uumn
1207 3374 1309 3437 sit,
1340 3374 1391 3424 in
1417 3381 1645 3440 quatuor
1672 3383 1846 3425 tamen
1877 3373 2051 3429 Evan-

474 3445 609 3521 gelia
668 3460 760 3521 per
815 3443 1162 3511 evangelistas
1211 3444 1510 3521 scriptorcs
1544 3442 1883 3521 distributum
1948 3453 2051 3521 est.

475 3514 853 3567 Animadverte
894 3524 1068 3566 autem
1120 3512 1409 3581 prophetici
1462 3513 1586 3566 dicti
1636 3512 2048 3567 accurationém.

474 3583 606 3638 Nam
638 3586 808 3646 tubas,
836 3598 953 3652 qua:
987 3584 1257 3650 pluraliter
1282 3594 1589 3652 metnorataa
1615 3582 1680 3636 de
1698 3584 2054 3650 evangelista-

474 3670 595 3707 rum
646 3651 885 3721 personis
931 3654 1298 3721 accipiuntur,
1348 3651 1573 3706 ductiles
1616 3662 1802 3716 vocat,
1856 3652 1905 3705 id
1948 3662 2049 3717 est,

475 3738 693 3786 mneas;
745 3738 907 3776 tenete
959 3737 1188 3789 namque
1234 3724 1381 3774 facta:
1432 3732 1555 3775 sunt
1603 3724 2050 3791 evangelistarum

477 3795 700 3863 linguae,
732 3808 826 3861 per
851 3792 1049 3865 donum
1079 3791 1305 3865 Spiritus
1334 3792 1523 3865 sancti.
1556 3791 1703 3865 Tuba
1729 3802 1905 3865 autem
1931 3808 2051 3846 cor-

476 3862 576 3917 nea
624 3874 707 3916 est
746 3862 1104 3929 evangelicum
1151 3862 1369 3914 verbum
1423 3862 1839 3931 my‘steriumqae
1890 3863 1937 3915 in
1989 3878 2055 3917 eo

476 3942 808 3992 contentum,
855 3933 974 3999 quia
1016 3939 1189 4006 caput.
1217 3931 1373 4006 habet
1416 3930 1838 4006 Christum,_qui
1886 3947 2052 3985 cornu

476 4010 836 4071 congruenter
876 4012 1093 4055 vocatur
1121 4020 1136 4055 :
1180 4001 1229 4053 in
1265 4002 1378 4069 ipso
1405 4003 1577 4071 enimt
1595 4001 1838 4055 inimicos
1867 4017 2055 4069 possu-

478 4070 599 4126 mus
623 4086 787 4126 comu
832 4072 1088 4139 impetere
1122 4088 1135 4140 ς
1169 4070 1290 4123 huic
1337 4073 1513 4140 itaque
1541 4070 1828 4139 Evangelio
1868 4088 2051 4127 vocem

480 4142 785 4196 necessario
813 4141 1086 4205 attribuit,
1111 4139 1178 4193 In
1208 4156 1353 4205 voce,
1383 4139 1654 4209 inquiens,
1685 4141 1815 4194 tuba:
1839 4158 2050 4196 comem.

478 4213 741 4279 Quoniam
800 4210 1038 4275 plurimis
1097 4211 1370 4265 historiam
1424 4211 1849 4277 exponentibus,
1901 4213 2055 4265 unius

482 4294 657 4335 tamen
675 4281 945 4351 Evangelii
964 4294 1068 4333 vox
1096 4295 1191 4351 per
1218 4294 1405 4351 cinnes
1444 4281 1685 4351 auditur,
1715 4282 1802 4347 qui
1828 4296 2054 4337 concor-

479 4351 698 4404 dissime
739 4349 1048 4419 myStei-ium
1090 4350 1414 4403 describunt.
1449 4350 1498 4400 7.
1545 4349 1805 4402 Moventur
1844 4368 1981 4405 mare
2010 4361 2057 4406 et

480 4423 734 4489 plenitudo
760 4436 867 4487 ejus
890 4434 908 4470 :
932 4419 1066 4470 orbis
1092 4430 1337 4471 terrarum
1367 4429 1412 4471 et
1444 4436 1613 4472 omnes
1638 4421 1721 4487 qui
1751 4420 1975 4474 habitant
2002 4425 2056 4475 in

480 4508 563 4544 eo.
594 4491 787 4543 bioveri
816 4505 959 4541 mare
980 4500 1034 4545 ct
1062 4490 1443 4557 plenitudinem
1467 4490 1604 4557 ejus,
1628 4490 1831 4544 scilicet
1853 4494 2053 4545 marina

479 4562 725 4614 animalia
754 4568 809 4612 ut
833 4560 1055 4612 choreas
1080 4570 1257 4627 agant,
1287 4560 1393 4626 jam
1417 4573 1575 4626 supra
1606 4560 1854 4613 diximus.
1885 4562 2053 4628 Quin-

479 4632 639 4684 etiam
669 4640 811 4683 mctu
836 4629 1196 4698 prodigiorum
1237 4646 1263 4681 a
1308 4631 1527 4682 Domino
1570 4630 1620 4682 iu
1652 4631 1783 4682 mari
1818 4642 2054 4697 patrato-

480 4717 631 4759 rnm.
680 4700 849 4766 ipsum
895 4700 1219 4753 commoveri
1262 4698 1382 4766 jure
1422 4700 1640 4753 dixeris.
1689 4700 1871 4766 Neque
1912 4705 2053 4755 enim

482 4771 759 4823 Dotninum
782 4770 1133 4830 solununodo,
1161 4770 1253 4822 sed
1276 4771 1433 4821 etiam
1462 4769 1670 4825 Petrum
1695 4771 2052 4827 ambulantem

480 4843 687 4907 excepit
730 4842 745 4908 (
774 4839 955 4893 Matth.
983 4841 1067 4893 14.
1098 4839 1189 4892 23.
1216 4856 1322 4906 sqq.
1352 4842 1370 4906 )
1396 4855 1409 4888 :
1444 4854 1504 4891 ac
1540 4838 1662 4893 Jcsu
1697 4842 2052 4907 prmcipientc,

482 4912 791 4978 piscem'qui
820 4920 1069 4963 staterem
1095 4909 1319 4963 habebat
1346 4908 1559 4979 protulit
1583 4908 1795 4976 (Matth.
1829 4912 1906 4965 l7.
1935 4911 2051 4979 9.6).

480 4981 709 5047 ldipsum
736 4995 944 5047 quoque
969 4980 1035 5031 de
1061 4980 1190 5033 orbe
1217 4990 1476 5032 terrarum
1499 4978 1669 5046 deque
1699 4978 2054 5035 habitantibus

483 5056 531 5101 tu
560 5068 622 5103 eo
649 5051 861 5119 dixeris.
887 5052 1055 5116 Ipsum
1076 5052 1214 5101 enim
1240 5050 1522 5115 p‘cl'CeiICl't!
1546 5058 1598 5099 et
1617 5064 1953 5104 commovere
1972 5068 2058 5119 po-

482 5131 649 5174 terant
678 5120 928 5173 miracula
954 5120 1212 5172 acnristo
1236 5130 1289 5172 ct
1316 5138 1341 5169 a
1364 5120 1635 5187 prephctis
1666 5130 1888 5186 patrata.
1923 5122 2050 5188 Ipsis

477 5192 674 5258 quippe
716 5191 990 5243 orantibus
1034 5192 1195 5243 multa
1237 5191 1743 5252 commovebantur,
1784 5200 1840 5243 ut
1879 5204 2055 5245 narrat

480 5260 650 5315 Lucas
693 5262 711 5327 (
734 5262 844 5312 Act.
872 5262 924 5314 4.
950 5261 1039 5314 Si.
1062 5269 1109 5311 et
1147 5260 1230 5313 16.
1255 5259 1386 5323 26).
1435 5259 1488 5312 8.
1532 5258 1773 5312 Flumina
1816 5262 2054 5329 plaudent

479 5348 633 5383 manu
677 5332 847 5383 simul.
895 5330 1137 5385 Flumina
1181 5330 1380 5383 dixeris
1425 5331 1764 5397 Operationes
1806 5331 2050 5399 Spiritus,

477 5416 597 5467 quae
630 5401 877 5467 plaudere
908 5416 1062 5452 tnanu
1084 5443 1099 5463 ,
1129 5410 1309 5467 utpote
1338 5401 1386 5451 in
1418 5416 1578 5454 imum
1604 5401 1873 5461 collectzc.
1919 5412 2053 5461 tetu-

480 5486 607 5536 pore
628 5472 885 5527 adventus
906 5472 1098 5523 Christi
1121 5470 1469 5533 dicebantur;
1499 5471 1566 5523 de
1591 5470 1780 5536 quibus
1804 5470 2014 5524 dicebat
2039 5490 2051 5526 :

480 5541 579 5604 Qui
601 5541 755 5593 credi!
784 5543 835 5593 in
861 5556 955 5603 me,
990 5542 1115 5593 sicut
1139 5542 1265 5593 dixit
1296 5540 1583 5608 Scriptura,
1609 5540 1822 5606 ﬂumina
1847 5540 1909 5592 de
1936 5558 2053 5594 ven-

475 5622 549 5663 tre
576 5614 683 5675 eius
709 5612 865 5679 ﬂuent
902 5626 1046 5678 aqua:
1076 5611 1198 5663 vivae
1225 5610 1418 5679 (Joan.
1449 5610 1498 5661 7.
1533 5609 1601 5663 58
1627 5610 1665 5677 ).
1713 5611 1864 5664 Dicas
1890 5613 2051 5666 etiam

475 5681 685 5734 ευιιείιὶει
733 5681 946 5735 ﬂumina
996 5682 1254 5745 plausisse
1298 5696 1452 5734 manu
1494 5688 1549 5734 et
1588 5681 1815 5735 choreas
1856 5683 2046 5749 egisse,

472 5749 685 5821 quando
744 5749 1011 5804 Christum
1063 5750 1322 5820 baptisma
1380 5749 1758 5819 suscipientem
1806 5751 2053 5807 Jordanis

1953 322 2199 383 SPURM
2211 369 2221 379 .

3644 326 3750 382 780

2163 439 2392 507 excepit.
2418 439 2713 495 Commune
2737 437 2999 509 siquidem
3023 440 3124 494 hoc
3150 448 3265 494 erat
3290 440 3539 509 gaudium
3570 440 3752 494 ﬂumi-

2162 524 2289 590 num
2328 519 2727 590 etaquarum:
2748 507 3034 590 9:;Montes
3075 507 3395 590 exsultabant
3422 527 3454 563 a
3482 510 3613 590 [acie
3636 510 3750 564 Do-

2160 580 2305 642 mini,
2332 578 2569 649 qnoniam
2602 579 2748 632 venit.
2780 578 2985 633 Montes
3015 581 3190 633 vocari
3219 578 3503 649 prophetas
3525 581 3596 635 ob
3619 596 3752 634 eon-

2163 649 2520 719 templationis
2544 649 2918 703 sublimitatem
2938 688 2952 709 ,
2980 649 3090 716 jam
3118 663 3274 718 supra
3298 649 3547 704 diximus.
3590 650 3652 703 lli
3678 650 3751 703 de

2161 717 2441 788 praesentia
2472 717 2667 773 Christi
2697 718 2886 772 merito
2928 717 3268 772 exsultabant
3291 761 3304 784 ,
3336 720 3458 787 quia
3508 721 3747 788 ipsorqu

2162 788 2434 858 prophetia
2480 789 2531 841 in
2562 802 2696 855 opus
2721 788 2882 841 exivit
2912 805 2924 841 :
2958 804 3081 858 nam
3104 789 3145 841 si
3169 789 3438 844 sensibilia
3466 790 3752 845 intellexe-

2159 859 2254 929 ris,
2278 858 2400 929 jure
2424 858 2589 912 etiam
2617 858 2718 929 hoc
2746 858 2904 929 modo
2930 857 3290 929 exsultabuut,
3323 860 3573 929 quoniam
3598 859 3747 929 sole-

2158 927 2515 982 batJudaicus
2546 928 2769 996 populus
2800 927 2954 981 idolis
2992 927 3270 982 immolare
3306 927 3360 982 in
3392 928 3647 992 excelsis,
3685 938 3750 982 ιιι

2159 997 2209 1067 in
2258 999 2403 1067 libro,
2436 996 2635 1067 Regum
2681 1006 2970 1067 narratur:
3004 997 3196 1051 deinde
3240 1014 3368 1053 vero
3411 998 3465 1053 in
3507 1000 3747 1053 adventu

2155 1064 2365 1140 glutis-ti
2384 1066 2492 1140 hoc
2519 1064 2785 1140 :eessavit.
2819 1066 3085 1140 Quoniam
3101 1068 3230 1121 venit
3263 1069 3503 1140 judicare
3530 1079 3742 1140 terram.

2154 1134 2419 1208 Iudicabit
2450 1136 2618 1208 orbem
2647 1147 2794 1190 teme
2831 1138 2883 1188 in
2917 1137 3118 1208 justitia
3141 1179 3156 1201 ,
3188 1134 3476 1208 “papulas
3504 1140 3556 1192 in
3585 1139 3749 1208 aqui-

2156 1217 2274 1259 tate.
2307 1206 2585 1273 Quomodo
2611 1208 2779 1278 ipsum
2800 1207 2989 1278 venire
3014 1206 3163 1267 dicit.
3197 1206 3451 1278 nisiquia
3483 1206 3747 1278 pr0pheta

2155 1290 2276 1330 cum
2304 1286 2481 1341 esset,
2521 1276 2663 1347 quod
2706 1289 2755 1347 ut
2784 1276 3021 1347 futurum
3055 1276 3563 1347 przenuntiabat,‘id
3588 1276 3749 1347 quasi

2157 1361 2390 1467 rut-scus
2432 1346 2731 1429 cernebat?
2922 1347 3092 1415 primo
3120 1346 3187 1400 de
3230 1346 3462 1402 adventu
3494 1348 3546 1402 in
3579 1346 3748 1403 carne

2178 1426 2407 1467 oauttur.
2439 1431 2531 1467 aut
2574 1431 2718 1467 nrtor
2748 1416 2883 1467 fuit:
2923 1416 3159 1467 secundo
3198 1423 3376 1467 autem
3415 1417 3482 1467 de
3506 1418 3747 1467 secundo

2178 1416 2407 1486 oquitur,
2439 1417 2531 1484 qui
2573 1418 2718 1486 prior
2748 1416 2883 1479 fuit;
2923 1416 3159 1471 secundo
3198 1423 3376 1470 autem
3415 1417 3482 1471 de
3506 1418 3747 1473 secundo

2154 1484 2270 1553 t‘jus
2294 1484 2638 1551 adventu,'in
2679 1502 2786 1553 quo
2823 1485 2988 1554 judcx
3019 1498 3273 1540 venturus
3310 1497 3413 1541 est.
3451 1486 3643 1542 Verum
3688 1488 3745 1540 in

2155 1555 2327 1626 primo
2352 1555 2467 1624 ejus
2488 1557 2725 1611 adventu
2754 1557 2887 1610 bona
2916 1572 2979 1610 ex
3007 1570 3079 1626 eo,
3098 1567 3243 1623 parta
3268 1557 3527 1626 suscipit;
3557 1572 3747 1612 secun-

2152 1625 2277 1696 dum
2303 1636 2479 1696 autem
2507 1626 2792 1696 adventum
2825 1634 2969 1680 metu
2992 1625 3174 1692 judicii
3201 1626 3312 1695 jam
3347 1625 3535 1681 adesse
3571 1636 3741 1696 putat.

2158 1693 2295 1749 Utile
2332 1695 2617 1764 admodum
2647 1704 2733 1750 est
2776 1696 3035 1750 terribilia
3080 1693 3397 1764 prae'oculis
3433 1693 3655 1763 habere,
3689 1706 3749 1753 et

2193 1765 2302 1817 uasi
2332 1763 2660 1836 imminentia
2689 1767 2977 1834 respicere.
3007 1763 3217 1836 ut’hinc
3243 1778 3455 1836 peccata
3483 1768 3747 1835 praesciu-

2189 1849 2361 1888 anms.
2393 1834 2523 1904 Quae
2551 1844 2636 1890 est
2660 1844 2837 1890 autem
2863 1835 3048 1904 judicii
3077 1834 3374 1890 meonomia
3396 1835 3422 1889 i
3442 1834 3657 1892 Iustitia
3688 1845 3749 1893 et

2153 1907 2395 1977 a-quitas.
2438 1903 2619 1974 Itaque
2655 1903 2976 1977 iniustitiam
3020 1905 3283 1977 fugiamus
3306 1948 3322 1971 ,
3350 1914 3402 1960 et
3431 1923 3459 1959 a
3488 1908 3748 1962 tortuosis

2152 1972 2485 2031 declinemus
2511 1972 2616 2029 :‘ue
2634 1974 2772 2030 dolis
2790 1975 3041 2039 ﬁdamus,
3064 1972 3341 2032 avaritiam
3361 1991 3429 2040 ne
3447 1986 3746 2034 sectemur.

2154 2043 2279 2117 ligec
2303 2045 2501 2117 quippe
2526 2050 2652 2117 sunt
2679 2044 2767 2099 Dei
2792 2044 2995 2117 judicio
3019 2046 3285 2117 contraria
3307 2089 3323 2111 ,
3349 2053 3405 2101 et
3429 2061 3523 2101 eos
3545 2048 3634 2117 qui
3662 2047 3748 2104 his

2152 2112 2350 2168 addicti
2374 2112 2500 2169 sunt
2528 2115 2581 2169 in
2609 2114 3011 2171 damnationem
3039 2114 3329 2171 deducunt.

2297 2227 2349 2282 1.
2390 2225 2576 2280 Doridi
2590 2241 2621 2292 ;Δ
2640 2227 2755 2297 sine
2781 2226 3124 2297 inscriptione
3152 2226 3290 2296 apud
3321 2227 3599 2286 Hebraeos.

2721 2296 2960 2352 Psalmus
2999 2313 3183 2353 xcnu.

2226 2387 2276 2460 tt
2318 2386 2423 2441 Alii
2461 2387 2673 2460 quidem
2713 2403 2903 2460 omnes
2933 2391 3050 2460 sine
3087 2390 3434 2460 inscriptione
3472 2391 3751 2449 Psalmum

2154 2456 2435 2519 ediderunt
2460 2456 2822 2532 z—sed_D_avidi
2848 2459 3235 2532 inscripserunt
3255 2456 3621 2532 Septuaginta
3664 2465 3750 2518 iu-

2154 2536 2439 2604 tcrpretes,
2464 2529 2613 2597 quasi
2625 2528 2728 2604 _de_
2744 2527 3026 2604 spiritua’li‘
3041 2531 3110 2583 Da
3119 2527 3412 2604 videChris
3422 2527 3598 2601 to'pro
3607 2535 3747 2604 phe-

2153 2598 2279 2671 tiam
2301 2600 2591 2653 contineat.
2617 2599 2669 2671 lt.
2688 2597 2938 2671 Dominus
2963 2602 3207 2671 regnavit,
3234 2597 3521 2655 irascantur
3543 2597 3745 2671 populi.

2152 2666 2456 2740 .Iudmorum
2499 2670 2723 2737 populos
2764 2670 2889 2723 dicit
2925 2686 2940 2723 :
2978 2666 3077 2725 Ιιύε
3105 2672 3248 2725 enim
3278 2687 3503 2740 regnum
3538 2666 3747 2730 Christi

2156 2738 2207 2791 in
2239 2739 2370 2791 iram
2399 2747 2452 2792 et
2481 2741 2713 2793 furorem
2744 2740 3049 2804 concitavit,
3082 2741 3151 2794 ita
3182 2750 3237 2795 ut
3268 2738 3440 2797 Pilato
3466 2743 3745 2799 dicerent:

2158 2807 2282 2861 Noli
2312 2808 2640 2882 dicere__q,uod_
2671 2825 2761 2882 rea:
2785 2810 2847 2861 sit
2883 2807 3180 2864 Judteorum
3208 2810 3383 2882 (latin.
3416 2813 3503 2867 l9.
3524 2812 3653 2881 21):
3682 2829 3752 2870 ae

2154 2893 2364 2932 rursum
2399 2895 2421 2949 τί
2456 2876 2579 2931 Νοη
2602 2878 3089 2949 νΙιηὸεηιιιεᾼτρθεοη,
3139 2876 3238 2934 nisi
3277 2880 3525 2936 Caesarem
3557 2884 3576 2946 (
3601 2876 3750 2941 Ibid.

2154 2965 2201 3020 ε.
2232 2949 2355 3019 15).
2393 2948 2492 3015 Qui
2504 2948 2654 3014 sedet
2682 2966 2833 3020 super
2860 2946 3147 3013 Cherubim,
3172 2962 3426 3005 moveatur
3451 2963 3603 3020 terra.
3646 2952 3750 3007 Ju-

2155 3018 2325 3072 dicam
2368 3034 2549 3090 rursus
2588 3018 2905 3090 subindicat.
2950 3020 3085 3074 Cum
3113 3022 3253 3074 enim
3296 3021 3521 3090 Magiea:
3540 3018 3753 3079 Oriente

2157 3100 2393 3141 venerunt
2423 3089 2661 3153 dit-entes,
2690 3087 2790 3143 Ubi
2814 3098 2887 3144 est
2913 3091 2995 3156 qui
3021 3102 3169 3143 natus
3193 3101 3263 3145 est
3287 3087 3701 3145 rexllndwontm
3725 3095 3752 3149 2

2163 3156 2394 3211 Vidimus
2420 3160 2552 3215 enim
2580 3160 2778 3213 stellam
2806 3160 2915 3227 ejus
2953 3161 3005 3212 in
3040 3159 3274 3226 Oriente,
3301 3172 3346 3215 et
3390 3163 3615 3215 venimus
3646 3164 3750 3216 ad-

2158 3244 2304 3281 orare
2328 3245 2440 3281 eum
2459 3244 2477 3281 :
2498 3228 2709 3282 audiens
2732 3227 2958 3281 Herodes
2978 3231 3203 3283 turbatus
3228 3242 3320 3292 est,
3345 3240 3390 3284 et
3413 3233 3575 3286 omnis
3592 3233 3753 3287 Jera-

2158 3298 2493 3372 selymaltcunt
2536 3297 2625 3352 illo
2655 3298 2875 3372 (Multi).
2901 3298 2954 3351 2.
2981 3299 3143 3372 μδ).
3184 3300 3321 3369 Quid
3350 3313 3531 3372 autem
3557 3303 3751 3360 fecerit

2159 3366 2363 3439 ille'tqu'i
2402 3368 2553 3422 sedet
2600 3366 2761 3439 super.
2801 3366 3437 3439 Cherubin],isequentia
3486 3373 3747 3428 indicant.

2155 3439 2210 3491 2.
2243 3437 2485 3510 Dominus
2524 3441 2577 3510 in
2622 3438 2750 3492 Sion
2796 3455 3009 3508 magnus
3049 3448 3094 3491 et
3131 3437 3354 3494 excelsus
3393 3458 3544 3510 super
3572 3459 3752 3501 omnes

2157 3509 2389 3577 populos.
2440 3508 2494 3561 In
2526 3508 2652 3563 Sion
2679 3509 2822 3563 enim
2850 3510 3027 3575 jauuis
3054 3511 3249 3563 clausis
3279 3508 3547 3579 ingressus
3571 3553 3587 3577 ,
3628 3528 3752 3566 ma-

2156 3579 2487 3647 gnitudinem
2514 3594 2663 3633 suam
2690 3579 2925 3632 ostendit
2948 3595 2962 3641 ;
2995 3591 3153 3647 atque
3181 3596 3273 3647 per
3300 3579 3399 3635 hoe
3424 3581 3749 3640 miraculum

2155 3649 2300 3719 clare
2340 3648 2747 3719 demonstravit,
2794 3666 2853 3702 se
2896 3663 3016 3703 esse
3062 3649 3211 3719 illum
3254 3665 3415 3719 super
3454 3651 3748 3708 Cherubim

2156 3718 2453 3772 sedentem.
2478 3718 2545 3772 Et
2573 3715 2691 3772 ideo
2710 3734 3059 3788 quacumque
3080 3717 3204 3773 facit
3224 3715 3592 3775 ille'creaturic
3616 3738 3753 3777 con-

2157 3788 2330 3853 ditor,
2362 3797 2547 3841 natura
2581 3799 2758 3843 nostra
2806 3790 3169 3857 praestantiora
3201 3800 3346 3844 sunt.
3387 3790 3535 3845 Tunc
3563 3804 3753 3846 osten-

2160 3873 2251 3930 sus
2280 3867 2361 3912 est
2389 3858 2633 3930 excelsus
2664 3874 3034 3930 super’onmes
3065 3860 3309 3928 populos,
3336 3875 3460 3914 cum
3485 3864 3751 3930 apostolis

2158 3928 2356 3981 donum
2381 3927 2609 3996 Spiritus
2640 3927 2805 4000 sancti
2848 3927 3074 4000 tribuit,
3092 3932 3180 3997 qui
3209 3930 3323 3996 ejus
3350 3927 3749 4000 celsitudinem,

2159 4013 2263 4068 non
2294 4000 2380 4051 uni
2426 4000 2647 4067 pepulo,
2690 3999 2783 4053 sed
2815 3999 3064 4052 omnibus
3109 4001 3302 4068 ubique
3344 3999 3747 4060 annuntiarunt.

2158 4067 2209 4121 3.
2238 4068 2587 4139 conﬁteantur
2625 4069 2814 4121 nomini
2841 4079 2926 4121 tuo
2956 4086 3159 4139 magno,
3189 4067 3427 4138 quoniam
3454 4073 3673 4125 terribile
3699 4083 3753 4133 et

2158 4150 2387 4190 sanctum
2406 4147 2500 4192 est.
2525 4137 2693 4192 Omne
2718 4139 2809 4193 Dei
2840 4137 3303 4206 uoutetrtnagtium
3328 4150 3410 4195 est
3433 4159 3447 4194 :
3479 4156 3601 4195 nam
3627 4158 3753 4197 mo-

2159 4208 2228 4261 do
2251 4209 2315 4281 ad
2343 4209 2703 4281 ejusglortium
2727 4210 3454 4281 consentaneointelligenda
3480 4223 3605 4266 sunt
3631 4214 3752 4281 ejus

2159 4277 2393 4353 nomina.
2424 4277 2694 4353 Siquidem
2726 4280 2777 4353 si
2799 4280 3050 4353 Dominus
3078 4277 3308 4353 dicatur;
3336 4296 3440 4335 non
3473 4284 3607 4350 pari,
3641 4277 3749 4353 qua

2160 4350 2297 4415 apud
2326 4366 2441 4415 nos,
2484 4348 2689 4405 ratione
2726 4348 2961 4412 dicitur;
3005 4350 3049 4402 si
3077 4349 3212 4414 Rex,
3242 4352 3451 4405 diverse
3473 4348 3538 4407 in
3566 4367 3633 4407 eo
3658 4348 3750 4408 in-

2162 4420 2412 4488 telligitur
2453 4423 2599 4490 regni
2632 4422 2881 4490 dignitas.
2924 4424 3187 4475 (latterqu
3234 4438 3482 4491 magnum
3530 4434 3613 4477 est
3651 4424 3751 4478 Dei

2162 4505 2379 4563 nomen,
2402 4506 2508 4563 quo
2531 4492 2761 4563 seipsnm
2790 4493 3099 4563 nominavit,
3124 4492 3337 4563 quando
3363 4492 3539 4560 illoyse
3561 4493 3750 4547 dicen-

2164 4569 2214 4613 te
2243 4578 2254 4611 :
2283 4558 2527 4629 Ecre'ego
2554 4558 2745 4612 veniam
2766 4564 2832 4613 ad
2858 4562 2991 4628 ﬁlios
3012 4558 3200 4625 Israel,
3232 4572 3277 4617 el
3304 4558 3472 4616 dicunt
3502 4565 3571 4617 eis
3596 4580 3613 4617 :
3639 4564 3752 4617 Do-

2163 4630 2327 4682 minus
2356 4629 2501 4683 Deus
2519 4629 2846 4685 Hebr-reorum
2870 4634 3001 4684 misit
3038 4649 3116 4686 me
3139 4635 3206 4686 ad
3234 4650 3319 4689 vos
3343 4652 3360 4688 :
3386 4645 3433 4688 et
3457 4635 3502 4687 si
3524 4634 3749 4690 interro-

2159 4712 2399 4775 gentilia1
2416 4701 2769 4775 Quodnomen
2797 4711 2868 4754 est
2891 4700 2987 4775 ipsi
3007 4718 3026 4756 .'
3044 4704 3166 4769 quid
3193 4705 3358 4758 dicam
3384 4706 3453 4758 eis
3477 4708 3502 4758 .7
3535 4724 3751 4775 respon-

2161 4770 2232 4843 dit
2251 4770 2308 4843 ei
2319 4785 2337 4821 ι
2362 4769 2506 4843 Dices
2528 4772 2646 4843 filiis
2668 4770 2850 4834 Israel,
2877 4771 2977 4837 Qui
3001 4783 3073 4825 est
3094 4775 3229 4827 misit
3252 4790 3329 4829 me
3349 4775 3416 4828 ad
3438 4794 3521 4830 vos
3544 4769 3747 4843 (and.

2161 4840 2329 4893 3.15.
2374 4840 2501 4908 Η).
2548 4840 2678 4893 lluic
2717 4843 2937 4895 terribili
2976 4851 3029 4896 et
3065 4855 3249 4897 sancto
3291 4857 3347 4899 ut
3389 4840 3750 4903 conliteainur

2163 4910 2416 4983 propheta
2441 4910 2706 4977 prarcepit.
2740 4912 2869 4964 Nam
2892 4913 2978 4980 qui
3004 4922 3377 4983 temporaneus
3402 4926 3506 4980 est,
3532 4920 3749 4974 etiamsi

2164 4990 2351 5057 potens
2374 4982 2474 5039 sit.
2508 4996 2611 5032 non
2642 4990 2817 5035 tamen
2842 4982 3125 5057 admodum
3157 4985 3431 5057 terribilis,
3462 4988 3583 5055 quia
3611 5004 3750 5057 que-

2160 5049 2282 5103 dam
2305 5050 2530 5102 decorso
2558 5060 2794 5118 tempore
2824 5053 2936 5117 ejus
2966 5053 3258 5125 dominatio
3286 5049 3462 5109 cessat
3482 5049 3501 5108 ἐ
3533 5049 3749 5125 qui-an-

2162 5128 2266 5191 tem
2292 5134 2505 5187 semper
2534 5132 2614 5173 cst
2645 5132 2698 5174 et
2726 5131 2980 5186 aeternus,
3008 5122 3128 5191 jure
3154 5126 3405 5179 terribilis
3435 5137 3517 5181 est
3541 5122 3563 5191 ;’
3599 5130 3747 5183 nulla

2159 5190 2354 5258 quippe
2382 5205 2504 5258 spes
2534 5201 2615 5243 est
2642 5192 2810 5259 ipsum
2836 5202 2928 5245 aut
2954 5190 3265 5247 mutandum
3289 5207 3377 5249 aut
3406 5190 3747 5254 cessaturum

2159 5275 2299 5313 esse.
2327 5259 2459 5325 Quia
2492 5276 2621 5313 vero
2649 5272 2891 5317 sanctum
2919 5273 2971 5316 ct
2998 5265 3233 5318 terribile
3270 5265 3372 5320 hoc
3401 5284 3592 5320 nomen
3622 5285 3748 5324 esse

2159 5329 2304 5401 dicit,
2342 5330 2577 5385 terribile
2600 5346 2717 5384 esse
2744 5334 3006 5401 intelligas
3036 5334 3284 5393 inimicis.
3310 5338 3515 5391 scilicet
3536 5337 3747 5391 daemo-

2160 5400 2316 5458 nibus
2341 5443 2355 5464 ,
2398 5401 2486 5468 qui
2514 5402 2597 5473 vel
2629 5400 3016 5456 invocationem
3064 5406 3179 5468 ejus
3226 5406 3463 5473 fugiunt;
3498 5420 3747 5463 sanctum

2161 5471 2629 5545 :‘I‘illQD'ldldellbtllS,
2656 5473 2742 5545 qui
2773 5489 2877 5526 non
2896 5473 3010 5545 alio
3036 5474 3214 5535 modo,
3232 5471 3396 5545 quam
3427 5492 3520 5545 per
3546 5493 3747 5532 nonicu

2158 5539 2356 5617 Christi
2386 5542 2871 5617 sanctilicationetn
2894 5544 3107 5617 habent.
3219 5539 3284 5617 Et
3308 5539 3469 5598 Iunior
3498 5550 3628 5617 regis
3644 5550 3744 5617 jn-

2160 5610 2347 5684 dicium
2380 5612 2571 5684 diligit.
2614 5612 2764 5678 Quod
2790 5616 2932 5667 enim
2960 5621 3041 5666 est
3065 5614 3249 5681 judicii
3280 5619 3458 5684 opus?
3500 5610 3750 5684 Insoiitcs

2160 5676 2457 5754 tibsolt'et‘e,
2483 5676 2673 5738 noxios
2698 5684 2973 5739 declarare
2998 5701 3011 5735 :
3042 5676 3368 5754 quaprOptér
3391 5682 3645 5754 juelieium
3670 5688 3749 5743 di-

2163 5751 2276 5821 ligit
2299 5751 2460 5823 Regis
2483 5754 2674 5819 honor,
2719 5755 2769 5808 id
2808 5765 2911 5820 est,
2941 5751 3224 5827 imperium
3252 5751 3306 5811 et
3337 5751 3602 5823 potentia.
3623 5754 3750 5809 Ideo
