4086 6214
542 262 3768 344 ρ

1442 456 1852 550 SANCTI
1949 449 2366 541 PATRIS
2439 445 2906 565 NOSTRI

923 657 1794 826 JOANNIS
1937 642 3402 810 CHRYSOSTOMI

1336 907 1970 971 ARCIIIEPISCOPI
2033 895 3009 960 CONSTANTINOPOLITANI

1681 1067 2108 1175 OPERA
2185 1060 2640 1168 OMNIA.

2015 1261 2315 1275 ...ηρ-

970 1445 1056 1500 IN
1103 1434 1456 1497 PSALMUM
1499 1431 1724 1502 “1(a).

496 1568 503 1572 ·
541 1546 773 1598 Paulinus
814 1538 1004 1600 David,
1051 1549 1163 1587 cum
1195 1534 1385 1601 fugeret
1415 1543 1445 1578 a
1467 1525 1597 1596 facie
1625 1519 1864 1574 Absalom
1892 1515 1984 1585 [itii
2017 1514 2114 1568 sui.

611 1635 840 1700 Domine,
869 1628 990 1700 quid
1015 1621 1330 1693 multiplicati
1355 1626 1468 1672 sunt
1492 1614 1576 1683 qui
1604 1611 1840 1666 tribulant
1864 1624 1942 1661 me
1974 1607 2045 1676 (υ.
2069 1607 2116 1659 1.

604 1726 729 1796 an

609 1836 841 1892 Ducibus
903 1829 1178 1886 victoriam
1220 1819 1522 1892 asseqnntis
1571 1829 1724 1886 reges
1779 1808 2124 1878 triumphales

537 1936 742 1999 ponunt
768 1933 970 1979 statuas
1001 1938 1015 1973 :
1043 1915 1240 1984 aurigis
1269 1928 1394 1968 vero
1420 1919 1473 1963 et
1499 1905 1713 1960 athletis
1736 1904 1751 1934 ¹
1787 1899 2043 1999 imagines
2071 1905 2125 1951 et

537 1989 813 2073 columnas
863 2026 1048 2068 eorum
1076 2005 1310 2061 victoria:
1343 2008 1505 2056 testes
1543 1997 1777 2052 excitant
1819 1989 2082 2062 principes
2107 2027 2122 2051 ,

537 2119 593 2166 et
642 2105 986 2177 inscriptione
1031 2110 1297 2168 tamquam
1336 2108 1430 2148 ore
1477 2088 1748 2152 efﬁciunt,
1804 2092 1863 2138 ut
1905 2081 2124 2177 materia

537 2170 823 2257 victoriam-
862 2192 1140 2266 pradicet.
1189 2186 1293 2241 Alii
1334 2197 1520 2238 rursus
1550 2181 1602 2234 in
1655 2176 1801 2232 libris
1829 2181 1886 2229 et
1913 2170 2126 2240 scriptis

541 2297 804 2351 victorum
834 2288 1043 2345 laudem
1072 2281 1416 2345 describunt,
1447 2291 1571 2332 suas
1601 2274 1655 2328 in
1699 2267 1962 2327 laudando
1987 2266 2128 2319 vires

541 2391 640 2455 iis,
667 2387 757 2458 qui
800 2381 1107 2443 laudantur,
1143 2375 1373 2444 majores
1399 2369 1641 2424 volentes
1685 2359 2006 2458 ostende-re.-
2037 2356 2130 2410 Pi-

539 2449 718 2536 stores
745 2485 912 2540 certe,
944 2468 1205 2530 statuarii,
1237 2463 1532 2534 sculptores
1551 2501 1566 2525 ,
1597 2455 1808 2527 populi,
1842 2449 2128 2522 principes,

543 2571 785 2625 civitates
804 2609 818 2629 ,
849 2573 903 2620 et
930 2563 1050 2634 pagi
1077 2560 1311 2614 victores
1353 2551 1682 2608 admirantur
1711 2564 1725 2600 :
1768 2557 1926 2600 nemo
1954 2549 2130 2595 autem

545 2660 824 2733 fugientis,
871 2631 1090 2726 ejusque
1117 2650 1209 2721 qui
1256 2662 1358 2702 non
1387 2644 1582 2699 bellum
1626 2637 1822 2711 gessit,
1851 2631 2134 2733 deseripsit

545 2723 848 2821 imaginem,
873 2723 929 2800 ut
953 2723 1093 2800 nunc
1113 2739 1295 2796 David.
1323 2737 1416 2792 Est
1434 2739 1577 2790 enim
1605 2734 1652 2786 Ι.
1682 2729 1918 2782 Psalmus
1943 2723 2132 2789 David,

544 2815 679 2897 dun;
694 2845 882 2912 fugeret
910 2854 942 2890 a
971 2834 1098 2904 facie
1127 2829 1388 2885 Absalonis
1417 2825 1513 2894 ﬁlii
1541 2823 1640 2877 sui.
1689 2822 1751 2874 Et
1778 2816 1990 2888 quando
2017 2815 2134 2868 lau-

543 2936 615 2989 de
639 2909 828 3004 mgnus
853 2939 934 2986 est
961 2930 1050 2998 qui
1070 2923 1249 2994 fugit?
1311 2918 1524 2989 quando
1567 2915 1758 2984 dignus
1797 2920 1881 2967 est
1927 2909 2140 3004 habitus

545 2997 739 3088 essut',
766 3033 919 3090 cujus
949 3030 1144 3071 nomen
1172 3004 1586 3066 inscriberetur?
1630 3003 1902 3071 Fugitivos
1930 2997 2140 3067 scriptis

547 3113 722 3168 literis
757 3088 1176 3180 persequuntur,
1226 3115 1334 3153 non
1379 3097 1642 3150 honorant
1684 3088 2136 3159 inscriptionibus.

551 3204 658 3260 Sed
709 3177 946 3264 disce,o
1001 3193 1200 3257 frater,
1231 3201 1451 3243 causam
1501 3179 1895 3251 inscriptionis,
1923 3187 1976 3233 et
2024 3177 2142 3230 ani-

553 3309 692 3348 mam
727 3301 866 3345 tuam
891 3287 945 3340 in
976 3292 1089 3338 tuto
1113 3281 1313 3336 colloca
1340 3294 1356 3343 ;
1407 3276 1477 3330 sit
1504 3275 1597 3328 tibi
1630 3271 1865 3326 historia:
1908 3267 2144 3323 narratio

553 3386 674 3438 vitze
704 3393 810 3434 tum
851 3374 1112 3432 correctio
1141 3389 1156 3437 ;
1191 3369 1405 3438 sitljnsti
1437 3364 1782 3438 persequutio
1811 3358 2006 3415 mentis
2036 3365 2145 3412 sta-

556 3475 908 3529 bilimeutnm.
938 3467 1092 3519 Disce
1117 3477 1212 3516 cur
1243 3458 1494 3514 Davidem
1523 3461 1942 3524 persequeretur
1971 3448 2143 3504 Absa—

560 3571 690 3625 tum,
714 3569 909 3614 utcum
932 3572 1030 3612 ceu
1055 3555 1133 3610 rei
1151 3554 1564 3610 fundamentum
1600 3547 1867 3604 inveneris
1891 3587 1910 3614 ,
1957 3541 2148 3599 timore

557 3656 767 3715 Domini
788 3650 1090 3709 aedificet-is.
1117 3643 1580 3717 Quemadmodum
1620 3639 1762 3696 enim
1792 3637 1992 3706 absque
2016 3635 2140 3689 fun-

560 3755 814 3804 damento
861 3741 1093 3798 invalida
1140 3749 1196 3795 et
1234 3736 1497 3794 imbecilla
1542 3742 1627 3790 est
1679 3731 1954 3788 mdilicatio
1988 3745 2002 3782 :
2041 3729 2144 3791 ita,

561 3845 660 3897 nisi
691 3843 904 3895 invento
930 3850 1094 3904 secpo
1121 3849 1184 3888 ac
1211 3831 1450 3885 instituto
1467 3870 1482 3892 ,
1524 3826 1795 3895 Scriptura
1820 3832 1902 3878 est
1930 3820 2148 3875 inutilis.

634 3933 890 3988 Probatur
916 3927 1069 3980 variis
1095 3923 1379 3993 Scriptura:
1424 3934 1584 3974 sacra:
1611 3915 1866 3970 sententiis
1892 3921 1941 3968 et
1982 3927 2153 3966 exem-

565 4031 662 4100 plis
688 4025 847 4078 Deum
876 4019 1096 4074 discidiis
1118 4013 1405 4070 domesticis
1423 4052 1441 4079 ,
1472 4010 1742 4064 rebellione
1763 4014 2108 4061 creaturarum
2133 4042 2149 4066 ,

562 4093 610 4174 et
645 4117 874 4172 oumibus
914 4111 1063 4166 malis
1091 4109 1162 4163 uti
1187 4109 1239 4161 in
1266 4121 1463 4176 poenam
1488 4102 1695 4170 peccati.
1715 4097 1944 4152 -—Beati
1986 4093 2149 4150 David

568 4215 654 4266 hic
682 4223 872 4278 scapus
899 4204 998 4260 fuit
1027 4218 1119 4272 per
1145 4198 1474 4270 propositum
1515 4192 1783 4248 Psalmnm
1810 4190 1970 4243 vitam
2001 4185 2154 4240 insti-

567 4316 721 4357 tuere
750 4309 804 4354 et
832 4295 1094 4364 castigare
1117 4334 1132 4358 ,
1163 4300 1220 4345 ut
1243 4288 1372 4342 nihil
1402 4299 1636 4356 unquam
1667 4283 1791 4337 mali
1830 4279 2016 4344 faciat,
2059 4292 2158 4333 nec

568 4395 714 4462 leges
745 4390 836 4444 Dei
861 4391 1201 4445 contemnat,
1236 4393 1335 4433 nec
1361 4375 1626 4446 peecatori
1652 4389 1713 4428 ea
1733 4371 2012 4434 eveniant,
2040 4384 2160 4439 qua:

568 4461 668 4540 sibi
692 4486 1000 4537 evenerunt.
1025 4472 1283 4542 Fugiebat
1312 4469 1474 4522 filium
1502 4479 1655 4520 suum
1683 4462 1848 4517 David
1866 4501 1882 4527 ,
1906 4461 2158 4530 quoniam

571 4577 869 4631 mstitatem
895 4570 1134 4639 fugerat;
1169 4563 1402 4633 fugiebat
1443 4559 1609 4614 filium
1631 4600 1647 4620 ,
1690 4556 1941 4627 quoniam
1973 4551 2163 4608 matri-

571 4669 808 4723 monium
855 4661 1099 4733 pudieum
1149 4656 1479 4716 violaverat;
1523 4649 1754 4720 fugiebat
1781 4648 1981 4710 lilium,
2027 4659 2162 4714 quo-

577 4765 716 4816 niam
749 4759 920 4826 legem
954 4753 1045 4806 Dei
1075 4765 1194 4820 qua:
1224 4747 1378 4812 dicit,
1423 4743 1544 4797 Non
1575 4739 1770 4795 occides
1792 4781 1807 4806 ,
1837 4754 1938 4791 non
1962 4736 2164 4790 adulte-

572 4853 706 4906 rubis
751 4844 1052 4921 (Exod.?.0.
1089 4842 1176 4896 15.
1231 4839 1358 4910 id),
1401 4835 1623 4904 fugerat.
1669 4832 1802 4898 Quia
1845 4829 1986 4885 enim
2033 4826 2162 4880 alie-

578 4961 699 5000 nam
758 4954 946 5010 agnam
1016 4937 1066 4990 in
1141 4933 1358 4986 domum
1422 4942 1574 4981 suam
1652 4921 2046 4985 introduxerat,
2115 4925 2170 4973 et

577 5037 694 5105 ejus
745 5040 1011 5102 pastorem
1059 5022 1428 5083 interfecerat,
1482 5017 1572 5087 qui
1619 5023 1819 5070 eratex
1864 5011 2024 5065 domo
2073 5022 2169 5062 sua

578 5099 782 5199 agnus,
812 5132 1076 5194 pastorem
1099 5129 1266 5170 cornu
1295 5110 1526 5182 petebat.
1553 5108 1754 5161 Aliena:
1771 5102 1950 5160 domui
1971 5099 2168 5156 bellum

583 5194 786 5282 intulit,
823 5223 875 5270 et
901 5227 962 5266 ex
993 5208 1154 5263 domo
1202 5217 1295 5257 sua
1345 5200 1448 5272 ipsi
1494 5198 1692 5254 bellum
1738 5194 2023 5250 excitatum
2066 5198 2168 5244 est.

581 5313 697 5368 Non
745 5317 829 5363 est
875 5317 1054 5364 meum
1117 5297 1432 5368 cogitatum,
1485 5290 1654 5360 ipsius
1701 5285 1794 5342 Dei
1822 5285 2020 5340 dietum
2047 5289 2169 5336 est:

649 5407 664 5434 ι
703 5401 756 5448 1η
774 5406 912 5458 Reg,
933 5390 1181 5448 militibus,
1199 5400 1306 5458 pro,
1324 5381 1531 5458 athletis.

648 5435 914 5523 arata:
934 5435 1305 5523 ’τᾷςίέίὼξτίιξιέίί
1493 5443 1668 5523 sese
1712 5447 1836 5523 εξεξὲ
1873 5435 2176 5523 tamen

580 5497 722 5585 δἐἷῖ
742 5497 1324 5585 ὤῖῗῶιιῇἷιὲἶξῶίξιλδξ
1343 5509 1468 5585 5,2};
1492 5505 1692 5585 {59:72
1711 5497 1960 5585 ἕέέδνηέἕπ
1977 5497 2174 5585 fitﬁt

586 5559 1183 5641 ‘5:’éi‘aiaaa‘liéaaa
1217 5573 1273 5621 t0
1307 5559 1466 5641 [iiuna
1493 5559 1937 5641 Bbgiod‘iéﬁlxqgj
1975 5559 2176 5641 ερῖάῖῐιι

584 5620 1473 5700 ἷξέιξξτξᾞξέῷίξῇιῖίίήυίωιῖιίιιει,
1509 5620 1590 5678 ξων
1607 5620 1846 5690 [interea
1873 5620 1952 5685 i9:
1999 5623 2072 5681 ιθ»
2099 5620 2174 5681 Η)

592 5710 691 5772 t2],
721 5705 775 5755 t8
793 5712 839 5754 et
871 5698 964 5750 49..

2235 1429 2320 1483 ubi
2347 1440 2522 1486 autem
2566 1433 2706 1489 Deus
2730 1443 2811 1490 est
2835 1436 2926 1506 qui
2969 1436 3374 1509 interpretatur,
3422 1457 3578 1500 nemo
3602 1455 3685 1502 est
3721 1451 3811 1519 qui

2229 1523 2576 1577 contradicat.
2622 1525 2772 1592 Quod
2800 1528 2941 1584 enim
2981 1529 3236 1585 adversus
3284 1532 3444 1588 David
3503 1536 3642 1593 filius
3684 1555 3815 1595 suus

2232 1611 2350 1666 ideo
2380 1615 2761 1684 insurrexerit,
2785 1621 3034 1688 quoniam
3066 1622 3246 1677 Uriam
3272 1624 3570 1695 interfecit,
3601 1641 3656 1684 et
3685 1648 3816 1686 uxo-

2231 1719 2343 1758 rem
2372 1707 2488 1774 ejus
2516 1709 2750 1779 accepit,
2784 1711 2905 1766 audi
2952 1712 3115 1766 Deum
3145 1729 3239 1782 per
3267 1715 3577 1786 prophetam
3607 1719 3813 1777 Nathan

2232 1793 2412 1849 Davidi
2435 1795 2718 1852 dicentem:
2742 1798 2854 1872 Ego
2879 1803 3007 1856 ωιπὶ
3024 1811 3068 1856 te
3087 1819 3253 1874 regem
3267 1821 3418 1876 super
3437 1805 3621 1875 Israel,
3641 1821 3686 1863 et
3706 1828 3814 1865 erm

3893 216 3998 274 β

2232 1893 2280 1938 te
2298 1886 2362 1940 de
2387 1903 2542 1940 manu
2582 1887 2782 1945 Saulis.
2823 1890 2938 1962 Ego
2968 1892 3085 1946 dedi
3118 1894 3208 1948 tibi
3229 1897 3398 1949 omnia
3425 1913 3537 1966 quia
3555 1910 3695 1954 erant
3720 1902 3823 1955 do-

2231 1979 2356 2032 mini
2376 1979 2468 2045 tui,
2481 1989 2530 2034 et
2549 1979 2755 2034 domum
2780 1982 2952 2038 Saulis
2971 1993 3016 2037 et
3034 1984 3208 2041 Juda:
3236 1995 3283 2040 et
3305 1987 3350 2041 si
3369 2004 3523 2058 parua
3544 2000 3660 2044 sunt
3685 1992 3814 2057 Ita'c,

2231 2070 2471 2141 adjiciam
2487 2071 2578 2124 tibi
2591 2073 2669 2126 his
2686 2073 2848 2142 paria.
2860 2074 3029 2141 Quare
3037 2091 3156 2146 ergo
3168 2079 3510 2148 contempsisti
3527 2079 3815 2143 Dominum,

2236 2172 2292 2214 ut
2339 2165 2530 2232 faceres
2565 2163 2756 2217 malum
2799 2165 2854 2218 in
2881 2175 3149 2237 conspectu
3176 2169 3333 2222 meo?
3362 2167 3539 2223 Uriam
3568 2169 3820 2225 ﬂeturum

2234 2253 2520 2324 percussisti
2551 2253 2727 2326 gladio
2744 2297 2761 2323 ,
2789 2265 2836 2310 et
2861 2273 3067 2311 uxorem
3094 2258 3232 2313 illius
3259 2261 3498 2332 accepisti
3532 2262 3584 2315 in
3614 2279 3821 2317 uxorem

2235 2344 2340 2396 tibi.
2378 2343 2441 2397 Et
2476 2361 2610 2400 nunc
2639 2362 2741 2400 non
2767 2347 2964 2401 recedet
2989 2348 3191 2419 gladius
3215 2349 3279 2404 de
3304 2350 3454 2405 domo
3481 2361 3567 2406 tua
3593 2352 3646 2406 in
3675 2363 3794 2407 teter

2238 2452 2358 2488 num
2408 2437 2483 2508 (2.
2520 2437 2648 2509 Reg.
2685 2439 2767 2493 l2.
2801 2441 2972 2511 7-H).
3013 2441 3253 2496 Alienum
3279 2441 3494 2498 domum
3532 2445 3710 2515 gladio
3737 2447 3822 2501 di-

2238 2527 2406 2582 visisti
2441 2545 2453 2580 :
2485 2529 2716 2600 gladium
2746 2529 3004 2587 adversus
3034 2541 3085 2587 te
3113 2532 3414 2590 fabricabor
3443 2536 3494 2590 in
3525 2537 3685 2590 domo
3711 2546 3818 2591 tua.

2240 2615 2372 2672 Ecce
2399 2634 2491 2688 ego
2515 2621 2766 2674 suscitabo
2794 2621 3032 2677 adversus
3061 2633 3108 2678 te
3135 2626 3271 2679 mala
3295 2642 3359 2679 ea:
3381 2625 3530 2679 domo
3560 2636 3648 2680 tua
3676 2643 3694 2680 :
3717 2645 3824 2682 non

2238 2709 2453 2767 aliunde
2473 2752 2490 2778 ,
2531 2727 2629 2767 nec
2669 2713 2798 2768 foris
2819 2755 2836 2780 ,
2867 2715 2960 2770 sed
2993 2715 3073 2770 Ex
3101 2716 3251 2771 domo
3280 2727 3384 2772 tua.
3416 2718 3568 2775 Unde
3596 2731 3677 2775 est
3709 2719 3828 2775 fons

2241 2802 2464 2871 peccati,
2499 2803 2751 2872 illincest
2779 2805 2930 2876 plaga
2959 2808 3224 2876 supplicii.
3253 2810 3382 2875 Quia
3413 2825 3539 2880 ergo
3567 2825 3596 2863 a
3627 2827 3829 2880 prazce-

2241 2901 2334 2962 pto
2359 2892 2566 2948 Domini
2596 2895 2842 2964 fugitivus
2866 2898 3121 2968 exsulque
3142 2899 3331 2966 fuerat,
3357 2909 3634 2970 propterea
3662 2902 3827 2957 lilium

2243 2983 2493 3055 fugiebat.
2529 2985 2769 3040 Psalmus
2810 2985 2978 3041 David
3013 2991 3133 3042 dum
3173 2991 3363 3060 fugeret
3387 3007 3419 3044 a
3449 2993 3578 3062 facie
3606 2993 3776 3047 Absul'

2246 3077 2341 3145 ﬁlii
2367 3077 2467 3130 sui.
2500 3076 2629 3131 Belli
2661 3078 2962 3133 narratione
2991 3079 3180 3134 melior
3207 3090 3288 3135 est
3314 3097 3470 3136 causa
3501 3082 3622 3137 belli
3649 3098 3830 3138 susce-

2247 3169 2342 3237 pti,
2376 3180 2434 3222 ut
2463 3183 2582 3222 cum
2604 3169 2731 3238 justi
2758 3169 2962 3238 lapsum
2993 3170 3302 3238 viderimus,
3329 3188 3610 3228 caveamus
3639 3189 3705 3229 ne
3732 3189 3828 3229 οδε

2245 3260 2454 3325 damus,
2489 3271 2544 3314 et
2571 3262 2833 3330 ejusmodi
2863 3263 3177 3332 supplicium
3209 3263 3484 3334 fugiamus.
3514 3265 3658 3319 Multi
3688 3266 3832 3320 enim

2247 3351 2328 3404 vel
2356 3351 2408 3404 in
2441 3351 2753 3405 hodiernum
2783 3367 2949 3422 usque
2976 3353 3118 3408 diem
3148 3354 3281 3408 bella
3312 3355 3504 3410 habent
3531 3357 3580 3410 in
3607 3356 3834 3424 mdibus,

2248 3452 2302 3496 et
2330 3441 2414 3496 hic
2439 3441 2651 3510 quidem
2682 3452 3019 3513 oppugnatur
3043 3444 3110 3496 ab
3141 3460 3324 3510 uxore,
3353 3445 3438 3499 ille
3467 3461 3593 3499 vero
3617 3447 3836 3500 obside-

2254 3542 2338 3586 tur
2365 3548 2394 3586 a
2435 3533 2545 3587 filio
2576 3551 2588 3586 :
2618 3533 2751 3587 alius
2792 3543 2968 3589 autem
2998 3549 3027 3586 a
3058 3533 3253 3601 fratre,
3281 3543 3334 3590 et
3371 3537 3502 3591 alius
3531 3535 3777 3594 domatur
3805 3554 3836 3592 a

2251 3623 2468 3694 famulo,
2498 3633 2552 3678 et
2581 3624 2941 3694 unusquisque
2967 3624 3177 3694 angitur
3203 3633 3258 3679 et
3285 3625 3587 3692 afflictatur,
3618 3639 3836 3697 pugnat,

2253 3719 2450 3774 bellum
2478 3716 2634 3788 gerit,
2663 3724 2718 3773 et
2745 3715 2886 3770 bello
2911 3723 3164 3783 vexatur;
3195 3731 3259 3772 ac
3286 3733 3444 3773 nemo
3473 3717 3728 3773 subducta
3756 3735 3840 3772 ra-

2256 3811 2398 3865 tione
2423 3812 2562 3880 apud
2588 3827 2648 3866 se
2673 3809 2903 3882 cogitat,
2936 3809 3035 3864 nisi
3066 3819 3280 3878 peccata
3307 3810 3652 3873 seminasset,
3683 3826 3838 3865 num.

2257 3919 2413 3973 quam
2443 3902 2556 3959 fore
2585 3913 2640 3958 ut
2668 3903 2719 3958 in
2747 3904 2906 3959 domo
2931 3915 3024 3958 sua
3058 3903 3224 3971 spinze
3245 3913 3300 3958 et
3329 3902 3504 3958 tribuli
3532 3903 3841 3959 orirentur:

2258 4013 2356 4052 nec
2401 3998 2499 4052 nisi
2545 4006 2879 4066 peccatorum
2929 3993 3185 4052 scintillas
3241 3995 3592 4059 occultasset,
3623 3995 3846 4050 domum

2259 4089 2698 4160 conﬂagraturam
2725 4089 2904 4144 fuisse.
2935 4088 3087 4157 Quod
3111 4087 3254 4145 enim
3282 4095 3614 4156 peccatorum
3643 4087 3848 4144 fructus

2259 4179 2365 4234 sint
2393 4181 2528 4235 mala
2557 4180 2790 4250 propria,
2813 4188 2867 4235 et
2891 4179 3209 4234 domesticos
3233 4179 3448 4233 lictores
3475 4177 3612 4232 Deus
3641 4177 3692 4230 in
3721 4192 3850 4247 pec-

2261 4282 2470 4328 catores
2495 4273 2748 4342 elegerit,
2783 4273 2930 4327 testis
2963 4279 3045 4325 est
3079 4271 3350 4339 Scriptura
3369 4309 3384 4332 ,
3408 4283 3514 4336 qua
3545 4267 3612 4321 ad
3643 4267 3848 4323 facien-

2263 4365 2383 4419 dam
2413 4364 2568 4420 tidem
2597 4363 2724 4417 nihil
2753 4371 2836 4417 est
2861 4361 3104 4416 validius.
3131 4358 3276 4416 Uxor
3303 4368 3478 4414 tecum
3519 4357 3712 4415 bellum
3752 4374 3845 4427 ge-

2263 4457 2355 4522 rit,
2377 4458 2616 4524 ingresso
2633 4463 2900 4521 tamquam
2924 4449 3031 4505 fera
3051 4449 3301 4515 occurrit,
3323 4449 3553 4519 linguam
3580 4459 3852 4518 tamquam

2265 4546 2496 4616 gladium
2523 4543 2700 4599 acuit?
2728 4543 2833 4597 lies
2855 4541 3068 4611 quidem
3108 4539 3262 4594 valde
3295 4540 3516 4594 molesta
3539 4581 3552 4602 ,
3582 4541 3721 4610 quod
3751 4555 3854 4594 an-

2268 4637 2495 4690 xiliatrix
2522 4633 2824 4688 adversaria
2847 4631 2980 4686 facta
3002 4632 3106 4685 sit:
3133 4631 3356 4699 teipsum
3385 4640 3557 4684 tamen
3583 4631 3857 4691 examina,

2270 4727 2522 4798 numquid
2554 4728 2605 4780 in
2631 4726 2909 4796 juventnte
2941 4724 2991 4778 in
3020 4723 3296 4777 mulierem
3323 4723 3444 4791 quid
3474 4719 3771 4785 attentaris,
3805 4729 3862 4774 et

2270 4819 2410 4891 quod
2455 4819 2659 4874 mulieri
2703 4833 2733 4872 a
2775 4827 2827 4872 te
2869 4816 3061 4871 vulnus
3092 4814 3344 4869 inflictum
3375 4823 3484 4878 est,
3516 4823 3732 4867 curetur
3767 4827 3865 4880 per

2272 4912 2549 4966 mulierem
2571 4951 2587 4975 ,
2630 4918 2685 4964 et
2720 4909 2952 4964 alienum
2989 4907 3140 4961 ulcus
3187 4906 3396 4976 propria
3436 4919 3588 4968 uxor,
3620 4903 3863 4975 chirurgi

2273 5002 2447 5059 officio
2465 5002 2706 5072 fungens,
2731 4999 3042 5054 medicetur.
3073 4996 3126 5052 Id
3147 4998 3386 5067 quamvis
3405 5009 3524 5065 quae
3543 5004 3688 5048 secat
3712 4993 3868 5064 igno-

2275 5105 2389 5160 ret,
2427 5095 2574 5150 novit
2612 5101 2788 5148 tamen
2822 5091 2963 5146 Deus
2996 5087 3253 5143 medicus.
3284 5086 3403 5156 Ipse
3437 5087 3579 5141 enim
3618 5100 3678 5140 ea
3725 5096 3868 5140 tam-

2276 5202 2432 5258 quam
2470 5185 2612 5240 ferro
2651 5183 2904 5238 adversus
2933 5189 2984 5235 te
3013 5193 3138 5233 usus
3164 5186 3247 5233 est
3284 5195 3297 5232 :
3328 5185 3383 5232 et
3414 5175 3870 5246 quemadmodum

2277 5278 2478 5334 ferrum
2515 5276 2686 5331 nescit
2722 5273 2845 5343 quid
2874 5279 3022 5342 agat,
3055 5269 3284 5324 futuram
3320 5277 3495 5322 autem
3543 5282 3632 5336 per
3667 5265 3871 5320 ferrum

2279 5370 2540 5426 medelam
2571 5367 2715 5422 novit
2744 5365 2982 5419 medicus
3010 5381 3023 5418 :
3051 5364 3118 5416 ita
3148 5362 3309 5418 etiam
3335 5359 3458 5415 licet
3487 5359 3691 5430 ignoret
3734 5371 3876 5411 uxor

2280 5477 2398 5533 qua:
2429 5460 2569 5527 ferit,
2599 5467 2654 5514 et
2683 5456 2902 5511 maritus
2929 5455 3016 5526 qui
3049 5451 3258 5519 feritur,
3289 5465 3504 5507 causam
3538 5449 3690 5513 ictus,
3725 5446 3877 5500 Deus

2283 5563 2460 5610 tamen
2501 5561 2556 5606 ut
2594 5548 2830 5605 medicus
2869 5547 3013 5601 novit
3045 5543 3172 5616 quid
3214 5542 3473 5599 conferat.
3505 5538 3656 5606 Quod
3688 5549 3877 5591 autem

2285 5647 2475 5719 nntlier
2500 5642 2636 5698 mala
2666 5641 2732 5695 sit
2761 5648 3096 5711 peccatorum
3121 5636 3398 5704 colaphus,
3431 5631 3578 5686 testis
3604 5638 3686 5684 est
3718 5643 3878 5684 sacra

3937 2020 3991 2060 {ira

3953 2891 3998 2940 ti:

3986 2991 3994 3000 .

3955 3011 3964 3015 "
3973 3011 3997 3023 ὀἳ

3973 3074 3997 3109 Li

3953 3155 3972 3164 .'
3983 3159 3994 3168 δ

3957 3173 3972 3186 ιι
3984 3173 3997 3191 tt

3953 3233 3998 3274 ῗίέι

3976 3365 3979 3372 .

3962 3483 3984 3524 it,
3995 3495 3998 3514 ι

3961 3559 3998 3609 Lf:

3961 3652 3988 3684 δε

3963 3699 3998 3773 ξι

3969 3891 3998 3937 Ἦ

3975 3967 3998 4016 ξε

3987 4053 3998 4096 ἱ

3987 4151 3998 4184 ἢ

3967 4407 3998 4442 ἶτ

3968 4557 3997 4596 ᾖ

3967 4595 3997 4610 ’-

3969 4656 3997 4700 ξε

3970 4739 3998 4794 ’4

3974 4810 3998 4860 tl
