4112 6224
62 1481 84 1527 ιι
113 1475 178 1542 qui

76 1580 178 1619 suus

69 1673 177 1711 ιιιο·

67 1748 170 1801 ιΙιειη

76 1853 164 1890 (rm

75 1928 160 1979 do—

61 2034 148 2080 utr,

63 2125 132 2160 um
139 2147 150 2166 ,

61 2213 152 2251 eum

61 2305 145 2344 rem

64 2393 120 2433 let

83 2474 154 2526 ιὶὶ-

68 2575 155 2619 una.

81 2670 162 2711 11οη

77 2751 166 2804 fons

62 2856 170 2896 ςιτςθο

61 2936 168 2986 Hum

61 3025 112 3075 vl‘
203 3013 220 3054 π

63 3128 156 3168 ἐειο

74 3217 153 3258 ra-

67 3296 156 3349 nim

64 3393 156 3446 bus,

64 3477 154 3528 ‘th-

66 3578 144 3619 τα

65 3665 143 3716 ull,
222 3665 232 3696 l

77 3761 151 3802 η-

67 3854 153 3895 1111⁸

72 3943 156 3988 01⁵2

67 4036 160 4082 ιιιιη

68 4128 160 4177 ξιιιε

67 4221 155 4263 δεο-

67 4315 151 4357 θη-

70 4405 150 4462 θ’θ’

70 4498 107 4537 Ia
114 4490 157 4530 ιη

71 4585 156 4629 all'

75 4677 151 4717 τιτι.

69 4755 150 4818 ,ει

72 4854 155 4917 per

1076 432 1304 518 ΤΟΥ
1365 432 1508 516 ΕΝ
1562 431 1924 516 ΑΓΙΟΙΣ
1997 428 2432 518 ΠΑΤΡΟΣ
2487 433 2813 523 ΗΜΩΝ

1351 641 2610 871 ΙΩΑΝΝΟΥ,

1247 978 1815 1034 ΛΡΧῙΕΠΙΣΚΟΠΟΥ
1849 977 2684 1050 ΚΩΝΣΤΔΝΤΙΝΟΥΠΟΛΕΩΣ,

1391 1169 1618 1254 ΤΟΥ
1689 1172 2517 1262 ΧΡΥΣΟΣΤΟΜΟΥ
2538 1230 2559 1262 .

973 1382 1173 1518 TA
1243 1383 2332 1507 ΕΥΡΙΣΚΟΜΕΝΑ
2407 1391 2966 1506 ΠΑΝΤΑ.

698 1771 777 1846 [ι]
817 1770 927 1826 ΕιΣ
971 1771 1106 1826 TON
1158 1770 1210 1824 ῐν
1253 1773 1570 1831 ΨΛΛΜΟΝ.

347 1891 593 1960 Ψαλμὸς
617 1887 696 1954 τῷ
710 1888 910 1950 Δαυῖδ,
936 1888 1053 1960 _o':td
1056 1904 1118 1942 τε
1132 1887 1586 1960 ’ἀπεδίδρασκεν
1599 1891 1717 1946 ἀπὸ
1733 1906 1921 1960 προσ-

405 1957 570 2014 ώπου
622 1957 1010 2026 Ἀϐεσσαλὼμ
1052 1957 1158 2030 τοῦ
1200 1958 1334 2030 υίοῦ
1365 1958 1572 2014 αὐτοῦ.
1604 1957 1800 2030 Κύριε,
1864 1963 1922 2015 τί

421 2030 900 2098 ἐπληθύνθησαν
919 2031 971 2082 οἰ
993 2028 1301 2094 θλίϐοντές
1321 2045 1429 2097 ys;

424 2147 751 2211 Ἐπινικίους
775 2147 871 2217 μὲν
910 2144 1233 2216 ἀνδριάντας
1258 2145 1308 2198 οἰ
1339 2143 1579 2215 βασιλεῖς
1613 2149 1723 2212 τοῖς
1753 2164 1918 2216 στρα-

337 2235 524 2302 τηγοῖς
551 2233 831 2303 νικήσασιν
857 2229 1169 2284 ἀνατιθέασι
1190 2241 1237 2270 ι·
1257 2230 1586 2301 νικηφόρους
1613 2230 1669 2283 δὲ
1702 2231 1918 2296 εἰκόνας

339 2317 432 2370 καὶ
475 2316 676 2387 στήλας
709 2315 1015 2386 ἐγείρουσιν
1045 2313 1305 2384 ἄρχοντες
1350 2313 1584 2384 ἡνιόχοις
1626 2314 1719 2368 καὶ
1749 2314 1911 2385 ἀθλη-

331 2393 476 2462 τεαῖς,
503 2400 594 2452 καὶ
623 2397 702 2466 τῷ
743 2397 1124 2467 ἐπιγράμματι
1159 2397 1234 2459 ὼς
1270 2396 1498 2464 στόματι
1546 2397 1762 2468 κήρυκα
1815 2397 1916 2467 τῆς

335 2480 494 2550 νίκης
508 2481 607 2549 τὴν
625 2478 755 2545 ῦλην
786 2478 1128 2546 ἐργάζονται.
1157 2476 1339 2530 ’Ἄλλοι
1361 2478 1419 2530 δὲ
1446 2478 1604 2530 πάλιν
1629 2482 1685 2531 ἐν
1716 2479 1915 2547 βίϐλοις

339 2563 438 2616 καὶ
457 2562 751 2630 γράμμασι
776 2560 902 2620 τοὺς
931 2557 1177 2620 ἐπαίνους
1206 2560 1319 2620 τοῖς
1353 2561 1602 2627 νικηταῖς
1624 2561 1914 2629 γράφουσι,

344 2642 442 2712 τὴν
491 2640 699 2693 ἐαυτῶν
722 2640 779 2691 ἐν
805 2638 884 2708 τῷ
917 2638 1122 2707 ἐπαίνῳ
1155 2637 1383 2707 δύναμιν
1417 2639 1765 2709 ἰσχυροτέραν
1812 2642 1920 2696 τῶν

343 2721 751 2794 ἐπαινουμένων
784 2721 956 2787 δεῖξαι
989 2719 1250 2784 θέλοντες.
1293 2720 1401 2772 Καὶ
1425 2719 1772 2791 λογογράφοι,
1829 2726 1922 2777 καὶ

341 2805 647 2876 ζωγράφοι,
676 2805 771 2858 καὶ
785 2803 1096 2876 χαλκευταὶ,
1134 2803 1227 2856 καὶ
1251 2801 1622 2871 λιθογλύπται,
1656 2804 1748 2856 καὶ
1762 2804 1920 2876 δῆμοι

337 2889 429 2941 καὶ
462 2891 740 2959 ἄρχοντες,
781 2889 875 2942 καὶ
935 2887 1115 2952 πόλεις
1169 2886 1264 2940 καὶ
1307 2886 1481 2958 χῶραι
1527 2888 1652 2950 τοὺς
1694 2889 1920 2958 νικητάς

337 2972 729 3040 θαυμάζουσιν
761 2970 935 3034 οὐδεὶς
957 2970 1014 3024 δὲ
1045 2968 1336 3040 φεύγοντος
1354 2970 1446 3022 καὶ
1478 2969 1551 3040 μὴ
1575 2969 1916 3039 πολεμήσαν-

356 3033 625 3132 Ῐζέἰκόνα
656 3055 684 3094 δ
719 3033 943 3126 ἔγραψε,
977 3033 1228 3125 καθάπερ
1265 3053 1360 3106 νῦν
1387 3055 1415 3107 6
1445 3033 1627 3106 Ᾰαυῖδ.
1667 3033 1909 3124 Ἰίαλμὸς

333 3137 442 3208 γὰρ
471 3135 553 3202 τῷ
587 3137 791 3200 Δαυῒδ,
841 3138 911 3190 ὲν
946 3135 1028 3203 τῷ
1055 3135 1524 3204 ἀποδιδράσκειν
1560 3137 1748 3190 αὑτὸν
1790 3138 1907 3192 ἀπὸ

333 3218 658 3287 προσώπου
679 3219 1058 3287 Ἀϐεσσαλὼμ
1084 3218 1190 3272 τοῦ
1217 3218 1355 3272 υίοῦ
1397 3217 1607 3272 αὐτοῦ.
1649 3221 1758 3274 Kal
1777 3221 1907 3274 πότε

333 3301 668 3373 ό-δραπέτης
707 3302 998 3374 ἐγκωμίων
1032 3302 1210 3368 ἀξιοςς
1245 3303 1373 3356 πότε
1405 3301 1462 3354 δὲ
1495 3305 1521 3355 6
1562 3302 1740 3370 φυγὰς
1790 3305 1909 3358 ἐπι-

336 3385 676 3455 γραμμάτων
699 3385 878 3450 ἐντός;
907 3386 1044 3444 Τοὺς
1061 3384 1334 3456 δραπέτας
1364 3385 1682 3457 γράμμασιν
1706 3386 1910 3452 ἰξεύου-

337 3482 440 3533 σιν,
475 3469 574 3521 οὐκ
603 3469 981 3540 ἐπιγράμμασι
1021 3467 1409 3538 θαυμάζουσιν.
1453 3467 1611 3521 Ἀλλά
1637 3470 1773 3539 μάθε
1807 3470 1906 3541 τὴν

333 3551 534 3615 αἰτίαν,
563 3551 776 3621 ἀδελφέ,
809 3551 910 3621 τῆς
944 3550 1256 3621 ἐπιγραφῆς
1289 3560 1339 3612 ε,
1367 3550 1460 3604 καὶ
1484 3551 1779 3619 ἀσφάλισαί
1812 3570 1905 3606 σου

330 3634 430 3706 τὴν
457 3634 656 3706 ψυχήνο
690 3634 933 3703 γενέσθω
963 3650 1046 3686 σοι
1075 3634 1109 3704 ὴ
1150 3631 1358 3703 ἱστορία
1397 3631 1511 3702 βίου
1547 3634 1902 3704 κατόρθωσις·

330 3717 445 3786 ἡτω
474 3735 556 3769 σοι
583 3719 612 3770 6
657 3716 752 3769 τοῦ
783 3716 990 3770 δικαίου
1023 3714 1260 3784 διωγμὸς
1301 3715 1537 3780 διανοίας
1581 3721 1900 3788 στηριγμός.

329 3798 486 3852 Μάθε
513 3797 593 3868 [2]
623 3799 732 3868 γὰρ
756 3798 843 3851 διά
876 3798 928 3850 τί
959 3795 1211 3850 ἐδιώκετο
1241 3797 1404 3850 Δαυῖδ
1439 3798 1544 3852 ὑπὸ
1573 3797 1668 3852 τοῦ
1715 3800 1902 3854 ’Λόεσ-

333 3880 545 3951 σαλὼμ,
585 3881 649 3934 ἵν’
678 3881 752 3943 ὼς
781 3881 1026 3950 θεμέλιον
1048 3881 1110 3934 τὸ
1138 3883 1368 3952 πρᾶγμα
1387 3882 1581 3954 εὑρὼν,
1616 3885 1903 3958 οἰκοδομη·

331 3963 433 4046 θῇς
453 3963 531 4033 τῷ
571 3962 843 4046 ρόόῳῗτοῦ
868 3962 1020 4046 Θεοῦ.
1057 3963 1143 4046 ’ῼς
1162 3963 1287 4046 γὰρ
1304 3965 1430 4018 ἄνευ
1451 3966 1699 4037 θεμελίου
1730 3969 1906 4041 σαθρά

329 4048 363 4116 ἡ
383 4044 664 4117 οἰκοδομὴ,
691 4045 864 4109 οῦτως
882 4044 1010 4098 ἀνευ
1039 4044 1140 4114 τῆς
1168 4045 1434 4116 εὑρέσεως
1451 4049 1544 4101 τοῦ
1569 4049 1774 4103 σκοποῦ
1803 4053 1904 4106 οῦκ

329 4127 527 4200 ὠφελεῖ
560 4132 592 4203 ὴ
627 4130 842 4201 Γραφή.

395 4213 606 4269 Σκοπὸν
629 4209 775 4284 εἶχεν
794 4214 823 4265 6
853 4210 1127 4282 μακάριος
1150 4209 1336 4275 Δαυῖδ,
1366 4211 1454 4266 διὰ
1484 4212 1576 4266 τοῦ
1603 4217 1902 4285 προκειμέ-

325 4317 416 4353 νου
441 4296 659 4370 ψαλμοῦ
681 4295 968 4350 παιδεῦσαι
997 4295 1091 4347 τὸν
1115 4294 1228 4366 βίον
1245 4295 1336 4348 καί
1357 4295 1709 4366 σωφρονίσαι,
1743 4298 1904 4367 μηδέ-

325 4398 456 4436 ποτε
481 4382 793 4434 κακοποιεῖν
809 4381 903 4432 καὶ
921 4381 1282 4450 καταφρονεῖν
1299 4378 1410 4432 τῶν
1435 4379 1614 4449 νόμων
1629 4379 1722 4434 τοῦ
1743 4378 1902 4445 Θεοῦ,

327 4464 417 4515 ἵνα
472 4463 545 4531 μὴ
579 4464 607 4514 6
639 4462 962 4534 ἁμαρτήσας
1007 4462 1231 4516 τοιαῦτα
1274 4462 1442 4534 πάθῃ,
1474 4457 1561 4516 οἵα
1595 4463 1688 4516 καὶ
1740 4462 1904 4527 αὐτὸς

327 4544 519 4598 ἔπαθε.
557 4545 790 4614 Ἐφευγε
832 4547 924 4600 τὸν
947 4546 1064 4600 υίὸν
1091 4546 1256 4601 αὐτοῦ
1293 4549 1321 4600 6
1357 4545 1539 4608 Δαυῖδ,
1573 4546 1760 4620 ἐπειδὴ
1804 4548 1904 4619 τὴν

323 4627 549 4696 ἁγνείαν
579 4627 794 4696 ἔφυγενο
826 4629 993 4698 ἔφυγε
1025 4631 1116 4684 τὸν
1149 4631 1282 4697 υἰὸν⁹
1311 4630 1497 4702 ἐπειδὴ
1518 4630 1608 4685 τὸν
1647 4629 1899 4704 σώφρονα

323 4714 502 4783 γάμον
540 4710 822 4783 ἐνύϐρισεν
859 4712 904 4752 ἀ·
931 4713 1094 4783 ἔφυγε
1126 4714 1216 4768 τὸν
1245 4714 1379 4778 υίὸν,
1407 4713 1596 4787 ἐπειδὴ
1618 4715 1710 4769 τὸν
1734 4715 1900 4787 νόμον

321 4794 415 4848 τοῦ
433 4795 568 4849 Θεοῦ
601 4795 688 4848 τὸν
717 4795 962 4864 λέγοντα,
982 4799 1064 4852 06
1079 4799 1418 4866 φονεύσεις,
1441 4800 1510 4854 οὐ
1526 4801 1894 4869 μοιχεύσεις,

323 4877 539 4958 ξφυγεν.
578 4879 795 4949 Ἐπειδὴ
819 4877 926 4952 γάρ
971 4880 1256 4952 ἀλλοτρίαν
1279 4881 1492 4953 ἀμνάδα
1523 4883 1603 4946 εἰς
1622 4883 1714 4936 τὸν
1749 4879 1897 4939 οἷκον

322 4960 488 5014 αὑτοῦ
517 4964 802 5034 είσήγαγε,
823 4963 1028 5017 καὶτὸν
1053 4964 1257 5035 ταύτης
1289 4965 1522 5035 ποιμένα
1550 4966 1893 5034 ἀπέκτεινεν,

317 5045 349 5096 6
381 5045 445 5099 ὲκ
471 5045 560 5100 τοῦ
582 5047 732 5100 οἴκου
775 5046 940 5101 αὑτοῦ
965 5048 1137 5119 ἀμνὸς
1165 5047 1257 5100 τὸν
1289 5048 1520 5118 ποιμένα
1557 5050 1891 5122 ἐκεράτιζεν.

331 5127 630 5200 ’Δλλότριον
659 5127 804 5184 οἷκον
845 5133 1175 5202 ἐπολέμησε,
1216 5132 1313 5184 καὶ
1349 5132 1414 5183 ὲκ
1436 5130 1532 5184 τοῦ
1578 5131 1709 5185 ἰδίου
1743 5132 1893 5187 οίκου

314 5212 587 5282 ἐπανέστη
617 5213 766 5282 αὐτῷ
793 5216 822 5267 ό
851 5215 1107 5286 πόλεμος.
1127 5215 1243 5268 Οὐκ
1274 5213 1422 5268 ἔστιν
1451 5215 1582 5286 ἐμὸν
1605 5217 1666 5268 τὸ
1691 5217 1890 5287 νόημα,

313 5295 449 5348 Θεοῦ
483 5297 599 5348 ἐστι
624 5295 685 5348 τὸ
705 5296 1055 5368 ἀπόφθεγμα·
1086 5299 1222 5352 ὅπου
1245 5297 1302 5350 δὲ
1333 5296 1464 5362 Θεὸς
1489 5299 1518 5352 6
1549 5299 1889 5370 ἑρμηνεύων,

378 5427 404 5456 ⁸
445 5425 737 5476 Ἀνατιθέασι
760 5427 906 5476 deest
929 5430 977 5478 in
1000 5430 1120 5479 Reiz.

378 5445 404 5456 "
449 5445 737 5476 ’Λνατιυεασι
760 5445 906 5476 (18981.
929 5445 977 5478 Ill
1003 5445 1071 5479 ne
1112 5470 1120 5479 .

374 5487 404 5558 ξ
428 5489 562 5558 Βςκ.
587 5489 793 5558 εἰκόνας,
812 5496 960 5558 atque
983 5493 1053 5558 it;
1074 5445 1269 5558 ἔσθει-αι
1286 5493 1550 5558 interpres.

376 5505 404 5528 ιι
444 5505 562 5552 neg.
587 5505 788 5548 εικονας,
812 5505 858 5537 al
898 5505 960 5539 ue
983 5505 1053 5540 ua
1079 5505 1126 5540 Ie
1162 5508 1168 5537 ι

371 5550 400 5614 ξ
428 5552 525 5614 τῆς
547 5556 726 5614 γραφῆς
749 5505 920 5602 Mergi.
944 5557 998 5600 et
1018 5505 1168 5602 δινίῗ.

371 5609 398 5648 ι’
441 5609 566 5676 Reg;
579 5609 831 5670 ἦθὲτησεν.

548 5699 817 5762 Ρηιιοι..
853 5700 972 5763 Gn.
1010 5699 1132 5764 LV.

2023 1776 2196 1840 οὐδεὶς
2230 1777 2259 1829 6
2285 1776 2598 1845 ἀντιλέγων.
2635 1778 2758 1831 ’Ὁτι
2792 1778 2901 1850 γάρ
2919 1779 3008 1832 διά
3045 1781 3200 1836 τοῦτο
3230 1783 3495 1854 ἐπανέστη
3521 1779 3596 1856 τῷ

2020 1858 2184 1914 Δαυτδ
2209 1862 2237 1914 6
2265 1861 2380 1924 υἰὸς
2410 1860 2597 1926 αὐτοῦ,
2622 1861 2809 1933 ἐπειδὴ
2832 1863 2922 1915 τὸν
2960 1863 3164 1935 υῦρίαν
3181 1866 3457 1936 ἐφόνευσε,
3499 1868 3595 1921 καὶ

2018 1943 2117 2015 τὴν
2143 1947 2376 2013 γυναῖκα
2400 1944 2564 1998 αὐτοῦ
2591 1945 2801 2011 ἐλαϐεν,
2837 1947 3066 2001 ἄκουσον
3100 1949 3194 2004 τοῦ
3232 1949 3365 2004 Θεοῦ
3390 1950 3477 2005 διὰ
3498 1949 3593 2005 τοῦ

2021 2029 2300 2099 προφήτου
2338 2029 2523 2082 Νάθαν
2579 2029 2717 2100 πρὸς
2767 2030 2856 2084 τὸν
2905 2032 3068 2085 Δαυῒδ
3119 2032 3384 2102 λέγοντος·
3449 2037 3596 2106 Ἐγὼ

2017 2111 2236 2180 ἐχρισά
2258 2129 2332 2167 σε
2356 2113 2624 2178 ,βασιλέα
2671 2111 2767 2166 ἐπὶ
2791 2113 2898 2166 τὸν
2934 2114 3205 2184 Ἰσραὴλ,
3239 2117 3336 2170 καί
3369 2118 3594 2182 66st-

2013 2213 2140 2266 μην
2167 2209 2241 2250 σε
2267 2196 2336 2250 ἐκ
2360 2195 2558 2267 χειρὸς
2597 2195 2816 2261 Σαοὺλ,
2848 2197 2948 2251 καί
2962 2197 3154 2252 ἔδωκά
3183 2217 3280 2254 σοι
3311 2201 3384 2254 τὰ
3399 2202 3595 2257 πάντα

2016 2279 2125 2334 τοῦ
2141 2280 2350 2349 κυρίου
2365 2295 2505 2346 σου,
2528 2280 2634 2335 τὸν
2648 2280 2820 2334 οἷκον
2849 2283 3070 2347 Σαοὺλ,
3113 2285 3208 2337 καί
3257 2285 3469 2347 Ἰούδα,
3494 2287 3591 2343 καὶ

2014 2363 2257 2436 suum:
2283 2367 2386 2420 σοί
2411 2365 2560 2432 ἐστι,
2579 2364 2908 2434 προσθήσω
2931 2381 3030 2422 σοι
3043 2367 3236 2435 καθὼς
3251 2370 3454 2426 ταῦτα.
3486 2374 3591 2427 Kal

2016 2447 2077 2500 τί
2097 2446 2185 2501 ὅτι
2220 2448 2636 2516 ἐξουδένωσας
2659 2449 2768 2503 τὸν
2805 2451 3043 2519 Κύριον,
3075 2451 3182 2505 τοῦ
3216 2453 3463 2521 ποιῆσαι
3523 2456 3592 2510 τὸ

2016 2531 2284 2599 πονηρὸν
2310 2533 2564 2588 ἐνώπιόν
2589 2549 2746 2604 pou;
2801 2533 2910 2590 Τὸν
2933 2535 3154 2602 Οὐρίαν
3178 2536 3286 2590 τὸν
3312 2540 3593 2594 Χετταῖον

2019 2611 2319 2680 ἐπάταξας
2357 2615 2426 2668 ἐν
2447 2617 2732 2685 ῥομφαίᾳ,
2780 2617 2877 2672 καί
2934 2616 3050 2686 τὴν
3099 2619 3354 2689 ’γυναῖκα
3405 2622 3590 2678 αὐτοῦ

2019 2696 2234 2761 ἔλαϐες
2279 2697 2469 2761 ἐαυτῷ
2499 2701 2586 2764 εἰς
2609 2699 2882 2767 γυναῖκα.
2906 2703 3012 2755 Kal
3049 2703 3166 2756 νῦν
3209 2705 3318 2758 οὐκ
3340 2705 3588 2775 ἐξαρθή-

2021 2792 2191 2831 σεται
2224 2779 2488 2846 ῥομφαία
2534 2779 2603 2832 ἐκ
2649 2779 2755 2833 τοῦ
2780 2782 2950 2836 οἴκου
2976 2797 3092 2836 σου
3123 2787 3211 2850 εἰς
3247 2787 3353 2839 τόν
3384 2788 3587 2844 αἰῶνα.

2021 2861 2126 2915 Τὸν
2146 2860 2426 2931 ἀλλότριον
2454 2858 2601 2914 οἷκον
2630 2861 2874 2933 ῥομφαίᾳ
2889 2864 3296 2936 ἐδιχοτόμησας,
3330 2868 3428 2939 τὴν
3451 2871 3589 2924 κατά

2021 2943 2116 2997 σοῦ
2145 2943 2420 3015 ῥομφαίαν
2457 2940 2743 3014 χαλκεύσω
2788 2945 2848 2996 ἐν
2873 2943 2950 3014 τῷ
2976 2945 3109 3017 οἴκῳ
3137 2964 3248 3004 σου.
3305 2949 3449 3003 Ἰδοὺ
3477 2951 3593 3020 ἐγὼ

2017 3024 2266 3096 ἐξεγερῶ
2287 3025 2386 3079 ὲπί
2417 3025 2493 3080 σὲ
2510 3026 2666 3081 κακὰ
2688 3027 2755 3082 ἐκ
2777 3027 2885 3083 τοῦ
2913 3029 3084 3084 οἴκου
3109 3045 3243 3085 σουο
3267 3033 3364 3086 οὐκ
3395 3033 3590 3100 ἔξωθέν

2015 3109 2200 3173 ποθεν,
2234 3108 2350 3164 ἀλλ’
2400 3111 2494 3164 Ἐκ
2533 3107 2642 3165 τοῦ
2676 3111 2846 3166 οἴκου
2871 3127 3007 3167 σου.
3040 3111 3255 3186 Ὀθενὴ
3291 3115 3438 3188 πηγὴ
3489 3117 3589 3188 τῆς

2015 3194 2310 3265 ἁμαρτίας,
2339 3195 2545 3250 ἐκεῖθεν
2579 3197 2612 3267 ἡ
2647 3196 2829 3266 πληγὴ
2858 3197 2955 3268 τῆς
2979 3199 3271 3270 τιμωρίας.
3315 3202 3465 3255 Ἐπεὶ
3493 3201 3587 3256 οῦν

2011 3279 2112 3349 τῆς
2138 3277 2360 3348 ἐντολῆς
2388 3278 2480 3332 τοῦ
2515 3278 2649 3332 Θεοῦ
2694 3279 2968 3352 δραπέτης
2997 3283 3091 3336 καὶ
3132 3284 3310 3354 φυγάς
3346 3286 3585 3355 ἐγένετο,

2009 3359 2100 3414 διὰ
2121 3359 2282 3414 τοῦτο
2335 3359 2434 3414 τὸν
2457 3360 2570 3415 υἰὸν
2601 3362 2984 3433 ἀπεδίδρασκε.
3023 3366 3266 3435 Ψαλμὸς
3289 3365 3368 3432 τῷ
3404 3365 3587 3424 Δαυῒδ

2009 3443 2080 3496 ἐν
2099 3442 2179 3510 τῷ
2203 3443 2870 3512 ἀποδιδράσκειναῠτὸν
2891 3447 3010 3502 ἀπὸ
3029 3435 3356 3518 προσώπου
3384 3454 3442 3508 Ἀ
3451 3457 3585 3509 σεσ-

2011 3525 2225 3596 σαλὼμ
2265 3525 2375 3581 τοῦ
2416 3527 2552 3583 υἱοῦ
2575 3527 2784 3584 αὐτοῦ.
2816 3529 2925 3583 Kal
2949 3533 3212 3605 κρείττων
3236 3535 3335 3606 τῆς
3364 3537 3458 3590 τοῦ
3490 3555 3584 3591 πο-

2009 3607 2177 3679 λέμου
2231 3610 2610 3683 ἐξηγήσεωςή
2652 3612 2800 3666 αἰτία
2847 3614 2944 3684 τῆς
2994 3615 3088 3668 τοῦ
3123 3615 3356 3688 πολέμου
3391 3619 3584 3674 ὑποθέ-

2011 3709 2169 3758 σεως,
2203 3694 2288 3746 ἵνα
2318 3693 2407 3747 τὸν
2433 3693 2646 3747 ὄλισθον
2669 3693 2762 3748 τοῦ
2796 3695 3003 3750 δικαίου
3037 3697 3360 3770 θεασάμενοι
3403 3703 3578 3771 ἀσφα-

2007 3774 2286 3847 λισώμεθα
2314 3777 2376 3830 τὸ
2405 3777 2627 3849 πτῶμα,
2657 3779 2751 3833 καὶ
2783 3779 3042 3851 φύγωμεν
3063 3780 3164 3852 τὴν
3191 3782 3384 3853 ὁμοίαν
3411 3783 3580 3855 βάσαο

2008 3875 2119 3912 νον.
2153 3858 2344 3913 Πολλοὶ
2391 3860 2499 3931 γὰρ
2553 3859 2650 3914 καὶ
2683 3861 2762 3923 εἰς
2791 3862 2891 3932 τὴν
2935 3864 3172 3936 σήμερον
3205 3865 3474 3936 πολέμους
3521 3870 3582 3924 ἐν

2004 3944 2118 4004 τοῖς
2142 3942 2310 4005 οῖκοις
2347 3941 2549 4010 έχουσι,
2585 3942 2678 3996 καὶ
2709 3943 2738 3994 6
2765 3987 2770 3996 .
2781 3944 2879 4013 μὲν
2909 3945 3013 3998 ὑπὸ
3041 3947 3296 4014 γυναικὸς
3330 3949 3581 4022 πολεμεῖ-

2004 4041 2118 4086 ται,
2153 4027 2182 4078 6
2206 4026 2263 4077 δὲ
2281 4024 2386 4076 ὑπὸ
2399 4024 2588 4077 τέκνου
2615 4023 3001 4094 πολιορκεῖται,
3022 4029 3179 4094 ἄλλος
3205 4032 3308 4085 ὑπὸ
3325 4032 3579 4102 ἀδελφοῦ,

2007 4105 2104 4158 καὶ
2147 4105 2333 4175 ἐτερος
2353 4105 2456 4156 ὑπὸ
2485 4104 2697 4157 οἰκέτου
2733 4104 3054 4174 δαμάζεται,
3086 4113 3178 4163 καὶ
3201 4113 3430 4176 ἕκαστος
3443 4117 3578 4185 ἀκη-

2007 4189 2116 4260 διᾷ,
2142 4188 2234 4242 καὶ
2267 4188 2608 4259 δυσχεραίνει
2638 4188 2729 4241 καὶ
2779 4189 3032 4264 μάχεται,
3060 4193 3153 4245 καὶ
3193 4195 3437 4264 πολεμεῖ,
3483 4199 3580 4251 καὶ

2009 4272 2347 4343 πολεμεῖταιο
2381 4272 2477 4326 καὶ
2517 4271 2695 4336 οὐδεὶς
2725 4262 2913 4326 ἑαυτὸν
2955 4272 3226 4343 λογοθετεῖ
3253 4262 3469 4341 ἐννοῶν,
3495 4281 3578 4334 ὅτι

2007 4358 2058 4410 εἰ
2088 4355 2164 4428 μὴ
2206 4355 2480 4428 ἁμαρτίας
2507 4355 2782 4428 ἔσπειρεν,
2815 4357 2915 4411 οὐκ
2947 4357 3014 4412 ἂν
3054 4360 3112 4412 ἐν
3139 4359 3218 4432 τῷ
3249 4359 3384 4432 οίκῳ
3411 4363 3578 4418 αὑτοῦ

2005 4439 2238 4496 ἄκανθαι
2291 4441 2386 4495 καὶ
2436 4439 2671 4512 τρίσολοι
2715 4440 3008 4512 ἀνέδησανο
3045 4444 3093 4496 εἰ
3145 4445 3221 4517 μὴ
3272 4446 3576 4519 σπινθῆρας

2004 4524 2285 4598 ἁμαρτιῶν
2309 4525 2680 4596 έκρυψεν,οὐκ
2712 4523 2779 4579 ἂν
2817 4527 2845 4577 6
2873 4522 3018 4592 οἶκος
3046 4528 3418 4601 ἀνεπυρίζετο.
3455 4532 3574 4587 Ὅτι

2000 4611 2111 4682 γάρ
2142 4609 2428 4682 ἁμαρτιῶν
2472 4611 2577 4662 εἰσι
2609 4610 2810 4680 καρποὶ
2841 4609 2908 4662 τά
2941 4612 3114 4665 οἰκεῖα
3143 4612 3307 4680 κακά,
3346 4616 3437 4670 καὶ
3477 4616 3573 4687 δη-

2002 4695 2157 4767 μίους
2187 4694 2483 4766 ἐμφυλίους
2505 4693 2645 4747 κατά
2666 4692 2758 4746 τοῦ
2792 4695 3196 4765 ἁμαρτάνοντος
3230 4703 3527 4771 χειροτονεῖ
3544 4704 3574 4757 ό

1997 4777 2150 4846 Θεὸς,
2189 4779 2398 4851 μάρτυς
2424 4779 2458 4848 ἡ
2506 4775 2625 4830 θεία
2653 4777 2866 4849 Γραφὴ,
2912 4775 2981 4852 ἦς
3012 4779 3162 4834 οὐδὲν
3205 4783 3570 4856 ἰσχυρότερον.

1999 4862 2233 4933 Πολεμεί
2275 4863 2397 4932 σεή
2451 4861 2608 4931 γυνὴ,
2659 4860 2948 4917 εἰσελθόντι
2985 4861 3060 4925 ὡς
3105 4862 3293 4936 θηρίον
3333 4867 3568 4938 ἀπαντᾷ,

1996 4945 2095 5017 τὴν
2126 4945 2376 5014 γλῶσσαν
2404 4943 2480 5007 ὥς
2524 4946 2794 5016 μάχαιραν
2833 4945 3037 5016 ἀκονᾷ;
3086 4947 3342 5019 Λυπηρὸν
3373 4949 3472 5020 μὲν
3508 4952 3571 5002 τὸ

1997 5029 2250 5100 πρᾶγμα,
2286 5029 2368 5081 ὄτι
2406 5029 2439 5098 ή
2479 5025 2670 5096 βοηθὸς
2703 5026 2996 5089 ἀντίπαλος
3032 5030 3272 5096 γέγονεν·
3309 5030 3390 5102 [3]
3419 5032 3569 5099 ὅμως

1995 5111 2187 5165 ἐαυτὸν
2235 5109 2548 5180 ἐρεύνησον,
2613 5111 2685 5180 μή
2717 5126 2833 5173 πως
2861 5111 2918 5162 ἐν
2971 5111 3182 5180 νεότητι
3220 5114 3298 5175 είς
3336 5113 3567 5180 γυναῖκα

1995 5191 2368 5262 ἐνεωτέρισας,
2392 5193 2485 5244 καὶ
2511 5191 2571 5244 τὸ
2593 5193 2671 5254 εἰς
2698 5195 2930 5261 γυναῖκα
2951 5193 3173 5263 τραῦμα
3193 5192 3282 5244 διὰ
3309 5193 3567 5259 γυναικὸς

1994 5273 2378 5346 θεραπεύεται.
2429 5276 2524 5328 καὶ
2572 5275 2670 5344 τὴν
2719 5275 3004 5346 ἀλλοτρίαν
3055 5274 3323 5343 σηπεδόνα
3377 5277 3410 5345 ή
3458 5275 3567 5332 ἰδία

1992 5361 2321 5430 χειρουργεῖ.
2359 5359 2477 5413 Κᾶν
2506 5359 2671 5426 ἀγνοῇ
2723 5359 2756 5428 ὴ
2784 5357 3079 5424 τέμνουσα,
3121 5357 3234 5408 ἀλλ’
3263 5354 3402 5413 οἶδεν
3421 5361 3450 5414 ὁ
3485 5362 3566 5415 ἰα-

1990 5441 2119 5512 τρὸς
2164 5441 2316 5505 Θεός.
2372 5441 2542 5504 Αὐτὸς
2577 5440 2688 5509 γὰρ
2732 5438 2870 5508 αὐτῇ
2917 5437 2993 5501 ὡς
3045 5439 3248 5512 σιδήρῳ
3280 5443 3419 5498 κατὰ
3469 5444 3563 5498 σοῦ

1991 5526 2280 5597 ἐχρήσατο·
2309 5524 2402 5576 καλ¹
2429 5521 2618 5592 ῶσπερ
2641 5519 2702 5573 τὸ
2738 5519 2952 5592 σίδηρον
2977 5522 3077 5577 οὐκ
3113 5522 3254 5580 οἶδεν
3275 5528 3305 5582 ὃ
3328 5531 3561 5599 ἐνεργεῖ,

1990 5610 2090 5685 τὴν
2118 5607 2175 5661 δέ
2202 5605 2290 5661 διὰ
2310 5603 2404 5660 τοῦ
2437 5604 2652 5678 σιδήρου
2685 5604 2979 5677 θεραπείαν
3007 5605 3148 5666 οἶδεν
3178 5613 3207 5666 6
3234 5611 3436 5685 ἰατρός
3466 5608 3560 5666 οὔ·
