4112 6224
466 325 546 380 31.
1676 307 2028 366 EXPOSITIO
2067 305 2131 361 IN
2170 303 2491 362 PSALMUM
2533 303 2621 360 Ill.
3643 304 3708 360 38

464 437 748 506 Scriptura.
788 431 924 501 Quid
965 429 1108 486 enim
1150 427 1286 482 dicat
1317 426 1436 481 audi
1475 444 1487 479 :
1529 425 1714 479 Mulier
1754 423 1887 476 mala
1930 423 2034 476 viro

464 527 712 600 percolari
754 525 956 579 dabitur
995 521 1093 592 (a).
1137 518 1194 575 Ei
1236 520 1442 574 dabitur
1490 528 1751 586 tamquam
1797 529 2034 570 amarum

467 617 761 671 antidotum
783 655 796 676 ,
829 613 970 682 quod
1003 621 1329 681 peccatorum
1357 609 1521 663 malos
1562 609 1810 662 humores
1843 620 2036 661 consu-

467 717 593 763 mat.
624 706 779 774 Quod
807 715 984 759 autem
1011 704 1166 757 etiam
1193 701 1418 756 obsideri
1451 717 1478 752 a
1515 701 1665 766 ﬁliis,
1695 699 1765 755 sit
1795 707 2037 768 peccato-

469 817 587 856 rum
615 797 929 867 supplicium
953 837 970 862 ,
1003 795 1148 849 testis
1174 803 1252 848 est
1283 792 1440 846 David
1465 833 1479 855 ,
1509 792 1598 861 qui
1642 799 1853 860 propter
1891 789 2038 844 nefa-

468 891 606 946 rium
632 901 972 957 congressum
1001 900 1030 938 a
1057 899 1153 939 suo
1167 884 1274 938 ﬁlio
1295 883 1562 937 Absalone
1584 881 1724 936 bello
1749 879 2037 948 impetitur,

470 991 529 1037 ut
571 981 814 1048 superius
853 976 1198 1031 ostendimus.
1240 974 1390 1041 Quod
1434 982 1612 1027 autem
1651 973 1806 1026 etiam
1852 970 2042 1024 fratres

473 1074 731 1127 adversus
771 1069 956 1123 fratres
991 1077 1206 1138 propter
1251 1077 1462 1134 peccata
1511 1065 1702 1117 bellum
1743 1060 2039 1130 gesserint,

475 1165 626 1218 testis
651 1173 730 1217 est
756 1162 884 1216 liber
905 1160 1145 1214 Judicutn
1177 1157 1323 1229 (Jud.
1355 1157 1422 1210 19
1449 1165 1492 1208 et
1520 1155 1635 1224 20).
1661 1152 1883 1220 Quando
1904 1151 2045 1204 enim

477 1256 530 1310 in
571 1254 781 1308 viatoris
816 1250 1162 1306 concubinam
1206 1249 1445 1303 fornicati
1483 1257 1638 1308 sunt,
1667 1245 1754 1313 qui
1789 1249 1942 1295 erant
1980 1255 2042 1294 ex

477 1345 612 1399 tribu
643 1344 907 1411 Beujamin
930 1382 946 1407 ,
980 1343 1064 1395 illa
1097 1351 1269 1394 autem
1297 1354 1417 1392 cum
1457 1337 1719 1406 ingentem
1753 1349 1855 1388 non
1886 1332 2048 1386 ferret

477 1435 846 1490 cantnmeliam
885 1442 1094 1487 mortua
1133 1441 1214 1486 est
1253 1446 1269 1483 2
1306 1429 1547 1483 undecim
1588 1428 1752 1483 tribus
1795 1425 2046 1478 adversus

479 1541 632 1579 unam
675 1525 866 1577 bellum
909 1529 1235 1592 gesserunt:
1268 1529 1322 1573 et
1362 1518 1482 1588 quia
1529 1517 1768 1570 undecim
1811 1514 1977 1568 tribus
2016 1528 2046 1566 a

477 1617 582 1670 Deo
609 1615 946 1676 defecerant,
976 1622 1030 1666 et
1066 1613 1334 1666 fornicata:
1362 1610 1566 1664 fuerant
1592 1610 1642 1662 in
1674 1608 1810 1663 idola
1835 1649 1848 1671 ,
1881 1605 2038 1660 unde.

469 1709 577 1761 clm
615 1707 788 1760 tribus
825 1707 893 1758 ab
931 1720 1030 1758 una
1071 1704 1206 1758 tribu
1238 1704 1386 1757 victae
1423 1711 1577 1766 sunt,
1604 1712 1652 1754 et
1685 1714 1828 1768 surpe
1857 1699 1924 1751 ab
1949 1711 2047 1750 una

475 1798 628 1849 victa:
654 1796 816 1850 semel
846 1795 981 1848 illam
1012 1795 1266 1859 vicerunt,
1295 1803 1346 1846 et
1373 1793 1559 1846 fmtres
1583 1791 1836 1844 adversus
1862 1787 2051 1842 fratres

475 1889 668 1944 bellum
712 1897 1024 1958 gesserunt,
1060 1885 1483 1956 quandoquidem
1525 1885 1662 1947 Deus
1689 1891 1902 1951 propter
1925 1894 2050 1950 pec-

474 1989 587 2032 cata
619 1994 802 2033 eorum
846 1978 1209 2033 intermedium
1254 1978 1456 2047 peccati
1496 1976 1777 2029 maceriam
1817 1972 2052 2026 susmlit.

476 2069 736 2134 Quoniam
762 2069 902 2122 enim
935 2084 1035 2122 una
1067 2068 1233 2122 tribus
1263 2067 1319 2125 in
1348 2067 1620 2121 mulierem
1650 2064 1920 2126 fornicata,
1953 2077 2052 2114 un-

477 2160 650 2215 decim
681 2171 858 2215 autem
890 2160 1055 2214 tribus
1085 2160 1137 2214 in
1179 2159 1318 2213 idola
1348 2157 1619 2212 fornicatae
1647 2156 1888 2219 fuerant,
1919 2160 1972 2208 et
2000 2151 2054 2206 hi

477 2261 532 2307 et
557 2253 678 2306 illia
703 2251 811 2305 Deo
835 2250 1168 2305 cxterminati
1194 2257 1336 2314 sunt,
1360 2249 1498 2303 sicut
1520 2248 1771 2314 scriptum
1799 2254 1881 2300 est
1906 2261 1919 2296 :
1948 2242 2055 2296 Ex-

479 2343 754 2397 terminasti
791 2358 986 2395 omnem
1027 2342 1112 2410 qui
1156 2342 1434 2411 fornicatur
1467 2355 1498 2392 a
1533 2349 1577 2392 te
1603 2335 1783 2410 (Paul.
1818 2335 1904 2390 72.
1935 2333 2050 2405 27).

482 2434 698 2488 Fratres
733 2449 860 2501 ergo
898 2432 1151 2486 adversus
1195 2431 1383 2485 fratres
1424 2439 1636 2499 propter
1674 2437 1886 2497 peccata
1915 2425 2054 2479 bella

485 2532 778 2590 gesserunt.
804 2522 858 2576 Si
887 2531 938 2575 te
962 2521 1150 2575 fratres
1168 2529 1492 2588 oppugnant,
1515 2535 1619 2573 non
1642 2527 1839 2572 tantum
1861 2517 1927 2572 de
1952 2517 2056 2571 illis

490 2611 824 2680 ingemiscas,
849 2619 1096 2679 quantum
1127 2609 1264 2678 apud
1297 2610 1522 2677 teipsum
1551 2609 1808 2662 rationem
1837 2607 1980 2661 ineas
2007 2615 2060 2661 et

490 2698 727 2768 inquiras
755 2709 971 2768 propter
996 2713 1235 2766 quaenam
1279 2708 1490 2766 peccata
1523 2697 1710 2750 fratres
1739 2696 1812 2750 tui
1839 2697 1941 2750 sint
1967 2695 2064 2752 ho-

486 2797 619 2842 stes.
645 2786 758 2840 Non
786 2787 925 2856 quod
955 2801 1142 2840 omnes
1171 2797 1382 2855 prapter
1407 2793 1617 2854 peccata
1643 2802 1672 2838 a
1698 2784 1944 2840 fratribus
1972 2800 2067 2855 op-

484 2887 784 2944 pugnentur
816 2894 829 2928 :
857 2875 1054 2945 Jaseph
1094 2876 1235 2930 enim
1280 2874 1678 2945 oppugnabatur
1709 2889 1738 2927 a
1778 2874 2064 2940 fratribus;

481 2983 653 3038 neque
679 2983 807 3022 sane
835 2978 1049 3036 propter
1078 2976 1293 3036 peccata
1318 2984 1330 3020 :
1359 2975 1414 3021 et
1445 2966 1578 3022 Jobo
1614 2981 1746 3021 uxor
1781 2966 2066 3020 insidiaba-

483 3069 599 3123 tur;
623 3074 727 3111 non
751 3069 965 3127 propter
984 3068 1200 3128 peccata
1226 3066 1370 3112 certe
1392 3074 1406 3110 :
1429 3057 1524 3114 sed
1544 3056 1684 3128 quod
1710 3057 1862 3127 longe
1882 3057 2062 3126 plures

467 3149 723 3202 homines
754 3157 966 3218 propter
1001 3158 1212 3217 peccata
1249 3149 1386 3204 bella
1425 3147 1712 3203 habeamus
1745 3147 2060 3202 domestica.

482 3238 886 3308 Nonnumquam
927 3240 1084 3294 etiam
1124 3239 1278 3294 amici
1316 3241 1366 3294 in
1397 3238 1640 3294 inimicos
1676 3248 2062 3295 convertuntur

485 3337 702 3397 propter
745 3338 955 3400 peccata
979 3369 994 3395 ,
1038 3337 1092 3384 et
1130 3330 1219 3399 qui
1261 3330 1386 3384 olim
1428 3331 1704 3396 amabant,
1743 3330 1971 3385 oderunt
2008 3340 2062 3386 et

487 3429 828 3485 aversantur,
860 3419 970 3474 Deo
1008 3420 1108 3474 tale
1147 3421 1326 3475 odium
1368 3421 1685 3476 immittente
1727 3432 1940 3492 propter
1969 3437 2062 3477 eas

485 3525 616 3579 quas
653 3509 798 3562 novit
842 3511 1088 3565 rationes.
1131 3510 1203 3564 Ita
1247 3513 1388 3565 enim
1425 3511 1482 3578 in
1522 3501 1733 3566 Psalmo
1770 3513 2062 3580 centesimo

485 3609 674 3670 quarto
704 3601 956 3670 scriptum
985 3611 1067 3656 est
1091 3602 1158 3657 de
1196 3601 1456 3674 [Egyptiis
1489 3621 1502 3658 :
1530 3603 1822 3659 Convertisti
1851 3621 1937 3658 cor
1971 3622 2060 3660 eo—

483 3709 596 3746 rum
622 3703 675 3746 ut
701 3695 893 3748 adirent
920 3696 1158 3765 paputum
1185 3697 1296 3766 ejus
1321 3697 1491 3766 (Psal.
1525 3698 1644 3752 104.
1673 3697 1786 3767 25).
1817 3697 1931 3753 Non
1958 3699 2057 3752 im-

487 3786 704 3840 missum
751 3796 926 3841 autem
961 3798 1102 3842 esset
1139 3803 1166 3841 a
1204 3789 1316 3844 Deo
1351 3790 1564 3856 odium,
1595 3791 1694 3845 nisi
1739 3791 1884 3860 prius
1923 3791 2062 3846 male

486 3888 773 3932 amassent.
809 3879 1004 3945 Quibus
1033 3879 1174 3933 enim
1201 3881 1428 3936 amicitia
1454 3882 1792 3951 comparabat
1816 3883 2056 3949 exitium,

487 3967 551 4022 iis
579 3969 758 4022 odium
790 3977 904 4022 erat
935 3969 1144 4023 occasio
1181 3971 1405 4026 virtutis.
1438 3971 1548 4026 lmo
1581 3988 1734 4027 serva
1763 3987 1972 4042 quoque
2007 3980 2062 4027 et

487 4061 696 4114 subdita
727 4075 951 4130 corpora
991 4075 1133 4132 sa-pe
1174 4071 1388 4130 prOpter
1417 4072 1684 4132 peccatum
1726 4065 2062 4118 insurrexere

486 4154 539 4208 in
567 4154 859 4208 dominum.
895 4155 1023 4210 Vide
1052 4156 1191 4210 enim
1219 4155 1405 4219 Adam,
1433 4172 1552 4210 cum
1580 4159 1808 4212 nondum
1847 4171 2062 4226 peccas-

486 4254 588 4311 set,
619 4247 812 4301 bestias
842 4257 1107 4315 tamquam
1146 4262 1328 4302 servas
1352 4256 1404 4302 et
1427 4247 1732 4304 obedientes
1759 4249 2060 4313 habentem,

487 4348 537 4391 et
563 4339 641 4391 eis
673 4348 934 4408 tamquam
967 4339 1138 4393 servis
1165 4339 1374 4392 nomina
1413 4339 1770 4407 imponentem
1811 4336 1969 4410 (Gen.
2004 4336 2060 4390 2.

489 4427 598 4498 i9).
638 4429 920 4498 Pastquam
957 4437 1133 4483 autem
1161 4441 1430 4499 aspectum
1463 4439 1681 4500 peccato
1706 4429 2059 4484 commacula-

488 4521 582 4584 vit,
613 4529 738 4575 tunc
765 4522 942 4576 bestia:
967 4537 1086 4576 eum
1112 4537 1216 4575 non
1245 4521 1652 4592 cognoscebant,
1677 4529 1732 4576 et
1755 4537 1871 4591 qua:
1897 4537 2062 4576 serva:

486 4615 709 4670 erantei
733 4656 746 4678 ,
775 4614 952 4668 hostes
989 4625 1287 4670 evaserunt.
1326 4618 1400 4670 Ac
1433 4614 1877 4686 quemadmodum
1915 4615 2061 4669 canis

487 4705 574 4775 qui
609 4704 660 4758 in
689 4705 845 4758 domo
870 4715 968 4766 est,
996 4707 1042 4760 ei
1070 4706 1249 4772 servit,
1279 4707 1365 4776 qui
1391 4722 1509 4761 eum
1540 4707 1651 4772 alit,
1681 4716 1734 4760 et
1763 4722 1882 4761 eum
1913 4707 2062 4761 timet

487 4811 548 4848 ac
577 4795 852 4861 formidat,
883 4797 973 4849 sed
999 4799 1040 4850 si
1070 4813 1190 4851 eum
1219 4806 1436 4865 repente
1461 4798 1650 4851 viderit
1674 4799 1819 4852 vultu
1847 4799 2058 4868 fuligine

485 4895 658 4938 atrata
684 4885 766 4939 vel
795 4896 1151 4955 personatum,
1184 4887 1482 4958 aggreditur
1514 4897 1776 4958 tamquam
1805 4889 2057 4958 alienum,

485 4984 539 5028 et
580 4992 701 5030 eum
739 4979 1028 5032 dilacerare
1073 4987 1239 5032 tentat
1267 4995 1281 5032 :
1313 4979 1382 5032 ita
1423 4979 1582 5032 etiam
1611 4980 1858 5048 quamdiu
1888 4980 2057 5034 Adam

491 5083 678 5135 purum
721 5071 947 5125 servavit
989 5071 1226 5138 vultum,
1268 5070 1462 5126 factum
1505 5072 1570 5126 ad
1613 5073 1892 5143 imaginem
1933 5073 2055 5141 Dei,

489 5158 669 5213 bestia:
703 5161 748 5214 ei
784 5171 840 5215 ut
881 5177 1048 5216 serva:
1091 5163 1344 5231 parebant
1376 5180 1389 5217 :
1421 5162 1628 5233 quando
1653 5173 1828 5218 autem
1856 5165 2057 5219 vultum

487 5249 699 5305 undavit
724 5251 1098 5317 inobedientia,
1123 5270 1224 5307 non
1247 5262 1596 5324 agnoscentes
1614 5253 1908 5321 dominum,
1933 5263 2059 5308 tam-

484 5355 640 5409 quam
678 5342 907 5395 alienum
933 5359 1053 5397 eum
1085 5345 1207 5398 odio
1244 5344 1526 5402 habebant.
1570 5345 1854 5401 Servorum
1882 5348 2060 5417 itaque

485 5431 704 5487 rebellio
728 5441 810 5485 est
835 5443 1164 5499 peccatorum
1192 5437 1490 5493 retributio.
1515 5438 1697 5494 Justus
1716 5447 1832 5494 erat
1851 5439 2073 5507 Daniel;

485 5531 536 5575 et
564 5522 744 5576 leones
766 5521 881 5592 ejus
905 5535 1231 5592 agnoverunt
1255 5527 1542 5583 dominium
1570 5529 1729 5603 (Dan.
1753 5531 1805 5586 6.
1832 5529 1943 5603 22).
1971 5531 2060 5586 Vi-

487 5610 671 5668 derunt
705 5629 826 5672 eum
859 5632 962 5670 non
992 5625 1228 5686 gustasse
1257 5632 1524 5688 peccatum
1545 5665 1560 5689 ,
1589 5635 1642 5679 et
1667 5640 1787 5679 eum
1815 5623 2059 5695 supplicii

545 5728 619 5792 (α)
651 5734 820 5780 Locum
840 5741 938 5780 non
958 5728 1172 5794 reperio.
1198 5737 1333 5782 Forte
1359 5747 1420 5784 ex
1444 5735 1580 5787 Ecdi.
1605 5737 1683 5788 26.
1708 5739 1757 5789 3.
1780 5751 1887 5802 seq.

2142 427 2410 490 expertem
2440 419 2782 488 reliquerunt.
2813 416 3056 472 Peccavit
3085 417 3340 488 propheta
3366 417 3635 480 mentitus,
3664 429 3716 472 ct

2142 510 2228 564 leo
2267 525 2388 565 eum
2429 509 2478 564 in
2521 509 2604 562 via
2639 509 2910 563 inventum
2943 517 3114 564 morte
3149 509 3323 565 affecit
3350 511 3438 578 (5.
3473 509 3594 581 Reg.
3627 511 3712 563 15.

2141 602 2253 669 24).
2286 601 2414 656 Erat
2442 600 2700 658 mendacii
2731 599 2951 669 fuligine
2983 609 3218 664 atratus,
3252 608 3306 654 et
3346 600 3430 655 leo
3460 616 3580 684 cuin
3613 615 3717 654 non

2144 693 2409 762 Cognovit.
2441 691 2497 746 Si
2538 692 2846 761 prophetam
2877 691 3126 756 vidisset,
3164 701 3221 747 ut
3265 693 3529 747 Danielem
3553 734 3568 758 ,
3597 709 3719 748 emn

2147 788 2457 846 honorassct
2489 802 2502 838 :
2536 786 2732 838 invenit
2773 784 3324 854 pseudoprophetam,
3359 794 3414 841 et
3454 793 3721 855 tamquam

2146 881 2374 934 alienum
2405 879 2617 933 invasit.
2651 879 2902 932 Dominus
2933 877 3182 932 mentitus
3206 887 3305 937 est.
3338 885 3389 932 et
3416 892 3604 933 servus
3631 893 3722 931 ne.

2145 970 2286 1040 gavit
2309 969 2624 1024 dominium.
2666 969 2730 1022 Et
2765 967 2890 1037 quid
2923 969 3042 1022 dico
3081 967 3148 1021 de
3191 968 3344 1022 malis
3382 966 3724 1030 domesticis,

2148 1062 2358 1130 quando
2385 1062 2556 1130 ipsum
2584 1061 2741 1115 etiam
2779 1071 3014 1114 nostrum
3045 1075 3259 1130 corpus,
3288 1061 3426 1132 quod
3455 1068 3538 1116 est
3568 1060 3723 1117 nobis

2151 1152 2395 1206 oninibus
2424 1151 2730 1204 familiarius
2765 1161 2820 1205 et
2855 1152 3030 1204 carius
3053 1193 3066 1215 ,
3101 1152 3418 1222 quandoque
3447 1152 3723 1206 nobiscum

2150 1241 2492 1311 peccantibus
2529 1241 2720 1296 bellum
2753 1242 2913 1311 gerit.
2945 1257 3038 1310 per
3070 1242 3242 1296 febres
3262 1284 3276 1308 ,
3307 1242 3520 1297 morbos
3548 1251 3601 1298 et
3626 1242 3725 1296 du-

2151 1333 2291 1388 lores
2333 1349 2428 1386 nos
2473 1347 2820 1402 oppugnatis,
2869 1350 2932 1387 ac
2977 1348 3188 1387 servum
3233 1349 3424 1402 corpus
3461 1335 3727 1388 dominam

2150 1426 2380 1476 animam
2410 1439 2528 1492 quae
2563 1423 2801 1492 peccavit
2840 1423 3068 1492 flagellat
3090 1466 3104 1488 ,
3137 1439 3240 1478 non
3273 1425 3412 1492 quod
3444 1424 3545 1479 hoc
3571 1425 3730 1491 velit,

2151 1514 2244 1569 sed
2275 1514 2414 1584 quod
2454 1514 2556 1568 hoc
2592 1515 2841 1584 jubeatur
2871 1516 3080 1570 facere?
3111 1516 3278 1584 llujus
3309 1518 3454 1571 testis
3477 1527 3558 1571 est
3580 1517 3723 1571 Chri.

2150 1615 2284 1670 stus,
2312 1605 2401 1675 qui
2421 1616 2604 1660 curato
2633 1606 2760 1660 dicit
2789 1603 3074 1678 paralytico
3098 1625 3112 1660 :
3139 1607 3268 1661 Ecce
3289 1625 3444 1662 sanus
3467 1613 3632 1680 [actus
3659 1626 3730 1673 es,

2153 1696 2256 1748 noli
2298 1695 2516 1764 amplius
2556 1713 2790 1765 peccare,
2833 1714 2895 1750 ne
2934 1699 3055 1767 quid
3096 1697 3313 1753 deterius
3356 1699 3443 1752 tibi
3481 1701 3734 1771 conlingat

2154 1785 2329 1854 (Joan.
2359 1787 2412 1845 5.
2445 1786 2556 1856 14).
2586 1789 2716 1840 tium
2753 1804 2878 1858 ergo
2905 1787 3274 1856 didicerimus,
3306 1791 3512 1854 fratres,
3546 1791 3734 1845 dome-

2152 1877 2306 1941 stica,
2337 1877 2583 1931 intestina
2611 1886 2663 1934 et
2689 1879 2896 1933 servilia
2925 1881 3082 1943 bella,
3107 1891 3163 1936 et
3191 1883 3408 1937 morbos
3433 1883 3591 1937 etiam
3619 1898 3737 1937 cor-

2154 1968 2299 2038 poris
2325 1983 2468 2040 saepe
2493 1971 2736 2025 accidere
2769 1987 2860 2040 per
2892 1983 3164 2041 peccatum
3187 2014 3200 2038 ,
3234 1984 3506 2042 peccatmn
3537 1975 3737 2030 fontem

2157 2062 2416 2116 malorum
2445 2063 2795 2132 repritnamus
2824 2081 2840 2118 :
2869 2073 2922 2118 et
2961 2064 3003 2118 si
3045 2073 3308 2124 torrentes
3337 2067 3499 2121 animi
3531 2078 3738 2136 pertur-

2161 2150 2432 2206 bationum
2461 2166 2566 2207 non
2597 2153 2784 2218 fluunt,
2815 2153 2956 2208 fluvii
2988 2164 3163 2210 tamen
3190 2171 3444 2226 aquarmn
3477 2159 3570 2213 Dei
3596 2159 3740 2213 oble-

2157 2249 2301 2296 ctant
2329 2241 2562 2298 animum
2582 2245 2620 2298 ¹.
2653 2243 2910 2312 Quoaiam
2942 2261 3068 2316 ergo
3109 2247 3271 2301 David
3294 2249 3594 2317 mulierem,
3625 2267 3741 2318 quae

2157 2342 2272 2387 erat
2317 2333 2368 2388 in
2411 2336 2583 2388 mariti
2625 2345 2922 2404 potestate,
2958 2347 3223 2408 tamquam
3257 2339 3487 2394 alienum
3523 2357 3742 2411 regnum

2155 2437 2512 2497 occupaverat
2543 2427 2789 2502 (cuilibet
2817 2431 2958 2486 enim
2999 2432 3112 2486 viro
3152 2446 3370 2504 regnum
3398 2443 3482 2488 est
3515 2449 3743 2489 concors

2161 2518 2356 2587 conqu
2377 2560 2394 2586 ,
2423 2529 2476 2574 et
2513 2535 2616 2574 non
2647 2521 2725 2576 sic
2759 2538 2852 2578 rex
2883 2538 3168 2593 purpuram
3198 2535 3251 2578 et
3278 2525 3517 2580 diadema
3537 2566 3552 2592 ,
3583 2536 3640 2580 nt
3667 2528 3747 2579 vir

2165 2623 2382 2664 uxorem
2409 2611 2598 2682 diligit)
2625 2630 2639 2669 :
2667 2623 2946 2683 propterea
2974 2616 3064 2686 qui
3088 2619 3155 2672 et
3185 2633 3348 2673 uxore
3379 2628 3532 2673 natus
3556 2619 3606 2674 ei
3631 2628 3746 2675 erat

2168 2699 2341 2767 ﬁlius,
2375 2702 2658 2756 insurrexit
2696 2713 2948 2774 tyrannus
2973 2746 2987 2770 ,
3027 2707 3212 2762 volens
3250 2711 3484 2778 arripere
3525 2726 3744 2780 regnum

2172 2791 2356 2862 patris.
2389 2792 2450 2846 Vi
2475 2794 2668 2862 rapuit,
2694 2803 2746 2848 et
2771 2795 2877 2848 vim
2907 2810 3092 2864 passus
3113 2807 3196 2852 est
3221 2815 3236 2852 :
3258 2808 3312 2853 et
3333 2799 3420 2866 qui
3446 2798 3742 2854 clanculum

2173 2891 2514 2953 peccaverat,
2547 2882 2614 2938 de
2642 2899 2705 2938 eo
2731 2886 2903 2954 palam
2932 2886 3229 2955 triumphus
3261 2898 3408 2944 actus
3434 2898 3518 2947 est
3537 2931 3553 2956 ,
3577 2901 3632 2947 et
3659 2894 3749 2963 qui

2170 2980 2286 3028 erat
2329 2973 2380 3026 in
2418 2974 2629 3028 occulto
2671 2975 2976 3030 vulneratus
3001 3017 3016 3040 ,
3047 2976 3280 3048 chirurgi
3319 2995 3534 3034 manum
3572 2996 3750 3036 coram

2167 3063 2416 3118 omnibus
2447 3078 2635 3132 passus
2663 3077 2779 3131 est,
2810 3065 2862 3119 id
2892 3077 3112 3122 curante
3141 3067 3247 3122 Deo
3273 3069 3359 3139 qui
3389 3069 3597 3126 dixerat
3627 3090 3641 3126 :
3671 3069 3749 3126 ’tu

2165 3153 2326 3222 fecisti
2353 3154 2403 3208 in
2432 3155 2722 3209 abscondito
2752 3171 2772 3210 :
2796 3173 2886 3226 ego
2915 3167 3078 3210 autem
3108 3161 3295 3228 faciam
3323 3162 3374 3214 in
3400 3173 3596 3234 aperto,
3627 3173 3674 3218 et
3699 3165 3751 3218 in

2165 3255 2429 3315 conspectu
2465 3247 2586 3300 solis
2621 3247 2775 3317 hujus
2805 3247 2894 3318 (2.
2923 3247 3051 3320 Reg.
3095 3250 3180 3304 12.
3217 3250 3336 3322 12).
3365 3253 3648 3310 Absal0nis
3676 3265 3752 3312 ta-

2165 3349 2287 3390 men
2317 3336 2496 3391 scelus
2522 3353 2624 3391 non
2656 3339 2703 3392 ei
2731 3337 2796 3393 ad
2833 3339 2992 3394 ﬁnem
3029 3357 3192 3412 usque
3235 3345 3491 3410 processit
3519 3363 3531 3399 :
3557 3356 3612 3401 et
3638 3364 3750 3402 me-

2165 3430 2288 3494 rito,
2323 3445 2389 3484 ne
2418 3431 2694 3500 parricidae
2725 3431 2826 3486 hoc
2855 3431 3058 3488 facinus
3089 3443 3332 3490 tenerent
3363 3451 3458 3504 pro
3488 3436 3602 3508 lege
3633 3455 3726 3507 par

2165 3519 2356 3574 rieidii.
2389 3519 2520 3574 Cum
2559 3532 2735 3576 autem
2767 3533 2825 3578 ut
2851 3523 3089 3579 carnifex
3119 3524 3493 3591 deserviisset,
3531 3538 3588 3582 ut
3628 3545 3750 3584 rens

2167 3609 2471 3666 interfectus
2501 3622 2582 3666 est
2604 3653 2618 3678 ,
2651 3623 2707 3666 ut
2735 3613 2822 3682 qui
2857 3623 2999 3668 essu
3034 3615 3312 3670 damnatus
3344 3635 3356 3669 :
3384 3626 3438 3672 et
3465 3618 3600 3674 sicut
3623 3635 3740 3690 quo

2166 3697 2216 3752 in
2246 3699 2466 3755 theatris
2494 3700 2810 3756 exhibentur
2839 3702 2966 3758 fera:
2985 3745 2999 3770 ,
3029 3705 3162 3760 alios
3201 3707 3412 3775 quidem
3457 3709 3744 3774 invadunt,

2164 3789 2230 3843 ab
2257 3788 2376 3845 aliis
2401 3805 2527 3846 vero
2553 3791 2978 3848 interﬁciuntur:
3007 3795 3077 3848 ita
3116 3795 3276 3850 etiam
3313 3797 3546 3852 Absalon
3588 3799 3748 3852 Davi-

2164 3880 2284 3936 dem
2310 3896 2592 3951 aggressus
2615 3925 2629 3948 ,
2656 3900 2685 3936 a
2713 3883 2847 3938 Joab
2873 3885 3082 3940 occisus
3108 3895 3190 3940 est
3211 3926 3226 3952 ,
3258 3895 3312 3941 et
3338 3887 3389 3940 in
3417 3886 3629 3942 sublimi
3659 3905 3749 3943 ar-

2164 3969 2293 4024 bore
2321 3987 2611 4040 suSpensus
2635 3982 2719 4028 est
2745 3973 2823 4042 (‘2.
2852 3973 2982 4045 Reg.
3013 3976 3098 4030 18:
3130 3977 3240 4046 14),
3269 3979 3359 4046 qui
3383 3976 3636 4034 adversus
3663 3994 3753 4048 pa-

2169 4072 2305 4116 trem
2351 4063 2693 4131 erigebatur;
2725 4074 2778 4116 et
2812 4079 2841 4116 a
2881 4066 3057 4134 planta
3100 4067 3462 4138 detinebatur,
3497 4071 3587 4140 qui
3631 4086 3750 4126 cum

2167 4151 2346 4206 radice
2373 4151 2633 4221 pugnabat
2664 4169 2676 4204 :
2701 4153 2906 4207 vinctus
2929 4162 3043 4207 erat
3068 4170 3096 4208 a
3125 4171 3274 4209 ramo
3299 4173 3498 4221 ramus,
3525 4160 3615 4228 qui
3641 4173 3755 4216 erat

2168 4257 2200 4297 a
2241 4250 2460 4312 paterna
2504 4243 2782 4298 affectione
2818 4244 3109 4314 abruptus,
3141 4255 3190 4300 et
3228 4248 3398 4314 capite
3437 4249 3750 4315 tenebatur,

2169 4335 2256 4406 qui
2287 4334 2540 4404 genitoris
2568 4347 2725 4406 caput
2752 4336 2962 4392 auferre
2989 4337 3359 4406 contendebat,
3391 4354 3455 4394 ac
3483 4348 3749 4411 tamquam

2167 4425 2370 4482 fructus
2412 4427 2674 4498 pendebat
2713 4429 2781 4484 ab
2822 4430 3050 4497 arbore,
3089 4431 3178 4501 qui
3224 4441 3424 4488 natura:
3466 4433 3751 4504 agricolam

2167 4517 2377 4572 volebat
2413 4520 2742 4588 exscindere,
2772 4530 2826 4576 et
2855 4520 2906 4574 in
2935 4521 3095 4578 corde
3131 4522 3310 4592 jaculo
3341 4523 3619 4582 Confessus
3647 4535 3748 4594 est,

2165 4608 2273 4665 illic
2317 4611 2542 4677 occisus,
2577 4613 2664 4676 ubi
2691 4613 2888 4668 cazdem
2921 4615 3158 4684 parabat.

2237 4703 2504 4758 Absalonis
2551 4707 2809 4775 pernicies.
2848 4697 3020 4761 -Ὲι
3071 4716 3194 4762 tunc
3244 4708 3424 4766 videre
3474 4718 3587 4766 erat
3627 4727 3752 4784 spe-

2167 4795 2430 4850 ctaculum
2476 4795 2804 4852 admirabile.
2857 4797 2996 4852 Mula
3036 4799 3176 4853 enim
3222 4801 3496 4870 cquitaus,
3541 4817 3607 4857 ex
3654 4817 3750 4857 ca-

2169 4889 2412 4958 pillorum
2455 4903 2606 4944 conia
2649 4905 2676 4943 a
2721 4905 2871 4944 coma
2913 4891 3118 4946 arboris
3162 4893 3468 4960 tenebatur,
3506 4903 3560 4948 et
3594 4909 3777 4949 coma.

2165 4979 2377 5034 tenebat
2406 4994 2556 5033 coma
2598 4989 2876 5050 tyrannum
2899 5022 2915 5047 ,
2957 4981 3062 5036 illic
3103 4997 3222 5036 eum
3261 4983 3626 5046 contundens,
3661 4983 3750 5037 ubi

2165 5066 2406 5124 diadema
2435 5079 2711 5138 paternum
2738 5081 2946 5142 gestare
2973 5073 3343 5128 contendebat.
3383 5073 3605 5140 Poterat,
3621 5087 3749 5143 ergo

2165 5158 2332 5213 videri
2361 5159 2590 5214 Absalon
2615 5174 2903 5230 Suspensus
2929 5161 2980 5215 in
3009 5161 3184 5216 medio
3210 5160 3326 5214 cwli
3351 5169 3405 5212 et
3432 5168 3606 5213 teme.
3635 5161 3748 5215 Cae-

2157 5248 2275 5302 lum
2316 5265 2436 5305 eum
2476 5266 2582 5305 non
2614 5252 2924 5306 admittebat
2953 5271 2965 5306 :
2995 5251 3040 5308 si
3069 5253 3208 5306 enim
3241 5249 3466 5318 primum
3499 5250 3746 5307 rebellem

2167 5341 2324 5409 ejecit
2346 5341 2638 5410 diabolum,
2667 5343 2934 5414 quomodo
2963 5342 3134 5411 ipsum
3168 5339 3420 5395 rebellem
3457 5343 3746 5400 secundum

2168 5434 2507 5490 admisisset?
2535 5435 2700 5490 Terra
2728 5449 2850 5490 eum
2884 5433 3248 5502 aversabatur,
3277 5449 3384 5490 non
3415 5434 3590 5494 ferens
3625 5440 3745 5510 pol-

2232 5614 2247 5644 ¹
2287 5619 2402 5676 Heg.
2422 5618 2488 5681 et
2503 5612 2664 5681 Savil.,
2688 5620 2744 5681 et
2774 5617 3022 5681 t_orrentes_
3047 5612 3460 5681 perturbationum
3481 5613 3630 5681 animi
3652 5625 3745 5664 non

2165 5673 2328 5740 (luent,
2347 5672 2442 5740 sed.
2455 5672 2659 5740 flumina
2693 5675 2960 5730 divinorum
3006 5672 3236 5731 bonorum
3273 5674 3380 5737 ejus
3401 5677 3636 5728 cititatem
3654 5687 3737 5724 seu

2167 5735 2375 5788 annnam
2397 5735 2646 5790 oblectant.
