4086 6214
349 313 417 369 39
1094 305 1150 359 S.
1193 301 1469 360 JOANNIS
1506 297 1983 357 CllRYSOSTOMI
2022 297 2341 354 ARCIIIEP.
2371 299 2907 360 CONSTANTINOP.
3554 306 3621 360 ιο

345 427 420 480 lui
451 420 728 493 parricida:
758 419 967 490 plantis.
999 417 1054 472 Si
1083 417 1224 470 enim
1263 413 1468 470 Dathan
1497 413 1811 478 devoravit,
1839 413 1930 482 qui

341 523 529 570 cotitra
560 513 739 568 Mosen
767 520 882 566 erat
922 511 1200 580 loquutus,
1228 517 1281 562 et
1306 522 1367 563 os
1396 523 1548 563 suum
1585 508 1795 576 aperuit
1831 505 1927 560 ad-

342 617 532 660 versus
565 617 688 658 eum
727 602 816 672 qui
857 615 920 655 os
958 599 1200 669 improbe
1239 607 1518 669 aperuerat
1557 596 1757 668 (Num.
1792 597 1926 668 16),

342 693 616 768 quomodo
659 693 920 763 potuisset
967 690 1108 746 ferre
1153 690 1316 760 pedes
1357 699 1633 746 currentes
1677 689 1932 743 adversus

345 783 683 855 genitorem?
714 783 846 838 Cum
882 797 1011 852 ergo
1040 781 1282 836 sublimis
1320 780 1372 834 in
1411 780 1600 834 arbore
1640 778 1928 848 penderet,

344 895 466 931 eum
507 892 786 948 aggressus
823 885 906 931 est
941 874 1076 930 Joab
1104 875 1208 929 dux
1234 873 1500 929 exercitus
1517 913 1534 938 ,
1561 881 1614 927 et
1640 872 1694 927 in
1720 887 1815 926 cor
1834 887 1932 927 ex-

280 1004 282 1006 τ
344 970 524 1025 cordis
553 978 662 1026 tres
701 969 918 1041 saginas
944 967 1134 1031 inﬁxit,
1166 966 1274 1022 illic
1299 980 1418 1020 eum
1455 964 1671 1029 feriens,
1700 965 1786 1020 ubi
1817 973 1933 1020 erat

349 1061 740 1130 receptaculum
772 1058 1098 1128 iniquitatis,
1127 1069 1175 1112 et
1213 1072 1334 1112 cum
1371 1058 1421 1110 in
1461 1055 1654 1111 arbore
1691 1056 1932 1110 sublimis

350 1154 624 1222 penderet,
654 1150 929 1221 pulchrum
951 1148 1275 1220 epitaphium
1298 1149 1345 1202 ei
1372 1147 1532 1200 David
1554 1146 1748 1201 cecinit
1771 1164 1783 1200 :
1819 1145 1934 1199 Vidi

345 1248 413 1297 im
421 1246 559 1316 pium
583 1243 1013 1314 supercxaltalum
1033 1251 1079 1294 et
1104 1239 1348 1294 elevatum
1369 1241 1497 1292 sicut
1516 1241 1692 1292 cedros
1717 1238 1896 1292 Libani
1920 1253 1932 1292 :

343 1347 386 1389 ρι
415 1337 623 1389 trmisivi
641 1377 654 1399 ,
689 1345 736 1388 et
781 1351 892 1389 ecce
924 1350 1022 1388 non
1058 1334 1205 1403 erat(
1234 1331 1376 1387 Psal.
1414 1331 1502 1388 56.
1533 1331 1663 1402 55).
1696 1328 1935 1384 Psalmus

343 1427 530 1490 David,
558 1425 761 1496 quando
783 1425 1002 1496 fugiebat
1031 1441 1063 1478 a
1093 1424 1225 1495 facie
1251 1423 1471 1477 Absalon
1497 1422 1592 1490 ﬁlii
1616 1420 1714 1476 sui.
1743 1419 1927 1491 Fugie-

345 1518 432 1570 hat
458 1527 657 1581 autem,
688 1531 796 1570 non
823 1515 990 1585 utqui
1019 1515 1250 1579 timeret,
1274 1514 1367 1567 sed
1395 1520 1451 1566 ut
1473 1511 1562 1582 qui
1589 1511 1753 1565 ﬁlium
1779 1525 1931 1564 cave-

345 1617 427 1662 ret
451 1607 698 1662 occidere
724 1625 736 1658 :
766 1605 961 1660 etenim
989 1603 1240 1673 parcebat
1267 1612 1534 1673 tamquam
1563 1603 1692 1668 lilio,
1719 1599 1815 1656 sed
1843 1601 1930 1670 qui

341 1714 464 1754 cum
492 1715 558 1753 eo
584 1707 739 1752 erant
761 1712 869 1750 non
897 1703 1246 1766 pepercerunt
1266 1703 1532 1764 tamquam
1555 1692 1758 1748 rebelli.
1781 1691 1935 1748 Unde

348 1788 534 1851 David,
559 1804 678 1842 cmn
703 1787 841 1841 ﬁlius
859 1801 979 1842 eum
1003 1793 1428 1856 persequeretur,
1448 1790 1502 1838 et
1521 1791 1735 1853 propter
1760 1783 1931 1853 ipsum

324 1874 519 1935 'Semci
548 1895 670 1933 cum
713 1877 1008 1932 maledictis
1045 1877 1414 1941 insectaretur,
1444 1875 1559 1944 ipse
1594 1872 1808 1944 quidem
1835 1888 1932 1943 pas

345 1971 526 2026 tientia
571 1985 698 2024 usus
725 1977 808 2023 est
835 1969 852 2038 (
875 1968 929 2022 2.
963 1968 1085 2038 Reg.
1116 1967 1224 2036 16)
1250 1983 1262 2018 :
1294 1965 1542 2036 quoniam
1575 1974 1752 2019 autem
1781 1964 1932 2018 multi

231 2063 247 2108 :"
344 2061 606 2115 adversus
629 2076 750 2115 eum
777 2057 1202 2121 otl‘endebantur,
1231 2065 1284 2112 et
1312 2056 1541 2112 maxime
1567 2055 1656 2126 qui
1683 2069 1787 2109 una
1813 2069 1932 2108 cum

347 2152 614 2206 Alisalonc
639 2149 982 2219 insurgebant
1006 2188 1020 2213 ,
1049 2156 1102 2202 et
1127 2147 1378 2213 deinceps
1403 2145 1660 2200 adversus
1685 2159 1804 2199 eum
1831 2145 1934 2198 eri-

346 2241 608 2311 gchantur
657 2249 925 2308 tamquam
974 2237 1151 2292 divina
1205 2235 1534 2306 providentia
1579 2235 1928 2298 destitutum,

345 2335 585 2390 dicentes
611 2351 623 2387 ε
651 2332 899 2387 Desertus
921 2346 1060 2385 nunc
1090 2329 1252 2384 David
1277 2329 1476 2397 absque
1496 2328 1698 2382 auxilio
1727 2328 1934 2397 penitus

346 2436 457 2489 est,
497 2439 638 2479 nunc
663 2423 906 2478 discrssit
934 2422 1001 2476 ab
1029 2437 1094 2476 eo
1121 2421 1260 2476 Deus
1279 2463 1294 2487 ,
1326 2428 1382 2474 ut
1408 2419 1565 2474 etiam
1594 2417 1877 2488 aliquando
1902 2432 1932 2471 a

345 2518 507 2572 Saiile
531 2534 548 2584 ;
575 2515 1019 2586 quemadmodum
1058 2515 1200 2569 enim
1233 2523 1356 2567 tunc
1391 2511 1634 2567 discessit
1666 2527 1696 2566 a
1733 2510 1892 2566 Saﬁle
1915 2554 1930 2576 ,

347 2619 398 2664 ct
423 2607 522 2664 fuit
547 2623 667 2663 cum
707 2607 864 2661 David
887 2649 900 2672 ,
932 2607 1004 2660 ita
1033 2621 1173 2661 nunc
1202 2605 1446 2660 discessit
1479 2619 1509 2658 a
1547 2603 1709 2658 David
1729 2645 1742 2669 ,
1774 2612 1936 2659 etest

347 2717 469 2757 cum
513 2701 780 2757 Absalone
809 2717 822 2755 :
854 2701 1190 2770 iusurgamus
1215 2740 1229 2763 ,
1265 2698 1610 2761 invadamus,
1643 2713 1748 2752 non
1775 2705 1859 2752 est
1882 2699 1930 2752 ei

344 2793 489 2850 salus
519 2795 569 2847 in
597 2793 706 2848 Deo
734 2811 746 2846 :
775 2793 1023 2863 quoniam
1045 2834 1060 2858 ,
1090 2792 1302 2861 inquam
1325 2831 1339 2857 ,
1366 2791 1482 2846 haec
1505 2790 1784 2856 dicebant,
1818 2791 1934 2847 hac

349 2885 614 2956 indignius
639 2883 819 2940 ferens
847 2883 1029 2947 David,
1063 2899 1220 2953 quam
1251 2883 1342 2937 ﬁlii
1379 2883 1625 2950 insultas,
1653 2883 1819 2939 Deum
1847 2883 1932 2937 in-

347 2987 578 3048 terrogat
600 2994 613 3030 :
635 2976 688 3030 ε.
717 2975 952 3041 Domine,
975 2976 1096 3045 quid
1117 2975 1436 3046 multiplicati
1455 2985 1571 3029 sunt
1590 2976 1674 3046 qui
1695 2974 1934 3028 tribulant

349 3069 466 3122 me?
488 3067 884 3136 Circumseptus
914 3080 1031 3120 sum
1061 3065 1460 3129 tentatiouibus,
1490 3065 1794 3119 circumdor
1821 3074 1932 3118 tor-

347 3158 586 3213 rentibus
613 3157 896 3220 malorum,
921 3155 1196 3211 descendit
1223 3155 1517 3225 periculdsa
1550 3156 1746 3226 pluvia,
1774 3171 1934 3210 vene-

345 3238 479 3303 runt.
513 3248 731 3302 ﬂumina
773 3247 1040 3314 hostium,
1075 3247 1222 3302 venti
1265 3247 1614 3317 malignorum
1653 3249 1931 3318 spirituum

349 3341 720 3406 iusuiﬁarunt,
749 3340 801 3394 in
846 3355 1020 3394 meam
1056 3339 1272 3394 domum
1321 3343 1657 3411 irruperunt,
1700 3343 1934 3398 volentes

345 3431 577 3485 animam
607 3446 777 3486 meam
807 3446 835 3484 a
865 3441 916 3486 te
939 3430 1233 3499 dimovere,
1261 3431 1354 3486 sed
1381 3430 1634 3487 fundatus
1658 3448 1816 3502 supra
1841 3450 1933 3505 pe—

347 3535 484 3578 tram
516 3522 659 3588 ﬁdei,
688 3539 792 3578 non
820 3524 974 3589 cado,
1005 3524 1096 3580 sed
1130 3524 1439 3593 procumbo,
1469 3535 1526 3580 ut
1551 3525 1752 3581 discam
1783 3544 1796 3581 :
1827 3526 1932 3580 Do-

347 3616 510 3682 mine,
534 3616 654 3684 quid
691 3615 1010 3684 multiplicati
1039 3625 1155 3668 sunt
1191 3616 1278 3685 qui
1320 3616 1559 3670 tribulam
1597 3617 1712 3671 me?
1735 3617 1833 3685 Qui
1859 3633 1928 3674 ex

348 3725 432 3764 me
458 3708 665 3778 genitus
691 3717 791 3774 est,
815 3714 1002 3762 contra
1029 3723 1114 3760 me
1139 3717 1241 3774 est,
1271 3707 1366 3763 sed
1397 3716 1452 3763 tu
1479 3722 1538 3764 es
1563 3721 1657 3779 pro
1682 3725 1787 3765 me.
1817 3709 1931 3765 Mea

347 3815 554 3854 mecum
599 3799 804 3854 viscera
848 3799 1042 3853 bellum
1085 3808 1275 3870 gerunt
1311 3817 1323 3854 :
1355 3814 1508 3855 meus
1545 3802 1771 3871 populus
1814 3811 1934 3872 post

347 3890 689 3953 Absalonem,
721 3904 870 3944 meus
895 3898 1077 3944 contra
1103 3905 1188 3944 me
1215 3899 1454 3946 armatur
1480 3893 1766 3949 exercitus.
1791 3894 1930 3949 Oves

351 3997 482 4038 mea:
518 3981 627 4051 lttpi
669 3979 794 4036 iacti
835 3991 986 4048 sunt,
1017 3989 1074 4036 et
1114 3980 1296 4037 leones
1333 3982 1487 4052 agni,
1519 3991 1571 4037 et
1597 3997 1756 4038 canes
1785 3984 1932 4040 rabie

350 4073 532 4145 perciti
569 4072 758 4144 agnelli
781 4115 796 4139 ,
825 4082 880 4128 et
919 4073 1053 4128 tauri
1087 4088 1252 4128 cornu
1291 4081 1532 4143 petentes
1560 4075 1755 4130 arietes
1783 4091 1796 4128 :
1824 4091 1930 4131 non

349 4179 566 4241 propter
601 4170 860 4240 meipsum
899 4169 1102 4224 afﬁcior
1136 4168 1346 4224 tristitia
1367 4210 1384 4236 ,
1411 4168 1505 4224 sed
1537 4169 1750 4226 illorum
1775 4169 1931 4225 doleo

347 4262 567 4317 exitium
593 4262 632 4314 '.

652 4352 1012 4409 EXPOSITIO
1061 4351 1126 4406 lN
1182 4349 1504 4408 PSALMUM
1549 4349 1640 4406 IV.

345 4446 472 4499 Cum
488 4446 792 4509 invocarem,
808 4443 1061 4498 exaudivit
1081 4459 1159 4496 me
1179 4442 1312 4497 Deus
1328 4443 1545 4513 justitia:
1567 4457 1691 4498 mea:
1706 4445 1726 4475 ²
1753 4443 1822 4516 (v'.
1843 4445 1926 4515 2).

418 4539 470 4591 l.
507 4535 752 4590 Prccandi
781 4550 924 4588 verus
967 4533 1164 4588 modus.
1193 4562 1265 4573 —
1299 4533 1414 4588 Non
1461 4533 1575 4588 haec
1616 4533 1748 4590 dicit
1796 4550 1925 4606 pro-

349 4630 528 4699 pheta,
568 4637 628 4683 ut
663 4628 834 4681 solum
863 4627 1217 4697 intelligamus
1242 4641 1363 4680 eum
1385 4623 1550 4682 fuisse
1575 4625 1884 4682 exauditum
1909 4644 1923 4681 :

345 4720 441 4776 sed
495 4727 553 4774 ut
603 4719 870 4774 discamus
907 4717 1176 4788 quomodo
1200 4717 1300 4786 ipsi
1328 4731 1557 4788 quoque,
1589 4717 1752 4773 Deum
1781 4718 1928 4774 invo-

346 4821 553 4880 cantes,
579 4811 687 4864 cito
726 4809 1016 4879 poterimus
1062 4808 1324 4876 exaudiri,
1368 4817 1423 4863 et
1449 4817 1574 4864 ante
1599 4809 1759 4865 linem
1807 4824 1927 4865 ora-

345 4905 505 4959 tionis
551 4900 874 4973 postulatum
917 4901 1189 4970 consequi.
1215 4898 1332 4954 Non
1379 4899 1514 4954 dixit
1541 4898 1730 4954 enim:
1776 4899 1924 4956 Post-

344 5010 504 5064 quam
525 5008 624 5064 ego
641 4991 904 5058 invocavi,
927 4991 1326 5057 exaudivitme;
1356 4990 1472 5058 sed,
1488 4989 1922 5046 Cuminvocarem.

341 5086 472 5145 Nam
501 5086 666 5156 ipsius
693 5099 902 5155 quoque
943 5083 1037 5139 Dei
1065 5091 1148 5138 est
1173 5081 1436 5151 ejusmodi
1484 5082 1770 5154 promissio
1796 5083 1922 5139 dum

342 5177 534 5234 alicubi
555 5177 681 5232 dicit
701 5177 753 5231 ei
771 5176 862 5246 qui
889 5175 1097 5229 invocat
1121 5192 1134 5228 :
1158 5172 1230 5228 Te
1257 5174 1422 5227 adhuc
1460 5175 1692 5245 loquente
1716 5174 1881 5228 dicam
1905 5193 1922 5229 :

351 5271 482 5325 Ecce
509 5271 689 5326 adsum
716 5268 871 5340 (Isai.
906 5268 997 5325 58.
1033 5268 1114 5340 9).
1143 5267 1259 5322 Non
1299 5267 1437 5322 solet
1485 5267 1628 5324 enim
1661 5268 1772 5324 Deo
1797 5265 1921 5339 per-

407 5385 431 5446 ξ
461 5390 600 5446 31:3,,
623 5381 711 5433 sed
724 5381 918 5446 illam
933 5383 1098 5446 dotem
1111 5379 1313 5446 etiam,
1328 5378 1556 5432 benedico
1573 5380 1660 5433 tibi
1674 5381 1918 5433 salvatori.

343 5443 462 5506 Quia
485 5443 688 5514 tejdccet
701 5444 941 5553 gloriosa
964 5443 1376 5516 intpcriummunc
1399 5447 1446 5494 et
1467 5455 1673 5508 seniper,
1689 5451 1786 5494 etc.
1810 5452 1922 5504 Quae

345 5503 589 5556 conclusio
609 5505 703 5553 hau
755 5505 905 5555 dubie
926 5519 954 5554 a
978 5506 1171 5556 librario
1191 5505 1350 5556 addita
1367 5513 1460 5556 est.

404 5513 589 5554 uetusto
609 5513 732 5553 haud
755 5513 905 5555 dubie
926 5519 954 5554 a
979 5513 1171 5556 librario
1191 5513 1350 5556 addita
1367 5513 1460 5556 est.

412 5570 832 5640 'Cbrxsostomps
864 5567 1201 5640 iltudlacciplt
1235 5570 1379 5640 inira,
1421 5570 1579 5640 quasi~
1609 5582 1787 5640 sensus
1822 5571 1891 5640 sit
1917 5583 1928 5616 :

347 5631 606 5692 exaudivit
620 5631 830 5694 justitia:
849 5643 970 5680 mete
994 5631 1220 5695 (gratia),
1247 5631 1506 5690 εἰσήκούσι
1524 5636 1609 5689 τῆς
1633 5633 1934 5690 δικαιοσύνης

359 5739 450 5783 μου
475 5721 664 5786 (χάριν).
696 5719 846 5771 Hebr.
873 5719 1006 5796 Ῥη
1042 5697 1195 5778 irim,
1224 5720 1349 5770 Deus
1362 5716 1483 5782 just.
1511 5731 1648 5768 ntere.

2045 411 2270 468 suadere
2310 413 2590 470 verborum
2643 414 2962 480 multitudo,
3020 416 3112 472 sed
3143 432 3270 487 pura
3312 420 3521 484 anima,
3565 432 3619 474 et

2040 506 2299 560 bonorum
2348 522 2570 577 operum
2618 511 2874 564 ostensio.
2926 508 3018 564 Eis
3057 508 3234 580 itaque
3258 513 3346 582 qui
3381 512 3621 583 improbe

2038 598 2250 666 quidem
2277 600 2499 666 vivunt,
2539 600 2818 655 verborum
2865 610 3042 656 autem
3069 602 3367 671 prolixitate
3392 617 3452 658 se
3495 617 3620 657 eum

2038 689 2254 759 placare
2277 691 2603 756 existimant,
2647 691 2768 746 vide
2812 692 2939 763 quid
2981 692 3160 747 dicat:
3192 693 3406 760 Quando
3451 695 3621 748 multi-

2038 780 2286 851 plicabitis
2307 783 2605 848 orationem,
2632 798 2734 836 non
2762 783 3032 836 exaudiam
3059 799 3164 838 vos.
3200 783 3261 838 Si
3302 782 3622 838 ostenderitis

2038 886 2238 936 manus,
2269 881 2490 925 avertam
2511 873 2683 927 oculos
2708 889 2842 928 meos
2865 889 2897 926 α
2921 873 3056 928 vobis
3087 872 3237 946 (lsai.
3273 875 3326 929 Ι.
3350 873 3464 945 15).
3482 873 3622 928 Ante

2037 963 2140 1015 alia
2163 963 2336 1033 itaque
2365 965 2544 1018 omnia
2574 973 2787 1034 oportet
2831 980 2953 1020 eum
2997 965 3086 1035 qui
3143 973 3387 1035 precatur
3424 964 3622 1020 habere

2041 1052 2306 1118 ﬁduciam,
2338 1067 2390 1109 et
2416 1055 2738 1125 posmlatum
2760 1055 2978 1110 omnino
2997 1067 3369 1126 consequetur.
3415 1055 3481 1110 Et
3502 1057 3622 1110 ideo

2041 1159 2145 1198 non
2176 1143 2312 1198 dixit
2357 1145 2614 1214 pr0phcta
2642 1187 2658 1212 ,
2701 1145 2982 1201 Exaudivit
3034 1163 3140 1212 me,
3193 1147 3309 1220 sed,
3359 1146 3622 1200 Justitiam

2039 1251 2224 1301 meam,
2251 1249 2403 1290 suam
2428 1235 2482 1290 in
2512 1236 2676 1291 Deum
2704 1237 2950 1292 ﬁduciam
2980 1237 3266 1293 ostendens
3290 1279 3306 1304 ,
3332 1247 3388 1292 et
3412 1253 3472 1292 se
3497 1253 3620 1292 cum

2039 1343 2101 1382 ea
2135 1343 2347 1398 semper
2367 1328 2432 1383 ad
2458 1344 2580 1384 eum
2600 1329 2878 1386 accedere.
2902 1329 3010 1385 Nec
3030 1345 3158 1385 vero
3186 1339 3335 1400 putet
3358 1329 3622 1400 quispiam

2039 1438 2162 1478 cum
2189 1423 2315 1478 dum
2342 1423 2455 1478 haec
2495 1422 2623 1479 dicit
2651 1437 2710 1478 se
2730 1424 2954 1492 jactare.
2977 1423 3092 1478 Non
3117 1425 3258 1479 enim
3287 1423 3401 1478 hac
3419 1424 3546 1478 dicit
3567 1433 3626 1477 ut

2038 1527 2098 1568 se
2125 1513 2364 1580 extollat,
2394 1513 2488 1568 sed
2516 1523 2576 1568 ut
2601 1513 2896 1568 doctrinam
2941 1513 3224 1584 quamdam
3273 1523 3328 1568 et
3372 1514 3621 1569 admoni-

2039 1607 2237 1660 tionem
2282 1620 2618 1660 communem
2674 1605 2828 1660 valde
2889 1605 3071 1660 utilem
3110 1604 3316 1660 atl‘erat.
3364 1605 3443 1660 Ne
3479 1605 3624 1660 dicat

2038 1696 2180 1750 enim
2197 1696 2476 1766 quispiam,
2513 1695 2608 1750 Ille
2636 1695 2735 1750 fuit
2760 1695 3064 1756 exauditus.
3095 1696 3344 1765 quoniam
3367 1704 3483 1750 erat
3520 1697 3623 1750 Da-

2041 1787 2148 1850 vid,
2174 1802 2274 1856 ego
2298 1801 2426 1840 vero
2451 1801 2556 1840 non
2591 1785 2866 1850 exaudiar,
2895 1787 3145 1856 quoniam
3177 1801 3294 1839 sum
3320 1785 3540 1854 pusillus
3564 1795 3621 1838 et

2041 1879 2281 1948 ahjectus
2312 1896 2324 1932 :
2355 1878 2585 1933 ostendit
2617 1879 2782 1934 Deum
2815 1893 2916 1934 nec
2943 1879 3091 1932 illum
3118 1878 3304 1932 audire
3326 1879 3621 1947 quomodo-

2040 1985 2303 2040 cumque,
2328 1985 2426 2025 uec
2455 1978 2506 2023 te
2549 1984 2652 2023 non
2692 1969 2877 2024 audire
2915 1977 3116 2025 temere
3143 1978 3197 2024 et
3223 1969 3364 2023 nulla
3405 1970 3621 2022 ductum

2042 2061 2268 2125 ratione,
2301 2061 2393 2115 sed
2424 2075 2637 2129 semper
2662 2073 2751 2115 res
2777 2068 2831 2114 et
2878 2059 3012 2114 facta
3037 2068 3223 2115 exacte
3248 2060 3620 2128 contemplari.

2037 2152 2167 2218 Quae
2192 2152 2236 2206 si
2263 2153 2532 2220 habueris,
2567 2160 2620 2205 et
2647 2167 2834 2206 eorum
2860 2152 3030 2222 possis
3050 2151 3123 2206 uti
3157 2152 3474 2221 patrocinio,
3503 2167 3621 2204 om-

2040 2243 2166 2296 nino
2195 2243 2519 2297 exaudieris.
2554 2242 3008 2310 Quemadmodum
3033 2242 3077 2296 si
3106 2257 3211 2296 non
3228 2241 3497 2309 habueris,
3526 2259 3623 2296 nec

2038 2334 2085 2387 si
2130 2333 2292 2387 David
2323 2334 2533 2404 quidem
2588 2332 2786 2397 fueris,
2846 2333 3044 2404 poteris
3078 2333 3242 2388 Deum
3270 2333 3502 2404 placare.
3557 2333 3624 2387 Et

2039 2425 2176 2480 sicut
2214 2427 2359 2480 avari
2405 2440 2502 2480 nec
2545 2425 2853 2495 dignitatem
2884 2467 2900 2491 ,
2938 2440 3036 2480 nec
3064 2424 3259 2495 aliquid
3286 2425 3426 2480 aliud
3449 2425 3621 2493 respi-

2037 2519 2203 2584 ciunt,
2237 2518 2337 2573 nisi
2375 2532 2467 2572 eos
2515 2526 2718 2571 tantum
2759 2517 2848 2586 qui
2902 2516 3099 2571 habent
3124 2516 3432 2587 pecuniam,
3472 2525 3526 2570 et
3555 2516 3623 2570 ad

2038 2624 2152 2675 eos,
2180 2618 2446 2680 tamquam
2476 2609 2603 2664 nihil
2629 2625 2733 2664 non
2759 2608 3019 2673 effecturi,
3038 2609 3330 2664 accedunt:
3361 2608 3431 2662 ita
3461 2609 3621 2663 etiam

2037 2702 2160 2772 quia
2191 2703 2328 2756 Deus
2351 2713 2432 2757 est
2455 2711 2662 2757 amator
2695 2703 2936 2773 justitize,
2966 2705 3286 2774 quicumque
3315 2718 3433 2758 omn
3461 2718 3521 2758 ea
3551 2703 3618 2757 ad

2040 2794 2213 2864 ipsum
2241 2796 2547 2860 accesserit,
2594 2809 2698 2850 non
2728 2794 2944 2850 recedet
2973 2808 3204 2848 vacuus:
3238 2803 3295 2847 ut
3321 2793 3409 2863 qui
3439 2809 3499 2848 ea
3528 2808 3620 2846 ca-

2038 2893 2147 2947 ret,
2179 2895 2234 2938 et
2288 2885 2351 2938 iis
2377 2900 2496 2954 qua:
2523 2894 2648 2939 sunt
2675 2885 2751 2939 illi
2795 2885 3058 2938 contraria
3104 2885 3426 2952 inquinatur,
3456 2898 3620 2951 quan-

2040 2975 2232 3028 tumvis
2259 2985 2376 3029 oret
2401 2984 2455 3030 et
2486 2975 2750 3041 obsecret,
2780 2975 2948 3028 nihilo
2969 2975 3085 3043 plus
3109 2974 3322 3039 efﬁciet,
3346 2988 3466 3028 cum
3495 2988 3620 3044 pcr-

2037 3066 2294 3121 suadendi
2328 3065 2573 3121 facultate
2625 3076 2821 3120 careat.
2859 3066 2981 3121 Ideo
3015 3067 3059 3120 si
3110 3066 3246 3137 apud
3280 3067 3441 3122 Deum
3489 3067 3622 3122 velis

2037 3157 2231 3225 aliquid
2257 3157 2490 3223 efﬁcere,
2523 3171 2584 3212 ea
2621 3167 2834 3226 accepta
2863 3157 3214 3226 proﬁciscere.
3241 3156 3505 3212 Justitiam
3526 3172 3623 3212 au-

2040 3259 2144 3304 tem
2191 3265 2257 3304 ne
2303 3265 2421 3304 esse
2465 3260 2666 3319 partem
2697 3249 2907 3303 virtutis
2929 3249 3200 3304 existimes
3227 3248 3325 3321 (a),
3359 3249 3451 3303 sed
3480 3250 3618 3304 inte-

2035 3357 2182 3414 grant
2207 3352 2261 3396 et
2290 3343 2613 3408 universam,
2649 3341 2720 3396 Ita
2752 3342 2912 3396 etiam
2943 3349 3059 3397 erat
3084 3340 3185 3395 Job
3209 3341 3384 3410 justus
3405 3381 3418 3399 .
3447 3349 3503 3394 ut
3531 3342 3621 3410 qui

2041 3439 2322 3491 humanam
2347 3451 2558 3491 omnem
2591 3437 2809 3491 haberet
2839 3437 3113 3501 virtutem,
3141 3449 3245 3490 non
3268 3433 3358 3504 qui
3401 3435 3469 3489 ab
3519 3435 3622 3490 hoc

2037 3529 2248 3599 quidem
2278 3530 2418 3584 malo
2432 3529 2752 3590 abstineret.
2777 3528 2904 3582 illud
2925 3541 3052 3582 vero
3073 3526 3346 3582 retineret.
3365 3526 3436 3580 lta
3457 3527 3619 3581 etiam

2037 3635 2135 3675 nos
2157 3621 2353 3692 justam
2375 3630 2625 3676 stateram
2645 3635 2765 3676 esse
2779 3621 3028 3687 dicimus,
3058 3635 3176 3690 quae
3193 3618 3338 3673 omni
3379 3633 3445 3674 ex
3469 3628 3620 3689 parte

2037 3727 2186 3782 atqua
2218 3723 2302 3768 est
2338 3730 2351 3766 :
2384 3729 2487 3767 non
2515 3713 2558 3768 si
2586 3728 2771 3768 aurum
2802 3712 3015 3783 quidem
3047 3713 3296 3782 possitex
3328 3727 3480 3782 :equo
3507 3724 3619 3767 sta-

2038 3814 2208 3871 tuere,
2233 3819 2387 3860 secus
2417 3816 2593 3860 autem
2626 3803 2920 3874 plumbum,
2944 3803 3037 3860 sed
3063 3819 3181 3874 qum
3209 3804 3261 3859 in
3291 3804 3473 3876 quatis
3503 3819 3620 3858 ma-

2040 3897 2170 3951 teria
2196 3897 2497 3970 aequitatem
2539 3895 2792 3962 exhibet;
2827 3905 2882 3950 et
2911 3909 3422 3951 rursusmensuram
3443 3936 3458 3958 ,
3499 3910 3620 3965 quas

2037 3997 2120 4043 est
2166 3987 2311 4042 omni
2342 4004 2405 4043 ex
2439 3997 2587 4058 parte
2614 4003 2785 4058 aequa.
2833 3985 2908 4040 lla
2950 3987 3109 4042 etiam
3137 3996 3251 4042 erat
3276 3986 3376 4041 Job
3399 3986 3570 4055 justus
3598 4027 3616 4049 ,

2037 4095 2220 4150 aequus
2242 4096 2306 4135 ex
2333 4081 2477 4135 omni
2527 4091 2697 4150 parte.
2728 4079 2909 4149 Neque
2939 4080 3080 4134 enim
3106 4080 3158 4133 in
3185 4078 3408 4148 pecunia
3439 4077 3614 4130 solum

2036 4187 2154 4226 eam
2171 4172 2414 4227 servabat
2444 4173 2768 4242 aequitatem,
2793 4171 2886 4225 sed
2910 4170 3069 4226 etiam
3092 4169 3146 4223 in
3173 4169 3295 4223 aliis
3317 4167 3569 4221 omnibus
3594 4209 3610 4233 ,

2037 4263 2250 4319 modum
2295 4279 2580 4334 numquam
2620 4261 2904 4318 excedens.
2933 4261 3042 4316 Nec
3071 4260 3237 4330 possit
3263 4259 3441 4314 dicere
3465 4259 3614 4328 quis-

2038 4357 2176 4426 piam
2221 4371 2342 4412 eum
2377 4357 2427 4411 in
2479 4355 2698 4425 pecunia
2725 4353 2938 4424 quidem
2991 4351 3290 4422 a-quitatem
3315 4348 3574 4404 dilexisse
3596 4391 3612 4415 ,

2035 4450 2090 4504 in
2117 4447 2492 4518 congressione
2537 4454 2717 4500 autem
2749 4455 2802 4500 et
2857 4457 3104 4498 sermone
3151 4456 3271 4495 cum
3304 4440 3616 4512 propinquis

2035 4538 2249 4594 modum
2277 4537 2589 4603 excessisse,
2623 4548 2679 4590 ut
2706 4535 2794 4605 qui
2820 4543 2962 4589 esset
2981 4531 3238 4602 superbus
3259 4541 3313 4587 et
3337 4546 3614 4602 arrogans.

2035 4630 2148 4685 Hoc
2173 4630 2314 4685 enim
2342 4643 2550 4683 summo
2577 4627 2754 4681 studio
2779 4624 3028 4694 fugiebat.
3058 4622 3129 4677 Et
3155 4622 3275 4678 ideo
3307 4621 3515 4678 dicebat
3541 4623 3555 4653 '
3595 4641 3608 4676 :

2039 4720 2189 4788 Quod
2214 4721 2256 4774 si
2281 4720 2432 4774 etiam
2451 4717 2729 4788 contempsi
2742 4716 2994 4786 judicium
3014 4715 3141 4769 servi
3168 4716 3264 4768 mei
3287 4716 3364 4768 vel
3386 4714 3608 4779 ancillw,

2033 4828 2145 4864 cum
2177 4810 2429 4880 litigath
2459 4825 2651 4882 mecum
2680 4823 2699 4862 :
2725 4808 2800 4861 vel
2829 4823 2930 4859 non
2953 4805 3081 4859 sicut
3100 4821 3190 4878 ego
3209 4807 3304 4878 fui,
3330 4807 3534 4878 fuerunt
3561 4815 3608 4859 ct

2031 4903 2161 4972 ipsi’
2183 4901 2322 4972 (Job.
2341 4902 2394 4957 5.
2423 4900 2534 4973 i5).
2561 4901 2624 4954 Et
2644 4898 2744 4953 hoc
2765 4912 2892 4970 ergo
2913 4897 3072 4952 etiam
3094 4897 3346 4968 injustitia
3363 4907 3464 4964 est,
3492 4911 3616 4952 esse

2031 4995 2326 5064 superbum
2346 5002 2400 5048 et
2424 5002 2779 5062 arrogantem.

2101 5087 2156 5140 2.
2183 5083 2638 5152 Quemadmodum
2668 5082 2810 5139 enim
2841 5096 3060 5136 avarum
3105 5095 3226 5137 esse
3266 5081 3492 5136 dicimus
3523 5084 3612 5151 qui

2095 5246 2110 5276 ¹
2147 5242 2204 5292 In
2226 5249 2362 5303 tteg.,
2388 5240 2499 5292 huic
2521 5240 2648 5292 enim
2665 5237 2858 5290 crimini
2879 5238 3057 5302 diffuse
3078 5237 3306 5303 occurrit,
3335 5238 3518 5303 dicens.

2095 5257 2110 5276 ι
2149 5257 2204 5292 tn
2227 5257 2290 5292 Ite
2329 5279 2362 5303 .,
2388 5257 2499 5292 nutc
2521 5257 2648 5292 emm
2665 5257 2857 5290 crum":
2879 5257 3057 5302 mnu-se
3078 5257 3306 5297 occurru,
3335 5257 3518 5289 arcens.

2091 5307 2110 5337 ³
2147 5307 2249 5355 Loci
2273 5257 2402 5354 iﬁius
2425 5318 2487 5354 ex
2511 5304 2630 5353 Jobo
2653 5303 2792 5364 petiti
2818 5307 3191 5364 parsipostrema
3223 5299 3370 5362 longe
3392 5299 3486 5348 alio
3509 5314 3612 5348 mo-

2028 5367 2092 5416 do
2126 5367 2256 5428 jacet
2279 5367 2327 5415 in
2342 5366 2566 5428 editione
2599 5363 2916 5428 septuaginta
2931 5363 3257 5425 [interpretum
3289 5370 3508 5428 Romana,
3527 5364 3612 5410 uti

2028 5423 2306 5497 postvoces,
2333 5425 2574 5491 litigarem
2598 5423 2882 5497 mecum,sic
2904 5423 3123 5497 legitura
3137 5433 3298 5474 Nonne
3319 5423 3440 5474 sicut
3460 5428 3506 5472 et
3527 5435 3616 5484 ego

2027 5485 2089 5541 de
2108 5498 2266 5541 ventre
2288 5485 2427 5541 natus
2446 5487 2661 5552 smmita
2682 5494 2727 5538 et
2748 5487 2842 5552 ipsi
2862 5485 3123 5552 notisunt‘.’

2090 5553 2162 5614 (α)
2193 5552 2324 5614 quod
2347 5552 2425 5600 hic
2446 5553 2513 5601 ait
2542 5549 2918 5614 chrysostomus,
2945 5549 3204 5614 justitiam_
3225 5559 3321 5597 non
3357 5557 3468 5614 esse
3507 5557 3612 5614 ιιι-τ

2025 5606 2126 5665 tem
2145 5606 2352 5670 virtutis,
2377 5614 2463 5676 scd
2490 5606 2718 5663 virtuth
2762 5606 3056 5669 universam,
3079 5611 3273 5659 omnino
3311 5606 3515 5676 quadrat
3549 5608 3610 5656 ad

2025 5677 2142 5742 illud
2168 5667 2486 5742 Empedoclis:
2512 5690 2546 5726 ι.
2570 5685 2612 5726 δε
2634 5685 2846 5742 suam“
2867 5667 3073 5742 “nassa.
3090 5667 3393 5736 πείάμτ-ιίρᾱτιγ
3406 5667 3493 5742 [id
3513 5678 3610 5730 est,

2025 5742 2074 5791 in
2089 5737 2281 5802 justitia
2303 5746 2460 5790 autem
2485 5739 2860 5802 comprehensim
2885 5737 3149 5786 continetur
3170 5743 3320 5782 omms
3343 5737 3512 5780 virtus.
