4112 6224
388 346 450 404 ιι
1078 343 1136 398 S.
1172 339 1454 399 JOANNIS
1486 335 1982 397 CHRYSOSTOMI
2019 337 2340 397 ARCHIEP.
2379 340 2924 401 CONSTANTINOP.
3569 347 3636 402 ﬂ

383 460 560 521 ἀλλων
590 464 909 538 βουλόμενον
949 462 1155 529 λαϐεῖν,
1197 465 1293 518 καλ
1320 465 1433 528 τοῖς
1468 461 1689 526 οἰκείοις
1725 462 1824 515 οὐκ
1856 461 1957 533 ἀρ·-

386 571 649 645 κούμενον
673 589 685 602 ·
722 570 865 626 οὕτω
898 571 991 625 καὶ
1013 568 1329 634 ἀλαζονικὸν
1367 567 1619 640 λέγομεν,
1649 567 1776 621 ὅταν
1801 565 1963 621 πλέον

385 682 593 753 ἀπαιτῇ
636 679 746 733 τῶν
787 678 1150 750 ὀφειλομένων
1184 675 1334 747 αὐτῷ
1364 676 1517 747 παρά
1556 672 1649 728 τοῦ
1701 671 1960 744 πλησίονο

385 785 517 842 ὅταν
546 801 631 849 τις
659 783 850 839 ἐαυτὸν
885 783 983 855 μὲν
1018 784 1077 835 ἐν
1106 782 1254 852 πάσῃ
1298 780 1535 850 καθιστᾷ
1560 780 1727 849 τιμῇ,
1779 777 1964 847 ἕτερον

386 890 444 946 δέ
472 889 737 962 ἀτιμάζῃ.
768 887 941 943 Τοῦτο
969 889 1026 942 δέ
1053 885 1351 959 οὐδαμόθεν
1392 883 1658 957 ἑτέρωθεν
1688 883 1898 953 γίνεται

386 995 448 1061 ἐξ
475 995 709 1060 ἀδικίας.
740 995 863 1050 Ὅτι
896 993 1005 1064 γάρ
1036 993 1215 1047 ἀδικία
1244 991 1422 1057 τοῦτο,
1465 990 1657 1044 σκόπει
1687 988 1959 1044 ἐντεῦθεν.

388 1101 497 1156 Καὶ
523 1098 584 1153 σέ
611 1101 641 1154 6
670 1098 804 1163 Θεὸς
822 1099 1071 1152 κάκεῖνον
1098 1096 1342 1167 ἐποίησε,
1364 1096 1459 1149 καὶ
1488 1095 1666 1149 πάντα
1703 1110 1783 1146 σοι
1810 1090 1963 1147 κοινά

387 1208 483 1261 καὶ
517 1206 607 1260 ἴσα
632 1204 830 1259 δέδωκε
864 1203 1001 1276 πρὸς
1026 1199 1344 1266 αὐτόν.Πῶς
1375 1196 1470 1255 οῦν
1494 1200 1656 1254 αὐτὸν
1681 1197 1962 1262 ἐκϐάλλεις

388 1316 482 1366 καὶ
514 1311 837 1382 ἀποστερεῖς
858 1309 956 1381 τῆς
995 1308 1183 1379 τιμῆς,
1212 1303 1393 1380 ἧσπερ
1418 1306 1616 1359 ἔδωκεν
1640 1307 1669 1358 ό
1697 1303 1849 1377 Θεδς,
1869 1302 1964 1357 καὶ

386 1416 488 1471 οὐκ
536 1415 705 1486 ἀφίης
748 1411 890 1469 εἶναι
930 1413 1211 1477 κοινωνὸν,
1252 1410 1387 1466 άλλά
1413 1409 1473 1464 τὸ
1505 1410 1614 1463 πᾶν
1646 1407 1738 1462 σὺν
1772 1406 1961 1473 ποιῶν,

384 1522 487 1575 ob:
529 1520 589 1574 ἐν
622 1519 871 1591 χρήμασι
900 1516 1082 1587 μόνον,
1116 1515 1254 1570 άλλά
1285 1516 1380 1569 καὶ
1409 1516 1468 1568 ἐν
1496 1512 1623 1584 δόξῃ
1656 1513 1832 1574 ποιεῖς
1865 1511 1969 1565 αὐα

345 1691 349 1694 ν
384 1625 478 1678 τὸν
513 1624 753 1695 πένητα;
797 1621 945 1677 Μίαν
990 1620 1274 1692 ἑκατέροις
1314 1621 1342 1673 6
1382 1617 1516 1682 Θεὸς
1548 1617 1738 1671 οὐσίαν
1776 1615 1964 1687 ἐχαρί-

389 1743 551 1784 σατο·
587 1730 687 1798 τῖλς
715 1727 888 1799 αὐτῆς
916 1724 1116 1797 ⁴ίγξίωσε
1161 1723 1482 1798 προεδρίας,
1510 1722 1611 1794 τῆς
1660 1722 1784 1794 ῖσης
1826 1719 1963 1774 πλά-

391 1850 547 1898 σεως.
578 1832 653 1886 Τὸ
684 1830 1173 1904 γὰρ,ῐιοιήσωμεν
1195 1827 1713 1899 ἄνθρωπον-,κοινὸν
1739 1825 1833 1880 τοῦ
1866 1825 1962 1896 γέο

340 1980 343 1985 -
389 1956 512 2003 νους
541 1938 760 2001 παντός.
788 1935 916 2000 Πῶς
945 1930 1037 1990 οῦν
1064 1936 1225 1990 αὐτὸν
1264 1935 1364 2006 τῆς
1395 1933 1655 2007 πατρῴας
1680 1932 1961 1997 ἐκϐάλλεις

387 2042 596 2107 οὐσίας,
666 2042 746 2105 εἰς
795 2040 1029 2112 ἐσχάτην
1092 2039 1364 2093 εὐτέλειαν
1421 2038 1697 2107 κατάγων,
1747 2037 1842 2092 καὶ
1899 2036 1961 2090 τὸ

386 2146 563 2201 κοινὸν
593 2145 1048 2216 ἰδιοποιούμενος;
1089 2145 1227 2199 Ἀλλ’
1252 2145 1351 2215 οὐχ
1380 2147 1408 2199 6
1447 2143 1717 2216 μακάριος
1749 2141 1960 2214 Προφή-

385 2269 487 2325 της
530 2251 802 2316 τοιοῦτος’
829 2250 910 2304 διὸ
939 2250 1032 2304 καὶ
1065 2251 1200 2321 μετά
1230 2249 1540 2321 παρρησίας
1567 2248 1750 2317 ἔλεγεν
1771 2262 1785 2277 ·
1819 2249 1962 2302 Elo-

288 2358 291 2361 ’
387 2359 618 2427 ήκουσε
654 2356 765 2427 τῆς
813 2357 1205 2425 δικαιοσύνης
1233 2368 1373 2428 μου.
1428 2355 1584 2410 Οῦτω
1627 2355 1724 2410 καὶ
1750 2353 1961 2418 Παῦλος

387 2463 626 2537 παράγει
651 2462 908 2525 πολλάκις
936 2461 1128 2517 ἑαυτὸν
1156 2462 1236 2524 είς
1267 2460 1328 2514 τὸ
1361 2459 1543 2531 μέσον,
1572 2459 1672 2512 οὐκ
1696 2458 1957 2531 ἐπαίρων,

362 2569 507 2625 ὀὐδὲ
537 2569 723 2639 φυσῶν
745 2607 760 2633 ,
804 2567 943 2622 άλλά
965 2570 1076 2631 τοῖς
1103 2565 1284 2629 ἀλλοις
1311 2564 1616 2636 ὑπόδειγμα
1643 2563 1922 2635 γινόμενος
1942 2580 1956 2629 ἶ

383 2674 459 2738 ὡς
488 2674 618 2728 ὅταν
659 2672 795 2744 λέγῃ
812 2713 828 2740 ,
859 2672 1021 2727 Θέλω
1061 2669 1292 2737 πάντας
1318 2668 1665 2738 ἀνθρώπους
1697 2665 1847 2723 εἶναι
1879 2669 1961 2732 ὠς

386 2779 486 2834 καὶ
527 2778 787 2848 ἐμαυτὸν
932 2777 1242 2847 ἐγκρατείᾳ
1257 2788 1308 2830 α.
1346 2774 1503 2831 Οὕτω
1532 2775 1628 2830 καὶ
1653 2774 1682 2828 6
1708 2773 1869 2828 Δαυῖδ
1901 2776 1961 2827 ἐν

386 2882 562 2956 καιρῷ
607 2880 893 2948 καλοῦντι,
923 2880 1023 2955 τὴν
1056 2881 1309 2953 ἀνδρείαν
1353 2880 1454 2952 τὴν
1485 2879 1704 2944 ἐαυτοῦ,
1750 2880 1851 2949 τὴν
1884 2880 1960 2955 ,ἐκ

382 2990 481 3060 τῆς
499 2987 594 3043 τοῦ
623 2987 758 3042 Θεοῦ
780 2985 1073 3058 γινομένην
1101 2985 1275 3057 ῥοπῆς
1304 2987 1384 3048 είς
1415 2984 1578 3057 μέσον
1610 2985 1735 3051 ἄγει
1761 2983 1956 3051 λέγων,

383 3094 464 3153 ὅτι
496 3087 592 3147 καὶ
619 3091 854 3164 ἄρκτους
886 3090 1095 3159 ἐπνιγε,
1125 3090 1222 3144 καὶ
1242 3089 1462 3152 λέοντας
1484 3087 1832 3159 ὴγκαλίζετο,
1862 3088 1962 3141 οὐκ

383 3195 624 3267 ἐπαίρων
654 3194 846 3249 ἐαυτὸν
873 3193 997 3248 οὐδέ
1025 3187 1202 3257 οὗτος,
1238 3192 1312 3264 μὴ
1334 3191 1573 3261 γένοιτο,
1606 3190 1723 3245 ἀλλ’
1754 3193 1962 3245 οἰκονο-

386 3300 503 3373 μῶν
528 3299 706 3372 ἐαυτῷ
728 3298 978 3354 ἐντεῦθεν
1007 3299 1070 3354 τὸ
1105 3298 1437 3366 ἀξιόπιστον.

450 3406 563 3459 Καὶ
603 3407 651 3459 εί
676 3404 786 3476 έχω
813 3390 1184 3477 δικαιοσύνην,
1217 3406 1405 3476 φησὶν,
1440 3407 1573 3469 ἴσως
1606 3405 1724 3477 ἐρεῖ
1746 3423 1849 3473 τις,
1876 3407 1961 3471 τίς

384 3510 544 3582 χρεία
558 3510 744 3583 εὐχῆς,
757 3509 1053 3583 ἀρκοῦντος
1064 3509 1157 3564 τοῦ
1175 3510 1498 3582 πράγματος
1512 3510 1593 3584 [8]
1605 3512 1820 3568 ᾶπαντα
1838 3531 1960 3569 κατ-

381 3615 596 3689 ορθοῦν,
615 3616 822 3672 καὶτοῦ
849 3615 1131 3687 μέλλοντος
1157 3616 1355 3671 διδόναι
1377 3617 1576 3683 εἰδότος
1596 3611 1672 3672 ὧν
1693 3619 1956 3691 δεόμεθα;

383 3724 508 3777 Ὅτι
542 3721 604 3774 οὐ
642 3720 837 3792 μικρὸς
870 3719 1164 3791 σύνδεσμος
1197 3720 1296 3791 τῆς
1331 3720 1471 3793 πρὸς
1502 3723 1635 3777 Θεὸν
1663 3724 1885 3795 ἀγάπης
1922 3724 1956 3798 ή

381 3824 551 3896 εὐχὴ,
601 3824 891 3895 συνήθειαν
936 3825 1070 3894 ἡμῖν
1121 3823 1425 3895 ἐμποιοῦσα
1465 3825 1564 3899 τῆς
1612 3828 1750 3900 πρὸς
1796 3830 1958 3883 αὐτὸν

380 3929 614 4001 ὁμιλίας,
634 3929 730 3983 καὶ
758 3930 839 3994 εἰς
866 3929 1185 4000 φιλοσοφίαν
1204 3930 1433 4000 άγουσα.
1462 3933 1524 3987 El
1546 3933 1654 4007 γάρ
1685 3934 1956 4009 ἀνθρώπῳ

378 4052 464 4101 τις
488 4036 876 4107 συγγινόμενος
900 4035 1221 4111 θαυμαστῷ,
1238 4038 1406 4094 πολλὰ
1433 4040 1745 4113 καρποῦται
1767 4044 1834 4098 ἐκ
1853 4044 1954 4113 τῆς

383 4141 702 4208 συνουσίας,
737 4140 915 4213 πολλῷ
958 4142 1157 4213 μᾶλλον
1200 4147 1230 4199 6
1275 4145 1397 4217 Θεῷ
1423 4146 1684 4218 διηνεκῶς
1726 4149 1952 4220 ὁμιλῶν.

392 4245 530 4301 Ἀλλ’
564 4246 664 4300 οὐκ
691 4244 848 4317 ἴσμεν
873 4249 972 4319 τῆς
1000 4250 1165 4321 εὐχῆς
1193 4251 1256 4303 τὸ
1288 4250 1475 4322 κέρδος
1504 4253 1580 4316 ὡς
1606 4253 1734 4325 χρὴ,
1759 4255 1948 4328 ἐπειδὴ

383 4350 518 4423 μηδέ
549 4351 889 4423 προσέχομεν
931 4353 1069 4423 αὐτῇ
1104 4353 1241 4423 μετά
1280 4354 1585 4424 ἀκριϐείας,
1628 4357 1765 4427 μηδέ
1807 4359 1951 4432 χρώ-

382 4455 520 4525 μεθα
557 4456 701 4510 κατά
744 4456 872 4520 τοῦς
908 4457 1001 4510 τοῦ
1039 4456 1176 4510 Θεοῦ
1218 4457 1436 4527 νόμους.
1478 4459 1616 4514 Ἀλλ’
1644 4462 1952 4534 ἀνθρώποις

380 4562 482 4633 μὲν
513 4562 798 4634 μέλλοντες
838 4562 1181 4631 διαλέγεσθαί
1207 4579 1315 4617 τισι
1341 4563 1451 4619 τῶν
1487 4566 1628 4639 ὑπὲρ
1653 4569 1820 4641 ἡμᾶς,
1856 4571 1951 4625 καὶ

378 4668 586 4741 σχῆμα,
614 4669 710 4722 καὶ
738 4666 972 4738 βάδισμα
991 4709 1005 4731 ,
1034 4667 1130 4723 καὶ
1163 4668 1383 4741 στολὴν,
1415 4670 1510 4724 καί.
1548 4673 1722 4728 πάντα
1752 4674 1950 4746 ῥυθμί-

378 4790 568 4838 σαντες
589 4775 669 4838 είς
693 4773 753 4831 τὸ
779 4774 920 4837 δέον,
953 4773 1098 4827 οὕτω
1122 4772 1483 4845 διαλεγόμεθα
1501 4790 1517 4806 ο
1554 4777 1673 4850 Θεῷ
1698 4779 1756 4834 δέ
1784 4768 1951 4853 προσ-

378 4881 547 4944 ιόντες
600 4878 963 4950 χασμώμεθα,
990 4878 1276 4949 κνώμεθα,
1308 4883 1806 4955 περιστρεφόμεθα,
1851 4888 1950 4958 ρας

376 4980 687 5055 θυμοῦμεν·
736 4981 844 5036 τῶν
882 4984 1123 5052 γονάτων
1169 4986 1345 5057 χαμαὶ
1380 4988 1668 5059 κειμένων,
1718 4992 1811 5045 ἐπὶ
1849 4993 1949 5066 τῆς

371 5088 577 5159 ἀγορᾶς
627 5084 974 5158 πλανώμεθα.
1027 5089 1091 5143 El
1136 5088 1193 5144 δὲ
1236 5091 1376 5162 μετά
1418 5093 1520 5165 τῆς
1566 5097 1949 5170 προσηκούσης

371 5191 675 5259 εὐλαϐείας,
707 5191 802 5247 καὶ
828 5191 904 5257 ώς
929 5194 1050 5267 Θεῷ
1076 5194 1413 5262 διαλέξεσθαι
1463 5200 1770 5271 μέλλοντες,
1802 5203 1945 5259 οὕτω

348 5301 724 5374 τιροσῄειμεν,
769 5301 888 5377 τότε
928 5303 994 5356 ἀν
1033 5301 1301 5375 ἔγνωμεν,
1336 5308 1430 5361 καὶ
1468 5309 1574 5381 πρὸ
1617 5309 1713 5363 τοῦ
1760 5310 1944 5366 λαϐεῖν

373 5404 516 5488 ᾇπερ
543 5404 803 5479 ῃτοῦμεν,
851 5398 1039 5479 ἡλίκον
1072 5408 1262 5482 κέρδος
1292 5394 1672 5486 καρπούμεθα.
1701 5415 1945 5488 Ἀνθρω-

373 5472 472 5576 άτος
499 5472 607 5584 γὰρ
634 5472 753 5582 Θεῷ
798 5472 1107 5579 παιδευθεὶς
1143 5472 1527 5585 διαλέγεσθαι,
1569 5519 1645 5585 ὡς
1672 5522 1818 5586 εἰκὸς
1839 5472 1941 5578 ,τὸν

432 5700 459 5730 ⁸
492 5700 569 5750 ἰν
592 5702 838 5770 ἐγκρατείᾳ
864 5703 1006 5752 deest
1030 5704 1077 5752 in
1101 5702 1311 5755 Colberl.

2067 460 2146 531 τῷ
2171 459 2292 533 Θεῷ
2326 446 2732 534 διαλεγόμενον,
2775 462 3004 532 ἄγγελος
3030 460 3185 516 ἔσται
3210 460 3396 515 λοιπόν
3413 472 3427 490 ⁸
3463 460 3636 525 οὕτως

2062 566 2360 622 ἀπολύεται
2387 566 2495 621 τῶν
2528 567 2743 636 δεσμῶν
2787 569 2881 623 τοῦ
2925 565 3177 637 σώματος
3204 566 3239 638 ἡ
3265 564 3443 637 ψυχή·
3492 565 3636 621 οὕτω

2064 673 2354 745 μετάρσιος
2384 672 2532 745 αὐτῷ
2565 674 2775 742 γίνεται
2823 675 2853 727 6
2897 671 3186 744 λογισμόςο
3215 671 3358 726 οῦτω
3393 671 3633 743 μετοικίσ

2062 780 2214 847 ζεται
2243 781 2379 852 πρὸς
2414 781 2505 836 τὸν
2532 780 2758 851 οὐρανόν
2778 797 2791 811 ·
2824 778 2998 844 οῦτως
3045 779 3287 850 ὑπερορᾷ
3315 777 3423 833 τῶν
3449 775 3630 848 βτωτι·

2062 885 2173 939 κῶν
2192 902 2206 917 ο
2235 883 2376 938 οὕτω
2403 887 2532 957 παρ’
2562 884 2722 938 αὐτὸν
2747 884 2961 937 ἵσταται
2984 883 3076 937 τὸν
3109 882 3296 950 θρόνον
3331 881 3632 952 βασιλικὸν,

2061 989 2166 1044 κᾶν
2205 990 2377 1060 πένης
2417 985 2451 1064 ᾖ
2478 1028 2493 1052 ,
2526 988 2631 1043 κᾶν
2668 988 2887 1059 οἰκέτης
2907 1029 2922 1051 ,
2953 987 3057 1042 κᾶν
3090 986 3324 1060 ἰδιώτης,
3361 987 3464 1042 κᾶν
3495 989 3640 1058 ἀμα-

2061 1093 2180 1166 θής.
2209 1095 2284 1147 Οὐ
2310 1093 2421 1165 γάρ
2454 1092 2700 1164 γλώττης
2729 1091 2884 1164 ζητεῖ
2923 1091 3119 1155 κάλλος
3141 1094 3171 1146 ὁ
3196 1091 3350 1160 Θεὸς.
3383 1091 3503 1146 οὐδὲ
3535 1094 3633 1164 ρη-

2064 1202 2250 1272 μάτων
2302 1201 2597 1275 συνθήκην,
2656 1201 2791 1256 ἀλλά
2835 1200 3015 1272 ψυχῆς
3064 1199 3245 1272 ῶραν·
3299 1200 3401 1256 κᾶν
3452 1200 3635 1271 ἐκείνη

2062 1308 2364 1381 φθέγγηται
2391 1308 2459 1364 τά
2501 1309 2650 1382 αὐτῷ
2668 1308 2943 1375 δοκοῦντα,
2966 1309 3028 1362 τδ
3048 1310 3156 1363 πᾶν
3172 1307 3376 1372 ἀνύσας
3397 1306 3632 1365 ἄπεισιν.

2071 1415 2232 1487 Ὁρᾷς
2260 1414 2409 1485 πόση
2445 1413 2699 1483 εὐκολίας
2741 1415 2865 1468 ’1ιῖπί⁵
2913 1413 3013 1485 μὲν
3046 1413 3154 1483 γάρ
3184 1413 3292 1467 τῶν
3334 1414 3637 1486 ἀνθρώπων

2058 1516 2152 1572 τὸν
2201 1517 2495 1590 προσιόντα
2546 1518 2653 1573 τινὶ
2693 1517 2787 1572 καὶ
2838 1517 3126 1590 ῥητορικὸν
3163 1512 3304 1571 εῖναι
3350 1516 3491 1589 χρὴ,
3542 1516 3638 1572 καὶ

2059 1621 2387 1677 κολακεῦσαι
2421 1623 2548 1686 τοὺς
2592 1622 2720 1694 περὶ
2762 1621 2855 1677 τὸν
2897 1621 3135 1694 ἄρχοντα
3175 1622 3380 1686 πάντας
3432 1622 3640 1688 ἱκανὸν,

2058 1728 2155 1781 καὶ
2195 1726 2368 1781 πολλά
2409 1726 2574 1797 ἕτερα
2611 1727 2915 1797 ἐπινοῆσαι,
2950 1726 3091 1780 ὥστε
3120 1725 3373 1795 γενέσθαι
3399 1726 3638 1797 εὐπαρά-

2056 1830 2265 1885 δεκτον.
2316 1829 2583 1886 Ἐνταῦθα
2620 1830 2676 1883 δὲ
2720 1830 2934 1894 οὐδενὸς
2981 1830 3181 1895 δεῖται,
3224 1830 3362 1885 ἀλλὰ
3408 1830 3636 1902 γνώμης

2060 1938 2227 2009 μόνης
2252 1936 2561 2010 νηφούσης,
2596 1938 2690 1991 καὶ
2728 1937 2881 1991 οὐδὲν
2926 1937 2986 1991 τὸ
3029 1937 3235 1991 κωλύον
3280 1933 3422 1992 εἰναι
3469 1936 3633 2007 ἐγγὺς

2056 2043 2150 2097 τοῦ
2173 2042 2326 2096 Θεοῦ.
2363 2041 2509 2108 Θεὸς
2543 2047 2653 2111 γὰρ
2680 2040 2923 2112 ἐγγίζων
2944 2041 3057 2112 ἐγώ
3087 2043 3225 2111 ειμι,
3257 2043 3356 2097 καί
3388 2044 3461 2098 οὐ
3487 2042 3636 2110 Θεὸς

2056 2148 2381 2217 πόρρωθεν.
2407 2140 2570 2200 Ὠστέ
2593 2146 2654 2200 τὸ
2685 2146 2901 2217 μακράν
2928 2145 3205 2215 γενέσθαι,
3233 2146 3327 2216 ἀφ’
3364 2145 3520 2217 ἡμῶν
3547 2147 3635 2215 γί-

2056 2270 2204 2307 νεται
2223 2269 2237 2282 ’
2268 2252 2430 2317 αὐτὸς
2464 2252 2573 2324 γάρ
2604 2254 2691 2306 ἀεὶ
2715 2252 2944 2323 πλησίον
2975 2252 3112 2306 ἐστί.
3154 2254 3265 2307 Καὶ
3300 2254 3354 2307 τί
3384 2253 3528 2321 λέγω
3550 2255 3635 2308 ὅτι

2058 2358 2345 2429 ῥητορείας
2394 2358 2457 2411 οὐ
2502 2357 2767 2428 δεόμεθα;
2813 2356 3083 2422 Πολλάκις
3122 2358 3244 2411 οὐδὲ
3296 2359 3478 2428 φωνῆς
3519 2358 3636 2413 δεό-

2059 2462 2218 2533 μεθα.
2250 2462 2370 2516 Κάν
2407 2462 2517 2533 γὰρ
2545 2463 2609 2515 ἐν
2635 2465 2703 2535 τῇ
2732 2462 2927 2535 καρδίᾳ
2962 2462 3175 2538 φθέγξῃ
3194 2503 3209 2529 ,
3257 2469 3352 2519 καὶ
3398 2465 3633 2539 καλέσῃς

2056 2568 2218 2622 αὐτὸν
2245 2567 2322 2631 ὡς
2350 2567 2477 2639 χρὴ,
2513 2566 2712 2639 ῥᾳδίως
2740 2567 3014 2623 ἐπινεύσει
3045 2569 3141 2623 καὶ
3168 2568 3312 2623 τότε
3362 2570 3518 2624 Οὕτω
3539 2570 3633 2623 καὶ

2056 2670 2333 2735 Μωῦσέως
2359 2671 2593 2742 ἤκουσεν
2617 2689 2631 2702 ·
2664 2670 2809 2725 οῦτω
2834 2674 2928 2726 καὶ
2956 2674 3174 2745 Ἀννης.
3210 2673 3285 2727 Οὐ
3318 2675 3631 2745 παρέστηκε

2057 2775 2398 2848 στρατιώτης
2424 2775 2709 2831 ἀποσοϐῶν
2729 2816 2745 2842 ,
2775 2777 2836 2830 οὐ
2867 2777 3161 2849 δορυφόρος
3184 2778 3274 2831 τὸν
3302 2779 3491 2846 καιρὸν
3515 2779 3635 2832 δια-

2057 2880 2303 2936 κόπτων·
2359 2883 2461 2936 οὐκ
2507 2882 2654 2936 ἔστιν
2691 2880 2882 2947 εἰπὼν,
2901 2883 3013 2936 Νῦν
3074 2883 3134 2936 οὐ
3182 2882 3405 2936 δυνατὸν
3458 2898 3627 2954 προσ-

2056 2986 2252 3052 ελθεῖν,
2305 2988 2444 3059 μετά
2488 2989 2663 3044 ταῦτα
2697 2989 3038 3063 παραγενοῦ’
3079 2989 3196 3044 ἀλλ’
3258 2991 3389 3044 ὅταν
3436 2989 3626 3063 ἔλθῃς,

2057 3090 2285 3163 ἕστηκεν
2308 3091 2545 3156 ἀκούων,
2565 3093 2665 3148 κᾶν
2693 3095 2751 3147 ἐν
2772 3093 2949 3165 καιρῷ
2970 3094 3216 3166 ἀρίστου,
3240 3093 3344 3149 κᾶν
3372 3095 3431 3148 ἐν
3452 3095 3632 3167 καιρῷ

2055 3194 2295 3262 δείπνου,
2327 3196 2432 3250 κᾶν
2456 3198 2514 3252 ἐν
2541 3198 2677 3269 αὐτῇ
2721 3201 2788 3271 τῇ
2828 3198 3029 3271 ἀωρίᾳ,
3079 3197 3182 3253 κᾶν
3210 3199 3269 3252 ἐν
3293 3199 3490 3272 ἀγορᾷ,
3525 3199 3632 3253 κᾶν

2056 3298 2115 3352 ἐν
2136 3299 2263 3370 ὁδῷ,
2285 3299 2387 3354 κᾶν
2415 3301 2473 3354 ἐν
2506 3300 2754 3372 θαλάμῳ,
2786 3300 2888 3355 κᾶν
2910 3301 3058 3355 ἔνδον
3086 3303 3142 3355 ἐν
3172 3302 3510 3374 δικαστηρίῳ
3541 3301 3632 3375 ἆρ-

2056 3423 2202 3477 χοντι
2243 3409 2528 3477 παραστῇς
2548 3448 2563 3468 ,
2604 3408 2699 3460 καὶ
2732 3406 2967 3480 καλέσῃς
2999 3406 3160 3460 αὐτὸν
3178 3449 3193 3474 ,
3222 3407 3283 3461 τὸ
3311 3408 3516 3463 κωλύον
3542 3409 3633 3462 οὐ-

2054 3510 2142 3564 δὲν
2170 3509 2452 3570 ἐπινεῦσαι
2483 3513 2550 3583 τῇ
2580 3512 2797 3582 αίτήσει
2829 3550 2842 3572 ,
2874 3510 2940 3565 ἀν
2972 3511 3048 3574 ὡς
3081 3512 3186 3582 χρὴ
3219 3512 3476 3586 καλέσῃς.
3518 3515 3631 3568 Οὐκ

2054 3615 2200 3670 ἐστιν
2250 3617 2423 3670 εἰπεῖν
2490 3616 2712 3671 Δέδοικα
2757 3614 3094 3687 προσελθεῖν,
3132 3617 3224 3670 καὶ
3273 3617 3563 3690 δεηθῆναι*
3600 3622 3632 3674 ό

2055 3719 2247 3793 ἐχθρός
2273 3736 2373 3792 μου
2400 3720 2746 3793 παρέστηκεν
2764 3732 2779 3749 ⁸
2812 3718 2949 3773 ἀλλά
2973 3719 3066 3773 καὶ
3088 3720 3245 3775 τοῦτο
3272 3723 3545 3795 ἀνῄρηται
3569 3724 3630 3777 τὸ

2056 3824 2281 3896 κώλυμα
2298 3841 2312 3854 ·
2343 3822 2467 3877 οὔτε
2496 3824 2606 3895 γὰρ
2631 3823 2810 3894 ἐχθρῷ
2830 3822 2909 3897 [9]
2926 3826 3204 3897 προσέχει,
3233 3829 3326 3880 καὶ
3347 3827 3628 3883 διακόπτει

2054 3945 2148 3983 σου
2177 3930 2275 4000 τὴν
2307 3929 2522 3999 αίτησιν
2539 3945 2552 3958 ⁸
2609 3929 2725 3982 ἀλλ’
2752 3929 2840 3984 ἀεὶ
2870 3933 2963 3985 καὶ
2991 3931 3254 4004 διηνεκῶς
3282 3933 3628 4005 ἐντυγχάνειν

2050 4031 2293 4098 δύνασαι,
2337 4033 2433 4087 καὶ
2463 4033 2720 4090 δυσκολία
2744 4035 2967 4108 οὐδεμία
2999 4037 3284 4107 πρόσεστιν
3305 4054 3319 4069 ⁸
3357 4036 3478 4090 οὔτε
3517 4037 3627 4107 γὰρ

2049 4139 2207 4213 χρεία
2275 4139 2386 4195 τῶν
2441 4143 2898 4214 προσαγαγόντων
2962 4141 3244 4213 θυρωρῶν,
3303 4142 3621 4211 οἰκονόμων,

2050 4245 2387 4317 ἐπιτρόπων,
2423 4248 2703 4317 φυλάκων,
2733 4248 2767 4318 ἢ
2808 4247 3003 4316 φίλων,
3037 4245 3153 4299 ἀλλ’
3196 4246 3324 4298 ὅταν
3363 4245 3524 4310 αὐτὸς
3557 4245 3624 4300 δι’

2048 4352 2241 4408 ἐαυτοῦ
2278 4352 2600 4427 προσέλθῃς,
2617 4353 2740 4407 τότε
2762 4352 2997 4423 μάλιστα
3024 4348 3311 4404 ἀκούσεταί
3340 4366 3457 4416 σου,
3475 4346 3618 4413 τότε,

2047 4460 2175 4513 ὅταν
2215 4460 2439 4531 μηδενὸς
2466 4459 2686 4531 δεηθῇς.
3444 4525 3471 4539 ’

2119 4571 2189 4631 γ’.
2221 4564 2333 4635 Οὐχ
2379 4563 2552 4626 οὕτως
2589 4559 2679 4617 οῦν
2719 4562 2880 4616 αὐτὸν
2921 4559 3274 4632 δυσωποῦμεν
3311 4562 3379 4616 δι’
3419 4563 3622 4633 ἐτέρων

2046 4665 2345 4732 ἀξιοῦντες,
2372 4667 2447 4730 ώς
2475 4666 2541 4720 δι’
2561 4666 2721 4738 ἡμῶν
2751 4666 2950 4745 αὐτῶν.
2982 4666 3200 4739 Ἐπειδὴ
3230 4666 3341 4740 γάρ
3364 4667 3462 4739 τῆς
3485 4668 3621 4738 ἠμε-

2045 4767 2207 4840 τέρας
2234 4772 2335 4841 ἐρᾷ
2364 4768 2568 4839 φιλίας,
2597 4769 2691 4824 καὶ
2723 4771 2898 4825 πάντα
2929 4774 3092 4833 ποιεῖ,
3120 4767 3261 4823 ῶστε
3298 4770 3446 4841 ἡμᾶς
3470 4768 3620 4839 αὐτῷ

2048 4874 2277 4947 θαρρεῖν
2297 4891 2310 4905 ·
2351 4875 2481 4928 ὃταν
2514 4873 2597 4947 ίδῃ
2623 4874 2691 4927 δι’
2722 4874 2932 4928 ἑαυτῶν
2958 4872 3117 4926 τοῦτο
3152 4872 3469 4936 ποιοῦντας,
3499 4872 3620 4927 τότε

2049 4978 2283 5048 μάλιστα
2332 4978 2592 5032 ἐπινεύει.
2643 4978 2799 5032 Οῦτω
2864 4978 2955 5031 καί¹
3010 4977 3103 5031 ἐπὶ
3157 4976 3256 5047 τῆς
3311 4977 3619 5040 Χαναναίας

2045 5081 2266 5151 ἐποίησε
2289 5095 2304 5112 ο
2371 5082 2466 5135 καὶ
2516 5082 2722 5153 Πέτρου
2774 5083 2870 5153 μὲν
2936 5082 3031 5135 καὶ
3073 5081 3328 5135 ’ῐακώὸου
3367 5081 3620 5151 προσιόν-

2043 5204 2154 5242 των
2202 5187 2342 5259 ὑπὲρ
2387 5188 2597 5258 αὐτῆς,
2648 5187 2749 5242 οὐκ
2797 5188 3121 5241 ἐπένευσεν·
3158 5187 3517 5260 ἐπιμενούσης
3564 5195 3619 5251 δὲ

2040 5290 2269 5361 ταύτης,
2297 5291 2358 5344 τὸ
2400 5291 2623 5361 αἰτηθὲν
2656 5292 2867 5362 ταχέως
2919 5292 3139 5349 ἔδωκεν.
3173 5293 3234 5346 Εἰ
3262 5290 3371 5364 γὰρ
3404 5293 3495 5346 καὶ
3533 5308 3610 5361 μι-

2047 5396 2179 5469 κρὸν
2211 5395 2388 5461 ἔδοξεν
2419 5396 2836 5462 ἀναϐάλλεσθαι,
2865 5399 2962 5468 οὐχ
2991 5398 3077 5453 ἵνα
3104 5398 3407 5471 ὑπερθῆται
3435 5398 3494 5452 τὸ
3522 5398 3617 5465 γύο

2041 5516 2212 5565 ναιον,
2262 5500 2381 5554 ἀλλ’
2429 5500 2514 5554 ἵνα
2565 5500 2826 5572 μειζόνως
2873 5504 3225 5576 στεφανώσῃ,
3276 5506 3372 5558 καὶ
3420 5502 3617 5574 μᾶλλον

2039 5608 2211 5675 αὐτῆς
2238 5607 2593 5681 οίκειώσηται
2625 5610 2722 5682 τὴν
2762 5612 3109 5684 προσεδρίαν,
3141 5611 3301 5671 τοῦτο
3325 5610 3613 5681 πεποίηκε.

2047 5714 2446 5787 Μελετήσωμεν
2472 5717 2652 5771 τοίνυν
2703 5719 2794 5773 καὶ
2861 5723 3023 5792 ἡμεῖς
3072 5717 3421 5788 ἐντυγχάνειν
3465 5717 3611 5788 Θεῷ⁶
