4086 6214
320 336 376 393 Μ
852 386 885 402 ς

324 447 433 502 \ult
446 450 499 501 in
528 462 617 515 ea,
649 462 783 519 qua:
817 456 953 504 sunt
996 449 1245 517 aliorum,
1274 448 1539 515 invadere,
1583 464 1681 504 nec
1707 447 1825 504 suis
1850 455 1933 517 est

327 547 605 594 contentus
629 556 645 592 :
672 539 753 593 ita
774 541 947 594 etiam
969 541 1253 611 superbum
1277 550 1328 594 et
1347 549 1699 610 arrogantem,
1717 541 1933 609 quando

273 674 281 693 _.
334 632 445 701 plus
499 630 670 701 exigit
715 647 887 699 quam
958 631 1103 702 quod
1144 631 1243 686 sibi
1295 630 1513 686 debetur
1559 646 1589 685 a
1644 633 1930 701 proximo;

272 712 288 795 ᾖ
333 719 540 791 quando
570 720 695 791 quis
714 721 964 791 seipsum
993 720 1211 791 quidem
1241 720 1293 774 iu
1337 722 1481 776 omni
1533 722 1737 776 honore
1766 722 1934 778 collo-

272 796 289 883 ξ
331 824 440 878 eat,
490 810 659 865 alium
708 825 847 866 vero
897 811 1060 867 habet
1101 812 1394 881 despectui.
1446 812 1555 869 lloc
1595 823 1772 868 autem
1823 830 1930 885 non

279 904 295 943 ἔ
332 902 548 959 aliunde
589 903 789 967 oritur,
848 918 1015 975 quam
1045 919 1110 958 ex
1143 903 1417 973 injustitia.
1459 903 1610 971 Quod
1639 905 1780 958 enim
1832 904 1933 959 hoc

333 993 705 1063 sitinjustitia,
749 1008 820 1048 ex
868 992 975 1047 hoc
1004 992 1306 1049 considera.
1338 995 1405 1049 Et
1449 1005 1501 1049 te
1548 1003 1601 1057 et
1632 995 1778 1049 illum
1808 994 1933 1050 fecit

334 1083 505 1150 Deus,
524 1092 580 1139 et
603 1083 693 1137 tibi
715 1083 897 1137 omnia
930 1083 1078 1138 dedit
1106 1099 1226 1139 cum
1278 1084 1370 1138 illo
1413 1085 1713 1139 communia
1760 1094 1815 1140 et
1864 1100 1931 1140 ex

334 1188 519 1242 aquo.
546 1173 818 1240 Quomodo
843 1188 974 1242 ergo
1005 1189 1125 1228 eum
1157 1175 1406 1245 expellis,
1434 1186 1483 1228 et
1512 1177 1708 1244 spolias
1732 1175 1933 1231 honore

337 1281 509 1336 quem
538 1265 675 1321 Deus
698 1265 864 1331 dedit,
899 1276 952 1319 et
977 1266 1042 1320 ad
1086 1267 1396 1323 societatem
1427 1283 1530 1322 non
1559 1268 1812 1333 admittis,
1838 1269 1930 1324 sed

338 1356 525 1411 omnia
554 1357 640 1409 tibi
669 1354 880 1420 tribuis,
899 1365 952 1409 ct
978 1371 1083 1408 non
1102 1356 1272 1409 solum
1304 1358 1356 1411 in
1387 1357 1628 1427 pecunia,
1650 1358 1744 1410 sed
1772 1359 1930 1413 etiam

340 1445 398 1501 in
449 1445 647 1499 honore
705 1461 829 1499 eum
887 1444 1016 1501 facis
1040 1448 1374 1517 pauperem?
1416 1447 1553 1501 Deus
1583 1449 1724 1503 dedit
1772 1464 1930 1504 unam

337 1539 550 1607 utrique
576 1538 868 1592 essentiam
919 1555 933 1591 :
977 1539 1167 1608 a-quali
1211 1539 1528 1608 principatu,
1570 1542 1758 1611 a'quali
1785 1556 1935 1595 crea-

337 1630 499 1684 tionis
523 1629 727 1684 honore
752 1629 1001 1698 dignatus
1028 1640 1129 1685 est.
1187 1629 1317 1685 Illud
1346 1632 1487 1685 enim
1541 1630 1813 1686 Faciamus
1842 1634 1935 1687 Ito-

337 1719 527 1771 minem
559 1702 798 1788 (Caudi.
831 1716 953 1789 26),
999 1728 1079 1773 est
1099 1735 1383 1775 commune
1424 1723 1671 1776 universo
1725 1723 1927 1792 generi.

334 1811 623 1879 Quomodo
655 1826 783 1881 ergo
828 1828 951 1866 eum
994 1813 1245 1868 exutrbas
1274 1829 1304 1868 a
1352 1814 1506 1871 bonis
1552 1818 1817 1885 paternis,
1865 1817 1931 1872 ad

336 1915 606 1954 summam
636 1901 990 1956 humilitatem
1012 1904 1275 1972 redigens,
1300 1914 1355 1959 et
1372 1907 1510 1975 quod
1529 1916 1606 1962 est
1627 1922 1929 1972 commune,

337 2001 605 2060 tamquam
641 1993 732 2045 tibi
765 1986 1038 2063 proprium
1071 1994 1382 2049 vindicans?
1408 1995 1513 2051 Sed
1543 1997 1662 2050 talis
1684 2015 1786 2051 non
1817 2008 1934 2053 erat

336 2083 526 2137 beatus
557 2083 841 2153 proiiheta,
884 2094 941 2138 et
964 2086 1081 2140 ideo
1110 2086 1363 2142 audacter
1392 2102 1446 2142 et
1472 2089 1641 2144 libere
1678 2090 1886 2146 dicebat
1914 2108 1928 2144 :

338 2176 618 2231 Exaudivit
664 2178 923 2247 justitiam
968 2194 1130 2232 meam
1184 2180 1256 2233 Ita
1286 2181 1448 2234 etiam
1476 2181 1669 2237 Paulus
1696 2182 1930 2251 seipsum

336 2281 482 2338 saepe
512 2266 726 2324 adduci:
758 2268 811 2322 in
846 2269 1100 2333 medium,
1137 2285 1239 2324 non
1268 2286 1326 2326 se
1369 2270 1600 2327 efferens
1641 2288 1740 2328 nec
1792 2273 1931 2328 iutu-

338 2375 605 2426 mescens,
636 2360 729 2415 sed
750 2376 811 2416 se
837 2360 956 2415 aliis
982 2364 1258 2432 exemplar
1276 2379 1615 2432 proponens;
1644 2375 1698 2419 ut
1719 2367 1931 2436 quando

336 2451 503 2506 dicit:
544 2450 672 2506 Volo
720 2469 896 2506 omnes
926 2453 1153 2509 homines
1203 2471 1310 2509 esse
1359 2456 1486 2508 sicut
1519 2466 1567 2509 et
1596 2457 1840 2526 meipsum
1878 2459 1931 2512 in

336 2545 645 2599 continentia
668 2546 684 2576 ¹
716 2544 792 2617 (ι.
821 2543 941 2599 Cor.
976 2546 1027 2600 7.
1061 2544 1137 2619 7).
1159 2547 1232 2601 lta
1261 2547 1420 2602 etiam
1470 2548 1658 2613 David,
1689 2558 1930 2620 tempore

338 2639 410 2693 ita
440 2637 763 2708 postulante,
788 2638 1151 2695 fortitudinem
1179 2655 1327 2693 suam
1346 2655 1464 2709 qua:
1480 2639 1529 2695 ei
1552 2639 1804 2695 divinitus
1833 2642 1931 2695 ob-

340 2730 549 2800 tigerat,
582 2731 634 2785 in
668 2731 907 2785 medium
936 2730 1171 2799 adducit,
1214 2731 1398 2787 dicens
1418 2748 1478 2787 se
1503 2742 1559 2787 et
1580 2747 1731 2787 ursos
1761 2732 1932 2788 Suffo-

336 2837 511 2889 casse,
557 2834 613 2878 et
646 2823 832 2879 leones
857 2825 1237 2892 strangulasse,
1293 2838 1398 2879 non
1439 2824 1673 2894 seipsum
1715 2826 1930 2894 quidem

336 2914 414 2968 sic
438 2914 729 2977 extollens.
748 2915 889 2970 absit
924 2916 998 2987 (1.
1031 2915 1161 2986 Reg.
1187 2916 1272 2970 17.
1304 2916 1392 2971 54.
1425 2932 1536 2985 sqq.
1572 2932 1586 2968 :
1618 2915 1712 2970 sed
1764 2932 1824 2971 ea
1855 2932 1932 2970 ra-

344 3002 489 3058 tione
539 3019 837 3074 procurans
865 3015 920 3059 nt
947 3005 1047 3060 sibi
1079 3006 1209 3061 ﬁdos
1234 3005 1540 3063 haberetur.

410 3095 637 3152 Fructus
685 3098 934 3152 orationis
955 3114 975 3163 ;
1002 3114 1155 3169 quam
1202 3097 1472 3154 exorabilis
1515 3097 1849 3154 Deus—Et
1886 3100 1931 3155 si

338 3188 807 3259 habeojustitiam,
829 3189 973 3244 dicet
996 3188 1222 3245 fortasse
1246 3190 1527 3269 quispiam,
1553 3192 1676 3262 quid
1697 3200 1830 3262 opus
1852 3201 1935 3248 est

337 3285 603 3349 oratione,
627 3297 742 3337 cum
765 3294 818 3338 et
847 3282 1055 3350 rtﬁipsa
1077 3282 1143 3337 ad
1169 3283 1345 3337 omnia
1372 3293 1516 3339 recte
1535 3284 1763 3354 gerenda
1785 3283 1934 3338 suffi-

342 3374 452 3427 ciat
472 3413 488 3438 ,
514 3381 571 3427 et
593 3373 678 3445 qui
699 3373 925 3428 daturus
951 3383 1053 3439 est,
1086 3375 1221 3429 sciat
1239 3375 1559 3444 quibusnam
1599 3389 1737 3445 Opus
1763 3374 1929 3430 habe-

340 3467 502 3522 mus?
536 3467 791 3534 Quoniam
819 3469 996 3525 oratio
1023 3485 1127 3523 non
1151 3478 1233 3523 est
1260 3484 1480 3540 parvum
1503 3470 1769 3525 vinculum
1796 3472 1933 3527 dile-

337 3561 537 3616 ctionis
563 3562 611 3615 in
650 3561 816 3616 Deum
844 3577 963 3631 quae
990 3576 1108 3615 cum
1131 3577 1197 3617 eo
1225 3563 1453 3632 colloqui
1484 3579 1579 3617 nos
1604 3563 1888 3620 assuefacit
1909 3606 1925 3633 ,

339 3663 394 3707 et
433 3651 499 3707 ad
551 3653 828 3722 sapientia:
872 3652 1105 3707 studium
1157 3668 1255 3707 nos
1292 3654 1521 3709 deducit.
1558 3654 1613 3708 Si
1667 3656 1808 3709 enim
1839 3656 1930 3726 qui

338 3760 464 3799 cum
495 3745 675 3815 aliquo
699 3745 1001 3800 admirabili
1032 3746 1148 3798 viro
1180 3746 1401 3800 multum
1430 3755 1689 3810 versatur,
1715 3764 1781 3802 ex
1812 3748 1930 3816 ejus

337 3836 730 3890 consuetudine
769 3837 1060 3890 maximum
1090 3834 1315 3890 fructum
1346 3837 1560 3905 accipit,
1586 3847 1786 3908 quanto
1810 3854 1927 3893 tna-

337 3926 429 3996 gis
472 3928 561 3995 qui
604 3941 722 3980 cum
753 3928 861 3983 Deo
906 3936 1214 3997 perpetuam
1262 3928 1421 3984 habet
1444 3930 1928 3986 consuetudinem?

340 4015 457 4072 Sed
488 4032 591 4071 non
622 4018 784 4088 probe
808 4018 1008 4072 scimus
1024 4019 1289 4089 quodnam
1320 4020 1387 4073 sit
1414 4020 1615 4074 lucrum
1647 4021 1923 4089 orationis,

338 4109 466 4178 quia
495 4123 596 4162 nec
624 4108 671 4163 ei
698 4109 938 4164 studiose
990 4109 1227 4163 animum
1252 4110 1587 4176 adhibemus,
1619 4125 1717 4167 nec
1745 4126 1807 4166 ea
1858 4127 1924 4167 ex

339 4199 436 4254 Dei
465 4199 667 4269 legibus
695 4201 916 4254 utimur.
945 4197 1050 4255 Sed
1076 4200 1320 4254 homines
1340 4200 1552 4271 quidem
1581 4201 1789 4271 aliquos
1803 4203 1928 4258 allo-

336 4291 576 4361 qnutnri,
615 4290 705 4361 qui
735 4299 860 4344 sunt
894 4290 1044 4345 nobis
1069 4291 1370 4360 superiores
1389 4333 1404 4357 ,
1433 4291 1519 4346 ubi
1554 4293 1813 4357 habitum,
1844 4294 1926 4349 in-

241 4383 245 4387 ’
332 4396 571 4444 eesSum,
622 4381 879 4437 amictum
904 4424 918 4447 ,
967 4391 1022 4438 et
1049 4387 1224 4437 omnia
1252 4385 1731 4452 cotnposuerimus,
1768 4386 1837 4440 ita
1871 4396 1929 4441 ut

332 4485 553 4545 oportet
601 4475 957 4544 alloquimur:
984 4477 1050 4531 ad
1083 4477 1251 4532 Deum
1282 4489 1459 4533 autem
1505 4479 1821 4536 accedentes
1845 4481 1924 4536 hi-

336 4567 558 4632 srimus,
583 4582 683 4621 nos
724 4570 1010 4640 scalpimns
1043 4575 1207 4639 atque
1228 4569 1333 4626 huc
1360 4579 1415 4628 et
1452 4572 1578 4629 illuc
1606 4588 1883 4631 versamus
1907 4619 1925 4643 ,

334 4659 673 4729 negligentes
703 4675 767 4715 ac
796 4661 1047 4717 socordes
1073 4676 1257 4717 sumus
1282 4679 1298 4729 ;
1328 4662 1472 4719 humi
1493 4664 1718 4736 genibus
1748 4666 1923 4733 flexis,

334 4764 435 4818 per
480 4748 660 4805 forum
703 4751 1035 4807 oberramus.
1084 4752 1237 4821 Quod
1290 4753 1335 4809 si
1361 4768 1483 4808 cum
1507 4771 1570 4808 ea
1593 4770 1697 4824 qua
1724 4771 1819 4826 par
1844 4767 1927 4814 est

334 4842 663 4909 reverentia,
700 4852 754 4898 et
775 4853 1038 4913 tamquam
1065 4861 1186 4901 cum
1217 4847 1326 4902 Deo
1360 4847 1626 4917 loquuturi
1657 4850 1930 4905 accedere-

334 4948 477 5000 mus,
529 4942 657 4989 tunc
709 4935 970 4990 sciremus
1014 4940 1172 4992 etiam
1226 4948 1508 5007 antequam
1561 4940 1925 5010 acceperimus

332 5039 457 5094 qua:
483 5009 742 5095 petimus,
789 5036 1043 5095 quantum
1070 5029 1217 5086 ‘lucri
1276 5029 1552 5088 faciamus.
1582 5033 1753 5088 llomo
1782 5034 1923 5089 enim

331 5114 425 5181 qui
457 5130 583 5170 cum
634 5116 747 5171 Deo
782 5114 921 5186 loqui
952 5118 1176 5186 didicit,
1228 5131 1283 5175 ιιι
1307 5122 1463 5177 decet
1486 5138 1629 5185 eum.
1674 5125 1762 5194 qui
1800 5140 1922 5180 cum

337 5204 449 5259 Deo
479 5196 748 5275 loquitut‘,
802 5206 908 5260 erit
952 5207 1201 5280 deinceps
1251 5213 1515 5282 angelus:
1549 5213 1620 5267 ita
1670 5214 1925 5270 liberatur

333 5294 513 5349 anima
541 5309 573 5348 a
600 5294 832 5350 vinculis
863 5298 1125 5366 corporis,
1164 5300 1235 5354 ita
1258 5303 1305 5356 ei
1338 5304 1475 5358 ratio
1501 5304 1553 5358 in
1578 5304 1741 5361 altum
1776 5307 1922 5362 tolli-

331 5395 425 5439 tur
447 5428 463 5452 ,
509 5387 581 5440 ita
610 5402 642 5441 e
673 5387 831 5442 terris
856 5388 1050 5456 migrat
1078 5392 1128 5443 in
1159 5392 1368 5458 etclum,
1402 5395 1473 5450 ita
1498 5412 1616 5464 quae
1647 5398 1712 5451 ad
1759 5399 1920 5453 vitam

334 5473 472 5533 hanc
496 5478 804 5548 pertinent,
830 5478 1075 5545 despicit,
1127 5483 1196 5536 ita
1240 5486 1377 5552 apud
1418 5486 1588 5555 ipsum
1613 5489 1803 5544 solium
1837 5507 1923 5545 re-

329 5573 477 5641 gium
523 5570 754 5631 sistitur,
779 5569 988 5625 etiamsi
1021 5571 1090 5624 sit
1116 5587 1329 5643 panper,
1380 5578 1423 5632 si
1456 5577 1702 5653 famulus.
1735 5583 1776 5637 si
1815 5584 1923 5652 pri-

393 5748 413 5777 ι
449 5744 507 5797 in
520 5748 745 5808 eotbert,
761 5748 943 5801 desim
969 5747 1044 5798 hae
1069 5761 1229 5812 voces,
1251 5751 1301 5803 in
1319 5756 1618 5811 continentia.

1566 329 1929 389 ξιφοδηιο
1966 329 2037 387 tu
2066 333 2381 395 rsacuun
2421 338 2507 395 tv.
2864 373 2879 387 ρ
3544 345 3638 413 a2.

2041 454 2193 503 vatus
2240 449 2286 503 si
2309 450 2573 509 indoctus.
2617 453 2731 509 Non
2762 458 2951 528 quaerit
2979 460 3123 517 enim
3144 462 3284 523 Deus
3300 466 3633 539 linguaceIe-

2036 548 2293 608 gantiam,
2324 557 2424 599 nec
2469 543 2756 603 verborum
2797 553 3241 621 compositionem
3267 596 3284 623 ,
3313 558 3406 615 sed
3431 561 3629 621 animae

2038 629 2504 699 pulchritudinem,
2537 639 2663 693 etsi
2715 639 2803 695 illa
2826 656 2889 697 ea
2913 658 3033 712 qua:
3060 644 3159 715 ipsi
3190 647 3401 716 placent
3439 651 3626 723 loqua-

2040 729 2146 788 tur,
2179 731 2288 777 tota
2332 740 2392 780 re
2430 726 2620 784 ell‘ecta
2648 733 2867 789 recedit.
2927 734 3091 791 Vides
3118 750 3314 807 quanta
3350 740 3579 799 facilitas
3603 746 3629 799 ?

2044 811 2098 866 In
2120 812 2423 873 hominibus
2443 828 2655 888 oportet
2682 838 2826 891 eum,
2860 827 2946 896 qui
2978 828 3207 899 aliquem
3234 832 3364 899 adit,
3385 850 3514 892 esse
3540 839 3624 892 di-

2037 908 2194 963 cendi
2216 909 2466 970 facultate
2490 916 2796 986 praeditum,
2823 930 2875 976 et
2903 938 3060 992 posse
3080 925 3351 984 blanditiis
3376 931 3475 986 sibi
3496 949 3627 987 cou-

2036 997 2221 1054 ciliare
2247 1014 2433 1057 omnes
2461 1008 2693 1063 asseclas
2723 1011 2997 1082 principis,
3022 1023 3078 1071 et
3126 1019 3290 1073 multa
3317 1020 3421 1075 alia
3459 1038 3624 1078 exco-

2038 1087 2209 1156 gitare
2230 1130 2246 1154 ,
2274 1101 2329 1147 ut
2355 1102 2538 1163 gratus
2567 1112 2687 1153 esse
2734 1103 2917 1169 possit.
2952 1104 3050 1162 llic
3097 1117 3275 1164 autem
3316 1111 3464 1167 nullo
3492 1114 3620 1178 alio,

2037 1189 2390 1251 prmterquam
2416 1187 2526 1240 sola
2557 1188 2790 1258 vigilanti
2819 1206 2998 1251 mente
3024 1213 3157 1267 opus
3185 1211 3287 1261 est,
3311 1212 3364 1257 et
3384 1204 3515 1260 nihil
3543 1216 3624 1261 est

2035 1270 2178 1339 timid
2210 1273 2487 1341 prohibeat
2515 1281 2802 1347 quominus
2834 1300 2997 1354 prope
3057 1288 3221 1344 Deum
3249 1293 3434 1349 simus.
3491 1296 3626 1353 Deus

2035 1364 2167 1418 enim
2212 1368 2629 1439 appropinquans
2683 1390 2777 1442 rgo
2822 1392 2971 1442 sum,
3017 1389 3065 1432 et
3120 1397 3221 1435 nou
3277 1381 3413 1438 Deus
3450 1389 3624 1454 prora!

2036 1454 2169 1546 (Jcr.
2208 1456 2298 1513 23.
2321 1458 2435 1531 23).
2462 1461 2536 1516 Ita
2571 1474 2626 1518 ιιι
2643 1466 2785 1535 quod
2811 1468 2966 1539 longe
3000 1472 3156 1537 absit,
3186 1474 3236 1528 id
3261 1491 3291 1529 a
3315 1476 3469 1533 nobis
3496 1495 3620 1546 pro-

2035 1544 2305 1603 ficiscatur
2334 1568 2349 1603 :
2382 1552 2499 1620 ipse
2521 1555 2661 1609 enim
2692 1571 2904 1628 semper
2929 1576 3095 1631 proiie
3119 1574 3221 1619 est.
3252 1565 3319 1621 Et
3343 1568 3469 1637 quid
3490 1544 3614 1625 dico

2036 1652 2135 1691 nos
2158 1654 2267 1694 non
2295 1656 2428 1710 opus
2455 1644 2651 1702 habere
2681 1647 2890 1703 dicendi
2934 1652 3182 1709 factdtate
3201 1656 3225 1705 ἰ
3271 1656 3623 1726 Saepenume-

2035 1744 2097 1783 ro
2127 1746 2198 1787 ne
2224 1748 2352 1805 voce
2380 1737 2593 1804 quidem
2620 1754 2754 1809 Opus
2777 1740 3056 1799 habemus.
3090 1746 3223 1803 Nam
3253 1749 3298 1804 si
3322 1752 3403 1805 vel
3432 1753 3482 1806 in
3504 1768 3628 1809 (or-

2035 1820 2104 1874 de
2127 1822 2376 1892 loquutus
2421 1826 2605 1893 fueris,
2640 1840 2696 1886 et
2716 1847 2837 1887 eum
2881 1843 2940 1888 ut
2966 1847 3178 1905 oportet
3216 1844 3507 1909 vocaveris,
3542 1846 3625 1901 vel

2038 1918 2164 1965 tunc
2185 1929 2397 1984 quoque
2440 1918 2593 1972 facile
2622 1931 2844 1978 annuet.
2876 1924 2947 1978 lta
2973 1936 3028 1981 et
3052 1927 3248 1985 Mosem
3293 1932 3496 1988 audivit
3520 1952 3534 1989 :
3554 1935 3623 1991 ita

2035 2002 2196 2056 etiam
2220 2005 2426 2061 Annam
2460 2009 2656 2078 (Exod.
2690 2013 2778 2068 H.
2808 2015 2922 2086 15).
2953 2016 3068 2072 Non
3094 2020 3298 2077 assistit
3343 2023 3506 2080 miles
3533 2027 3623 2094 qui

2034 2099 2285 2162 expellat,
2314 2114 2419 2155 non
2448 2104 2667 2159 satelles
2693 2107 2782 2175 qui
2829 2112 3276 2177 opportunitatem
3306 2116 3488 2182 adiat;
3518 2132 3624 2173 non

2036 2195 2119 2241 est
2146 2190 2233 2258 qui
2263 2190 2407 2247 dicat
2439 2211 2452 2247 :
2481 2194 2595 2251 Νοιι
2637 2205 2721 2251 est
2753 2213 2895 2255 nunc
2936 2210 3142 2271 tempus
3163 2206 3470 2272 accedendi,
3504 2212 3624 2265 veni

2034 2291 2218 2348 postea
2242 2279 2319 2351 (1.
2341 2283 2469 2354 Reg.
2507 2287 2556 2340 l.
2584 2288 2707 2356 l5);
2736 2289 2830 2345 sed
2870 2292 3081 2361 quando
3111 2297 3320 2354 veneris
3343 2338 3359 2363 ,
3382 2308 3487 2354 stat
3522 2318 3623 2357 au-

2035 2368 2191 2425 diens
2216 2411 2231 2436 ,
2273 2373 2480 2430 etiamsi
2519 2386 2760 2447 tempore
2811 2384 3059 2450 prandii,
3103 2387 3311 2443 etiamsi
3381 2401 3620 2461 tempore

2028 2456 2226 2525 'cteme,
2267 2463 2474 2521 etiantsi
2498 2478 2659 2523 nocte
2687 2469 3023 2541 intempesta.
3059 2477 3111 2530 in
3147 2476 3297 2541 foro,
3344 2480 3395 2535 in
3421 2484 3538 2548 via,
3568 2485 3622 2539 in

2034 2551 2217 2618 cubili,
2268 2555 2479 2611 etiamsi
2535 2559 2679 2615 intus
2727 2561 2780 2616 in
2824 2562 3027 2631 judicio
3086 2582 3266 2622 coram
3316 2573 3622 2643 magistratu

2037 2637 2222 2708 lueris,
2250 2653 2304 2697 et
2329 2659 2451 2701 eum
2495 2651 2797 2707 vocaveris.
2830 2654 2964 2708 nihil
2996 2666 3141 2712 vetat
3164 2661 3448 2728 quominus
3479 2674 3622 2720 tuam

2034 2731 2346 2799 petitionem
2396 2737 2616 2805 audiat,
2643 2741 2688 2795 si
2712 2743 2811 2796 rite
2846 2748 3140 2803 vocaveris.
3187 2750 3304 2805 Non
3342 2762 3493 2822 potes
3532 2756 3615 2810 di-

2036 2834 2160 2875 cere
2185 2838 2199 2875 :
2234 2821 2436 2879 Vereor
2460 2829 2713 2883 accedere
2733 2839 2788 2896 et
2807 2846 2982 2900 orare,
2997 2835 3151 2891 adest
3179 2839 3422 2897 inimicus
3438 2858 3620 2907 meus;

2034 2919 2091 2963 at
2141 2910 2243 2966 hoc
2270 2913 2428 2967 etiam
2481 2915 2916 2984 impedimentum
2966 2922 3200 2979 ablatura
3257 2938 3386 2984 est:
3449 2946 3620 3000 neque

2036 3002 2180 3055 enim
2213 3002 2485 3060 inimicum
2519 3016 2665 3064 tuum
2702 3011 2948 3080 attendit,
2977 3030 3077 3071 nec
3107 3024 3249 3072 tuam
3280 3018 3619 3093 interrumpit

2038 3093 2347 3162 petitionem
2378 3114 2391 3150 :
2420 3099 2514 3153 scd
2536 3115 2748 3170 semper
2761 3112 2817 3158 et
2841 3104 3054 3161 assidue
3082 3122 3203 3162 eum
3228 3120 3381 3179 potes
3403 3113 3618 3185 alloqui,

2037 3191 2093 3238 et
2118 3184 2261 3240 nulla
2289 3185 2442 3241 adest
2468 3189 2753 3247 difﬁcultas
2786 3210 2800 3246 :
2833 3209 3005 3265 neque
3052 3198 3194 3252 enim
3230 3215 3365 3270 opus
3399 3212 3483 3259 est
3520 3220 3619 3275 ge-

2040 3275 2310 3331 nitoribus
2362 3278 2449 3347 qui
2501 3289 2554 3335 te
2584 3279 2959 3352 introducunt,
3007 3303 3114 3342 non
3141 3287 3617 3364 dispensatoribus,

2038 3369 2506 3439 procuratoribus,
2533 3373 2863 3440 custodibus,
2895 3387 2985 3432 aut
3032 3380 3263 3447 amicis;
3289 3385 3380 3438 sed
3400 3386 3615 3454 quando

2037 3458 2153 3529 ipse
2174 3475 2268 3529 per
2294 3469 2344 3515 te
2372 3461 2545 3532 ipsum
2568 3467 2879 3533 accesseris,
2925 3477 3051 3526 tunc
3086 3474 3315 3529 maxime
3346 3484 3397 3530 te
3420 3476 3620 3545 audiet,

2038 3559 2167 3605 tunc
2182 3553 2397 3622 quando
2429 3558 2694 3612 neminem
2739 3562 3027 3630 rogaveris.

2107 3643 2161 3697 5.
2185 3643 2301 3699 Non
2330 3645 2400 3701 ita
2429 3661 2557 3716 ergo
2585 3663 2710 3705 eum
2750 3665 2842 3720 per
2866 3653 3003 3707 alios
3049 3655 3321 3725 placamus
3364 3671 3579 3717 orantes
3600 3704 3618 3731 ,

2036 3730 2174 3787 sicut
2196 3749 2290 3802 per
2317 3737 2587 3807 nosipsos.
2618 3739 2750 3795 Cum
2793 3742 2937 3797 enim
2965 3757 3199 3803 noStram
3239 3760 3455 3819 expetat
3478 3754 3615 3807 auti-

2034 3821 2213 3877 citiam
2241 3863 2257 3888 ,
2287 3826 2465 3880 omnia
2521 3829 2680 3883 etiam
2726 3828 2889 3898 facit,
2923 3842 2980 3888 ut
3020 3851 3118 3891 nos
3142 3837 3191 3892 ei
3237 3839 3570 3899 confidamus
3599 3862 3611 3896 :

2034 3911 2249 3982 quando
2276 3914 2465 3971 viderit
2490 3932 2588 3972 nos
2610 3917 2710 3974 hoc
2739 3935 2836 3989 per
2862 3937 2961 3977 nos
2990 3924 3131 3993 ipsos
3170 3924 3462 4002 facientes,
3494 3942 3618 3988 tunc

2037 4005 2267 4062 maxime
2287 4009 2492 4065 annuit.
2522 4009 2595 4064 ita
2618 4012 2778 4067 etiam
2810 4012 2937 4069 fecit
2963 4016 3017 4070 in
3047 4017 3345 4076 Chananaza
3366 4040 3380 4077 :
3404 4033 3611 4083 et_cutn

2036 4091 2227 4149 Petrus
2270 4097 2485 4166 quidem
2515 4110 2568 4152 et
2614 4099 2846 4156 Jacobus
2892 4105 3210 4162 accederent
3237 4126 3331 4179 pro
3363 4113 3452 4167 illa
3487 4113 3565 4187 (a)
3596 4157 3615 4180 ,

2035 4199 2147 4239 non
2166 4188 2355 4241 annuit
2381 4203 2395 4238 :
2424 4204 2545 4242 cum
2583 4203 2645 4243 ea
2689 4201 2865 4245 autem
2899 4208 3232 4262 permaneret
3255 4240 3270 4261 ,
3303 4203 3441 4268 quod
3475 4215 3618 4273 pete-
3646 4192 3657 4197 “

2036 4276 2194 4332 batur
2224 4280 2465 4347 protinus
2493 4282 2638 4337 dedit
2672 4282 2883 4355 (Matth.
2912 4287 2995 4343 15.
3050 4287 3305 4360 22.xqq.).
3334 4293 3444 4349 Etsi
3475 4297 3615 4352 enini

2034 4370 2180 4426 visus
2207 4380 2289 4426 est
2323 4387 2506 4441 parum
2535 4375 2770 4441 differre,
2795 4393 2899 4431 non
2920 4380 3021 4437 hoc
3042 4379 3168 4437 fecit
3195 4393 3251 4438 ut
3277 4398 3423 4440 mora
3454 4388 3613 4443 affer-

2034 4471 2184 4521 retur
2199 4463 2543 4528 mulierculae,
2563 4466 2657 4521 sed
2686 4476 2742 4522 ut
2767 4483 2883 4524 eam
2907 4474 3074 4542 magis
3099 4485 3403 4545 coronaret,
3430 4488 3485 4533 et
3502 4478 3619 4550 ejus

2033 4553 2401 4610 assiduitatem
2433 4558 2598 4627 magis
2618 4559 2716 4615 sibi
2747 4561 3058 4618 familiarem
3088 4566 3356 4623 redderet.
3388 4569 3613 4627 Medite-

2034 4660 2155 4700 mur
2178 4661 2308 4717 ergo
2330 4661 2430 4701 nos
2465 4663 2675 4721 quoque
2714 4651 2879 4707 Deum
2928 4656 3193 4726 supplices
3222 4657 3293 4730 (ιν)
3323 4658 3510 4716 adire:
3536 4663 3616 4717 di-

2033 4751 2245 4795 scamus
2272 4740 2541 4810 quomodo
2567 4756 2627 4797 ea
2656 4741 2725 4796 sit
2755 4741 2992 4800 facienda
3022 4748 3360 4818 supplicatio.
3396 4751 3511 4807 Non
3533 4763 3616 4809 est

2034 4829 2269 4887 eundum
2293 4830 2349 4885 in
2380 4847 2618 4888 muscum
2643 4831 2745 4906 (ε),
2773 4849 2877 4891 non
2902 4847 3026 4893 sunt
3047 4842 3423 4899 consumenda:
3449 4860 3609 4914 pacu-

2094 4964 2168 5037 (α)
2191 4966 2274 5037 Hie
2291 4967 2524 5037 memoria
2546 4966 2709 5037 lapsus
2732 4969 2923 5037 videtur
2942 4972 3319 5037 chrysostomus.
3338 4977 3394 5027 In
3416 4978 3616 5031 historia

2030 5030 2214 5150 quippe
2237 5028 2303 5077 de
2322 5028 2738 5080 Chanauzea’nulla
2762 5034 2947 5083 mentio
2969 5028 3095 5085 Ριξξι-ί
3117 5044 3171 5087 et
3190 5040 3371 5089 Jacobi.
3480 5028 3509 5031 η

2097 5089 2117 5152 (
2203 5089 2257 5152 In
2277 5097 2682 5152 Gm,lvwnévtw
2704 5109 2801 5152 Qui).
2826 5101 2893 5144 De
2917 5096 3007 5145 hac
3043 5110 3161 5148 voce
3184 5107 3509 5152 crtecaamna

2479 5119 2682 5157 νςτυτχινιιν
2704 5119 2801 5153 θεῷ.
2826 5119 2893 5144 υυ
2917 5119 3007 5145 uisu
3045 5119 3161 5148 νυου
3184 5119 3360 5157 υτωσει,
3369 5119 3586 5157 Latinium

2097 5118 2169 5152 κν)
2204 5118 2257 5138 ιιι
2277 5118 2325 5138 un
2337 5118 2682 5156 αλυμντυτχινιιν
2704 5118 2801 5153 θεῷ.
2826 5118 2893 5144 υυ
2917 5118 3007 5145 uac
3044 5118 3161 5148 \‘UCU
3184 5118 3360 5157 δι’ωεει,
3369 5118 3586 5163 invadunt
3600 5140 3614 5163 ν

2031 5151 2293 5221 sequentia
2328 5154 2535 5221 notanda
2577 5161 2690 5203 sunt
2704 5158 2958 5221 ίιὶντμγχάνιιν
2979 5170 3114 5221 saepe
3155 5168 3248 5221 est,
3271 5170 3617 5221 accusationem

2031 5210 2198 5286 contra
2220 5210 2430 5286 aliquem
2450 5210 2869 5286 offerreprirwitit",
2884 5226 2962 5286 et,
2985 5210 3129 5284 ινιὶχιι
3143 5255 3160 5286 ,
3181 5210 3370 5286 libellus
3384 5210 3613 5286 sttppléi,

2031 5282 2115 5324 aut
2137 5272 2380 5341 acettsutio
2394 5272 2563 5341 contra
2584 5272 2793 5341 aliquem
2818 5272 2992 5330 oblata.
3010 5272 3107 5339 Qti'a
3129 5272 3195 5331 de
3208 5295 3266 5331 re
3289 5283 3398 5332 vide
3424 5272 3617 5335 iii'on'o:

2032 5336 2416 5410 masticopostro
2439 5337 2497 5386 ad
2519 5336 2676 5400 Opera
2709 5340 2950 5410 Athanasii
2992 5336 3066 5410 ad
3096 5355 3260 5402 voces,
3286 5356 3522 5410 ιντυτχάναν.
3546 5355 3618 5406 et.

2031 5410 2196 5473 tvm-ta.
2215 5397 2773 5473 Hic‘autem,.t&mtm?,
2801 5408 2879 5473 est
2908 5400 3200 5473 supplicare,
3221 5397 3290 5465 et,
3316 5397 3483 5472 ιηὲἆιι,
3501 5397 3616 5473 sup:

2029 5457 2316 5535 plicatio,.ut
2333 5473 2394 5508 ex
2410 5457 2768 5535 serieuli'que't.
2810 5457 3072 5534 Gentiatius
3102 5457 3613 5535 Heﬁvetusiertenit,

2029 5518 2358 5589 interpellare,
2377 5530 2429 5570 et
2449 5518 2783 5583 interpellatio,
2810 5524 2968 5589 minus
2988 5529 3257 5589 commode,
3272 5518 3326 5581 Vni
3344 5518 3499 5583 fallor.

2096 5580 2165 5644 (ες
2187 5580 2244 5649 in
2268 5582 2454 5649 Graeco,
2481 5580 2659 5643 pun-ila.
2687 5590 2829 5649 Porro
2851 5584 2975 5635 hanc
2992 5600 3162 5639 vocem
3182 5580 3392 5642 Graecam
3413 5580 3618 5649 Saviliua

2028 5642 2265 5717 ait'vulgo
2288 5642 2569 5717 significare.
2595 5643 2826 5717 templum
2850 5655 3114 5717 nasorum
3129 5686 3145 5712 ,
3189 5653 3276 5703 sed
3303 5654 3383 5703 hic
3402 5642 3620 5717 metu?)

2029 5702 2979 5781 stttdiisgtlestitltttoaccipienilanCerte
2996 5721 3111 5781 puto
3126 5702 3290 5781 ᾖφέιιέ.
3305 5702 3621 5780 apudli'atres

2030 5766 2178 5832 longe
2197 5765 2502 5830 frequentius
2523 5765 2610 5828 pro
2645 5765 2761 5821 ludo
2779 5765 3182 5839 literarios-ctam.
