4112 6224
435 367 506 421 ιδ
1167 352 1224 409 S.
1263 346 1540 407 JOANNIS
1574 339 2046 402 CHRYSOSTOMI
2086 338 2401 397 ARCHIEP.
2442 334 2970 395 CONSTANTINOP.
3083 392 3096 402 ,
3649 335 3716 390 Η

432 477 557 543 nias,
607 487 708 530 nec
726 478 854 527 sunt
876 461 1207 525 conducendi
1232 459 1529 534 pmdagogi,
1551 457 1815 522 rhetores,
1839 464 1893 510 et
1921 463 2008 510 so—

432 568 851 640 phistaemeque
876 559 1102 616 multum
1129 553 1384 624 temporis
1424 548 1841 607 consumendum
1896 556 2016 614 est,

433 637 490 714 ut
517 660 654 714 hanc
679 651 892 710 dicendi
922 659 1092 706 artem
1145 647 1358 708 discas;
1411 641 1506 698 sed
1558 639 1734 695 solum
1787 637 2020 692 voluisse

432 750 664 817 sufﬁcit,
711 757 766 804 et
812 761 903 802 ars
945 742 1178 813 perfecta
1209 738 1396 794 evasit.
1455 735 1565 790 Nec
1617 747 1716 804 pro
1744 741 1796 786 te
1845 731 2018 786 solum

433 841 638 914 poteris
691 839 873 895 dicere
903 835 959 890 in
979 849 1044 890 eo
1106 829 1326 902 judicio,
1359 825 1452 883 sed
1502 825 1661 880 etiam
1691 836 1788 893 pro
1837 820 2022 876 multis

434 910 576 987 aliis.
628 930 696 985 Et
749 929 992 999 quisnam
1023 933 1352 991 estseOpus,
1385 914 1527 988 quod
1550 914 1848 970 institutum
1891 910 2023 966 artis

436 1023 593 1094 hujus
617 1017 928 1092 iudicialis?
949 1015 1137 1072 Modus
1161 1007 1502 1082 precationis.
1837 1009 1840 1012 ’

508 1112 764 1168 Precandi
787 1110 1001 1173 modus;
1025 1103 1253 1160 ditatatio
1272 1099 1394 1172 quid
1419 1098 1502 1154 sit.
1520 1127 1592 1138 —-
1608 1096 1792 1152 Sobria
1821 1101 2021 1158 mente,

433 1207 620 1262 animo
651 1202 903 1267 contrito,
948 1213 1070 1254 cum
1104 1193 1338 1250 fontibus
1378 1192 1732 1262 lacrymarum
1780 1184 1846 1241 ad
1900 1198 2022 1240 eum

436 1297 711 1363 accedere,
751 1293 882 1348 nihil
925 1287 1070 1360 quod
1110 1285 1178 1340 ad
1212 1284 1352 1339 hanc
1379 1283 1539 1337 vitam
1570 1278 1836 1349 pertineat
1865 1283 2028 1345 pete—

423 1405 494 1447 re
522 1429 538 1456 ,
581 1390 757 1442 futura
810 1380 1210 1451 concupiscere,
1268 1388 1364 1444 pro
1412 1368 1776 1441 spiritualibus
1827 1364 2027 1435 suppli-

433 1497 579 1547 care,
619 1476 849 1536 inimicis
876 1489 984 1529 non
1011 1470 1150 1526 male
1194 1464 1422 1538 precari,
1453 1468 1725 1530 acceptam
1779 1456 2026 1527 injuriam

434 1573 690 1630 memoria
720 1583 827 1624 non
855 1575 1060 1628 tenere,
1088 1571 1277 1614 omnes
1297 1551 1728 1626 perturbationes
1753 1562 1820 1602 ex
1845 1547 2026 1600 animo

436 1663 710 1734 expellere
734 1700 749 1724 ,
773 1659 1140 1712 conterentem
1169 1662 1264 1702 cor
1284 1646 1354 1698 ita
1383 1642 1552 1704 adire,
1575 1639 1754 1693 animo
1780 1633 2024 1707 deprimi,

436 1724 902 1811 mansuetudinem
953 1755 1200 1811 magnam
1247 1747 1528 1794 exercere;
1584 1739 1639 1786 et
1684 1729 1916 1799 linguam
1957 1724 2024 1780 ad

439 1849 576 1903 bene
613 1839 934 1914 loquendum
976 1839 1310 1892 convertere,
1365 1831 1416 1880 in
1461 1824 1607 1879 nullo
1655 1835 1818 1892 pravo
1867 1833 2031 1889 opere

440 1939 665 2006 versari,
685 1912 822 1990 nihil
867 1932 1068 1987 habere
1097 1937 1382 1982 commune
1427 1935 1546 1974 cum
1590 1913 1858 1971 communi
1889 1912 2032 1967 orbis

441 2044 700 2090 terrarum
731 2029 906 2092 hoste,
937 2039 1057 2079 eum
1100 2016 1338 2081 diabolo,
1374 2013 1612 2082 inquam.
1655 2009 1710 2063 lu
1740 2023 1862 2063 eum
1889 2006 2030 2061 enim

437 2125 527 2196 qui
561 2137 660 2194 pro
684 2119 805 2175 aliis
826 2131 948 2174 cum
976 2127 1103 2183 rege
1126 2109 1380 2178 loquitur,
1409 2113 1465 2159 et
1491 2117 1611 2158 cum
1643 2099 1760 2170 ejus
1803 2096 2032 2152 inimicis

439 2185 820 2272 communicat,
841 2215 1080 2263 externae
1103 2201 1264 2256 etiam
1302 2197 1447 2266 leges
1471 2191 1921 2247 animadvertunt:
1955 2185 2025 2240 Et

441 2318 496 2362 tu
515 2318 644 2375 ergo
669 2301 714 2356 si
737 2299 817 2354 vis
842 2307 897 2352 et
922 2310 1022 2366 pro
1052 2303 1104 2348 te
1129 2298 1184 2346 et
1211 2303 1310 2360 pro
1337 2287 1452 2341 aliis
1496 2283 1700 2346 dicere,
1733 2279 1814 2332 fac
1837 2285 1897 2332 ut
1925 2276 2027 2330 hac

441 2403 494 2455 in
524 2367 842 2454 re'maxime
872 2400 931 2446 te
967 2396 1112 2442 recte
1148 2395 1326 2454 geras,
1357 2385 1418 2434 ut
1463 2374 1597 2430 nihil
1628 2384 1913 2428 commune
1940 2367 2035 2421 ha-

441 2493 567 2549 beas
589 2504 712 2545 cum
733 2479 1001 2542 communi
1021 2479 1172 2532 hoste
1193 2473 1338 2529 orbis
1357 2478 1636 2525 terrarum.
1665 2465 1736 2519 Ita
1761 2463 1900 2518 enim
1923 2459 2030 2524 ﬂet,

441 2592 500 2638 ut
514 2579 774 2649 sisjustus
791 2590 808 2630 :
826 2583 1016 2629 etcum
1039 2567 1202 2623 fueris
1211 2565 1407 2635 justus,
1426 2557 1676 2617 audieris,
1694 2553 1854 2622 utqui
1875 2553 2031 2606 talem

441 2640 639 2729 habeas
651 2675 926 2739 patronam
936 2699 950 2713 .
962 2661 987 2716 1
995 2677 1026 2714 n
1035 2656 1351 2713 tribulatione
1360 2651 1584 2705 dilatasti
1596 2645 1740 2699 mihi.
1755 2643 1868 2698 Non
1881 2641 1962 2696 dis
1972 2640 2005 2695 it
2015 2680 2030 2705 ,

343 2777 352 2784 '
442 2734 719 2819 Adduxiin
765 2753 1100 2814 afﬂictiones,
1142 2761 1344 2817 neque,
1379 2737 1636 2797 sustulisti
1681 2734 2030 2796 tentationes,

439 2854 559 2922 sed,
577 2853 732 2909 Stare
752 2843 1060 2920 permisisti,
1079 2850 1133 2895 et
1149 2835 1388 2892 Dilatasti
1410 2832 1550 2886 mihi.
1569 2830 1776 2896 Quanta
1803 2825 1874 2880 sit
1888 2823 2030 2879 enim

439 2957 493 3004 et
509 2918 667 3018 quam
695 2918 943 3012 expedita
967 2935 1058 2991 Dei
1075 2931 1311 2993 solertia,
1329 2929 1451 2981 hinc
1467 2923 1696 2979 maxime
1707 2918 2031 2981 ostenditur,

443 3005 548 3094 non
578 3036 752 3091 solum
765 3005 925 3102 'quod
967 3025 1182 3082 inducat
1209 3018 1544 3078 afﬂictiones,
1574 3011 1667 3067 sed
1693 3011 1852 3065 etiam
1889 3005 2031 3076 quod

445 3135 723 3185 manentes
750 3098 869 3177 ill—as
895 3114 1200 3174 tolerabiles
1223 3109 1430 3166 reddat.
1463 3105 1575 3160 lloc
1599 3111 1651 3158 et
1683 3101 1777 3156 Dei
1803 3098 2032 3154 ostendit

444 3221 756 3294 potentiam,
784 3221 840 3270 et
863 3211 953 3283 qui
985 3211 1042 3264 in
1070 3221 1163 3262 eas
1187 3201 1447 3261 incidunt,
1469 3194 1818 3268 sapientiores
1837 3190 2032 3258 reddit,

442 3285 738 3385 quandoet
763 3303 1001 3362 dilatatio
1030 3298 1180 3354 adest
1207 3308 1324 3366 quae
1345 3290 1594 3345 afﬂictam
1634 3285 1865 3340 animam
1893 3296 2026 3337 con-

442 3375 665 3467 soletur,
702 3407 758 3457 et
795 3394 1014 3453 afﬂictio
1040 3405 1146 3446 non
1189 3385 1416 3442 tollitur.
1445 3395 1566 3452 quae
1593 3385 1650 3434 et
1676 3375 2032 3446 negligentem

442 3463 756 3561 adstringat,
787 3496 842 3544 et
868 3485 934 3542 ab
961 3481 1107 3538 omni
1155 3475 1381 3547 segnitie
1419 3471 1627 3526 liberet.
1661 3467 1731 3522 Et
1760 3463 2028 3536 quomodo

445 3591 497 3644 in
541 3553 850 3650 afﬂictione,
891 3573 1140 3647 inquies,
1186 3566 1342 3624 fuerit
1369 3556 1751 3650 dilatatio't’Ut
1796 3556 1846 3610 in
1875 3553 2032 3609 trium

447 3693 735 3754 puerorum
773 3647 990 3728 fornace
1026 3664 1189 3738 (Dan.
1215 3663 1270 3716 5.
1313 3657 1406 3734 24)
1431 3697 1446 3720 ,
1481 3664 1540 3706 ιιι
1581 3650 1632 3705 in
1662 3649 1779 3704 lacu
1820 3647 2032 3702 leonum

447 3743 614 3848 ξυαη.
639 3770 692 3827 6.
720 3767 851 3837 22).
893 3762 1010 3818 Non
1055 3757 1198 3814 enim
1225 3747 1479 3808 exstinxit
1525 3743 1813 3844 ﬂammam,
1835 3747 1889 3848 et
1910 3746 2034 3848 t'unc

448 3831 574 3922 iecit
592 3870 653 3918 ut
679 3859 780 3930 ipsi
808 3831 990 3912 essent
1015 3850 1068 3905 in
1093 3847 1260 3902 libero
1286 3848 1466 3905 statu;
1501 3850 1673 3905 neque
1703 3831 1896 3887 occidit
1921 3831 2033 3885 leo-

448 3920 568 4019 nes,
591 3960 645 4008 et
673 3920 801 4006 tunc
823 3955 1072 4001 securum
1101 3933 1370 3993 Danielem
1399 3925 1630 3984 reddidit
1663 3941 1677 3977 :
1725 3922 1818 3977 sed
1844 3931 1898 3976 et
1921 3920 2032 3976 illic

449 4011 667 4101 fornace
689 4037 1034 4095 vehementer
1062 4027 1302 4090 ardente,
1332 4030 1388 4078 et
1409 4019 1500 4075 hic
1521 4017 1646 4072 feris
1673 4011 2032 4078 manentibus,

443 4134 575 4206 justi
597 4133 650 4188 in
679 4141 865 4200 magna
895 4124 1138 4180 libertate
1179 4119 1509 4172 manserunt.
1538 4108 1724 4164 Potest
1746 4104 1906 4160 etiam
1932 4103 2032 4156 ali-

453 4194 536 4283 ler
566 4221 732 4293 accipi
761 4194 1000 4275 dilatatio
1022 4256 1038 4280 ,
1081 4220 1140 4266 ut
1164 4206 1378 4281 quando
1405 4203 1603 4267 anima,
1656 4194 2036 4254 tentatinnibus

453 4284 744 4389 oppressa,
801 4310 1056 4366 liberatur
1101 4317 1132 4356 a
1177 4291 1702 4368 perturbationibus,
1755 4295 1810 4343 et
1857 4284 2036 4339 multis

453 4378 853 4482 mgritttdinibus
872 4418 886 4455 :
907 4408 1031 4454 tunc
1061 4393 1204 4450 enim
1225 4388 1456 4444 maxime
1476 4385 1643 4438 libero
1659 4388 1799 4434 statu
1824 4378 2032 4432 fruitur.

455 4470 603 4559 Mitlti
631 4498 772 4555 enim
802 4489 1055 4565 quamdiu
1082 4490 1302 4540 manent
1349 4480 1400 4534 in
1427 4475 1590 4532 rebus
1616 4470 1895 4536 secundis,
1926 4478 2038 4523 tur-

459 4591 690 4666 pissimis
717 4596 772 4644 et
805 4559 1038 4639 animam
1069 4571 1432 4632 cruciantibus
1475 4575 1722 4621 tenentur
1745 4559 2035 4627 amoribus,

457 4654 825 4756 pecuniarum,
878 4682 1163 4743 corporum
1187 4706 1202 4731 ,
1235 4672 1289 4720 et
1315 4656 1576 4732 ejusmodi
1625 4654 1848 4708 aliorum
1873 4691 1888 4717 ,
1918 4665 2038 4722 qua

454 4741 579 4834 sunt
623 4741 890 4829 absurda:
920 4741 1015 4821 sed
1041 4767 1323 4833 postquam
1363 4753 1416 4807 in
1455 4747 1795 4804 afﬂictionem
1839 4741 2040 4821 incide-

459 4876 604 4932 runt,
631 4863 924 4918 liberantur
957 4851 1149 4908 abillis
1179 4843 1446 4906 omnibus,
1469 4849 1524 4894 et
1552 4839 1606 4894 in
1630 4844 1868 4906 apertum
1896 4848 2040 4889 cam-

459 4930 596 5031 pum
615 4950 864 5010 evadunt.
907 4948 985 5001 Ac
1013 4943 1151 4999 sicut
1179 4939 1214 4994 ii
1243 4936 1335 5008 qui
1373 4933 1526 4989 febre
1553 4930 1818 4992 laborant,
1849 4940 2040 4995 quam-

461 5017 552 5107 diu
573 5043 787 5118 quidem
805 5032 1191 5107 intempestivis
1218 5029 1465 5084 fruuntur
1488 5018 1867 5091 voluptatibus,
1903 5017 2040 5071 lauta

459 5108 678 5214 inquam
722 5147 904 5192 mensa
935 5138 989 5184 et
1015 5127 1138 5182 vino
1164 5137 1313 5178 mero
1336 5161 1350 5185 ,
1379 5129 1537 5188 atque
1574 5109 1868 5183 hujusmcd.
1903 5108 2041 5173 aliis,

456 5237 510 5290 in
537 5203 770 5303 majores
789 5231 1051 5297 coguntur
1073 5214 1342 5288 angustias
1374 5230 1387 5266 :
1416 5209 1510 5265 sed
1543 5209 1586 5264 si
1616 5203 1883 5262 voluerint
1917 5217 2043 5272 pau-

459 5294 879 5394 lisper-seipsos—
911 5313 1206 5383 aﬂligentes
1236 5315 1599 5376 perseverare,
1653 5297 1762 5351 lato
1799 5305 1851 5349 et
1879 5294 2044 5346 liheru

461 5382 602 5472 sta-tu
641 5382 908 5472 fruuntur,
935 5382 1072 5461 eteo
1097 5399 1237 5472 quod
1291 5410 1386 5450 eos
1410 5392 1636 5462 angebat
1663 5385 1905 5456 deposito
1925 5425 1938 5448 ,
1961 5382 2047 5452 juo

459 5506 636 5564 cunde
655 5501 907 5569 deinceps
929 5497 980 5552 in
1005 5509 1135 5566 pura
1162 5490 1687 5545 sanitatevcrsantur
1721 5495 1733 5530 :
1770 5477 1839 5531 ita
1884 5475 2042 5528 etiam

459 5602 512 5657 in
552 5597 712 5653 rebus
749 5603 804 5648 et
855 5588 1079 5661 negotiis
1101 5580 1365 5640 usuvenit.
1395 5575 1535 5631 Nihil
1590 5571 1733 5628 enim
1764 5581 1916 5638 teque
1957 5580 2044 5617 rc-

463 5694 648 5751 laxarc
673 5659 966 5744 consuevit,
1011 5687 1067 5732 ut
1097 5673 1318 5730 afﬂictio
1359 5683 1476 5739 qua:
1501 5683 1532 5718 a
1559 5659 1900 5718 srecularibus
1928 5671 2045 5710 om-

464 5786 616 5845 nibus
647 5781 877 5840 abducit.
911 5771 1189 5846 Quomodo
1231 5765 1500 5823 existimas
1535 5758 1748 5817 Judaaos
1790 5754 1952 5809 fuisse
1993 5751 2044 5803 iu

2126 454 2436 520 afﬂictione,
2467 452 2628 508 etiam
2667 450 2879 523 quando
2899 458 3054 505 erant
3081 463 3168 504 res
3193 462 3376 504 eorum
3421 447 3714 503 secundae?
3738 479 3754 536 ι

2123 545 2316 600 Annon
2335 543 2447 598 haec
2464 542 2732 598 fehricitan
2742 543 2806 596 tis
2821 540 3012 595 animas
3024 538 3441 609 mgritudinequc
3455 536 3716 594 confecta

2125 645 2201 690 est
2223 675 2238 700 ,
2271 634 2450 690 dicere
2483 651 2496 687 :
2527 633 2636 687 Fac
2661 634 2804 687 nobis
2847 631 2966 685 deos
2993 631 3082 702 qui
3106 645 3197 683 nos
3235 627 3521 698 praecedant
3550 643 3570 683 :
3596 627 3714 682 Μο-

2125 742 2202 780 ses
2231 726 2364 779 enim
2394 726 2496 792 hic,
2523 725 2610 795 qui
2630 724 2800 779 eduxit
2829 739 2920 777 nos
2949 723 3012 775 de
3039 731 3171 774 terra
3200 719 3440 791 .Eggpti,
3464 724 3716 774 nescimus

2126 820 2247 892 quid
2271 821 2315 873 ei
2343 822 2532 891 factum
2555 819 2618 872 sit
2637 816 2831 886 (Exod.
2857 814 2950 870 '52.
2973 816 3024 887 i)
3045 816 3068 868 ?
3092 816 3282 869 Annon
3304 813 3388 867 illa
3406 813 3570 868 verba
3590 823 3716 867 sunt

2127 911 2318 965 anima:
2331 909 2771 981 philosophantis,
2793 919 2844 964 et
2859 923 2890 962 a
2913 905 3396 978 perturbationibus
3419 904 3576 974 hujus
3594 905 3716 958 vitze

2129 1005 2442 1074 respirantis
2476 1045 2492 1072 ,
2523 1003 2736 1074 quando
2761 1000 2945 1056 afﬂicti
2977 1009 3082 1054 tam
3101 1000 3446 1055 vehementer
3469 1007 3712 1064 orarunt,

2129 1107 2187 1152 ut
2209 1097 2380 1163 ipsum
2421 1097 2512 1152 Dei
2547 1095 2798 1150 auxilium
2838 1093 3150 1148 attraxerint
3172 1091 3252 1161 (a)
3274 1091 3298 1143 ?
3323 1090 3440 1167 iam
3467 1105 3596 1144 vero
3619 1089 3706 1144 hic

2135 1186 2243 1258 ipse
2267 1202 2476 1259 quoque
2507 1186 2767 1258 propheta
2801 1183 3014 1254 quando
3038 1183 3350 1238 versabatur
3375 1181 3430 1236 in
3459 1180 3718 1250 tranquil-o

2130 1281 2295 1347 litate,
2341 1295 2571 1351 quonam
2599 1279 2758 1334 modo
2805 1275 3157 1348 afﬂigebatur,
3187 1275 3254 1331 ab
3282 1273 3520 1344 improba
3560 1274 3712 1343 cupi-

2130 1375 2293 1431 ditate
2321 1376 2372 1430 in
2397 1374 2668 1444 angustias
2699 1380 2922 1427 coactus
2958 1378 3013 1424 et
3037 1369 3339 1425 laceratus?
3366 1368 3579 1438 quando
3622 1383 3716 1422 au-

2135 1473 2240 1520 tem
2284 1473 2526 1520 versatus
2573 1472 2656 1517 est
2693 1463 2745 1516 in
2801 1459 3107 1523 afﬂictione,
3166 1458 3312 1513 scitis
3351 1473 3505 1528 quam
3560 1457 3716 1514 fuerit

2135 1555 2468 1626 tranquillus.
2491 1554 2673 1624 Neque
2698 1552 2842 1608 enim
2869 1567 2990 1606 eum
3037 1551 3173 1620 ignis
3199 1550 3390 1620 attigit,
3420 1549 3512 1604 sed
3553 1551 3715 1605 etiam

2133 1645 2344 1702 ﬂamma
2372 1646 2616 1699 universa
2640 1644 2903 1699 exstincta
2931 1649 3034 1696 est.
3061 1639 3203 1695 Nihil
3229 1641 3370 1695 enim
3395 1654 3547 1709 aeque
3575 1640 3715 1694 afﬂi-
3761 1672 3763 1674 -

2132 1737 2230 1808 git,
2264 1751 2325 1792 ac
2350 1736 2395 1791 si
2425 1736 2596 1790 anima
2636 1735 2944 1790 obsideatur
2967 1748 2996 1786 a
3030 1730 3534 1802 perturbationibus.
3585 1731 3718 1784 Alia:

2133 1829 2275 1885 enim
2305 1827 2634 1883 extrinsecus
2661 1825 2926 1891 incidunt,
2959 1822 3042 1878 ha:
3070 1838 3199 1878 vero
3229 1824 3371 1878 intus
3397 1829 3711 1884 nascuntur,

2135 1931 2189 1977 et
2215 1922 2329 1977 haec
2358 1929 2442 1976 est
2466 1921 2694 1976 maxima
2733 1917 2972 1973 afﬂictio.
2998 1915 3221 1971 Etiamsi
3253 1928 3350 1968 nos
3377 1923 3533 1969 vexet
3559 1929 3713 1968 mun-

2134 2015 2256 2082 dus,
2289 2029 2389 2068 nos
2409 2025 2585 2068 autem
2617 2012 2762 2081 ipsos
2787 2026 2891 2064 non
2911 2022 3186 2070 vexemus,
3220 2005 3352 2060 nihil
3381 2005 3533 2062 nobis
3560 2004 3719 2060 fuerit

2136 2107 2440 2163 molestum.
2470 2104 2527 2158 In
2552 2115 2735 2158 nostra
2779 2117 2906 2172 ergo
2953 2108 3213 2170 potestate
3239 2100 3398 2154 situm
3444 2109 3526 2153 est
3554 2097 3718 2152 tltch

2135 2198 2454 2269 afﬂigamur,
2486 2195 2571 2252 vel
2620 2211 2725 2248 non
2757 2193 3072 2266 afﬂigamur.

2205 2291 2260 2344 4.
2289 2287 2546 2342 Patientia
2583 2295 2825 2356 quantum
2855 2285 3058 2338 bonum.
3093 2281 3289 2337 Orandi
3309 2281 3505 2336 modus.
3537 2311 3606 2320 —
3655 2281 3719 2336 llt

2137 2392 2312 2436 autem
2337 2381 2511 2436 discas
2531 2381 2692 2435 etiam
2717 2395 2783 2434 ex
2805 2392 2934 2434 voce
2956 2376 3266 2450 apostolica,
3285 2386 3478 2444 quanta
3506 2375 3720 2429 libertas

2137 2474 2342 2528 oriatur
2385 2487 2452 2527 ex
2482 2471 2788 2536 afﬂictione,
2823 2468 2944 2523 audi
3003 2468 3174 2538 ipsum
3221 2467 3437 2522 Paulum
3495 2465 3719 2520 fructum

2137 2564 2440 2620 afﬂictionis
2489 2571 2838 2616 narrantem:
2882 2559 3160 2614 Tribulatio
3211 2567 3378 2611 autem
3429 2557 3719 2627 patientiam

2136 2665 2377 2728 operatur
2407 2671 2423 2710 :
2467 2654 2708 2726 patientia
2733 2662 2899 2706 autem
2945 2650 3286 2722 probationem
3311 2690 3325 2710 ,
3360 2649 3587 2718 probatio
3608 2663 3720 2701 vero

2137 2764 2274 2821 spem
2292 2764 2312 2802 :
2338 2763 2451 2816 spes
2477 2755 2642 2800 autem
2670 2761 2769 2798 non
2801 2742 3066 2813 confundit
3094 2740 3264 2811 (Rom.
3297 2741 3349 2796 5.
3374 2741 3474 2794 3—5
3495 2741 3535 2810 ).
3581 2739 3720 2792 lnef-

2137 2844 2352 2899 fabilem
2397 2840 2574 2896 vidiSti
2617 2835 2990 2892 latitudinem?
3020 2833 3194 2889 vidisti
3234 2840 3444 2902 portum
3492 2829 3721 2884 lartitize?

2139 2933 2468 2998 Patientiam,
2499 2930 2686 3000 inquit,
2715 2926 3102 2999 eﬁicitafﬂictio.
3146 2923 3278 2992 Quid
3305 2925 3446 2977 enim
3502 2920 3717 2978 homine

2137 3024 2543 3096 patientissimo,
2571 3033 2625 3078 et
2662 3021 2750 3092 qui
2773 3026 2950 3075 omnia
2981 3017 3133 3072 facile
3161 3015 3300 3070 ferre
3326 3022 3518 3084 potest,
3575 3021 3719 3068 tran-

2137 3119 2352 3190 quillius
2370 3117 2396 3171 ?
2409 3111 2538 3187 quid
2565 3113 2790 3186 probato
2821 3111 2978 3167 fuerit
3005 3110 3190 3164 fortius
3209 3109 3233 3161 ?
3252 3107 3376 3178 quid
3395 3115 3571 3162 autem
3593 3121 3721 3161 con-

2139 3209 2264 3265 ferri
2291 3216 2467 3278 potest
2485 3221 2606 3261 cum
2627 3219 2690 3260 ea
2719 3219 2838 3273 qua:
2868 3201 2992 3256 hinc
3017 3199 3188 3255 oritur
3215 3198 3604 3254 delectatione?
3631 3197 3721 3252 Di-

2135 3303 2210 3358 cit
2236 3301 2379 3358 enim
2410 3299 2563 3356 nobis
2613 3307 2720 3354 tres
2762 3297 3064 3365 voluptates
3108 3308 3230 3364 qua:
3279 3291 3404 3347 hinc
3449 3291 3715 3356 oriuntur,

2139 3393 2469 3466 patientiam,
2501 3389 2868 3462 probationem
2894 3430 2908 3453 ,
2937 3395 2992 3441 et
3015 3401 3163 3456 spem
3194 3384 3490 3439 futurorum
3542 3383 3712 3438 bono-

2138 3501 2278 3541 rum.
2309 3485 2385 3540 De
2436 3483 2518 3538 his
2559 3496 2699 3537 nunc
2727 3479 3111 3551 philosOphans
3150 3478 3408 3549 propheta
3460 3476 3716 3532 dicebat:

2140 3577 2206 3632 In
2233 3576 2554 3631 tribulatione
2579 3573 2805 3628 dilatasti
2834 3571 2976 3624 mihi.
3008 3570 3140 3637 Quia
3169 3569 3309 3623 enim
3341 3567 3514 3622 dixit:
3549 3567 3721 3620 Exau-

2138 3667 2260 3721 divit
2282 3683 2359 3720 me
2387 3665 2524 3720 Deus
2552 3705 2567 3730 ,
2609 3677 2842 3734 quonam
2883 3660 3043 3714 modo
3069 3658 3337 3712 exaudivit
3388 3657 3482 3711 ait.
3515 3655 3630 3712 Non
3668 3656 3719 3710 in

2137 3759 2378 3830 pecuniis
2408 3776 2422 3810 :
2454 3756 2590 3812 nihil
2623 3757 2766 3811 enim
2799 3754 3010 3824 petebat
3033 3751 3293 3822 ejusmodi
3321 3768 3335 3816 ;
3361 3767 3464 3805 non
3516 3762 3572 3804 ut
3600 3751 3719 3803 vin-

2137 3858 2287 3906 ceret
2314 3847 2590 3902 inimicos:
2623 3861 2743 3899 nam
2794 3859 2964 3914 neque
3005 3843 3118 3897 haec
3163 3839 3487 3912 postulabat;
3528 3839 3620 3894 sed
3667 3840 3719 3892 in

2140 3939 2525 4011 tranquillitate
2576 3953 2694 4006 qua:
2730 3935 2782 3988 in
2825 3935 3001 3990 medio
3047 3933 3361 3988 afﬂictionis
3399 3940 3583 3986 exorta
3613 3939 3714 3984 est.

2143 4033 2383 4088 Miserere
2409 4029 2526 4094 mei,
2569 4038 2616 4081 et
2627 4028 2827 4081 exaudi
2870 4028 3146 4080 orationem
3175 4040 3354 4079 meam.
3382 4021 3517 4088 Quid
3546 4019 3718 4074 dicis?

2141 4121 2424 4180 Meministi
2452 4120 2698 4189 superius
2721 4117 2962 4188 jusdtim,
2996 4117 3080 4171 hic
3129 4110 3481 4169 miserationis
3527 4117 3581 4162 et
3621 4109 3720 4160 mi-

2140 4217 2490 4288 sericordiae;
2538 4224 2593 4270 et
2637 4202 2794 4284 quam
2849 4211 2963 4265 h.-r.c
3015 4209 3210 4263 habent
3250 4199 3721 4271 consequentiam?

2141 4309 2395 4374 Multam,
2449 4316 2504 4363 et
2563 4304 2829 4376 prioribus
2881 4300 3167 4355 admodum
3219 4309 3535 4350 connexam.
3589 4291 3720 4347 Nam

2142 4401 2351 4458 etiamsi
2381 4399 2660 4453 innumera
2691 4403 2838 4449 recte
2876 4389 3180 4448 fecerimus,
3211 4382 3643 4438 miserationibus
3673 4395 3723 4438 rt

2142 4490 2426 4549 clementia
2453 4487 2718 4542 audimur.
2770 4480 2988 4536 Etiamsi
3019 4479 3084 4532 ad
3126 4478 3297 4546 ipsum
3339 4473 3548 4527 virtutis
3577 4473 3718 4527 faSti.

2143 4586 2286 4656 gium
2313 4579 2736 4653 pervenerimus,
2792 4587 3070 4628 serramur
3095 4585 3126 4623 a
3166 4565 3548 4622 misericordia.
3589 4565 3724 4622 Hinc

2144 4676 2418 4737 discimus,
2451 4685 2572 4726 cum
2607 4667 2812 4738 justitia
2851 4672 3028 4718 mente
3067 4672 3280 4730 quoque
3326 4657 3554 4712 contrita
3589 4670 3726 4725 opus

2145 4783 2284 4825 esse.
2306 4765 2513 4820 Etenim
2534 4761 2652 4815 licet
2667 4759 2736 4813 sit
2752 4765 3018 4826 peccator,
3037 4754 3082 4808 si
3099 4767 3219 4807 cum
3239 4749 3531 4804 humilitate
3551 4761 3728 4800 oravi-

2146 4863 2235 4928 rit,
2265 4875 2384 4931 qua:
2409 4865 2491 4912 est
2529 4870 2653 4925 pars
2694 4850 2932 4915 virtutis,
2961 4862 3150 4918 magna
3183 4843 3374 4914 poterit
3402 4841 3614 4896 efficere
3639 4857 3652 4893 :
3677 4848 3730 4892 et

2149 4957 2274 5010 licet
2295 4951 2572 5022 sitjustus,
2605 4947 2649 5000 si
2678 4959 2799 4999 cum
2821 4943 3122 5012 arrogantia
3152 4933 3438 4992 accesserit
3469 4973 3484 4995 ,
3518 4947 3546 4984 a
3576 4931 3731 4986 bonis

2150 5045 2397 5104 omnibus
2445 5039 2673 5097 excidet.
2708 5037 2994 5104 Utriusque
3022 5030 3263 5100 exempla
3296 5042 3394 5082 nos
3436 5025 3732 5080 docuerunt

2151 5140 2460 5212 publicanus
2497 5143 2552 5189 et
2595 5131 2895 5187 Phari'smus
2943 5126 3093 5200 (Luc.
3127 5123 3242 5193 18).
3285 5120 3509 5192 Opprtet
3557 5119 3735 5187 itaque

2212 5235 2283 5299 (a)
2306 5235 2397 5299 Hic
2417 5230 2618 5299 omnino
2644 5223 3051 5299 videturaliquid
3074 5221 3354 5299 desiderari
3365 5220 3520 5299 _:_hzec
3533 5215 3730 5299 quippe

2147 5285 2320 5356 vei-ba,
2349 5297 2446 5344 Fac
2468 5291 2606 5356 nobis
2633 5290 2751 5356 deos
2781 5287 2864 5352 qui
2888 5285 2974 5338 no's
2998 5285 3296 5356 praecedant,
3330 5289 3458 5356 etc.,’
3493 5293 3593 5356 non
3617 5285 3734 5356 sunt

2152 5343 2546 5422 philosophantis
2569 5352 2764 5422 animai,
2791 5343 2972 5422 'neque
2999 5343 3106 5422 ’ρει
3144 5347 3404 5422 auxilium,
3445 5345 3546 5390 imo
3571 5343 3736 5422 potius

2154 5403 2542 5483 iri—digiéii‘aagia
2566 5403 2930 5483 attraxerant-5.
2954 5417 3094 5460 certe
3116 5408 3268 5480 verba
3306 5407 3408 5483 illa,
3432 5417 3544 5466 quae
3573 5403 3734 5483 locum

2155 5469 2301 5532 illum
2325 5478 2481 5530 Exodi
2523 5484 2843 5538 sequuntur,_
2867 5471 3021 5538 alium
3061 5472 3264 5521 omnino
3308 5470 3472 5538 locum
3505 5469 3735 5538 spectare

2159 5524 2506 5593 iitiéihﬁ'r'iiit
2529 5524 2846 5598 tamienra'pu'd
2872 5533 3116 5598 Savilium
3138 5542 3333 5580 necnon
3357 5531 3409 5578 in
3431 5524 3564 5575 (Zodd
3610 5524 3731 5598 lieg.

2159 5590 2236 5679 ita
2251 5590 2464 5679 legitur,
2484 5599 2572 5652 Dei
2595 5590 2838 5679 auxilium
2875 5593 3180 5679 attraxerant
3209 5601 3422 5679 terti-ign:
3462 5590 3738 5660 opportuno

2162 5667 2248 5727 (ὡς
2270 5655 2414 5722 αὗτήν
2446 5655 2797 5712 ἓπισπάσίησθιι
2841 5659 2924 5708 τοῦ
2962 5657 3085 5708 Θεοῦ
3127 5660 3212 5714 τὴν
3251 5655 3398 5718 ῥοπὴν
3429 5655 3546 5709 μετὰ
3571 5662 3738 5709 καιρίῃ

2161 5728 2246 5778 τοῦ
2268 5728 2629 5794 προσήκοντας).

4077 3391 4096 4094 ἰ
