4112 6224
500 291 569 346 45
1685 294 2053 355 EXPOSITIO
2091 296 2162 354 IN
2198 300 2529 362 PSALIUI
2565 307 2651 366 IV.
3641 326 3709 379 M

490 403 751 474 μάθωμεν
792 402 908 468 πῶς
948 403 1030 457 δεῖ
1066 403 1274 476 ταύτην
1319 407 1585 462 ποιεῖσθαι
1632 409 1731 480 τὴν
1780 411 2052 483 ἐντυχίαν.

489 497 602 550 οὐκ
641 498 720 560 είς
772 497 1024 566 μουσεῖον
1061 496 1278 550 ἀπιέναι
1319 497 1418 562 δεῖ,
1441 499 1561 553 οὐδέ
1591 501 1848 571 χρήματα
1875 504 2056 558 ἀναλί-

489 605 659 652 σκειν,
707 587 829 640 οὐδέ
857 587 1238 654 παιδαγωγοὺς
1283 589 1624 658 μισθοῦσθαι,
1657 592 1751 644 καὶ
1797 593 2052 664 ῥήτορας,

488 682 580 736 καὶ
604 679 896 749 σοφιστὰς,
923 679 1045 733 οὐδέ
1073 679 1261 750 χρόνον
1290 679 1453 732 πολὺν
1481 679 1744 750 δαπανᾷν,
1779 680 1921 734 ὥστε
1953 699 2056 751 μα-

487 772 600 828 θεῖν
628 772 726 842 τὴν
769 769 1058 843 ῥητορείαν
1085 769 1316 841 ταύτην·
1349 771 1464 824 ἀλλ’
1493 772 1654 843 ἀρκεῖ
1695 772 1918 843 θελῆσαι
1955 773 2053 843 μό-

486 884 596 929 νον,
628 867 724 920 καὶ
765 865 836 918 τά
880 865 978 935 τῆς
1019 863 1210 935 τέχνης
1253 865 1607 936 ἀπήρτισται.
1645 865 1754 919 Καὶ
1783 867 1882 936 οὐχ
1914 867 2054 937 ὐτιέρ

487 955 715 1010 σεαυτοῦ
744 956 944 1027 δυνήσῃ
989 954 1146 1025 μόνον
1173 955 1232 1009 ἐν
1264 955 1342 1025 τῷ
1375 956 1710 1027 δικαστηρίῳ
1752 956 1924 1026 τούτῳ
1964 957 2053 1010 λέ-

487 1067 627 1120 γειν,
658 1051 791 1104 ἀλλά
821 1050 910 1103 καὶ
941 1049 1079 1120 ὑπὲρ
1112 1048 1312 1120 ἐτέρων
1353 1050 1585 1102 πολλῶν.
1630 1049 1743 1102 Καὶ
1769 1049 1854 1112 τίς
1898 1051 1927 1102 ό
1957 1051 2056 1121 τῆς

487 1141 766 1210 δικανικῆς
786 1139 986 1210 ταύτης
1013 1141 1242 1207 σκοπόςς
1287 1141 1344 1194 Ὀ
1372 1143 1472 1211 τῆς
1497 1141 1660 1212 εὐχῆς
1688 1141 1909 1211 τρόπος.

557 1318 630 1372 Τὸ
677 1317 914 1390 νηφούσῃ
961 1316 1188 1386 διανοίᾳ,
1217 1316 1279 1369 τὸ
1325 1317 1760 1388 συντετριμμένης]
1787 1317 1966 1389 ψυχῇ,
1991 1319 2052 1372 τὸ

490 1412 624 1482 μετά
667 1409 856 1480 πηγῶν
901 1409 1151 1480 δακρύων
1203 1408 1352 1478 αὐτῷ
1409 1408 1721 1478 προσιέναι,
1769 1407 1832 1460 τὺ
1885 1409 2052 1480 μηδὲν

484 1504 650 1556 αίτεῖν
669 1501 938 1572 βιωτικὺν,
971 1501 1035 1552 τὸ
1059 1499 1167 1552 τῶν
1196 1499 1494 1569 μελλόντων
1521 1500 1672 1571 ἐρᾷν,
1692 1499 1753 1554 τὸ
1779 1501 1919 1572 ὑπὲρ
1941 1500 2050 1553 τῶν

483 1592 859 1664 πνευματικῶν
881 1590 1148 1645 ποιεῖσθαι
1165 1591 1265 1663 τὴν
1296 1589 1552 1655 ἔντευξιν,
1586 1589 1648 1644 τὸ
1680 1590 1755 1662 μὴ
1787 1589 2047 1661 κατεύχε-

482 1685 603 1738 σθαι
635 1685 744 1738 τῶν
783 1684 1015 1754 ἐχθρῶν,
1039 1683 1100 1737 τὸ
1131 1683 1320 1754 μηδενὶ
1365 1686 1738 1753 μνησικακεῖν,
1768 1684 1829 1736 τὸ
1870 1684 2046 1738 πάντα

477 1774 757 1829 ἐκϐάλλειν
791 1775 898 1828 ἀπὸ
931 1774 1032 1843 τῆς
1069 1772 1246 1844 ψυχῆς
1286 1772 1354 1826 τά
1386 1774 1532 1845 πάθη
1553 1814 1568 1837 ,
1606 1775 1668 1827 τὸ
1700 1774 2049 1846 συντρίϐοντα

475 1865 572 1936 τὴν
598 1865 821 1937 καρδίαν
853 1864 995 1918 οὓτω
1023 1863 1322 1934 προσιέναι,
1339 1865 1400 1918 τὸ
1430 1865 1802 1928 συνεστάλθαι,
1830 1865 1890 1918 τὸ
1915 1867 2046 1919 πολ-

471 1953 568 2023 λὴν
600 1957 698 2029 τὴν
742 1957 1038 2010 ἐπιείκειαν
1071 1956 1327 2028 μελετᾷν.
1363 1957 1457 2010 καὶ
1495 1957 1594 2028 τὴν
1636 1956 1882 2025 γλῶτταν
1913 1958 2048 2031 πρὸς

471 2047 749 2118 εὐφημίαν
779 2047 1022 2118 τρέπειν,
1053 2047 1114 2100 τὸ
1150 2047 1339 2118 μηδενὶ
1371 2046 1480 2100 τῶν
1522 2049 1771 2120 πονηρῶν
1801 2049 2046 2104 συνίστα-

473 2137 597 2190 σθαι
624 2137 986 2210 πραγμάτων,
1014 2139 1076 2192 τὸ
1097 2139 1262 2210 μηδὲν
1292 2139 1468 2193 κοινὸν
1498 2139 1640 2211 ἔχειν
1667 2141 1802 2212 πρὸς
1822 2141 1910 2196 τὸν
1933 2159 2046 2196 κοιο

471 2227 559 2280 νδν
584 2231 682 2299 τῆς
703 2230 1026 2301 οἰκουμένης
1051 2231 1263 2302 ἐχθρὸν,
1279 2231 1421 2300 λέγω
1451 2233 1515 2304 δὴ
1541 2233 1632 2287 τὸν
1657 2235 1920 2290 διάϐολον.
1940 2236 2043 2291 Τὸν

473 2317 580 2388 7&9
615 2315 756 2390 ὑπὲρ
799 2321 999 2392 ἐτέρων
1027 2320 1251 2382 λέγοντα
1285 2323 1516 2392 βασιλεῖ,
1553 2328 1644 2380 καὶ
1690 2330 1802 2392 τοῖς
1829 2328 2040 2400 ἐχθροῖς

477 2406 686 2459 ἐκείνου
719 2409 1209 2480 κοινολογούμενον,
1241 2414 1335 2466 καὶ
1376 2417 1426 2467 οί
1458 2415 1654 2480 ἔξωθεν
1677 2418 1828 2488 νόμοι
1871 2437 2041 2490 τιμω-

482 2494 653 2556 ροῦσι.
678 2498 786 2550 Καὶ
809 2499 873 2551 σὺ
900 2499 1096 2564 τοίνυν,
1125 2503 1173 2554 εί
1197 2502 1373 2570 βούλει
1400 2506 1494 2558 καὶ
1524 2508 1664 2576 ὑπὲρ
1699 2511 1923 2563 σεαυτοῦ
1949 2514 2044 2566 καὶ

486 2584 622 2656 ὑπὲρ
649 2585 850 2656 ἐτέρων
888 2587 1085 2656 λέγειν,
1128 2589 1282 2643 τοῦτο
1309 2591 1372 2661 δὴ
1415 2593 1648 2662 μάλιστα
1682 2597 2041 2667 κατόρθωσον,

478 2675 540 2728 τὺ
565 2677 733 2747 μηδὲν
758 2677 934 2732 κοινὸν
957 2678 1100 2750 ἔχειν
1126 2681 1264 2752 πρὸς
1284 2682 1376 2735 τὸν
1396 2683 1573 2737 κοινὸν
1597 2685 1694 2756 τῆς
1726 2688 2046 2760 οἰκουμένης

473 2767 686 2838 ἐχθρόν.
715 2769 871 2823 Οὕτω
895 2771 1002 2842 7&9
1029 2771 1124 2844 ἔσῃ
1154 2772 1359 2837 δίκαιος
1381 2791 1394 2804 ⁸
1413 2775 1506 2828 καὶ
1533 2776 1737 2842 δίκαιος
1761 2778 1855 2842 ὢν,
1885 2781 2046 2836 ἀκου-

472 2858 668 2928 σθήσῃ,
692 2859 947 2928 τοιαύτην
965 2860 1102 2930 ἔχων
1121 2874 1142 2901 ε
1160 2866 1475 2934 συνήγορον.
1512 2866 1614 2920 Ἐν
1633 2871 1835 2935 θλίψει
1856 2873 2044 2927 ἐπλά-

476 2943 663 3008 τυνάς
693 2961 814 3012 μοι.
851 2945 964 2997 Οὐκ
993 2945 1133 3012 εἶπε,
1167 2949 1495 3020 Παρήγαγες
1519 2951 1618 3017 τὰς
1651 2953 1876 3026 θλίψεις,
1907 2961 2049 3030 οὐδὲ.

476 3032 710 3095 ’Λνείλες
731 3033 857 3096 τούς
881 3051 946 3087 πε
957 3039 1238 3108 ιρασμούς,
1265 3041 1401 3108 ἀλλ’,
1422 3042 1664 3114 Ἀφῆκας
1691 3051 1930 3119 ἑστάναι,
1951 3058 2044 3111 καὶ

476 3124 845 3190 Ἐπλάτυνὰς
866 3144 984 3195 μοι.
1013 3128 1084 3182 Τὸ
1107 3131 1213 3202 7&9
1236 3131 1543 3205 εὐμήχανον
1577 3137 1670 3193 τοῦ
1697 3141 1831 3197 Θεοῦ
1860 3147 1954 3199 καὶ
1979 3149 2040 3201 τὸ

469 3210 698 3284 εὔπορον
724 3217 1013 3309 κάντεῦθεν
1047 3221 1278 3291 μάλιστα
1303 3225 1593 3294 δείκνυται,
1612 3233 1711 3286 οὐκ
1726 3233 1782 3286 ἐν
1799 3235 1876 3306 τῷ
1905 3255 2039 3309 παρ-

467 3308 709 3396 ενεγκεῖν
735 3309 831 3373 τάς
867 3305 1072 3382 θλίψεις
1100 3314 1279 3384 μόνον,
1293 3317 1426 3371 ἀλλά
1447 3321 1539 3374 καὶ
1569 3322 1628 3376 ἐν
1650 3323 1728 3394 τῷ
1761 3305 2036 3396 μενουσῶν

467 3395 646 3452 αὐτῶν
699 3399 924 3470 πολλὴν
952 3403 1210 3474 παρέχειν
1255 3405 1353 3480 τὴν
1399 3410 1701 3484 ῥᾳστώνην.
1738 3395 1906 3472 Τοῦτο
1940 3422 2035 3475 καὶ

463 3485 573 3578 τοῦ
601 3487 734 3542 Θεοῦ
778 3489 1012 3547 δείκνυσι
1042 3495 1138 3566 τὴν
1161 3497 1340 3568 ἰσχὺν,
1380 3501 1620 3567 καὶτοὺς
1663 3505 2032 3578 ἐμπίπτοντας

464 3577 512 3674 μ
523 3577 580 3650 ο]
613 3580 1072 3674 φιλοσοφωτέρους
1100 3588 1412 3658 ἐργάζεται,
1439 3591 1567 3646 ὅταν
1601 3598 1696 3650 καὶ
1725 3598 2032 3674 εὐρυχωρία

461 3665 495 3764 ᾖ
525 3673 988 3764 παραμυθουμένη
1032 3679 1130 3750 τὴν
1159 3679 1480 3755 θλιϐομένην
1509 3685 1707 3758 ψυχὴν,
1737 3665 1829 3744 καὶ
1919 3665 2031 3748 θ’λί-

459 3761 552 3830 ψις
589 3763 663 3833 μὴ
703 3766 1035 3838 καταλύηται
1068 3772 1373 3840 σφίγγουσα
1411 3775 1613 3847 ταύτην
1658 3761 2025 3850 ῥᾳθυμοῦσαν,

461 3851 570 3944 καὶῗ
585 3854 762 3944 πάσης
784 3857 1192 3915 ἀπαλλάττουσα
1217 3863 1525 3934 ὀλιγωρίας.
1551 3866 1656 3922 Καὶ
1679 3869 1815 3934 πῶς,
1839 3875 2024 3944 φησὶν,

459 3941 525 4034 ἐν
553 3942 726 4013 θλίψει
763 3945 958 4014 γένοιτ’
993 3948 1060 4003 ἂν
1103 3951 1446 4023 πλατυσμός;
1490 3956 1577 4019 Ὠς
1608 3960 1666 4012 ἐν
1703 3963 1768 4031 τῇ
1815 3941 2027 4034 καμίνῳ

457 4031 566 4086 τῶν
589 4035 754 4105 τριῶν
776 4037 999 4104 παίδων,
1022 4039 1097 4104 ὡς
1136 4043 1192 4094 ἐν
1219 4043 1296 4113 τῷ
1321 4042 1507 4116 λάκκῳ
1533 4047 1640 4101 τῶν
1672 4031 1919 4105 λεόντων.
1951 4031 2026 4107 Οὐ

456 4122 562 4193 7&9
584 4124 773 4179 ἐσϐεσε
800 4128 899 4197 τὴν
941 4129 1133 4198 φλόγα,
1166 4132 1272 4185 καῖ
1303 4132 1422 4185 τότε
1456 4135 1706 4206 ἐποίησεν
1743 4141 1939 4206 αὐτοὺς
1969 4143 2027 4194 ἐν

456 4212 764 4286 εὐρυχωρίᾳ
802 4213 970 4273 εἶναι’
1001 4221 1120 4274 οὐδὲ
1166 4222 1457 4277 ἀπέκτεινε
1498 4225 1623 4290 τοὺς
1653 4227 1892 4294 λέοντας,
1932 4233 2026 4285 καὶ

455 4301 516 4353 τὺ
546 4306 846 4374 τηνικαῦτα
871 4309 1033 4363 αὐτὸν
1058 4312 1390 4384 κατέστησεν
1415 4316 1474 4367 ἐν
1495 4315 1649 4388 ἀδείᾳ
1666 4335 1680 4348 ·
1705 4317 1841 4372 ἀλλά
1868 4322 2029 4374 κάκεῖ

452 4394 555 4465 τῆς
582 4398 809 4468 καμίνου
841 4401 1082 4474 σφοδρῶς
1114 4405 1512 4478 ἀναπτομένης,
1539 4409 1632 4462 καὶ
1661 4409 1896 4465 ἐνταῦθα
1917 4412 2027 4466 τῶν

454 4485 657 4558 θηρίων
701 4495 1148 4564 παραμενόντων,
1180 4498 1228 4550 οἱ
1261 4497 1460 4552 δίκαιοι
1509 4500 1708 4573 πολλῆς
1753 4503 2021 4558 ἀπέλαυον

450 4581 553 4650 τῆς
587 4583 886 4656 ῥᾳστώνης.
926 4587 1079 4641 Ἔστι
1115 4589 1170 4642 δὲ
1198 4591 1291 4643 καὶ
1326 4591 1527 4660 ἑτέρως
1574 4593 1913 4665 εὐρυχωρίαν
1940 4598 2019 4650 εί-

453 4676 603 4728 πεῖν·
639 4668 750 4727 οἷον
797 4676 923 4728 ὅταν
952 4679 1055 4731 ὑπὸ
1097 4681 1202 4734 τῶν
1236 4683 1557 4753 πειρασμῶν
1595 4684 1799 4757 ἡψυχὴ
1838 4686 2006 4740 θλιϐο-

451 4763 590 4834 μένη
623 4764 728 4818 τῶν
757 4765 942 4819 παθῶν
975 4770 1396 4839 ἀπαλλάττηται,
1436 4773 1529 4826 καὶ
1560 4774 1667 4827 τῶν
1701 4778 2016 4847 νοσημάτων

450 4852 558 4905 τῶν
581 4853 787 4907 πολλῶν
804 4872 817 4886 ο
847 4857 967 4910 τότε
987 4859 1096 4930 7&9
1123 4860 1355 4929 μάλιστα
1392 4863 1491 4932 τῆς
1515 4844 1853 4935 εὐρυχωρίας
1875 4844 2016 4922 ’ἀπο-

449 4943 620 4997 λαύει.
678 4946 868 4999 Πολλοὶ
922 4951 1030 5020 γάρ
1079 4951 1138 5002 ἐν
1189 4951 1457 5027 εὐημερίᾳ
1511 4955 1759 5025 μένοντες
1809 4957 2017 5029 ἔρωτας

449 5033 660 5105 ἔχουσιν
715 5037 1113 5106 ἀτοπωτάτους,
1152 5041 1428 5110 θλίϐοντας
1470 5046 1646 5098 αὐτῶν
1683 5048 1782 5117 τὴν
1817 5049 2012 5122 ψυχὴν,

449 5128 541 5180 καὶ
569 5131 895 5200 χρημάτων,
930 5137 1024 5185 καὶ
1064 5134 1350 5202 σωμάτων,
1378 5137 1471 5188 καὶ
1513 5135 1715 5205 ἐτέρων
1761 5139 2016 5194 τοιούτων

445 5218 661 5275 ἀτόπων
693 5240 704 5250 ·
739 5224 819 5285 εἰς
861 5223 1039 5293 θλίψιν
1070 5225 1127 5281 δέ
1162 5226 1489 5295 ἐμπεσόντες
1538 5229 1755 5283 πάντων
1800 5230 2014 5284 ἐλευθεο

449 5310 664 5379 ροῦνται
716 5315 958 5377 ἐκείνων,
1014 5318 1108 5371 καὶ
1157 5317 1392 5385 γίνονται
1427 5319 1484 5372 ἐν
1527 5319 1854 5391 εὐρυχωρίᾳ.
1906 5324 2015 5378 Καὶ

445 5401 696 5472 καθάπερ
730 5406 779 5458 οἱ
815 5406 872 5455 ἐν
923 5409 1170 5475 πυρετοῖς
1202 5408 1350 5471 ὄντες
1371 5450 1385 5474 ,
1419 5408 1523 5473 ἕως
1553 5410 1651 5480 μὲν
1681 5411 2013 5466 ἀπολαύουσι

443 5495 547 5547 τῶν
597 5495 900 5562 ἐπιθυμιῶν
954 5495 1060 5548 τῶν
1089 5498 1348 5568 ἀκαίρων,
1377 5500 1654 5572 τραπέζης
1687 5501 1828 5570 λέγω
1881 5505 2015 5574 πλη-

443 5587 658 5654 θούσης,
687 5589 778 5640 καὶ
818 5589 1075 5668 ἀκράτου,
1108 5591 1205 5641 καῖ
1232 5590 1482 5645 τοιούτων
1504 5593 1722 5666 ἐτέρων,
1753 5596 2010 5665 μειζόνως

393 5675 400 5680 ’
445 5677 918 5750 στενοχιι›ροῦνται’
955 5680 998 5730 εξ
1036 5678 1090 5734 δὲ
1120 5677 1421 5751 βουληθεῖεν
1451 5683 1668 5747 ἑαυτοὺς
1695 5683 1869 5754 ὀλίγον
1901 5684 2010 5736 θλί-

2162 416 2360 486 ψαντες
2386 422 2742 493 καρτερῆσαι,
2765 423 2966 496 πολλῆς
2989 425 3322 480 ἀπολαύουσι
3359 429 3453 498 τῆς
3487 429 3732 501 εὐρυχωο

2163 509 2305 579 ρίας,
2331 513 2422 564 καὶ
2444 513 2507 565 τὸ
2538 516 2726 582 πνῖγον
2745 515 3069 586 ἀποθέμενοι
3101 518 3317 590 καθαρᾷ
3334 519 3514 572 λοιπὸν
3539 521 3728 592 ἐντρυο

2161 599 2335 667 φῶσιν
2408 602 2567 674 ὑγεία
2607 620 2621 634 ο
2687 603 2830 658 οὕτω
2879 607 2973 660 καὶ
3041 608 3134 660 ἐπὶ
3210 609 3319 661 τῶν
3392 610 3728 680 πραγμάτων

2164 693 2469 762 συμϐαίνει.
2489 696 2656 749 Οὐδὲν
2691 696 2799 768 γὰρ
2832 696 2976 751 οὕτω
3005 701 3177 752 ποιεῖν
3210 699 3392 754 ἄνεσιν
3418 700 3628 767 εἴωθεν,
3654 701 3728 764 ὡς

2163 779 2337 850 θλίψις
2355 783 2464 836 τῶν
2485 783 2750 853 βιωτικῶν
2776 787 3060 856 ἀπάγουσα
3080 791 3314 844 πάντων.
3337 791 3458 853 Πῶς
3482 792 3583 844 οίει
3604 793 3728 855 τοὺς

2174 872 2456 938 Ἰουδαίους
2482 877 2805 946 γεγενῆσθαι
2825 881 2882 932 ἐν
2907 881 3102 951 θλίψει,
3136 883 3230 936 καὶ
3250 883 3338 935 ὅτε
3364 877 3504 952 ἦσαν
3549 884 3606 934 ἐν
3640 883 3722 936 εὐ⁴

2162 964 2362 1036 ημερίᾳ
2382 981 2398 1032 ;
2416 967 2486 1020 Ἦ
2509 969 2630 1038 οὐχὶ
2649 971 3015 1044 πυρεττούσης
3045 973 3215 1027 ταῦτα
3229 975 3403 1045 ψυχῆς
3426 974 3518 1028 καὶ
3539 973 3723 1027 ἀλυούα

2164 1073 2264 1126 σης
2305 1060 2399 1112 καὶ
2447 1062 2866 1135 ῥιπταζομένης,
2920 1067 2980 1119 τὸ
3033 1067 3242 1135 λέγειν·
3270 1069 3535 1134 Ποίησον
3584 1068 3725 1134 ἡμῖν

2162 1147 2356 1214 θεοὺς,
2399 1150 2457 1202 οι
2491 1155 3004 1220 προπορεύσονται
3041 1155 3239 1225 ἡμῶν·
3268 1160 3300 1210 ό
3327 1158 3438 1225 τὰρ
3467 1155 3722 1223 Μωῦσῆς

2159 1234 2358 1305 οὗτος,
2388 1238 2457 1306 ὃς
2484 1241 2778 1312 ἐξήγαγεν
2810 1245 2963 1314 ἡμᾶς
2990 1247 3058 1300 ἐκ
3105 1247 3214 1314 τῆς
3259 1250 3578 1316 Αίγύπτου,
3616 1249 3724 1301 οὐκ

2158 1328 2406 1396 οἴδαμεν
2432 1333 2490 1385 τί
2522 1333 2769 1402 γέγονεν
2801 1337 2996 1402 αὐτῷ;
3026 1339 3097 1390 Ἦ
3117 1339 3236 1408 οὐχὶ
3285 1341 3469 1392 ἐκεῖνα
3513 1339 3721 1408 φιλοσο-

2159 1421 2364 1492 φούσης
2391 1421 2569 1494 ψυχῆς
2587 1425 2680 1478 καὶ
2707 1428 3079 1499 ἀναπνεούσης
3105 1430 3169 1480 ἐκ
3196 1429 3302 1482 τῶν
3330 1429 3595 1500 βιωτικῶν
3622 1446 3724 1483 πα-

2157 1506 2266 1561 θῶν
2292 1509 2358 1562 τά
2395 1512 2633 1582 ῥήματα,
2655 1514 2747 1566 ὅτε
2766 1515 3032 1586 τοσαύτην
3061 1515 3398 1580 ἐπεδείξαντο
3430 1518 3527 1589 τὴν
3563 1517 3724 1588 εὖχὴπν

2157 1597 2493 1670 θλιϐόμενοι,
2525 1603 2601 1666 ὡς
2637 1606 2806 1678 αὐτὴν
2858 1607 3263 1662 ἐπισπάσασθαι
3297 1607 3392 1660 τοῦ
3437 1607 3572 1661 Θεοῦ
3628 1609 3725 1679 τὴν

2160 1687 2362 1758 ῥοπήνς
2396 1689 2564 1753 Αὐτὸς
2583 1690 2640 1743 δὲ
2667 1693 2696 1745 δ
2725 1697 3005 1766 προφήτης
3024 1691 3197 1759 οὗτος,
3237 1697 3324 1750 ὅτε
3351 1692 3420 1768 ἦν
3440 1699 3498 1750 ἐν
3517 1696 3721 1762 ἀνέσει,

2157 1775 2272 1839 πῶς
2315 1775 2500 1848 ἐθλίϐη
2546 1781 2650 1834 ὑπὸ
2694 1782 2794 1852 τῆς
2838 1788 3077 1856 πονηρᾶς
3114 1785 3412 1857 ἐπιθυμίας
3462 1803 3721 1856 στενοχω-

2156 1868 2416 1939 ρούμενος
2474 1871 2566 1925 καὶ
2599 1878 3072 1947 σπαρασσόμενος;
3100 1879 3187 1931 ὅτε
3219 1878 3274 1931 δὲ
3305 1879 3364 1930 ἐν
3415 1878 3590 1947 θλίψει
3626 1878 3720 1946 γέ-

2155 1977 2331 2030 γονεν,
2363 1964 2475 2019 ίστε
2509 1967 2624 2031 πῶς
2653 1968 2874 2036 γέγονεν
2902 1971 2960 2022 ἐν
2983 1970 3184 2022 ἀνέσει.
3219 1967 3358 2023 Οὐτε
3391 1968 3498 2040 7&9
3520 1971 3721 2039 ἥπτετο

2155 2051 2318 2105 αὐτοῦ
2352 2055 2413 2107 τὸ
2457 2055 2585 2126 πῦρ,
2619 2057 2753 2111 ἀλλά
2782 2059 2931 2128 καὶὴ
2968 2057 3097 2127 φλὸξ
3135 2059 3322 2112 ἅπασα
3361 2057 3717 2128 κατεσϐέσθη.

2153 2143 2318 2198 Οὐδὲν
2355 2145 2463 2217 7&9
2508 2146 2652 2201 οὓτω
2693 2151 2838 2202 ποιεῖ
2874 2148 3072 2218 θλίψιν.
3101 2149 3176 2213 ὼς
3221 2149 3282 2203 τὺ
3322 2149 3718 2221 πολιορκεῖσθαι

2151 2232 2248 2305 τὴν
2275 2234 2451 2308 ψυχὴν
2473 2238 2577 2291 ὑπὸ
2601 2238 2708 2292 τῶν
2738 2240 2943 2294 παθῶν.
2970 2242 3037 2294 Δί
3069 2241 3168 2312 μὲν
3199 2239 3308 2312 7&9
3340 2239 3494 2294 ἀλλαι
3524 2238 3718 2304 ἔξωθεν

2149 2328 2602 2398 προσπίπτουσιν,
2624 2333 2681 2384 αί
2712 2332 2768 2386 δὲ
2802 2332 3011 2387 ἐνδοθεν
3044 2332 3288 2403 φύονται,
3319 2333 3412 2386 καὶ
3444 2331 3583 2402 αῦτη
3617 2331 3719 2400 μά-

2149 2418 2305 2472 λιστά
2356 2423 2504 2474 ἐστιν
2555 2424 2588 2494 ἡ
2630 2424 2798 2495 πολλὴ
2846 2424 3043 2495 θλίψις.
3095 2425 3213 2478 Κᾶν
3256 2425 3282 2476 δ
3325 2425 3526 2494 κόσμος
3572 2425 3718 2493 ἡμᾶς

2149 2511 2505 2583 λυπῇ,ἠμεϊς
2553 2516 2611 2568 δὲ
2658 2517 2881 2580 ἑαυτοὺς
2934 2517 3008 2588 μὴ
3056 2516 3346 2586 λυπῶμεν,
3371 2515 3521 2568 οὐδὲν
3567 2513 3719 2567 ἔσται

2151 2605 2282 2672 ἡμῖν
2306 2605 2494 2659 δεινόν.
2530 2608 2670 2677 Ἀρα
2695 2609 2753 2660 ἐν
2779 2611 2910 2678 ημῖν
2932 2609 2994 2661 τὸ
3021 2607 3320 2672 θλίϐεσθαι,
3352 2607 3447 2661 καὶ
3494 2605 3569 2678 μὴ
3599 2603 3710 2660 θλί-

2155 2691 2363 2746 ϐεσθαι.

2222 2846 2283 2900 δ’.
2310 2847 2426 2900 Ἰνα
2451 2847 2507 2900 δέ
2541 2848 2714 2919 μάθῃς
2745 2849 2835 2902 καὶ
2871 2848 2977 2903 ἀπὸ
3002 2849 3101 2920 τῆς
3131 2850 3488 2919 ἀποστολικῆς
3515 2851 3715 2919 φωνῆς,

2154 2939 2292 3010 πόση
2309 2939 2416 2993 ἀπὸ
2430 2941 2528 3010 τῆς
2549 2940 2776 3011 θλίψεως
2791 2941 3098 3014 εὐρυχωρία
3121 2941 3349 3010 γίνεται,
3367 2941 3594 2995 ἄκουσον
3618 2941 3717 2995 αὐ·-

2147 3031 2240 3084 τοῦ
2288 3031 2381 3085 τοῦ
2422 3029 2633 3085 Παύλου
2678 3031 2768 3085 τὸν
2801 3031 3012 3103 καρπὸν
3048 3032 3295 3102 λέγοντος
3315 3033 3414 3104 τῆς
3449 3033 3673 3104 θλίψεως
3699 3050 3714 3067 ο

2157 3125 2226 3178 Ἠ
2263 3123 2332 3178 δὲ
2355 3125 2558 3193 θλίψις
2585 3124 2900 3193 ὑπομονὴν
2933 3124 3341 3195 κατεργάζεται
3372 3145 3386 3158 ο
3416 3128 3454 3196 ἡ
3487 3127 3556 3180 δὲ
3583 3129 3717 3182 ὐπο-

2140 3215 2296 3285 μονὴ
2321 3216 2434 3290 [ll]
2457 3216 2730 3286 δοκιμὴν,
2757 3217 2795 3285 ’ἡ
2825 3217 2894 3271 δὲ
2933 3217 3147 3288 δοκιμὴ
3171 3219 3388 3273 ἐλπίδα
3405 3237 3420 3252 ο
3439 3222 3477 3287 ἡ
3519 3219 3588 3272 δὲ
3614 3219 3715 3273 u-

2143 3311 2243 3375 πὶς
2261 3311 2334 3363 οὐ
2359 3309 2764 3378 καταισχύνει.
2789 3305 2938 3373 Εἶδες
2965 3309 3306 3380 εὐρυχωρίαν
3324 3311 3529 3381 ἄφατον
3546 3353 3560 3375 ,
3577 3305 3714 3373 είδες

2141 3399 2332 3471 λιμένα
2386 3400 2720 3472 εὐφροσύνης
2748 3418 2763 3466 ;
2806 3402 3177 3470 Ὑπομονὴν,
3200 3403 3382 3473 φησὶν,
3437 3404 3476 3470 ἠ
3505 3403 3710 3471 θλίψις

2140 3490 2564 3562 κατεργάζεται.
2595 3493 2660 3545 Τί
2691 3494 2797 3564 γὰρ
2828 3493 3018 3564 ἀνδρὸς
3069 3493 3538 3564 καρτερικωτάτου
3561 3532 3578 3557 ,
3616 3495 3710 3546 καὶ

2141 3583 2316 3636 πάντα
2339 3583 2636 3654 δυναμένου
2683 3584 2877 3656 ῥᾳδίως
2911 3584 3116 3654 φέρειν,
3155 3585 3538 3654 ἀνεκτότερονς
3571 3583 3625 3636 τί
3651 3584 3708 3636 δὲ

2137 3673 2360 3745 δοκίμου
2402 3675 2600 3744 γένοιτ’
2631 3674 2697 3729 ἂν
2731 3667 3107 3746 ίσχυρότῖεροη
3135 3674 3189 3728 τί
3229 3675 3287 3729 δέ
3317 3675 3416 3746 τῆς
3461 3675 3708 3728 ἐντεῦθεν

2137 3765 2348 3836 τρυφῆς
2373 3765 2521 3836 ῐσον;
2558 3767 2718 3838 Τρεῖς
2751 3766 2858 3838 7&9
2892 3767 3024 3836 ἡμῖν
3065 3765 3255 3837 ήδονάς
3281 3765 3529 3819 ἐντεῦθεν
3561 3766 3709 3834 λέγει

2136 3859 2480 3928 τικτομένας,
2502 3859 2599 3929 τὴν
2626 3857 2920 3928 ὑπομονὴν,
2949 3858 3048 3928 τὴν
3081 3857 3329 3930 δοκιμὴν,
3367 3859 3459 3912 καὶ
3498 3858 3598 3928 τὴν
3625 3857 3709 3910 ἐλ-

2136 3950 2264 4004 πίδα
2301 3949 2408 4005 τῶν
2439 3951 2736 4018 μελλόντων
2767 3949 3003 4015 ἀγαθῶν.
3023 3950 3157 4014 Περ)⁵
3193 3950 3396 4002 τούτων
3424 3949 3516 4002 νῦν
3557 3948 3707 4018 φιλο-

2138 4038 2315 4107 σοφῶν
2361 4040 2391 4090 δ
2429 4037 2721 4104 Προφήτης
2752 4034 2963 4102 ἐλεγεν·
3001 4036 3105 4089 Ἐν
3133 4037 3334 4104 θλίψει
3363 4035 3704 4100 ἐπλάτυνάς

2132 4127 2482 4199 μοι.Ἐπειδὴ
2499 4127 2609 4196 γὰρ
2629 4121 2804 4186 εἶπεν,
2821 4123 3160 4192 Είσήκουσέ
3177 4143 3293 4192 μου
3315 4130 3347 4180 δ
3379 4129 3542 4191 Θεὸς,
3561 4127 3706 4192 λέγει

2138 4222 2194 4272 ἐν
2222 4220 2360 4289 ποίῳ
2397 4219 2582 4289 τρόπῳ
2614 4217 2953 4290 είσήκουσεν.
2991 4218 3104 4271 Οὐκ
3135 4219 3191 4271 ἐν
3215 4219 3492 4288 χρήμασιν
3518 4235 3533 4250 ο
3556 4217 3706 4271 οὐδὲν

2136 4309 2244 4382 7&9
2268 4309 2448 4380 ἐζήτει
2473 4308 2738 4362 τοιοῦτονο
2768 4311 2864 4381 οὐχ
2909 4310 2994 4363 ῖνα
3036 4309 3246 4382 ἐχθρῶν
3275 4311 3524 4386 κρατήσῃ
3542 4327 3558 4341 ο
3584 4312 3705 4366 οὐδὲ

2135 4401 2241 4473 γάρ
2265 4400 2434 4455 ταῦτα
2459 4401 2576 4473 ᾔτει
2597 4419 2610 4432 ·
2635 4401 2749 4455 ἀλλ’
2787 4403 2844 4456 ἐν
2883 4403 3064 4457 ἀνέσει
3093 4405 3159 4474 τῇ
3190 4405 3249 4456 ἐν
3285 4403 3438 4476 μέσῳ
3461 4407 3559 4476 τῆς
3592 4403 3704 4458 θλί-

2130 4493 2274 4563 ψεως
2306 4493 3008 4564 γενομένηηυίκτείρησόν
3025 4511 3121 4563 με,
3183 4495 3282 4549 καὶ
3339 4495 3705 4554 εἰσάκουσον

2129 4584 2236 4653 τῆς
2262 4582 2605 4653 προσευχῆς
2616 4601 2751 4652 μου.
2772 4585 2836 4637 Τί
2856 4585 3032 4654 λέγεις
3050 4602 3064 4648 ;
3088 4586 3231 4638 ’Δνω
3246 4586 3588 4658 δικαιοσύνης
3607 4588 3702 4658 μέ-

2131 4693 2352 4747 μνησαι,
2382 4674 2617 4728 ἐνταῦθα
2635 4675 2915 4745 οἰκτιρμοῦ
2945 4677 3036 4729 καὶ¹
3062 4677 3208 4730 ἐλέου
3229 4694 3244 4710 ο
3272 4679 3366 4730 καὶ
3397 4678 3498 4730 ποῦ
3531 4679 3700 4731 ταῦτα

2127 4769 2444 4824 ἀκολουθίαν
2475 4769 2626 4839 σχοίη
2662 4783 2676 4830 ;
2711 4766 2915 4838 Πολλὴν
2943 4770 3040 4839 μὲν
3077 4764 3189 4830 οὖν,
3233 4773 3325 4824 καὶ
3357 4772 3559 4840 σφόδρα
3588 4774 3696 4832 τοῖς

2125 4862 2408 4933 προτέροις
2455 4860 2830 4930 συνημμένην.
2866 4859 2980 4914 Κᾶν
3011 4860 3119 4931 7&9
3151 4862 3317 4932 μυρία
3346 4862 3700 4932 κατορθώσω-

2129 4970 2246 5023 μεν,
2287 4951 2394 5006 ἀπὸ
2445 4951 2742 5022 οἰκτιρμῶν
2789 4951 3097 5022 ἀκουόμεθα
3134 4954 3226 5006 καὶ
3272 4953 3696 5022 φιλανθρωπίας.

2127 5043 2244 5096 Κᾶν
2264 5044 2398 5114 πρὸς
2427 5043 2592 5112 αὐτὴν
2616 5043 2924 5114 ἀνέλθωμεν
2955 5045 3052 5114 τῆς
3083 5045 3282 5113 ἀρετῆς
3309 5044 3406 5111 τὴν
3434 5042 3696 5110 κορυφὴν,

2126 5134 2234 5186 ἀπὸ
2290 5135 2470 5196 ἐλέους
2524 5135 2830 5204 σωζόμεθα.
2881 5135 3160 5187 Ἐντεῦθεν
3209 5133 3583 5202 μανθάνομεν,
3615 5131 3696 5182 ὄτι

2129 5223 2264 5292 μετά
2315 5224 2416 5294 τῆς
2443 5225 2784 5294 δικαιοσύνης
2813 5226 2972 5296 χρεία
3005 5226 3098 5276 καὶ
3123 5223 3346 5290 γνώμης
3385 5236 3697 5292 συντετριμ-

2129 5314 2312 5383 μένης.
2346 5315 2466 5368 Κᾶν
2506 5315 2613 5386 7&9
2665 5316 2986 5384 ἁμαρτωλός
3033 5329 3116 5374 τις
3156 5312 3232 5363 ὢν
3268 5309 3405 5380 μετά
3451 5328 3694 5367 ταπεινο-

2126 5405 2396 5476 φροσύνης
2445 5405 2686 5476 εὔξηται,
2715 5406 2849 5474 ὅπερ
2879 5403 2993 5456 ἐστὶ
3033 5400 3195 5473 μέρος
3235 5402 3453 5475 ἀρετῆς,
3484 5405 3695 5475 μεγάλα

2125 5498 2314 5553 ἀνύσαι
2357 5499 2677 5568 δυνήσεται·
2720 5494 2820 5548 κᾶν
2858 5495 3063 5559 δίκαιος
3101 5493 3176 5548 ὢν
3211 5485 3346 5567 μ’ἒτὰ
3384 5495 3693 5560 ἀλαζονείας

2127 5591 2342 5663 προσίῃ,
2385 5590 2599 5644 πάντων
2637 5591 2942 5641 ἐκπεσεῖται
2971 5589 3078 5644 τῶν
3114 5591 3348 5659 ἀγαθῶν.
3389 5589 3695 5658 Ἀμφότεροι

2123 5684 2190 5738 τα
2225 5684 2590 5754 ὑποδείγματα
2623 5683 2649 5735 ό
2677 5679 2905 5753 τελώνης
2939 5684 3028 5736 καὶ
3058 5685 3084 5737 ό
3111 5685 3395 5752 Φαρισαῖος
3431 5677 3692 5743 ἐδίδαξαν.
