4112 6224
441 367 513 423 ,ιο
1159 368 1220 424 s.
1254 366 1540 424 JOANNIS
1569 364 2056 425 cnnvsosmm
2097 364 2416 422 ARCHIEP.
2458 368 3010 425 CONSTANTINOP.
3584 352 3679 425 ἰι

442 489 535 541 Δεῖ
556 485 731 538 τοίνυν
762 486 855 538 zeal
874 485 1072 556 τρόπον
1100 484 1264 555 εὐχῆς
1291 485 1509 538 εἰδέναι.
1541 484 1637 548 Τίς
1660 484 1717 538 δέ
1740 487 1770 538 6
1810 483 2009 556 τρόπος

439 569 541 639 τῆς
562 568 726 637 εὐχῆς
749 585 763 629 ς
783 567 935 621 Μάθε
968 566 1081 620 ἀπὸ
1106 565 1199 619 τοῦ
1228 566 1480 632 τελώνου,
1497 568 1591 621 καὶ
1621 567 1695 637 μὴ
1720 564 2012 636 αἰσχυνθῇς

441 653 629 705 τοῦτον
654 651 839 704 λαϐεῖν
868 649 1206 710 διδάσκαλον,
1234 649 1325 703 τὸν
1362 648 1504 703 οὕτω
1541 648 1700 702 τοῦτο
1738 646 2014 719 κατορθὼ-

444 750 653 795 σαντα,
706 733 782 795 ὡς
835 732 944 786 ἀπὸ
996 731 1169 801 ψιλῶν
1224 731 1483 802 ῥημάτων
1525 731 1586 784 τὸ
1635 732 1741 785 πᾶν
1791 731 2009 785 ἀνύσαι.

456 814 674 885 Ἐπειδὴ
693 814 802 884 7&9
822 816 857 885 η
876 813 1082 868 διάνοια
1121 813 1269 884 αὐτῷ
1310 813 1490 877 καλῶς
1522 811 2011 882 παρεσκευασμένη

440 891 511 969 ἦν
532 937 548 961 ,
575 878 782 967 ηῇιὶέσέ
816 878 910 949 zeal
942 897 1092 966 ρῆμα
1121 895 1179 949 ἐν
1212 878 1420 960 ἀνοῖξαι
1459 878 1615 965 αὐτῷ⁷
1642 895 1732 949 τὸν
1763 878 2010 964 οὐρανόνξ

445 977 570 1040 Πῶς
601 977 656 1030 δέ
679 973 747 1047 ἦν
778 977 1293 1049 παρεσκευασμένης
1336 975 1675 1038 Ἐταλάνιζεν
1709 976 1920 1038 ἐαυτὸν,
1952 975 2013 1027 τὸ

336 1092 351 1101 ι
445 1060 641 1130 στῆθος
661 1060 905 1122 ἔτυπτεν,
927 1060 1046 1113 οὐδὲ
1073 1059 1366 1129 ἀναϐλέψαι
1396 1060 1474 1122 είς
1494 1059 1586 1112 τὸν
1613 1056 1836 1128 οὐρανὸν
1864 1056 2013 1126 ἠνεί-

443 1161 589 1215 χετο.
621 1145 718 1197 Ἂν
754 1144 895 1196 οὕτω
916 1143 1009 1196 zeal
1037 1145 1100 1198 σὺ
1135 1143 1331 1215 μέλλῃς
1360 1142 1632 1213 εὐχεσθαι,
1662 1141 1861 1212 πτεροῦ
1884 1157 2013 1193 κου-

445 1225 678 1296 φοτέραν
710 1225 917 1293 ἐργάσῃ
945 1225 1045 1296 τὴν
1086 1226 1269 1296 εὐχήν.
1300 1225 1363 1278 Εἰ
1388 1225 1496 1296 7&9
1527 1225 1557 1277 6
1595 1222 1917 1295 ἁμαρτωλὸς
1938 1221 2011 1276 δί-

444 1326 597 1373 καιος
637 1308 858 1377 γέγονεν
901 1309 1009 1363 ἀπὸ
1059 1309 1157 1377 τῆς
1212 1309 1413 1378 εὐχῆς,
1443 1308 1693 1378 ἐννόησον
1733 1308 1764 1360 6
1803 1306 2009 1369 δίκαιος

441 1390 627 1460 ἡλίκος
664 1390 850 1456 ἔσται,
877 1392 925 1443 εἰ
971 1390 1226 1460 τοιαύτην
1270 1391 1566 1461 προσάγειν
1603 1389 1763 1460 μάθοι
1802 1388 2005 1458 δέησιν.

440 1473 539 1527 Διά
578 1472 643 1543 δὴ
672 1473 831 1526 τοῦτο
859 1473 981 1526 οὐδὲ
1024 1471 1257 1526 ἐνταῦθα
1301 1472 1490 1536 ἁπλῶς
1524 1472 1717 1526 ἑαυτὸν
1761 1471 2009 1541 τίθησιν,

440 1553 578 1607 ἀλλά
604 1554 703 1627 τὴν
740 1555 1048 1625 προσευχὴν
1087 1553 1252 1608 αὐτοῦ
1278 1569 1293 1584 ⁸
1344 1554 1457 1609 ἀνω
1498 1555 1598 1625 τὴν
1641 1553 2009 1624 δικαιοσύνην,

440 1635 675 1690 ἐνταῦθα
692 1637 791 1708 τὴν
814 1637 1119 1708 προσευχὴν
1155 1638 1327 1706 λέγων
1345 1655 1358 1669 ·
1386 1639 1772 1705 Οἰδιτείρησόν
1789 1653 1888 1707 με,
1912 1636 2009 1691 καὶ

439 1718 807 1774 εἰσάκουσον
833 1719 943 1787 τῆς
973 1720 1320 1789 προσευχῆς
1338 1738 1479 1791 μου.
1497 1719 1653 1775 Οὕτω
1684 1720 1779 1775 zeal
1805 1723 1834 1775 6
1863 1722 2010 1793 K09-

440 1801 623 1873 νήλιος
673 1801 936 1872 ἠκούσθη,
976 1803 1166 1872 ἐπειδὴ
1194 1802 1396 1874 ταύτην
1431 1800 1543 1874 εἶχε
1594 1804 1911 1876 συνήγορον.
1944 1806 2011 1859 Δί

440 1883 781 1951 προσευχαί
802 1897 941 1946 σου,
982 1885 1077 1937 καί
1109 1887 1170 1937 αἱ
1222 1885 1622 1954 ἐλεημοσύναι
1650 1901 1790 1949 σου,
1823 1886 2008 1956 φησὶν,

439 1964 750 2031 ἀνέϐησαν
769 1964 1024 2019 ἐνώπιον
1044 1966 1148 2020 τοῦ
1174 1967 1340 2023 Θεοῦ.
1370 1968 1608 2031 Εἰκότως
1623 1983 1637 1997 ο
1655 1968 1723 2021 τὰ
1745 1968 1852 2038 γάρ
1874 1969 2010 2040 ἔργα

441 2047 559 2100 ἐστὶ
588 2047 657 2100 τά
683 2047 1007 2117 ἀκουόμενα,
1026 2050 1120 2101 zeal
1151 2049 1218 2102 τὰ
1246 2049 1644 2121 κατορθώματα
1662 2070 1674 2082 ’
1696 2051 1794 2121 οὐχ
1825 2051 2011 2115 ἁπλῶς

436 2128 494 2183 δὲ
523 2131 580 2183 αἱ
610 2131 786 2201 εὐχαὶ,
815 2131 929 2184 ἀλλ’
959 2133 1013 2185 αἰ
1048 2133 1190 2185 κατὰ
1227 2132 1391 2202 νόμον
1411 2133 1503 2184 τοῦ
1545 2132 1679 2187 Θεοῦ
1725 2136 2010 2205 γινόμεναι

437 2212 614 2282 εὐχαί.
644 2214 751 2265 Kal
795 2213 940 2277 τίνες
981 2215 1119 2266 εἰσὶν
1154 2208 1348 2280 almae;
1385 2215 1451 2267 Αἰ
1477 2215 1650 2270 ταῦτα
1684 2216 2011 2280 αἰτοῦσαι,ἀ

437 2293 517 2365 τῷ
539 2294 658 2365 Θεῷ
688 2295 887 2366 πρέπει
939 2296 1168 2359 διδόναι,
1203 2301 1258 2352 αἰ
1298 2300 1372 2371 μὴ
1422 2301 1679 2353 τάναντία
1706 2303 1819 2365 τοῖς
1847 2300 2010 2355 αὐτοῦ

438 2377 623 2448 νόμοις
643 2378 803 2432 αὐτὸν
835 2379 1268 2451 παρακαλοῦσαι.
1298 2382 1405 2434 Kal
1435 2383 1518 2445 τίς
1546 2381 1687 2435 οὓτω
1717 2384 2008 2454 τολμηρὸς,

439 2460 623 2531 φησὶν,
649 2460 724 2524 ὡς
740 2460 830 2514 τὸν
848 2461 979 2515 Θεὸν
998 2461 1183 2527 ἀξιοῦν
1205 2465 1461 2517 τάναντία
1486 2467 1599 2528 τοῖς
1631 2466 1795 2520 αὐτοῦ
1824 2466 2011 2536 νόμοις

440 2547 614 2598 ποιεῖν
638 2555 706 2608 ις
744 2544 804 2598 '0
837 2543 979 2598 κατὰ
1027 2544 1137 2597 τῶν
1179 2545 1390 2618 ἐχθρῶν
1434 2549 1596 2603 αὐτὸν
1646 2548 2006 2620 παρακαλῶν

441 2623 559 2697 ΗΞ]
575 2625 736 2679 τοῦτο
760 2627 871 2697 7&9
895 2627 1044 2699 παρά
1071 2628 1162 2681 τὸν
1189 2630 1352 2700 νόμον
1379 2630 1471 2684 τὸν
1505 2631 1598 2685 ὐπ’
1627 2631 1791 2686 αὐτοῦ
1818 2632 2009 2701 κείμε-

439 2723 549 2761 νον.
563 2708 732 2773 Αὐτὸς
751 2710 859 2780 γάρ
876 2727 1060 2781 φησιν,
1077 2710 1289 2780 ’Ἄφετε
1317 2712 1442 2778 τοῖς
1467 2714 1795 2782 ὀφειλέταις
1820 2712 2004 2784 ὑμῶν.

439 2789 513 2842 Σὺ
546 2789 603 2843 δὲ
634 2792 795 2846 αὐτὸν
826 2792 917 2846 τὸν
941 2792 1228 2848 κελεύοντά
1260 2811 1343 2847 σοι
1367 2796 1715 2867 συγχωρῆσαι
1740 2799 1880 2852 κατά
1901 2797 2009 2851 τῶν

396 2906 409 2910 -
439 2871 649 2942 ἐχθρῶν
678 2874 861 2941 καλεῖς
891 2890 906 2934 ;
939 2877 1046 2929 Kal
1073 2868 1143 2930 τί”
1160 2877 1355 2945 γένοιτ’
1376 2876 1443 2931 ἂν
1469 2878 1567 2949 τῆς
1597 2878 1779 2944 ἀνοίας
1806 2881 2010 2952 ταύτης

440 2957 655 3028 χεῖρονς
697 2957 897 3012 Ἱκέτου
929 2960 1113 3031 σχῆμα
1143 2963 1237 3014 zeal
1265 2960 1490 3032 γνώμην
1520 2962 1615 3015 zeal
1643 2962 1896 3033 φρόνημα
1918 2963 2008 3016 τὸν

439 3037 727 3108 εὐχόμενον
773 3041 916 3110 ἔχειν
963 3042 1092 3095 δεῖ·
1124 3043 1175 3096 τί
1225 3043 1403 3096 τοίνυν
1441 3044 1624 3114 ἕτερον
1670 3046 2009 3115 προσωπεῖον

440 3120 653 3191 σεαυτῷ
687 3123 988 3195 περιτίθης,
1011 3124 1072 3176 τὸ
1101 3124 1202 3195 τῆς
1230 3126 1597 3196 κατηγορίας;
1630 3125 1755 3190 Πῶς
1782 3125 1892 3196 γάρ
1922 3126 2010 3180 δυ-

436 3202 581 3274 νήσῃ
612 3205 721 3257 τῶν
748 3205 962 3259 οἰκείων
1010 3207 1419 3278 ἁμαρτημάτων
1451 3208 1634 3261 λαϐεῖν
1658 3209 2005 3278 συγγνώμην,

432 3284 568 3338 ὖταν
584 3286 689 3338 τῶν
716 3290 828 3350 τοῖς
853 3289 1059 3358 ἑτέροις
1080 3289 1255 3359 πεπλη
1265 3288 1442 3359 μμελη
1451 3290 1626 3359 μένων
1656 3291 1893 3360 τιμωρὸν
1918 3292 2008 3344 τὸν

432 3365 572 3418 Θεὸν
591 3366 761 3432 ἀξιοῖς
789 3364 961 3432 εἴναις
995 3368 1176 3423 Ἐστω
1201 3371 1381 3424 τοίνυν
1407 3374 1441 3441 ἡ
1472 3373 1605 3442 εὐχὴ
1637 3373 1845 3442 ῆμερος
1863 3412 1879 3436 ,
1909 3389 2010 3440 γα-

434 3447 597 3519 ληνή.
624 3451 813 3520 χαρίεν
846 3451 1042 3520 ἔχουσα
1071 3453 1379 3524 πρόσωπον,
1395 3455 1491 3507 καὶ
1512 3454 1736 3509 άπαλόν.
1772 3454 2007 3526 Τοιαύτη

436 3531 549 3601 7&9
581 3532 614 3601 η
643 3534 783 3599 μετά
808 3534 1144 3606 πραότητος,
1176 3535 1272 3588 zeal
1310 3537 1385 3607 μὴ
1423 3538 1542 3590 κατ’
1572 3535 1779 3608 ἐχθρῶν
1802 3537 1831 3578 ιι
1872 3554 2009 3606 γινο-

433 3612 580 3682 μένη
600 3629 615 3643 ⁸
636 3612 711 3677 ὼς
730 3615 764 3684 ἦ
792 3632 855 3683 γε
877 3617 1095 3671 ἐναντία
1123 3619 1391 3692 μεθυούσῃ
1413 3620 1520 3673 τινὶ
1546 3619 1640 3673 zeal
1672 3620 2008 3693 παραπαιού-

438 3711 510 3766 σῃ
557 3695 700 3750 ἐοικε
733 3699 979 3765 γυναικὶ,
1024 3701 1214 3755 συὼδει
1261 3704 1367 3755 τινὶ
1419 3702 1511 3756 zeal
1555 3702 1742 3775 ἀγρία.
1776 3703 1871 3757 Διὸ
1912 3706 2007 3759 zeal

436 3779 639 3841 ἄϐατος
673 3780 812 3852 αὐτῇ
841 3782 1132 3853 όούρανός.
1176 3784 1314 3837 ’Δλλ’
1344 3785 1441 3855 οὐχ
1471 3785 1505 3856 ἡ
1539 3785 1679 3854 μετά
1705 3787 2003 3857 πραότητος

438 3860 660 3933 τοιαύτη
683 3880 697 3892 ·
726 3863 840 3915 ἀλλ’
866 3862 977 3933 ἔχει
1007 3881 1061 3917 τι
1089 3864 1327 3937 λιγυρὸν,
1353 3868 1445 3919 zeal
1470 3868 1756 3939 προσηνὲς,
1782 3869 1877 3921 καὶ
1911 3870 2007 3940 βα-

440 3942 661 3997 σιλικῶν
689 3943 837 4009 ἀξιον
875 3946 1072 4009 ἀκοιῖιν,
1108 3946 1204 4017 ήδύ
1253 3949 1346 4008 zeal
1390 3950 1755 4020 παναρμόνιον
1779 3950 1871 4004 zeal
1907 3955 2005 4022 ἐμ-

441 4026 617 4096 μελές.
643 4027 735 4080 Διὸ
750 4027 814 4098 δὴ
840 4029 941 4082 οὐκ
961 4030 1278 4086 ἐκϐάλλεται
1309 4031 1403 4087 τοῦ
1437 4033 1686 4106 θεάτρου,
1705 4035 1820 4089 ἀλλ’
1849 4038 2003 4090 ἐστε-

440 4112 733 4182 φανωμένη
771 4112 956 4167 ἄπεισι
992 4129 1007 4145 ο
1040 4115 1136 4169 zeal
1180 4118 1291 4189 7&9
1323 4120 1528 4191 χρυσῆν
1572 4119 1686 4192 ἔχει
1737 4119 2002 4192 κιθάραν,

440 4195 644 4276 χρυσῆν
667 4196 766 4267 τὴν
787 4197 998 4268 στολήν.
1023 4200 1114 4252 Διδ
1144 4201 1239 4253 zeal
1261 4201 1454 4273 τέρπει
1478 4202 1569 4256 τὸν
1602 4204 1883 4276 δικαστὴν,
1912 4207 2006 4259 zeal

437 4274 537 4360 τῷᾷ
562 4279 822 4349 σχήματι,
860 4282 955 4336 zeal
983 4283 1063 4355 τῷ
1114 4284 1414 4354 βλέμματι,
1451 4287 1545 4339 καὶ
1575 4291 1641 4357 τῇ
1906 4290 2006 4344 Διά

439 4358 611 4414 ταῦτα
635 4362 810 4425 οὐδεὶς
838 4365 1009 4436 αὐτὴν
1043 4366 1333 4420 ἀπελαύνει
1354 4367 1462 4421 τῶν
1488 4368 1753 4439 οὐρανίων
1778 4358 2001 4442 άῷίδιον.

440 4445 623 4532 έΔπαν
655 4450 764 4521 γὰρ
787 4453 962 4506 ἐκεῖνο
978 4453 1040 4506 τὸ
1067 4453 1293 4524 θέατρον
1315 4453 1562 4523 ἀνίστησι
1589 4457 1655 4526 τῇ
1676 4457 2003 4532 εὐφροσύνῃ.

438 4531 587 4604 Αοτη
614 4535 723 4591 τῶν
747 4538 992 4609 οὐρανῶν
1019 4539 1147 4607 ἀξία
1187 4541 1222 4609 ή
1260 4540 1422 4611 εὐχή*
1448 4540 1590 4611 αὐτη
1625 4542 1735 4596 τῶν
1760 4531 2007 4612 ἀγγέλων

439 4621 475 4688 ἡ
503 4620 882 4689 γλῶττα,ὂταν
909 4624 1072 4696 μηδὲν
1111 4626 1325 4696 πικρὸν,
1347 4627 1453 4680 πᾶν
1474 4626 1532 4680 δέ
1557 4629 1823 4698 προσηνὲς
1848 4629 2008 4700 φθέγ-

437 4722 633 4779 γηται·
653 4710 780 4763 ὅταν
801 4711 943 4783 ὑπὲρ
970 4712 1078 4766 τῶν
1112 4713 1439 4767 ἀδικούντων
1467 4714 1562 4768 zeal
1590 4715 2005 4786 ἐπηρεαζόντων

441 4797 815 4866 προσέρχηται
854 4797 952 4867 τὴν
1005 4799 1284 4869 ἱκετηρίαν
1324 4801 1638 4873 ποιουμένη,
1665 4804 1787 4856 τότε
1818 4806 1912 4859 zeal
1951 4807 2002 4860 οἰ

440 4880 660 4950 ἄγγελοι
711 4885 1087 4956 παρεστήκασι
1140 4886 1279 4955 μετά
1324 4886 1522 4959 πολλῆς
1572 4887 1860 4954 ἀκούοντες
1903 4891 2003 4963 τῆς

441 4970 596 5039 σιγῆς
617 5007 634 5032 ,
664 4969 761 5023 zeal
809 4970 948 5041 μετά
986 4972 1045 5025 τὸ
1087 4972 1433 5038 παύσασθαι,
1466 4975 1784 5047 κροτοῦντες
1810 4977 1999 5051 αὐτὴν,

437 5055 800 5119 ἐπαινοῦντες,
837 5057 1203 5128 θαυμάζοντες
1248 5062 1307 5115 ού
1340 5060 1772 5133 διαλιμπάνουσι.
1809 5066 2001 5121 Τοιαύ-

435 5159 535 5213 την
575 5143 671 5196 zeal
721 5144 883 5214 ἡμεῖς
933 5147 1370 5219 προσαγάγωμεν
1413 5149 1598 5222 εὐχὴν,
1644 5152 1737 5206 zeal
1786 5154 2001 5219 πάντως

436 5229 902 5303 ἀκουσθησόμεθα.
942 5234 1053 5286 Kal
1081 5233 1210 5288 ὅταν
1257 5235 1567 5308 προσίωμεν
1617 5238 1694 5309 τῷ
1743 5239 1882 5312 Θεῷ,
1924 5243 1999 5315 μὴ

436 5318 744 5390 νομίσωμεν
776 5315 916 5375 εἶναι
942 5321 1170 5392 θέατρον
1191 5325 1449 5390 τοιοῦτον,
1474 5325 1588 5379 ἀλλ’
1608 5327 1674 5379 ἐκ
1693 5329 1791 5400 τῆς
1818 5331 1998 5383 οἰκου-

438 5403 606 5473 μένης
633 5407 873 5479 ἀπάσης,
903 5410 1102 5480 μᾶλλον
1128 5409 1186 5465 δὲ
1211 5413 1305 5465 zeal
1331 5414 1395 5467 ἐκ
1424 5413 1533 5467 τῶν
1554 5414 1668 5468 ἀνω
1686 5414 1871 5487 δήμων
1892 5418 1999 5471 τῶν

435 5489 698 5560 οὐρανίων
740 5495 1166 5568 συνειλεγμένον,
1215 5499 1308 5554 zeal
1344 5501 1402 5554 ἐν
1442 5500 1592 5573 μέσῳ
1644 5502 1735 5556 τὸν
1767 5503 1996 5559 Βασιλέα

2116 480 2413 551 καθῆσθαι,
2460 482 2775 554 βουλόμενον
2814 476 2971 554 ἡμῶν
3010 480 3309 535 ἐπακοῦσαι
3350 478 3449 549 τῆς
3490 479 3677 550 εὐχῆς.

2113 563 2221 617 Kal
2266 566 2521 632 ἐπίδειξιν
2546 568 2608 619 τὸ
2640 568 2872 638 πρᾶγμα
2898 566 3232 636 ποιήσωμεν.
3268 563 3511 634 Μηδεὶςο
3542 564 3682 617 ἐστω

2112 645 2459 719 κιθαριστὴς,
2497 650 2628 720 μηδὲ
2661 649 2899 720 λυρῳδδς
2935 648 3107 712 οὕτως
3128 646 3442 716 ἐναγώνιος,
3470 647 3680 716 μέλλων

2109 730 2169 781 ἐν
2199 735 2425 800 σκηναῖς
2450 733 2808 798 εἰσιέναι,κα¹ι
2833 731 3086 795 δεδοικὼς
3115 732 3190 802 μή
3220 747 3272 783 τι
3303 731 3516 800 ἀπηχὲς
3548 731 3680 783 ἀνα-

2111 810 2430 882 κρούσηται,
2461 814 2536 877 ὡς
2584 817 2746 885 ἡμεῖς
2778 814 3060 884 μέλλοντες
3103 812 3329 867 εἰσιέναι
3366 813 3446 875 εἰς
3488 811 3551 864 τδ
3575 812 3683 863 τῶν

2110 894 2355 963 ἀγγέλων
2383 896 2627 970 θέατρον.
2658 898 2942 970 Πλῆκτρον
2964 897 3019 950 δέ
3047 898 3178 968 ἡμῖν
3219 895 3360 949 ἐστω
3386 896 3419 965 ἠ
3445 893 3680 962 γλῶττα,

2114 978 2283 1047 μηδὲν
2330 979 2490 1049 άηδές
2534 980 2878 1051 φθεγγομένη
2903 1022 2918 1047 ,
2943 979 3057 1034 ἀλλ’
3090 978 3327 1049 ἐμμελὲς
3350 978 3445 1031 zeal
3472 994 3681 1049 παναρ-

2114 1061 2296 1130 μόνιον
2325 1062 2463 1132 μετά
2486 1062 2723 1127 διανοίας
2752 1065 2849 1133 τῆς
2874 1062 3283 1134 προσηκούσης·
3309 1061 3403 1114 zeal
3430 1062 3681 1133 προσιόν-

2111 1157 2202 1206 τες
2229 1144 2307 1213 τῷ
2333 1144 2472 1215 Θεῷ,
2512 1146 2606 1200 zeal
2651 1146 3094 1217 παρακαλοῦντες
3122 1144 3216 1198 zeal
3241 1142 3504 1213 δεόμενοι,
3540 1142 3680 1213 ὑπὲρ

2108 1225 2220 1279 τῶν
2260 1226 2469 1297 ἐχθρῶν
2518 1227 2942 1299 άηκρουὼμεθα
2988 1228 3086 1298 τὴν
3127 1225 3323 1298 νευράν
3347 1242 3362 1258 ⁶
3390 1224 3532 1279 οὕτω
3571 1223 3680 1295 γὰρ

2111 1309 2206 1361 zeal
2239 1308 2382 1379 ὑπὲρ
2412 1309 2570 1380 ἡμῶν
2610 1310 2788 1364 αὐτῶν
2817 1305 3285 1380 ἀκουσθησόμεθα.

2152 1395 2244 1444 -ε’.
2264 1388 2473 1465 Δύτηξη
2501 1391 2653 1461 φωνὴ
2684 1391 3036 1463 καταισχύνει
3063 1390 3341 1462 δαίμονας.
3363 1387 3502 1459 αὕτη
3538 1389 3681 1460 ’καθ’

2111 1473 2309 1543 ρησίαν
2331 1476 2465 1544 ἡμῖν
2491 1474 2704 1529 δίδωσιν
2722 1493 2736 1505 ·
2765 1474 2906 1546 αῦτη
2938 1473 3285 1544 καταισχύνει
3313 1473 3405 1527 τὸν
3433 1472 3680 1526 διάϐολον

2109 1554 2204 1608 zeal
2228 1557 2532 1628 ἀναχωρεῖν
2560 1560 2721 1610 ποιεῖ.
2751 1559 2828 1612 οὐ
2856 1558 2966 1629 γάρ
2991 1557 3167 1620 οὕτως
3197 1556 3482 1626 ἀνθρωπον
3518 1553 3679 1624 φρίτ-

2106 1653 2191 1690 τει
2219 1639 2248 1691 6
2276 1637 2485 1709 δαίμων
2512 1639 2603 1694 τὸν
2628 1641 2959 1694 ἐκϐάλλοντα
2990 1638 3154 1694 αὐτὸν
3180 1641 3274 1695 zeal
3302 1637 3592 1691 ἐλαύνοντα
3620 1635 3681 1702 ἐξ

2109 1719 2296 1791 ἐτέρου
2313 1720 2623 1790 ἀνθρώπου,
2644 1721 2721 1785 ὡς
2744 1722 3025 1792 ἄνθρωπον
3050 1721 3220 1794 ὀργῆς
3243 1718 3563 1792 κρατοῦντα,
3586 1718 3683 1771 zeal

2110 1800 2281 1873 θυμοῦ
2316 1804 2767 1875 περιγενόμενον·
2810 1804 2930 1858 ἐπεὶ
2978 1803 3071 1858 zeal
3113 1803 3272 1857 τοῦτο
3310 1801 3515 1872 δαίμων
3565 1801 3683 1854 ἐστὶ

2108 1884 2365 1955 χαλεπὸς,
2398 1888 2491 1940 zeal
2517 1886 2737 1949 τούτους
2763 1886 2962 1957 μᾶλλον
2988 1886 3020 1956 ἢ
3053 1887 3179 1949 τοὺς
3204 1884 3568 1955 δαιμονῶντας
3595 1901 3685 1936 τα-

2109 1965 2344 2032 λανίζειν
2362 1969 2489 2039 χρή.
2522 1968 2596 2022 T6
2645 1969 2742 2039 μὲν
2771 1969 2881 2040 7&9
2908 1969 3168 2039 δαιμονᾷν
3201 1968 3281 2030 εἰς
3320 1965 3545 2036 γέενναν
3580 1966 3681 2018 οὐκ

2108 2049 2369 2121 ἐμὸάλλει
2397 2067 2412 2082 ο
2443 2052 2504 2104 τὸ
2527 2051 2583 2104 δέ
2615 2049 2927 2123 ὀργίζεσθαι
2972 2051 3064 2105 zeal
3104 2052 3480 2122 μνησικακεῖν,
3513 2047 3681 2117 αὐτῆς

2109 2134 2357 2188 ἐκϐάλλει
2371 2134 2470 2205 τῆς
2493 2134 2768 2205 βασιλείας
2786 2134 2893 2187 τῶν
2919 2133 3180 2206 οὐρανῶν.
3200 2134 3297 2185 Ἂν
3321 2131 3465 2184 οὐτω
3485 2130 3684 2202 ρυθμί·

2112 2233 2293 2287 σωμεν
2325 2216 2439 2288 [15]
2468 2216 2566 2287 τὴν
2609 2218 2796 2288 εὐχὴν,
2823 2215 3162 2286 δυνησόμεθα
3203 2214 3341 2286 μετά
3374 2213 3684 2286 παρρησίας

2108 2298 2287 2367 λέγειν
2308 2300 2401 2352 zeal
2434 2300 2593 2370 ἡμεῖς
2616 2300 2694 2371 τῷ
2713 2299 2853 2370 Θεῷ,
2877 2300 3265 2354 Εἰσάκουσον
3286 2298 3398 2366 τῆς
3426 2310 3684 2366 προσευ-

2110 2380 2230 2452 χῆς
2251 2399 2394 2451 μου.
2443 2383 2605 2435 Ὥστε
2640 2384 2741 2454 οὐχ
2772 2382 2966 2436 ἐαυτὸν
3010 2382 3313 2453 ὠφελήσεις
3360 2381 3523 2452 μόνον
3543 2420 3557 2444 ,
3586 2378 3683 2433 zeal

2109 2466 2551 2538 προοδοποιήσεις
2579 2483 2672 2520 σου
2693 2470 2759 2537 τῇ
2788 2465 3056 2536 ἱκετηρία,
3072 2465 3206 2521 ἀλλά
3242 2467 3338 2520 zeal
3354 2465 3446 2519 τὺν
3469 2463 3684 2517 ἀκούον-

2080 2582 2084 2586 Α
2108 2567 2175 2604 τα
2196 2550 2327 2603 Θεὸν
2359 2551 2670 2621 εὐφρανεῖς,
2703 2549 2850 2613 ἄξιόν
2878 2566 2930 2602 τι
2962 2548 3073 2603 τῶν
3099 2548 3269 2603 αὐτοῦ
3295 2545 3683 2616 ἐπιταγμάτων

2107 2632 2274 2686 αἰτῶν
2294 2644 2308 2659 ·
2340 2631 2419 2685 διὸ
2462 2632 2557 2686 zeal
2596 2632 2794 2704 ρᾳδίως
2839 2631 3133 2686 ἐπινεύσει.
3181 2630 3351 2684 Τοῦτο
3395 2630 3542 2696 ἀξιον
3581 2627 3683 2696 τῆς

2105 2714 2378 2778 υἱοθεσίας
2431 2715 2681 2787 ἐκείνης’
2728 2714 2884 2768 τοῦτο
2927 2715 3161 2782 μάλιστα
3216 2714 3306 2768 τὸν
3355 2711 3683 2785 χαρακτῆρα

2104 2800 2311 2854 ἐκεῖνον
2340 2798 2597 2853 δείκνυσι.
2634 2798 2908 2861 Γίνεσθε,
2943 2799 3127 2868 φησὶν,
3167 2797 3569 2865 οἰκτίρμονες,
3603 2794 3682 2858 ὡς

2107 2889 2141 2940 ὀ
2166 2885 2370 2955 Πατὴρ
2394 2885 2561 2955 ὑμῶν
2587 2889 2620 2939 ό
2645 2886 2714 2939 ὲν
2742 2885 2866 2951 τοῖς
2893 2884 3172 2953 οὐρανοῖς
3191 2923 3207 2946 ,
3238 2883 3334 2937 zeal
3376 2882 3559 2942 πάλιν,
3577 2879 3684 2932 Εὕ-

2106 2976 2289 3043 χεσθε
2308 2971 2460 3041 ὑπὲρ
2485 2971 2604 3026 τῶν
2639 2971 3077 3040 ἐπηρεαζόντων
3108 2970 3277 3036 ὑμᾶς,
3301 2968 3461 3034 ὅπως
3504 2965 3648 3036 γένη
3664 2994 3682 3006 -

2107 3063 2219 3114 σθε
2255 3059 2444 3130 ὅμοιοι
2465 3060 2570 3114 τοῦ
2597 3060 2826 3128 Πατρός
2858 3059 3025 3129 ὑμῶν
3056 3059 3162 3113 τοῦ
3192 3058 3263 3112 ἐν
3288 3054 3584 3125 οὐρανοῖς.
3616 3053 3682 3107 Τί

2106 3147 2284 3200 τοίνυν
2318 3146 2521 3217 ταύτης
2566 3147 2666 3218 τῆς
2704 3147 2872 3218 εὐχῆς
2905 3148 3057 3211 [σονς
3087 3145 3237 3214 Δῦτη
3269 3144 3369 3197 οὐκ
3409 3142 3681 3212 ἀγγέλοις,

2107 3233 2231 3288 οὐτε
2260 3233 2642 3307 άρχαγγέλοις,
2660 3234 2773 3287 ἀλλ’
2789 3232 2939 3304 αὐτῷ
2965 3232 3042 3304 τῷ
3066 3233 3282 3288 Βασιλεῖ
3309 3232 3494 3303 ὅμοιον
3518 3231 3682 3283 ποιεῖ.

2118 3320 2177 3374 '0
2224 3321 2283 3374 δέ
2320 3321 2398 3393 τῷ
2423 3320 2641 3375 Βασιλεῖ
2677 3320 2862 3392 ὅμοιος
2902 3320 3194 3391 γενόμενος
3232 3317 3375 3374 κατὰ
3411 3317 3473 3371 τὸ
3510 3317 3686 3387 ἐγχω-

2111 3406 2254 3479 ροῦν,
2284 3408 2540 3480 ἐννόησον
2562 3409 2694 3478 ὅσης
2751 3406 3118 3461 ἀπολαύσεται
3149 3406 3250 3477 τῆς
3283 3403 3594 3477 παρρησίας
3624 3402 3684 3454 ἐν

2103 3498 2224 3559 ταῖς
2240 3496 2444 3566 εὐχαῖς.
2480 3495 2598 3550 Υἰοί
2613 3495 2957 3564 ἀνθρώπων,
2972 3495 3083 3560 ἕως
3106 3497 3250 3548 πότε
3261 3489 3678 3560 βῳυκόρδιοις

2108 3582 2243 3637 Ἵνα
2266 3582 2324 3634 τί
2343 3580 2610 3650 ἀγαπᾶτε
2639 3581 3024 3651 ματαιότητα,
3049 3581 3145 3635 καί
3173 3579 3392 3648 ζητεῖτε
3419 3575 3681 3646 ψεῦδοςς

2103 3663 2250 3736 Πρὸς
2280 3663 2431 3727 τίνας
2483 3664 2753 3718 ἀποτείνει
2800 3664 2892 3718 τὸν
2934 3664 3112 3732 λόγον,
3159 3663 3255 3716 zeal
3312 3662 3542 3713 ποιεῖται
3582 3657 3681 3727 τὴν

2104 3750 2441 3823 ἐπιτίμησιν,
2477 3752 2571 3805 zeal
2601 3752 2794 3820 ἐπάγει
2826 3750 2926 3823 τὴν
2953 3750 3264 3821 συμϐουλήν
3294 3766 3309 3812 ς
3349 3747 3501 3810 τίνας
3531 3745 3681 3807 υἰούς

2102 3838 2405 3911 ἀνθρώπων
2425 3839 2612 3905 καλεῖς
2640 3839 2779 3902 Τοὺς
2803 3840 2862 3893 ἐν
2885 3838 3119 3910 πονηρία
3139 3837 3369 3904 ζῶντας,
3392 3836 3518 3896 τοὺς
3542 3831 3679 3903 πρὸς

2104 3928 2302 3980 κακίαν
2319 3925 2349 3967 (ι
2383 3929 2719 3999 ἐπιρρεπεῖς.
2738 3926 2804 3980 Τί
2838 3928 2902 3998 δή
2934 3942 3099 3993 ποτε;
3129 3927 3290 3998 ἡμεῖς
3310 3924 3418 3994 γάρ
3445 3922 3544 3991 οὐχ
3571 3919 3678 3973 υἰοὶ

2104 4014 2434 4086 ἀνθρώπωνς
2468 4017 2534 4086 τῇ
2563 4012 2721 4082 φύσει
2756 4014 2854 4084 μὲν
2888 4013 3191 4085 ἀνθρώπων
3238 4013 3362 4074 υἱοὶ,
3397 4013 3466 4079 τῇ
3495 4007 3675 4076 χάριτι

2103 4103 2161 4157 δὲ
2182 4103 2284 4158 οὐκ
2316 4103 2417 4166 ἔτι,
2438 4103 2553 4157 ἀλλ’
2585 4103 2690 4157 υἱοὶ
2725 4102 2883 4158 Θεοῦ.
2920 4104 2982 4156 Εἰ
3030 4100 3161 4169 γοῦν
3202 4100 3298 4153 zeal
3339 4097 3439 4165 τὴν
3492 4093 3673 4145 εἰκόνα

2103 4192 2203 4262 τὴν
2234 4190 2571 4262 κατ’ἀρετὴν
2601 4192 2703 4265 τὴν
2728 4191 2863 4261 πρὸς
2894 4189 3054 4244 αὐτὸν
3081 4177 3674 4265 διατηρήσαιμεν,ἀκέο

2109 4294 2259 4351 ραιον
2289 4279 2420 4348 ἡμῖν
2465 4277 2616 4332 ἔσται
2660 4264 2730 4330 τὸ
2783 4276 2955 4346 δῶρον
2977 4288 2990 4301 ·
3022 4273 3149 4334 τοὺς
3198 4272 3307 4339 7&9
3351 4264 3673 4337 γενομένους

2106 4366 2256 4428 υἱοὺς
2285 4364 2419 4418 Θεοῦ
2456 4363 2543 4418 διὰ
2579 4363 2676 4429 τῆς
2732 4363 2972 4431 χάριτος,
3008 4358 3100 4412 zeal
3155 4355 3244 4409 διὰ
3272 4355 3371 4424 τῆς
3402 4351 3673 4415 πολιτείας

2104 4452 2309 4522 ταύτην
2348 4451 2431 4503 δεῖ
2478 4446 2898 4520 χαρακτηρίζειν
2923 4445 3020 4515 τὴν
3049 4443 3271 4497 εἰκόνα..
3295 4442 3415 4495 Ὀτι
3451 4439 3508 4493 δέ
3544 4438 3670 4503 τοὺς

2107 4535 2570 4609 βιωτικωτέρους,
2615 4532 2708 4586 zeal
2761 4533 2897 4602 πρὸς
2941 4531 3141 4586 κακίαν
3186 4530 3478 4603 ρέποντας.
3520 4526 3670 4589 υίούς

2105 4621 2408 4694 ἀνθρώπων
2444 4622 2619 4683 καλεῖ,
2654 4619 2885 4674 ἄκουσον
2908 4635 2923 4650 ·
2975 4618 3217 4683 Ἰδόντες
3246 4616 3316 4670 δὲ
3344 4617 3398 4670 οὶ
3417 4612 3533 4670 υἱοὶ
3561 4611 3669 4669 τοῦ

2108 4709 2255 4765 Θεοῦ
2296 4710 2403 4774 τὰς
2440 4707 2764 4777 θυγατέρας
2792 4706 2911 4787 τῶν
2959 4704 3301 4775 ἀνθρώπων.
3335 4703 3446 4758 Καὶ
3482 4701 3587 4787 μην
3608 4699 3670 4787 τδ
3701 4761 3713 4777 ⁸

2104 4796 2364 4861 ἐναντίον,
2393 4796 2580 4867 φησιν,
2606 4784 2847 4867 εἴρηκας.
2901 4793 3163 4865 Οὐδαμῶς
3180 4808 3195 4822 ο
3221 4792 3371 4853 υἰούς
3389 4787 3499 4858 γάρ
3531 4784 3667 4839 Θεοῦ

2103 4882 2336 4939 ἐνταῦθα
2364 4882 2589 4938 ἐκάλεσε
2615 4883 2739 4945 τοὺς
2767 4882 2873 4952 πρὸ
2909 4881 3099 4935 τούτου
3127 4878 3187 4944 ἐξ
3219 4878 3482 4948 ἐναρέτων
3508 4872 3667 4936 ὄντας

2103 4971 2332 5043 ἀνδρῶν,
2366 4972 2460 5025 zeal
2482 4969 2584 5040 τῆς
2607 4967 2699 5022 τοῦ
2728 4967 2862 5021 Θεοῦ
2894 4967 3056 5039 τιμῆς
3079 4953 3667 5024 ἀπολελαυκότας,είτα

2106 5057 2620 5134 μεταϐαλλομένους.
2641 5054 2735 5109 zeal
2766 5055 3055 5124 γεγονότας
3091 5051 3324 5134 χείρους,
3353 5048 3446 5102 zeal
3474 5046 3667 5134 προδε-

2101 5132 2343 5212 δωκότας
2359 5144 2535 5201 αὐτῶν
2555 5143 2655 5213 τὴν
2682 5135 2866 5213 τιμήν.
2905 5140 3067 5192 ’Ὥστε
3100 5137 3208 5206 7&9
3236 5132 3467 5205 αὐξῆσαι
3489 5132 3666 5188 αὐτῶν

2101 5234 2199 5308 τὴν
2228 5231 2582 5305 κατηγορίαν,
2611 5226 2920 5298 ἀνεμνήσθη
2946 5222 3126 5279 αὐτῶν
3150 5221 3251 5291 τῆς
3284 5222 3480 5292 τιμῆς,
3512 5225 3667 5291 μεγι-

2103 5338 2225 5376 στον
2248 5323 2327 5385 εἰς
2349 5318 2686 5388 ἐγκλήματος
2707 5313 2959 5367 ὑπόθεσιν
2978 5311 3191 5373 δεικνὺς
3212 5308 3292 5374 ὃν,
3314 5309 3376 5362 τὸ
3392 5307 3667 5369 τοιούτους

2099 5410 2278 5474 ὄντας,
2307 5408 2403 5461 zeal
2440 5408 2505 5458 ἐκ
2534 5400 2809 5465 τοιούτων,
2831 5400 2967 5473 πρὸς
2988 5398 3244 5468 τοιαύτην
3274 5395 3665 5467 κατενεχθῆναι

2099 5497 2319 5551 κακίαν.
2352 5492 2464 5579 Kal
2492 5489 2653 5544 πάλιν
2699 5491 2729 5542 6
2764 5488 2895 5553 Θεός
2926 5507 2941 5521 ·
2976 5489 3118 5560 Ἐγὼ
3148 5485 3307 5554 εἶπα,
3338 5488 3471 5541 Θεοί
3499 5487 3662 5549 ἐστε,

2162 5655 2184 5681 ι’
2212 5653 2331 5703 Ilva.
2356 5654 2549 5710 πρᾶγμα
2569 5647 2854 5709 νομίσωμενο
2889 5648 3071 5711 μηδείς,
3088 5660 3185 5697 non
3210 5648 3358 5695 male.

2166 5712 2191 5751 d
2217 5713 2319 5773 {leg
2363 5711 2596 5759 ἀσέϐειαν.
