4112 6224
337 332 406 388 £5
1518 342 1877 401 EXl’OSlTlO
1912 346 1976 401 IN
2014 346 2338 410 PSALMUM
2378 353 2464 411 IV.
3532 377 3604 435 £6

334 449 468 505 scire
487 448 645 506 etiam
663 450 879 507 modum
899 451 1111 508 orandi.
1139 453 1271 519 Quis
1288 466 1463 510 autem
1485 459 1669 514 orandi
1691 459 1917 516 modus?

337 541 490 596 Disce
532 555 563 594 a
610 543 936 604 publicano:
970 559 1069 600 nec
1110 554 1163 600 te
1186 546 1379 615 pudeat
1403 562 1469 603 eo
1518 550 1590 603 uti
1638 551 1912 622 magistro,

331 631 423 701 qui
451 630 551 686 hac
580 631 632 686 in
662 648 721 688 re
749 632 887 687 adeo
908 649 968 689 se
999 636 1255 702 praeclare
1278 639 1475 708 gessit,
1502 649 1561 695 ut
1582 642 1713 696 solis
1738 644 1915 700 verbis

335 723 645 778 universum
689 709 946 778 ell'ecerit.
980 724 1111 794 Quia
1140 729 1281 783 enim
1318 740 1435 785 erat
1461 747 1613 785 mens
1644 733 1696 787 in
1725 746 1793 789 eo
1822 748 1909 789 re.

332 828 420 873 cte
461 826 669 887 parata,
714 816 922 873 suffecit
948 819 1032 873 vel
1078 820 1292 877 verbum
1330 840 1493 878 unum
1536 826 1601 880 ad
1647 829 1834 882 caelum
1863 828 1913 884 ei

307 907 705 990 aperiendum.
734 909 1012 990 Quomodo
1039 922 1218 968 autem
1265 925 1379 970 erat
1408 919 1630 986 parata?
1664 921 1912 990 Seipsum

303 986 593 1063 inliserum
619 985 901 1066 clamabat,
942 1011 1126 1070 pectus
1154 985 1429 1071 tundebat,
1468 1023 1537 1063 ne
1574 985 1914 1081 caelum-qui-

342 1088 468 1143 dem
497 1090 740 1160 aspicere
766 1090 1010 1147 audebat.
1038 1093 1095 1149 Si
1120 1107 1175 1149 tu
1194 1110 1406 1168 quoque
1450 1100 1521 1153 ita
1542 1102 1802 1167 oraveris,
1828 1105 1915 1159 vel

334 1192 511 1247 penna
536 1177 784 1236 leviorem
826 1182 1014 1238 reddes
1055 1186 1374 1243 orationem.
1403 1190 1459 1245 Si
1483 1191 1625 1246 enim
1667 1202 1917 1262 peccator

332 1268 509 1339 justus
554 1266 623 1331 ab
661 1273 900 1329 oratione
952 1273 1124 1331 factus
1148 1286 1271 1344 est,
1300 1280 1584 1336 considera
1609 1283 1910 1349 cujusmodi

334 1359 442 1413 erit
457 1359 652 1430 justus,
693 1363 740 1417 si
778 1364 935 1420 talem
962 1367 1259 1423 orationem
1309 1369 1505 1425 offerre
1532 1372 1796 1427 didicerit.
1845 1375 1912 1429 Et

336 1449 459 1507 ideo
506 1468 575 1508 ne
614 1454 702 1510 hic
732 1457 947 1526 quidem
991 1461 1230 1530 seipsum
1280 1462 1523 1519 absolute
1562 1466 1776 1535 posuit,
1816 1466 1909 1521 sed

335 1541 624 1599 orationem
673 1560 823 1602 suam
886 1565 902 1603 :
951 1552 1200 1620 superius
1242 1554 1521 1623 justitiam,
1579 1556 1664 1612 hic
1709 1558 1912 1612 oratio-

335 1646 458 1687 nem
520 1633 704 1690 dicens
749 1653 766 1690 :
818 1637 1061 1695 Miserere
1104 1643 1221 1710 mei,
1276 1654 1322 1697 et
1378 1647 1567 1700 exaudi
1631 1648 1911 1710 orationem

333 1736 513 1776 meam.
566 1725 637 1778 Ita
683 1726 844 1782 etiam
880 1730 1157 1787 exauditus
1202 1742 1284 1788 est
1328 1734 1627 1802 Cornelius,
1657 1740 1908 1807 quoniam

324 1811 441 1882 ejus
489 1816 784 1883 patrocinio
832 1836 960 1876 usus
1001 1830 1102 1877 est.
1162 1823 1431 1881 Orationes
1478 1839 1579 1883 tute
1601 1870 1616 1893 ,
1666 1839 1716 1882 et
1772 1831 1905 1884 else-

326 1922 550 1978 mosynar
570 1918 690 1973 tute,
742 1912 933 1983 inquit,
971 1918 1303 1972 ascenderunt
1326 1936 1495 1973 coram
1521 1920 1633 1975 Deo
1657 1922 1790 1993 (Act.
1816 1922 1906 1977 10.

322 1999 419 2072 4).
444 2001 507 2056 Et
536 2004 725 2058 merito
755 2022 769 2057 :
797 2021 964 2075 opera
989 2009 1131 2064 enim
1161 2024 1283 2087 sunt
1304 2026 1424 2081 quae
1446 2012 1817 2078 exaudiuntur,
1855 2023 1911 2069 et

314 2102 473 2161 recte
493 2091 667 2159 facta;
701 2110 811 2150 non
850 2099 1093 2154 absolute
1133 2110 1307 2157 autem
1338 2104 1628 2171 orationes,
1657 2105 1750 2160 sed
1787 2119 1909 2160 ora-

323 2181 497 2237 tiones
523 2200 642 2254 quae
667 2187 890 2244 liuntex
916 2189 1033 2260 lege
1082 2192 1197 2247 Dei.
1231 2193 1297 2248 Et
1341 2210 1583 2264 quaenam
1633 2206 1759 2253 sunt
1782 2199 1910 2254 eae?

321 2272 454 2339 Quae
477 2288 541 2328 ea
573 2285 757 2344 petunt
773 2292 892 2349 qua.-
914 2280 1075 2341 Deum
1101 2282 1230 2338 dare
1254 2287 1522 2351 convenit,
1554 2301 1672 2358 qua:
1697 2287 1765 2343 ab
1789 2289 1906 2359 ipso

326 2375 435 2416 non
480 2366 750 2430 DOSIUIMII
794 2385 915 2438 quae
959 2382 1084 2427 sunt
1131 2374 1246 2443 ejus
1290 2375 1497 2447 legibus
1537 2381 1903 2451 repugnantia.

330 2448 529 2519 Ecquis
550 2463 653 2518 est,
678 2456 864 2527 inquit,
899 2461 1032 2515 adeo
1065 2464 1257 2531 audax,
1288 2476 1345 2520 ut
1373 2483 1433 2521 ea
1474 2448 1792 2527 velitDeum
1824 2474 1903 2527 fa-

331 2543 520 2609 cere‘,
567 2559 688 2613 quae
739 2561 1039 2621 repugnant
1078 2554 1194 2623 ejus
1226 2557 1471 2625 legibus?
1512 2560 1609 2626 Qui
1657 2564 1910 2619 adversus

333 2629 580 2687 inimicos
604 2651 724 2691 eum
754 2649 905 2709 rogat
937 2660 951 2697 :
983 2641 1087 2699 hoc
1114 2647 1256 2700 enim
1283 2657 1365 2703 est
1392 2660 1583 2715 prmter
1606 2652 1772 2722 legem
1795 2671 1911 2724 qua:

330 2726 403 2781 ab
422 2745 489 2782 eo
530 2729 632 2784 lata
663 2742 745 2788 est
796 2734 912 2804 lpse
957 2739 1097 2793 enim
1124 2741 1257 2795 dixit
1289 2759 1304 2797 :
1343 2741 1589 2801 Dimittite
1614 2746 1914 2804 debitoribus

328 2821 503 2911 uestris
526 2821 739 2892 (Matth.
788 2826 842 2881 6.
884 2829 985 2899 12).
1022 2830 1098 2885 Tn
1144 2842 1322 2889 autem
1350 2849 1471 2890 eum
1509 2839 1698 2907 ipsum,
1728 2842 1815 2911 qui
1860 2851 1912 2899 te

323 2910 471 2979 jubet
498 2914 823 2985 condonare,
869 2920 1127 2977 adversus
1156 2925 1400 2982 inimicos
1430 2927 1641 2986 invocas
1662 2931 1686 2982 ’ἒ
1709 2932 1909 3003 Ecquid

328 3003 427 3058 hac
463 3008 692 3062 amentia
743 3009 901 3066 fuerit
931 3013 1210 3073 deterius?
1255 3017 1477 3090 Oportet
1526 3038 1646 3076 eum
1675 3024 1764 3093 qui
1793 3036 1909 3081 orat

327 3095 526 3153 habere
549 3097 804 3169 habitum,
849 3115 1081 3162 mentem
1122 3119 1178 3163 et
1219 3124 1435 3167 sensum
1482 3114 1779 3183 supplicis:
1813 3131 1909 3172 cur

325 3186 483 3243 aliam
524 3206 653 3261 ergo
700 3208 981 3262 personam
1026 3199 1219 3267 induis,
1278 3219 1470 3274 nempe
1519 3209 1907 3265 accusationis?

328 3280 606 3347 Quomodo
645 3284 787 3338 enim
833 3292 1033 3359 poteris
1072 3296 1280 3349 veniam
1313 3305 1522 3352 tuorum
1570 3311 1904 3368 peccatorum

247 3418 250 3422 λ
326 3379 560 3445 assequi,
607 3384 819 3451 quando
849 3401 1002 3455 rogas
1032 3394 1084 3441 ιιι
1134 3387 1273 3443 Dens
1305 3389 1487 3458 puniat
1528 3402 1741 3459 peccata
1768 3394 1904 3449 alio-

326 3480 444 3522 rttm
463 3468 488 3522 ?
508 3460 590 3525 Sit
620 3474 795 3545 itaque
815 3477 983 3532 oratio
1010 3488 1306 3547 mansueta,
1332 3481 1559 3549 placida,
1581 3481 1819 3551 jucunda
1848 3494 1905 3541 et

326 3558 473 3613 molli
502 3562 647 3616 vultu
689 3565 927 3633 praedita.
977 3568 1121 3627 Talis
1145 3579 1225 3624 est
1250 3586 1369 3638 qua:
1413 3586 1533 3626 cum
1564 3573 1782 3631 lenitate
1824 3574 1903 3643 ﬁt,

327 3664 427 3705 nec
472 3653 726 3710 adversus
782 3658 1062 3723 inimicos;
1118 3663 1566 3731 quemadmodum
1612 3668 1900 3734 contraria,

324 3742 509 3812 ebrite,
535 3756 589 3801 et
613 3748 856 3805 deliranti
881 3753 1111 3822 cuipiam
1152 3755 1379 3822 mulieri,
1412 3767 1466 3810 et
1495 3758 1662 3813 instar
1686 3761 1801 3829 apri
1826 3760 1903 3815 ef-

328 3834 528 3903 feratae,
559 3847 641 3892 est
666 3839 872 3896 similis.
914 3842 1174 3911 Quocirca
1204 3847 1268 3901 ad
1294 3847 1482 3903 cazlum
1515 3849 1565 3904 ei
1615 3865 1723 3905 non
1747 3846 1903 3907 datur

325 3924 521 3981 aditus.
551 3926 666 3983 Non
696 3931 839 3985 enim
880 3943 961 3987 est
986 3934 1246 4003 ejusmodi
1285 3953 1347 3993 ea
1374 3954 1494 4008 qua:
1521 3939 1579 3995 ﬁt
1600 3955 1722 3996 cum
1747 3957 1898 3998 man-

325 4016 607 4074 suetudine
654 4036 668 4073 :
719 4020 816 4076 sed
868 4021 1029 4078 habet
1053 4024 1251 4094 aliquid
1277 4041 1532 4082 canorum
1559 4040 1612 4084 et
1640 4031 1782 4097 lene,
1812 4030 1898 4087 di-

325 4122 591 4180 gnumque
617 4113 778 4183 regiis
803 4115 1043 4180 auribus,
1068 4131 1250 4181 suave,
1281 4120 1621 4186 concinnum,
1650 4136 1901 4178 numero-

324 4211 461 4252 sum.
487 4200 842 4266 Quamobrem
866 4220 968 4261 non
994 4206 1275 4276 expellitur
1296 4224 1328 4264 e
1350 4209 1575 4276 theatro,
1598 4212 1690 4266 sed
1706 4228 1903 4270 corona

326 4289 569 4346 redimita
600 4294 797 4349 recedit
820 4311 835 4360 ;
858 4298 1052 4352 etenim
1076 4297 1232 4355 habet
1252 4301 1468 4355 aurea‘m
1495 4302 1775 4369 citharam,
1807 4319 1903 4360 vc-

322 4389 461 4436 stem
491 4396 727 4439 auream.
758 4386 869 4453 Qua
917 4388 986 4445 de
1029 4405 1191 4447 causa
1233 4392 1462 4449 delectat
1487 4396 1645 4450 etiam
1670 4394 1904 4466 judicem

325 4472 529 4541 habitu,
556 4486 771 4545 aspectu
796 4489 851 4535 et
877 4495 1025 4537 voce.
1057 4483 1343 4553 Pmpterea
1372 4486 1549 4541 nullus
1574 4502 1691 4542 eam
1717 4496 1902 4544 extur-

323 4564 467 4620 bata
493 4568 799 4626 caelestibus
842 4573 996 4629 aulis.
1050 4575 1365 4655 Universum
1409 4578 1550 4635 enim
1594 4580 1722 4635 illud
1750 4580 1903 4638 thea-

324 4666 462 4713 trum
478 4661 770 4718 incredibili
800 4665 974 4721 laztitia
1002 4668 1183 4724 afllcit.
1208 4671 1330 4726 Haec
1349 4671 1600 4743 estdigna
1621 4674 1767 4730 caelis
1786 4690 1903 4745 pre-

321 4753 499 4817 catio;
531 4753 646 4809 haec
670 4766 749 4811 est
776 4757 948 4828 lingua
976 4762 1303 4831 angelorum,
1334 4764 1550 4834 quando
1578 4766 1710 4820 nihil
1739 4782 1897 4823 acer--

323 4843 471 4910 bum,
499 4845 733 4913 jucunda
757 4859 930 4905 autem
955 4854 1132 4907 omnia
1165 4855 1435 4925 loquitur:
1475 4859 1687 4928 quando
1714 4874 1807 4929 pro
1834 4860 1900 4917 iis

323 4934 412 5002 qui
440 4934 685 5005 injuriam
715 4948 768 4993 et
793 4939 1044 4996 damnum
1078 4942 1313 5000 inferunt.
1333 4987 1348 5012 ,
1378 4948 1523 5003 venit
1571 4950 1897 5021 supplicans,

324 5033 453 5082 tunc
502 5030 715 5085 adstant
761 5034 920 5088 etiam
947 5037 1119 5105 angeli
1152 5052 1343 5108 magno
1371 5038 1650 5096 audientes
1676 5058 1795 5099 cum
1823 5043 1899 5098 si-

323 5117 509 5181 lentio,
536 5129 589 5174 et
643 5133 916 5194 postquam
950 5126 1092 5198 loqui
1123 5128 1360 5193 desierit,
1410 5131 1750 5200 applaudere,
1782 5133 1899 5188 lau-

320 5207 466 5273 dare,
499 5211 746 5268 admirari
769 5232 873 5271 non
904 5229 1135 5274 cessant.
1175 5221 1353 5276 Talem
1400 5237 1499 5277 nos
1532 5238 1741 5293 quoque
1767 5224 1899 5285 affe-

319 5314 500 5357 ramns
526 5306 842 5375 orationem,
866 5318 921 5366 et
941 5312 1161 5366 omnino
1188 5314 1555 5370 exaudiemur.
1588 5314 1656 5371 Et
1681 5318 1898 5387 quando

320 5391 387 5445 ad
434 5395 597 5449 Deum
627 5398 964 5465 accedimus,
996 5418 1065 5456 ne
1112 5418 1233 5459 esse
1281 5405 1649 5462 existimemus
1686 5409 1899 5479 vulgare

321 5484 606 5555 theatrum,
635 5489 730 5543 sed
760 5502 823 5544 ex
866 5492 1112 5546 universo
1140 5495 1266 5548 orbe
1287 5505 1570 5564 terrarum,
1603 5499 1685 5555 vel
1724 5502 1898 5568 potius

319 5588 382 5630 ex
405 5580 651 5649 supernis
675 5582 884 5650 populis
912 5582 1216 5639 caelestibus
1243 5586 1523 5643 collectum
1556 5606 1569 5642 :
1606 5600 1661 5645 et
1696 5591 1895 5663 [legion

382 5755 396 5783 ι
434 5758 568 5817 Reg,
594 5757 733 5815 dare,
760 5769 866 5819 pro,
883 5759 1064 5823 facere.

2023 462 2076 517 in
2102 466 2280 522 medio
2314 471 2532 541 sedere,
2564 476 2882 544 precationis
2912 489 3107 537 nostrae
3152 485 3430 544 audienda:
3452 493 3598 559 cupi-

2019 552 2168 609 dum.
2201 558 2268 611 At
2293 558 2546 617 faciamus
2572 575 2733 622 utres
2759 568 2828 623 sit
2851 582 3153 640 comparata
3176 575 3242 630 ad
3273 552 3605 636 demonstra-

2014 645 2241 701 tionem.
2301 648 2486 707 Nullus
2531 656 2600 710 sit
2649 658 2990 727 citharzedns,
3028 664 3205 720 nullus
3254 668 3477 737 lyricen,
3508 675 3595 742 qui

2022 737 2091 792 ita
2114 754 2173 794 se
2196 753 2447 798 exerceat
2475 760 2689 803 scenam
2742 751 3097 823 ingressurus,
3150 757 3345 816 timens
3379 778 3445 817 ne
3473 763 3598 832 quid

2022 828 2240 887 insuave
2288 843 2345 889 et
2388 836 2760 893 inconcinuum
2813 854 3001 908 canat,
3053 856 3111 901 ut
3168 863 3265 903 nos
3310 848 3599 920 ingressuri

2021 920 2288 977 theatrum
2319 928 2650 994 angelorum.
2702 931 2969 989 Plectrum
2995 948 3171 992 autem
3204 942 3274 996 sit
3318 944 3470 998 nobis
3497 945 3598 998 lin-

2019 1025 2144 1079 gua,
2165 1027 2285 1081 qua:
2329 1015 2458 1071 nihil
2498 1019 2864 1089 iniucundum,
2892 1026 2985 1081 sed
3018 1044 3358 1086 numerosum
3391 1043 3445 1087 et
3475 1050 3596 1087 ino-

2020 1099 2257 1157 dulatum
2289 1104 2448 1171 dicat,
2474 1123 2595 1164 cum
2622 1126 2685 1166 ea
2711 1130 2811 1183 qua
2850 1131 2944 1185 par
2961 1128 3044 1171 est
3069 1122 3417 1190 cogitatione;
3446 1137 3498 1179 et
3527 1126 3595 1179 ad

2022 1189 2187 1246 Deum
2215 1195 2557 1266 accedentes,
2598 1212 2870 1273 rogantes,
2902 1216 2956 1260 et
2980 1189 3213 1275 orantes,
3250 1228 3344 1281 pro
3372 1213 3598 1270 inimicis

2019 1278 2151 1335 lides
2191 1284 2459 1350 pulsemus
2500 1307 2514 1342 :
2551 1288 2623 1345 ita
2664 1293 2807 1348 enim
2864 1310 2961 1365 pro
3013 1300 3166 1355 nobis
3213 1278 3424 1373 quoque
3471 1305 3599 1376 ipsis

2016 1373 2381 1430 exaudiemur.

2086 1464 2138 1518 5.
2181 1465 2399 1536 lnjarite
2424 1474 2701 1527 recordatio
2728 1492 2876 1542 quam
2911 1480 3081 1533 noxia.
3111 1512 3182 1521 —
3209 1482 3333 1538 Hmc
3360 1500 3458 1539 vox
3489 1485 3600 1540 d;c-

2015 1568 2202 1612 manes
2225 1560 2427 1628 pudore
2452 1563 2636 1628 afficit,
2661 1566 2777 1623 haec
2803 1569 2894 1624 dat
2922 1571 3076 1627 nobis
3102 1574 3321 1629 liberam
3349 1562 3596 1648 loquendi

2016 1654 2367 1717 potestatem;
2415 1653 2530 1710 hmc
2574 1657 2779 1727 pudore
2819 1661 2982 1718 afficit
3021 1665 3368 1738 proﬂigatque
3412 1669 3597 1724 diabo-

2015 1737 2145 1792 lum.
2176 1739 2355 1812 Neque
2399 1746 2540 1801 euim
2584 1748 2793 1805 dtemon
2834 1753 2904 1808 ita
2947 1770 3067 1809 eum
3095 1737 3317 1823 metuit,
3342 1760 3431 1831 qui
3470 1775 3591 1814 eum

2015 1831 2231 1902 expellit
2249 1840 2304 1888 et
2324 1833 2466 1903 ejicit
2494 1852 2557 1892 ex
2585 1840 2690 1895 alio
2720 1841 2953 1907 homine,
2974 1855 3030 1900 ut
3055 1846 3324 1903 hominem
3348 1851 3434 1919 qui
3458 1851 3590 1904 iram

2012 1919 2197 1988 vincit,
2226 1931 2280 1976 et
2304 1924 2482 1980 animo
2502 1926 2726 1997 imperat
2760 1949 2773 1986 :
2806 1948 2928 1987 nam
2958 1934 3060 1989 hoc
3086 1936 3256 2005 ipsum
3282 1954 3491 2008 quoque
3512 1949 3596 1994 est

2014 2025 2186 2068 saevus
2212 2014 2421 2070 dmtnon
2445 2058 2459 2081 ,
2492 2013 2691 2076 et'irati
2732 2024 2909 2093 potius
2951 2041 3109 2096 quam
3148 2029 3236 2097 qui
3278 2044 3308 2082 a
3351 2029 3595 2085 da'tuone

2012 2113 2292 2168 vexantur,
2316 2108 2493 2163 miseri
2516 2110 2724 2167 dicendi
2742 2123 2881 2169 sunt.
2903 2115 2947 2170 A
2963 2115 3206 2172 daemone
3226 2118 3366 2173 enim
3390 2121 3592 2183 vexari,

2014 2202 2121 2248 non
2149 2194 2386 2252 itumittit
2413 2198 2462 2253 in
2489 2200 2787 2271 gehennam
2823 2223 2836 2260 :
2866 2205 3020 2261 irasci
3047 2217 3245 2275 autem,
3276 2218 3331 2264 et
3358 2221 3592 2278 accepta:

2011 2285 2218 2355 injuriae
2256 2291 2594 2361 meminisse,
2631 2297 2846 2367 expellit
2873 2299 2941 2354 ab
2978 2298 3093 2371 ipso
3126 2317 3289 2371 regno
3315 2302 3591 2357 culorum.

2008 2378 2064 2436 Si
2091 2381 2384 2437 orationem
2417 2384 2484 2439 ita
2513 2392 3001 2457 temperaverimus,
3028 2393 3315 2461 poterimus
3342 2408 3437 2447 nos
3460 2407 3596 2463 quo-

2009 2490 2113 2545 que
2159 2476 2268 2530 Deo
2315 2475 2538 2534 fidenter
2577 2479 2799 2535 dicere:
2829 2479 3036 2536 Exaudi
3083 2485 3358 2537 orationem
3404 2502 3588 2539 meam.

2013 2564 2189 2632 Quare
2229 2582 2332 2619 non
2361 2567 2528 2621 solum
2555 2571 2781 2639 teipsum
2803 2573 3012 2641 juvabis
3041 2583 3094 2628 et
3133 2576 3472 2643 promovebis
3502 2585 3590 2633 tua

2013 2654 2419 2722 supplicatione,
2446 2658 2539 2712 sed
2572 2660 2735 2714 Deum
2768 2663 2927 2716 etiam
2953 2664 3251 2720 audientem
3279 2666 3589 2730 delectabis.

2018 2755 2074 2797 ut
2101 2744 2189 2814 qui
2212 2745 2326 2813 ejus
2356 2749 2631 2816 prteceptis
2660 2751 2857 2820 aliquid
2882 2752 3098 2822 dignum
3124 2766 3273 2823 petas
3300 2774 3315 2811 :
3344 2759 3588 2826 quocirca

1997 2834 2175 2889 “etiam
2208 2834 2360 2891 facile
2398 2848 2616 2899 annuet.
2646 2838 2755 2893 lloc
2784 2840 2872 2894 illa
2899 2841 3180 2910 adeptione
3208 2843 3423 2913 dignum
3466 2854 3548 2899 est
3576 2866 3591 2900 :

2016 2923 2119 2981 hoc
2146 2925 2296 2981 illuni
2340 2927 2565 2982 maxime
2590 2929 2951 2986 characterem
2993 2932 3244 2987 ostendit.
3267 2930 3474 2998 Estote,
3508 2935 3592 2988 iu-

2013 3016 2148 3085 quit,
2174 3016 2539 3084 misericordes,
2567 3021 2697 3075 sicut
2731 3030 2777 3076 et
2802 3020 2961 3077 Pater
2986 3032 3143 3077 vester
3163 3025 3250 3095 qui
3274 3034 3344 3080 est
3371 3025 3425 3080 in
3459 3028 3596 3082 aclis

2014 3104 2163 3177 (Luc.
2198 3107 2253 3161 6.
2283 3107 2373 3177 56)
2399 3124 2413 3169 ;
2446 3117 2500 3163 et
2525 3122 2711 3165 rursus
2737 3127 2751 3163 :
2784 3109 2937 3165 Orate
2959 3129 3052 3183 pro
3077 3114 3138 3167 iis
3160 3115 3249 3185 qui
3274 3116 3407 3170 vobis
3428 3116 3591 3170 insul-

2012 3204 2136 3263 tant,
2154 3206 2208 3253 ut
2227 3199 2335 3254 sitis
2360 3200 2546 3255 similes
2564 3200 2737 3256 Patris
2762 3204 2926 3270 vestri,
2953 3207 3041 3274 qui
3064 3216 3137 3259 est
3153 3207 3204 3261 in
3221 3208 3356 3262 ctrlis
3378 3206 3589 3279 (Matth.

2010 3288 2063 3345 5.
2093 3289 2164 3350 44
2182 3288 2226 3363 ).
2258 3289 2393 3358 Quid
2417 3306 2545 3362 ergo
2573 3302 2744 3362 potest
2771 3309 2892 3349 cum
2924 3294 3021 3350 hac
3049 3296 3291 3354 oratio::e
3312 3301 3591 3380 conferri?

2010 3380 2136 3437 llaec
2179 3398 2283 3438 non
2311 3384 2511 3454 angelis
2548 3401 2648 3441 nec
2678 3386 3030 3459 archangelis,
3060 3391 3149 3445 sed
3182 3391 3278 3461 ipsi
3308 3392 3438 3464 Regi
3467 3392 3595 3451 facit

2008 3473 2255 3529 similem.
2279 3476 2376 3542 Qui
2408 3487 2583 3533 autem
2612 3477 2763 3549 Regi,
2791 3490 3043 3550 quantum
3086 3482 3229 3548 licet,
3262 3483 3416 3539 fuerit
3442 3484 3595 3539 simi-

2008 3562 2096 3630 lis,
2127 3565 2403 3621 considera
2431 3578 2623 3637 quanta
2649 3579 2822 3626 utetur
2850 3570 3039 3626 fiducia
3066 3582 3119 3626 et
3148 3573 3396 3644 loquendi
3429 3574 3590 3631 liber-

2008 3661 2117 3711 tale
2143 3656 2195 3710 in
2220 3657 2566 3716 orationibus.
2593 3660 2645 3715 3.
2676 3659 2798 3715 Filii
2837 3663 3097 3717 hominum
3115 3704 3129 3727 ,
3152 3681 3408 3736 quousque
3448 3667 3591 3738 gravi

2008 3745 2193 3800 corde?
2223 3745 2289 3802 Ut
2325 3748 2448 3818 quid
2486 3749 2695 3822 diligitis
2727 3749 2993 3806 vanitatem
3013 3795 3028 3817 ,
3058 3763 3104 3806 et
3129 3756 3349 3824 quteritis
3384 3757 3597 3809 menda-

2005 3836 2138 3890 cium
2156 3836 2277 3892 ?Ad
2303 3854 2558 3909 quosnam
2576 3840 2756 3911 dirigit
2780 3843 3078 3899 orationem
3113 3854 3161 3899 et
3194 3845 3448 3914 increpat,
3471 3845 3591 3899 sub-

2000 3926 2279 3999 jungitque
2305 3929 2624 3986 consilium?
2649 3948 2907 4000 quosnam
2936 3946 3085 3989 vocat
3112 3935 3247 3991 illius
3276 3936 3590 3991 hominum?

1998 4018 2113 4074 ‘Eos
2134 4021 2223 4089 qtti
2252 4022 2527 4076 vivunt‘in
2560 4021 2896 4091 improbitate
2915 4066 2930 4090 ,
2961 4026 3050 4094 qui
3078 4036 3202 4082 sunt
3237 4029 3496 4098 proclives
3520 4028 3585 4082 ad

2007 4112 2319 4182 nequitiam.
2348 4112 2740 4179 Quamobrem?
2770 4128 2867 4167 nos
2907 4116 3049 4169 enim
3090 4133 3266 4172 annon
3296 4119 3388 4173 lilii
3415 4118 3589 4179 homi-

2008 4202 2171 4281 num?
2196 4198 2390 4256 Natura
2416 4201 2628 4268 quidem
2652 4201 2925 4260 hominum
2948 4204 3059 4269 lilii,
3086 4208 3251 4284 gratia
3277 4218 3453 4262 autem
3480 4223 3589 4263 non

2006 4272 2271 4363 amplius,
2296 4288 2404 4348 'sed
2434 4293 2524 4348 Dei
2554 4294 2667 4350 lilii.
2700 4292 2756 4351 Si
2787 4308 2913 4366 ergo
2954 4272 3111 4350 etiam
3145 4280 3259 4367 ejus
3307 4296 3597 4368 imaginem

2007 4398 2128 4453 qua:
2170 4391 2253 4438 est
2301 4384 2588 4440 secundum
2637 4385 2883 4441 virtutem
2924 4388 3453 4449 conservaverimus.
3490 4388 3595 4442 erit

2008 4473 2161 4529 nobis
2203 4472 2400 4530 donum
2446 4477 2705 4548 integrum
2741 4493 2754 4530 :
2784 4492 2878 4532 eos
2906 4478 3046 4532 enim
3081 4478 3170 4550 qui
3212 4478 3303 4534 Dei
3350 4478 3438 4533 ﬁlii
3468 4477 3591 4534 facti

2006 4577 2131 4624 sunt
2175 4585 2269 4639 per
2304 4570 2527 4639 gratiam
2556 4611 2570 4634 ,
2600 4569 2759 4625 etiam
2790 4584 2887 4639 per
2916 4569 3034 4625 vine
3059 4588 3170 4626 sua:
3198 4569 3593 4626 institutionem

2005 4676 2123 4715 eam
2166 4667 2381 4731 Oportet
2429 4660 2712 4730 imaginem
2754 4660 3073 4730 exprimere.
3105 4660 3256 4730 Quod
3284 4671 3462 4717 autem
3492 4677 3586 4717 eos

2006 4753 2092 4822 qui
2121 4753 2241 4807 vitae
2265 4753 2407 4809 curis
2431 4753 2550 4823 plus
2571 4751 2735 4807 dediti
2761 4762 2904 4817 sunt,
2928 4762 2982 4809 et
3006 4754 3072 4809 ad
3101 4755 3281 4813 vitium
3309 4755 3583 4826 propensi,

2005 4854 2156 4899 vocat
2199 4845 2334 4899 filios
2370 4843 2641 4904 hominum
2664 4886 2677 4907 ,
2707 4843 2829 4898 audi
2865 4860 2878 4896 :
2917 4843 3148 4899 Videntes
3171 4855 3337 4901 autem
3367 4846 3458 4910 lilii
3494 4843 3586 4897 Dei

2004 4936 2139 5006 ﬁlias
2161 4935 2416 4990 hominum
2441 4933 2660 4996 (Geu.6.
2691 4932 2769 5006 2).
2791 4935 2947 5004 Atqui
2977 4937 3324 5001 contrarium,
3352 4934 3582 5009 inquies,

2005 5029 2205 5082 dixisti.
2236 5027 2582 5098 Nequaquam
2612 5045 2626 5082 :
2658 5026 2750 5081 Dei
2790 5027 2932 5101 enim
2977 5028 3111 5083 filios
3140 5027 3227 5084 hic
3261 5028 3463 5082 vocavit
3490 5039 3587 5079 eos

2004 5118 2093 5189 qui
2136 5128 2287 5172 antea
2319 5134 2384 5173 ex
2415 5119 2540 5171 viris
2560 5118 2714 5171 bonis
2744 5116 2851 5171 nati
2882 5117 3106 5183 fuerant,
3135 5129 3187 5173 et
3217 5132 3248 5172 a
3272 5117 3383 5171 Deo
3413 5114 3583 5167 hono-

2005 5227 2116 5265 rem
2152 5219 2524 5280 perceperant,
2553 5210 2743 5266 deinde
2776 5208 2961 5265 mutati
2985 5218 3135 5264 erant
3159 5249 3174 5273 ,
3208 5216 3263 5261 et
3306 5214 3587 5261 evaserant

2004 5299 2298 5356 deteriores
2320 5341 2336 5359 .
2361 5316 2623 5371 suumque
2653 5301 2909 5353 honorem
2943 5297 3299 5366 perdiderant.
3334 5293 3405 5349 Ut
3438 5295 3580 5349 enim

2004 5391 2172 5460 magis
2216 5390 2564 5459 ampliﬁcaret
2607 5404 2792 5444 eorum
2844 5384 3353 5453 reprehensionem,
3396 5399 3580 5443 eorum

2004 5482 2259 5537 honorem
2301 5483 2646 5543 memoravit,
2675 5477 2963 5532 maximum
3005 5490 3124 5534 csse
3160 5478 3359 5535 crimen
3403 5488 3583 5535 osten-

2003 5574 2158 5637 dens,
2190 5571 2327 5640 quod
2357 5586 2477 5623 cum
2511 5569 2642 5623 tales
2683 5577 2894 5633 essent,
2934 5577 2988 5623 et
3018 5569 3119 5624 orti
3151 5585 3214 5626 ex
3257 5569 3450 5625 talibus
3475 5611 3489 5635 ,
3516 5573 3581 5623 ad

2008 5674 2203 5720 tantam
2255 5678 2314 5717 se
2366 5661 2786 5733 praecipitassent
2832 5660 3238 5732 improbitatem.
3294 5663 3356 5717 Et
3399 5677 3585 5737 rursus

2016 5761 2154 5816 Deus
2180 5775 2191 5810 :
2220 5756 2330 5828 Ego
2359 5755 2487 5823 dixi,
2522 5752 2606 5809 Dii
2633 5754 2768 5821 estis,
2801 5765 2844 5810 et
2869 5756 2964 5825 ﬁlii
2993 5754 3234 5810 Altissimi
3258 5765 3446 5808 omnes.
3485 5747 3589 5802 los
