4112 6224
524 327 590 384 47
647 270 667 288 κ
1268 327 1326 384 S.
1351 325 1629 383 JOANNIS
1665 323 2126 383 CHRYSOSTOMI
2167 329 2476 384 AllClllEP.
2517 331 3035 389 CONSTANTINOP.
3711 337 3775 392 48

520 453 686 496 autem
714 452 768 497 ut
793 442 1017 497 homines
1053 443 1304 498 morimini
1334 443 1354 515 (
1381 442 1520 499 Psal.
1547 447 1635 500 8|.
1665 444 1791 515 67).
1828 445 1891 499 Et
1927 445 2100 499 consi-

521 532 646 588 dera
677 532 948 602 prepbeta:
969 533 1465 602 prudentiam.Cum
1493 537 1638 604 prius
1666 535 1984 590 ostendisset
2007 535 2096 588 Dei

523 622 838 691 potentiam,
856 621 1178 685 facultatem,
1202 624 1492 690 solertiam,
1516 625 1890 694 benignitatem
1911 634 1968 679 et
1987 625 2097 679 cle-

523 712 775 765 mentiatn
801 750 816 776 ,
848 713 988 781 quod
1033 713 1086 766 in
1113 713 1398 769 afflictione
1422 714 1643 780 dilatet,
1671 715 1812 784 quod
1840 715 2098 770 miserans

521 809 721 852 annuat
743 814 758 850 :
779 799 974 854 deinde
1003 801 1239 870 cogitans
1259 803 1482 858 eﬂ'usum
1507 804 1557 858 in
1585 803 1888 858 hominibus
1913 805 2096 860 vitium

521 900 576 944 et
620 891 950 960 tyrannidem
997 893 1277 962 impietatis
1309 911 1325 950 :
1357 903 1622 965 tamquam
1667 896 1830 950 animi
1870 912 2100 951 maerore

526 979 812 1035 suffocatus
833 1021 848 1044 ,
879 984 1142 1038 convertit
1186 999 1484 1040 sermonem
1511 987 1578 1041 ad
1619 1001 1712 1042 eos
1740 988 1830 1057 qui
1876 987 1926 1040 in
1959 988 2099 1042 vitiis

527 1072 685 1126 vitam
708 1072 923 1143 degunt,
945 1075 1320 1143 propemodum
1343 1075 1698 1132 dicens:Cum
1722 1079 1876 1133 talem
1905 1077 2102 1134 habea-

527 1161 595 1214 tis
641 1161 803 1216 Deum
828 1202 844 1226 ,
883 1163 1018 1219 adeo
1057 1165 1340 1236 benignum
1361 1207 1377 1232 ,
1405 1167 1540 1222 adeo
1581 1168 1898 1224 clementem
1921 1209 1938 1234 ,
1965 1168 2102 1224 adeo

529 1259 818 1317 potentem,
847 1255 1112 1322 quomodo
1136 1255 1440 1312 declinastis
1477 1257 1543 1312 ad
1575 1257 1943 1328 impietatem?
1970 1258 2102 1313 Vide

525 1349 702 1395 autem
721 1352 916 1409 quanta
944 1344 1019 1398 ira
1049 1345 1204 1399 simul
1227 1354 1282 1400 et
1301 1346 1536 1410 lenitate,
1551 1357 1744 1417 quanta
1770 1346 2100 1418 philosophia

523 1431 816 1487 admonitio
843 1435 996 1502 plena
1029 1435 1116 1490 sit.
1145 1436 1282 1504 Quid
1305 1439 1444 1491 enim
1471 1439 1638 1493 dicit?
1665 1437 1789 1492 Filii
1818 1439 2096 1504 hominum,

524 1538 781 1593 quousque
805 1526 946 1594 gravi
973 1527 1169 1580 corde?
1193 1527 1303 1581 Hoc
1331 1536 1413 1583 est
1439 1528 1554 1596 ejus
1578 1529 1666 1599 qui
1696 1531 1928 1598 graviter
1952 1531 2102 1585 inve-

528 1610 674 1666 nitur
697 1609 949 1666 etiam'ex
978 1615 1230 1682 temporis
1256 1615 1622 1672 diuturnitate.
1648 1617 1703 1673 Si
1723 1619 1864 1671 enim
1893 1618 1984 1672 Dei
2010 1618 2105 1672 be-

530 1702 866 1757 nollcentiam
909 1705 978 1759 ab
1017 1705 1168 1760 initio
1211 1722 1315 1760 non
1363 1708 1726 1764 considerasse
1771 1709 1942 1764 scelus
1975 1720 2102 1765 est:

530 1806 690 1860 quam
718 1793 927 1846 veniam
957 1804 1312 1864 consequetur
1330 1837 1344 1861 ,
1371 1797 1459 1867 qui
1487 1797 1626 1853 circa
1660 1799 1932 1853 veritatem
1964 1809 2102 1853 tam-

530 1881 620 1936 diu
647 1883 924 1937 cacutiat?
943 1884 1080 1952 Quid
1101 1895 1180 1941 est
1203 1898 1400 1953 autem,
1433 1903 1550 1944 esse
1572 1891 1723 1959 gravi
1749 1891 1910 1946 corde
1930 1892 1953 1945 ?
1973 1890 2106 1946 Gra-

499 2033 504 2038 ,
534 1984 623 2024 res
650 1971 813 2026 corde
840 1984 1002 2040 sunt,
1032 1975 1124 2046 qui
1154 1985 1276 2030 sunt
1304 1993 1488 2034 crasso
1516 1980 1678 2035 corde
1696 2022 1710 2044 ,
1741 1982 2001 2047 carnales,
2028 1981 2107 2036 af-

533 2061 618 2114 fixi
643 2070 818 2128 terrae,
833 2065 1017 2119 vitium
1042 2078 1344 2136 sequentes,
1361 2070 1750 2140 improbitatem
1770 2082 2102 2139 exercentes,

533 2150 747 2208 libidine
785 2163 837 2209 et
875 2156 1147 2225 voluptate
1183 2161 1418 2229 corrupti
1444 2177 1458 2214 :
1487 2162 1605 2216 talis
1632 2162 1772 2218 enim
1802 2163 1962 2218 homo
1989 2179 2109 2220 car-

535 2240 686 2294 nalis.
717 2242 782 2297 Et
800 2243 959 2297 vitam
989 2259 1171 2300 eorum
1205 2251 1618 2317 reprehendens,
1650 2253 1882 2308 ostendit
1905 2253 2106 2310 fontem

535 2332 821 2402 impietatis
841 2375 856 2400 ,
886 2335 1187 2404 significans
1214 2338 1314 2392 hoc
1353 2340 1430 2394 eis
1469 2357 1587 2396 esse
1622 2344 1851 2398 maximo
1884 2345 2105 2414 impedi-

535 2435 750 2491 mento,
782 2429 1064 2496 quominus
1093 2429 1157 2483 ad
1197 2431 1298 2485 alta
1333 2432 1576 2501 dogmata
1607 2437 1933 2504 perveniant.
1966 2436 2107 2491 Nihil

535 2514 676 2568 enim
705 2531 798 2570 cor
825 2516 960 2572 adeo
986 2529 1266 2588 aggravat,
1301 2531 1356 2576 ut
1402 2523 1564 2578 libido
1592 2525 1762 2589 mala,
1793 2541 1857 2580 ac
1885 2529 2106 2582 saecula-

537 2603 672 2656 rium
719 2613 1154 2676 terrenorumque
1202 2625 1377 2664 rerum
1432 2627 1557 2667 cura
1601 2615 1954 2686 studiumque.
2005 2615 2108 2671 Cor

537 2691 833 2761 liujnsmodi
868 2713 970 2750 non
1013 2701 1270 2753 erraverit
1299 2701 1387 2770 qui
1417 2701 1614 2756 luteum
1644 2705 2021 2772 appellaverit;
2055 2715 2108 2762 et

538 2783 656 2838 ideo
683 2785 731 2836 id
761 2801 920 2854 grave
953 2779 1190 2856 vocavit';
1226 2801 1277 2847 et
1299 2793 1347 2846 id
1376 2794 1511 2848 dixit
1537 2811 1656 2850 esse
1685 2813 1894 2852 causam
1937 2799 2105 2852 malo-

535 2888 672 2940 rum,
705 2875 845 2944 quod
895 2892 1014 2933 cum
1059 2883 1252 2951 auriga:
1296 2882 1470 2939 locum
1515 2894 1730 2954 teneat,
1779 2905 1882 2942 non
1935 2891 2107 2944 solum

533 2977 727 3032 equum
759 2964 978 3023 habenis
1020 2987 1124 3026 non
1163 2973 1407 3029 cohibeat
1428 3017 1443 3041 ,
1471 2977 1562 3031 sed
1588 2977 1745 3032 etiam
1771 2993 1888 3033 cum
1915 2995 1979 3034 eo
2005 2988 2110 3034 tra-

538 3051 696 3109 hente
737 3055 982 3112 deorsum
1028 3063 1417 3130 prmcipitetur;
1447 3081 1674 3136 cumque
1713 3077 1952 3138 oporteat
1987 3085 2106 3124 car-

540 3156 660 3196 nem
688 3143 786 3199 alis
811 3145 1095 3214 instruere,
1124 3151 1400 3206 sublimem
1421 3170 1600 3224 agere,
1621 3167 1674 3212 et
1699 3157 1750 3212 in
1773 3158 1962 3214 caelum
1990 3175 2107 3215 sns-

541 3232 746 3298 tollere,
779 3251 840 3290 ea
867 3252 985 3292 cum
1033 3241 1400 3309 aegritudinum
1431 3247 1742 3314 gravissimo
1771 3264 1931 3305 onere
1953 3251 2110 3306 deor-

537 3337 653 3377 sum
697 3340 801 3380 uua
837 3327 1183 3398 deprimatur.
1214 3333 1436 3401 Quando
1477 3352 1604 3408 ergo
1632 3340 1716 3395 vel
1763 3342 1979 3412 auriga,
2021 3344 2109 3398 vel

537 3414 858 3482 gubernator
897 3421 1017 3476 talis
1056 3422 1245 3491 fuerit,
1273 3442 1514 3495 quaenam
1539 3439 1621 3484 est
1647 3446 1769 3501 spes
1795 3433 2017 3489 salutis?
2041 3434 2111 3491 Ut

539 3505 750 3571 quando
773 3508 918 3574 dicit,
941 3513 1001 3566 Si
1020 3513 1109 3566 tua:
1129 3532 1240 3583 qua:
1267 3519 1319 3570 in
1341 3527 1387 3571 te
1409 3528 1502 3584 est,
1522 3521 1733 3576 teneone
1754 3535 1889 3590 sunt,
1910 3536 2110 3595 quanta

537 3605 655 3648 sunt
681 3599 892 3652 tenebris
919 3601 1143 3670 (Matth.
1175 3607 1230 3660 6.
1258 3605 1392 3676 23)?
1420 3610 1641 3674 Quando
1669 3620 1752 3665 est
1788 3613 2110 3681 gubernator

538 3684 716 3740 ebrius
739 3728 752 3750 ,
784 3698 840 3743 et
865 3691 1117 3746 fluctuum
1144 3709 1206 3749 ac
1230 3706 1507 3752 ventorum
1539 3699 1772 3756 imitatur
1797 3702 2105 3759 inconstan-

541 3775 687 3838 tiam,
715 3781 981 3844 quomodo
1009 3783 1156 3839 navis
1183 3787 1521 3842 servabitur?

610 3868 662 3921 6.
703 3869 839 3936 Quid
873 3887 999 3942 ergo
1036 3883 1208 3943 potest
1248 3877 1416 3934 levem
1443 3880 1671 3934 animam
1710 3881 1961 3938 efficere?
1989 3884 2105 3941 Vita

539 3957 815 4025 mirabilis,
841 3962 884 4014 si
911 3963 977 4016 ad
1008 3965 1201 4019 nullam
1232 3983 1404 4022 rerum
1439 3969 1593 4039 hujus
1621 3971 1744 4026 vita:
1769 3975 2064 4043 aspiremus
2086 4016 2102 4043 ,

538 4061 638 4100 nec
666 4048 887 4117 pedibus
909 4053 1192 4123 quidquam
1210 4057 1484 4128 alligemus
1507 4075 1690 4115 eorum
1712 4077 1828 4132 qure
1856 4063 2102 4120 deorsum

536 4145 592 4191 et
620 4137 877 4208 feruntur,
909 4153 960 4197 et
990 4143 1180 4200 ferunt.
1206 4147 1287 4202 Ex
1315 4153 1625 4218 corporibus
1648 4153 1791 4207 enim
1820 4154 1922 4208 alia
1951 4155 2109 4210 deor-

535 4243 652 4282 sum
683 4227 805 4284 ferri
835 4231 1026 4299 solent,
1052 4244 1111 4289 ut
1139 4235 1360 4305 lapides,
1393 4239 1548 4309 ligna,
1581 4249 1635 4295 et
1661 4258 1780 4312 qua:
1805 4252 1930 4297 sunt
1965 4243 2107 4314 ejus-

535 4319 710 4384 modi;
741 4322 842 4376 alia
872 4339 1001 4380 vero
1037 4341 1278 4394 sursum,
1303 4339 1358 4383 ut
1387 4330 1520 4399 ignis
1539 4371 1554 4397 ,
1581 4335 1823 4400 spiritus,
1853 4342 1906 4390 et
1931 4336 2103 4404 pluma

536 4418 722 4464 natura
765 4427 859 4466 sua
890 4415 1041 4470 levis.
1075 4419 1131 4472 Si
1171 4419 1295 4488 quid
1325 4437 1451 4491 ergo
1481 4433 1665 4479 eorum
1694 4442 1814 4495 qua:
1855 4430 2102 4488 deorsum

533 4495 796 4566 feruntur,
812 4503 860 4556 ei
881 4504 1019 4572 quod
1046 4505 1164 4562 leve
1188 4518 1268 4562 est
1291 4509 1608 4581 alligaveris,
1628 4517 1767 4569 nulla
1797 4527 1878 4572 est
1901 4520 2103 4577 alarum

533 4603 632 4644 nec
661 4591 877 4659 spiritus
905 4597 1105 4650 utilitas
1124 4641 1138 4664 ,
1171 4613 1291 4653 cum
1335 4603 1584 4671 excedat,
1615 4619 1828 4676 superet
1852 4621 1907 4665 et
1931 4612 2106 4666 vincat

531 4680 780 4769 gravitas.
809 4680 883 4736 lta
921 4685 1078 4741 etiam
1112 4689 1156 4742 si
1183 4690 1299 4758 quis
1319 4693 1480 4761 pedes
1507 4694 1747 4752 habuerit
1770 4712 2100 4769 aggravatos,

531 4768 614 4821 vel
663 4783 878 4841 propter
923 4778 1090 4833 malos
1133 4779 1409 4837 affluentes
1451 4783 1736 4853 humores,
1768 4768 1852 4843 vel
1890 4799 2104 4858 propter

530 4858 688 4915 aliam
718 4866 1102 4936 mgritudinem,
1134 4871 1262 4926 nihil
1287 4889 1406 4928 eum
1433 4875 1646 4946 juverit,
1675 4880 1718 4933 si
1747 4881 1815 4933 sit
1842 4881 2099 4950 reliquum

527 4966 723 5022 corpus
763 4955 898 5012 leve.
926 4959 978 5014 Si
1005 4971 1181 5016 autem
1211 4963 1314 5020 hoc
1341 4976 1425 5021 est
1465 4967 1514 5021 in
1563 4970 1873 5038 corporibus
1892 5011 1906 5035 ,
1935 4973 2102 5026 multo

527 5047 694 5115 magis
723 5047 773 5101 in
801 5049 981 5105 corde.
1013 5051 1090 5107 Ne
1117 5053 1275 5124 igitur
1303 5057 1428 5111 illud
1463 5073 1826 5130 aggravemus,
1861 5075 1926 5113 ne
1965 5061 2101 5115 sicut

529 5139 732 5208 navigia
752 5180 768 5206 ,
794 5156 913 5211 qua:
943 5143 1163 5200 nimium
1195 5145 1389 5203 habent
1417 5150 1654 5205 saburra:
1683 5192 1696 5210 ,
1739 5151 2097 5221 demergatur.

527 5227 581 5280 ln
610 5239 788 5284 nostra
819 5233 960 5288 enim
993 5235 1094 5290 hoc
1120 5247 1380 5307 potestate
1410 5241 1566 5294 situm
1589 5251 1687 5294 est.
1719 5240 1832 5293 Non
1854 5243 1994 5295 enim
2019 5253 2100 5298 ta-

527 5319 590 5372 lis
615 5332 697 5375 est
723 5335 927 5391 natura,
955 5329 1046 5382 sed
1071 5329 1187 5386 leve
1212 5340 1267 5385 et
1293 5346 1501 5384 sursum
1523 5332 1744 5386 tendens
1767 5332 1958 5388 factum
1983 5344 2094 5390 est:

527 5423 624 5463 nos
666 5423 840 5468 autem
872 5417 1041 5486 ipsum
1071 5431 1262 5488 prtctcr
1301 5433 1540 5475 naturam
1579 5438 1739 5491 grave
1779 5423 2018 5490 facimus,
2047 5437 2098 5482 ct

527 5500 647 5556 ideo
688 5507 940 5574 propheta
980 5511 1354 5580 reprehendit:
1384 5513 1425 5566 si
1467 5524 1641 5568 autem
1675 5526 1854 5569 natura
1889 5519 1989 5572 tale
2013 5534 2099 5574 es-

525 5601 640 5655 set,
672 5609 1002 5668 nequaquam
1051 5603 1495 5668 reprehendissct.
1529 5605 1592 5659 Ut
1638 5623 1764 5678 ergo
1809 5609 2094 5663 secundum

522 5693 771 5744 naturam
794 5691 1104 5758 incedimus,
1135 5697 1226 5750 scd
1257 5699 1298 5750 si
1329 5713 1674 5768 aggratcmus
1699 5717 1890 5772 genua,
1922 5721 2006 5760 res
2038 5711 2093 5760 lit

2210 459 2400 514 praeter
2427 464 2664 506 naturam
2687 497 2700 518 ,
2732 471 2850 508 cmn
2882 469 2978 509 nos
3003 457 3169 510 simus
3197 454 3432 526 impediti
3459 473 3471 508 :
3505 455 3574 509 ita
3616 457 3775 510 etiam

2207 539 2257 592 in
2288 541 2507 608 pedibus
2530 545 2744 607 mentis,
2765 561 2953 615 nempe
2983 547 3033 600 in
3055 547 3477 616 cogitationibus,
3495 550 3776 602 usuveuire

2203 629 2356 683 solet.
2386 629 2452 684 Ut
2494 634 2617 701 quid
2654 636 2861 706 diligitis
2897 637 3180 700 vanitatem,
3222 645 3269 690 et
3302 638 3524 704 quaeritis
3561 639 3773 690 menda-

2203 721 2376 776 cium?
2428 723 2522 779 Hic
2567 725 2869 792 simulacra,
2925 738 2980 783 et
3026 731 3185 782 vitam
3232 729 3523 798 improbam
3567 731 3772 785 videtur

2205 812 2333 866 mihi
2361 813 2557 869 dicere.
2589 815 2794 871 Vanum
2841 819 2982 872 enim
3012 818 3139 871 illud
3168 817 3362 872 dicitur
3396 819 3539 888 quod
3575 829 3656 873 est
3685 834 3775 872 va-

2203 916 2384 967 cuum,
2407 905 2620 974 quando
2643 922 2835 962 nomen
2861 909 3071 978 quidem
3104 907 3278 973 fuerit,
3307 924 3393 962 res
3421 925 3772 980 nequaquam.
3869 973 3872 976 ,

2204 990 2276 1046 Ita
2305 994 2444 1062 apud
2471 995 2684 1051 Graecos
2711 1000 2920 1052 nomina
2946 999 3159 1068 quidem
3201 999 3421 1054 deorum
3453 1001 3615 1054 multa
3639 1043 3656 1066 ,
3688 1017 3769 1057 res

2203 1097 2332 1137 vero
2361 1085 2612 1152 minime;
2643 1097 2698 1142 et
2746 1089 2797 1142 in
2847 1089 2965 1144 aliis
3008 1089 3294 1144 similiter:
3329 1106 3521 1145 nomen
3567 1091 3766 1146 divitia-

2204 1190 2342 1240 rum,
2375 1190 2462 1231 res
2489 1189 2665 1233 autem
2694 1180 2944 1245 minime;
2974 1189 3029 1235 et
3071 1196 3261 1236 nomen
3291 1181 3471 1251 gloria:
3489 1221 3504 1246 ,
3535 1197 3622 1237 res
3647 1199 3772 1238 vero

2204 1265 2454 1330 minime;
2483 1282 2674 1323 nomen
2701 1269 2968 1338 potentia,
2987 1267 3048 1325 'et
3075 1281 3313 1326 remanet
3341 1271 3515 1327 solum
3553 1288 3770 1346 nomen.

2205 1355 2332 1422 Quis
2357 1369 2437 1410 est
2460 1372 2587 1427 ergo
2611 1359 2744 1414 adeo
2767 1375 2974 1425 excors,
3004 1370 3060 1415 ut
3080 1370 3281 1430 quzerat
3302 1363 3513 1416 nomina
3539 1379 3656 1432 qua:
3686 1380 3770 1419 reo

2205 1433 2304 1501 bus
2325 1447 2680 1504 destituuntur
2698 1490 2713 1514 ,
2743 1460 2792 1506 et
2823 1461 3168 1522 peraequatur
3197 1453 3400 1519 inania,
3426 1470 3544 1524 qum
3567 1464 3774 1524 oportet

2207 1537 2424 1608 fugere?
2442 1541 2630 1594 Annon
2655 1541 2773 1596 vita:
2794 1543 3086 1612 voluptates
3105 1553 3158 1599 et
3179 1543 3456 1600 felicitates
3477 1547 3606 1602 tales
3625 1548 3772 1601 sunt?

2207 1646 2383 1686 nonne
2411 1633 2586 1686 omnia
2607 1635 2946 1700 mentiuntur,
2964 1646 3018 1691 et
3040 1636 3308 1706 decipiunt
3332 1639 3355 1692 ?
3380 1638 3597 1694 Etiamsi
3623 1641 3776 1696 dixe-

2206 1721 2282 1776 ris
2300 1723 2537 1792 gloriam,
2560 1725 2766 1780 etiamsi
2787 1725 3018 1789 divitias,
3040 1728 3245 1782 etiamsi
3272 1729 3574 1797 potentiam,
3599 1733 3773 1785 omnia

2205 1821 2327 1865 sunt
2354 1812 2575 1866 vanitas.
2609 1815 2674 1868 Et
2712 1814 2830 1870 ideo
2853 1816 2986 1870 dixit
3013 1817 3397 1872 Ecclesiastes:
3440 1817 3649 1873 Vanitos
3686 1837 3775 1873 oa-

2207 1901 2436 1964 nitalum,
2460 1912 2506 1956 et
2529 1905 2695 1957 omnia
2718 1906 2911 1959 vanitas
2933 1905 3148 1975 (Eccles.
3186 1907 3231 1960 Ι.
3256 1906 3336 1975 2).
3369 1907 3652 1974 Pr0pterea
3679 1910 3777 1963 do-

2208 1990 2320 2045 lore
2365 1991 2592 2047 afficitur
2641 1993 2891 2062 propheta
2917 2035 2938 2074 ,.
2973 1995 3095 2048 dum
3142 1996 3194 2049 in
3240 1997 3343 2049 vita
3385 1997 3529 2052 videt
3579 2009 3774 2053 tantam

2206 2082 2488 2138 amentiam
2522 2100 2537 2134 :
2566 2083 2784 2151 perinde
2808 2085 2948 2138 enim
2979 2095 3059 2139 est
3095 2100 3158 2140 ac
3197 2087 3242 2140 si
3286 2087 3407 2156 quis
3449 2103 3567 2142 cum
3603 2088 3777 2144 videat

2206 2173 2505 2242 quempiam
2549 2173 2716 2228 lucem
2759 2174 3038 2245 fugientem
3067 2217 3082 2240 ,
3113 2176 3358 2232 tenebras
3387 2186 3563 2233 autem
3593 2193 3773 2248 perse-

2207 2271 2456 2332 quentem
2480 2303 2495 2327 ,
2521 2264 2567 2318 ei
2593 2263 2770 2319 dicat:
2800 2265 2906 2319 Cur
2939 2265 3040 2320 hoc
3076 2265 3203 2320 facis
3242 2267 3376 2322 adeo
3415 2269 3698 2324 absurdum
3723 2279 3777 2324 et

2210 2362 2402 2422 praeter
2429 2354 2726 2414 rationein?
2763 2355 2831 2409 ita
2859 2367 2914 2410 et
2939 2358 3050 2426 ipse
3076 2373 3090 2410 :
3119 2357 3222 2412 Cur
3257 2358 3464 2428 diligitis
3488 2361 3772 2421 vanitatem,

2209 2453 2254 2497 et
2279 2444 2498 2514 queritis
2525 2445 2834 2500 mendacium
2851 2447 2938 2500 24.
2959 2446 3025 2498 Et
3049 2447 3221 2500 scitote
3237 2451 3473 2518 quoniam
3497 2450 3778 2516 miri/ienuit

2209 2533 2455 2590 Dominus
2474 2549 2699 2592 sanctum
2728 2555 2892 2592 suum.
2925 2540 3074 2594 Alius
3099 2541 3358 2610 interpres
3381 2541 3506 2602 dicit
3531 2561 3542 2594 :
3569 2543 3672 2596 Sed
3690 2543 3778 2593 sci-

2208 2635 2308 2680 tote
2325 2629 2560 2696 quoniam
2595 2629 2894 2696 miri/ienuit.

2282 2715 2544 2781 Quomodo
2591 2719 2832 2788 propheta
2861 2719 3083 2773 homines
3113 2721 3179 2772 ad
3205 2722 3535 2791 cognitionem
3573 2722 3666 2775 Dei
3695 2724 3777 2774 in-

2209 2811 2380 2864 ducat.
2410 2809 2518 2864 Via:
2547 2810 2750 2866 Domini
2776 2813 2843 2865 ad
2862 2813 3281 2868 disseminandam
3310 2815 3584 2868 doctrinam
3610 2830 3776 2867 suam.

2207 2934 2278 2944 —
2310 2903 2494 2958 Vidisti
2526 2903 2793 2972 prophette
2812 2905 3162 2973 sapientiam?
3187 2905 3455 2960 Undeuam
3483 2919 3575 2958 eos
3607 2904 3776 2957 addu-

2209 2997 2282 3048 cit
2309 2995 2374 3048 ad
2410 2995 2502 3050 Dei
2541 2996 2930 3064 cognitionem?
2954 2997 2999 3050 Α
3037 2996 3260 3065 quadam
3289 3005 3436 3063 parte
3463 2995 3778 3048 manifestis-

2210 3087 2341 3142 sima
2387 3097 2440 3142 et
2478 3087 2712 3141 moribus
2746 3087 2912 3157 magis
2937 3088 3194 3158 cognitis,
3229 3102 3416 3155 nempe
3451 3086 3681 3154 seipsum
3726 3087 3778 3140 in

2212 3177 2440 3232 medium
2466 3177 2754 3233 adducens.
2775 3177 2906 3248 Ego,
2936 3179 3122 3248 inquit,
3153 3193 3336 3232 servus
3359 3194 3479 3232 sum
3507 3177 3599 3232 Dei
3631 3178 3736 3230 veri
3763 3195 3775 3229 :

2209 3287 2240 3326 a
2269 3287 2354 3327 me
2379 3287 2505 3342 ergo
2528 3272 2641 3342 ejus
2661 3272 2847 3328 discite
2868 3274 3174 3342 potentiam,
3206 3273 3470 3338 virtutem,
3498 3274 3777 3342 providen-

2211 3364 2358 3417 tiam.
2391 3363 2503 3416 Non
2531 3372 2612 3418 est
2640 3363 2780 3418 enim
2803 3363 2904 3418 hoc
2925 3379 3164 3433 parvum,
3189 3364 3326 3433 quod
3351 3365 3496 3419 ducit
3525 3365 3573 3418 in
3602 3367 3780 3433 cogni-

2209 3454 2406 3508 tionem
2451 3453 2565 3508 Dei.
2599 3454 2747 3520 Quod
2789 3455 2996 3524 quidem
3038 3470 3100 3510 ex
3139 3457 3401 3510 creaturis
3445 3455 3614 3524 palam
3659 3455 3780 3508 facit

2210 3543 2464 3614 propheta
2484 3584 2499 3609 ,
2527 3543 2739 3614 quando
2779 3544 2846 3598 de
2886 3544 3002 3612 ejus
3033 3544 3356 3613 providentia
3385 3545 3630 3611 disserit,
3658 3561 3777 3600 cum

2207 3633 2273 3689 ad
2303 3636 2492 3700 solem,
2523 3635 2732 3701 caelum,
2766 3644 2981 3702 terram,
3009 3647 3062 3691 et
3088 3652 3266 3692 aerem
3293 3637 3482 3703 elatus,
3509 3653 3573 3692 ex
3595 3637 3782 3692 ordino

2208 3743 2536 3796 eorumque:
2562 3727 2804 3782 videntur
2844 3727 3096 3796 Opificem
3137 3728 3384 3796 praedicat
3423 3744 3438 3782 :
3478 3743 3776 3783 svrmonem

2207 3835 2417 3890 quoque
2443 3819 2588 3874 ducit
2606 3820 2672 3874 ab
2695 3819 2808 3888 ejus
2833 3820 3022 3884 servis,
3044 3830 3095 3875 et
3117 3817 3184 3876 ab
3206 3821 3268 3874 iis
3292 3837 3410 3891 qum
3431 3822 3545 3891 ipso
3563 3832 3779 3876 auctore

2207 3912 2542 3983 contigerunt
2570 3929 2583 3966 :
2615 3912 2754 3981 qttod
2783 3912 2992 3982 quidem
3023 3915 3181 3968 etiam
3211 3915 3262 3969 in
3287 3914 3548 3968 Abraham
3579 3915 3776 3968 evenit.

2209 4003 2270 4057 Ei
2297 4004 2436 4059 enim
2465 4002 2738 4067 dicebant,
2771 4003 2972 4059 Scimus
2995 4006 3130 4074 quod
3155 4022 3187 4058 a
3219 4005 3321 4058 Deo
3351 4005 3484 4058 renis
3511 4005 3652 4057 nobis
3691 4020 3778 4057 res

2208 4094 2464 4164 (6222.25.
2488 4095 2563 4164 6).
2596 4094 2745 4151 Unde
2772 4096 2957 4150 scitis?
2987 4096 3062 4149 Ex
3089 4095 3324 4154 victoria,
3354 4109 3418 4146 ex
3451 4094 3681 4160 troptnis,
3709 4111 3775 4147 cx

2207 4187 2380 4242 bellis.
2401 4187 2512 4242 Hoc
2540 4189 2696 4242 etiam
2717 4187 2766 4241 in
2787 4187 2980 4241 Judazis
3005 4185 3212 4239 accidit.
3233 4183 3476 4237 Miracula
3497 4183 3635 4235 enim
3657 4198 3777 4251 qua:

2209 4295 2304 4349 pro
2345 4281 2424 4335 eis
2467 4280 2598 4336 facta
2641 4288 2782 4346 sunt,
2811 4280 3068 4332 universae
3113 4285 3265 4330 terra:
3298 4275 3536 4328 timorem
3580 4275 3772 4330 attule-
3829 4307 3837 4314 ~

2207 4381 2364 4435 runt,
2395 4371 2533 4440 quod
2561 4371 2716 4425 etiam
2746 4379 2869 4424 tunc
2896 4368 3029 4422 dixit
3062 4369 3308 4420 meretrix
3342 4365 3428 4418 illa
3461 4365 3774 4420 ll'ericlmu-

2207 4465 2314 4518 tina
2341 4481 2353 4515 :
2383 4463 2566 4516 Cecidit
2589 4463 2640 4516 in
2662 4478 2752 4514 nos
2771 4464 2920 4514 timor
2944 4471 3155 4512 rostrum
3183 4469 3229 4512 et
3259 4469 3441 4510 tremor
3467 4456 3599 4529 (los.
3620 4459 3654 4512 2
3691 4459 3770 4520 9).

2208 4553 2322 4608 Una
2345 4562 2426 4606 est
2447 4567 2574 4621 ergo
2599 4553 2678 4604 via
2709 4566 2770 4605 ea
2797 4567 2912 4620 qua:
2955 4558 3034 4602 est
3083 4565 3175 4617 per
3212 4557 3516 4602 creaturas:
3545 4547 3644 4601 alia
3685 4563 3775 4600 ve-

2206 4656 2286 4706 ro,
2314 4655 2481 4710 eaque
2524 4641 2869 4704 manifestior,
2898 4655 3016 4709 qua:
3056 4647 3138 4692 est
3168 4654 3259 4707 per
3284 4653 3466 4692 servos
3499 4653 3513 4690 :
3543 4645 3593 4689 et
3638 4637 3772 4691 hanc

2209 4736 2345 4790 Deus
2373 4748 2401 4786 a
2429 4733 2605 4786 multis
2626 4743 2768 4786 retro
2793 4732 2998 4785 s:eculis
3019 4729 3310 4784 doctrinam
3339 4728 3695 4783 disseminavit
3721 4728 3770 4781 iu

2206 4842 2520 4897 unaquaque
2566 4826 2920 4894 generatione.
2949 4822 3227 4892 Egyptios
3275 4822 3448 4890 itaque
3488 4819 3666 4874 docuit
3701 4835 3768 4873 ex

2205 4918 2492 4979 Abraham,
2523 4917 2708 4972 Persas
2735 4916 2812 4985 (a)
2842 4930 3021 4969 rursus
3046 4929 3109 4968 ex
3137 4914 3322 4968 eodem
3341 4953 3358 4978 ,
3393 4913 3682 4966 lsmaelitas
3708 4928 3772 4966 t-x

2205 5011 2319 5079 ejus
2355 5011 2632 5078 nepotibus
2654 5049 2668 5071 ,
2699 5017 2749 5062 ct
2776 5008 2906 5062 alios
2933 5005 3360 5069 innumerabiles,
3389 5014 3443 5059 ct
3483 5021 3575 5074 per
3611 5004 3772 5059 .lat-ob

2205 5119 2297 5159 eos
2325 5103 2412 5173 qui
2441 5099 2740 5155 habitabant
2771 5100 2821 5153 in
2847 5098 3240 5168 Mesopotamia.
3271 5097 3428 5152 Vides
3471 5098 3770 5150 universum

2267 5282 2338 5342 (a)
2370 5281 2599 5335 Savilius,
2647 5293 2804 5342 ιιιρσας,
2848 5277 2935 5342 _s_ic
2980 5281 3032 5324 et
3076 5273 3191 5324 alias
3211 5274 3569 5342 Chrysostomus
3591 5271 3774 5324 accolas

2207 5334 2420 5400 Abrahae,
2443 5355 2560 5405 cum
2575 5334 2762 5405 Gerai'is
2775 5334 3039 5405 habitaret,
3061 5343 3226 5405 Persas
3247 5334 3457 5405 sppellat
3475 5347 3488 5391 ;
3509 5342 3772 5405 aequara-

2205 5407 2338 5454 tione
2357 5395 2460 5465 ipse
2485 5402 2676 5465 viderit.
2703 5409 2813 5448 Nam
2843 5399 3039 5465 memini
3062 5398 3125 5446 de
3151 5400 3206 5446 iis
3239 5395 3402 5465 etiam.
3437 5396 3520 5456 qui
3543 5395 3774 5465 diluvium

2205 5456 2579 5530 praecesserunt,
2605 5462 2850 5530 loquutum
2889 5461 3293 5530 chrisostomum,
3337 5456 3448 5530 illos
3465 5456 3636 5530 eodeni
3665 5462 3776 5530 tier-

2203 5521 2369 5576 sarum
2390 5526 2582 5588 nomine
2604 5521 2938 5588 conipel'asse.
2987 5521 3120 5572 Nihil
3147 5522 3323 5571 mirum
3368 5521 3512 5588 igitur
3535 5521 3573 5588 si
3597 5523 3767 5588 Sentia-

2202 5588 2452 5636 cheribuni
2475 5577 2728 5647 aliquando
2750 5597 2920 5646 regem
2940 5591 3185 5647 Persarum
3211 5577 3611 5647 v‘ocavei‘iL'lnfra
3632 5578 3777 5647 etiam

2205 5659 2371 5700 Persas
2394 5638 2593 5695 νοητή-ἴα
2615 5638 2943 5705 ῐῖΙιιᾊεοδῖυιιιο
2960 5640 3314 5707 dejrehendes
3331 5642 3536 5699 Assyrios
3560 5645 3608 5686 et
3634 5638 3775 5697 Early-

2206 5712 2389 5771 Ionios;
2414 5711 2530 5772 quin
2556 5715 2606 5758 et
2627 5702 2852 5756 Abraham
2876 5702 3066 5755 Persam
3089 5711 3222 5752 vocat
3246 5702 3382 5749 intra.

4095 0 4097 16 .

4079 113 4098 196 Α
