4112 6224
320 297 380 350 57
1437 287 1800 344 EXPOSITIO
1841 288 1905 341 IN

2013 288 2268 349 SALMUM
2303 291 2389 346 IV.
3494 306 3561 359 48

316 414 411 467 καὶ
441 415 555 469 υιοί
588 411 877 480 Ὑψίστου
903 409 1146 474 πάντες.
1177 409 1374 478 Ὑμεῖς
1407 410 1571 475 δὲὼς
1593 410 1886 477 ἅνθρωποι

316 509 748 574 ἀποθνήσκετε.
776 509 885 561 Καὶ
921 505 1022 560 θέα
1067 505 1162 559 τοῦ
1209 507 1490 577 Προφήτου
1523 507 1622 576 τὴν
1655 505 1888 560 σύνεσιν.

321 606 509 671 Δείξας
536 605 801 676 πρότερον
822 602 917 655 τοῦ
946 601 1084 654 Θεοῦ
1114 602 1212 672 τὴν
1240 602 1411 671 ἰσχὺν,
1437 602 1611 655 καὶτὸ
1638 600 1888 672 εὔπορον,

320 703 413 754 καὶ
436 701 498 753 :6
527 700 855 770 εὐμήχανον,
885 698 981 750 καὶ
1009 696 1071 749 :6
1098 696 1347 768 χρηστὸν,
1379 696 1473 749 καὶ
1503 695 1565 748 :6
1598 693 1896 766 φιλάνθρωο

323 815 444 862 πον,
471 799 556 852 δτι
586 799 644 850 ἐν
665 794 845 862 θλίψει
872 792 1147 856 πλατύνει,
1169 793 1250 846 ὅτι
1294 793 1458 845 ἐλεῶν
1490 791 1758 845 ἐπινεύει·
1779 787 1895 844 εἶτα

323 893 520 946 ἐννοῶν
539 892 640 962 τὴν
675 889 982 961 κεχυμένην
1017 891 1075 942 ἐν
1101 887 1405 959 ἀνθρώποις
1429 886 1648 950 κακίαν,
1676 886 1770 940 καὶ
1796 886 1895 954 τῆς

323 989 582 1051 ἀσεϐείας
607 989 706 1058 τὴν
735 984 1039 1057 τυραννίδα,
1055 983 1302 1057 καθάπερ
1325 983 1764 1053 ἀποπνιγόμενος
1789 981 1897 1034 61:6

325 1085 423 1156 τῆς
461 1083 723 1154 ἀθυμίας,
746 1081 931 1152 τρέπει
960 1081 1050 1134 τὸν
1077 1080 1233 1148 λόγον
1255 1079 1391 1153 πρὸς
1428 1082 1552 1143 τοὺς
1571 1081 1630 1132 ἐν
1661 1076 1898 1148 πονηρίᾳ

327 1179 562 1244 ζῶντας,
588 1179 861 1249 μονονουχὶ
909 1175 1101 1245 λέγων,
1130 1177 1212 1229 ὅτι
1237 1175 1486 1229 Τοιοῦτον
1511 1175 1724 1244 ἔχοντες
1743 1172 1894 1236 Θεὸν,

330 1276 475 1329 οὕτω
523 1275 786 1346 χρηστὸν,
819 1273 959 1328 οὕτω
1013 1273 1426 1344 φιλάνθρωπον,
1457 1271 1599 1324 οὓτω
1641 1270 1895 1335 δυνατόν’,

333 1374 454 1436 πῶς
481 1375 559 1436 είς
583 1372 830 1426 ἀσέϐειαν
854 1371 1164 1438 ἐξεκλίνατε
1195 1387 1209 1435 ;
1250 1371 1359 1423 Καὶ
1384 1370 1484 1440 δρα
1515 1368 1612 1440 τὴν
1637 1368 1897 1440 παραίνε-

337 1485 443 1530 σιν,
465 1468 633 1538 πόσης
654 1467 789 1538 μετά
813 1466 906 1520 τοῦ
932 1467 1106 1537 θυμοῦ
1133 1467 1297 1537 γέμει
1318 1465 1532 1535 καὶτῆς
1551 1464 1898 1537 προσηνείας,

335 1566 506 1636 πόσης
541 1565 637 1634 τῆς
677 1564 1014 1634 φιλοσοφίας.
1045 1564 1110 1616 Τί
1151 1564 1259 1634 γάρ
1296 1579 1490 1634 φησιν;
1530 1562 1645 1615 Υἱοὶ
1680 1560 1899 1630 ἀνθρώ-

335 1677 480 1724 πων,
507 1661 617 1726 ἕως
636 1664 782 1714 πότε
812 1659 1240 1728 ,ϐαρυκάρδιοω
1277 1658 1535 1714 Ἐνταῦθα
1565 1659 1768 1730 σφόδρα
1783 1657 1898 1711 ἐστὶ

335 1757 743 1828 καθαπτομένου
774 1759 866 1811 καὶ
892 1758 1000 1810 61:6
1023 1757 1116 1811 :06
1151 1757 1359 1830 χρόνου.
1388 1759 1452 1811 EE
1486 1755 1532 1830 [1
1548 1756 1600 1828 ι]
1633 1757 1741 1828 γὰρ
1761 1756 1822 1809 :6
1840 1755 1902 1821 ἐξ

330 1853 504 1923 ἀρχῆς
535 1853 610 1925 μὴ
646 1853 872 1908 συνιδεῖν
895 1854 992 1908 τοῦ
1014 1853 1148 1908 Θεοῦ
1171 1854 1268 1926 τὴν
1293 1854 1608 1926 εὐεργεσίαν
1628 1853 1898 1923 ἔγκλημα,

327 1948 486 2002 ποίαν
514 1948 626 2013 ἕξει
660 1949 989 2020 συγγνώμην
1028 1949 1090 2002 :6
1137 1949 1294 2020 μέχρι
1326 1949 1580 2003 τοσούτου
1628 1950 1762 2021 1:96;
1802 1949 1901 2018 τὴν

327 2044 589 2115 ἀλήθειαν
615 2045 982 2112 τυφλώττειν;
1013 2043 1078 2097 Τί
1100 2043 1155 2097 δέ
1185 2047 1322 2108 ἐστι,
1358 2043 1762 2119 Βαρυκάρδιοις
1791 2045 1904 2097 Πα-

326 2140 643 2210 χυκάρδιοι,
684 2141 974 2210 σαρκικοὶ,
1001 2142 1067 2211 τῇ
1113 2141 1184 2210 γῇ
1230 2139 1674 2211 προσηλωμένοι,
1705 2140 1904 2193 κακίαν

325 2235 649 2300 διώκοντες,
687 2235 953 2308 πονηρίαν
1017 2235 1328 2306 μετιόντες,
1385 2237 1507 2300 ταῖς
1551 2234 1905 2305 ἡδυπαθείαις

328 2333 770 2404 κατασηπόμενοι
807 2349 821 2363 ·
851 2331 1088 2396 τοιοῦτος
1115 2332 1224 2404 γὰρ
1249 2335 1278 2386 6
1306 2333 1571 2405 σαρκικὸς
1597 2332 1900 2404 ἄνθρωπος.

331 2428 440 2480 Καὶ
469 2427 770 2481 διαϐάλλων
805 2428 985 2480 αὐτῶν
1019 2429 1112 2482 τὸν
1141 2428 1276 2497 βίον,
1303 2429 1546 2482 δείκνυσι
1597 2428 1696 2497 τὴν
1724 2428 1905 2498 πηγὴν

337 2521 435 2589 τῆς
486 2521 754 2584 ἀσεϐείας,
787 2521 963 2588 δηλῶν
989 2523 1069 2574 δτι
1099 2521 1261 2574 τοῦτο
1289 2521 1525 2590 μάλιστά
1550 2523 1666 2574 ἐστι
1687 2522 1748 2574 :6
1773 2521 1908 2591 πρὸς

340 2614 407 2666 :6
443 2613 692 2683 δόγματα
740 2616 924 2677 αὐτοῖς
956 2613 1241 2684 ἐμποδίζον
1270 2615 1339 2666 τὰ
1371 2613 1571 2682 ὑψηλά.
1614 2613 1776 2666 Ούδὶν
1805 2613 1914 2681 γὰρ

338 2707 481 2761 οὕτω
503 2707 728 2778 βαρεῖαν
758 2707 990 2779 καρδίαν,
1008 2709 1256 2774 ποιεῖ,ὠς
1286 2707 1548 2778 ἐπιθυμία
1571 2705 1800 2775 πονηρὰ,
1823 2706 1916 2759 καὶ

338 2805 368 2874 η
402 2803 538 2873 πρὸς
559 2803 628 2855 τά
649 2803 874 2872 βιωτικά
897 2803 1225 2874 συμπάθεια,
1242 2802 1413 2856 καὶτὸ
1440 2800 1822 2874 προσηλῶσθαι
1848 2802 1915 2872 τῇ

335 2899 426 2967 γῇι
459 2897 569 2969 Τὴν
595 2899 852 2968 τοιαύτην
877 2899 974 2951 οὐκ
1001 2899 1068 2952 ἄν
1096 2915 1180 2960 τις
1224 2897 1460 2968 ἁμάρτοι
1500 2895 1734 2967 πηλίνην
1781 2911 1916 2966 καρ-

334 2993 452 3046 δίαν
478 2992 789 3064 προσειπών
808 3012 821 3022 ·
855 2992 936 3046 διὸ
970 2994 1062 3046 καί⁵
1089 2993 1310 3064 βαρεῖαν
1347 2991 1517 3063 αὐτὴν
1544 2991 1768 3044 ἐκάλεσε
1788 3007 1801 3020 ·
1821 2991 1916 3044 καὶ

335 3087 441 3141 τῶν
481 3087 667 3142 κακῶν
717 3087 888 3141 αίτιον
923 3087 1080 3142 τοῦτο
1119 3087 1324 3160 ἔφησεν
1367 3083 1542 3152 εἷναι,
1573 3088 1654 3140 ὅτι
1700 3087 1914 3158 ἡνιόχου

337 3182 487 3247 τάξιν
535 3183 825 3253 ἐπέχουσα,
855 3185 915 3237 ού
947 3184 1103 3254 μόνον
1131 3185 1194 3237 ού
1235 3185 1452 3254 κατέχει
1481 3184 1574 3238 τὸν
1603 3183 1764 3237 ἵππον
1795 3186 1915 3248 ταῖς

339 3277 552 3349 ἡνίαις,
575 3279 712 3332 ἀλλά
755 3283 847 3332 καὶ
878 3280 1015 3350 αὑτὴ
1063 3280 1426 3350 καταφέρεται
1469 3279 1741 3350 συρομένη
1766 3295 1780 3310 ·
1823 3280 1916 3332 καὶ

341 3375 461 3428 δέον
490 3374 723 3444 πτεροῦν
747 3374 844 3446 τὴν
870 3375 1066 3446 σάρκα,
1100 3377 1194 3429 καὶ
1226 3377 1518 3447 μετάρσιον
1568 3375 1914 3447 ἐργάζεσθαι,

343 3470 439 3524 καὶ
470 3471 605 3541 πρὸς
631 3470 723 3522 τὸν
767 3470 994 3540 οὐρανὸν
1024 3471 1268 3539 ἀνάγειν,
1297 3475 1330 3542 ἡ
1373 3471 1429 3525 δὲ
1489 3472 1916 3541 συγκαθέλκεται

341 3565 421 3636 τῷ
455 3565 744 3638 βαρυτάτῳ
779 3566 888 3620 τῶν
939 3568 1262 3639 νοσημάτων
1306 3569 1531 3640 φορτίῳ.
1568 3571 1735 3624 Ὅταν
1767 3565 1860 3624 οῦν
1889 3573 1918 3624 6

344 3662 555 3732 ἡνίοχος
592 3663 829 3726 τοιοῦτος
854 3658 912 3736 ᾖ,
944 3664 976 3735 ἢ
1009 3666 1038 3717 6
1090 3666 1452 3739 κυϐερνήτης,
1491 3669 1616 3721 ποία
1646 3667 1919 3740 σωτηρίας

348 3759 538 3824 ἐλπίς;
581 3759 790 3829 Ὠσπερ
821 3761 948 3815 ὅταν
999 3761 1168 3834 λέγῃ,
1208 3766 1279 3818 El
1322 3765 1385 3817 τὸ
1415 3763 1541 3832 φῶς
1583 3765 1646 3818 τὸ
1689 3765 1758 3818 ἐν
1819 3765 1920 3820 σοι

349 3855 571 3921 σκότος
595 3855 747 3919 ἐστὶ,
779 3857 842 3909 τὸ
870 3857 1092 3924 σκότος
1119 3860 1350 3924 πόσον;
1393 3862 1560 3914 Ὀταν
1595 3863 1624 3915 6
1653 3863 1919 3934 κυϐερνή-

350 3966 448 4021 της
476 3949 648 4024 μεθύῃ
669 3951 764 4004 καὶ
793 3951 902 4006 τῶν
939 3955 1198 4022 κυμάτων
1220 3956 1312 4008 καὶ⁹
1353 3955 1461 4009 τῶν
1507 3959 1831 4029 πνευμάτων
1861 3959 1920 4012 :6

351 4047 582 4101 ἄτακτον
611 4048 866 4118 μιμῆται,
892 4048 1007 4114 πῶς
1042 4049 1343 4121 σωθήσεται
1375 4054 1410 4122 η
1440 4052 1605 4120 ναῦς;

425 4148 498 4207 ς’.
524 4139 596 4196 Τί
615 4142 706 4196 οὖν
734 4142 955 4199 δύναται
987 4144 1198 4217 κούφην
1229 4147 1329 4219 τὴν
1359 4147 1536 4218 ψυχὴν
1569 4151 1769 4216 ποιεῖν;
1805 4147 1923 4212 Bia;

351 4240 665 4309 θαυμαστὸς
683 4279 699 4303 ,
731 4241 792 4294 :6
830 4242 965 4313 1:96;
1007 4243 1174 4315 μηδὲν
1201 4244 1310 4298 τῶν
1339 4244 1572 4298 ἐνταῦθα
1603 4247 1886 4316 κεχηνέναι
1906 4284 1922 4308 ,

355 4337 489 4408 μηδέ
519 4340 630 4400 τοῖς
670 4337 826 4391 ποσὶν
871 4337 1036 4392 αὐτοῦ
1070 4339 1433 4411 προσδεσμεῖν
1477 4339 1546 4394 τὰ
1571 4341 1722 4394 κάτω
1763 4341 1925 4412 φερό-

355 4432 494 4502 μενά
515 4449 574 4484 τε
603 4434 700 4486 καὶ
720 4434 971 4504 φέροντα.
997 4433 1119 4488 Τῶν
1143 4452 1250 4508 γαρ
1282 4437 1550 4507 σωμάτων
1568 4437 1635 4491 :6
1653 4438 1754 4509 μὲν
1778 4439 1928 4493 κάτω

351 4527 616 4600 φέρεσθαι
644 4528 854 4597 είωθεν,
881 4526 992 4585 οἷον
1019 4530 1177 4599 λίθοι,
1206 4533 1302 4587 καὶ
1333 4533 1496 4601 ξύλα,
1525 4535 1619 4589 καὶ
1651 4535 1829 4589 πάντα
1859 4535 1926 4589 τά

352 4623 577 4678 τοιαῦτα
594 4640 608 4654 ·
633 4623 703 4676 τὰ
726 4625 783 4678 δὲ
811 4626 943 4692 άνω,
975 4621 1086 4682 οἷον
1109 4627 1241 4701 πῦρ,
1267 4633 1363 4684 καὶ
1395 4632 1641 4702 πνεῦμα,
1668 4633 1761 4686 καὶ
1793 4649 1925 4686 πτε-

354 4720 466 4790 ρῶν
493 4718 654 4788 φύσις
688 4720 922 4790 κούφων.
963 4724 1059 4777 “Av
1099 4720 1192 4780 οὖν
1231 4743 1284 4779 τι
1312 4725 1421 4780 τῶν
1463 4727 1614 4781 κάτω
1654 4729 1926 4800 φερόντων

353 4815 431 4885 τῷ
456 4816 644 4886 κούφῳ
670 4817 1000 4891 προσδήσῃς,
1027 4820 1180 4875 οὐδὲν
1203 4822 1309 4878 τῶν
1335 4823 1550 4895 πτερῶν
1571 4824 1780 4894 δφελος,
1805 4825 1926 4879 οὐδὲ

354 4911 447 4964 τοῦ
482 4912 821 4984 πνεύματος,
850 4915 942 4969 τοῦ
983 4916 1180 4989 βάρους
1213 4919 1630 4990 ὑπερϐαίνοντος
1657 4921 1756 4992 τὴν
1790 4939 1926 4993 συμο

360 5009 609 5079 μετρίαν,
641 5011 738 5064 καὶ
766 5011 1026 5078 νικῶντος
1057 5014 1152 5069 καὶ
1179 5017 1612 5089 περιγινομένου.
1647 5018 1803 5072 υῦτω
1835 5021 1928 5072 καὶ

360 5104 524 5167 πόδας
567 5104 633 5158 ἂν
675 5106 774 5179 ἔχῃ
809 5125 893 5172 τις
924 5109 1364 5184 βεϐαρημένους,
1396 5112 1429 5183 ἢ
1479 5113 1656 5184 χυμοῦ
1691 5113 1926 5186 πονηροῦ

352 5201 749 5274 ἐπεισρέοντος,
777 5207 810 5277 ἢ
838 5207 1021 5281 ἐτέρου
1043 5209 1190 5273 τινὸς
1217 5210 1541 5282 νοσήματος,
1567 5212 1717 5265 οὐδὲν
1739 5211 1928 5282 δφελος

355 5296 504 5368 αὐτῷ
538 5299 632 5354 τοῦ
669 5299 856 5355 λοιποῦ
904 5304 1155 5376 σώματος
1195 5305 1349 5370 δντος
1393 5306 1616 5376 κούφου.
1650 5307 1714 5361 El
1746 5308 1802 5362 δὲ
1836 5309 1929 5362 ἐπὶ

357 5394 626 5462 σωμάτων
652 5397 830 5461 τοῦτο,
860 5398 1039 5469 πολλῷ
1072 5401 1270 5470 μᾶλλον
1298 5401 1392 5454 ἐπὶ
1424 5402 1670 5474 καρδίας.
1705 5403 1796 5475 Μὴ
1821 5404 1930 5457 τοί-

355 5505 449 5540 νυν
492 5492 738 5564 ποιῶμεν
785 5493 956 5564 αὐτὴν
986 5494 1229 5566 βαρεῖαν,
1263 5498 1350 5551 ίνα
1389 5500 1463 5569 μὴ
1494 5501 1633 5554 κατὰ
1673 5500 1740 5554 τά
1773 5503 1930 5554 πλοῖα

357 5580 428 5635 τὰ
465 5579 664 5660 πολλὴν
694 5588 885 5659 ἔχοντα
926 5589 1025 5661 τὴν
1055 5590 1281 5662 ψάμμον
1311 5596 1788 5669 καταποντίζηται.
1842 5598 1931 5651 Ἐν

359 5683 491 5752 ημῖν
511 5695 619 5758 γαρ
643 5686 827 5742 :06:0.‘
849 5686 922 5740 06
951 5687 1060 5758 γὰρ
1083 5688 1146 5758 τῇ
1184 5689 1340 5757 φύσει
1363 5693 1584 5764 τοιαύτη
1610 5694 1775 5761 ἐστὶν,
1797 5695 1932 5751 ἀλλά

1994 413 2059 482 τῇ
2088 411 2245 479 φύσει
2266 414 2452 481 γέγονε
2478 413 2652 485 κούφη
2681 417 2774 468 καὶ
2796 416 3099 489 ἀνωφερὴς,
3117 420 3287 496 ’ἡμεῖς
3313 419 3369 473 δέ
3391 420 3564 494 αὐτὴν

1993 503 2143 570 παρᾶ
2173 501 2332 569 φύσιν
2369 502 2591 573 βαρεῖαν
2637 503 2928 576 ποιοῦμεν·
2974 506 3053 560 διὸ
3093 511 3187 562 καὶ
3223 510 3252 562 6
3275 501 3564 583 Προφήτης

1996 589 2246 657 ἐγκαλεῖ·
2281 591 2328 642 εί
2349 592 2403 644 δὲ
2425 593 2648 660 φυσικὸν
2671 589 2758 664 ἦν,
2789 598 2888 648 ούκ
2915 595 2980 650 ἂν
2999 596 3334 652 ἐνεκάλεσεν.
3359 601 3566 674 ’Ὠσπερ

1994 675 2085 732 οὖν
2115 681 2253 734 κατά
2283 681 2442 748 φύσιν
2483 684 2613 753 ἡμῖν
2646 685 2707 736 :6
2731 683 2986 755 βαδίζειν,
3024 687 3090 741 ἂν
3120 689 3177 742 δέ
3211 689 3468 762 βαρῶμεν
3494 691 3568 745 :6

1997 771 2218 839 γόνατα,
2256 774 2406 844 παρὰ
2455 773 2614 844 φύσιν
2650 776 2856 844 γίνεται
2881 779 2941 832 :6
2970 782 3224 851 πρᾶγμα,
3258 783 3567 854 πεπεδημέ-

1995 881 2101 916 νων
2127 862 2299 932 ἡμῶν·
2321 865 2464 918 οὕτω
2485 865 2600 938 [15]
2626 869 2717 920 καὶ
2740 869 2832 922 ἐπὶ
2853 869 2960 922 τῶν
2983 871 3157 925 ποδῶν
3185 872 3286 940 τῆς
3303 871 3565 942 ᾄιανοίας,

1997 957 2139 1024 λέγω
2178 959 2242 1029 δὴ
2287 959 2396 1012 τῶν
2440 959 2744 1030 λογισμῶν,
2779 962 3094 1032 συμϐαίνειν
3119 964 3328 1021 είωθεν.
3351 966 3478 1022 Ἵνα
3506 966 3565 1022 τι

2000 1045 2264 1114 ἀγαπᾶτε
2301 1049 2685 1116 ματαιότητα,
2743 1051 2840 1104 καὶ
2884 1050 3100 1120 ζητεῖτε
3142 1053 3403 1123 ψεῦδος
3446 1057 3566 1110 Ἐν-

1999 1136 2174 1190 ταῦθα
2207 1140 2299 1191 καὶ¹
2329 1138 2396 1190 :6
2440 1139 2690 1191 είδωλικά
2726 1157 2814 1210 μοι
2841 1141 2985 1194 δοκεῖ
3009 1143 3208 1211 λέγειν,
3253 1147 3347 1198 καὶ
3376 1147 3468 1198 τὸν
3507 1148 3566 1199 ἐν

2000 1231 2234 1300 πονηρίᾳ
2271 1229 2402 1300 βίον.
2434 1232 2676 1285 Μάταιον
2707 1232 2815 1304 γὰρ
2853 1234 3026 1286 ἐκεῖνο
3062 1234 3280 1302 λέγεται
3303 1237 3363 1290 :6
3388 1237 3567 1301 κενὸν,

1997 1323 2126 1376 ὅταν
2155 1321 2321 1392 δνομα
2353 1322 2452 1392 μὲν
2496 1318 2551 1396 ᾖ,
2581 1326 2814 1396 πρᾶγμα
2839 1325 2895 1378 δὲ
2925 1327 3000 1397 μὴ
3108 1326 3263 1381 Οὕτω
3286 1329 3436 1398 παρά
3457 1331 3569 1390 τοῖς

2000 1413 2257 1484 Ἕλλησιν
2299 1415 2535 1486 ὀνόματα
2587 1417 2684 1487 μὲν
2735 1417 2873 1471 θεῶν
2910 1418 3115 1484 πολλὰ,
3169 1420 3468 1490 πράγματα
3513 1419 3570 1472 δὲ

1999 1504 2266 1575 οὐδαμοῦ·
2322 1507 2414 1559 καὶ
2452 1507 2543 1560 ἐπὶ
2586 1508 2694 1560 τῶν
2734 1508 2908 1564 ἄλλων
2939 1509 3171 1580 ὁμοίως·
3211 1509 3382 1580 δνομα
3409 1509 3571 1562 πλού-

1999 1611 2114 1657 του,
2149 1597 2382 1666 πρᾶγμα
2407 1596 2462 1650 δὲ
2501 1598 2737 1669 οὐδαμοῦ
2756 1616 2769 1629 ·
2804 1599 2897 1652 καὶ
2925 1599 3095 1669 ὄνομα
3115 1599 3302 1669 δόξης,
3340 1601 3573 1670 πρᾶγμα

1999 1687 2056 1740 δὲ
2093 1685 2364 1756 οὐδαμοῦ·
2406 1685 2576 1757 ὄνομα
2606 1688 2954 1755 δυναστείας,
2999 1689 3092 1742 καὶ
3131 1687 3281 1758 μένει
3311 1688 3466 1757 ψιλὸν
3509 1687 3574 1742 :6

1999 1774 2189 1844 δνομα.
2240 1775 2336 1838 Τίς
2388 1771 2481 1829 οὖν
2514 1775 2683 1840 οὕτως
2727 1777 2972 1846 ἀνόητος,
3007 1776 3083 1840 ὼς
3115 1777 3354 1847 ὀνόματα
3388 1775 3575 1846 ζητεῖν

2002 1864 2342 1934 πραγμάτων
2385 1864 2591 1936 ἔρημα,
2627 1866 2721 1919 καὶ
2751 1865 2821 1918 :6
2843 1865 3065 1919 διάκενα
3093 1863 3314 1918 διώκειν
3333 1904 3349 1929 ,
3382 1864 3418 1920 6
3443 1864 3573 1934 φεύ-

2002 1971 2119 2024 γειν
2142 1955 2250 2020 δεῖ;
2283 1955 2354 2008 Ἢ
2383 1956 2445 2008 οὐ
2481 1954 2725 2008 τοιαῦται
2757 1957 2851 2010 καὶ
2883 1957 2938 2009 αι
2966 1955 3152 2026 ἡδοναὶ
3180 1954 3273 2009 τοῦ
3303 1954 3442 2025 βίου,
3479 1955 3574 2008 καὶ

2005 2049 2060 2100 αἱ
2091 2046 2414 2116 εὐπραγίαις
2451 2047 2513 2099 ού
2555 2046 2730 2100 πάντα
2759 2047 3011 2116 ψεύδεται
3049 2048 3144 2100 καὶ
3181 2048 3399 2118 άπατᾷς
3455 2047 3578 2100 Κᾶν

2003 2135 2161 2200 δόξαν
2205 2137 2364 2209 εἴπῃς
2385 2175 2399 2199 ,
2451 2135 2554 2189 κᾶν
2591 2135 2852 2200 πλοῦτον,
2881 2138 2986 2192 κάν
3029 2136 3366 2198 δυναστείαν,
3399 2135 3574 2189 πάντα

2007 2226 2322 2298 ματαιότης.
2356 2227 2446 2280 Διὸ
2473 2227 2566 2281 καὶ
2595 2228 2624 2281 6
2661 2227 3086 2299 Ἐκκλησιαστὴς
3108 2227 3260 2295 ἔλεγε
3277 2243 3293 2260 ·
3320 2225 3578 2280 Ματαιό-

2003 2335 2112 2386 της
2146 2315 2574 2386 ματαιοτήτων.
2629 2317 2705 2372 τὰ
2737 2315 2934 2372 πάντα
2971 2319 3317 2388 ματαιότης.
3363 2317 3461 2371 Διὰ
3510 2316 3579 2387 δὴ

2002 2407 2176 2462 ταῦτα
2204 2407 2451 2461 όδυνᾶται
2479 2409 2509 2460 6
2539 2406 2846 2479 Προφήτης,
2877 2407 3148 2478 τοσαύτην
3177 2407 3401 2476 ἀλογίαν
3433 2405 3578 2478 ὁρῶν

2007 2499 2064 2549 ἐν
2095 2496 2174 2567 τῷ
2205 2497 2320 2566 βίῳ.
2355 2499 2565 2570 Ὠσπερ
2594 2499 2704 2572 γὰρ
2732 2499 2798 2554 ἂν
2823 2500 2874 2553 εῐ
2891 2516 2976 2563 τις
3003 2498 3126 2554 ίδὼν
3153 2516 3273 2553 τινα
3304 2498 3579 2568 φεύγοντα

2011 2587 2146 2653 φῶς,
2186 2585 2445 2640 διώκοντα
2481 2589 2538 2641 δέ
2575 2590 2793 2653 σκότος,
2822 2589 2985 2659 λέγῃ·
3007 2592 3123 2646 Ἵνα
3135 2589 3190 2642 τί
3223 2589 3380 2642 τοῦτο
3404 2589 3579 2660 ποιεῖς

2012 2676 2074 2728 :6
2106 2677 2442 2745 παράλογον;
2483 2679 2626 2733 οὕτω
2665 2680 2761 2734 καὶ
2806 2681 2986 2744 αὐτός’
3025 2682 3156 2735 Ἵνα
3202 2680 3260 2733 τί
3313 2677 3582 2749 ἀγαπᾶτε

2011 2767 2402 2834 ματαιότητα,
2444 2769 2538 2820 καί
2585 2767 2804 2834 ζητεῖτε
2828 2768 3088 2835 ψεῦδοςς
3135 2772 3240 2824 Καὶ
3266 2768 3452 2838 γνῶτε
3491 2769 3581 2820 ὅτι

2015 2857 2441 2927 ἐθαυμάστωσε
2486 2860 2699 2926 Κύριος
2747 2858 2852 2911 τὸν
2896 2857 3066 2910 ὅσιον
3108 2857 3312 2912 αὐτοῦ.
3359 2859 3583 2928 Ἕτερος

2016 2953 2353 3022 ἑρμηνευτής
2391 2968 2586 3021 φησιν,
2631 2950 2811 3005 Ἀλλὰ
2852 2949 3035 3020 γνῶτε
3073 2947 3162 3004 ὅτι
3208 2949 3586 3019 ἐθαυμάστωο

2014 3061 2146 3098 σεν.

2087 3129 2241 3196 Εἶδες
2265 3131 2456 3202 σοφίαν
2480 3132 2758 3204 Προφήτου
2779 3149 2793 3196 ;
2825 3131 2995 3186 Πόθεν
3021 3131 3218 3196 αὐτοὺς
3239 3132 3428 3201 ἀνάγει
3451 3131 3588 3203 πρὸς

2015 3224 2114 3296 τὴν
2145 3222 2499 3291 θεογνωσίαν;
2544 3223 2672 3275 Ἀπὸ
2703 3223 3040 3292 σαφεστάτου
3077 3221 3282 3293 μέρους
3318 3221 3463 3285 τινὸς
3492 3221 3586 3275 καὶ

2016 3316 2215 3386 τρόπου
2244 3315 2664 3386 γνωριμωτέρου
2682 3357 2694 3380 ,
2723 3313 2913 3367 ἐαυτὸν
2942 3315 3020 3377 εἰς
3049 3313 3212 3385 μέσον
3242 3312 3580 3384 παρατιθείς.

2029 3400 2170 3470 Ἐγὼ
2195 3399 2378 3464 δοῦλός
2411 3402 2546 3472 είμι,
2579 3402 2748 3473 φησὶ,
2772 3400 2868 3454 τοῦ
2895 3401 3029 3456 Θεοῦ
3061 3402 3156 3456 τοῦ
3189 3402 3423 3476 ἀληθοῦς
3443 3419 3458 3434 ·
3488 3403 3584 3457 ἀπ’

2017 3491 2150 3564 ἐμοῦ
2181 3492 2358 3546 τοίνυν
2399 3493 2598 3563 μάθετε
2645 3493 2808 3546 αὑτοῦ
2839 3493 2936 3564 τὴν
2963 3493 3219 3564 δύναμιν,
3269 3496 3367 3568 τὴν
3399 3496 3582 3566 ἰσχὺν,

2016 3582 2115 3654 τὴν
2148 3583 2488 3654 κηδεμονίαν.
2529 3585 2602 3638 Ού
2643 3585 2835 3656 μικρὸν
2869 3585 2978 3658 γὰρ
3015 3586 3175 3640 τοῦτο
3199 3587 3260 3640 :6
3289 3587 3585 3656 κεφάλαιον

2018 3675 2097 3738 εἰς
2133 3675 2458 3742 θεογνωσίαν
2506 3675 2658 3744 ἄγον.
2708 3678 2860 3730 Ποιεῖ
2890 3679 2988 3748 μὲν
3015 3678 3124 3750 γάρ
3157 3678 3314 3732 τοῦτο
3353 3679 3586 3750 φανερὸν

2019 3767 2110 3820 καὶ
2139 3767 2246 3821 61:6
2275 3768 2384 3821 τῶν
2423 3771 2736 3840 κτισμάτων
2770 3772 2800 3825 6
2831 3770 3136 3842 Προφήτης,
3171 3772 3299 3826 δταν
3331 3773 3460 3843 περὶ
3489 3771 3588 3840 τῆς

2020 3856 2273 3927 προνοίας
2303 3857 2467 3911 αὑτοῦ
2500 3858 2846 3928 διαλέγηται,
2881 3861 2974 3913 ἐπὶ
3004 3861 3096 3914 τδν
3135 3861 3321 3932 ἥλιον,
3364 3862 3457 3915 καὶ
3496 3859 3590 3913 τὸν

2019 3949 2266 4019 οὐρανὸν,
2295 3950 2389 4003 καὶ
2417 3950 2516 4021 τὴν
2552 3950 2658 4020 γῆν
2679 3992 2695 4016 ,
2722 3951 2818 4004 καὶ
2842 3952 2934 4006 τὸν
2964 3953 3102 4024 ἀέρα
3136 3953 3466 4024 φερόμενος,
3494 3951 3592 4006 καὶ

2022 4045 2130 4098 61:6
2169 4045 2268 4114 τῆς
2295 4046 2353 4096 ἐν
2382 4048 2493 4107 τοῖς
2528 4045 2824 4114 ὁρωμένοις
2857 4046 3102 4111 εὐταξίας
3129 4047 3220 4102 τδν
3242 4047 3583 4118 Δημιουργδν

2024 4140 2414 4211 ἀνακηρύττων
2438 4156 2452 4169 ·
2501 4141 2642 4192 κινεῖ
2693 4139 2749 4192 δὲ
2800 4139 2895 4197 καὶ
2947 4140 3040 4194 τὸν
3088 4142 3198 4194 ἀπὸ
3247 4143 3356 4195 τῶν
3389 4141 3592 4195 δούλων

2025 4235 2191 4291 αὐτοῦ
2217 4234 2395 4304 λόγον,
2429 4234 2520 4289 καὶ
2549 4225 2654 4288 τῶν
2681 4233 2776 4290 ἀπ’
2806 4234 2972 4290 αὐτοῦ
3009 4236 3410 4307 συμϐαινόντων
3429 4253 3443 4267 ·
3475 4237 3504 4289 δ
3526 4237 3591 4307 δὴ

2025 4335 2118 4388 καὶ
2152 4332 2246 4388 ἐπὶ
2288 4332 2382 4386 τοῦ
2437 4331 2685 4404 Ἀϐραὰμ
2731 4334 2972 4402 γέγονεν.
3017 4333 3240 4403 Ἔλεγον
3272 4333 3380 4406 γὰρ
3426 4331 3593 4402 αὐτῷ,

2021 4429 2306 4499 Οιδαμεν,
2337 4429 2500 4500 φησὶν
2516 4468 2532 4492 ,
2563 4427 2651 4484 ὅτι
2673 4429 2792 4484 ἀπὸ
2816 4429 2923 4485 τοῦ
2954 4429 3104 4485 Θεοῦ
3126 4429 3271 4500 ἡμῖν
3292 4429 3460 4497 ἥκεις
3475 4428 3594 4493 ,βα-

2025 4527 2252 4593 σιλεύς.
2302 4525 2469 4580 Πόθεν
2510 4525 2719 4595 οίδατε;
2775 4527 2909 4581 ’Δπὸ
2957 4529 3057 4599 τῆς
3105 4527 3291 4599 νίκης,
3330 4527 3438 4582 61:6
3485 4527 3596 4580 τῶν

2026 4623 2336 4696 τροπαίων,
2385 4623 2492 4678 61:6
2533 4622 2641 4676 τῶν
2695 4624 2962 4696 πολέμων.
3019 4625 3190 4679 Τοῦτο
3233 4626 3328 4680 καὶ
3361 4626 3452 4680 ἐπὶ
3484 4625 3595 4680 τῶν

2040 4720 2308 4775 Ἰουδαίων
2353 4719 2572 4791 συνέϐη.
2609 4719 2689 4774 T6
2711 4721 2820 4790 γὰρ
2850 4721 3102 4792 θαύματα
3137 4719 3204 4775 :6
3241 4723 3378 4795 ὑπὲρ
3416 4723 3593 4777 αὐτῶν

2025 4817 2305 4888 γινόμενα,
2348 4818 2528 4871 πᾶσαν
2573 4816 2672 4888 τὴν
2693 4817 2794 4888 γῆν
2835 4823 2920 4881 εις
2947 4817 3109 4888 φόϐον
3145 4818 3424 4873 ἐνέϐαλεν·
3456 4821 3595 4891 ὅπερ

2027 4917 2180 4986 καὶὴ
2228 4915 2401 4986 πόρνη
2446 4918 2564 4967 τότε
2599 4915 2633 4986 ἡ
2673 4914 3021 4984 Ἱεριχουντία
3048 4914 3262 4985 ἔλεγεν,
3303 4917 3385 4969 ὅτι
3424 4915 3594 4970 Ἑπέ-
3645 4967 3648 4972 .

2026 5030 2216 5068 πεσεν
2238 5013 2330 5081 ἐφ’
2362 5011 2521 5082 ἡμᾶς
2554 5015 2587 5066 ό
2616 5013 2797 5082 φόϐος
2825 5011 2993 5082 ὑμῶν
3023 5013 3122 5067 καὶ
3153 5015 3186 5067 ό
3211 5013 3445 5082 τρόμος.
3480 5010 3596 5064 Μία

2026 5110 2205 5164 τοίνυν
2233 5107 2346 5170 ὁδὸς
2373 5109 2406 5178 ἠ
2437 5107 2524 5160 διὰ
2553 5107 2661 5162 τῶν
2686 5107 3000 5179 κτισμάτων
3025 5125 3038 5137 ·
3091 5108 3256 5178 ἐτέρα
3301 5107 3398 5158 καὶ
3431 5097 3616 5170 σαφε-’

2030 5207 2194 5278 στέρα
2221 5207 2254 5276 ὴ
2297 5204 2384 5258 διά
2423 5204 2530 5258 τῶν
2555 5203 2789 5259 δούλων·
2819 5205 2914 5258 καὶ
2953 5204 3156 5274 ταύτην
3180 5200 3386 5256 ἄνωθεν
3417 5199 3446 5250 6
3465 5196 3597 5261 Θεὸς

2031 5303 2361 5374 κατέσπειρε
2411 5300 2534 5355 καθ’
2575 5300 2812 5372 ἑκάστην
2854 5298 3048 5368 γενεάν
3080 5297 3178 5367 τὴν
3225 5292 3594 5350 διδασκαλίαν.

2030 5398 2170 5461 Τοὺς
2198 5395 2328 5466 γοῦν
2349 5397 2677 5467 Αἰγυπτίους
2710 5394 3028 5447 ἐπαίδευσεν
3057 5390 3164 5446 61:6
3187 5389 3281 5443 :06
3324 5389 3596 5463 Ἀϐραάμ,

2030 5498 2156 5560 τοὺς
2190 5494 2402 5566 Πέρσας
2430 5494 2540 5548 61:6
2569 5491 2661 5546 :06
2687 5489 2852 5545 αὐτοῦ
2880 5489 3062 5556 πάλιν,
3092 5489 3218 5554 τοὺς
3261 5489 3600 5562 Ἰσραηλίτας

2033 5594 2142 5650 61:6
2173 5591 2280 5646 τῶν
2317 5591 2584 5659 ἐκγόνων,
2614 5591 2711 5643 καὶ
2739 5586 2956 5660 ἐτέρους
2991 5589 3234 5662 μυρίους,
3269 5590 3362 5644 καὶ⁵
3387 5587 3474 5642 διὰ
3503 5587 3599 5641 τοῦ

2049 5689 2242 5748 Ἰακὼϐ
2286 5688 2535 5761 ἐτέρους,
2583 5687 2709 5750 τοὺς
2757 5687 2813 5740 ἐν
2850 5689 2916 5758 τῇ
2962 5687 3116 5761 Μέση
3167 5688 3273 5743 τῶν
3317 5684 3599 5756 ποταμῶν.
