4112 6224
504 286 571 340 49
1234 282 1291 336 S.
1331 282 1615 338 JOANNIS
1652 284 2142 344 CHRYSOSTOMI
2175 288 2496 348 ARCHIEP.
2535 293 3086 352 CONSTANTINOP.
3679 293 3747 350 50

509 405 658 468 Εἶδες
709 404 924 458 ἃπασαν
973 403 1070 474 τὴν
1119 402 1442 473 οἰκουμένην
1491 404 1904 474 παιδευομένην,
1959 405 2072 472 εἴγε

507 492 696 562 ἧθελον
716 530 731 553 ,
778 491 886 544 ἀπὸ
915 489 1022 544 τῶν
1056 490 1253 558 ἀγίωνς
1279 492 1388 543 Καὶ
1415 491 1521 561 πρὸ
1546 491 1746 545 τούτων
1771 492 1826 545 δὲ
1856 494 1884 544 ὁ
1911 509 2076 546 κατα-

508 574 777 644 κλυσμὸς,
829 577 862 644 ή
912 575 1019 626 τῶν
1071 573 1326 642 γλωσσῶν
1375 574 1646 644 διάχυσις,
1685 576 1843 629 ἰκανά
1891 575 2076 628 διανα-

511 664 702 732 στῆσαι
749 662 926 716 αὐτῶν
970 663 1068 732 τὴν
1114 663 1370 716 διάνοιαν.
1421 663 1538 716 Ἵνα
1585 663 1693 733 γὰρ
1747 665 1821 735 μὴ
1864 665 1950 717 διὰ
1987 664 2078 717 τὸν

509 751 700 820 χρόνον
732 752 810 815 εἰς
847 749 1015 822 λήθην
1061 751 1273 822 ἐμπέσῃ
1305 750 1366 803 τὸ
1405 751 1636 821 συμϐἀν,
1669 751 1698 802 6
1732 751 1895 815 τόπος
1937 761 2078 820 λαμ-

515 837 666 890 ϐάνει
712 837 808 908 τὴν
857 839 1259 909 προσηγορίαν,
1301 840 1394 892 καὶ
1435 837 1690 892 Βαϐυλὼν
1721 838 1966 892 ἐντεῦθεν
1995 839 2080 891 λέ-

515 938 690 992 γεται,
717 925 824 977 ἀπὸ
844 925 945 994 τῆς
961 925 1270 995 συγχύσεως
1296 925 1404 978 τῶν
1427 925 1699 993 γλωττῶν,
1727 927 1810 979 ἵνα
1834 929 2081 998 ὁιάκροα-

515 1009 614 1079 τὴς
646 1009 754 1062 ἀπὸ
781 1011 877 1080 τῆς
914 1012 1280 1081 προσηγορίας
1319 1010 1697 1082 ὀδηγούμενος,
1734 1015 1825 1066 ὲπί
1854 1013 1952 1081 τὴν
1977 1013 2078 1084 ἀρ·

517 1096 619 1166 χὴν
650 1097 778 1170 ἔλθῃ
821 1098 929 1150 τῶν
973 1098 1330 1168 συμϐάντων,
1361 1101 1454 1151 καὶ
1499 1099 1643 1170 μάθῃ
1685 1099 1780 1152 τοῦ
1822 1099 1955 1154 Θεοῦ
1983 1102 2082 1170 τὴν

525 1184 696 1254 ἰσχύν.
728 1186 881 1238 Οὕτω
901 1187 992 1238 καὶ
1015 1189 1062 1239 οἱ
1091 1188 1186 1256 τὴν
1213 1186 1362 1238 δύσιν
1383 1187 1656 1249 οἰκοῦντες
1686 1187 1885 1250 πάντες
1906 1187 2084 1240 πάντα

521 1273 839 1342 ἐμάνθανον,
864 1273 977 1345 [16]
1001 1276 1118 1326 κατ’
1139 1274 1406 1344 ἐμπορίαν
1425 1275 1736 1342 Αἰγυπτίοις
1756 1277 2084 1345 συγγινόμε-

519 1360 834 1423 νοι,”Αλλως
863 1362 921 1414 δὲ
946 1363 1002 1414 έν
1034 1364 1230 1432 ἀρχαῖς
1252 1364 1343 1415 καὶ
1364 1363 1420 1414 ἐν
1445 1363 1746 1432 προοιμίοις
1771 1363 1891 1416 οὐδὲ
1917 1363 2086 1417 πολλά

521 1447 645 1518 ἔθνη
669 1448 807 1501 κατὰ
831 1448 891 1502 τὸ
925 1450 1088 1520 μέρος
1111 1451 1206 1520 τῆς
1234 1451 1556 1520 οἰκουμένης
1580 1451 1752 1504 ὲκεῖνο
1777 1447 1844 1521 ἦν
1863 1470 1876 1484 ·
1909 1451 2023 1504 ἀλλ’
2053 1454 2087 1522 ἡ

521 1535 941 1606 πολυανθρωπία
971 1535 1066 1587 καὶ
1107 1537 1141 1605 ή
1183 1536 1472 1605 πολυοχλία
1503 1538 1558 1589 ὲν
1583 1541 1696 1600 τοῖς
1744 1539 1932 1608 μέρεσι
1977 1541 2090 1602 τοῖς

521 1623 660 1676 κατά
683 1623 780 1692 τὴν
804 1623 1063 1694 ἀνατολὴν
1091 1625 1448 1694 συνειστήκει.
1477 1625 1582 1678 Καὶ
1607 1625 1715 1696 γάρ
1737 1627 1831 1678 καὶ
1853 1629 1880 1679 6
1921 1626 2092 1696 Ἀδὰμ

525 1706 732 1759 ἐκεῖθεν
761 1706 973 1776 ἐξῆλθε,
1005 1707 1096 1760 καὶ
1119 1707 1187 1760 τά
1215 1708 1345 1778 γένη
1387 1707 1481 1760 τοῦ
1517 1707 1635 1760 Νῶε
1662 1711 1777 1762 ἐκεῖ
1821 1709 2054 1780 διέτριϐε
2073 1751 2088 1775 ,

527 1791 618 1842 καὶ
667 1790 802 1860 μετὰ
842 1789 934 1842 τὸν
976 1790 1184 1860 πύργον
1221 1791 1336 1844 ἐκεῖ
1381 1787 1540 1861 ἦσαν,
1581 1793 1673 1846 καὶ
1705 1793 2093 1863 ἀνεστρέφοντο

525 1874 620 1928 ἐπὶ
653 1873 832 1925 πλεῖον
867 1873 1006 1926 κατά
1032 1875 1314 1937 ἀνατολάς.
1364 1875 1500 1928 Ἀλλ’
1530 1876 1677 1945 ὅμως
1705 1877 1827 1929 καθ’
1857 1878 2094 1948 ἑκάστην

527 1959 720 2027 γενεάν
769 1957 1120 2020 διδασκάλους
1163 1957 1346 2019 αὐτοῖς
1395 1957 1725 2029 κατέστησεν
1752 1961 1782 2012 6
1809 1959 1940 2023 Θεὸς
1959 1999 1974 2022 ,
2001 1960 2094 2014 τὸν

528 2041 686 2105 Νῶε,
733 2039 826 2092 τὸν
878 2040 1160 2109 Ἀϐραὰμ,
1205 2041 1295 2092 τὸν
1355 2041 1574 2104 Ἰσαὰκ,
1611 2042 1704 2095 τὸν
1745 2041 1968 2108 Ἰακὼϐ,
2003 2042 2095 2097 τὸν

527 2123 879 2193 Μελχισεδέκ.
917 2123 1006 2174 Διὸ
1051 2122 1145 2174 καὶ
1173 2124 1200 2176 6
1229 2124 1511 2194 προφήτης
1557 2117 1710 2188 οὗτος
1741 2125 1847 2177 ἀπὸ
1874 2125 1980 2179 τῶν
2015 2126 2094 2190 εἰς

527 2208 653 2269 τοὺς
684 2207 868 2274 ἁγίους
903 2206 1206 2275 γενομένων
1231 2207 1420 2275 ἀνάγει
1447 2207 1573 2270 τοὺς
1606 2210 1662 2261 ὲν
1693 2210 1926 2282 πονηρία
1956 2209 2094 2273 ζῶν-

527 2307 657 2354 τας,
691 2290 862 2358 λέγων
882 2303 897 2320 ⁸
927 2289 1128 2341 Γνῶτε
1166 2289 1253 2342 ὅτι
1284 2291 1708 2360 ἐθαυμάστωσε
1753 2295 1966 2360 Κύριος
1991 2294 2098 2346 τὸν

530 2375 704 2428 ὅσιον
741 2373 948 2428 αὐτοῦ.
995 2374 1060 2426 Τί
1103 2375 1282 2440 ἐστιν,
1338 2374 1830 2444 Ἐθαυμάστωσε;
1872 2378 2096 2447 Θαυμαο

534 2457 658 2510 στὸν
702 2455 986 2526 ἐποίησεν,
1031 2456 1331 2526 ἐπίσημον,
1367 2457 1649 2530 λαμπρὸν,
1689 2461 1962 2532 περιφανῆ
2008 2463 2099 2515 τὸν

531 2539 884 2609 ἀνακείμενον
932 2539 1099 2610 αὐτῷ.
1143 2539 1276 2592 Ἀπὸ
1322 2541 1414 2592 τοῦ
1441 2540 1626 2594 δούλου
1659 2543 1836 2596 τοίνυν
1872 2544 2099 2597 καὶτῶν

533 2623 615 2685 είς
655 2622 814 2675 αὐτὸν
855 2620 1256 2692 συμϐαινόντων
1303 2623 1500 2692 μάθετε
1549 2623 1642 2675 τοῦ
1691 2625 1958 2678 Δεσπότου
2004 2626 2101 2697 τὴν

533 2706 782 2774 δύναμιν.
829 2705 943 2758 Οὐκ
986 2700 1137 2766 εἷπε,
1184 2703 1419 2758 Δέδωκεν
1469 2705 1701 2771 ἀγαθὸν,
1739 2708 1928 2777 μόνον,
1961 2709 2096 2773 ἀλλ’,

548 2788 994 2858 Ἐθαυμάστωσε,
1051 2786 1222 2858 δηλῶν
1261 2788 1342 2840 ὅτι
1370 2787 1566 2842 δέδωκε
1613 2791 1747 2859 μετὰ
1788 2791 1983 2844 πολλοῦ
2009 2791 2100 2845 τοῦ

535 2873 845 2941 θαύματος,
897 2871 1032 2940 μετά
1078 2870 1276 2941 πολλῆς
1327 2871 1426 2940 τῆς
1465 2869 2103 2942 παραδοξοποιίας.οὓτω

537 2957 629 3018 καὶ
676 2954 769 3007 ἐπὶ
810 2952 900 3006 τοῦ
949 2952 1198 3023 Ἀϐραὰμ
1246 2951 1489 3021 γέγονεν.
1540 2954 1614 3004 (ἰὺ
1663 2955 1771 3024 γὰρ
1815 2957 1972 3026 μόνον
2005 2956 2104 3026 τὴν

539 3042 770 3108 γυναῖκα
807 3037 1002 3089 ἔδωκεν
1034 3037 1307 3105 ἀνέπαφον
1326 3078 1341 3101 ,
1374 3036 1508 3088 ἀλλά
1537 3037 1631 3088 καί
1665 3037 1974 3108 θαυμαστὸν
2005 3039 2104 3091 ού-

537 3123 629 3178 τὸν
660 3119 1093 3192 παρεσκεύασεν·
1135 3119 1209 3181 ὼς
1246 3119 1320 3190 μὴ
1357 3119 1512 3188 μόνον
1541 3121 1599 3171 ὲν
1630 3119 1706 3188 τῷ
1739 3121 1810 3190 μὴ
1836 3120 2027 3174 παθεῖν
2054 3140 2106 3174 τι

543 3207 711 3261 δεινὸν
754 3201 890 3256 εἶναι
921 3203 1069 3271 αύτῴ
1102 3200 1199 3272 τὴν
1235 3201 1464 3271 δωρεὰν,
1501 3201 1636 3253 ἀλλὰ
1656 3205 1750 3254 καὶ
1781 3204 1840 3254 ὲν
1867 3203 1943 3273 τῷ
1964 3203 2108 3275 λαμι

547 3288 678 3360 πρὸν
707 3286 955 3356 γενέσθαι
997 3284 1136 3338 κατὰ
1175 3284 1273 3354 τὴν
1314 3284 1605 3350 Αἴγυπτον.
1643 3285 1716 3337 Τὸ
1747 3286 1844 3356 μὲν
1876 3287 1983 3358 γὰρ
2023 3287 2110 3342 διά

547 3373 638 3442 τὴν
669 3369 832 3422 αὐτοῦ
857 3367 1199 3437 δικαιοσύνην
1231 3367 1463 3435 ἐγένετο,
1496 3366 1556 3419 τὸ
1591 3367 1758 3436 μηδὲν
1800 3367 1960 3438 ἀηδὲς
2009 3387 2111 3422 πα-

545 3456 656 3507 θεῖν
679 3470 691 3482 ο
728 3451 788 3504 τὸ
835 3451 892 3504 δὲ
921 3449 1008 3502 διὰ
1037 3449 1134 3520 τὴν
1172 3450 1396 3502 ἐκείνων
1432 3449 1726 3517 ὠφέλειαν,
1753 3451 1815 3504 τὸ
1846 3451 1980 3521 μετά
2006 3469 2112 3506 πα-

545 3534 923 3608 ραδοξοποιίας
942 3533 1148 3585 ἐκεῖθεν
1165 3531 1495 3586 ἐπανελθεῖν.
1522 3531 1690 3584 Τοῦτο
1708 3533 1918 3586 ἐπὶτῶν
1947 3535 2112 3604 τριῶν

547 3620 772 3684 παίδων,
799 3617 956 3672 τοῦτο
984 3616 1075 3670 ἐπὶ
1097 3615 1204 3668 τῶν
1229 3615 1458 3668 λεόντων
1477 3616 1693 3687 συνέϐη,
1721 3615 1879 3670 τοῦτο
1898 3619 1990 3671 ἐπὶ
2019 3617 2112 3671 τοῦ

541 3707 747 3774 οκήτους
779 3704 873 3756 καὶ
899 3701 992 3754 τοῦ
1031 3701 1203 3762 Ἰωνᾶ,
1238 3700 1332 3752 καὶ
1360 3699 1634 3770 πανταχοῦ
1675 3700 1812 3770 μετά
1839 3701 2114 3772 θαύματος

552 3787 734 3850 σώζει,
757 3786 855 3854 οὑχ
885 3782 1069 3846 ἁπλῶς
1096 3782 1321 3846 πάντας,
1352 3782 1488 3836 ἀλλά
1508 3783 1599 3835 τὸν
1630 3783 1794 3836 ὅσιον.

622 3864 845 3934 ζ’.Εἷδες
863 3867 976 3930 πῶς
1001 3865 1136 3936 μετά
1151 3865 1248 3936 τῆς
1267 3863 1610 3932 θεογνωσίας,
1626 3867 1716 3919 καὶ
1729 3865 1842 3935 βίου
1855 3865 2116 3937 ἀκριϐοῦς

553 3952 868 4022 παραίνεσιν
890 3961 916 3989 α
942 3951 1190 4010 ποιεῖται,
1219 3947 1486 4001 παιδεύων
1511 3947 1584 4019 μὴ
1617 3950 1775 4018 μόνον
1804 3949 1862 4003 ὲν
1889 3953 1954 4020 τῇ
1982 3967 2116 4022 χρη-

553 4037 770 4104 στότητι
791 4027 899 4086 τοῦ
916 4031 1071 4099 Θεοῦ,
1095 4030 1230 4084 ἀλλά
1260 4031 1352 4083 καὶ
1379 4033 1435 4084 ὲν
1465 4034 1530 4102 τῇ
1567 4031 1674 4085 τῶν
1702 4032 1916 4086 οἰκείων
1940 4033 2115 4105 ἔργων

553 4119 718 4189 ἀρετῇ
743 4117 842 4180 τάς
869 4116 1083 4178 ἐλπίδας
1111 4115 1254 4186 ἐχειν
1280 4115 1378 4186 τῆς
1396 4111 1398 4114 ’
1415 4115 1721 4186 σωτηρίας;
1759 4117 1974 4185 Κύριος
1995 4121 2116 4171 εισ-

550 4201 873 4257 ακοώσεταί
905 4217 1024 4268 μου
1051 4200 1121 4252 ἐν
1153 4197 1232 4263 τῷ
1254 4198 1602 4267 κεκραγέναι
1627 4216 1705 4269 με
1727 4199 1876 4267 πρὸς
1907 4202 2114 4262 αὐτόν,

553 4286 734 4340 Εἰπὼν
749 4287 832 4340 δτι
854 4284 1295 4353 ὲθσυμάστωσεν,
1324 4283 1421 4351 οὐχ
1447 4282 1657 4334 ἵσταται
1692 4283 1853 4354 μέχρι
1888 4283 2114 4348 τούτων,

554 4370 686 4424 ἀλλά
727 4370 821 4424 καὶ
869 4369 1054 4437 ’έτερον
1103 4362 1400 4434 εὐημερίας
1465 4359 1604 4426 εῐδος
1634 4365 1802 4433 λέγει.
1853 4367 2011 4420 Ποῖον
2051 4367 2117 4440 δὴ

552 4454 735 4519 τοῦτο;
769 4452 844 4505 Τὸ
883 4449 1144 4522 διηνεκῶς
1173 4449 1316 4518 ἔχειν
1359 4447 1450 4501 τὸν
1493 4448 1625 4502 Θεὸν
1689 4449 1977 4522 σύμμαχον
2024 4453 2119 4506 καὶ

555 4537 766 4607 βοηθὸν,
800 4536 894 4589 καὶ
925 4531 1201 4602 πανταχοῦ
1237 4531 1663 4601 παριστάμενον.
1709 4534 1785 4586 Οὐ
1823 4533 1932 4607 γὰρ
1972 4535 2119 4600 ἅπαξ

555 4619 709 4672 τοῦτο
737 4621 876 4670 ποιεῖ
915 4617 1008 4668 καὶ
1042 4615 1122 4679 δὶς
1153 4615 1246 4668 καὶ
1278 4615 1416 4685 τρὶς,
1447 4614 1581 4668 ἀλλά
1614 4616 1897 4686 διηνεκῶς,
1932 4619 2115 4688 φησὶν,

557 4703 651 4755 ἐὰν
680 4699 840 4753 αὐτὸν
862 4699 1115 4768 καλῶμεν
1132 4713 1144 4725 ’
1171 4697 1264 4752 καὶ
1290 4699 1392 4768 ὅρα
1419 4697 1578 4752 πάλιν
1617 4697 1893 4753 κάνταῦθα
1917 4702 1976 4754 τὸ
2022 4702 2119 4756 τά-

559 4799 669 4852 χος.
707 4783 914 4850 Ὥσπερ
940 4780 1048 4852 γὰρ
1074 4779 1186 4833 ἄνω
1217 4779 1421 4848 ἔλεγεν,
1467 4780 1570 4835 Ἐν
1593 4780 1674 4846 τῷ
1704 4782 2122 4857 ἐπικαλεῖσθαί

557 4883 648 4935 με,
689 4864 1017 4932 είσήκουσέ
1056 4881 1174 4934 μου
1197 4867 1229 4918 ὀ
1255 4863 1400 4930 Θεὸς
1427 4863 1538 4934 τῆς
1564 4865 1952 4933 δικαιοσύνης
1965 4885 2084 4936 μου
2102 4886 2117 4901 ο

560 4948 701 5002 οὓτω
749 4949 843 5001 καὶ
881 4947 1146 5011 ἐνταῦθα,
1206 4947 1308 5002 Ἕν
1351 4945 1434 5012 τῷ
1465 4949 1810 5018 κεκραγέναι
1850 4965 1924 5019 με
1972 4951 2122 5020 πρὸς

557 5031 760 5090 αὐτόν.

630 5116 752 5180 Πῶς
801 5109 893 5170 οῦν
925 5114 1024 5167 οὐκ
1066 5113 1351 5167 ἀκούονται
1400 5111 1617 5177 πολλοὶ,
1673 5114 1839 5185 (mal;
1905 5115 2004 5172 Διά
2060 5118 2122 5171 τὸ

561 5199 850 5270 ἀσύμφορα
893 5199 1086 5251 αἰτεῖν.
1148 5195 1408 5251 Ἐνταῦθα
1446 5199 1554 5269 γὰρ
1581 5197 1643 5249 τὸ
1683 5199 1755 5268 μὴ
1789 5199 2120 5272 ἀκουσθῆναι

560 5282 650 5335 τοῦ
685 5281 1015 5351 ἀκουσθῆναι
1063 5279 1290 5350 βέλτιον.
1327 5280 1488 5334 Ὥστε
1541 5280 1640 5334 κᾶν
1668 5282 2012 5353 ἀκουώμεθα,
2049 5284 2122 5355 μὴ

560 5366 646 5417 διὰ
671 5367 826 5419 τοῦτο
859 5367 1138 5438 χαίρωμεν
1158 5382 1172 5397 ο
1203 5364 1338 5420 ἀλλὰ
1371 5365 1466 5418 καὶ
1492 5366 1616 5420 ὅταν
1647 5365 1720 5435 μὴ
1765 5365 2121 5437 ἀκουώμεθα,

564 5450 654 5501 καὶ
685 5448 772 5500 διὰ
800 5449 957 5502 τοῦτο
982 5448 1313 5518 δοξάζωμεν,
1354 5447 1427 5500 ’Ἡ
1457 5447 1566 5518 γὰρ
1589 5448 1882 5519 ἀσύμφορα
1908 5448 2122 5503 αἰτοῦν-

563 5546 649 5593 τες
671 5531 773 5583 οὐκ
814 5533 1120 5602 ἀκουόμεθα
1141 5573 1154 5596 ,
1187 5532 1280 5586 καὶ
1309 5531 1386 5602 τῷ
1426 5532 1500 5604 μὴ
1527 5531 1711 5587 λαϐεῖν
1737 5533 2119 5607 κερδαίνομεν·

623 5680 648 5711 ι
678 5668 797 5732 Reg.
827 5672 904 5720 καὶ
933 5672 1036 5733 βίου
1055 5673 1272 5735 προνοίας
1293 5673 1588 5736 παραίνεσιν,

2183 407 2506 480 ἤρᾳθύμως
2539 413 2827 482 αἰτοῦμεν,
2877 415 2971 467 καὶ
3017 419 3081 486 τῇ
3127 415 3377 486 μελλήσει
3423 413 3523 482 τῆς
3550 412 3749 480 δόσεως

2177 499 2274 566 τὴν
2305 499 2629 570 προσεδρίαν
2655 503 2782 571 ἡμῖν
2811 504 2839 555 6
2859 501 2992 565 Θεὸς
3025 504 3300 572 σοφίζεται
3323 519 3336 532 ’
3376 501 3474 555 καὶ
3501 498 3659 554 τοῦτο
3693 499 3750 553 δὲ

2177 584 2238 636 ού
2267 584 2459 654 μικρὸν
2500 586 2706 656 κέρδος.
2739 591 2808 642 Εί
2832 589 2941 658 γὰρ
2977 589 3166 659 ὑμεῖς,
3197 591 3392 660 φησὶν,
3423 587 3625 643 οἴδατε
3654 585 3752 640 δό-

2173 688 2326 738 ματα
2361 673 2551 743 άγαθὰ
2590 674 2818 729 διδόναι
2871 676 2994 742 τοῖς
3037 677 3270 742 τέκνοις
3312 675 3514 744 ὑμῶν,
3571 673 3752 745 πολλῷ

2184 759 2384 828 μᾶλλον
2412 762 2439 813 6
2465 760 2596 826 Θεὸς
2634 761 2816 834 ἡμῶν,
2858 763 3221 834 ἐπιστάμενος
3242 763 3303 816 τὸ
3327 761 3510 815 δοῦναι
3529 802 3545 826 ,
3569 761 3664 814 καὶ
3691 759 3754 813 τὸ

2183 845 2313 898 πότε
2348 845 2552 909 δοῦναι⁹
2577 848 2671 902 καὶ
2693 848 2755 901 τὸ
2779 851 2834 902 τί
2863 849 3066 903 δοῦναι.
3093 849 3204 922 [17]
3236 849 3387 902 Ἐπεὶ
3413 848 3509 902 καὶ
3540 845 3754 909 Παῦλος

2182 931 2372 1003 ᾔτησε.
2403 935 2497 987 καὶ
2524 936 2622 987 ούκ
2661 935 2880 988 ἔλαϐεν·
2913 936 3226 1008 ἀσύμφορον
3259 937 3289 976 b
3318 936 3428 1006 γὰρ
3469 935 3591 1006 ᾔτει
3611 950 3624 964 ο
3656 934 3753 986 καὶ

2185 1017 2437 1090 Μωῦσῆς,
2475 1021 2565 1073 καὶ
2599 1021 2718 1074 οὐδὲ
2746 1020 2936 1090 ἐκείνῳ
2965 1023 3252 1075 ἐπένευσεν
3283 1021 3312 1073 ό
3339 1019 3491 1079 Θεός.
3521 1019 3615 1089 Μὴ
3639 1016 3754 1070 τοί-

2184 1124 2280 1159 νυν
2307 1110 2654 1180 ἀποστῶμεν,
2691 1111 2817 1165 ὅταν
2856 1111 2930 1182 μὴ
2961 1109 3307 1180 ἀκουώμεθα,
3340 1108 3469 1178 μηδὲ
3501 1106 3756 1175 ἀλύωμεν

2186 1197 2281 1248 καὶ
2322 1197 2646 1266 ναρκῶμεν’,
2689 1198 2802 1250 ἀλλ’
2844 1196 3192 1268 ἐπιμένωμεν
3229 1197 3296 1265 τῇ
3332 1191 3629 1264 προσεδρίᾳ
3660 1190 3755 1243 καὶ

2185 1286 2251 1353 τῇ
2280 1286 2510 1355 αἰτήσει.
2550 1285 2736 1339 Πάντα
2779 1287 2890 1357 γὰρ
2940 1284 3326 1356 συμφερόντως
3366 1283 3395 1334 6
3425 1279 3560 1344 Θεὸς
3593 1278 3757 1348 ὲργά-

2189 1370 2360 1434 ζεται.
2405 1371 2754 1442 Ὀργίζεσθε,
2802 1374 2900 1427 καὶ
2936 1373 3021 1442 μὴ
3057 1369 3450 1440 ἁμαρτάνετε*
3481 1365 3520 1420 d
3551 1367 3758 1434 λέγετε

2189 1457 2259 1510 ἐν
2300 1458 2427 1526 ταῖς
2473 1459 2740 1528 καρδίαις
2783 1459 2982 1529 ὑμῶν,
3033 1459 3132 1512 ἐπὶ
3169 1457 3296 1522 ταῖς
3335 1456 3560 1518 κοίταις
3592 1449 3758 1520 ὑμῶν

2193 1547 2580 1615 κατανύγυητε.
2633 1548 2807 1618 Ὅπερ
2850 1544 3160 1617 ἔμπροσθεν
3209 1540 3396 1605 εἷπον,
3449 1539 3610 1592 τοῦτο
3665 1537 3760 1590 καὶ

2191 1632 2286 1686 νῦν
2309 1632 2472 1701 λέγω.
2513 1634 2727 1705 Ἐπειδὴ
2757 1634 2862 1705 γὰρ
2893 1633 3029 1704 πρὸς
3060 1629 3386 1700 θεογνωσίαν
3413 1626 3610 1689 αὐτοὺς
3641 1623 3760 1695 μέλ-

2191 1718 2271 1772 λει
2293 1723 2672 1790 χειραγωγεῖν,
2701 1720 3032 1773 ἀπαλλάττει
3053 1720 3151 1789 τὴν
3183 1718 3355 1788 ψυχὴν
3382 1715 3491 1768 τῶν
3518 1710 3761 1782 νοσημά-

2191 1823 2319 1862 των.
2361 1803 2481 1860 Οἵδε
2519 1807 2648 1877 γὰρ,
2687 1807 2768 1860 ὅτι
2819 1805 2932 1876 βίος
2967 1804 3360 1874 διεφθαρμένος
3396 1799 3624 1870 κώλυμα
3660 1797 3760 1867 τῆς

2192 1897 2298 1949 τῶν
2329 1895 2546 1967 ὑψηλῶν
2577 1888 2860 1966 δογμάτων
2889 1894 3170 1966 ἀκριϐείας
3194 1892 3424 1960 γίνεται.
3453 1889 3630 1957 Ὅπερ
3667 1881 3758 1939 οῦν

2193 1984 2288 2037 καὶ
2322 1983 2533 2048 Παῦλος
2564 1983 2933 2053 αἰνιττόμενος
2976 1981 3158 2048 ἔλεγεν
3186 1989 3210 2019 ε
3233 1996 3248 2010 ο
3289 1979 3410 2031 Οὐκ
3447 1972 3762 2043 ἠδυνήθην

2192 2071 2334 2140 ὑμῖν
2363 2070 2630 2138 λαλῆσαι
2668 2071 2747 2136 ὠς
2772 2066 3219 2137 πνευματικοῖς,
3253 2064 3390 2120 ἀλλ’
3434 2063 3516 2128 ὡς
3553 2075 3763 2127 σαρκι-

2193 2158 2341 2224 κοῖς.
2386 2158 2496 2210 Καὶ
2549 2157 2741 2211 πάλιν·
2798 2157 2892 2221 Ὡς
2936 2154 3176 2221 νηπίοις
3218 2152 3290 2204 ἐν
3321 2148 3574 2218 Χριστῷ,
3608 2145 3762 2218 γάλα

2193 2246 2349 2316 ὑμᾶς
2369 2247 2636 2312 ἐπότισα,
2667 2247 2738 2300 οὐ
2759 2244 2988 2314 βρῶμα.
3013 2242 3123 2297 Καὶ
3155 2240 3318 2294 πάλιν
3335 2255 3349 2271 ’
3379 2237 3522 2306 Περὶ
3546 2231 3619 2290 οὗ
3657 2249 3764 2286 πο-

2195 2336 2311 2400 λὺς
2353 2333 2496 2404 ἡμῖν
2536 2337 2568 2388 ό
2608 2333 2790 2401 λόγος
2829 2332 2926 2384 καὶ
2959 2327 3462 2398 δυσερμήνευτος,
3493 2321 3621 2376 ἐπεὶ
3653 2337 3762 2374 νω·
3871 2349 3874 2351 λ

2198 2422 2326 2490 θροί
2354 2422 2493 2475 ἐστε
2518 2420 2633 2487 τὴν
2659 2417 2870 2485 ἀκοήν.
2905 2418 3010 2470 Καὶ
3035 2418 3070 2482 ῥ
3101 2415 3330 2476 Ἡσαΐας
3365 2411 3524 2467 πάλιν
3545 2427 3558 2441 ο
3593 2405 3764 2475 Ζητεῖ

2192 2525 2268 2578 με
2305 2511 2336 2562 ό
2375 2508 2524 2573 λαὸς
2555 2501 2751 2570 οὗτος,
2777 2503 2877 2558 καὶ
2901 2493 3123 2573 γνῶναί
3147 2518 3266 2571 μου
3295 2499 3402 2565 τὰς
3432 2496 3610 2562 ὀδοὺς
3639 2495 3764 2547 ἐπι-

2198 2577 2523 2663 θυμοῦσιν,
2567 2592 2647 2657 ὠς
2671 2591 2820 2656 λαός
2846 2589 3240 2656 δικαιοσύνην
3274 2584 3634 2652 πεποιηκὼς,
3667 2577 3764 2634 καί

2198 2682 2399 2750 κρίσιν
2425 2679 2572 2735 Θεοῦ
2589 2679 2674 2750 μὴ
2695 2678 3225 2750 ἐγκαταπλοιπώς.
3251 2674 3359 2728 Καὶ
3384 2671 3543 2742 Ὠσηέ
3561 2687 3580 2706 ο
3602 2666 3768 2724 Σπεί-

2191 2786 2336 2838 ρατε
2361 2767 2596 2833 ἑαυτοῖς
2610 2769 2696 2832 εἰς
2719 2765 3132 2832 δικαιοσύνην,
3155 2762 3452 2840 φωτίσατε
3475 2758 3600 2828 φῶς
3623 2754 3766 2826 γνώ-

2200 2875 2373 2924 σεως.
2409 2859 2519 2910 Καὶ
2552 2859 2580 2909 ὁ
2607 2856 2836 2923 Χριστὸς
2862 2855 3125 2908 διδάσκων
3152 2852 3302 2915 ἔλεγε
3320 2867 3333 2880 °
3363 2847 3486 2912 Πᾶς
3507 2850 3538 2900 ό
3563 2845 3769 2914 φαῦλα

2203 2945 2514 3015 πράσσων,
2533 2935 2714 3012 ’μισεῖ
2728 2941 2792 2995 τὸ
2821 2941 2966 3011 φῶς,
3002 2939 3099 2993 καὶ
3127 2940 3237 2993 οὐκ
3269 2938 3499 3005 ἔρχεται
3528 2931 3676 3000 πρὸς
3700 2929 3769 2983 τὸ

2202 3032 2346 3103 φῶς.
2385 3033 2496 3084 Καὶ
2522 3031 2709 3084 πάλιν·
2743 3029 2874 3094 Πῶς
2898 3029 3160 3082 δύνασθε
3193 3023 3530 3084 πιστεύειν,
3581 3017 3771 3103 δόξαν

2205 3101 2341 3189 παρ’
2375 3119 2664 3186 ἀλλήλων
2693 3115 3126 3186 λαμϐάνοντες,
3177 3112 3277 3166 καί
3305 3109 3420 3178 τὴν
3448 3106 3636 3171 δόξαν
3657 3101 3771 3170 τὴν
3825 3188 3832 3192 1

2205 3208 2366 3277 παρὰ
2399 3208 2503 3262 τοῦ
2528 3210 2718 3276 μόνου
2749 3203 2895 3257 Θεοῦ
2936 3204 3006 3256 οὺ
3049 3200 3391 3268 ζητοῦντες;
3433 3196 3542 3248 Καὶ
3570 3193 3730 3246 πάλιν
3751 3205 3767 3220 °

2211 3297 2400 3351 Ταῦτα
2435 3291 2606 3349 εἷπον
2637 3297 2689 3348 οἱ
2714 3292 2902 3362 γονεῖς
2927 3288 3132 3351 αὐτοῦ,
3167 3288 3254 3341 ὅτι
3282 3283 3606 3355 ἐφοϐοῦντο
3631 3277 3773 3344 τοὺς

2220 3383 2568 3447 Ἰουδαίους,
2601 3382 2700 3434 ἵνα
2721 3379 2807 3450 μὴ
2841 3375 3296 3445 ἀποσυνάγωγοι
3325 3373 3628 3443 γένωνται.
3664 3366 3774 3420 Καὶ

2209 3472 2368 3526 πάλιν
2390 3489 2402 3500 '
2435 3468 2657 3523 Πολλοὶ
2695 3467 2761 3520 δὲ
2789 3467 3160 3520 ἐπίστευσαν
3197 3464 3284 3526 είς
3309 3459 3514 3522 αὑτὸν,
3555 3454 3652 3510 καί
3677 3453 3774 3506 διὰ

2208 3561 2348 3626 τοὺς
2383 3557 2741 3626 Φαρισαίους
2785 3555 2896 3622 οὐχ
2942 3551 3303 3621 ὡμολόγουν.
3356 3547 3464 3601 Καὶ
3503 3542 3772 3613 πανταχοῦ

2212 3650 2309 3703 ἴδοι
2349 3663 2434 3708 τις
2487 3645 2552 3699 ἂν
2599 3643 2690 3697 τὸν
2728 3640 3122 3712 διεφθαρμένον
3169 3638 3281 3708 βίον
3327 3636 3461 3707 πρὸς
3493 3633 3774 3704 δογμάτων

2210 3735 2492 3808 ἀκρίϐειαν
2524 3729 2776 3803 ἐμπόδιον
2800 3728 3098 3798 γινόμενον.
3145 3726 3356 3795 Ὥσπερ
3386 3723 3494 3794 γὰρ
3527 3722 3673 3792 λήμη
3708 3720 3774 3808 τῇ

2211 3805 2318 3876 τῶν
2345 3817 2636 3891 ὀφθαλμῶν
2665 3815 2851 3868 διειδεῖ
2878 3814 3014 3885 κόρη
3063 3809 3464 3884 προσιζάνουσα
3501 3805 3776 3860 ἐπισκοτεῖ

2211 3911 2306 3964 καὶ
2337 3908 2481 3962 θολοῖ
2513 3907 2572 3959 τὸ
2605 3902 2856 3974 φωτίζον,
2890 3900 3031 3954 οὕτω
3057 3898 3120 3971 δὴ
3153 3900 3247 3952 καὶ
3271 3895 3528 3966 λογισμὸς
3557 3893 3660 3946 ὑπὸ
3684 3907 3778 3943 που

2213 3998 2406 4070 νηρίας
2431 3979 2859 4062 κατειλημμένος
2885 3990 3068 4042 σκοτοῖ
3088 3989 3182 4042 καὶ
3214 3988 3377 4057 πηροῖ
3402 3983 3500 4054 τὴν
3521 3983 3775 4070 διάνοιαν.

2282 4067 2374 4138 Διὸ
2405 4085 2498 4138 καὶ
2538 4085 2567 4136 6
2611 4081 2899 4151 Προφήτης
2949 4077 3104 4131 τοῦτο
3156 4076 3311 4137 εἰδὼς
3369 4073 3551 4139 λέγει’
3599 4067 3780 4137 Ὀργί-

2212 4174 2402 4238 ζεσθε,
2435 4168 2634 4239 καὶμὴ
2668 4165 3047 4239 ἁμαρτάνετε.
3079 4164 3153 4216 Οὐ
3176 4161 3284 4230 γὰρ
3306 4159 3403 4230 τὴν
3427 4156 3596 4227 ὀργήν
3623 4157 3782 4208 ἀναι-

2213 4266 2318 4334 ρεῖ,
2344 4260 2587 4332 χρησίμη
2614 4259 2722 4329 γάρ
2740 4275 2754 4288 ο
2786 4254 2904 4309 οὐδὲ
2926 4253 3017 4306 τὸν
3045 4251 3214 4320 θυμὸν
3241 4245 3518 4334 ἐκκόπτει,
3553 4243 3645 4334 καί
3671 4241 3784 4334 γάρ
3835 4269 3842 4274 -

2213 4329 2485 4422 ὼφέλῖμος
2506 4329 2646 4402 κατά
2658 4345 2762 4399 τῶν
2777 4341 3101 4396 ἀδικούντων
3117 4337 3234 4407 γινό
3241 4331 3508 4422 μενοςὲκαὶ
3521 4329 3659 4422 κατὰ
3671 4329 3785 4422 τῶν

2218 4413 2477 4508 ῥαθύμων
2495 4449 2509 4462 ο
2545 4428 2680 4482 ἀλλὰ
2701 4428 2800 4498 τὴν
2833 4425 3014 4508 ἄδικον
3041 4421 3229 4508 όργήν.
3250 4420 3345 4508 τὸν
3368 4417 3558 4508 ἄλογον
3587 4413 3778 4508 θυμόν.

2215 4497 2324 4572 Καὶ
2342 4497 2590 4582 καθάπερ
2605 4512 2633 4562 ὁ
2656 4497 2895 4578 Μωῦσῆς
2914 4507 2993 4570 είς
3007 4506 3096 4558 τὸν
3117 4503 3305 4574 ἠθικὸν
3329 4498 3583 4572 ἐμπεσὼν
3601 4497 3780 4566 λόγον,

2215 4599 2322 4654 ἀπὸ
2335 4597 2524 4651 τούτου
2547 4591 2759 4662 πρῶτον
2771 4593 2868 4662 τῆς
2883 4587 3202 4660 νομοθεσίας
3213 4587 3310 4657 τὴν
3332 4585 3505 4657 ἀρχὴν
3526 4585 3779 4643 ποιεῖται,

2215 4682 2419 4748 λέγων,
2459 4679 2538 4730 Οὐ
2554 4675 2889 4746 φονεύσεις,
2927 4671 3069 4725 οὓτω
3095 4671 3158 4742 δὴ
3189 4671 3283 4723 καὶ
3306 4665 3458 4732 οὗτος
3479 4683 3491 4696 ·
3529 4664 3662 4719 ἀλλά
3691 4662 3784 4716 καὶ

2217 4766 2400 4819 πλεῖον
2422 4756 2606 4825 οὗτος,
2636 4760 2744 4830 ὅσῳ
2771 4760 2864 4812 καὶ⁹
2893 4756 3092 4829 μᾶλλον
3119 4757 3188 4809 τὰ
3220 4755 3318 4826 τῆς
3347 4751 3622 4813 εὐσεϐείας
3645 4766 3785 4830 γνω-

2221 4847 2497 4922 ριμώτερα
2525 4841 2612 4916 ἦν.
2663 4825 2728 4896 '0'
2759 4843 2854 4914 μὲν
2876 4825 2984 4912 γὰρ
3014 4840 3104 4893 τὸν
3127 4838 3284 4908 φόνον
3314 4835 3605 4922 ἐκκόπτει·
3631 4825 3783 4922 οὗτος

2215 4913 2294 4988 δὲ⁷
2320 4933 2413 4986 καὶ
2433 4913 2559 5000 τὴν⁷
2586 4913 2794 4998 μητέρα
2838 4925 2932 4978 τοῦ
2973 4927 3162 4992 φόνου,
3203 4921 3303 4991 τὴν
3333 4918 3527 4991 ὀργὴν.
3563 4915 3659 5000 καί
3681 4913 3782 5000 τὴν

2221 5015 2406 5088 ῥίζανς,
2449 4997 2544 5067 καὶ
2583 4997 2679 5078 τὴν
2711 4997 2891 5079 πηγὴν
2919 5001 3084 5088 οὖσαν
3115 5004 3210 5057 τοῦ
3247 5001 3418 5088 κακοῦ
3446 4997 3777 5088 ἀναστέλλει.

2220 5081 2310 5152 λιὸ
2339 5099 2433 5152 καὶ
2471 5097 2500 5148 6
2535 5091 2768 5164 Χριστὸς
2807 5087 3182 5144 καταστέλλων
3211 5086 3310 5158 τὴν
3346 5083 3538 5156 ὀργὴν,
3569 5081 3777 5148 ἔλεγεν·

2233 5185 2295 5238 '0
2333 5180 2702 5251 ὀργιζόμενος
2739 5173 2818 5240 τῷ
2850 5171 3091 5242 ἁδελφῷ
3135 5170 3320 5226 αὐτοῦ
3365 5168 3528 5251 εἰκῆ,
3571 5167 3788 5251 ἔνοχος

2221 5248 2390 5320 ἔσται
2411 5248 2499 5329 είς
2523 5248 2646 5329 τὴν
2675 5258 2925 5329 γέενναν
2953 5255 3058 5309 τοῦ
3092 5255 3300 5322 πυρός.
3327 5249 3480 5316 Εἶδες
3510 5248 3789 5320 πανταχοῦ

2226 5350 2417 5422 μέτρα.
2466 5341 2816 5415 Ὀργίζεσθε,
2860 5339 2956 5412 καί
2995 5337 3081 5410 μὴ
3115 5335 3496 5408 ἁμαρτάνετε.
3549 5333 3602 5386 ’0
3636 5333 3791 5402 ὀργι-

2283 5487 2312 5526 b
2335 5487 2459 5548 Reg.
2503 5490 2556 5534 et
2596 5482 2737 5548 συιδ..
2778 5480 3157 5548 ἀσυμφόρωςηθῐ
3191 5481 3260 5528 sic
3300 5478 3449 5529 εει-ιι.
3474 5475 3572 5524 Sed
3593 5487 3719 5524 unus
3761 5486 3790 5523 ι

2222 5550 2375 5598 Savil.
2401 5542 2696 5594 [ἣρωσι-ειυς
2718 5542 2993 5606 ἀσύμφορον
3013 5542 3177 5606 habet.

2287 5614 2308 5640 ο
2333 5610 2454 5669 Reg.
2499 5607 2606 5669 οἶδε,
2633 5607 2741 5667 γὰρ,
2764 5597 3001 5669 ὅπερςκαῖ
3023 5603 3281 5669 ἔμπροσθεν
3319 5601 3468 5659 εἶπον,
3499 5599 3570 5648 ὅτι
3590 5597 3792 5658 βίοςοω

2229 5663 2435 5731 κώλυμᾶ
2448 5674 2564 5730 τῇ...
2590 5663 2866 5731 ἀκ’ριϐείᾳ...’
2885 5663 3070 5721 Παῦλος
3094 5663 3264 5726 ἔλεγεν.
