4112 6224
399 315 466 370 .t9
1223 365 1229 371 .
1542 308 1898 365 EXI‘OSITIO
1941 306 2003 360 IN
2043 306 2364 364 PSALMUM
2407 309 2494 364 IV.
3600 323 3670 378 50

392 429 577 483 orbem
611 437 868 480 terrarum
901 424 1065 478 fuisse
1095 439 1123 476 a
1154 424 1350 477 sanctis
1375 423 1668 477 docendum
1695 465 1710 489 ,
1740 423 1782 476 si
1815 421 1972 475 modo

392 519 490 588 ipsi
532 519 819 571 voluissent
840 515 864 567 ?
889 515 1189 581 Quinetiam
1231 523 1352 568 ante
1391 529 1482 568 eos
1506 514 1760 568 diluvium
1789 523 1840 567 et
1870 512 1976 567 lin-

392 626 612 680 gnarum
644 607 888 662 confusio
916 605 981 659 ad
1027 605 1356 660 excitandam
1381 621 1562 660 eorum
1592 614 1822 660 mentem
1849 606 1978 659 satis

396 705 624 759 fuerant.
650 703 726 756 Ne
751 701 894 754 enim
922 700 1062 769 quod
1083 711 1327 754 evenerat
1355 700 1609 768 temporis
1635 699 1979 753 diuturnitate

395 795 646 849 oblivioni
677 793 976 847 traderetur
996 833 1012 857 ,
1046 792 1192 846 locus
1217 792 1618 862 appellationem
1666 791 1858 858 accipit
1883 809 1896 844 :
1924 798 1980 844 et

396 886 591 940 eximie
620 884 856 953 Babylon
889 899 954 937 ex
982 882 1272 951 linguarum
1316 883 1629 937 confusione
1667 882 1890 944 dicitur,
1922 889 1980 933 nt

397 975 614 1028 auditor
646 974 713 1026 ab
761 975 866 1041 ipsa
909 974 1257 1042 appellatione
1284 974 1575 1037 deductus,
1607 973 1672 1026 ad
1712 973 1786 1026 rei
1816 983 1980 1042 gesta:

402 1065 720 1134 principium
764 1063 1008 1118 deveniat
1052 1075 1106 1119 et
1147 1065 1237 1120 Dei
1281 1067 1530 1120 virtutem
1572 1065 1850 1133 intelligat.
1903 1063 1979 1116 Ita

401 1156 563 1208 etiam
585 1157 673 1224 qui
699 1155 998 1211 habitabant
1023 1158 1074 1211 in
1095 1157 1383 1214 Occidente
1402 1175 1589 1214 omnes
1609 1159 1784 1212 omnia
1805 1157 1981 1211 disce-

405 1245 570 1307 bant,
603 1262 720 1299 cum
753 1249 1130 1302 mercatoribus
1159 1247 1426 1320 Egyptiis
1465 1259 1759 1303 versantes.
1787 1249 1983 1316 Quam-

405 1351 562 1406 quam
593 1338 779 1405 alioqui
809 1340 858 1391 in
891 1339 1152 1409 principio
1178 1357 1281 1394 non
1311 1342 1490 1394 multa:
1516 1351 1702 1410 gentes
1733 1351 1880 1395 erant
1927 1343 1978 1395 in

409 1429 492 1482 illa
540 1432 794 1497 regione:
836 1433 1203 1486 sed-maxima
1253 1433 1526 1488 hominum
1577 1433 1871 1504 frequentia
1918 1449 1982 1489 ac

411 1519 572 1572 turba:
600 1521 876 1576 multitudo
903 1533 1023 1576 erat
1049 1523 1103 1577 in
1145 1524 1380 1592 partibus
1411 1526 1659 1579 Orientis.
1691 1527 1894 1580 Etenim
1925 1535 1981 1580 et

408 1608 572 1662 Adam
601 1609 743 1664 illinc
775 1625 1023 1680 egressus
1063 1623 1174 1676 est,
1204 1622 1255 1667 et
1276 1628 1440 1683 genus
1470 1614 1579 1670 Noe
1607 1615 1713 1671 illic
1737 1616 1982 1670 versaba-

409 1710 512 1765 tur,
546 1711 600 1755 et
623 1711 744 1770 post
772 1705 956 1757 turrim
985 1705 1090 1758 illic
1119 1715 1284 1771 erant,
1317 1717 1371 1760 et
1399 1717 1458 1762 ut
1484 1708 1768 1777 plurimum
1797 1723 1981 1763 versa-

404 1791 600 1846 bantur
629 1795 678 1847 in
704 1793 936 1849 Oriente.
966 1795 1071 1850 Sed
1103 1806 1276 1852 tamen
1319 1797 1369 1853 in
1413 1815 1728 1870 unaquaque
1755 1815 1981 1870 genera-

402 1882 544 1937 tione
566 1884 704 1938 Deus
734 1885 837 1939 illis
865 1887 1110 1942 doctores
1154 1890 1457 1957 constituit,
1495 1890 1641 1956 Noe,
1675 1890 1940 1944 Abraham
1963 1930 1979 1954 ,

400 1973 568 2039 Isaac,
595 1976 777 2042 Jacob,
797 1977 1204 2038 Melchisedech.
1226 1981 1582 2050 Quamobrem
1618 1983 1703 2036 hic
1724 1984 1980 2052 propheta

397 2081 462 2119 ex
493 2066 588 2131 iis,
618 2083 736 2136 qua:
764 2071 963 2124 sanctis
1001 2073 1280 2137 eveniunt,
1306 2090 1398 2128 eos
1439 2073 1528 2142 qui
1566 2075 1616 2127 in
1649 2075 1984 2143 improbitate

400 2155 584 2211 vivunt
612 2159 824 2225 excitat,
854 2161 1038 2216 dicens
1062 2180 1075 2217 :
1101 2163 1289 2219 Scitote
1312 2166 1548 2235 quoniam
1570 2167 1850 2235 miriﬁcavit
1878 2166 1984 2222 Do-

397 2250 567 2302 minus
589 2259 815 2305 sanctum
838 2269 1006 2326 suum.
1036 2254 1172 2322 Quid
1199 2265 1280 2311 est
1298 2299 1311 2322 ,
1339 2257 1632 2326 Miriﬁcavit
1653 2259 1679 2312 ?
1698 2258 1845 2314 Fecit
1883 2259 1981 2314 ad-

399 2339 720 2408 mirabilem,
747 2325 1026 2422 insigneni,
1068 2347 1299 2414 clarum,
1330 2350 1672 2419 conspicuum
1694 2391 1709 2414 ,
1738 2367 1860 2406 eum
1891 2351 1980 2421 qui

403 2429 504 2497 ipsi
532 2431 774 2487 addictus
802 2443 900 2487 est.
934 2435 1013 2489 Ex
1039 2451 1194 2490 servo
1220 2453 1346 2508 ergo
1373 2449 1426 2493 et
1469 2441 1532 2494 iis
1557 2455 1676 2509 qua:
1706 2441 1803 2510 ipsi
1843 2442 1982 2495 acci-

407 2518 542 2572 dunt
572 2521 776 2575 Domini
804 2523 991 2578 discite
1020 2528 1328 2593 potentiam.
1361 2527 1473 2582 Non
1495 2529 1630 2582 dixit
1663 2532 1851 2593 solum,
1880 2531 1983 2584 Bo-

411 2625 540 2663 num
575 2611 723 2664 dedit
742 2653 756 2675 ,
793 2613 884 2667 s‘ed
907 2655 922 2679 ,
952 2615 1306 2670 Admirabilem
1335 2619 1487 2684 fecit,
1517 2619 1822 2686 significans
1864 2635 1984 2674 eum

409 2697 623 2756 dedisse
645 2717 767 2755 cum
796 2719 984 2774 magno
1005 2706 1280 2771 miraculo,
1304 2718 1499 2776 prteler
1524 2708 1682 2762 [idem
1709 2717 1763 2763 et
1786 2710 1990 2778 opinio-

407 2806 552 2844 nem.
583 2793 652 2845 lta
677 2793 835 2848 etiain
866 2796 920 2850 in
960 2797 1228 2852 Abraham
1273 2799 1469 2855 factum
1512 2809 1615 2855 est.
1660 2800 1775 2854 Non
1819 2802 1988 2856 solum

399 2883 545 2935 enim
574 2883 720 2937 dedit
749 2900 964 2940 uxorem
995 2888 1268 2953 intactam,
1297 2893 1392 2945 sed
1421 2906 1541 2946 eum
1571 2893 1728 2946 etiam
1761 2893 1991 2949 reddidit

401 2973 769 3028 admirabilem
802 2995 814 3030 :
843 2986 898 3030 ut
923 2993 1028 3031 non
1055 2980 1230 3034 solum
1253 2981 1450 3035 donum
1480 2983 1530 3036 in
1562 2997 1627 3037 eo
1647 2985 1983 3050 consisteret,

399 3065 539 3135 quod
573 3066 700 3121 nihil
731 3084 891 3138 grave
912 3085 1100 3140 passus
1127 3072 1215 3135 sit,
1240 3074 1332 3128 sed
1355 3075 1513 3128 etiam
1541 3077 1592 3128 in
1619 3091 1684 3130 eo
1707 3077 1848 3146 quod
1875 3077 1984 3131 cla-

399 3171 494 3212 rus
531 3158 582 3212 in
623 3158 854 3232 Egypto
881 3165 1126 3218 evaserit.
1157 3165 1380 3235 PrOpter
1404 3167 1520 3236 ejus
1558 3167 1700 3222 enim
1722 3168 1980 3236 justitiam

405 3247 596 3300 factum
625 3258 726 3312 est,
750 3259 810 3304 ut
838 3251 967 3306 nihil
989 3255 1272 3310 molestum
1303 3257 1376 3311 illi
1404 3256 1590 3322 ﬁeret;
1617 3268 1832 3328 propter
1853 3260 1983 3314 alio-

404 3350 524 3389 rum
553 3347 728 3392 autem
757 3341 1057 3407 utilitatem,
1080 3354 1138 3398 ut
1158 3344 1540 3401 admirabiliter
1565 3356 1620 3402 et
1647 3350 1838 3417 praeter
1863 3351 1981 3418 Opi-

406 3426 618 3480 nionem
651 3428 793 3484 illinc
828 3432 1046 3487 rediret.
1072 3433 1184 3490 Hoc
1213 3437 1265 3490 in
1305 3437 1473 3492 tribus
1519 3440 1695 3507 pueris
1718 3480 1733 3504 ,
1779 3440 1880 3494 hoc
1925 3441 1979 3496 in

403 3515 645 3572 leonibus
674 3520 897 3586 accidit,
933 3521 1031 3578 hoc
1057 3525 1110 3579 in
1137 3534 1256 3580 ceto
1298 3539 1351 3582 et
1382 3528 1444 3582 in
1477 3527 1642 3595 Jona,
1668 3539 1723 3584 et
1746 3531 1980 3601 undique

401 3620 578 3663 servat
606 3625 724 3666 cum
762 3615 1050 3686 miraculo,
1093 3633 1200 3674 non
1245 3623 1535 3692 quemlibet
1575 3625 1850 3693 absolute,
1883 3626 1976 3681 sed

398 3713 663 3758 sanctum.

468 3793 521 3845 7.
560 3794 739 3850 Vidisti
783 3801 1047 3868 quomodo
1089 3818 1209 3858 cum
1250 3805 1342 3861 Dei
1383 3809 1684 3878 cognitione
1721 3811 1786 3864 ad
1817 3809 1976 3864 vitam

397 3899 608 3954 quoque
653 3889 870 3957 probam
906 3893 922 3922 ¹
951 3892 1295 3962 exhortatur,
1345 3897 1545 3954 docens
1589 3917 1691 3954 non
1723 3901 1892 3954 solum
1924 3901 1976 3955 in

399 3973 492 4029 Dei
539 3978 859 4050 benignitate
881 4024 895 4048 ,
943 3984 1036 4038 sed
1085 3986 1136 4039 in
1167 3991 1504 4058 propriorum
1532 3995 1690 4048 etiam
1718 3996 1976 4050 factorum

399 4069 590 4124 virtute
627 4087 776 4141 spem
818 4076 1002 4130 salutis
1049 4081 1287 4146 ponere?
1335 4081 1581 4138 Dominus
1622 4087 1854 4140 exaudiet
1899 4103 1982 4154 me

397 4175 510 4213 cum
539 4162 817 4220 clamavero
837 4169 904 4219 ad
930 4185 1061 4222 cum.
1095 4170 1378 4241 Postquam
1407 4174 1536 4228 dixit
1558 4192 1616 4231 se
1640 4195 1758 4231 eun]
1787 4179 1979 4234 fecisse

394 4254 798 4324 admirabilem,
852 4277 956 4315 non
1009 4265 1061 4316 in
1109 4263 1190 4318 his
1231 4267 1503 4333 subsistit,
1545 4270 1636 4323 sed
1665 4272 1792 4325 dicit
1818 4273 1978 4327 etiam

391 4345 535 4398 aliud
550 4363 715 4418 genus
735 4351 1017 4407 felicitatis.
1049 4354 1325 4420 Quodnam
1344 4367 1518 4414 autem
1545 4359 1643 4415 hoc
1665 4371 1744 4415 est
1763 4363 1786 4415 ?
1814 4362 1976 4416 Deum

393 4433 591 4492 habere
619 4455 870 4510 perpetuo
892 4445 1186 4514 adjutorcm
1210 4491 1222 4512 ,
1254 4453 1622 4506 auxiliatorem
1645 4494 1658 4518 ,
1703 4464 1757 4509 et
1783 4454 1978 4524 ubique

395 4543 732 4598 pra-sentem.
779 4536 892 4590 Non
933 4542 1072 4593 enim
1111 4540 1213 4596 hoc
1251 4547 1413 4599 semel
1439 4587 1454 4610 ,
1487 4557 1578 4600 aut
1615 4548 1730 4614 bis,
1778 4561 1868 4603 aut
1899 4562 1978 4604 tct‘

393 4618 556 4684 facit,
603 4624 696 4677 sed
728 4639 979 4696 perpetuo
1002 4673 1016 4697 ,
1046 4633 1252 4702 inquit,
1283 4636 1324 4689 si
1354 4637 1524 4706 ipsum
1553 4640 1878 4696 invocemus.
1908 4643 1975 4698 Et

391 4713 514 4768 vide
557 4731 742 4771 rursus
790 4720 874 4774 hic
916 4723 1073 4777 etiam
1119 4728 1466 4784 celeritatem.
1514 4732 1970 4799 Quemadmodum

389 4807 530 4860 enim
571 4808 706 4863 dixit
749 4813 1033 4880 superius:
1078 4817 1203 4871 Cant
1242 4820 1558 4889 invocarem,
1600 4829 1852 4881 exaudivit
1895 4847 1973 4883 me

397 4897 526 4952 Deus
552 4901 781 4976 justititc‘
797 4919 920 4959 mea:
945 4901 968 4960 ε’
1003 4908 1071 4962 ita
1096 4912 1255 4964 etiam
1292 4911 1376 4968 hic
1396 4953 1412 4980 ,
1451 4914 1574 4970 Cum
1601 4917 1879 4974 clamavcro
1904 4922 1970 4974 ad

386 5004 522 5042 cum.

460 5080 562 5134 Cur
616 5087 760 5140 multi
810 5100 1070 5159 precantes
1131 5111 1231 5148 non
1286 5098 1579 5153 audiantur.
1619 5131 1692 5140 —
1739 5102 1971 5171 Quomo-

389 5171 454 5225 do
476 5189 620 5242 ergo,
655 5178 838 5247 inquit,
868 5186 1268 5242 nonaudiuntur
1298 5191 1760 5260 multi?Quoniam
1785 5206 1970 5265 petunt

387 5265 608 5323 inutilia.
651 5272 756 5327 'llic
790 5276 930 5330 enim
960 5280 1150 5334 melius
1183 5291 1264 5337 est
1300 5299 1402 5338 non
1450 5284 1612 5340 fuisse
1638 5288 1962 5354 exauditum,

383 5371 539 5424 quam
575 5364 882 5419 exauditum
927 5367 1106 5424 fuisse.
1139 5370 1313 5439 Quare
1352 5377 1558 5430 etiamsi
1597 5377 1963 5444 cxaudiamur,

385 5463 486 5503 non
527 5465 805 5527 proptetea
840 5457 1080 5512 lzetemur
1112 5479 1124 5514 :
1163 5465 1253 5518 sed
1280 5475 1334 5520 et
1361 5473 1573 5536 quando
1600 5485 1704 5523 non
1744 5471 1966 5526 exaudi-

384 5558 533 5609 tunr,
564 5547 685 5604 ideo
719 5550 882 5603 Deum
925 5552 1298 5620 glorificcmus.
1349 5559 1441 5616 Vel
1470 5562 1612 5618 enim
1643 5563 1844 5619 inutilia
1873 5579 1965 5635 pe-

444 5726 460 5756 ι
495 5734 632 5792 tteg.,
661 5728 726 5778 ad
750 5729 856 5780 cita)
879 5731 1188 5795 vigilantiam.

2087 428 2257 474 tentes
2273 437 2374 474 non
2390 423 2716 488 exandimnr,
2738 434 2922 480 etcum
2942 442 3044 482 non
3059 431 3357 500 accepimus
3371 432 3668 497 lucramur;

2085 514 2166 566 vel
2201 515 2526 584 negligenter
2564 517 2811 584 petimus,
2839 529 2895 574 et
2925 521 2975 573 in
3004 521 3145 576 dono
3175 523 3468 580 dill'erendo
3506 527 3666 590 Deus,

2086 614 2140 658 ut
2170 621 2265 659 nos
2309 607 2383 660 illi
2423 608 2788 674 assideamus,
2837 611 3090 666 solertem
3133 616 3226 669 init
3276 619 3579 674 rationem:
3617 629 3670 675 et

2087 694 2187 747 hoc
2213 695 2372 749 etiam
2415 713 2516 748 non
2554 707 2634 751 cst
2659 701 2904 768 exiguum
2933 702 3155 756 lucrum.
3209 705 3272 759 Si
3293 709 3424 761 enim
3453 724 3555 771 vos,
3583 709 3666 763 in-

2085 785 2231 852 quit,
2261 787 2416 838 nostis
2439 788 2559 840 dare
2584 788 2713 841 bona
2738 790 2860 843 data
2889 792 3008 859 ﬁliis
3028 797 3201 848 vestris
3223 797 3434 865 (Matth.
3466 801 3518 854 7.
3553 802 3664 871 ll).
3735 815 3746 828 '

2085 875 2251 928 multo
2294 877 2460 944 magis
2507 879 2644 931 Deus
2693 891 2870 935 noster
2907 885 2994 952 qui
3039 871 3140 940 scit
3188 887 3316 942 dare
3363 899 3416 943 et
3455 891 3672 960 quando

2084 964 2243 1030 dare,
2274 976 2328 1019 et
2355 968 2479 1035 quid
2507 969 2636 1023 dare
2673 980 2933 1040 oporteat.
2962 973 3091 1029 Nam
3124 977 3315 1034 Paulus
3344 981 3504 1034 etiam
3530 983 3666 1050 peti-

2086 1059 2179 1122 vit,
2211 1069 2264 1112 ct
2289 1075 2393 1114 non
2419 1063 2656 1130 accepit;
2690 1066 3056 1132 petebatenim
3075 1071 3270 1140 aliquid
3297 1074 3511 1130 inutile:
3541 1077 3666 1132 item

2088 1149 2259 1203 Moses
2279 1191 2292 1215 ,
2321 1167 2420 1205 nec
2447 1153 2518 1206 illi
2546 1154 2757 1220 quidem
2798 1157 2937 1212 Deus
2957 1163 3158 1215 annuit.
3187 1162 3262 1217 Ne
3285 1179 3412 1235 ergo
3439 1166 3668 1222 desista-

2088 1255 2206 1292 mus
2231 1280 2245 1303 ,
2277 1242 2486 1310 quando
2514 1260 2618 1298 non
2647 1248 2979 1314 exaudiatur,
3015 1267 3112 1306 nec
3138 1255 3345 1309 tristitia
3374 1255 3668 1312 afﬁciantur

2087 1339 2142 1384 et
2167 1338 2470 1399 torpcamus
2491 1375 2505 1399 ,
2542 1334 2635 1388 sed
2663 1337 2956 1392 assidentes
2985 1351 3038 1394 et
3083 1351 3321 1410 petentes
3361 1360 3668 1414 permanea-

2088 1436 2224 1473 nms.
2255 1424 2373 1492 Agit
2400 1425 2539 1478 enim
2569 1426 2708 1480 Deus
2733 1431 2908 1483 omnia
2931 1432 3152 1488 utiliter.
3193 1435 3244 1489 5.
3273 1435 3591 1502 Irascimini,
3620 1446 3666 1492 ct

2087 1511 2242 1564 nolite
2267 1529 2470 1581 peccare
2490 1531 2508 1567 :
2538 1532 2650 1583 qua:
2675 1517 2840 1572 dicitis
2864 1522 2916 1572 in
2947 1523 3180 1576 cordibus
3205 1527 3380 1580 vestris
3399 1567 3413 1591 ,
3450 1528 3504 1581 in
3527 1528 3671 1582 cubi-

2087 1603 2218 1657 libus
2248 1605 2417 1658 vestris
2447 1609 2859 1678 compungimini.
2907 1613 3057 1679 Quod
3087 1626 3210 1670 ante
3240 1617 3346 1672 dixi
3375 1658 3389 1682 ,
3433 1619 3482 1672 id
3509 1621 3668 1675 etiam

2089 1708 2232 1747 nunc
2259 1693 2398 1749 dico.
2439 1695 2568 1749 Nam
2598 1701 2715 1766 quia
2746 1701 2813 1754 ad
2846 1702 2936 1756 Dei
2972 1707 3326 1773 cognitionem
3350 1724 3444 1762 eos
3469 1719 3552 1764 est
3570 1711 3669 1765 dc-

2089 1784 2361 1848 ducturus,
2391 1787 2825 1847 liberatanimum
2854 1794 2918 1848 ab
2945 1797 3363 1864 mgriludinibus.
3387 1799 3496 1856 Scit
3523 1804 3666 1856 enim

2088 1875 2248 1928 vitam
2277 1888 2576 1946 corruptam
2609 1895 2729 1936 esse
2769 1883 3147 1953 impedimento
3167 1927 3180 1947 ,
3223 1890 3509 1957 quominus
3541 1891 3670 1946 sub-

2089 1966 2232 2021 limia
2253 1969 2498 2036 dogmata
2528 1987 2892 2042 assequamur.
2915 1977 3063 2044 Quod
3087 1981 3298 2050 quidem
3327 1983 3518 2037 Paulus
3539 2001 3670 2053 quo-

2089 2073 2194 2127 que
2228 2059 2454 2115 innitens
2492 2062 2702 2118 dicebat
2730 2087 2743 2118 :
2775 2065 2891 2120 Non
2925 2071 3062 2137 potui
3093 2072 3230 2140 loqui
3255 2074 3388 2126 vobis
3415 2085 3669 2144 tamquam

2087 2149 2469 2218 spiritualibus,
2513 2155 2604 2208 sed
2639 2163 2891 2228 tamquam
2934 2161 3221 2216 carnalibus
3247 2162 3322 2234 (Ι.
3355 2164 3471 2219 Cor.
3504 2167 3557 2220 '5.
3593 2167 3670 2238 1).

2091 2242 2154 2296 Et
2183 2256 2369 2298 rursus
2398 2261 2412 2296 :
2439 2243 2716 2317 Tamquam
2748 2249 3028 2318 infantibus
3050 2253 3102 2304 in
3138 2252 3340 2308 Christo
3359 2297 3376 2322 ,
3416 2256 3496 2309 lac
3535 2258 3672 2313 vobis

2087 2341 2262 2403 potum
2295 2333 2449 2398 dedi,
2482 2352 2583 2391 non
2620 2339 2781 2392 cibum
2811 2339 2973 2410 (Ibid.
3002 2357 3050 2395 v.
3081 2341 3158 2414 2).
3211 2343 3277 2398 Et
3324 2361 3510 2400 rursus
3541 2364 3554 2401 :
3589 2346 3665 2401 De

2085 2440 2184 2493 quo
2206 2434 2276 2478 est
2303 2425 2443 2480 nobis
2471 2428 2655 2483 multus
2677 2447 2840 2484 sermo
2861 2432 3112 2502 explicata
3136 2434 3361 2504 difﬁcilis
3385 2452 3406 2500 ,·
3431 2437 3670 2504 quoniam

2087 2519 2202 2572 estis
2232 2519 2424 2573 hebetes
2464 2523 2639 2576 auditu
2667 2523 2848 2593 (Hebr.
2885 2525 2936 2580 5.
2970 2526 3082 2597 11).
3137 2526 3205 2582 Ει
3251 2528 3414 2583 Isaias
3439 2543 3667 2590 rursus;

2092 2606 2288 2668 Quaerit
2313 2626 2390 2662 me
2422 2613 2634 2680 populus
2654 2614 2774 2676 iste,
2817 2624 2863 2667 et
2901 2616 3026 2669 scire
3052 2619 3156 2671 vias
3185 2634 3321 2672 meas
3346 2620 3555 2689 cupiunt
3574 2661 3588 2685 ,
3615 2629 3672 2673 ut

2095 2697 2312 2765 p0pulus
2337 2701 2422 2766 qui
2435 2702 2688 2768 justitiam
2713 2707 2920 2773 fecerit,
2958 2717 3004 2760 et
3037 2707 3125 2762 Dei
3145 2710 3396 2776 judicium
3424 2727 3522 2765 non
3547 2711 3672 2765 reli-

2094 2789 2256 2852 querit
2299 2787 2465 2858 (Isai.
2511 2791 2598 2845 58.
2628 2792 2707 2862 2).
2753 2794 2818 2848 Et
2859 2794 2997 2850 Osee
3028 2816 3041 2850 :
3073 2799 3330 2854 Sentinate
3373 2802 3508 2855 vobis
3547 2803 3672 2872 ipsis

2093 2880 2148 2931 in
2177 2881 2462 2948 justitiam,
2502 2882 2786 2938 illuminate
2829 2887 2989 2939 lucem
3028 2891 3327 2959 cognitionis
3369 2891 3542 2963 (Osee.
3579 2894 3668 2946 10.

2095 2969 2208 3038 12).
2239 2970 2304 3024 Et
2331 2969 2574 3026 Christus
2606 2973 2807 3029 docens
2835 2974 3044 3030 dicebat
3073 2994 3085 3029 :
3121 2977 3300 3032 Omnis
3325 2981 3412 3049 qui
3440 2982 3574 3034 mala
3595 2984 3675 3049 fa-

2091 3061 2189 3127 cit,
2228 3062 2334 3115 odit
2365 3063 2525 3116 lucem
2545 3104 2558 3126 ,
2607 3073 2653 3118 et
2689 3082 2787 3119 non
2816 3067 2944 3120 venit
2973 3069 3040 3120 ad
3065 3068 3224 3122 lucem
3253 3069 3436 3140 (Joan.
3469 3061 3520 3126 3.
3551 3071 3671 3140 20).

2090 3151 2159 3206 Et
2185 3169 2369 3208 rursus
2399 3169 2414 3207 :
2451 3154 2714 3219 Quomodo
2761 3158 2963 3226 potestis
3006 3160 3206 3212 credere
3226 3203 3239 3224 ,
3281 3161 3497 3231 gloriam
3522 3179 3552 3214 a
3584 3178 3672 3214 vo-

2089 3243 2162 3297 bis
2189 3244 2393 3298 invicem
2423 3247 2720 3316 accipientes
2743 3288 2756 3310 ,
2797 3256 2842 3300 et
2868 3248 3082 3318 gloriam
3123 3265 3235 3319 qua:
3260 3262 3331 3304 est
3361 3268 3392 3304 a
3424 3253 3532 3306 solo
3563 3251 3672 3307 Deo

2087 3349 2189 3386 non
2224 3344 2501 3402 quaerentes
2537 3334 2776 3406 (Joan.5.
2809 3337 2950 3408 44)?
2997 3337 3064 3392 Et
3109 3355 3295 3394 rursus
3327 3358 3339 3395 :
3377 3340 3499 3395 liazc
3527 3343 3668 3396 dice-

2085 3423 2206 3477 bant
2237 3434 2467 3494 parentes
2490 3427 2632 3496 ejus,
2680 3428 2796 3495 quia
2823 3428 3058 3482 timebant
3085 3428 3293 3484 Judaeos
3313 3473 3330 3496 ,
3361 3449 3423 3487 ne
3449 3434 3672 3502 expelle-

2085 3525 2258 3568 rentur
2293 3531 2344 3594 a'
2367 3532 2627 3588 synagoga
2659 3515 2850 3586 (Joan.
2879 3517 2933 3574 9.
2960 3518 3088 3589 22).
3140 3520 3207 3574 Et
3250 3535 3433 3577 rursus
3464 3541 3478 3577 :
3513 3522 3671 3579 Multi

2083 3617 2250 3660 autem
2285 3609 2603 3662 crediderunt
2630 3610 2681 3662 in
2710 3610 2876 3680 ipsum
2902 3652 2917 3675 ,
2947 3621 2993 3664 et
3019 3622 3222 3682 propter
3251 3611 3540 3670 Pharistsos
3565 3632 3667 3670 non

2084 3701 2449 3768 conﬁtebantur
2480 3700 2656 3774 (Joan.
2687 3703 2921 3775 12-42).
2966 3705 3033 3758 Et
3060 3706 3254 3776 ubique
3295 3707 3459 3762 videri
3496 3716 3670 3776 potest

2082 3792 2190 3845 vita
2233 3805 2481 3864 corrupta
2513 3795 2578 3848 ad
2607 3795 2993 3865 perfectionem
3023 3797 3326 3868 dogmatum
3358 3798 3549 3854 afferre
3572 3800 3670 3854 im-

2085 3885 2469 3954 pedimentum.
2519 3887 2978 3952 Quemadmodum
3020 3890 3160 3944 enim
3199 3891 3335 3945 lema
3376 3893 3670 3962 perspicuas

2084 3979 2358 4033 oculorum
2389 3979 2600 4048 pupilla:
2629 3979 2865 4034 insidens
2902 3981 2954 4034 id
2994 3982 3133 4050 quod
3165 3983 3392 4037 illustrat
3418 3982 3670 4038 obscurat

2083 4080 2138 4124 et
2169 4070 2515 4132 obtenebrat,
2556 4071 2627 4122 ita
2675 4070 2836 4123 etiam
2870 4071 3155 4139 cogitatio,
3195 4089 3352 4142 quam
3383 4073 3588 4129 obsedit
3613 4083 3668 4130 et

2083 4163 2363 4230 occupavit
2384 4160 2568 4214 vitiant
2590 4201 2605 4226 ,
2632 4160 2946 4214 obtenebrat
2972 4171 3200 4217 mentem
3227 4173 3282 4216 et
3307 4175 3558 4218 excusent.

2157 4249 2250 4304 Ira
2275 4267 2387 4322 qua:
2414 4251 2586 4316 licita;
2627 4252 2706 4306 ira
2732 4251 2799 4304 ad
2826 4251 2947 4322 quid
2971 4251 3128 4306 utilis.
3161 4251 3500 4321 [inpossibilia
3525 4271 3669 4312 nemo

2084 4345 2333 4416 praecipit.
2381 4343 2608 4399 Examen
2655 4344 2989 4398 conscientiam
3035 4373 3107 4383 —
3151 4344 3410 4413 Quocirca
3450 4359 3572 4400 cum
3613 4346 3667 4402 id

2084 4438 2242 4492 etiam
2272 4437 2428 4492 sciret
2455 4437 2710 4506 propheta
2733 4477 2747 4500 ,
2770 4436 2898 4491 dicit
2923 4455 2936 4491 :
2967 4436 3277 4503 lrascimini,
3300 4447 3346 4490 et
3366 4437 3520 4492 nolite
3546 4455 3668 4509 pec-

2081 4545 2215 4584 care.
2263 4528 2376 4583 Non
2416 4528 2557 4582 enim
2597 4528 2732 4582 tollit
2771 4529 2936 4593 iram;
2974 4538 3056 4583 est
3085 4545 3316 4598 namque
3354 4529 3535 4584 utilis:
3565 4544 3666 4587 nec

2080 4623 2343 4680 cxscindit
2388 4621 2832 4690 indignationem;
2867 4619 3084 4690 prodest
3107 4622 3253 4676 enim
3284 4621 3540 4678 adversus
3569 4637 3665 4679 eos

2077 4714 2166 4785 qui
2195 4714 2438 4785 injuriam
2465 4711 2728 4778 inferunt,
2761 4721 2814 4766 et
2857 4711 3112 4766 adversus
3155 4713 3522 4783 negligentes;
3566 4714 3660 4772 sed

2078 4807 2207 4860 iram
2235 4821 2353 4876 qua:
2379 4805 2572 4874 injuste
2600 4817 2843 4858 movetur
2865 4846 2879 4869 ,
2905 4815 2959 4858 et
2989 4805 3218 4859 furorem
3240 4848 3254 4871 ,
3286 4807 3374 4875 qui
3406 4807 3544 4864 nulla
3576 4824 3664 4862 ra-

2077 4902 2220 4954 tione
2253 4899 2474 4967 regitur.
2527 4897 2592 4951 Et
2632 4897 3079 4967 quemadmodum
3109 4897 3282 4952 Moses
3307 4911 3430 4953 cum
3461 4899 3514 4953 in
3545 4914 3661 4953 ser-

2075 5010 2286 5048 monem
2318 4993 2383 5046 de
2411 4991 2646 5044 moribus
2673 4990 2976 5055 incidisset,
3009 4991 3129 5046 hinc
3161 4990 3334 5060 primo
3355 4991 3486 5062 legis
3515 4990 3664 5044 ducit

2077 5087 2310 5145 initium,
2338 5084 2520 5137 dicens
2553 5100 2566 5136 :
2599 5083 2718 5136 Non
2745 5083 2940 5136 occides
2964 5083 3156 5154 (Exod.
3188 5083 3278 5137 20.
3312 5083 3401 5150 15)
3431 5100 3444 5134 :
3475 5082 3545 5135 ita
3573 5083 3662 5136 hic

2075 5178 2234 5232 etiam
2262 5191 2276 5240 ;
2312 5176 2417 5228 imo
2454 5189 2518 5228 eo
2543 5174 2768 5243 amplius
2793 5215 2807 5236 ,
2835 5189 2940 5244 quo
2974 5175 3143 5242 magis
3169 5173 3215 5226 ei
3241 5179 3357 5226 erat
3383 5180 3506 5224 nota
3536 5183 3660 5226 vera

2076 5269 2264 5338 pictas.
2295 5265 2386 5320 lllc
2411 5267 2552 5320 enim
2580 5266 2762 5320 evellit
2794 5265 3034 5319 ca‘dem:
3066 5265 3150 5314 hic
3187 5276 3311 5314 vero
3343 5260 3475 5314 iram
3496 5302 3510 5328 ,
3541 5275 3660 5331 qua:

2075 5359 2236 5414 caedis
2263 5368 2430 5410 mater
2449 5397 2464 5422 ,
2492 5355 2640 5410 radix
2669 5363 2722 5409 et
2747 5353 2865 5407 fons
2891 5363 2973 5408 est
3009 5351 3162 5416 mali,
3213 5349 3470 5420 reprimit.
3516 5352 3659 5420 Quo-

2074 5451 2214 5505 circa
2242 5449 2487 5502 Cbristus
2529 5448 2688 5500 etiam
2720 5446 2850 5498 iram
2883 5441 3245 5508 comprimens
3281 5457 3343 5498 ac
3377 5443 3656 5502 refrenans

2074 5545 2279 5600 diccbat
2312 5561 2324 5596 :
2357 5543 2456 5608 Qui
2485 5539 2719 5593 irascitur
2750 5532 2900 5600 fratri
2929 5550 3022 5588 suo
3047 5544 3226 5589 temere
3249 5578 3263 5602 ,
3291 5543 3382 5592 erit
3411 5542 3659 5597 obnoxius

2073 5641 2124 5694 in
2149 5639 2426 5709 gehennam
2457 5633 2587 5702 ignis
2621 5631 2831 5704 (Matth.
2861 5633 2913 5686 5.
2943 5628 3057 5702 22).
3107 5629 3293 5685 Vidisti
3321 5630 3512 5701 ubique
3539 5645 3652 5684 mo-

2071 5735 2196 5788 dum
2233 5745 2247 5786 :
2281 5726 2572 5784 lrascimiui
2597 5769 2610 5794 ,
2651 5734 2697 5780 et
2727 5724 2880 5780 Nolite
2920 5739 3142 5796 peccare.
3189 5722 3286 5791 Qui
3317 5724 3550 5776 irascitur
3575 5730 3652 5772 ts-
