4086 6214
473 289 538 346 8|
1235 288 1290 343 S.
1332 287 1609 344 JOANNIS
1637 285 2106 344 CIIRYSOSTOMI
2147 284 2461 342 ARCIIIEP.
2502 287 3036 347 CONSTANTINOP.
3679 297 3747 352 5‘2

483 416 648 460 mere;
685 399 810 456 licet
849 400 992 454 enim
1029 400 1353 469 etiainjuste
1383 401 1564 454 irasci.
1611 399 1745 454 Nam
1782 409 1836 454 et
1863 400 2058 453 Paulus

485 491 684 563 Etyma:
710 490 1013 546 succensuit
1041 491 1177 560 (Act.
1206 492 1319 560 l5),
1343 499 1395 545 et
1422 490 1608 544 Petrus
1628 489 1903 559 Sapphirze
1921 490 2058 560 (Act.

483 584 559 652 ὃ).
602 583 671 637 At
715 582 764 636 id
799 597 904 636 non
936 583 1066 637 iram
1093 582 1322 637 dixerim
1365 582 1642 647 absolute,
1692 581 1784 636 sed
1830 581 2062 650 philoso-

486 674 658 744 phiam
678 714 694 738 ,
722 688 905 727 curam
931 683 986 728 et
1010 672 1385 729 utconomiam.
1437 672 1684 728 Irascitur
1715 672 1873 726 etiam
1910 679 2061 739 pater

483 765 626 830 lilio,
663 763 766 820 sed
807 763 921 834 ejus
945 779 1126 818 curam
1156 778 1366 834 gerens.
1421 761 1510 816 Ille
1551 771 1756 817 temere
1792 761 2057 826 irascitur,

480 857 571 926 qui
593 857 824 925 seipsnm
861 856 1168 920 ulciscitur;
1209 854 1296 925 qui
1335 862 1515 908 autem
1545 853 1718 906 aliena
1749 851 1986 921 corrigit,
2017 852 2063 905 is

481 956 562 1000 est
590 948 826 1000 omnium
848 947 1324 1000 mansuetissimus.
1353 943 1483 998 Nam
1507 944 1648 998 Deus
1664 944 1822 999 etiam
1849 941 2063 1012 quando

481 1035 679 1088 dicitur
717 1033 904 1100 irasci,
951 1049 1055 1088 non
1085 1034 1317 1103 seipsum
1343 1031 1621 1086 vindicans
1660 1031 1931 1094 irascitur,
1967 1029 2062 1084 sed

483 1139 581 1178 nos
624 1125 914 1194 corrigens.
972 1123 1105 1178 Eum
1145 1139 1273 1192 ergo
1311 1136 1410 1177 nos
1435 1136 1644 1192 quoque
1674 1121 1961 1175 imitemur.
1988 1120 2063 1174 lla

481 1214 625 1268 enim
659 1214 879 1280 ulcisci,
925 1213 1160 1268 divinum
1205 1222 1322 1277 est;
1368 1212 1525 1266 aliter
1547 1227 1709 1278 vero,
1752 1212 2062 1266 humanum.

483 1306 586 1361 Sed
617 1305 758 1360 Deus
797 1321 902 1360 non
942 1320 1008 1360 eo
1050 1306 1221 1360 solum
1253 1320 1282 1360 a
1309 1304 1462 1360 nobis
1488 1304 1695 1369 dilfert,
1741 1303 1882 1374 quod
1922 1303 2065 1372 juste

486 1398 773 1460 irascatur,
810 1395 904 1450 sed
933 1396 1073 1466 quod
1111 1397 1162 1450 in
1197 1396 1304 1450 Deo
1330 1396 1406 1450 ira
1437 1411 1542 1450 non
1563 1396 1635 1450 sit
1663 1394 1823 1448 animi
1851 1401 2064 1464 pertur-

486 1488 648 1543 batio.
693 1488 801 1543 Nec
835 1503 932 1543 nos
959 1504 1086 1559 ergo
1116 1497 1317 1559 temere
1361 1490 1672 1544 irascamur.
1721 1487 1800 1542 lra
1842 1487 1984 1541 enim
2011 1487 2064 1540 in

487 1582 638 1636 nobis
666 1580 788 1636 ideo
825 1581 980 1640 insita
1026 1591 1135 1645 est,
1169 1596 1272 1635 non
1305 1590 1364 1636 ut
1392 1593 1668 1651 peccemus
1692 1620 1705 1642 ,
1738 1577 1830 1634 sed
1853 1588 1909 1632 ut
1935 1578 2068 1632 alios

488 1681 768 1740 peccantes
817 1671 1220 1743 prohibeamus;
1268 1687 1375 1727 non
1421 1682 1479 1726 ut
1527 1673 1599 1726 sit
1641 1671 1804 1724 animi
1849 1678 2062 1740 pertur-

485 1763 630 1816 batio
653 1774 706 1817 et
729 1761 984 1832 :egritudo
1001 1805 1017 1829 ,
1046 1762 1138 1817 sed
1173 1770 1230 1817 ut
1256 1763 1326 1816 sit
1347 1761 1718 1833 mgritudinum
1745 1758 2060 1816 remedium.

559 1856 613 1909 8.
643 1855 826 1924 Cogita
853 1855 992 1924 apud
1016 1864 1065 1908 te
1090 1871 1247 1925 quam
1276 1854 1347 1908 sit
1373 1855 1577 1924 insigne
1606 1854 1788 1908 vitium
1810 1893 1826 1916 ,
1853 1850 2066 1922 quando

489 1943 930 1998 medicamentum
970 1959 1234 1999 venenum
1275 1943 1534 2010 efficitur,
1565 1942 1775 2013 quando
1805 1957 1899 2012 per
1923 1940 2068 2012 quod

489 2036 712 2089 aliorum
755 2036 1059 2090 vulneribus
1102 2035 1420 2091 medendum
1447 2045 1563 2102 est,
1611 2051 1706 2106 per
1750 2034 1802 2088 id
1847 2035 2067 2088 vulnera

493 2125 778 2195 inlligimus
807 2143 822 2181 :
856 2126 1298 2194 quemadmodum
1339 2125 1383 2180 si
1425 2126 1545 2195 quis
1569 2132 1788 2194 accepto
1822 2121 1984 2189 ferro,
2012 2131 2070 2177 ut

492 2231 611 2286 qua:
657 2217 707 2270 in
747 2216 864 2270 aliis
890 2217 1180 2286 putrefacta
1208 2225 1333 2271 sunt
1354 2216 1635 2272 exscindat
1657 2256 1674 2282 ,
1722 2217 1956 2285 seipsum
1994 2225 2071 2269 te-

494 2321 640 2360 mere
680 2306 958 2373 concidat,
1009 2321 1068 2361 se
1095 2322 1191 2376 per
1232 2316 1398 2362 totum
1441 2319 1638 2376 corpus
1665 2305 1910 2360 saucians
1941 2321 1955 2358 :
1984 2303 2069 2366 vel

491 2399 816 2468 gubernator
868 2413 964 2468 per
1010 2400 1219 2453 clavum
1272 2398 1517 2469 cymbam
1570 2396 1916 2467 submergat,
1973 2409 2070 2465 per

491 2503 650 2557 quem
680 2497 955 2543 ventorum
979 2491 1228 2559 impetum
1254 2489 1534 2559 Oportebat
1559 2487 1828 2542 cohibere.
1873 2487 2062 2556 Hnjus-
2123 2485 2125 2489 ’

494 2577 636 2632 modi
665 2589 748 2633 est
773 2580 934 2633 etiam
972 2579 1046 2632 ira
1068 2619 1084 2644 ,
1123 2579 1250 2634 utile
1279 2580 1720 2646 instrumentum,
1750 2586 1808 2631 ut
1833 2587 2069 2631 nostram

492 2670 688 2725 excitet
735 2671 1178 2738 somnolentiam,
1227 2680 1283 2726 ut
1317 2671 1496 2726 animo
1524 2671 1759 2742 vigorem
1787 2670 1970 2737 indat,
2012 2677 2073 2724 ut

494 2777 594 2818 nos
621 2764 855 2818 acriores
881 2763 1104 2829 efficiat,
1134 2771 1190 2817 ut
1221 2778 1316 2832 pro
1346 2764 1428 2818 his
1455 2762 1789 2832 indignemur
1825 2761 1914 2830 qui
1944 2771 2069 2816 sunt

501 2854 676 2908 aﬂ‘ceti
705 2855 896 2923 injuria
919 2895 935 2920 ,
963 2863 1021 2908 ut
1045 2854 1111 2909 ad
1140 2868 1323 2924 poenas
1347 2855 1413 2909 de
1438 2855 1831 2909 insidiatoribus
1856 2869 2073 2908 sumen-

491 2946 588 3001 das
608 2963 706 3003 nos
726 2958 952 3002 moveat.
983 2947 1057 3002 Ea
1082 2947 1148 3002 de
1172 2962 1328 3001 causa
1349 2945 1506 3002 dicit:
1525 2944 1833 3008 Irascimini,
1855 2955 1899 2998 et
1919 2946 2074 3000 nolite

494 3054 717 3106 peccare.
763 3037 917 3105 Quod
945 3038 990 3091 si
1018 3037 1120 3092 hoc
1147 3037 1259 3091 fieri
1289 3053 1393 3091 non
1430 3046 1608 3106 posset
1631 3077 1646 3102 ,
1691 3036 1906 3090 minime
1935 3049 2070 3104 pra:-

495 3131 740 3198 cepisset.
765 3129 892 3198 Qua:
919 3129 1060 3184 enim
1089 3128 1200 3183 fieri
1223 3142 1326 3183 non
1356 3137 1594 3196 possunt,
1622 3143 1782 3182 nemo
1811 3127 2068 3197 praecipit.

498 3222 688 3292 Legem
719 3223 894 3292 itaque
923 3222 1150 3276 atl'erens
1177 3220 1552 3290 apostolicam,
1585 3228 1640 3275 et
1683 3219 2069 3288 philosophiam

497 3313 873 3380 evangelicum,
901 3327 1020 3366 cum
1045 3311 1229 3365 eadem
1256 3311 1475 3364 dixisset
1493 3325 1612 3378 qua:
1639 3309 1898 3373 Christus,
1914 3310 2070 3364 aliam

495 3404 676 3472 adjicit
703 3404 1115 3458 admonitionem
1143 3444 1158 3467 ,
1197 3419 1316 3473 quin
1355 3403 1433 3458 sic
1471 3389 1636 3457 dicit:
1668 3403 1796 3470 Qute
1821 3402 1986 3456 dicitis
2017 3404 2072 3457 in

495 3495 728 3548 cordibus
754 3497 946 3562 uestris,
975 3495 1030 3548 in
1050 3493 1294 3548 cubilibus
1313 3494 1484 3547 vestris
1505 3493 1916 3563 compungimini.
1935 3493 2072 3560 Quid

497 3587 742 3655 estquod
782 3586 978 3640 dictum
1007 3587 1126 3640 est?
1181 3585 1399 3638 Videtur
1433 3584 1574 3637 enim
1609 3597 1728 3638 esse
1765 3569 2068 3638 obscurum.

500 3677 626 3730 Post
649 3691 856 3731 etenam
877 3717 892 3740 ,
922 3675 1122 3746 inquit,
1149 3674 1362 3745 quando
1401 3674 1488 3730 itis
1517 3673 1832 3737 dormitum,
1860 3673 2072 3743 quando

499 3768 627 3821 estis
665 3766 958 3821 decubituri
983 3807 999 3832 ,
1048 3775 1101 3820 et
1143 3766 1290 3820 nullo
1332 3773 1593 3834 praesente
1623 3765 1789 3818 multa
1816 3764 1986 3834 quies,
2019 3773 2075 3820 et

502 3860 712 3915 nemine
755 3859 1140 3914 interturbante
1187 3855 1444 3926 profunda
1489 3855 1872 3926 tranquillitas,
1902 3857 2073 3912 excita

495 3949 750 4020 judicium
773 3959 874 4004 tuae
898 3948 1237 4004 conscientia:
1256 3989 1272 4014 ,
1303 3947 1370 4002 ab
1396 3947 1508 4017 ipsa
1537 3947 1792 4002 rationem
1817 3947 1990 4014 exige,
2021 3957 2076 4001 et

497 4048 617 4112 quae
643 4042 873 4097 interdiu
901 4041 1035 4096 mala
1085 4041 1271 4107 cepisti
1300 4039 1520 4095 consilia
1545 4079 1562 4105 ,
1616 4037 1699 4092 vel
1743 4035 1896 4092 dolos
1939 4053 2072 4093 con-

499 4142 748 4200 struens,
792 4132 872 4186 vel
919 4131 1272 4202 propinquum
1301 4128 1760 4194 circumveniens,
1788 4126 1871 4184 vel
1912 4142 2074 4198 prava

499 4223 764 4279 desideria
788 4223 1104 4291 suscipiens,
1137 4237 1199 4277 ea
1225 4236 1346 4275 cum
1369 4221 1421 4274 in
1453 4220 1594 4274 illius
1615 4219 1806 4289 quietis
1835 4227 2075 4288 tempore

498 4320 551 4374 iu
580 4319 808 4374 medium
837 4317 1142 4382 adduxeris,
1173 4325 1228 4369 et
1253 4313 1506 4382 improbis
1539 4313 1642 4367 illis
1669 4311 2076 4381 cogitationibus

494 4410 872 4465 conscientiam
896 4408 1128 4478 judicem
1150 4406 1382 4472 dederis,
1402 4419 1494 4460 eas
1520 4403 1688 4458 fodica
1708 4413 1762 4458 et
1783 4403 1999 4472 dilania,
2023 4413 2077 4459 et

493 4500 563 4556 de
586 4501 663 4556 eis
690 4515 900 4569 pinnam
923 4513 1074 4554 sume
1092 4540 1108 4565 ,
1139 4506 1325 4567 torque
1348 4496 1718 4566 cogitationem
1744 4510 1865 4564 quae
1888 4509 2075 4558 pecca-

496 4591 590 4644 vit.
642 4590 697 4645 Id
738 4590 880 4646 enim
919 4589 1020 4642 sibi
1064 4588 1177 4642 vult
1211 4585 1338 4642 illud
1366 4603 1380 4640 :
1413 4585 1850 4657 Compungimini,
1883 4599 1982 4655 pro
2009 4599 2076 4640 eo

495 4679 637 4749 quod
661 4687 776 4744 est,
806 4679 1026 4748 Pungite
1044 4717 1060 4743 ,
1099 4678 1366 4732 stimulate
1390 4693 1508 4747 qua:
1533 4677 1586 4732 in
1613 4675 1867 4732 cordibus
1885 4677 2076 4732 vestris

424 4805 426 4807 ›
495 4771 704 4827 dixistis
745 4771 973 4826 interdiu
1003 4788 1016 4825 :
1048 4769 1151 4825 hoc
1185 4779 1286 4837 est,
1328 4770 1467 4824 mala
1499 4785 1616 4837 quae
1653 4769 1924 4839 cogitastis
1947 4784 2076 4823 cou-

495 4868 610 4924 silia
636 4909 651 4933 ,
693 4882 756 4923 ea
786 4867 841 4922 in
881 4865 1142 4922 cubilibus
1166 4865 1375 4931 vestris,
1408 4865 1460 4919 in
1496 4874 1734 4934 tempore
1761 4863 1903 4918 illius
1927 4862 2079 4932 quie-

495 4962 562 5016 tis
583 4961 786 5032 pnnite,
810 4961 862 5014 in
884 4974 945 5014 ea
967 4958 1371 5015 animadvertite
1400 4976 1416 5012 :
1441 4956 1654 5028 quando
1678 4971 1848 5027 neque
1873 4956 2076 5011 amicus

495 5053 830 5118 interturbat,
855 5067 954 5108 nec
974 5051 1204 5112 famulus
1231 5051 1417 5116 irritat,
1443 5067 1542 5107 nec
1567 5051 1719 5107 turba
1743 5051 2074 5118 negotiorum

497 5154 686 5215 urget,
733 5152 858 5199 tunc
883 5143 1006 5197 vita:
1035 5143 1265 5197 interdiu
1302 5151 1435 5197 actm
1460 5142 1720 5198 rationem
1754 5142 1966 5212 exigite.
2013 5141 2078 5195 Et

495 5251 593 5290 cur
619 5252 724 5291 non
749 5235 918 5301 dixit,
969 5234 1253 5290 verborum
1282 5242 1337 5289 et
1366 5233 1624 5289 factorum
1650 5273 1665 5298 ,
1698 5231 1790 5287 sed
1818 5231 2077 5288 malarum

496 5329 908 5398 cogitationum?
956 5327 1070 5384 Hoc
1112 5328 1314 5382 docens
1351 5341 1420 5381 ex
1473 5324 1782 5380 abundanti.
1831 5323 1888 5379 Si
1931 5323 2078 5378 enim

497 5419 635 5472 mala
663 5430 785 5474 sunt
808 5419 1110 5490 castiganda
1131 5417 1373 5484 consilia,
1396 5427 1579 5472 utnon
1611 5416 1664 5471 in
1693 5429 1826 5486 opus
1849 5423 2076 5470 exeant:

497 5509 667 5563 multo
703 5512 870 5580 magis
912 5526 1008 5579 pro
1046 5511 1197 5566 factis
1222 5520 1277 5566 et
1300 5508 1458 5565 dictis
1481 5514 1693 5577 oportet
1717 5505 1839 5576 angi
1875 5504 2075 5561 animo.

500 5598 626 5654 llaec
673 5600 802 5654 fiant
844 5601 1064 5672 singulis
1111 5602 1335 5666 diebus,
1383 5615 1481 5656 nec
1520 5599 1666 5668 prius
1703 5597 2018 5661 dormieris,
2045 5609 2080 5650 ο

502 5693 685 5760 homo,
713 5707 872 5764 quam
899 5702 1078 5750 mente
1107 5693 1403 5749 versaveris
1427 5705 1544 5762 qua:
1565 5705 1594 5746 a
1623 5697 1672 5746 te
1698 5685 1926 5744 interdiu
1952 5700 2077 5759 per-

2168 414 2354 467 peram
2377 410 2494 455 acta
2520 412 2637 455 sunt
2675 419 2688 455 :
2719 413 2772 457 et
2795 403 2882 457 die
2903 405 3143 474 sequenti
3161 406 3271 461 eris
3299 410 3518 464 omnino
3547 411 3749 467 tardior

2165 489 2232 544 ad
2258 504 2319 544 ea
2365 491 2476 560 ipsa
2506 506 2689 546 rursus
2721 493 3096 562 aggredienda.
3150 497 3211 549 Et
3238 500 3380 566 quod
3413 498 3542 553 facis
3569 501 3622 554 in
3652 516 3742 569 pe-

2165 582 2318 634 cunia
2344 623 2360 648 ,
2411 597 2511 637 nec
2547 584 2678 638 sinis
2706 593 2765 639 ut
2788 582 2894 638 duo
2921 585 3037 640 dies
3076 598 3425 658 praetereant,
3474 593 3602 662 quiti
3627 608 3747 650 cum

2169 672 2364 728 famulo
2393 676 2651 730 rationem
2701 677 2847 731 ineas
2865 718 2882 743 ,
2925 693 2994 733 ne
3017 678 3382 736 confusionem
3413 682 3628 738 inducat
3650 685 3743 741 ob-

2167 766 2329 833 livio,
2376 765 2478 824 hoc
2517 769 2677 822 etiam
2722 770 2773 823 in
2811 770 3106 825 actionibus
3147 769 3232 826 fac
3264 772 3486 842 singulis
3513 773 3742 830 diebus:

2169 856 2377 924 vesperi
2423 857 2492 911 ab
2531 859 2707 912 anima
2752 855 3012 914 rationem
3038 859 3228 930 exige,
3273 869 3330 915 et
3370 863 3746 932 cogitationem

2168 960 2288 1014 qua:
2319 947 2555 1015 peccavit
2579 947 2872 1002 condemna
2895 965 2910 1015 ;
2937 963 3056 1004 eam
3092 949 3256 1004 veluti
3286 950 3429 1020 ligno
3457 953 3747 1022 suspende,

2169 1044 2438 1106 actorque
2458 1077 2474 1103 ,
2500 1047 2554 1092 et
2576 1037 2707 1106 jube
2729 1053 2796 1093 ne
2825 1039 3050 1108 amplius
3074 1053 3138 1094 ea
3157 1040 3512 1110 aggrediatur.
3561 1042 3748 1098 Vidisti

2171 1127 2425 1197 Optimam
2464 1127 2711 1184 medendi
2739 1130 3024 1198 rationem,
3054 1131 3323 1202 quomodo
3345 1141 3399 1188 et
3424 1148 3754 1203 przeservan-

2171 1219 2310 1273 tibus
2335 1228 2392 1273 et
2420 1221 2807 1291 corrigentibus
2847 1222 3255 1280 medicamentis
3281 1240 3407 1280 usus
3433 1235 3516 1280 est
3535 1226 3560 1278 ?
3605 1226 3750 1281 Pue-

2170 1313 2351 1382 cipere
2378 1313 2519 1368 enim
2551 1329 2618 1369 ne
2645 1314 2698 1368 in
2728 1326 2944 1383 peccata
2974 1315 3210 1382 incidas,
3245 1319 3616 1388 praeservantis
3643 1335 3755 1374 me-

2171 1401 2453 1458 dicamenti
2481 1404 2656 1459 locum
2687 1405 2911 1470 obtinet,
2941 1421 3149 1477 nempe,
3184 1406 3494 1472 Irascimini,
3524 1419 3570 1463 et
3597 1410 3753 1464 nolite

2172 1509 2419 1562 peccare:
2457 1493 2583 1548 illud
2611 1503 2825 1562 autem,
2859 1493 2986 1560 Quor
3006 1496 3171 1551 dicitis
3207 1498 3259 1550 it.
3293 1497 3526 1551 cordibus
3550 1499 3746 1564 vestris,

2171 1584 2225 1638 in
2276 1584 2524 1638 cubilibus
2552 1585 2726 1639 vestris
2767 1586 3162 1656 compungimini
3181 1627 3195 1650 ,
3228 1587 3562 1656 corrigentis.
3596 1587 3752 1642 Post-

2171 1689 2330 1744 quam
2375 1675 2518 1730 enim
2564 1675 2842 1744 peccavit,
2889 1674 3106 1730 adhibet
3129 1690 3314 1730 rursus
3343 1676 3749 1744 medicamenta,

2171 1765 2239 1819 ab
2285 1766 2400 1835 ipso
2445 1765 2533 1835 qui
2584 1766 2821 1835 peccavit
2866 1765 3081 1820 inducta
3128 1765 3410 1819 medicina.
3471 1765 3578 1820 liae
3622 1779 3751 1836 ergo

2173 1867 2383 1912 utamur
2430 1857 2726 1923 medicina,
2768 1873 2886 1929 qua:
2930 1857 3058 1912 nihil
3089 1856 3248 1911 habet
3275 1856 3490 1910 omnino
3518 1856 3747 1911 diflicul-

2174 1949 2315 2003 tatis.
2339 1948 2431 2004 Sin
2459 1955 2636 2003 autem
2661 1962 2768 2002 non
2795 1948 3022 2003 sustinet
3039 1947 3214 2000 anima
3238 1946 3540 2002 meminisse
3560 1961 3740 2016 pecca-

2173 2049 2345 2095 torum
2366 2080 2381 2105 ,
2418 2039 2741 2095 erubescens
2767 2046 2823 2094 et
2847 2037 3049 2108 pudore
3077 2037 3312 2103 suffusa;
3356 2036 3440 2091 die
3459 2037 3532 2090 illi
3557 2053 3571 2090 :
3602 2035 3743 2090 Nihil

2173 2132 2473 2198 lucrifacis,
2515 2132 2560 2186 si
2601 2145 2707 2186 non
2752 2131 3102 2186 memineris:
3148 2129 3242 2184 sed
3290 2143 3536 2198 magnum
3576 2129 3752 2196 potius

2173 2225 2424 2280 damnum
2453 2223 2671 2292 accipis.
2730 2222 2787 2278 Si
2829 2222 2973 2278 enim
2999 2236 3103 2276 non
3145 2235 3283 2274 nunc
3319 2219 3456 2288 apud
3486 2229 3536 2272 te
3563 2217 3753 2271 memi-

2175 2317 2318 2370 neris
2338 2355 2354 2382 ,
2401 2324 2528 2370 tunc
2563 2323 2685 2369 ante
2711 2313 2948 2368 omnium
2975 2311 3159 2367 oculos
3188 2319 3273 2364 tua
3302 2318 3602 2364 statuentur
3632 2321 3754 2376 pec-

2173 2420 2290 2464 cata
2320 2412 2358 2462 ί.
2390 2408 2444 2464 Si
2474 2418 2652 2463 autem
2679 2421 2818 2461 nunc
2842 2421 2903 2461 ea
2933 2403 3320 2475 supputaveris,
3349 2410 3401 2456 et
3428 2401 3496 2454 ab
3523 2399 3624 2454 illis
3645 2398 3756 2452 cito

2177 2499 2506 2562 liberaberis,
2537 2507 2589 2552 et
2617 2498 2670 2552 in
2695 2498 2796 2551 alia
2819 2511 2924 2550 non
2953 2495 3107 2550 facile
3133 2492 3357 2548 incides.
3386 2491 3578 2545 Anima
3607 2489 3754 2544 enim

2175 2589 2534 2659 vespertinum
2555 2588 2721 2643 verita
2739 2587 3018 2657 judicium,
3045 2600 3113 2640 ne
3137 2582 3380 2640 eamdem
3407 2595 3593 2636 rursus
3619 2579 3752 2634 sub-

2175 2691 2262 2736 eat
2302 2680 2619 2735 sententiam
2641 2720 2656 2746 ,
2685 2680 2730 2732 si
2778 2686 3085 2746 torqueatur
3113 2685 3167 2730 et
3202 2672 3526 2743 ﬂagelletur,
3564 2669 3754 2724 redde-

2177 2783 2265 2828 tur
2297 2773 2363 2828 ad
2411 2782 2683 2843 peccatum
2727 2769 2976 2824 tardior:
3007 2777 3062 2822 et
3104 2782 3171 2821 ex
3207 2780 3270 2820 ea
3310 2779 3368 2819 re
3412 2772 3615 2817 tantum
3655 2761 3760 2826 erit

2177 2864 2593 2918 emolumentum
2616 2901 2630 2924 ,
2672 2870 2730 2914 ut
2770 2859 2813 2913 si
2855 2857 2907 2912 id
2939 2871 3046 2911 uno
3073 2856 3190 2911 solo
3227 2868 3408 2908 mense
3452 2851 3755 2918 fecerimus,

2176 2955 2228 3009 in
2261 2953 2496 3023 perfecto
2539 2950 2750 3005 virtutis
2791 2948 2974 3002 habitu
3014 2960 3134 3000 nos.
3160 2945 3305 3014 ipsos
3350 2943 3754 2997 constituemus.

2175 3046 2251 3100 Ne
2271 3054 2471 3099 tantum
2501 3044 2676 3113 itaque
2707 3040 2903 3112 bonum
2927 3038 3336 3109 neglexerimus.
3359 3036 3459 3102 Qui
3490 3035 3630 3090 enim
3657 3033 3760 3088 hoc

2171 3136 2428 3207 judicium
2469 3133 2554 3189 hic
2596 3132 2880 3198 statuerit,
2925 3129 3146 3184 acerbas
3176 3128 3284 3182 illic
3320 3141 3505 3197 pinnas
3531 3139 3634 3179 non
3664 3123 3760 3178 da-

2179 3228 2272 3281 bit.
2317 3225 2377 3281 Si
2403 3225 2534 3280 enim
2563 3240 2654 3278 nos
2673 3225 2808 3295 ipsos
2823 3222 3204 3293 judicaremus,
3233 3235 3332 3272 non
3357 3217 3528 3287 utique
3547 3215 3757 3286 judica-

2175 3335 2344 3374 remur
2369 3334 2388 3373 :
2416 3335 2449 3371 α
2477 3317 2700 3372 Domino
2721 3325 2890 3369 autem
2909 3313 3130 3384 judicati
3155 3311 3414 3365 erudimur
3431 3350 3447 3374 ,
3481 3309 3666 3378 inquit,
3696 3323 3759 3360 ne

2175 3427 2292 3464 cum
2337 3409 2526 3463 mundo
2570 3406 2956 3462 condemnemur
2995 3403 3014 3472 (
3039 3404 3087 3458 ι.
3119 3401 3238 3456 Cor.
3268 3402 3356 3454 Η.
3387 3401 3476 3455 3|.
3503 3397 3632 3470 52).
3683 3397 3759 3452 Ne

2176 3517 2304 3572 ergo
2329 3501 2775 3565 condemnemur,
2813 3498 2917 3552 hoc
2944 3495 3219 3552 faciamus.
3264 3493 3319 3549 6.
3352 3491 3651 3561 Sacriﬁcate
3668 3507 3756 3545 sa-

2176 3595 2423 3664 crificium
2442 3593 2657 3664 justitia:
2688 3600 2735 3646 et
2757 3599 2956 3660 sperate
2985 3589 3038 3642 in
3062 3586 3301 3640 Domino.
3348 3583 3540 3639 Vidisti
3566 3595 3756 3636 conse-

2177 3686 2446 3756 quentiam
2477 3683 2664 3754 optimi
2689 3681 2935 3737 consilii?
2980 3677 3159 3734 vidisti
3192 3675 3479 3748 perfectam
3517 3671 3756 3727 admoni-

2177 3773 2419 3830 tionem?
2447 3775 2732 3844 Postquam
2763 3771 2907 3827 enim
2934 3775 3150 3839 propter
3180 3764 3396 3838 peccata
3425 3760 3751 3833 compunxit,

2177 3875 2234 3923 et
2281 3865 2348 3922 ad
2391 3853 2578 3921 eadem
2629 3877 2814 3919 rursus
2857 3858 3212 3932 aggredienda
3260 3856 3517 3913 tardiores
3558 3851 3752 3918 effecit,

2173 3957 2538 4030 judiciumque
2574 3955 2715 4025 quod
2741 3967 2846 4008 non
2875 3960 3049 4022 potest
3072 3947 3340 4018 corrumpi
3367 3938 3674 4008 constituit,
3702 3950 3759 3998 et

2177 4055 2301 4117 vita:
2327 4053 2590 4108 rationem
2616 4049 2830 4118 exegit,
2874 4047 2948 4102 ita
2973 4045 3041 4101 ad
3077 4042 3285 4099 virtutis
3325 4039 3635 4096 exercitium
3665 4034 3761 4090 de-

2177 4145 2342 4202 ducit.
2370 4143 2554 4214 Neque
2572 4141 2716 4197 enim
2745 4137 2938 4194 sufﬁcit
2958 4137 3050 4192 sia
3073 4133 3227 4188 malis
3249 4130 3629 4192 abstineamus,
3661 4127 3760 4180 sed

2179 4244 2392 4307 oportet
2411 4235 2570 4290 etiam
2597 4231 2767 4287 bonos
2802 4242 2951 4284 actus
2979 4225 3255 4282 accedere.
3305 4219 3564 4289 Quocirca
3594 4217 3760 4273 etiam

2180 4326 2527 4400 progrediens
2549 4323 2831 4386 admonet,
2861 4319 3044 4374 dicens
3073 4333 3086 4369 :
3119 4314 3330 4368 Declina
3350 4327 3382 4365 α
3405 4310 3648 4400 ηιαιομξι
3675 4311 3762 4378 [ac

2181 4399 2364 4473 bonum
2396 4414 2566 4488 (Ρεαι.
2593 4414 2682 4469 35.
2715 4409 2827 4484 isi).
2879 4409 2994 4464 Non
3019 4406 3192 4460 solum
3220 4404 3362 4459 enim
3403 4399 3764 4470 improbitatis

2179 4508 2320 4563 actio
2339 4547 2354 4572 ,
2380 4506 2478 4561 sed
2505 4505 2665 4561 etiam
2691 4519 2721 4556 a
2747 4503 2940 4556 virtute
2968 4494 3199 4552 cessatio
3221 4535 3236 4560 ,
3266 4501 3327 4548 ut
3353 4491 3656 4562 puniamur,
3683 4489 3767 4544 ef-

2182 4601 2309 4654 ficit.
2350 4597 2480 4652 Nam
2510 4604 2567 4652 et
2593 4596 2667 4650 illi
2705 4593 2792 4664 qui
2838 4591 3158 4648 esurientem
3202 4601 3307 4641 non
3355 4593 3650 4656 paverunt.
3697 4596 3766 4638 ac

2182 4689 2381 4745 sitienti
2418 4695 2600 4758 potum
2629 4701 2732 4742 non
2771 4683 3069 4746 dederunt,
3100 4687 3155 4734 et
3181 4681 3272 4749 qui
3309 4675 3509 4732 nudum
3538 4690 3642 4729 non
3667 4688 3764 4726 ve-

2182 4783 2410 4838 stierunt
2437 4777 2646 4848 (Matth.
2676 4777 2767 4832 25.
2795 4775 2883 4830 42.
2913 4771 3076 4843 seqq.)
3097 4811 3114 4838 ,
3143 4786 3248 4825 non
3281 4767 3438 4824 furati
3467 4774 3589 4822 sunt
3611 4805 3626 4829 ,
3659 4777 3764 4818 nec

2182 4873 2326 4928 avari
2362 4870 2611 4936 fuerunt,
2640 4883 2740 4924 nec
2777 4867 2916 4922 bona
2957 4864 3130 4918 aliena
3161 4869 3448 4932 rapuerunt
3478 4876 3492 4912 :
3519 4854 3614 4912 sed
3637 4855 3765 4926 quia

2183 4979 2290 5019 non
2321 4963 2562 5018 fecerunt
2580 4945 3014 5030 eleemosynam‘,
3040 4963 3323 5025 propterea
3348 4963 3516 5022 ptume
3543 4947 3766 5002 immor-

2186 5057 2274 5112 tali
2301 5055 2611 5118 traduntur,
2637 5059 2694 5106 et
2719 5047 2980 5119 supplicio
3008 5045 3159 5115 cujus
3185 5045 3360 5099 nullus
3385 5049 3468 5096 est
3493 5039 3632 5094 finis.
3683 5037 3764 5092 Ex

2183 5160 2290 5218 quo
2319 5143 2663 5212 intelligimus
2683 5180 2698 5205 ,
2745 5138 3019 5194 abstinere
3048 5150 3078 5189 a
3106 5133 3259 5189 malis
3299 5145 3404 5186 non
3447 5144 3568 5185 esse
3610 5127 3768 5182 nobis

2186 5238 2500 5310 principium
2527 5231 2714 5288 salutis
2739 5232 2794 5294 ³,
2845 5229 2946 5284 nisi
2983 5227 3124 5282 adsit
3161 5226 3320 5282 etiam
3347 5224 3611 5280 bonorum
3643 5233 3766 5291 pos-

2184 5330 2351 5386 sessio
2373 5369 2388 5394 ,
2419 5335 2474 5382 et
2499 5322 2709 5380 virtutis
2733 5320 2892 5376 actio.

2251 5507 2268 5538 ι
2304 5512 2442 5566 neg.,
2459 5497 2797 5552 anteonutium
2838 5497 3000 5548 oculos
3021 5496 3165 5549 stabit
3195 5492 3281 5548 tibi
3303 5486 3510 5543 tribunal
3526 5494 3610 5538 tua
3635 5497 3768 5537 cont-

2184 5566 2482 5632 prehendent
2505 5567 2721 5632 ρεεωςαο

2747 5625 2870 5690 ἀρχῇ
2904 5621 3143 5690 σῳτηρῇας
3183 5621 3315 5682 ἡμῖν.
3359 5616 3642 5690 interpres,
3681 5613 3772 5690 qui

2195 5689 2364 5753 vertit,
2391 5699 2484 5740 non
2505 5680 2624 5738 satis
2648 5691 2721 5738 est
2745 5680 2882 5738 nobis
2905 5683 2971 5735 ad
3004 5680 3228 5742 salutem,
3251 5693 3343 5731 non
3365 5680 3487 5741 ἀρχὴ
3512 5680 3772 5742 σωτηρίας,
